2026 3123
149 205 203 233 555

150 261 185 288 τὰ
196 260 243 288 τοῦ
261 261 367 297 [ἰατρὸς
378 263 391 289 ό
404 263 475 295 Υἱὸς,
491 264 513 290 εί
533 264 576 290 διὰ
588 264 667 292 τοῦτο
681 265 789 294 ἔλαττον
805 267 877 302 ἔχειν
891 269 940 303 τῆς

690 209 722 236 IN
748 210 892 238 JOANNIS
913 211 1138 242 EVANGELIUM
1159 215 1221 243 LIB.
1240 217 1271 245 ll.

1725 225 1778 254 554

956 271 975 300 Α
992 270 1198 300 consideremus
1215 279 1308 302 autem
1326 283 1423 306 rursus
1441 279 1519 307 aliter
1533 287 1568 307 an
1592 280 1651 309 Filii
1677 287 1777 310 natura

152 306 211 342 Pan;
230 308 268 339 ὡς
295 309 361 343 πρὸς
387 309 467 336 αὑτὸν
497 310 586 345 ἰσχύος
621 311 857 347 ἀπολιμπάνεται;
886 314 925 340 Κο

995 312 1076 342 Patre
1091 317 1178 350 possit
1194 325 1256 345 esse
1270 319 1393 354 inferior,
1405 323 1516 352 virtutis
1532 329 1558 352 et
1573 328 1716 360 potestatis
1732 337 1775 355 ra-

149 353 235 379 ταῦτα
256 354 306 389 μὲν
323 355 399 389 ἡμῖν,
423 356 460 387 ὡς
489 357 521 382 ἐκ
548 357 594 383 τοῦ
618 358 798 393 προκειμένου
824 360 892 394 πρὸς
910 361 941 386 τὸ

149 398 237 433 παρὸν
252 399 355 435 ἐλήφθη
371 400 454 435 ῥητοῦ
465 410 472 416 ·
488 402 587 437 ἴδωμεν
601 403 628 429 δὲ
640 403 720 431 πάλιν
731 404 777 431 καὶ
791 405 823 431 δι’
839 406 939 439 ἐτέρων

150 442 234 474 ἰόντες
243 442 437 478 θεωρημάτων,
451 446 474 471 ει
486 446 639 481 ἐπιδέχεταί
656 456 700 474 ποι
715 447 746 474 τὸ
762 449 790 475 ἐν
804 449 938 484 δευτέροις

147 485 218 514 εἶναι
242 488 288 514 τοῦ
315 490 421 524 Πατρὸς
448 492 464 526 ἡ
491 491 536 518 τοῦ
562 492 626 519 Υἱοῦ
653 494 751 528 φύσις·
782 495 936 529 προκείσθω

146 533 174 559 δὲ
197 534 298 568 ὁμοίως
311 536 377 570 ἡμῖν
400 536 414 562 ὁ
438 537 502 571 περὶ
522 537 662 573 δυνάμεως
679 539 766 573 λόγος.
781 538 854 575 τΑρα
871 540 936 568 Θεὸν

146 580 178 606 ἐκ
192 580 258 607 Θεοῦ
274 582 344 608 κατὰ
359 582 439 616 φύσιν
450 584 497 610 καὶ
517 584 651 619 ἀληθινὸν,
665 587 712 613 καὶ
733 587 763 613 ἐκ
783 588 832 622 τῆς
843 587 937 619 οὐσίας

145 628 162 663 ἢ
182 627 248 654 Θεὸν
265 629 314 662 μὲν
328 627 397 655 εἶναι
414 631 490 664 φασὶ,
507 631 536 657 τὸ
561 631 588 657 δέ
605 632 764 667 ἐξῳκεῖσοαι
778 634 827 670 τῆς
839 634 932 666 οὐσίας

180 675 212 701 Εἰ
226 675 274 710 μὲν
288 673 332 702 οὖν
348 676 397 702 οὐκ
413 677 445 703 ἐκ
459 679 507 712 τῆς
518 678 612 710 οὐσίας
622 679 667 705 τοῦ
685 681 791 716 Πατρὸς
807 679 876 708 εῖναι
890 681 934 707 λέ-

146 729 239 754 γουσιν
251 721 340 754 αὑτὸν,
357 721 417 748 οὔτε
432 723 496 754 Θεὸς
512 723 586 751 ἔσται
601 725 670 752 κατὰ
685 725 775 759 φύσιν,
792 726 853 753 οὔτε
867 727 934 759 Θεὸς

145 766 280 801 ἀληθινός.
307 767 335 793 '0
349 767 403 802 γὰρ
421 767 457 803 μὴ
475 770 506 795 ἐκ
521 769 587 796 Θεοῦ
612 770 682 797 κατὰ
699 771 779 805 φύσιν
792 771 931 807 ὑπάρχων,

145 811 240 838 οὐδ’ἆν
253 812 320 843 ὅλως
332 814 417 839 νοοῖτο
430 814 499 840 κατὰ
514 816 593 848 φύσιν
609 815 685 848 Θεὸς,
697 816 757 843 οὐδὲ
769 817 841 849 Υἱὸς,
855 818 879 843 εἰ
894 817 931 853 μὴ

144 856 177 882 ἐκ
191 857 239 892 τῆς
259 857 352 889 οὐσίας
375 859 504 895 ἐγεννήθη
526 860 574 886 τοῦ
597 861 713 897 Πατρός⁶
734 862 808 889 νόοον
822 863 850 890 δὲ
866 865 932 899 ἡμῖν

144 903 191 928 καὶ
208 903 362 938 πρόσφατόν
381 913 441 931 τινα
457 907 652 941 παρεισάγουσι
665 908 741 935 Θεόν.
762 909 793 935 EE
810 909 839 936 δέ
852 909 930 936 τοῦτο

145 949 194 983 μὲν
215 949 265 975 οὐκ
286 950 388 985 ἐροῦσι,
410 950 457 986 τὴν
475 953 503 978 ἐν
519 954 574 984 τοῖς
593 954 702 985 οἰκείοις
721 954 852 990 δόγμασιν
869 956 930 982 ἀτο-

142 994 209 1020 πίαν
229 994 450 1030 ἐρυθριάσαντες,
476 997 589 1024 δώσουσι
606 998 632 1024 δὲ
654 999 761 1034 ἀληθῶς
777 1002 808 1026 ἐκ
824 1001 930 1035 Πατρὸς

142 1040 276 1074 ὑπάρχειν
294 1041 339 1067 τὸν
359 1042 508 1077 Μονογενῆ,
531 1044 578 1070 καὶ
596 1041 667 1070 εἶναι
682 1045 747 1071 Θεὸν
762 1046 832 1072 κατὰ
849 1046 929 1080 φύσιν

141 1085 188 1111 καὶ
201 1085 335 1120 ἀληθινῶς
348 1094 355 1102 ·
371 1087 429 1118 πῶς
441 1087 469 1113 ὲν
483 1087 619 1115 ἐλάττοσιν
634 1088 708 1116 ἔσται
723 1090 768 1116 τοῦ
784 1091 928 1127 Πατρός,ῆ

142 1130 201 1161 πῶς
225 1131 349 1167 ἀτονήσει
372 1132 435 1168 περί
458 1141 494 1165 τι,
520 1134 566 1160 καὶ
588 1134 648 1169 οὐχὶ
669 1135 718 1170 τῆς
738 1135 783 1161 τοῦ
802 1136 928 1168 τεκόντος

140 1175 235 1208 οὐσίας
250 1178 434 1213 κατηγορήσει
447 1178 476 1204 τὸ
495 1180 628 1214 πρᾶγμας
654 1180 686 1206 Et
701 1180 754 1215 γὰρ
767 1180 834 1212 ὅλως
848 1181 928 1208 ἀσθε-

141 1222 195 1248 νεῖν
211 1222 347 1257 ἐνδέχεται
362 1223 407 1250 τὸν
425 1223 494 1250 κατὰ
512 1224 592 1258 φύσιν
611 1225 674 1252 ὄντα
688 1225 763 1258 Θεὸν,
780 1226 806 1252 τί
824 1226 855 1253 τὸ
871 1235 926 1253 κω-

138 1263 203 1293 λύον
215 1268 275 1294 ἐστὶ
286 1268 364 1295 τοῦτο
379 1269 473 1296 παθεῖν
491 1270 537 1296 τὸν
553 1270 672 1307 Πατέρα,
682 1272 795 1307 ἐχούσης
809 1272 882 1305 ἅπαξ
897 1273 927 1299 τὸ

139 1312 270 1339 δύνασθαι
291 1313 387 1340 παθεῖν
403 1317 453 1350 τῆς
467 1315 542 1347 θείας
555 1316 602 1342 καὶ⁴
616 1318 736 1353 ἀρρήτου
751 1318 865 1352 φύσεως,
880 1319 927 1346 καὶ

139 1357 225 1390 οὕτως
247 1359 298 1394 ⁸ἤδη
315 1359 478 1395 φαινομένης
499 1361 527 1387 ἐν
542 1361 599 1396 Υῐῷ
615 1362 685 1389 κατὰ
701 1363 745 1389 τὸν
760 1364 871 1390 ἐκείνων
883 1364 927 1391 λό-

139 1412 204 1438 γον;
229 1405 334 1431 Οὐκοῦν
351 1405 411 1432 οὐδὲ
432 1407 537 1439 amet;
560 1407 604 1434 διὰ
620 1408 698 1435 τοῦτο
718 1409 748 1436 τὸ
765 1409 845 1442 θεῖον,
868 1411 925 1437 ἀλλ’

138 1451 199 1477 οὐδὲ
213 1451 243 1477 ἐν
256 1451 400 1487 ταυτότητι
426 1453 472 1479 καὶ
488 1453 668 1490 ἀμεταϐλήτῳ
683 1455 802 1482 κείσεται
818 1457 925 1489 πάντως

140 1496 332 1532 μακαριότητι.
359 1495 425 1524 Εἶτα
444 1498 496 1530 τίς,
521 1499 582 1525 ειπέ
608 1508 662 1534 μοι,
684 1501 738 1527 τῶν
761 1502 794 1527 τὰ
815 1502 925 1529 τοιαῦτα

136 1542 303 1574 δοξαζόντων
316 1543 457 1576 ὰνέξεταις
474 1544 522 1576 Τίς
535 1544 573 1577 δὲ,
590 1546 639 1581 τῆς
650 1546 722 1578 θείας
734 1546 839 1583 βοώσης
853 1549 924 1584 Γρα-

135 1587 208 1622 φῆς,
233 1588 274 1614 ὅτι
294 1587 395 1623 Κύριος
418 1589 471 1615 τῶν
491 1590 632 1626 δυνάμεών
654 1592 726 1619 ἐστιν
747 1593 762 1618 ὁ
785 1593 865 1625 Υἱὸς,
893 1594 923 1620 οὐ

137 1635 343 1670 ωταναρκήσει
366 1635 468 1670 λέγων,
494 1636 676 1672 δυναμοῦσθαι
698 1638 808 1674 χρῄζειν
832 1640 922 1672 αὐτὸν,

137 1675 187 1705 καῖ
198 1680 284 1715 ἀτελῆ
299 1681 370 1707 κατὰ
382 1681 461 1708 τοῦτο
477 1682 618 1718 ὑπάρχειν,
636 1683 650 1710 ὃ
665 1684 767 1719 κυρίως
788 1685 835 1711 καὶ
853 1685 924 1721 μόνῳ

136 1725 284 1760 πρόσεστιν
298 1726 373 1762 αὐτῷ
387 1727 456 1762 μετὰ
469 1728 573 1763 Πατρὸς
589 1729 635 1755 καὶ
649 1729 727 1763 ἁγίου
746 1730 903 1765 Πνεύματος
915 1739 923 1763 ;

143 1770 216 1805 Ἐρεῖ
227 1771 256 1797 δὲ
267 1772 347 1798 πάλιν
356 1773 420 1806 ἡμῖν
436 1773 450 1798 ὁ
461 1772 494 1798 δι’
505 1773 637 1805 ἐναντίας
654 1775 732 1801 Κατὰ
743 1775 821 1802 τοῦτό
834 1784 923 1810 φαμεν

135 1814 317 1850 ὑπερκεῖσθαι
333 1816 381 1842 τοῦ
397 1817 461 1843 Υίοῦ
475 1817 520 1844 τὸν
535 1818 655 1854 Πατέρα.
679 1819 708 1846 '0
729 1820 778 1854 μὲν
793 1820 846 1856 γάρ
865 1822 923 1846 ἐστι

132 1860 189 1887 τῶν
203 1860 292 1896 ἔργων
305 1863 550 1897 προκαταρκτικὸς,
575 1864 613 1895 ὡς
630 1863 699 1899 ἔχων
714 1864 742 1891 ἐν
755 1874 785 1891 τε
799 1866 831 1900 τῇ
846 1865 924 1892 δυνά-

136 1914 181 1940 μει
197 1907 244 1932 καὶ
257 1907 285 1932 ἐν
299 1906 338 1942 τῷ
354 1907 443 1934 πάντα
462 1908 561 1934 εἰδέναι
577 1909 607 1934 τὸ
620 1909 722 1936 τέλειον
736 1917 743 1924 ⁶
757 1911 770 1936 ὀ
780 1910 807 1936 δὲ
824 1911 921 1945 πρότε-

135 1960 183 1987 ρον
204 1952 309 1985 γίνεται
336 1952 449 1989 οεατὴς,
476 1952 526 1980 εἷθ’
556 1954 642 1986 οὕτως
667 1955 785 1990 ἐργάτης
809 1958 858 1992 τῆς
874 1957 921 1984 τοῦ

132 1997 242 2032 Πατρὸς
258 1999 396 2034 ἐνεργείας
415 1999 632 2036 ἀναματτόμενος
646 2002 685 2033 εἰς
702 2002 796 2029 ἑαυτὸν
811 2002 859 2038 τὴν
878 2003 922 2037 μι-

134 2051 230 2078 μησιν,
247 2043 290 2070 ἴνα
305 2044 349 2072 διὰ
361 2046 409 2081 τῆς
425 2046 479 2073 τῶν
494 2046 582 2082 ἔργων
597 2047 764 2083 ὁμοιότητος,
778 2048 826 2075 καὶ
841 2049 922 2080 αὐτὸς

136 2089 228 2124 προῆται
245 2089 320 2122 Θεός.
338 2091 422 2118 Τοῦτο
439 2092 491 2128 γὰρ
510 2093 583 2128 ἡμᾶς
602 2093 754 2120 ἐκδιδάσκει
770 2094 867 2129 λέγων,
883 2094 921 2130 μὴ

131 2134 263 2162 δύνασθαι
277 2138 363 2163 ποιεῖν
384 2137 430 2172 ἀφ’
445 2139 540 2166 ἑαυτοῦ
557 2139 649 2174 μηδὲν,
672 2140 719 2166 ἐὰν
736 2141 772 2175 μή
785 2149 811 2167 τι
834 2140 919 2177 βλέπῃ

135 2181 178 2207 τὸν
192 2182 301 2217 Πατέρα
318 2183 454 2210 ποιοῦντα.
472 2184 505 2210 Τί
521 2184 584 2220 φὴς,
598 2182 620 2211 ὧ
636 2186 770 2221 πάντολμε
788 2186 819 2212 σύ
833 2194 840 2219 ;
864 2187 920 2222 Τῆς

130 2225 179 2252 τοῦ
196 2227 300 2262 Πατρὸς
323 2228 461 2263 ἐνεργείας
478 2229 661 2265 ἀναμάττεται
680 2231 744 2264 τοὺς
765 2231 867 2263 τύπους
880 2233 920 2263 εὶς

945 943 966 970 Β

993 360 1068 388 tione
1084 362 1213 390 similiter
1231 365 1311 393 nobis
1327 369 1480 402 proposita.
1498 371 1540 398 An
1557 371 1639 399 Detlm
1665 374 1698 401 de
1721 373 1777 402 Deo

992 407 1146 434 secundum
1171 413 1299 437 naturam
1324 419 1356 439 ac
1381 421 1492 445 rerum,
1516 419 1543 442 et
1567 417 1600 443 de
1625 419 1777 446 substantia

991 449 1082 479 Patris
1112 460 1207 481 revera
1237 463 1299 483 esse
1329 456 1451 486 fatentur
1476 459 1593 493 Filium,
1623 468 1668 490 aut
1692 463 1776 491 Deunt

990 497 1100 531 quidem
1120 507 1182 527 csse
1196 501 1309 535 dicunt,
1330 504 1376 531 sed
1405 512 1419 532 a
1446 505 1538 534 Patris
1567 508 1687 536 alienum
1714 517 1776 538 esse

990 543 1143 572 substantia
1160 547 1243 581 impie
1260 547 1391 577 addunt?
1463 544 1468 549 ’

957 588 1042 621 ὅντως
1067 592 1114 618 τοῦ
1141 593 1248 629 Πατρὸς
1267 596 1443 631 ὁμολογοῦσιν
1469 598 1603 635 ὑπάρχειν
1635 601 1679 628 τὸν
1701 602 1774 635 Υίὸν,

951 634 998 662 τοῦ
1013 637 1129 674 Πατρὸς,
1148 640 1349 675 δυσσεϐοῦντες,
1363 644 1576 679 προσάπτουσιν.

1023 683 1103 717 Quod
1120 686 1141 713 si
1164 687 1197 715 de
1221 688 1378 717 substantia
1404 689 1494 717 Patris
1517 690 1607 725 ipsum
1633 699 1686 719 non
1712 700 1774 720 esse

985 727 1097 760 dicunt,
1114 731 1194 766 217
1209 735 1298 767 neque
1312 732 1382 761 Deus
1396 735 1448 761 erit
1462 736 1613 762 secundum
1629 741 1771 771 naturam,

985 781 1073 809 neque
1098 775 1171 804 Deus
1195 785 1288 806 verus.
1312 779 1364 812 Qui
1387 780 1458 807 enim
1477 780 1509 807 de
1525 781 1581 808 Deo
1599 789 1653 808 non
1671 787 1712 810 est
1729 792 1772 811 se-

983 819 1105 847 cundum
1119 826 1265 857 naturam,
1284 832 1334 851 nec
1349 824 1421 852 Deus
1439 826 1534 860 utique
1551 827 1710 855 censebitur
1725 837 1771 856 sc-

982 865 1103 893 cundum
1120 872 1266 902 naturam,
1285 877 1374 905 neque
1391 870 1495 905 Filius,
1512 873 1565 900 nisi
1585 881 1618 900 ex
1638 874 1770 902 substan—

981 909 1018 937 tia
1034 910 1125 939 Patris
1140 914 1176 940 sit
1190 914 1317 948 genitus,
1342 916 1390 943 sed
1413 916 1584 945 adulterinus
1605 919 1715 953 quidam
1737 928 1770 947 ac

981 964 1070 984 navus
1087 957 1160 986 Deus
1175 960 1255 988 nobis
1271 961 1306 988 ab
1323 961 1391 996 ipsis
1407 963 1557 990 invehitur.
1575 963 1655 996 Quod
1673 965 1696 991 si
1715 965 1769 993 hoc

980 1002 1093 1031 minime
1109 1005 1218 1039 quidem
1236 1006 1335 1034 dicturi
1365 1011 1447 1041 sunt,
1471 1009 1551 1036 veriti
1579 1017 1692 1037 suorum
1719 1011 1769 1038 do-

980 1053 1100 1082 gmatum
1116 1050 1313 1078 absurditatem
1325 1072 1332 1084 ,
1347 1053 1393 1080 sed
1405 1052 1558 1080 concedent
1570 1061 1632 1082 vere
1644 1062 1675 1082 ex
1687 1054 1767 1083 Patre

981 1091 1157 1129 Unigenitum
1175 1097 1327 1128 exsistere.
1350 1101 1378 1124 et
1401 1099 1553 1126 secundum
1579 1104 1708 1127 naturam
1734 1108 1767 1128 ac

978 1146 1042 1167 vere
1058 1139 1143 1167 Deum
1163 1149 1243 1169 esse:
1262 1143 1400 1177 quomodo
1413 1142 1494 1171 Patre
1511 1145 1602 1172 minor
1624 1146 1694 1179 erit,
1719 1151 1767 1174 aut

978 1186 1130 1219 quomodo,
1146 1187 1170 1214 si
1186 1188 1279 1215 minus
1294 1189 1353 1223 ipse
1368 1197 1449 1223 quam
1463 1189 1583 1218 Paterin
1596 1191 1689 1226 aliquo
1704 1200 1766 1227 pos-

978 1229 1029 1261 sit,
1046 1230 1247 1260 imbecillitatis
1261 1237 1354 1261 notam
1371 1234 1425 1262 Deo
1440 1243 1495 1263 non
1510 1237 1640 1273 affinget?
1656 1238 1723 1266 Nam
1739 1239 1764 1267 si
1778 1233 1781 1236 ”

976 1276 1114 1304 naturalis
1127 1277 1198 1305 Deus
1212 1278 1360 1307 imbecillis
1373 1280 1430 1307 fieri
1446 1286 1546 1316 potest,
1557 1283 1622 1317 quid
1636 1284 1765 1318 prohibet

976 1320 1085 1349 Patrem
1103 1323 1131 1349 in
1148 1331 1177 1350 se
1192 1331 1303 1360 quoque
1318 1325 1345 1352 id
1364 1327 1523 1362 suscipere,
1546 1336 1609 1356 cum
1631 1330 1724 1358 divina
1738 1337 1766 1359 et

977 1367 1125 1396 ineﬂabilis
1150 1373 1247 1396 natura
1271 1371 1298 1398 id
1323 1372 1408 1399 semel
1430 1372 1531 1400 habeat
1545 1378 1574 1401 ιη
1589 1375 1646 1409 pati
1659 1376 1763 1410 possit,

977 1417 1060 1447 atque
1076 1414 1112 1440 ita
1124 1414 1201 1449 jam,
1219 1418 1248 1441 ut
1265 1415 1303 1442 illi
1320 1417 1432 1448 volunt,
1459 1424 1592 1453 appareat
1616 1420 1644 1448 in
1668 1420 1765 1449 Filio?

976 1457 1063 1493 Igitur
1076 1467 1126 1486 nec
1141 1459 1212 1488 Dens
1231 1461 1391 1496 impatibilis
1404 1464 1474 1495 erit,
1491 1472 1541 1491 nec
1558 1472 1666 1500 semper
1679 1466 1762 1500 idem,

975 1511 1028 1531 nec
1051 1504 1078 1531 in
1093 1504 1223 1533 felicitate
1239 1506 1405 1534 immutabili
1430 1509 1606 1536 constitutus.
1631 1510 1666 1537 At
1689 1511 1762 1546 quis,

975 1549 1104 1582 obsecro,
1126 1558 1212 1578 sanus
1232 1551 1290 1579 hate
1315 1551 1405 1580 feret?
1421 1553 1499 1587 Quis,
1516 1555 1609 1582 divina
1624 1555 1762 1584 clamante

938 1606 958 1635 ρ
977 1594 1139 1630 Scriptura,
1165 1596 1311 1624 Dominum
1334 1598 1467 1625 virtutum
1486 1606 1546 1627 esse
1562 1599 1679 1633 Filium,
1704 1609 1762 1630 non

975 1642 1134 1676 gravabitur
1148 1643 1242 1670 dicere
1259 1643 1348 1678 ipsum
1365 1645 1542 1672 corroborari
1564 1650 1709 1680 oportere.
1733 1651 1762 1675 et

974 1687 1047 1722 quod
1066 1687 1175 1722 proprie
1189 1692 1215 1715 et
1230 1688 1283 1723 ipsi
1298 1689 1350 1715 soli
1367 1689 1438 1717 inest
1453 1697 1517 1717 cum
1532 1689 1613 1718 Patre
1624 1695 1652 1718 et
1665 1696 1761 1720 sancto

975 1732 1097 1766 Spiritu,
1114 1733 1176 1760 ideo
1192 1733 1382 1769 imperfectum
1400 1736 1483 1763 esse?
1496 1736 1550 1764 Sed
1575 1744 1685 1764 rursum
1709 1746 1761 1765 no-

973 1777 1016 1804 bis
1033 1777 1229 1805 adversarius:
1252 1779 1317 1807 Ideo
1341 1780 1493 1807 asserimus
1514 1782 1683 1815 superiorem
1698 1790 1761 1811 esse

972 1821 1042 1849 Filio
1054 1822 1174 1851 Patrem.
1192 1823 1242 1850 Hic
1256 1824 1330 1851 enim
1352 1825 1442 1859 prima
1462 1833 1545 1853 causa
1566 1832 1608 1854 est
1628 1835 1739 1862 operum
1751 1849 1758 1861 ,

972 1872 1068 1902 utpote
1099 1876 1161 1896 cum
1189 1869 1328 1904 perfectus
1357 1870 1393 1898 sit
1420 1870 1523 1898 virtute
1549 1876 1577 1899 et
1601 1873 1760 1908 cognitione

971 1920 1084 1940 rerum:
1102 1913 1146 1941 ille
1166 1921 1233 1941 vero
1258 1915 1337 1949 prius
1361 1915 1390 1942 ﬁt
1412 1920 1560 1950 spectator,
1579 1921 1636 1944 tum
1660 1918 1760 1946 deinde

971 1960 1114 1991 operatur,
1129 1957 1297 1991 operationis
1311 1957 1404 1985 Patris
1422 1959 1603 1988 imitationem
1622 1961 1649 1988 in
1666 1969 1696 1990 se
1711 1969 1759 1989 ex-

971 2002 1093 2037 primens
1106 2022 1113 2034 ,
1132 2006 1162 2029 ut
1177 2010 1226 2038 per
1241 2003 1449 2031 similitudinem
1467 2011 1581 2039 operum
1600 2007 1682 2034 etiam
1701 2007 1760 2043 ipse

971 2048 1138 2084 intelligatur
1163 2048 1246 2076 Deus.
1273 2048 1332 2076 Hoc
1357 2049 1432 2076 enim
1452 2057 1502 2078 nos
1521 2050 1616 2084 docet,
1642 2059 1703 2078 cum
1720 2052 1759 2079 ait

970 2101 1026 2120 non
1040 2101 1124 2128 posse
1137 2101 1152 2121 a
1165 2101 1195 2122 se
1211 2093 1303 2122 facere
1317 2094 1480 2130 quidquam,
1494 2095 1548 2122 nisi
1568 2096 1642 2130 quod
1657 2097 1757 2125 viderit

970 2139 1078 2167 Patrem
1095 2140 1251 2168 facientem.
1269 2140 1341 2174 Quid
1359 2141 1417 2173 ais,
1434 2140 1640 2169 audacissime?
1654 2142 1757 2178 Opera-

970 2185 1054 2213 tionis
1068 2185 1160 2213 Patris
1175 2185 1279 2214 formas
1294 2186 1321 2214 in
1338 2194 1368 2214 se
1382 2186 1513 2221 exprimit
1536 2186 1637 2219 Filius,
1653 2192 1682 2214 ut
1703 2188 1756 2217 hoc

970 2235 1052 2266 pacto
1069 2231 1141 2259 Deus
1159 2231 1349 2267 intelligatur?
1365 2232 1516 2266 Disciplina
1533 2239 1599 2267 ergo
1613 2232 1684 2260 Deus
1699 2238 1755 2266 est,

131 2271 230 2298 ἐαυτὸν
243 2272 257 2298 ό
271 2272 344 2306 Υἱὸς,
361 2273 403 2300 ἵνα
416 2273 460 2300 διὰ
469 2275 562 2301 τούτου
579 2275 674 2310 νοῆται
685 2276 767 2309 Θεός;
784 2277 919 2308 Διδακτῶς

974 2285 1029 2305 non
1049 2281 1140 2305 autem
1162 2281 1281 2304 natura:
1298 2280 1325 2305 et
1339 2277 1421 2306 sicuti
1439 2277 1467 2305 in
1489 2278 1570 2305 nobis
1583 2281 1626 2306 est
1642 2279 1759 2306 scientia

131 2315 180 2344 οὖν
195 2318 253 2344 ἐστι
267 2318 341 2352 Θεὸς,
358 2319 405 2346 καὶ
419 2320 509 2347 οὐκέτι
521 2321 592 2348 κατὰ
606 2322 686 2356 φύσιν
696 2331 703 2337 θ
728 2322 823 2358 ὥσπερ
844 2323 871 2349 δὲ
891 2323 919 2349 ἐν

131 2364 199 2399 ἡμῖν
214 2364 353 2400 ἐπιστήμη
370 2366 417 2392 καὶ
429 2366 511 2402 τέχνη
528 2367 618 2403 τυχὸν,
633 2368 719 2400 οὕτως
732 2369 786 2404 ἄρα
802 2369 831 2395 ἐν
845 2368 919 2404 αὐτῷ

131 2410 191 2436 ἐστι
214 2410 243 2437 τὸ
264 2410 382 2446 ἀξίωμα,
406 2412 454 2438 καὶ
469 2412 594 2448 τεχνίτης
611 2413 710 2448 μᾶλλόν
729 2414 787 2440 ἐστι
800 2414 853 2440 τῶν
870 2415 920 2449 τῆς

129 2455 260 2491 Θεότητος
274 2456 372 2491 ἔργων,
392 2457 407 2492 ἢ
425 2457 489 2489 Θεὸς
503 2457 628 2493 ἀληθινός
643 2467 650 2474 ·
677 2459 769 2494 ἔτερος
789 2460 817 2486 δὲ
832 2460 918 2494 δήπου

130 2502 241 2534 πάντως
254 2501 335 2533 αὐτὸς
347 2503 422 2538 παρὰ
434 2503 482 2539 τὴν
494 2504 521 2530 ἐν
535 2504 608 2539 αὑτῷ
622 2504 729 2540 τέχνην,
742 2505 795 2533 κᾶν
809 2506 919 2542 ὑπάρχῃ

130 2547 300 2583 θεοπρεπὴς.
316 2548 378 2580 Πῶς
391 2546 437 2575 οὖν
453 2549 507 2585 ἄρα
519 2549 566 2575 τὸν
581 2549 634 2576 τῶν
646 2549 697 2585 τῆς
711 2549 835 2586 θεότητος
848 2552 919 2586 ὅρων

129 2592 302 2627 ἐκϐεϐηκότα
315 2613 323 2626 ,
347 2593 394 2619 καὶ
415 2594 444 2620 ἐν
468 2594 536 2630 μόνῃ
557 2595 589 2630 τῇ
614 2594 695 2630 τέχνῃ
716 2595 850 2631 φοροῦντα
869 2597 918 2632 τὴν

129 2639 210 2671 δόξαν
227 2639 409 2675 προσκυνοῦσι
426 2640 474 2674 μὲν
491 2640 599 2674 ἄγγελοι
617 2642 676 2667 κατ’
691 2642 817 2676 οὐρανὸν,
834 2651 919 2677 προσ-

134 2683 277 2719 κυνοῦμεν
295 2684 324 2710 δὲ
341 2683 388 2710 καὶ
410 2685 490 2719 ἡμεῖς
513 2685 697 2720 ἀνεγκλήτως,
722 2686 752 2713 τὸ
768 2687 805 2722 μὴ
819 2688 917 2722 χρῆναι

129 2729 271 2766 λατρεύειν
285 2729 371 2765 ἑτέρῳ
385 2729 460 2765 παρὰ
475 2730 519 2757 τὸν
533 2730 616 2762 ὅντως
627 2731 689 2757 ὅντα
703 2731 768 2758 Θεὸν
779 2732 828 2767 τῆς
839 2733 918 2767 ἁγίας

129 2776 329 2811 νομοθετούσης
342 2776 407 2810 ἡμῖν
421 2775 550 2810 Γραφῆς;
576 2776 707 2812 «Κύριον,
730 2787 738 2802 ι
760 2778 814 2813 γὰρ
840 2779 916 2814 φησὶ,

134 2832 143 2848 ι
156 2823 201 2849 τὸν
214 2822 280 2848 Θεόν
296 2830 343 2847 σου
357 2822 564 2856 προσκυνήσεις,
578 2822 624 2848 καὶ
636 2822 709 2858 αὐτῷ
724 2823 795 2858 μόνῳ
808 2823 919 2859 λατρεύ-

166 2912 189 2928 ³⁸
201 2911 298 2940 Matth.
319 2921 354 2945 ιγ,
370 2913 416 2944 ΙΟ;
436 2913 513 2939 Deut.
533 2919 568 2943 Vl,
586 2910 610 2939 ὅ.

971 2327 997 2351 et
1013 2331 1058 2351 ars
1071 2343 1078 2356 ,
1096 2323 1135 2350 ita
1148 2327 1191 2351 est
1205 2323 1235 2350 in
1250 2323 1311 2358 ipso
1326 2323 1466 2358 dignitas;
1484 2328 1510 2351 et
1523 2324 1632 2351 deitatis
1646 2332 1758 2359 operum

970 2369 1062 2404 potius
1077 2373 1120 2397 est
1134 2369 1233 2397 artifex
1244 2389 1252 2401 ,
1266 2377 1348 2404 quam
1364 2369 1436 2396 Deus
1447 2376 1530 2397 verus
1541 2373 1568 2396 et
1580 2369 1653 2396 alius
1665 2369 1759 2404 utique

969 2415 1029 2450 ipse
1050 2422 1066 2442 a
1090 2423 1139 2442 sua
1154 2419 1232 2448 arte,
1248 2415 1376 2450 quamvis
1391 2414 1447 2442 Deo
1463 2414 1499 2442 sit
1515 2414 1562 2442 illa
1577 2415 1757 2442 conveniens.

970 2461 1113 2494 Quomodo
1126 2461 1211 2496 igitur
1224 2461 1315 2496 angeli
1327 2481 1335 2493 ,
1351 2468 1458 2496 nosque
1471 2469 1534 2488 cum
1549 2460 1603 2488 illis
1617 2460 1685 2488 citra
1702 2460 1758 2487 cul-

970 2514 1034 2542 pant
1048 2507 1195 2534 adoramus
1209 2514 1271 2533 eum
1290 2507 1337 2541 qui
1354 2507 1467 2534 deitatis
1488 2506 1616 2534 terminis
1637 2505 1757 2538 excidit,

969 2556 998 2580 et
1013 2552 1040 2579 in
1055 2551 1114 2579 sola
1129 2556 1187 2579 arte
1203 2551 1319 2586 gloriam
1336 2552 1454 2586 positam
1469 2551 1570 2584 habet,
1585 2558 1647 2578 eum
1661 2554 1757 2578 sancta

970 2595 1115 2630 Scriptura
1138 2598 1251 2621 cautum
1268 2594 1347 2622 nobis
1371 2595 1408 2622 sit
1429 2603 1465 2622 ne
1481 2595 1565 2622 alium
1589 2603 1670 2631 quam
1694 2602 1757 2623 enm

968 2641 1017 2676 qui
1033 2648 1128 2668 revera
1144 2641 1217 2667 Deus
1228 2642 1270 2667 est
1280 2639 1427 2667 adoremus
1438 2639 1450 2666 ?
1461 2648 1470 2664 ε
1483 2639 1629 2667 Dominum
1645 2649 1654 2666 ι
1665 2641 1737 2667 enim
1747 2659 1755 2672 ,

970 2687 1079 2722 inquit,
1095 2695 1105 2712 ι
1121 2686 1206 2714 Deum
1221 2690 1300 2713 tuum
1319 2684 1463 2716 adorabis,
1489 2689 1515 2712 et
1540 2685 1593 2719 ipsi
1609 2686 1660 2713 soli
1676 2686 1758 2720 218

971 2733 1075 2761 servies
1091 2733 1139 2759 ³⁸.»
1155 2731 1208 2759 Sed
1223 2739 1239 2758 a
1253 2732 1354 2758 decoro
1369 2738 1425 2758 non
1441 2731 1551 2758 aberrat
1565 2735 1659 2758 sancta
1675 2733 1758 2766 potis-

972 2780 1071 2807 simum
1085 2779 1243 2814 angelorum
1259 2777 1354 2809 turba,
1368 2777 1415 2805 sed
1427 2775 1524 2803 Filium
1539 2776 1636 2804 adorat
1646 2797 1653 2807 .
1666 2781 1693 2804 et
1708 2784 1758 2804 no-

972 2825 1078 2853 biscum
1095 2833 1157 2853 eum
1178 2825 1245 2852 colit
1260 2831 1339 2859 quem
1358 2822 1510 2852 secundum
1527 2826 1652 2849 naturam
1671 2820 1755 2849 Deum
