2026 3123
289 220 342 247 355

783 218 812 245 S.
834 217 972 245 (IYltlLLl
989 214 1227 244 ALEXANDRINI
1241 213 1400 242 ARCHIEP.

1864 215 1879 239 5
1883 215 1910 242 56

288 281 363 307 novit
378 287 456 310 esse.
474 286 561 313 neque
576 278 738 313 disciplina,
754 283 782 305 ut
797 279 835 305 illi
851 284 1009 312 nugantur:
1024 284 1070 304 nec

1126 284 1208 306 σειςΑ
1234 274 1302 300 Ἀλλ’
1318 275 1367 300 οὐκ
1382 274 1414 300 ἂν
1431 272 1575 307 ἀπεσφάλη
1591 273 1637 299 τοῦ
1655 273 1803 308 πρέποντος
1820 273 1836 306 ἡ
1854 273 1911 306 ἁγία

287 326 380 358 enim,
393 330 421 352 ut
437 329 568 359 apparet,
581 325 705 351 {sentiunt
716 329 834 359 quantas
848 325 875 351 in
891 324 1075 351 absurditates

288 371 351 398 itide
367 370 556 406 prolabuntur.
578 370 699 396 Primum
716 369 817 397 etenim
834 369 921 396 Filius
938 368 1076 395 alteratio-

287 425 349 443 nem
367 420 393 443 et
409 416 589 443 mutationem
606 416 632 442 in
650 415 741 450 majus
763 423 778 442 a
800 414 901 442 minori
923 413 1074 448 suscipiet,

287 461 413 496 quamvis
430 469 478 496 per
494 461 655 496 prophetam
678 460 738 495 ipse
760 460 833 487 dicat
848 469 853 486 :
870 469 879 486 ‹
896 459 1011 490 Videte,
1033 458 1074 485 vi-

287 508 348 535 dete
365 507 428 542 quia
450 515 500 542 ego
523 515 598 539 smn,
617 511 644 534 et
664 515 719 534 non
744 511 836 534 mutor
853 506 887 533 ⁸⁸.
904 516 913 532 ι
929 505 982 533 Sed
999 513 1076 533 men-

287 552 372 578 tietur
388 552 482 586 utique
495 550 641 579 Psalmista
655 551 780 578 clamans
797 551 824 578 in
847 551 951 586 Spiritu
973 551 1007 578 ad
1031 549 1076 577 Fi-

287 597 372 624 lium:
387 597 442 623 «Tu
457 602 550 624 autem
563 597 634 624 idem
650 597 709 631 ipse
721 604 750 624 es
762 596 809 623 ".t
821 596 971 631 Exspectat
982 596 1054 624 enim
1066 615 1075 628 ,

289 648 319 670 ut
336 643 373 670 illi
389 647 538 675 asserunt,
555 642 617 669 dum
636 641 717 669 Pater
733 643 806 669 circa
823 642 927 676 aliquid
944 645 1075 677 operetur

289 693 421 723 tanquam
437 688 492 714 dux
516 691 542 715 et
569 688 710 722 magister.
727 692 767 719 ut,
779 695 812 714 eo
833 691 998 722 conspecto,
1014 687 1075 722 ejus

289 735 412 761 imitator
426 733 482 760 ﬁat.
498 734 531 760 At
545 733 591 768 qui
607 732 665 760 ﬁeri
682 737 772 768 potest
794 737 822 760 ut
843 733 888 768 qui
914 731 1074 767 hujusmodi

287 785 330 807 est
357 788 411 807 non
437 779 563 806 videatur
585 787 617 806 ex
644 779 819 813 ignoratione
845 779 878 806 ad
907 779 1073 814 agnitionem

288 825 472 861 quorumdam
490 824 585 857 evehi,
603 829 629 852 et
645 833 660 852 a
677 825 808 852 deteriori
825 826 852 852 in
870 825 968 852 melius
983 829 1075 852 trans-

287 872 407 903 mutari,
432 871 454 898 si
475 870 541 898 boni
565 870 709 905 cujusdam
734 871 878 898 scientiam
903 871 1075 906 ignoratione

287 917 516 953 praestabiliorem
540 924 601 944 esse
620 916 800 950 judiecmus?
821 917 855 943 At
877 916 1007 951 quidnam
1030 917 1073 943 in-

1127 322 1243 356 μάλιστα
1267 321 1320 347 τῶν
1347 321 1470 355 ἀγγέλων
1496 320 1617 355 πληθὺς,
1644 320 1793 354 προσκυνεῖ
1821 319 1850 345 δὲ
1872 319 1911 345 τὸν

1126 368 1200 399 Υὶὺν,
1218 366 1264 393 καὶ
1277 366 1400 402 λατρεύει
1417 366 1476 401 μεθ’
1493 366 1582 401 ἡμῶν,
1599 365 1670 392 κατά
1686 365 1766 399 φύσιν
1776 365 1841 391 ὅντα
1853 365 1911 391 Θεὸν

1125 413 1354 447 ὲπιγινώσκουσα,
1372 412 1419 439 καὶ
1433 413 1462 439 οὐ
1480 411 1622 443 διδακτῶς,
1636 411 1674 442 ὡς
1687 412 1784 437 ἐκεῖνοι
1803 410 1912 446 ληροῦν-

1125 459 1170 490 τές
1184 467 1265 493 φασιν
1277 467 1284 474 ⁸
1306 458 1335 484 οὺ
1349 458 1404 493 γὰρ
1420 457 1601 488 αἰσθάνονται,
1620 457 1689 483 κατὰ
1704 457 1733 482 τὸ
1751 457 1834 488 εἰκὸς,
1847 456 1912 488 5m;

1125 504 1250 530 ὲντεῦοεν
1262 503 1472 539 περιπεσοῦνται
1486 505 1543 535 τοῖς
1555 503 1721 537 ἀτοπήμασι.
1741 502 1854 536 Πρῶτον
1868 501 1910 536 μὲν

1125 550 1178 587 γὰρ
1191 552 1205 577 ὁ
1218 551 1281 582 Υἱὸς
1297 550 1440 578 ἀλλοίωσίν
1454 558 1483 575 τε
1499 550 1545 575 καὶ
1556 549 1661 585 τροπὴν
1681 549 1730 583 τὴν
1746 548 1793 574 ἐπὶ
1808 547 1838 574 τὸ
1858 547 1911 582 μεῖ-

1125 597 1170 629 ζον
1186 596 1223 629 ὡς
1237 596 1266 628 ὲξ
1279 596 1418 627 ἐλάττονος
1435 595 1599 628 ὲπιδέξεται,
1624 595 1711 621 καίτοι
1730 594 1775 620 διὰ
1787 593 1834 620 τοῦ
1850 601 1912 629 προ-

1125 643 1209 678 φήτου
1222 643 1307 676 λέγων
1321 642 1401 674 αὐτὸς
1413 649 1420 656 ·
1441 651 1450 667 ‹
1465 641 1558 672 Ἴδετε,
1574 640 1642 667 ἴδετε
1655 641 1696 666 ὅτι
1713 639 1768 674 ἐγὼ
1784 639 1854 674 εἰμὶ,
1870 638 1912 666 καὶ

1124 688 1174 714 οὐκ
1188 687 1350 722 ἠλλοίωμαι.
1364 696 1372 711 ι
1395 685 1573 720 Διαῷεύσεται
1588 685 1616 711 δὲ
1631 686 1738 716 πάντως
1752 686 1799 711 καὶ¹
1812 685 1826 710 ὁ
1839 685 1911 710 Ψαλ-

1127 734 1213 769 μῳδδς
1231 735 1259 760 ὲν
1274 732 1424 768 Πνεῦματι,
1444 732 1494 758 «Σὺ
1511 731 1540 758 δὲ
1554 732 1567 758 ὁ
1581 731 1661 762 αὐτὸς
1677 728 1712 762 εἷ,
1729 739 1738 756 ›
1764 730 1833 765 βοῶν
1850 729 1912 765 πρὸς

1125 781 1170 806 τὸν
1192 780 1266 807 Υἱόν.
1291 780 1437 815 Περιμένει
1463 778 1526 814 γὰρ,
1551 777 1588 809 ὡς
1613 778 1710 804 ἐκεῖνοί
1730 785 1823 812 φασιν,
1843 777 1912 812 ἐνερ-

1125 827 1224 861 γοῦντα
1240 826 1285 853 τὸν
1301 825 1410 861 Πατέρα
1427 824 1490 860 περι
1505 833 1530 850 τι
1547 823 1600 850 τῶν
1622 823 1716 854 ὄντων,
1733 823 1815 849 οἱονεὶ
1833 821 1912 857 καθη-

1126 873 1212 907 γητήν
1234 880 1294 898 τινα
1319 871 1366 898 καὶ
1384 869 1553 901 διδάσκαλον,
1578 869 1622 895 ἵνα
1638 869 1782 904 οεωρήσας
1804 869 1913 903 γένηται

1129 918 1258 954 μιμητής.
1275 915 1341 943 Εἶτα
1358 916 1415 948 πῶς
1427 916 1441 942 ὁ
1453 915 1572 946 τοιοῦτος
1584 915 1633 942 οὐκ
1645 915 1677 942 ἄν
1691 924 1729 950 τῳ
1740 914 1815 947 δόξαι
1827 913 1913 940 λοιπὸν

287 951 371 1000 super
393 964 506 990 absurdi
528 967 670 998 sequatur.
695 962 789 990 dicant
814 963 893 990 nobis
914 963 960 997 qui
988 962 1070 997 magi-

1129 951 1284 998 έξ-ἀγνοίοις
1299 963 1348 998 τῆς
1365 971 1445 988 τινων
1462 961 1616 988 ἀναϐαίνειν
1630 962 1669 992 εἰς
1682 961 1792 995 γνῶσιν,
1806 961 1853 986 καὶ
1867 959 1913 986 ἀπὸ

287 1015 373 1038 sti-um
397 1010 488 1044 potius
505 1017 586 1044 quam
608 1008 717 1036 Patrem
740 1008 826 1036 Deum
841 1016 903 1036 esse
928 1013 1074 1036 statuunt:

287 1062 379 1083 utrum
397 1055 483 1082 Filius
498 1056 630 1090 ignorans
647 1055 739 1082 Patris
755 1062 838 1090 opera
852 1059 996 1090 exspectat
1009 1054 1074 1082 dum

286 1102 394 1133 videat,
409 1109 442 1128 an
458 1101 663 1128 exaetissimam
679 1108 776 1128 eorum
799 1100 926 1128 notitiam
948 1107 1004 1127 non
1027 1099 1075 1126 ha-

287 1149 378 1176 bens?
395 1148 462 1175 Nam
480 1148 502 1174 si
519 1148 612 1175 dicent
629 1153 806 1182 exspectare,
821 1147 947 1182 quamvis
967 1147 1013 1173 illa
1030 1153 1076 1174 co-

287 1198 420 1229 gnoscat,
437 1194 510 1220 clare
526 1193 672 1221 ostendent
688 1193 810 1220 inaniter
824 1193 931 1224 facere,
948 1196 974 1219 et
989 1194 1076 1220 vanis-

287 1240 363 1267 sima.-
378 1239 417 1266 rei
435 1247 546 1274 operam
562 1239 628 1266 dare
644 1239 764 1266 Patrem.
782 1239 829 1265 Ille
845 1239 917 1265 enim
935 1238 1009 1273 quod
1026 1246 1074 1273 ap-

287 1287 374 1322 prime
400 1287 492 1318 notit,
519 1290 549 1312 ut
577 1286 708 1321 ignorans
733 1285 911 1312 considerat:
933 1285 977 1312 hic
1000 1285 1074 1313 illius

286 1340 402 1368 gnarum
419 1332 519 1359 docere
534 1332 703 1366 aggreditur.
721 1331 836 1358 Cuinam
852 1336 942 1358 autem
959 1332 1073 1366 dubium

286 1385 347 1405 esse
362 1382 451 1412 potest
466 1379 532 1411 quin
550 1377 607 1403 hare
623 1377 703 1411 plane
721 1376 840 1403 ridicula
858 1377 936 1404 sint?
951 1377 1004 1404 Sed
1023 1377 1074 1406 hoc

286 1423 379 1450 forsan
393 1423 492 1450 dicturi
506 1431 560 1450 non
575 1429 657 1456 sunt,
674 1424 728 1450 imo
740 1423 906 1450 contrariam
924 1424 951 1451 in
968 1428 1071 1459 partem

285 1469 377 1504 potius
395 1476 424 1496 se
442 1468 622 1496 transferent.
637 1468 769 1496 Assereut
784 1469 855 1495 enim
871 1469 959 1504 ipsum
976 1478 1072 1498 neces-

286 1513 362 1540 sario
376 1518 540 1547 exspectare
556 1513 620 1540 dum
636 1512 720 1540 Pater
738 1518 878 1548 operetur,
893 1519 922 1541 ut
945 1522 977 1542 ex
998 1515 1072 1543 illius

285 1559 522 1593 contemplatione
537 1558 626 1585 discat
642 1559 762 1593 operari.
776 1559 919 1592 Quomodo
932 1567 998 1595 ergo
1014 1560 1072 1588 uni-
1088 1571 1098 1575 -

1125 1011 1172 1038 τοῦ
1196 1011 1317 1047 χείρονος
1345 1009 1564 1045 μετατρέπεσθαι
1591 1009 1659 1045 προς
1682 1009 1810 1043 ἄμεινον,
1839 1008 1913 1042 εἴπερ

1126 1054 1195 1084 εἶναι
1211 1056 1376 1091 λογιούμεθα
1392 1056 1422 1082 τὸ
1438 1055 1536 1082 εἰδέναι
1555 1064 1582 1082 τι
1602 1055 1657 1082 τῶν
1673 1054 1795 1089 ἀγαθῶν,
1815 1054 1864 1080 τοῦ
1880 1055 1912 1088 μὴ

1126 1103 1224 1130 εἰδέναι
1250 1101 1377 1134 κάλλιον;
1411 1099 1476 1127 Εἶτα
1500 1109 1526 1127 τι
1550 1101 1619 1136 πρὸς
1640 1100 1745 1131 τούτοις
1768 1101 1864 1135 ὁρᾶται
1887 1099 1914 1124 τὸ

1125 1148 1236 1181 ἄτοπον⁷
1252 1147 1383 1182 λεγόντων
1397 1148 1463 1182 ἡμῖν
1478 1148 1502 1173 οἱ
1517 1146 1672 1181 παιδευτὴν,
1688 1146 1704 1180 ἢ
1721 1145 1832 1180 Πατέρα
1851 1145 1911 1180 μῖλ-

1125 1196 1170 1222 λον
1190 1195 1361 1230 εἰσφέροντες
1377 1193 1422 1220 τὸν
1442 1193 1523 1220 Θεόν·
1543 1192 1657 1228 πότερόν
1675 1201 1738 1218 ποτε
1757 1192 1812 1218 τῶν
1830 1191 1913 1227 ἔργων

1125 1242 1172 1268 τοῦ
1188 1241 1292 1276 Πατρὸς
1308 1242 1336 1267 ὲν
1355 1240 1451 1276 ἀγνοίᾳ
1471 1239 1647 1274 καθεστηκὼς
1662 1239 1675 1265 ὁ
1690 1239 1752 1270 Υἱὸς
1775 1239 1914 1273 περιμένει

1124 1286 1155 1313 τὸ
1173 1287 1247 1318 ἰδεῖν,
1265 1286 1281 1321 ἢ
1298 1285 1347 1321 τὴν
1361 1285 1407 1311 ἐπὶ
1421 1284 1526 1314 τούτοις
1538 1284 1638 1318 γνῶσιν
1654 1284 1703 1310 οὐκ
1720 1284 1789 1318 ἔχων
1804 1283 1914 1318 ἀκριϐε-

1126 1333 1243 1368 στάτην;
1258 1332 1290 1358 Et
1306 1332 1355 1367 μὲν
1364 1328 1410 1358 οὖν
1426 1330 1514 1357 εἰδότα
1528 1330 1685 1365 περιμένειν
1701 1329 1808 1365 ἐροῦσιν
1825 1328 1913 1361 αὑτὸν,

1124 1377 1316 1414 περιττότατόν
1339 1386 1365 1403 τι
1390 1375 1520 1403 ποιοῦντα
1543 1374 1637 1410 σαφῶς
1660 1375 1841 1408 ἐπιδείξουσι,
1869 1374 1914 1400 καὶ

1123 1424 1292 1451 εἰκαιοτάτου
1308 1423 1470 1458 πράγματος
1487 1422 1664 1456 ὲττιτηδευτὴν
1679 1421 1725 1447 τὸν
1740 1421 1862 1455 Πατέρα.
1887 1420 1913 1446 ’0

1125 1470 1175 1505 μὲν
1198 1470 1263 1506 γὰρ,
1287 1469 1356 1504 ὅπερ
1378 1466 1448 1496 οἶδεν
1464 1468 1595 1502 ἀκριϐῶς,
1614 1467 1652 1498 ὡς
1677 1466 1783 1501 ἀγνοῶν
1804 1465 1914 1492 ἐπισκέ-

1124 1523 1233 1547 πτεται,
1248 1516 1262 1542 ὁ
1277 1515 1306 1541 δὲ
1319 1514 1364 1541 τὸν
1381 1513 1468 1541 εἰδότα
1481 1513 1614 1540 διδάσκειν
1631 1514 1773 1548 ἐπιχειρεῖ.
1792 1513 1848 1539 Καὶ
1864 1512 1912 1538 τίνι

1123 1560 1177 1586 τῶν
1189 1560 1272 1586 ὄντων
1284 1559 1334 1586 οὐκ
1345 1558 1420 1585 ἔσται
1433 1559 1598 1594 καταφανὲς,
1609 1558 1650 1585 ὅτι
1661 1558 1710 1593 τῆς
1727 1557 1848 1592 ἐσχάτης
1867 1566 1911 1591 γε·

285 1612 364 1632 versa
381 1605 457 1631 novit
473 1609 619 1638 antequam
639 1604 706 1632 ﬁant
723 1605 761 1632 “‘I
776 1610 822 1632 aut
845 1607 984 1641 quomodo
1008 1615 1070 1635 vere

1121 1605 1257 1641 λοιότητος
1268 1605 1332 1631 εἴσω
1345 1604 1465 1632 κείσεται
1476 1605 1509 1630 τὰ
1520 1604 1630 1631 τοιαῦτα
1644 1613 1651 1637 ;
1677 1603 1756 1630 Ἀλλὰ
1769 1603 1850 1630 τοῦτο
1865 1604 1912 1638 μὲν

284 1650 359 1677 dicet
384 1649 443 1684 ipse
467 1650 501 1676 de
527 1650 636 1684 seipse:
655 1659 666 1677 ι
681 1651 752 1679 Deus
772 1653 997 1687 appropinquans
1021 1661 1071 1688 ego

285 1703 346 1724 sum
357 1716 364 1728 ,
381 1695 447 1722 dicit
463 1695 613 1727 Dominus,
631 1701 657 1723 et
670 1704 725 1724 non
740 1697 810 1726 Deus
825 1698 859 1725 de
882 1698 960 1733 longe
974 1706 980 1724 :
1004 1707 1071 1726 num

285 1741 471 1769 abseondetur
485 1742 550 1776 quid
568 1750 582 1768 a
598 1750 642 1770 me
659 1743 680 1758 ³⁸
691 1743 719 1770 ἳι
733 1743 877 1776 Quomodo
896 1752 952 1771 non
973 1745 1071 1772 absur-

285 1787 349 1814 dum
365 1791 391 1814 et
409 1787 543 1815 insulsum
563 1788 615 1815 erit
641 1788 756 1823 Spiritui
779 1789 907 1822 credere,
930 1795 956 1818 et
979 1791 1071 1825 inqui-

285 1839 345 1860 rere
369 1840 400 1859 ac
415 1833 486 1860 scire
502 1832 635 1868 profunda
652 1834 715 1866 Dei,
730 1836 888 1863 existimare
907 1840 997 1863 autem
1012 1837 1070 1864 lar-

284 1878 398 1914 gitorem
420 1878 540 1914 Spiritus
552 1879 680 1914 ignorare
692 1879 782 1908 Patris
799 1889 892 1916 opera,
907 1886 933 1909 et
945 1891 997 1910 suo
1013 1882 1072 1918 Spi-

284 1923 339 1952 ritu
353 1925 444 1959 quoad
459 1924 644 1960 cognitionem
659 1926 817 1954 inferiorem
832 1928 915 1956 esse?
939 1928 1069 1964 Nunquid

283 1969 356 1996 enim
381 1969 468 1998 Filius
494 1979 604 2006 quoque
621 1971 763 2006 Sapientia
777 1981 839 2000 esse
860 1974 982 2007 desinet,
1004 1983 1068 2003 cum

284 2015 380 2049 utique
402 2015 526 2051 ignoret,
544 2017 732 2052 discendoque
749 2019 905 2054 percipiat?
922 2019 1070 2056 Sapientia:

282 2059 356 2088 enim
373 2065 464 2095 potius
479 2069 566 2097 capax
587 2062 656 2094 erit,
673 2070 755 2097 quam
779 2065 897 2098 ipsamet
916 2066 1068 2094 secundum

282 2109 407 2132 naturam
423 2105 573 2141 Sapientia.
590 2107 729 2142 Sapientia
751 2110 853 2144 quippe
875 2114 917 2138 est
944 2111 971 2138 id
996 2113 1069 2146 quod

282 2151 445 2186 sapientiam
463 2152 587 2187 largitur,
605 2161 660 2181 non
677 2155 750 2189 quod
767 2156 932 2190 sapientiam
950 2158 1066 2193 accipit,

283 2197 516 2230 quemadmodum
545 2206 642 2233 nempe
667 2200 748 2226 etiam
779 2201 871 2227 lumen
899 2207 940 2229 est
967 2202 1068 2230 illumi-

282 2249 366 2274 nans,
396 2243 478 2278 219
502 2251 558 2271 non
580 2244 654 2279 quod
674 2245 855 2273 illuminatur.
882 2246 965 2281 igitur
993 2248 1065 2275 aliud

281 2289 411 2324 quiddam
438 2290 497 2325 ipse
519 2298 616 2319 rursus
639 2292 692 2318 erit
716 2292 750 2319 ab
772 2300 803 2319 ea
830 2300 890 2327 qua:
905 2293 932 2320 in
949 2294 1009 2329 ipso
1025 2301 1067 2322 est

281 2335 436 2370 sapientia:
466 2339 493 2362 et
517 2336 635 2370 primum
654 2337 763 2371 quidem
787 2345 842 2365 non
868 2339 993 2374 simplex,
1017 2342 1065 2368 sed

281 2380 451 2415 compositus
467 2388 498 2407 ex
521 2380 648 2413 duobus;
673 2381 771 2409 deinde
793 2382 865 2410 Dens
879 2391 938 2411 esse
956 2393 1066 2421 quoque

281 2425 408 2453 desinet:
427 2425 511 2452 Deum
537 2431 626 2453 autem
644 2426 706 2453 dico
722 2428 871 2455 secundum
891 2435 1015 2458 naturam
1039 2437 1066 2459 et

281 2469 514 2496 substantialiter.
532 2468 643 2497 Discere
656 2478 773 2506 namque
793 2473 827 2500 ab
843 2473 946 2509 aliquo,
970 2481 997 2503 et
1015 2477 1066 2504 duv

280 2514 378 2550 plieem
396 2522 458 2541 esse
473 2518 555 2549 atque
571 2515 764 2551 compositum,
781 2518 901 2547 alienum
924 2525 966 2549 est
984 2523 1061 2556 peni-

279 2565 354 2587 tusa
375 2559 485 2587 deitatis
511 2564 619 2593 natura,
645 2562 690 2588 eui
712 2566 841 2598 tanquam
870 2567 1008 2600 proprium
1035 2572 1063 2594 et

279 2605 510 2641 perfectissimum
529 2606 630 2634 bonum
646 2608 808 2644 simplicitas
825 2611 906 2639 inest.
935 2612 1012 2645 Quod
1038 2615 1061 2641 si

279 2651 350 2679 Deus
365 2658 419 2678 non
435 2656 477 2679 est
491 2653 642 2680 secundum
656 2659 781 2683 naturam
810 2656 905 2691 Filius,
922 2661 1061 2693 quomodo

279 2701 408 2731 operatur
427 2700 454 2723 et
479 2701 590 2731 praestat
610 2706 641 2726 ea
660 2708 722 2735 qua:
743 2702 794 2728 soli
812 2701 866 2729 Deo
881 2706 1062 2738 etmgruunt?

278 2741 319 2768 An
335 2741 409 2769 enim
425 2741 524 2769 dicturi
540 2749 604 2770 sunt
621 2746 645 2771 ei
667 2745 792 2773 suﬂicere
807 2747 840 2773 ad
862 2748 989 2776 virtutem
1007 2749 1060 2778 Deo

278 2787 482 2815 convenientem
498 2789 571 2823 quod
587 2791 775 2818 tantummodo
796 2791 880 2820 Deum
899 2800 1058 2828 operantem

277 2833 402 2868 aspiciat,
416 2837 442 2861 et
456 2835 515 2862 solo
526 2841 636 2870 aspectu
651 2836 676 2863 id
690 2837 801 2871 habere,
814 2844 841 2865 ut
858 2841 892 2866 sit
907 2842 1057 2870 secundum

1123 1652 1173 1679 οὐκ
1188 1651 1280 1687 ἐροῦσι
1290 1651 1370 1685 τυχόν
1381 1658 1387 1665 ’
1408 1651 1606 1686 μεταῦήσονται
1616 1650 1643 1677 δὲ
1652 1651 1719 1686 πρὸς
1737 1650 1768 1676 τὸ
1782 1650 1911 1676 ἐναντίον.

1123 1697 1284 1734 Περιμένειν
1298 1696 1352 1732 γὰρ
1371 1697 1452 1723 αὐτὸν
1468 1697 1624 1731 ἀναγκαίως
1645 1695 1809 1732 ἐνεργοῦντα
1825 1695 1913 1722 διαϐε-

1123 1742 1285 1769 6αιὼσονται
1299 1742 1344 1768 τὸν
1361 1741 1471 1776 Πατέρα
1485 1741 1552 1777 πρὸς
1566 1741 1596 1768 τὸ
1612 1742 1788 1776 θεωρήσαντα
1806 1741 1910 1776 μαθεῖν.

1122 1788 1184 1820 Πῶς
1200 1785 1246 1814 οὖν
1263 1784 1317 1813 οἱδε
1334 1786 1369 1813 τὰ
1393 1787 1492 1819 πάντα,
1517 1787 1581 1823 πρὶν
1603 1788 1736 1821 γενέσεως
1760 1787 1872 1820 αὑτῶν;
1895 1785 1911 1822 ἢ

1123 1834 1181 1865 πῶς
1194 1832 1338 1868 ἀληθεύσει
1357 1832 1444 1867 λέγων
1457 1833 1538 1865 αὐτὸς
1555 1834 1619 1870 περὶ
1634 1833 1730 1860 ἑαυτοῦ
1741 1841 1748 1847 θ
1771 1833 1854 1864 «Θεὸς
1868 1833 1912 1866 ὲγ·

1122 1879 1207 1914 γιζων
1221 1880 1276 1914 ἐγώ
1292 1881 1360 1916 εἰμι,
1377 1879 1452 1914 λέγει
1472 1879 1585 1915 Κύριος,
1606 1880 1652 1906 καὶ
1668 1879 1727 1915 οὺχὶ
1747 1879 1890 1914 πόρρωθεν
1903 1886 1909 1893 ·

1122 1927 1161 1962 μὴ
1178 1926 1224 1953 ἀπ’
1239 1926 1306 1962 ἐμοῦ
1323 1926 1488 1962 κρυϐήσεταί
1505 1935 1547 1959 τι;
1563 1936 1572 1952 ι
1592 1927 1654 1958 Πῶς
1664 1927 1692 1953 δὲ
1707 1927 1756 1953 οὐκ
1768 1926 1868 1953 ἄτοπόν
1883 1933 1911 1952 τε

1121 1972 1168 1999 καὶ
1185 1972 1290 2007 ἀμαθὲς
1306 1973 1345 2007 τῷ
1365 1972 1414 2008 μὲν
1432 1971 1570 2008 Πνεύματι
1589 1972 1737 2005 πιστεύειν,
1753 1973 1868 2008 ἐρευνᾷ-δ
1883 1981 1911 1998 τε

1121 2016 1168 2043 καὶ
1181 2016 1278 2043 εἰδέναι
1294 2017 1327 2043 τὰ
1339 2016 1407 2052 βάθη
1423 2017 1469 2043 τοῦ
1484 2016 1561 2049 Θεοῦ,
1583 2017 1629 2043 τὺν
1643 2017 1672 2043 δὲ
1687 2017 1734 2044 τοῦ
1753 2018 1911 2052 Πνεύματος

1119 2062 1236 2098 χορηγὸν
1255 2063 1283 2089 ὲν
1308 2063 1404 2098 ἀγνοίᾳ
1420 2063 1584 2090 καθεστάναι
1605 2062 1725 2098 νομίζειν
1743 2064 1797 2091 τῶν
1823 2064 1911 2099 ἔργων

1119 2108 1166 2134 τοῦ
1178 2108 1293 2143 Πατρὺς,
1308 2109 1355 2135 καὶ
1368 2109 1414 2135 τοῦ
1428 2109 1491 2136 ἰδίου
1507 2109 1673 2144 Πνεύματος,
1685 2110 1746 2136 ὅσον
1758 2111 1799 2141 εἰς
1809 2110 1910 2144 γνῶσιν

1118 2154 1378 2189 ἀπολιμπάνεσθαι;
1404 2153 1478 2190 Ἀρα
1500 2155 1554 2191 γὰρ
1581 2156 1630 2182 οὐκ
1653 2156 1786 2183 ἀποϐαλεῖ
1811 2157 1859 2183 καὶ
1882 2157 1911 2182 τὸ

1119 2199 1187 2226 εἶναι
1202 2201 1282 2235 σοφία
1296 2201 1388 2228 λοιπὸν
1406 2202 1420 2228 ὁ
1443 2202 1517 2233 Υἱὸς,
1535 2202 1650 2237 ἐπείπερ
1665 2202 1732 2234 ὅλως
1746 2203 1849 2236 ἀγνοεῖ,
1865 2203 1911 2229 καὶ

1119 2245 1251 2281 λαμϐάνει
1266 2246 1309 2273 διὰ
1328 2246 1491 2282 μαθήσεως;
1515 2247 1614 2282 Σοφίας
1630 2247 1685 2283 γὰρ
1710 2248 1812 2283 μᾶλλον
1834 2248 1911 2275 ἔσται

1083 2286 1106 2316 D
1118 2292 1250 2326 δεκτικὸς,
1263 2293 1333 2328 ἥπερ
1349 2293 1414 2320 αὐτὸ
1426 2293 1494 2320 κατὰ
1506 2295 1585 2329 φύσιν
1605 2295 1694 2328 σοφία.
1713 2295 1799 2329 Σοφία
1814 2295 1868 2331 γὰρ
1882 2295 1910 2321 τὸ

1117 2337 1224 2371 σοφοῦν,
1238 2337 1268 2364 οὐ
1280 2337 1310 2363 τὺ
1326 2337 1473 2373 σοφοῦσθαι
1486 2339 1617 2372 πεφυκὸς,
1637 2339 1731 2375 ὥσπερ
1749 2338 1796 2366 οὖν
1812 2341 1910 2376 ἀμέλει

1115 2383 1162 2409 καὶ
1184 2382 1242 2416 φῶς
1265 2382 1295 2409 τὸ
1319 2383 1451 2417 φωτίζον,
1475 2383 1505 2410 οὐ
1531 2383 1561 2410 τὸ
1585 2384 1749 2418 φωτίζεσθαι
1773 2386 1907 2418 πεφυκός.

1114 2427 1217 2454 Οὐκοῦν
1232 2428 1323 2462 ἕτερόν
1338 2437 1363 2454 τι
1383 2428 1463 2455 πάλιν
1482 2429 1562 2461 αὐτὸς
1576 2431 1651 2466 παρά
1665 2431 1714 2466 τὴν
1726 2432 1756 2457 ὲν
1769 2431 1846 2467 αὑτῷ
1864 2441 1908 2458 σο-

1115 2474 1188 2508 φίαν,
1205 2474 1251 2500 καὶ
1271 2474 1377 2510 πρῶτον
1401 2476 1450 2510 μὲν
1465 2476 1513 2512 οὐχ
1530 2477 1642 2509 ἁπλοῦς,
1664 2477 1719 2504 ἀλλ’
1734 2478 1767 2504 ἐκ
1785 2478 1834 2504 δύο
1852 2479 1906 2504 λοι-

1115 2519 1164 2545 πὸν
1181 2520 1355 2554 συγκείμενος
1368 2529 1374 2535 ·
1392 2519 1450 2548 εἶτα
1464 2522 1531 2557 πρὸς
1546 2522 1633 2554 τοῦτο,
1650 2523 1696 2550 καὶ
1710 2523 1741 2550 τὸ
1756 2521 1828 2551 εἶναι
1840 2524 1907 2555 Θεὸς

1115 2565 1252 2598 ἀπολέσει,
1269 2565 1334 2592 Θεὸν
1349 2566 1377 2593 δέ
1394 2576 1465 2602 φημι
1491 2570 1561 2596 κατὰ
1580 2569 1660 2603 φύσιν
1683 2570 1729 2596 καὶ
1755 2571 1903 2602 οὐσιωὸὦς.

1115 2611 1267 2646 Μαθήσεως
1281 2612 1334 2647 γὰρ
1349 2613 1396 2647 τῆς
1412 2613 1464 2640 ἀπό
1476 2623 1548 2646 τινος
1563 2615 1642 2648 ὅλως,
1663 2617 1711 2642 καὶ
1725 2615 1840 2652 διπλόης
1855 2617 1905 2651 τῆς

1115 2657 1186 2683 κατὰ
1208 2657 1361 2694 σύνθεσινή
1381 2658 1440 2686 θεία
1465 2660 1544 2695 φύσις
1566 2661 1616 2688 οὐκ
1638 2662 1774 2697 ἀνέχεται,
1800 2664 1850 2690 καὶ
1875 2664 1904 2690 τὸ

1115 2702 1216 2729 ἁπλοῦν
1229 2702 1266 2734 ὡς
1288 2703 1352 2730 [διον
1366 2704 1476 2738 ἀγαθὸν,
1502 2706 1549 2732 καὶ
1567 2706 1597 2733 τὸ
1618 2708 1776 2735 παντέλειον
1795 2709 1900 2744 ἔχουσα.

1114 2747 1170 2773 Καὶ
1182 2747 1206 2773 εἰ
1219 2747 1256 2782 μὴ
1272 2746 1329 2773 ἔστι
1343 2748 1409 2780 Θεὸς
1421 2749 1492 2776 κατά
1504 2751 1583 2784 φύσιν
1593 2752 1607 2778 ὁ
1620 2752 1692 2785 Υἱὸς,
1711 2753 1772 2785 πῶς
1784 2754 1818 2780 τὰ
1831 2754 1902 2789 μόνῳ

1115 2792 1252 2825 πρέποντα
1276 2791 1334 2827 Θεῷ
1357 2793 1404 2818 κει)⁸
1422 2794 1537 2829 ἐνεργεῖ,
1564 2796 1610 2822 καὶ
1633 2797 1800 2832 ὲργάξεται;
1829 2796 1901 2833 *Αρα

1112 2838 1165 2872 γὰρ
1182 2836 1338 2872 ἐξαρκέσειν
1355 2838 1462 2873 ἐροῦσιν
1478 2841 1561 2875 αὐτῷ,
1577 2842 1623 2869 καὶ
1640 2843 1708 2878 πρὸς
1724 2843 1841 2883 δύναμιν
1853 2844 1900 2880 τὴν

312 2909 461 2938 "Malach.
484 2919 529 2946 ιιι,
549 2912 575 2938 6.
598 2913 620 2928 ³⁵
635 2913 705 2941 Psal.
725 2921 762 2947 et,
783 2915 822 2942 15.
861 2917 882 2932 ³⁷
898 2917 964 2944 Dan.
987 2927 1046 2952 xm,
1068 2938 1070 2940 -

1155 2923 1174 2936 ⁵η
1190 2922 1288 2950 ch'cm.
1309 2932 1385 2956 nm,
1405 2924 1450 2958 ‘23,
1468 2925 1512 2953 21.
