2026 3123
146 200 198 228 357

679 200 710 228 ΙΝ
729 198 870 227 JOANNIS
891 198 1125 228 EVANGELIUM.
1144 202 1207 229 LIB.
1219 202 1252 229 ll.

1723 199 1756 227 3ῒὶ
1761 200 1775 227 ς

146 255 298 290 θεοπρεπῆ,
313 255 342 282 τὸ
355 255 434 291 μόνον
451 256 513 283 ἰδεῖν
524 256 686 291 ἐνεργοῦντα
698 256 741 282 τὸν
750 256 869 291 Πατέρα,
886 255 925 281 κα¹

984 258 1109 282 naturam
1127 255 1210 288 Deus,
1232 260 1258 283 et
1274 259 1328 283 tam
1342 257 1427 284 multa
1444 256 1551 285 ellicere
1564 257 1652 292 possit
1667 262 1769 292 quanta

144 301 187 328 διά
196 300 275 335 ψιλῆς
297 302 388 337 ὅψεως
406 301 612 337 ἀποκερδαίνειν
628 302 657 328 τὸ
676 299 744 327 εἶναι
766 301 836 327 κατὰ
851 300 931 335 φύσιν

144 348 219 378 Θεὸς,
233 347 281 373 καὶ
293 346 411 373 τοσαῦτα
427 347 556 374 δύνασθαι
576 349 672 380 ποιεῖν,
690 348 794 382 ὅσαπερ
809 347 842 373 ἂν
858 346 904 374 καὶ
919 348 932 373 ὁ

143 393 273 419 δεικνύων
289 393 379 428 αὺτῷ;
404 394 486 421 Οὐδὲν
508 391 554 421 οὖν
566 394 620 428 ἄρα
636 394 666 420 τὺ
680 393 783 420 κωλύον
799 393 867 425 ἐστὶ,
885 394 932 420 καὶ

144 438 258 470 πολλοὺς
281 439 347 474 ἡμῖν
372 439 481 474 ἐτέρους
511 438 702 473 ἀναδειχθῆναι
727 439 814 470 θεοὺς,
839 438 932 473 ἐθελή-

144 492 238 515 σαντος
256 484 303 511 καὶ
318 484 400 511 αὑτοῦ
418 485 548 517 ἐπιδεῖξαι
563 485 610 511 τοῦ
628 484 733 518 Πατρὸς
747 485 801 511 τῶν
823 484 931 510 οἰκείων

143 529 231 564 ἔργων
244 530 293 566 τὴν
306 530 372 562 ὁδὸν,
388 531 434 557 καὶ
445 531 473 556 ἐν
487 530 524 564 τῷ
538 530 632 564 μαθεῖν
645 539 671 555 τι
685 529 810 564 περιττὸν
822 528 872 563 τῆς
883 528 929 554 τοῦ

143 575 250 610 Πατρὸς
264 575 358 606 οὐσίας
378 575 499 601 κείσεται
514 575 544 601 τὸ
560 574 697 609 ἐξαίρετον
710 582 716 589 ·
729 575 759 600 οὐ
774 574 828 608 γὰρ
841 573 930 600 διδακ-

142 622 206 654 τῶς,
218 621 255 653 ὡς
271 621 369 648 ἐκεῖνοί
381 630 472 655 φασιν,
490 622 529 652 εἰς
544 621 652 654 ἀξίωμα
664 621 693 647 τὸ
707 621 754 656 τῆς
766 620 835 647 κατὰ
849 619 929 654 φύσιν

141 670 266 704 θεότητος
283 668 445 704 ἀναδραμὼν
465 669 620 704 εὑρίσκεται
641 668 728 702 λέγων
740 675 746 681 “
770 678 779 693 ι
799 667 867 701 Ἐγὼ
883 668 929 693 καὶ

141 717 155 742 ὸ
177 715 272 751 Πατὴρ
297 715 325 741 ἓν
348 716 440 749 ἐσμεν.
473 715 502 741 ',0
524 714 653 749 ἑωρακὼς
676 714 735 748 ἐμὲ,
755 712 860 748 ἑώρακε
883 714 928 739 τὸν

142 763 262 796 Πατέρα.
273 771 282 787 ι
307 761 559 796 ’Λναμετρείτωπαν
576 761 665 787 τοίνυν
679 760 740 791 ὅσος
759 760 851 791 αὐτοῖς
865 760 928 786 δυσ-

141 804 247 841 φημίας
271 806 349 841 ὄχλος
377 807 409 832 ὲκ
430 806 477 832 τοῦ
501 806 611 832 τοιῶσδε
639 807 708 832 νοεῖν
737 805 839 832 ἐθέλειν
867 806 927 831 ὲπι-

140 853 300 888 σωρεύεται,
323 853 369 879 καὶ
393 853 573 887 φρονείτωσαν
595 852 681 887 ἀληθῆ
708 852 772 887 περὶ
790 852 836 879 τοῦ
861 852 926 879 Υίοῦ

138 899 210 925 καθὰ
228 899 392 933 γέγραπται.
420 898 488 924 Οὔτε
505 898 560 933 γὰρ
576 898 607 924 ὲκ
628 897 743 933 θεωρίας
758 897 808 933 τῆς
826 898 855 924 ὲν
870 899 926 930 τοῖς

138 944 340 979 ἀποτελέσμασι
357 944 404 971 τοῦ
422 945 547 981 Πατρδς,
580 943 640 971 οὔτε
667 944 719 980 μὴν
742 944 779 976 ὡς
803 953 921 980 προκατ-
942 937 962 964 Β

137 992 274 1027 αρκτικῶς
293 993 320 1018 ὲν
334 993 390 1022 τοῖς
417 992 507 1028 ἔργοις
522 991 589 1026 ἔχων
606 991 696 1023 αὑτὸν,
711 992 825 1026 ποιητής
840 992 924 1022 ἐστιν,

137 1039 154 1073 ἢ
171 1038 389 1073 θαυματουργὺς,
410 1039 456 1064 καὶ
476 1037 520 1063 διὰ
536 1037 612 1063 τοῦτό
633 1038 705 1064 ἐστιν
719 1037 792 1070 Υἱὸς,
811 1037 867 1063 ἀλλ’
885 1038 925 1064 ὃτι

137 1085 250 1119 φυσικὸς
265 1085 360 1120 ὥσπερ
370 1093 411 1116 τις
426 1084 507 1110 αὐτὸν
523 1084 654 1117 ἀποφέρει
666 1083 747 1118 νόμος
761 1083 807 1109 ἐπὶ
818 1083 866 1118 τὴν
878 1083 925 1110 τοῦ

136 1131 315 1165 γεννήσαντος
333 1131 541 1166 ἀπαράλλακτον
556 1130 712 1165 ὁμοιότητα,
728 1131 751 1155 εί
767 1129 821 1165 [ἷσ.
877 1130 924 1156 καὶ

135 1175 178 1202 διὶι
192 1176 241 1210 τῆς
254 1176 306 1202 τῶν
321 1175 408 1210 ἔργων
422 1175 582 1206 ἀνελλιιποῦς
597 1176 745 1210 ἐμφερείας
757 1175 922 1209 ἀναλάμπει,

136 1223 184 1248 καὶ
204 1222 340 1256 φαίνεται.
366 1221 539 1257 Παραθέντες
552 1222 580 1248 δὲ
595 1222 640 1248 καὶ
654 1222 783 1253 εἰσαῦθις,
801 1223 824 1248 εἰ
839 1222 922 1256 δοκεῖ,

982 301 1006 328 is
1026 301 1110 328 etiam
1130 301 1176 336 qui
1195 302 1219 328 ei
1238 302 1375 329 ostendit?
1392 302 1466 330 Nihil
1482 311 1548 338 ergo
1562 303 1689 338 prohibet
1701 311 1770 338 quo-

982 347 1074 375 minus
1087 349 1165 375 multi
1183 348 1228 375 alii
1243 356 1353 384 quoque
1369 348 1406 375 dii
1418 349 1546 382 evadant,
1557 350 1579 377 si
1593 349 1674 377 Pater
1686 352 1768 377 etiam

982 394 1041 428 ipse
1055 394 1173 421 voluerit
1198 401 1311 422 suorum
1327 402 1441 429 operum
1459 395 1529 421 viam
1549 396 1682 430 indicare,
1699 401 1726 424 et
1741 396 1769 423 in

981 447 1184 473 supervacanea
1197 447 1226 468 re
1237 440 1369 468 discenda
1386 444 1508 476 paterna:
1524 442 1684 470 substantia:
1700 451 1770 477 pra!-

981 487 1082 514 stantia
1093 487 1285 514 collocabitur.
1301 486 1360 514 Non
1381 486 1453 514 enim
1471 487 1609 520 doctrina,
1624 492 1655 515 ut
1667 488 1707 515 illi
1725 489 1768 515 di-

980 536 1056 564 cunt,
1072 533 1106 559 ad
1132 533 1294 568 dignitatem
1316 533 1452 560 naturalis
1478 533 1589 561 deitatis
1609 535 1769 562 ascendisse

980 578 1160 613 comperitur,
1187 586 1248 605 eum
1267 579 1323 606 ait:
1351 588 1361 604 ι
1387 578 1443 614 Ego
1464 583 1492 606 et
1512 579 1594 605 Pater
1617 587 1701 606 unum
1722 587 1769 606 su-

980 631 1042 651 mus
1058 624 1091 650 ’9.
1108 624 1159 656 Qui
1177 625 1244 651 vidit
1258 632 1311 657 me,
1325 625 1393 651 vidit
1411 629 1438 652 et
1453 624 1559 651 Patrem
1577 625 1611 652 ‘°.
1630 634 1640 650 ι
1661 625 1769 658 Expen-

979 669 1044 696 dant
1060 670 1140 705 igitur
1155 674 1286 705 quantam
1301 672 1353 698 vim
1369 671 1604 705 blasphemiarum
1619 678 1651 698 ex
1671 671 1768 704 hujus-

979 715 1052 742 tnodi
1067 717 1205 743 sententia
1222 717 1365 751 colligant,
1380 721 1408 744 et
1423 724 1486 744 vera
1502 717 1535 744 de
1551 716 1620 743 Filio
1637 717 1766 748 sentiant,

979 766 1010 789 ut
1032 763 1165 797 scriptum
1184 766 1238 790 est.
1260 762 1355 797 Neque
1379 763 1453 790 enim
1476 770 1510 790 ex
1536 763 1769 797 contemplatione

978 812 1157 843 paternorum
1177 817 1301 844 operum,
1319 816 1406 841 neque
1424 813 1499 836 certe
1520 813 1549 836 ut
1566 809 1613 843 qui
1631 809 1720 843 ipsum
1740 809 1767 835 in

977 853 1107 887 operibus
1122 854 1218 881 ducem
1236 862 1269 881 ac
1283 855 1445 889 magistrum
1467 854 1578 887 habeat,
1595 853 1707 881 eiTector
1726 859 1768 881 est

978 903 1026 926 aut
1049 904 1173 934 patrator
1192 901 1411 933 miraculorum,
1431 905 1513 935 atque
1545 901 1652 928 idcirco
1679 901 1766 928 Filius

976 950 1028 978 est,
1050 947 1096 974 sed
1113 947 1242 981 quoniam
1258 947 1392 974 naturalis
1405 947 1489 974 veluti
1505 948 1629 982 quaedam
1648 947 1691 973 lex
1704 954 1765 974 eum

976 993 1010 1019 ad
1033 992 1158 1020 eamdem
1185 1001 1235 1028 per
1258 993 1350 1020 omnia
1374 1001 1436 1020 eum
1454 992 1534 1019 Patre
1557 993 1764 1020 similitudinem

976 1038 1071 1070 infert,
1082 1046 1142 1073 quae
1158 1039 1239 1066 etiam
1258 1047 1305 1073 per
1322 1030 1434 1073 operum
1449 1039 1602 1066 absolutam
1619 1039 1765 1072 imaginem

976 1085 1065 1113 elucet
1078 1091 1104 1112 et
1119 1090 1239 1120 apparet.
1257 1084 1311 1112 Sed
1326 1085 1467 1119 proposito
1487 1092 1586 1111 rursus
1608 1088 1695 1116 textu,
1717 1091 1765 1111 eo-

976 1139 1029 1166 que
1054 1131 1163 1158 acutius
1175 1130 1369 1165 pervestignto,
1393 1129 1539 1164 diligenter
1557 1129 1764 1156 consideremus

976 1184 1102 1212 quaenam
1123 1178 1158 1204 sit
1175 1176 1312 1203 dictorum
1329 1177 1476 1208 sententia,
1489 1179 1516 1202 et
1531 1183 1584 1210 qua
1602 1176 1704 1210 pietate
1722 1175 1764 1202 in-

977 1223 1098 1257 telligere
1113 1221 1191 1248 decet
1207 1221 1418 1256 perspiciamus.

135 1268 165 1293 τὸ
193 1267 241 1293 τοῦ
261 1267 342 1301 λόγου
366 1267 523 1301 κεφάλαιον,
548 1267 594 1294 καὶ
616 1267 793 1302 δριμυτέραις
816 1268 939 1303 ὲρεύναις
967 1270 1031 1298 αὐτὸ
1055 1267 1254 1304 βασανίζοντες,
1278 1267 1424 1302 θεωρῶμεν
1439 1266 1573 1303 ἀκριϐῶς,
1599 1268 1641 1299 τίς
1665 1268 1697 1294 ἂν
1721 1267 1763 1303 εἴη

135 1312 228 1338 λοιπὸν
249 1311 302 1338 τῶν
315 1311 468 1345 λεγομένοιν
483 1312 498 1346 ἡ
513 1311 636 1346 δύναμις,
654 1312 701 1337 καὶ
720 1312 793 1344 ὅπως
812 1315 945 1350 προσήκει
961 1314 1087 1345 νοοῦντας
1103 1313 1235 1347 εὐσεῧεῖν,
1253 1312 1302 1348 ἤδη
1321 1313 1579 1348 περισκεπτώμεθα.

170 1357 285 1389 Οὐκοῦν,
310 1357 412 1391 Ἀμὴν,
435 1356 516 1391 ἀμὴν
535 1357 612 1390 λέγω
631 1357 711 1391 ὑμῖν,
732 1358 768 1384 οὐ
786 1358 922 1393 δύναται,

134 1405 228 1439 φησὶν,
245 1402 259 1428 ό
276 1403 343 1436 Υἱὸς
358 1402 453 1429 ποιεῖν
470 1403 519 1437 ἀφ’
536 1403 643 1429 ἑαυτοῦ
657 1403 756 1436 οὐδὲν,
777 1404 832 1430 ἐὰν
843 1405 884 1440 μή
896 1414 923 1432 τι

131 1450 235 1484 ,βλέπῃ
251 1450 305 1476 τὸν
324 1448 440 1482 Πατέρα
462 1449 606 1476 ποιοῦντα
620 1458 626 1465 ·
650 1449 670 1476 ἀ
685 1450 739 1485 γὰρ
758 1451 796 1477 ἂν
808 1451 922 1485 ἐκεῖνος

133 1495 217 1530 ποιῇ,
235 1495 330 1522 ταῦτα
341 1495 390 1521 καὶ
402 1497 418 1522 ὸ
436 1494 502 1527 Υίὸς
519 1494 625 1528 ὁμοίως
642 1495 728 1521 ποιεῖ.
751 1496 831 1531 Ὁρᾷς
848 1497 922 1529 ὅπως

133 1543 180 1569 καὶ
194 1542 239 1568 διὰ
252 1542 302 1577 τῆς
315 1543 343 1568 ὲν
352 1542 408 1572 τοῖς
423 1540 512 1576 ἔργοις
525 1540 734 1575 ἀπαραλλάκτου
749 1542 921 1577 ταυτότητος,
938 1558 958 1586 C

133 1588 226 1623 ὅμοιον
241 1587 337 1614 ἑαυτὸν
350 1586 419 1613 κατὰ
436 1586 525 1613 πάντα
540 1586 656 1613 δεικνύει
672 1587 710 1622 τῷ
724 1588 820 1623 Πατρὶ,
835 1588 879 1615 ἵνα
892 1588 922 1624 δὴ

134 1635 263 1670 φαίνηται
278 1634 323 1661 διὰ
341 1634 435 1660 τούτου
455 1634 503 1660 καὶ
518 1633 568 1668 τῆς
589 1634 683 1665 οὐσίας
698 1634 779 1660 αὑτοῦ
796 1635 923 1670 κληρονό-

135 1690 184 1717 μος
198 1689 205 1696 '
221 1681 260 1712 ὡς
271 1681 325 1714 γὰρ
337 1678 492 1714 ἀναγκαίως
507 1688 536 1705 τε
550 1679 597 1706 καὶ
609 1680 811 1715 ἀναντιρῤήτως
824 1681 922 1716 νοηθη⁸

133 1727 248 1764 σομένου
261 1726 328 1754 Θεοῦ
348 1726 418 1754 κατὰ
435 1726 514 1760 φύσιν
533 1726 663 1761 ὑπάρχειν
677 1725 723 1752 τοῦ
740 1726 788 1761 τὴν
804 1726 864 1761 ἴσην
881 1728 923 1753 ὲν-

132 1773 244 1809 έργειαν
258 1772 364 1808 ἔχοντος
377 1771 415 1806 τῷ
429 1771 487 1806 Θεῷ
500 1771 547 1798 καὶ
561 1771 657 1804 Πατρὶ,
671 1770 705 1796 τὰ
715 1771 828 1797 τοιαῦτά
839 1779 922 1806 φησιν

131 1821 146 1846 ὁ
169 1819 277 1854 Σωτήρ.
303 1817 521 1850 Σκανδαλιζέσθω
540 1817 569 1843 δὲ
588 1816 693 1852 μηδεὶς,
715 1817 778 1843 ὃταν
793 1817 921 1852 φαίνηται

132 1866 219 1900 λέγων
237 1864 430 1900 οἰκονομικῶς,
456 1864 493 1898 μὴ
514 1863 643 1890 δύνασθαι
660 1864 747 1889 ποιεῖν
762 1863 808 1897 ἀφ’
825 1864 921 1890 ἑαυτοῦ

134 1912 229 1947 μηδὲν,
246 1911 293 1937 ἐὰν
316 1913 352 1946 μή
374 1919 400 1936 τι
415 1910 500 1945 βλέπῃ
516 1908 561 1935 τὸν
583 1909 691 1944 Πατέρα
711 1908 839 1935 ποιοῦντα
852 1917 859 1924 ·
884 1909 921 1941 ὡς

132 1957 187 1992 γὰρ
200 1957 251 1992 ἠδη
268 1956 316 1991 τὴν
332 1955 379 1981 τοῦ
392 1955 484 1981 δούλου
502 1954 606 1989 μορφὴν
628 1953 818 1989 περικείμενος
832 1953 875 1980 διὰ
891 1953 921 1980 τὸ

133 2003 268 2037 ὲνωθῆναι
297 2001 394 2036 σαρκὶ,
424 2001 474 2026 οὐκ
501 1999 662 2034 ἐλευθέραν,
690 1999 750 2026 οὐδὲ
776 1999 920 2034 ἀνειμένην

133 2047 274 2078 παντελῶς
290 2048 329 2078 εἰς
341 2045 479 2080 θεοπρεπῆ
496 2044 650 2079 παρρησίαν
668 2044 785 2070 ἐποιεῖτο
799 2044 847 2078 τὴν
865 2043 921 2070 διά-

132 2094 221 2126 λεξιν·
239 2093 337 2128 ἐχρῆτο
358 2092 385 2118 δὲ
404 2091 502 2126 μᾶλλον
516 2090 628 2125 τοιαύτῃ
641 2089 674 2116 δι’
690 2090 843 2124 οἰκονομίαν
864 2089 920 2116 ἔσθ’

131 2141 189 2172 ὂτε,
213 2141 284 2175 ἥπερ
311 2139 343 2165 ἂν
359 2138 458 2174 πρέποι
481 2136 540 2171 Θεῷ
562 2144 592 2162 τε
614 2135 681 2171 ὁμοῦ
703 2136 751 2162 καὶ
773 2135 919 2171 ἀνθρώπῳ.

132 2187 189 2214 Καὶ
210 2186 265 2221 γὰρ
281 2183 314 2220 ἦν
327 2185 410 2215 ὅντως
430 2183 499 2210 κατὰ
515 2182 614 2209 ταυτὸν
629 2182 771 2216 ἀμφύτερα
784 2190 791 2197 ’
816 2179 855 2213 εἷς
872 2182 920 2217 μὲν

1013 1360 1099 1394 Igitur
1119 1366 1125 1383 :
1143 1359 1238 1391 Amen,
1262 1366 1336 1384 amen
1360 1358 1418 1385 dico
1440 1358 1521 1390 vobis,
1542 1366 1594 1385 non
1612 1363 1705 1392 potest,
1722 1359 1766 1386 in-

977 1405 1047 1440 quit,
1063 1403 1150 1430 Fitius
1171 1412 1187 1430 a
1206 1412 1233 1430 se
1248 1404 1335 1437 facere
1347 1405 1502 1438 quidquam,
1518 1404 1569 1430 nisi
1583 1404 1652 1439 quod
1673 1404 1764 1433 viderit

977 1450 1086 1476 Patrem
1099 1449 1255 1484 facientem:
1275 1456 1436 1484 quacunque
1450 1449 1519 1475 enim
1531 1449 1576 1475 ille
1589 1450 1690 1484 fecerit,
1710 1450 1766 1478 hec

976 1500 1000 1523 et
1018 1495 1104 1522 Filius
1118 1495 1241 1526 similiter
1257 1494 1334 1528 facit.
1354 1493 1451 1521 Cernis
1469 1498 1499 1520 ut
1514 1494 1596 1521 etiam
1614 1502 1662 1529 per
1681 1495 1764 1522 abso-

977 1542 1140 1569 lutissimum
1157 1547 1272 1575 operum
1299 1539 1472 1567 identitatem
1498 1539 1615 1567 similem
1636 1548 1665 1567 se
1691 1540 1765 1567 Patri

976 1588 1004 1614 in
1020 1587 1150 1614 omnibus
1167 1585 1296 1617 ostendit,
1316 1589 1345 1612 ut
1366 1593 1414 1620 per
1442 1585 1494 1612 hoc
1513 1591 1587 1613 certe
1604 1586 1766 1613 substantiae

976 1641 1086 1668 quoque
1099 1631 1190 1659 Patris
1207 1632 1294 1658 hazres
1315 1635 1455 1666 appareat.
1473 1629 1600 1658 Salvator
1619 1631 1692 1658 enim
1707 1631 1765 1659 hanc

976 1678 1023 1709 ait,
1050 1676 1129 1712 quasi
1144 1677 1302 1704 necessario
1314 1680 1342 1703 et
1359 1675 1430 1702 citra
1446 1676 1664 1703 controversiam
1683 1677 1764 1704 intel-

975 1724 1101 1759 ligendus
1118 1723 1154 1751 sit
1169 1722 1239 1750 Deus
1254 1722 1406 1750 secundum
1423 1727 1549 1749 naturam
1561 1722 1705 1753 exsistere,
1719 1723 1763 1749 cui

975 1770 1090 1805 aequalis
1104 1770 1140 1796 sit
1154 1777 1215 1796 cum
1233 1769 1290 1796 Deo
1300 1773 1327 1796 et
1340 1769 1422 1803 220
1432 1768 1513 1795 Patre
1528 1769 1664 1803 operatio.
1680 1768 1765 1796 Nemo

976 1822 1064 1844 autem
1085 1816 1299 1848 scandalizetur,
1318 1824 1380 1843 cum
1405 1824 1452 1851 per
1466 1815 1701 1851 dispensationem
1722 1816 1764 1842 di-

976 1871 1037 1890 cere
1050 1863 1158 1890 videtur
1171 1862 1257 1889 Filius
1272 1869 1326 1888 non
1339 1869 1421 1896 posse
1436 1869 1451 1888 a
1461 1869 1489 1888 se
1500 1860 1589 1888 facere
1602 1862 1762 1896 quidquam,

974 1909 1028 1936 nisi
1052 1909 1126 1944 quod
1151 1908 1252 1935 viderit
1276 1907 1386 1934 Patrem
1413 1906 1580 1934 facientem:
1609 1914 1669 1933 nam
1698 1907 1763 1942 quia

975 1957 1046 1983 servi
1065 1955 1179 1982 formam
1193 1954 1342 1988 assumpsit
1354 1953 1424 1984 “'",
1441 1957 1468 1979 et
1482 1953 1564 1979 homo
1580 1952 1668 1979 factus
1684 1957 1726 1979 est
1739 1952 1762 1968 “

973 2006 1085 2036 propter
1104 2000 1197 2027 carnis
1213 1998 1449 2033 conjunctionem,
1464 2005 1518 2025 non
1534 2005 1642 2032 semper
1653 2005 1683 2025 ea
1702 2005 1763 2032 qure

974 2047 1030 2074 Deo
1060 2046 1189 2073 convenit
1215 2046 1340 2073 libertate
1367 2049 1450 2079 atque
1475 2043 1639 2071 auctoritate
1667 2044 1692 2070 in
1723 2044 1763 2070 lo-

974 2093 1083 2128 quendo
1102 2092 1242 2125 utebatur,
1264 2091 1330 2126 quin
1347 2090 1439 2125 potius
1460 2097 1508 2124 per
1526 2089 1761 2124 dispensationem

973 2145 1034 2165 eam
1057 2137 1192 2165 interdum
1213 2137 1370 2168 adhibebat,
1393 2144 1454 2170 qua:
1479 2135 1534 2162 Deo
1550 2136 1654 2170 pariter
1668 2141 1695 2163 et
1710 2136 1762 2163 ho-

974 2184 1042 2211 mini
1056 2183 1209 2211 conveniat.
1227 2182 1290 2209 Erat
1303 2182 1375 2209 enim
1392 2185 1542 2216 utrumque
1558 2181 1639 2209 simul
1654 2189 1759 2209 revera.

132 2233 166 2269 δὴ
181 2233 261 2266 λόγος
271 2228 348 2262 οὗτος
361 2230 472 2264 ἀληθής
485 2227 562 2264 οἶμαι
576 2227 604 2254 δὲ
617 2228 671 2254 δεῖν
682 2228 729 2254 καὶ¹
743 2227 828 2263 ἑτέρῳ
840 2228 920 2254 πάλιν

976 2230 1036 2257 Haec
1057 2230 1165 2265 quidem
1186 2229 1312 2256 doctrina
1335 2235 1399 2255 vera
1421 2231 1479 2261 est;
1505 2228 1553 2255 sed
1575 2228 1629 2254 alio
1652 2235 1762 2262 quoque

132 2277 325 2312 ἐπεξηγεῖσθαι
351 2275 444 2310 τρόπῳ
460 2274 490 2300 τὸ
514 2273 704 2309 προκείμενον,
727 2273 773 2299 καὶ
794 2272 921 2308 ὀξύτερόν

131 2333 193 2355 πως
210 2325 242 2359 τῇ
257 2322 304 2349 τοῦ
318 2321 493 2357 θεωρήματος
509 2319 636 2355 ἀκριϐείᾳ
651 2318 839 2354 προσϐάλλειν.
860 2328 870 2344 ε
883 2319 919 2345 Οὐ

131 2370 257 2399 δύναται,
269 2378 277 2394 ι
295 2367 388 2402 φησὶν,
400 2376 409 2392 ι
420 2365 503 2396 me;
516 2366 602 2391 ποιεῖν
612 2363 657 2398 ἀφ’
672 2363 768 2390 ἑαυτοῦ
781 2363 920 2394 οὐδὲντὲάν

133 2417 172 2452 μή
180 2423 206 2441 τι
219 2414 305 2450 βλέπῃ
313 2414 357 2440 τὸν
365 2413 474 2447 Πατέρα
482 2411 619 2438 ποιοῦντα.
633 2419 642 2435 ι
654 2409 700 2442 Τὸ,
713 2419 721 2434 ι
732 2409 763 2435 οὐ
776 2409 896 2441 δύναται,
908 2418 917 2434 ι

131 2463 193 2497 ἦτοι
207 2460 237 2487 τδ
251 2460 380 2487 ἀδύνατον
391 2458 582 2494 κατηγορεῖται
592 2455 683 2488 τινῶν,
699 2455 758 2490 ἦτοι
772 2454 826 2481 τῶν
837 2454 920 2481 ὄντων

130 2508 203 2533 τισὶν
219 2506 387 2541 ἐπιφέρεται.
407 2504 491 2531 Τοῦτο
514 2503 568 2538 γὰρ
588 2502 630 2537 δὴ,
646 2502 676 2528 τὸ
698 2500 919 2536 κατηγορεῖσθαι,

131 2552 234 2588 φαμὲν,
252 2551 312 2586 οὐχὶ
328 2550 436 2581 πάντως
453 2549 591 2584 ἀνάγκης,
619 2547 679 2574 οὐδὲ
702 2546 842 2578 ἀσθενείας
862 2546 921 2572 ἐστὶ

131 2597 311 2634 σημαντικόν·
326 2596 445 2622 διδάσκει
455 2595 483 2622 δὲ
496 2595 624 2626 πολλάκις
637 2593 684 2620 καὶ
698 2593 804 2628 φύσεων
817 2592 918 2628 ἑδραιό-

131 2652 212 2678 τητα,
236 2643 284 2670 καὶ⁸
307 2642 406 2668 οὐσιῶν
422 2641 568 2676 ἀκλόνητον
591 2640 695 2671 στάσιν,
713 2639 762 2675 τὴν
784 2639 826 2673 ἐφ’
848 2635 919 2674 οἷςῆ

132 2690 215 2722 ἔστιν,
229 2689 245 2725 ἢ
257 2689 370 2724 γέγονεν
382 2688 481 2723 ἑκάστη
493 2686 546 2713 τῶν
561 2686 776 2721 σημαινομένων,
789 2685 836 2712 καὶ
849 2684 921 2719 ἅπερ

131 2735 184 2763 οἶδε
202 2735 325 2771 φυσικῶς
349 2743 378 2761 τε
401 2734 447 2760 καὶ
465 2733 642 2769 ἀμεταθέτως
663 2733 793 2767 ἐνεργεῖν.
815 2731 920 2758 Ἠκὲτω

130 2782 169 2816 δὲ,
183 2784 207 2810 εἰ
220 2783 306 2813 δοκεῖ,
328 2781 374 2808 καὶ
390 2780 433 2807 διὰ
453 2779 680 2815 παραδειγμάτων
696 2780 710 2806 ὁ
727 2778 815 2813 λόγος.
834 2778 919 2804 Ὅταν

163 2909 184 2924 ³⁵¹
198 2914 282 2941 Joan.
300 2921 314 2939 κ
329 2934 335 2945 ,
351 2913 395 2940 30.
435 2913 458 2928 "°
474 2912 552 2939 Joan.
571 2921 625 2945 xtv,
641 2913 666 2939 9.
704 2913 762 2928 “4'
779 2912 875 2947 Philip.
898 2920 915 2938 ll
929 2934 935 2943 ,
953 2912 978 2938 τ.

974 2275 1057 2303 modo
1080 2283 1136 2302 rem
1155 2275 1324 2309 propositam
1351 2273 1464 2308 insuper
1487 2273 1677 2308 explicandam
1699 2281 1762 2301 esse

974 2329 1046 2355 reor,
1066 2325 1093 2349 et
1109 2321 1217 2348 acutius
1233 2319 1307 2347 illius
1329 2319 1509 2347 theorematis
1530 2320 1664 2346 rationem
1685 2320 1759 2347 iutu-

973 2367 1082 2395 endam.
1100 2376 1108 2392 ι
1122 2366 1180 2394 Νοη
1197 2369 1298 2400 potest,
1323 2375 1332 2391 ι
1348 2365 1449 2400 inquit,
1464 2375 1472 2390 ι
1492 2365 1576 2392 Filius
1588 2373 1602 2391 a
1623 2373 1652 2392 se
1671 2364 1760 2393 facere

974 2413 1135 2448 quidquam,
1150 2412 1202 2439 nisi
1220 2412 1293 2447 quod
1317 2410 1416 2439 viderit
1436 2410 1544 2438 Patrem
1571 2410 1726 2437 facientem.
1747 2419 1757 2436 ι

974 2458 1043 2486 Illud
1061 2468 1069 2484 ι
1090 2457 1149 2486 Non
1166 2462 1266 2493 potest,
1291 2467 1300 2483 ι
1319 2457 1376 2485 sive
1395 2457 1558 2491 impossibile
1579 2462 1628 2490 est,
1644 2457 1677 2484 de
1697 2457 1758 2491 qui-

974 2504 1090 2531 busdam
1103 2503 1277 2539 praedicatur,
1290 2503 1348 2531 sive
1364 2503 1505 2530 nonnullis
1517 2503 1600 2530 rebus
1618 2502 1758 2530 tribuitur.

973 2549 1041 2577 Illud
1054 2551 1137 2581 enim,
1155 2550 1311 2585 prmdicari,
1326 2558 1379 2577 non
1395 2550 1489 2584 utique
1504 2550 1695 2577 necessitatem
1712 2553 1760 2576 aut

973 2595 1188 2622 imbecillitatem
1210 2595 1369 2631 signiﬁcare
1384 2596 1512 2628 dicimus,
1531 2595 1578 2623 sed
1600 2596 1760 2630 plerumque

973 2640 1083 2667 denotat
1103 2645 1266 2668 naturarum
1281 2642 1470 2675 stabilitatem,
1495 2645 1522 2668 et
1542 2641 1758 2669 substantiarum

971 2691 1072 2714 statum
1089 2687 1286 2714 inconcussum
1303 2688 1394 2722 quoad
1410 2688 1573 2721 essentiam,
1593 2692 1620 2715 et
1646 2692 1760 2714 natura-

973 2733 1025 2760 lem
1052 2737 1135 2767 atque
1155 2732 1353 2761 immutabilem
1378 2734 1563 2769 operationem
1581 2733 1759 2769 uniuscuju5<

973 2786 1034 2813 que.
1045 2778 1108 2809 Sed,
1124 2778 1146 2806 si
1159 2778 1246 2813 juvat,
1264 2778 1346 2806 etiam
1359 2779 1492 2814 exemplis
1507 2787 1564 2806 rem
1580 2778 1758 2815 explicemus.

1019 2913 1040 2927 ⁵³
1054 2911 1131 2939 Joan.
1150 2919 1167 2944 ι,
1187 2913 1229 2938 la.
