2026 3123
274 203 325 232 559

782 201 809 229 S.
829 201 967 230 CYlllLLl
987 200 1221 229 ALEXANDRINI
1241 199 1398 229 ARCIHEP.

1840 200 1892 230 360

273 260 301 287 Si
315 259 387 294 quis,
409 257 526 293 exempli
542 257 642 293 gratia,
667 258 742 286 dicat
756 266 785 286 se
803 267 855 286 non
877 267 957 294 posse
971 267 1054 295 grave

1110 260 1245 295 ἱνορωπος
1260 260 1324 296 εἴπῃ
1336 259 1425 295 τυχὸν,
1449 259 1539 294 ἀπηχὺ
1555 268 1584 285 τε
1602 257 1656 293 [Ισ.
1670 258 1786 295 ἀπηχὲς]
1807 258 1891 292 εἰκὸς,

273 311 354 340 atque
379 308 488 338 portatu
510 303 619 331 diﬁicilc
644 303 747 338 lignum
772 310 889 340 gestare,
904 313 981 333 suam
1003 305 1055 332 im-

274 350 450 377 becillitatem
474 349 576 384 prodit.
604 348 652 376 Sin
670 354 759 378 autem
775 351 845 378 alius
861 351 953 378 dicat:
971 350 1057 377 Homo

274 395 388 422 rationis
411 401 522 429 compos
539 401 601 421 cum
616 394 680 426 sim.
703 399 728 422 et
753 395 882 422 rationali
907 399 1056 430 prognatus

273 445 359 475 patre,
378 448 431 467 non
445 448 556 476 possum
573 440 664 468 facere
678 441 818 475 proprium
832 441 916 468 veluti
926 440 1056 476 quiddam

272 491 300 514 et
320 494 334 513 a
351 487 467 522 meipso,
483 486 556 522 quod
580 494 634 514 non
652 486 757 514 videam
781 487 871 514 inesse
885 490 990 514 natura:
1010 486 1058 514 Pa-

274 533 344 565 tris;
363 537 428 560 tunc
449 532 516 559 illud
534 542 543 558 (
563 532 621 560 Non
640 540 752 568 possum
779 542 788 558 ι
808 532 989 560 substantiam
1010 532 1057 559 ﬁr-

274 586 345 606 mam
356 586 428 610 esse,
441 582 468 605 et
482 578 582 605 mutari
597 586 653 606 non
668 586 748 613 posse
761 579 787 605 in
802 579 875 606 aliud
889 579 922 606 ab
936 587 970 607 eo
984 579 1056 613 quod

273 627 326 654 cst,
340 623 486 658 signiﬁcat.
505 622 564 649 Non
581 631 692 657 possum
703 623 787 655 enim,
804 623 902 658 inquit,
921 631 935 650 a
952 624 1057 659 meipso

274 677 328 696 non
352 677 413 697 esse
435 669 537 696 animal
561 669 678 696 rationis
701 677 825 705 compos,
846 669 999 705 proﬂigatis
1023 670 1056 697 iis

273 723 334 750 quae
359 719 463 742 naturae
482 715 575 742 insunt
596 715 794 749 prmrogativis.
814 714 873 742 Non
891 716 964 743 enim
978 715 1056 742 video

275 766 355 794 posse
368 759 419 785 hoc
428 758 485 793 pati
498 758 525 785 in
540 759 628 793 patris
639 763 748 786 natura.
761 759 863 788 Eodem
874 760 965 795 itaque
976 759 1057 788 modo

272 805 413 832 Christum
436 804 571 832 dicentem
586 804 741 840 intelliges:
759 814 768 830 ε
785 805 844 833 Non
867 810 956 841 potest
971 806 1056 834 Filius

273 857 289 876 a
311 857 341 876 se
366 849 455 876 facere
478 849 640 884 quidquam,
660 850 714 878 nisi
730 851 804 886 quod
824 851 923 879 viderit
946 851 1055 879 Patrem

274 895 432 922 facientem.
461 904 470 920 ι
496 894 584 922 Nolite
602 895 697 928 enim,
722 896 831 931 inquit,
854 897 1057 932 reprehendere

274 948 355 976 opera
378 940 439 968 Filii
455 949 463 968 :
480 940 617 968 Genitor-is
641 942 742 977 quippe
759 943 800 971 sui
816 943 966 970 essentiam
984 943 1057 970 velut
1071 937 1094 967 Β

274 987 302 1014 in
330 987 390 1014 suis
415 986 631 1021 cogitationibus
657 988 714 1016 sive
738 989 913 1017 naturalibus
936 989 1057 1016 motibus

275 1033 473 1068 contemplans,
493 1040 609 1067 quarum
628 1041 720 1061 rerum
744 1035 868 1070 opiﬁcem
891 1034 1058 1063 convenien-

275 1081 316 1105 ter
340 1086 402 1106 esse
429 1079 512 1112 videt,
533 1080 583 1107 has
613 1080 708 1115 utique
731 1080 808 1114 facit,
822 1089 854 1109 ac
880 1082 950 1108 nihil
971 1081 1057 1115 aliud,

275 1132 338 1151 cum
369 1132 423 1152 non
451 1126 539 1160 possit
560 1127 663 1161 aliquid
687 1135 782 1154 eorum
808 1136 869 1163 qua
890 1131 990 1163 praeter
1010 1135 1059 1155 na-

275 1174 366 1196 turam
393 1177 471 1198 suam
494 1175 560 1198 sunt
586 1172 654 1206 pati,
675 1177 820 1207 propterea
844 1173 917 1208 quod
942 1180 976 1200 ex
999 1173 1059 1208 ipsa

275 1220 328 1244 est.
353 1216 474 1251 Exempli
490 1218 597 1252 gratia:
623 1221 722 1245 natura
747 1217 837 1245 Patris
867 1218 948 1246 habet
972 1222 1001 1246 ut
1023 1219 1060 1246 sit

276 1263 457 1297 misericors;
475 1263 526 1291 hoc
544 1267 620 1292 certo
637 1263 724 1292 Filius
744 1272 806 1291 cum
827 1264 851 1292 ei
878 1271 988 1299 quoque
1014 1265 1058 1292 in-

276 1315 337 1335 esse
357 1308 458 1340 videat,
477 1312 507 1335 ut
531 1308 579 1343 qui
601 1308 638 1336 sit
664 1316 698 1336 ex
728 1309 799 1344 ipso,
827 1310 991 1336 naturaliter
1007 1309 1060 1337 mi-

277 1354 396 1381 sericors
411 1357 463 1385 est,
481 1361 531 1381 nec
544 1357 636 1389 potest
655 1355 729 1381 aliud
749 1362 810 1382 esse
822 1362 905 1390 quam
921 1356 994 1391 quod
1013 1356 1060 1384 illa

277 1399 356 1434 221
373 1401 426 1426 est.
442 1397 528 1427 Habet
549 1399 622 1426 enim
641 1406 673 1426 ex
689 1398 780 1432 Patre,
798 1403 828 1426 ut
852 1401 1009 1434 essentiam,
1023 1401 1060 1428 ita

277 1451 387 1480 quoque
415 1444 540 1472 essentia
559 1444 630 1472 bona
648 1452 654 1470 :
676 1444 837 1479 simpliciter
860 1445 1008 1479 nimirum,
1033 1450 1061 1473 et

278 1491 347 1518 citra
370 1489 607 1525 compositionem,
633 1495 661 1517 ut
679 1489 900 1526 Deuszideoque
924 1491 1062 1526 sapienter

278 1536 372 1565 statim
398 1535 509 1570 subiicit
525 1543 533 1562 :
549 1544 558 1560 ι
576 1534 751 1570 Quaecunque
777 1536 849 1562 eitim
879 1536 925 1563 ille
947 1535 1060 1566 fecerit.

278 1582 337 1609 haec
355 1585 382 1609 et
399 1580 486 1608 Filius
499 1580 624 1608 similiter
640 1580 716 1613 facit,
737 1589 746 1607 ι
764 1585 858 1613 lotam,
871 1582 938 1608 utin
954 1588 1060 1608 summa

278 1626 380 1659 dicam,
401 1626 624 1660 signiﬁcationem
639 1626 736 1653 horum
751 1627 906 1657 verborum,
916 1633 969 1654 non
980 1634 1061 1661 posse

278 1678 294 1699 ε
324 1672 470 1706 semetipso
496 1671 585 1699 facere
607 1671 768 1706 quidquam.
792 1672 846 1699 nisi
861 1671 936 1707 quod
960 1671 1061 1700 viderit

277 1716 387 1745 Patrem
404 1716 558 1748 facientem,
574 1716 619 1743 hic
642 1717 785 1751 colligens.
801 1716 877 1749 Quod
896 1716 919 1744 si
936 1724 1059 1749 causam,

278 1762 314 1790 oh
333 1769 414 1796 quam
426 1762 482 1788 hazc
499 1761 584 1790 Filius
596 1762 672 1795 dicit,
695 1762 827 1796 inquiras,
849 1763 1005 1790 accuratius
1020 1763 1062 1790 di-

278 1809 332 1835 ctis
351 1808 471 1834 animum
492 1808 627 1835 advertes.
644 1807 728 1843 Igitur
742 1809 872 1842 quoniam
886 1808 930 1836 die
949 1809 1060 1836 Sabbati

280 1854 421 1889 paralytici
438 1854 565 1881 misertus
574 1859 643 1885 erat,
664 1853 749 1881 Judaei
764 1854 852 1888 ipsum
863 1855 992 1882 insectari
1006 1861 1062 1882 cce-

279 1903 398 1933 perunt:
416 1898 463 1925 sed
487 1897 613 1926 Christus
640 1906 687 1926 eos
706 1898 882 1931 iconfundit.
913 1898 1061 1926 ostendens

281 1943 363 1971 Deum
377 1951 408 1970 ac
421 1943 528 1971 Patrem
552 1944 676 1971 misereri
692 1944 821 1972 Sahbato.
841 1943 897 1971 Nec
914 1945 985 1971 enim
999 1951 1061 1979 pro-

277 1989 396 2017 hibenda
413 1990 519 2017 censuit
531 1998 591 2025 qum
603 1990 635 2017 ad
645 1990 759 2017 salutem
771 1994 894 2018 nostram
905 1989 1059 2017 conferunt.

280 2034 313 2061 Et
324 2039 397 2062 certe
411 2035 490 2062 initio
502 2035 570 2062 dixit
580 2033 588 2062 τ’
600 2044 609 2062 ι
621 2035 702 2062 Pater
712 2043 790 2062 meus
805 2043 893 2070 usque
904 2035 986 2062 modo
995 2042 1060 2070 ope-

279 2085 366 2113 ratur,
392 2086 418 2109 et
450 2089 500 2116 ego
529 2089 638 2116 operor.
658 2090 667 2107 ›
684 2081 738 2108 Sed
754 2082 881 2116 quoniam
906 2088 962 2116 pra:
976 2082 1061 2108 multa

279 2127 401 2156 vecordia
418 2130 529 2161 gravate
552 2127 608 2153 haec
628 2127 699 2154 ferre
712 2126 884 2158 videbantur,
895 2126 986 2153 subdit
999 2134 1062 2153 rur-

278 2179 338 2200 sum
353 2180 359 2197 :
379 2181 388 2197 ι
407 2172 465 2199 Νοη
480 2176 570 2207 potest
582 2171 667 2198 Filius
683 2179 697 2198 a
719 2172 865 2206 semetipso
881 2170 972 2199 facere
983 2171 1062 2206 quid-

278 2224 370 2251 quam,
392 2217 445 2244 nisi
467 2216 540 2251 quod
566 2216 665 2243 viderit
684 2215 791 2243 Patrem
812 2215 968 2243 facientem.
982 2215 1062 2248 Qua:-

1108 306 1154 332 καὶ
1168 305 1237 340 βαρὺ
1255 304 1291 340 μὴ
1302 304 1429 331 δύνασθαι
1440 304 1606 339 διακομίζειν
1618 304 1705 336 ξύλον,
1720 304 1769 338 τῆς
1781 303 1893 338 ἐνούσης

1108 351 1197 377 αὐτῶν
1211 350 1265 386 [tot
1278 350 1362 386 αὐτῷ]
1383 350 1524 382 ἀσθενείας
1539 350 1688 385 κατηγορεῖ
1700 357 1706 364 ·
1728 350 1794 376 ὅταν
1810 349 1839 375 δέ
1853 357 1893 380 τις

1107 396 1199 430 ἕτερος
1213 396 1289 432 εἴπῃ,
1308 396 1468 431 Ἀνθρωπος
1479 395 1516 422 ὢν
1530 395 1637 429 λογικὸς
1654 394 1723 422 κατά
1742 395 1833 429 φύσιν,
1848 395 1892 421 καὶ

1107 443 1139 468 ἐκ
1161 441 1269 476 λογικοῦ
1296 442 1365 468 κατὰ
1388 442 1468 476 φύσιν
1493 442 1691 476 γεγεννημένος
1714 440 1837 475 πατρὸς,
1865 440 1892 465 οἱ

1107 487 1224 523 δύναμαι
1240 488 1327 514 ποιεῖν
1341 487 1434 522 ὥσπερ
1449 487 1513 514 ῐδιόν
1525 495 1551 513 τι
1565 487 1612 514 καὶ
1624 488 1670 513 ἀπ’
1686 485 1817 521 ἐμαυτοῦ,
1830 485 1845 511 ὃ
1858 484 1892 520 μὴ

1109 531 1213 565 βλέπων
1225 532 1416 567 προσπεφυκὺς
1427 533 1459 567 τῇ
1476 531 1522 558 τοῦ
1535 532 1716 565 γεννήσαντος
1731 530 1821 564 φύσει,
1834 530 1894 556 τότε

1107 577 1137 603 τὸ
1150 585 1159 602 ι
1171 577 1208 603 Οὐ
1224 576 1340 611 δύναμαι
1352 586 1361 601 ›
1377 577 1427 610 τὴν
1439 577 1488 611 τῆς
1501 576 1594 607 οὐσίας
1611 576 1781 612 ἑδραιότητα,
1798 575 1846 601 καὶ⁸
1863 574 1894 600 τὸ

1107 623 1302 659 ἀμετάπτωτον
1317 623 1355 656 εἰς
1368 622 1461 658 ἔτερόν
1473 631 1500 648 τι
1515 621 1581 657 παρ’
1595 622 1664 656 ὅπερ
1679 621 1796 656 ὑπάρχει
1809 620 1891 655 δηλοῖ.

1108 669 1145 695 Οὑ
1158 669 1274 703 δύναμαι
1295 667 1360 702 γὰρ,
1375 668 1467 702 φησιν,
1483 666 1531 693 ἀπ’
1548 665 1667 701 ἐμαυτοῦ
1685 665 1721 701 μὴ
1735 664 1805 692 εἶναι
1825 664 1893 696 ζῶον

1108 714 1225 748 λογικὸν,
1246 713 1301 740 τῶν
1316 715 1348 749 τῇ
1373 713 1452 747 φύσει
1476 712 1631 748 προσόντων
1653 710 1893 746 κατευμεγεϐήσας

1107 759 1254 795 πλεονεκτη
1260 759 1360 794 μάτων.
1373 759 1409 785 Οὐ
1423 758 1476 794 γὰρ
1489 757 1544 793 ὁρῶ
1557 757 1588 784 τὸ
1604 756 1732 784 δύνασθαι
1747 756 1826 783 τοῦτο
1842 765 1893 783 πα-

1107 805 1164 832 θεῖν
1176 805 1204 832 ἐν
1217 806 1251 840 τῇ
1265 804 1312 831 τοῦ
1325 804 1449 835 τεκόντος
1466 803 1556 838 φύσει.
1577 803 1654 830 Κατὰ
1671 802 1764 829 τοῦτον
1779 800 1826 829 οὖν
1841 802 1894 837 ἄρα

1106 852 1152 879 τὸν
1165 851 1265 887 τρόπον
1277 850 1381 886 ἀκούσῃ
1393 850 1518 884 λέγοντος
1531 849 1578 876 τοῦ
1593 847 1726 885 Χριστοῦ·
1747 857 1756 874 ι
1765 848 1803 874 Οὑ
1814 847 1893 874 δύνα-

1107 907 1152 924 ται
1163 899 1177 924 ὁ
1193 897 1256 929 Υἱὸς
1272 898 1359 924 ποιεῖν
1374 896 1420 931 ἀφ’
1433 895 1530 924 ἑαυτοῦ
1549 895 1634 928 οὐδὲν,
1649 894 1696 922 ἐὰν
1712 895 1748 930 μή
1763 903 1789 920 τι
1806 894 1894 930 βλέπῃ

1107 943 1152 969 τὸν
1167 943 1277 977 Πατέρα
1297 942 1436 969 ποιοῦντα.
1457 951 1466 967 ι
1493 941 1539 977 Μὴ
1562 941 1706 975 ἐπιτιμᾶτε
1729 939 1793 974 γὰρ.
1816 939 1892 974 φησὶ,

1108 989 1164 1019 τοῖς
1176 987 1267 1023 ἐργοις
1280 987 1326 1013 τοῦ
1340 986 1405 1013 Υῐοῦ
1419 995 1426 1002 ι
1448 986 1497 1022 τὴν
1509 986 1562 1022 γὰρ
1572 985 1618 1012 τοῦ
1630 985 1751 1015 τεκόντος
1761 983 1844 1010 αὑτὸν
1857 984 1894 1015 ὡς

1109 1034 1137 1061 ἐν
1149 1034 1227 1066 ἰδίαις
1236 1033 1359 1067 ἐννοίαις,
1371 1034 1428 1068 ἢτοι
1441 1033 1562 1068 φυσικοῖς
1574 1032 1720 1067 κινήμασιν
1731 1030 1894 1065 ἀναθεωρῶν

1109 1080 1212 1114 οὐσίαν,
1222 1076 1351 1116 ὧνπερᾶν
1360 1080 1409 1106 ἴδοι
1419 1079 1575 1114 πρεπόντως
1583 1078 1693 1113 ἐργάτιν
1708 1076 1802 1111 αὐτὴν,
1809 1076 1895 1102 ταῦτα

1109 1127 1141 1163 δὴ
1149 1127 1322 1163 πράττει,καὶ
1329 1126 1372 1153 Et:
1377 1134 1420 1162 ρον
1427 1125 1512 1157 οὐδὲν,
1519 1124 1614 1152 παθεῖν
1622 1134 1649 1151 τι
1656 1123 1710 1151 τῶν
1721 1122 1796 1158 παρὰ
1804 1123 1894 1156 φύσιν,

1109 1171 1153 1199 διὰ
1164 1171 1195 1198 τὸ
1209 1171 1239 1203 ἐξ
1247 1171 1332 1206 αὐτῆς
1345 1170 1487 1206 ὑπάρχειν,
1497 1169 1528 1196 οὐ
1540 1169 1697 1204 δυνάμενος.
1707 1165 1779 1201 Οἷον,
1795 1168 1852 1202 ἔχει
1866 1167 1895 1194 τὺ

1110 1217 1198 1244 ϐέλειν
1209 1217 1294 1243 ἐλεεῖν
1303 1217 1320 1252 ή
1330 1215 1377 1242 τοῦ
1390 1216 1495 1251 [ἰατρὸς
1511 1215 1591 1250 φύσις
1601 1223 1608 1230 ·
1631 1215 1708 1241 τοῦτο
1725 1214 1756 1249 δὴ
1772 1214 1819 1240 καὶ
1834 1214 1895 1240 ἐνυ-

1111 1262 1215 1299 πάρχον
1228 1262 1296 1298 αὐτῇ
1314 1261 1424 1297 θεωρῶν
1435 1262 1449 1288 ὁ
1468 1261 1540 1293 Υῑδς,
1559 1262 1596 1293 ὼς
1613 1260 1643 1293 ἐξ
1661 1259 1754 1293 αὑτοῦ,
1773 1259 1896 1294 φυσικῶς

1110 1309 1171 1344 ἐλεή
1176 1317 1232 1343 μων
1244 1308 1329 1340 ἐστὶν,
1337 1308 1367 1334 οὺ
1377 1307 1524 1342 δυνάμενος
1531 1307 1574 1333 Era
1579 1306 1622 1342 ρόν
1630 1315 1656 1334 τι
1668 1307 1732 1341 παρ’
1743 1306 1812 1340 ὅπερ
1823 1305 1897 1331 ἐστὶν

1110 1354 1202 1389 ἐκείνη
1215 1353 1351 1388 γενέσθαι.
1370 1352 1446 1388 Ἔχει
1468 1353 1523 1388 γὰρ
1539 1354 1571 1379 ἐκ
1587 1353 1704 1388 Πατρδς,
1725 1352 1821 1387 ὥσπερ
1847 1351 1896 1386 τὴν

1111 1399 1213 1431 οὐσίαν,
1231 1398 1302 1426 οὕτω
1315 1399 1362 1426 καὶ
1387 1398 1421 1426 τὰ
1445 1398 1494 1435 τῆς
1517 1399 1610 1430 οὐσίας
1634 1398 1741 1432 ἀγαθά”
1762 1397 1897 1429 ἀπλῶςδὲ

1110 1445 1190 1480 δῆλον
1206 1445 1246 1471 ὅτι
1262 1445 1309 1471 καὶ
1321 1444 1474 1475 ἀσυνθέτως
1488 1444 1525 1476 ὡς
1547 1443 1629 1476 Θεός·
1645 1443 1729 1470 διάτοι
1747 1442 1827 1469 τοῦτο
1841 1442 1898 1473 τοῖς

1111 1491 1229 1527 πρώτοις
1242 1491 1361 1525 ἐπιλέγει
1378 1490 1467 1525 σοφῶς
1477 1498 1484 1506 ·
1500 1499 1510 1516 ι
1527 1491 1561 1517 Ἀ
1581 1490 1634 1525 γὰρ
1655 1489 1688 1516 ἂν
1704 1489 1807 1520 ἐκεῖνος
1821 1488 1896 1523 ποιῇ,

1110 1537 1196 1565 ταῦτα
1209 1538 1255 1564 καὶ
1265 1538 1279 1564 ὁ
1292 1537 1356 1568 Υἱὸς
1370 1536 1469 1572 ὁμοίως
1480 1537 1576 1563 ποιεῖ-ι
1588 1536 1662 1572 ὃλην,
1675 1535 1714 1564 ὡς
1726 1535 1792 1566 ἔπος
1799 1535 1897 1566 εἰπεῖν,

1111 1583 1160 1618 τὴν
1177 1583 1315 1618 περίνοιαν
1334 1582 1381 1609 τοῦ
1409 1582 1446 1618 μὴ
1467 1581 1597 1609 δύνασθαι
1620 1583 1706 1609 ποιεῖν
1731 1582 1777 1616 ἀφ’
1799 1579 1897 1607 ἑαυτοῦ

1113 1628 1205 1664 μηδὲν1
1222 1628 1270 1654 ἐὰν
1287 1628 1324 1663 μή
1343 1636 1370 1654 τι
1388 1627 1473 1664 βλέπῃ
1489 1627 1534 1654 τὸν
1556 1628 1664 1663 Πατέρα
1682 1627 1821 1660 ποιοῦντα,
1837 1635 1898 1653 συν-

1111 1673 1185 1707 άγων
1199 1673 1228 1700 ὲν
1244 1672 1358 1704 τούτοις.
1381 1672 1618 1708 Ἀναλογιζόμενος
1631 1673 1659 1699 δὲ
1670 1672 1720 1708 τὴν
1734 1672 1836 1704 αἰτίαν,
1853 1672 1899 1706 ἐφ’

1111 1715 1128 1755 ᾖ
1144 1718 1179 1745 τά
1193 1718 1304 1746 τοιαῦτά
1323 1726 1405 1754 φησιν
1427 1719 1441 1745 ὁ
1458 1719 1532 1752 Υἱὸς,
1549 1718 1743 1754 ἀκριϐέστερον
1759 1719 1815 1749 τοῖς
1831 1716 1898 1753 παρ’

1111 1763 1201 1790 αὐτῶν
1218 1763 1372 1799 εἰρημένοις
1398 1764 1560 1798 ἐπιστήσεις
1567 1763 1613 1790 τὸν
1622 1763 1697 1790 νοῦν.
1709 1763 1815 1790 Οὺκοῦν
1826 1764 1898 1789 ἐπει-

1111 1809 1198 1844 δήπερ
1226 1810 1255 1836 ἐν
1278 1809 1369 1844 ἡμέρᾳ
1388 1808 1527 1836 Σαϐϐάτου
1554 1809 1599 1835 τὸν
1618 1808 1779 1844 παράλυπον
1811 1808 1896 1843 ἠλέει.

1111 1854 1218 1881 διώκειν
1241 1854 1322 1881 αὑτὸν
1349 1855 1508 1889 ἐπεχείρουν
1530 1854 1555 1881 οἱ
1576 1854 1712 1880 Ἰουδαῖοι·
1734 1853 1899 1880 δυσωπεῖεᾶ

1111 1901 1210 1932 αὐτοὺς
1234 1902 1248 1927 ό
1272 1900 1398 1936 Χριστὸς,
1428 1900 1555 1926 ἐλεοῦντα
1579 1900 1685 1931 δεικνὺς
1704 1899 1750 1926 τὸν
1770 1899 1837 1925 Θεὸν
1852 1899 1900 1925 καὶ

1112 1947 1221 1982 Πατέρα
1237 1947 1307 1974 κατὰ
1330 1947 1360 1974 τὸ
1382 1946 1530 1973 Σάϐὃατον.
1547 1946 1584 1973 Οὐ
1603 1947 1656 1981 γὰρ
1678 1946 1753 1981 ᾠήθη
1766 1945 1822 1971 δεῖν
1837 1945 1904 1970 ἀπο-

1112 1993 1232 2020 κωλῦσαί
1248 2001 1313 2019 ποτε
1332 1993 1366 2019 τὰ
1389 1993 1438 2019 ὅσα
1461 1993 1513 2028 πέρ
1531 1993 1603 2019 ἐστιν
1624 1993 1664 2023 εἰς
1690 1991 1828 2026 σωτηρίαν
1849 1991 1901 2025 τὴν

1112 2039 1248 2074 ἡμετέραν
1269 2039 1453 2066 συντείνοντα.
1471 2039 1526 2065 Καὶ
1548 2038 1579 2073 δὴ
1597 2039 1644 2064 καὶ
1663 2037 1780 2072 ἔφασκεν
1799 2038 1828 2063 ἐν
1851 2037 1901 2070 ἁρ-

1112 2086 1187 2119 χαῖς·
1209 2094 1218 2109 ε
1243 2084 1271 2111 '0
1291 2085 1388 2120 Πατήρ
1413 2093 1464 2120 μου
1490 2085 1542 2116 ἕως
1561 2085 1622 2120 ἄρτι
1642 2084 1799 2119 ἐργάζεται,
1822 2083 1900 2116 κάγὼ

1112 2130 1273 2165 ἐργάζομαι.
1293 2138 1302 2155 ι
1317 2129 1425 2164 Ἐπειδὴ
1441 2130 1469 2156 δὲ
1481 2130 1527 2156 καὶ
1538 2129 1716 2164 ἀσχάλλοντες
1725 2129 1794 2164 πρὸς
1812 2129 1900 2155 ταῦτα

1112 2175 1154 2202 διὰ
1164 2175 1262 2211 πολλὴν
1271 2175 1410 2208 ἐφαίνοντο
1420 2175 1588 2208 δυσὸουλίαν,
1604 2175 1724 2209 ἐπιλέγει
1738 2175 1830 2201 πάλιν·
1848 2175 1899 2201 «Oi:

1112 2221 1222 2247 δύναται
1248 2222 1262 2247 ό
1274 2221 1339 2252 Υἱὸς
1356 2223 1442 2247 ποιεῖν
1469 2221 1515 2256 ἀφ’
1530 2222 1626 2248 ἑαυτοῦ
1651 2221 1737 2252 οὐδὲν,
1756 2221 1805 2247 ἐάν
1823 2222 1859 2256 μή
1874 2229 1899 2247 τι

278 2268 386 2294 cunque
401 2261 471 2288 enim
487 2261 531 2288 ille
540 2260 613 2292 facit,
623 2260 681 2287 haec
693 2265 720 2287 et
733 2260 818 2288 Filius
831 2261 957 2288 similiter
968 2260 1058 2287 facit»

1114 2267 1200 2303 βλέπῃ
1216 2266 1260 2293 τὸν
1274 2266 1383 2302 Πατέρα
1397 2267 1534 2293 ποιοῦντα.
1552 2267 1585 2292 Ἃ
1597 2266 1690 2302 γὰρᾶν
1703 2268 1807 2297 ἐκεῖνος
1823 2267 1898 2301 ποιῇ,

279 2307 411 2340 Quoniam
431 2306 504 2334 enim
523 2305 603 2332 Pater
620 2313 675 2332 non
698 2309 816 2338 recusat,
834 2306 933 2341 inquit,
948 2306 975 2332 in
995 2305 1062 2334 Sab-

277 2353 344 2380 hato
353 2353 631 2385 misereri,cumeum
648 2359 843 2386 usquequaque
857 2352 1060 2380 misericordem

279 2406 340 2426 esse
356 2399 472 2430 videam,
489 2398 591 2425 idcirco
606 2398 687 2424 etiam
704 2405 754 2433 ego
766 2405 961 2433 usquequaque
977 2399 1060 2426 mise—

280 2452 351 2474 reor,
366 2444 413 2479 qui
428 2443 518 2470 Patris
531 2443 678 2471 essentiam
692 2444 720 2470 in
732 2444 836 2478 meipso
847 2444 991 2473 immutare
1004 2453 1060 2473 non

279 2497 403 2525 possum,
424 2489 461 2516 ita
479 2493 508 2516 ut
525 2496 579 2515 non
595 2489 685 2516 videar
697 2493 723 2516 et
742 2489 792 2516 sim
811 2490 883 2523 talis,
900 2491 989 2526 qualis
1003 2491 1061 2526 ipse

279 2539 321 2562 est
338 2535 488 2562 secundum
500 2538 635 2562 naturam.
648 2534 825 2570 Quaecunque
833 2536 905 2563 enim
918 2537 978 2572 ejus
997 2541 1061 2565 sunt

278 2587 389 2615 operor.
406 2585 434 2606 ut
446 2579 582 2607 exsistcus
599 2588 631 2607 ex
651 2580 723 2615 ipso.
738 2581 833 2608 Dicere
847 2586 936 2610 autem
950 2582 1061 2611 Patrem

278 2633 361 2660 opera
375 2625 450 2659 prius
480 2625 618 2658 inchoare,
646 2631 767 2654 extrema
782 2635 836 2654 non
853 2631 928 2655 caret
939 2628 1059 2656 inscitia.

280 2670 420 2704 Quomodo
434 2672 506 2698 enim
525 2672 582 2706 ipse
601 2672 713 2700 scorsim
732 2680 762 2700 ac
786 2674 861 2701 scius
878 2673 1059 2710 inchoaverit,

279 2723 339 2742 cum
353 2716 442 2743 virtus
454 2717 513 2750 ejus
527 2725 579 2752 qun
592 2718 618 2744 iu
629 2718 758 2746 omnibus
774 2723 902 2753 operatur
916 2719 951 2745 sit
964 2719 1059 2756 Filius,

279 2761 325 2796 qui
341 2761 375 2788 ab
402 2766 503 2790 mtcrno
527 2763 637 2797 quidem
662 2763 687 2790 ci
709 2763 789 2795 inest,
804 2763 971 2790 voluntatem
997 2772 1061 2790 vero

278 2806 339 2840 ejus
358 2813 383 2834 et
398 2808 542 2835 motionem
554 2808 581 2836 in
600 2808 705 2842 agendo
715 2808 854 2843 exprimit.
864 2808 924 2835 lam
940 2809 962 2836 si
978 2810 1062 2836 stulte

279 2852 445 2880 contendunt
460 2854 547 2888 ipsum
569 2859 728 2889 exspectare
753 2854 781 2880 in
800 2861 966 2889 unoquoque
979 2863 1061 2889 opere

281 2896 443 2934 singularem
458 2899 547 2928 Patris
564 2901 761 2936 operationem,
785 2903 813 2926 ut
826 2900 951 2929 similiter
972 2901 1060 2928 imite-

1113 2311 1197 2338 ταῦτα
1210 2311 1278 2338 καὶὸ
1294 2311 1357 2342 Υἱὸς
1367 2311 1466 2346 ὁμοίως
1486 2312 1565 2337 ποιεῖ.
1584 2320 1592 2335 ι
1608 2311 1683 2336 Ἐπεὶ
1692 2311 1746 2345 γὰρ
1757 2311 1787 2336 οὐ
1801 2319 1898 2345 παραι-

1112 2357 1211 2389 τεῖται,
1230 2356 1321 2390 φησὶν,
1346 2357 1360 2382 ό
1387 2355 1482 2390 Πατὴρ
1496 2356 1579 2381 ἐλεεῖν
1593 2356 1622 2382 ἐν
1633 2355 1774 2390 Σαϐϐάτῳ,
1792 2355 1900 2390 βλέπων

1112 2402 1177 2428 ὄντα
1203 2401 1247 2428 διὰ
1277 2401 1376 2432 παντὸς
1409 2400 1632 2436 φιλοικτίρμονα,
1662 2401 1791 2437 ταύτῃτοι
1823 2400 1899 2434 κάγὼ

1112 2447 1156 2474 διὰ
1170 2447 1269 2477 παντὸς
1286 2445 1364 2478 ἐλεῶ,
1378 2446 1572 2481 καινοτομῆσαί
1595 2455 1654 2477 πως
1667 2446 1714 2472 τοῦ
1729 2446 1837 2481 Πατρὺς
1852 2447 1899 2480 τὴν

1112 2492 1204 2519 οὐσίαν
1219 2493 1246 2518 ἐν
1259 2491 1370 2527 ἐμαυτῷ
1390 2491 1427 2526 μὴ
1449 2491 1605 2526 δυνάμενος,
1620 2492 1664 2518 διὰ
1679 2491 1725 2518 τοῦ
1752 2491 1789 2527 μὴ
1806 2493 1898 2526 φαίνε-

1113 2537 1175 2564 σθαι
1189 2538 1236 2564 καὶ
1253 2535 1323 2564 εἶναι
1338 2537 1466 2568 τοιοῦτος,
1486 2537 1576 2569 ὁποῖός
1599 2538 1657 2564 ἐστι
1672 2540 1741 2564 κατὰ
1754 2537 1837 2572 φύσιν
1853 2538 1898 2564 αὐ-

1111 2583 1166 2614 τός.
1188 2582 1322 2617 Ἐνεργῶν
1341 2581 1396 2616 γὰρ
1415 2581 1534 2613 πάντως.
1548 2581 1585 2612 ὼς
1605 2580 1635 2612 ἐξ
1651 2581 1743 2613 αὑτοῦ,
1755 2581 1791 2608 τὰ
1806 2581 1897 2608 αὑτοῦ.

1111 2629 1147 2655 Τὸ
1161 2628 1189 2654 δὲ
1203 2627 1292 2661 λέγειν
1304 2626 1540 2662 προκαταρκτικὸν
1554 2627 1607 2653 τῶν
1621 2626 1709 2662 ἔργων
1723 2627 1769 2653 τὴν
1790 2627 1898 2661 Πατέρα

1112 2674 1253 2709 ὑπάρχειν,
1274 2672 1393 2707 ἀμαθίας
1412 2672 1528 2707 ἐσχάτης
1552 2673 1600 2698 οὐκ
1621 2673 1740 2708 ἀμοιρεῖ.
1762 2673 1826 2704 Πῶς
1847 2673 1898 2707 γάρ

1112 2721 1144 2746 ἂν
1158 2719 1237 2751 αὐτὸς
1254 2719 1305 2754 ιδὶᾳ
1315 2718 1360 2745 καὶ
1378 2718 1454 2753 μόνος
1467 2718 1683 2754 προκατάρξαιτό
1694 2727 1772 2749 ποτε,
1783 2718 1898 2753 δύναμιν

1111 2765 1179 2800 ἔχων
1205 2764 1246 2798 ἐφ’
1266 2764 1366 2790 ἅπασιν
1392 2764 1567 2799 ἐνεργητικὴν
1590 2763 1635 2790 τδν
1654 2764 1736 2797 Υἱὸν,
1761 2764 1898 2798 συνυπάρ-

1111 2819 1192 2845 χοντα
1210 2810 1258 2844 μὲν
1272 2809 1364 2840 ἁϊδίως
1384 2809 1468 2844 αὐτῷ,
1485 2809 1618 2845 θελήσεως
1634 2809 1662 2836 δὲ
1684 2809 1734 2844 τῆς
1751 2809 1798 2836 ἐπί
1812 2818 1839 2835 τι
1854 2810 1898 2835 καὶ

1112 2856 1243 2890 κινήσεως
1252 2856 1300 2889 τῆς
1311 2855 1370 2880 κατ’
1382 2854 1520 2890 ἐνέργειαν
1529 2855 1576 2890 τὴν
1585 2855 1630 2881 ἐπί
1639 2863 1709 2881 τισιν
1724 2854 1896 2889 ἐκφαντικόν.

1112 2902 1166 2928 Καὶ
1183 2901 1206 2927 εί
1220 2900 1375 2936 περιμένειν
1396 2901 1475 2928 αὑτὸν
1489 2901 1536 2937 τὴν
1559 2902 1600 2936 ἐφ’
1616 2901 1723 2937 ἑκάστῳ
1740 2901 1795 2928 τῶν
1811 2901 1896 2937 ἔργων
