2026 3123
250 178 302 205 365

744 177 772 204 S.
792 176 932 204 CYRILLI
949 177 1185 206 ALEXANDP-INI
1206 178 1367 208 ARCIIIEP.

1826 179 1878 204 .7165

250 239 342 273 Scipso
354 236 462 270 Filium,
477 244 509 263 ae
525 237 643 264 viciSsim
658 235 744 263 Filius
766 237 792 263 in
817 237 908 271 διείρεο
919 237 1036 264 Patrem.

1091 238 1173 273 τὲρου
1190 238 1290 272 γνῶσις
1303 239 1332 264 οὗ
1357 237 1497 269 διδακτῶς,
1519 238 1585 264 ἀλλὰ
1610 237 1746 272 φυσικῶς·
1767 239 1815 264 καὶ
1831 239 1880 272 ουτ

250 283 353 311 Idcirco
367 284 404 309 ait
418 292 424 310 :
440 292 449 308 ‹
467 282 522 317 Ego
537 283 563 309 iu
579 282 668 314 Patre,
683 288 709 309 et
724 281 804 309 Pater
818 283 845 309 iu
863 291 905 310 me
921 287 962 310 est
978 284 1010 308 ".
1025 293 1034 309 ι

250 326 317 353 111υά
332 331 433 358 autent.
452 326 537 353 videre
550 331 577 353 et
601 327 694 358 videri,
715 326 769 354 Deo
785 328 979 355 convenienter
994 328 1038 356 hic

208 393 211 395 .
250 380 347 400 rursus
361 373 524 408 capiendum
541 376 594 400 est.

286 507 324 540 V,
343 508 388 535 ΞΟ.
411 507 443 534 Ει
459 508 562 542 majora
578 508 619 534 his
638 508 829 535 demonstrabit
849 510 873 535 ei
893 517 970 542 opera
983 529 989 540 ,
1010 515 1037 535 ιιι

250 563 293 581 ros
307 554 449 581 miremini.
922 584 930 590 ί

287 601 315 627 1η
337 601 526 636 superioribus
542 599 623 627 refert
634 600 730 627 beatus
747 601 911 636 evangelista
927 601 1038 628 Juda‘os

250 645 345 674 Jesum
369 645 590 673 interficiendum
608 653 745 681 quaerere,
768 646 897 680 quoniam
920 654 972 673 non
991 655 1037 674 so-

251 694 306 719 lum
319 693 440 720 solvebat
464 691 612 719 Sabbatum
625 712 632 723 ,
658 691 705 719 sed
729 696 755 719 ct
769 692 876 719 Patrem
899 700 980 720 suum
997 693 1037 720 di-

250 737 328 764 cebat
339 737 433 769 Deum,
447 738 577 771 aqualem
593 738 714 772 seipsum
731 737 834 764 faciens
852 737 905 765 Deo
923 738 970 764 ⁵³·-
986 739 1039 766 Ac-

250 784 417 810 cusationem
435 783 518 818 igitur
528 783 621 810 violati
640 783 753 810 Sabbati
769 784 899 811 refutavit
913 804 920 815 ,
942 788 1037 811 osten-

247 830 319 857 dens
339 829 429 864 ipsum
452 837 564 864 quoque
584 828 691 856 Patrem
717 830 825 864 operari
852 830 879 856 in
902 829 1036 863 Sabbato,

246 876 331 911 longa
361 876 389 904 in
417 876 442 903 id
467 877 592 903 oratione
613 881 786 911 consumpta.
804 876 925 904 Conatur
948 881 1038 904 autem

1091 284 1161 318 μὲνό
1171 284 1237 315 Θεὸς
1250 284 1295 310 καὶ
1309 284 1403 319 Πατὴρ
1425 285 1452 310 ἐν
1475 284 1564 318 ἑαυτῷ
1578 284 1622 310 τὸν
1640 283 1712 315 Υἰὺν,
1735 284 1786 319 ὁρᾷ
1802 284 1830 310 δὲ
1848 283 1879 310 αὗ

1089 330 1169 356 πάλιν
1192 330 1206 356 ὁ
1230 330 1293 361 Υἱὸς
1317 331 1345 357 ὲν
1368 329 1455 364 ἑαυτῷ
1472 329 1515 355 τὸν
1544 329 1724 364 11ατέρα.Διὰ
1740 338 1780 355 τοι
1801 330 1879 356 τοῦτό

1090 384 1182 410 φησιν’
1207 375 1275 409 Ἐγὼ
1289 376 1316 402 ὲν
1335 375 1374 410 τῷ
1388 375 1484 410 Πατρὶ,
1498 376 1567 402 καὶὸ
1582 375 1674 410 Πατὴρ
1690 376 1718 401 ἐν
1734 376 1795 410 ὲμοί
1811 377 1878 403 ἐστι.

1089 423 1125 448 Τὸ
1139 423 1166 449 δὲ
1182 421 1256 456 όρᾷν
1264 431 1303 454 τε,
1316 422 1360 448 καὶ
1372 420 1507 455 (privam,
1521 420 1602 446 πάλιν
1615 421 1642 446 ἐν
1653 420 1757 453 τούτοις
1767 422 1880 448 νοείσθω

1090 468 1263 502 θεοπρεπῶς.

1124 514 1178 541 Καὶ
1185 513 1305 548 μείζονα
1316 514 1427 540 τούτων
1440 514 1511 548 ἔργα
1523 513 1613 545 δείξει
1626 511 1706 544 αὺτῷ
1717 533 1724 546 ,
1735 513 1786 539 ἵνα
1796 511 1880 547 ὑμεῖς

1089 558 1262 594 θαυμάζητε.

1131 605 1174 631 Ἐν
1188 606 1244 636 τοῖς
1255 605 1382 640 ἀνωτέρω
1395 603 1497 638 φησὶνό
1514 603 1656 638 Μακάριος
1671 600 1877 636 εὐαγγελιστὴς,

1089 650 1126 681 ὡς
1143 651 1256 685 ἐζήτουν
1277 650 1301 676 οἱ
1324 649 1442 676 Ἰουδαῖοι
1463 648 1508 676 τὸν
1530 647 1631 683 Ἰησοῦν
1648 648 1818 677 ἀποκτεῖναι,
1838 646 1878 672 ὅτι

1089 696 1119 721 οὺ
1140 695 1218 730 μόνον
1242 695 1302 721 ἔλυε
1319 695 1350 721 τὸ
1376 693 1522 725 Σάϐϐατον,
1536 693 1602 719 ἀλλὰ
1627 693 1674 719 καὶ
1689 693 1797 727 Πατέρα
1813 692 1878 719 ἴδιον

1089 740 1166 774 ἔλεγε
1180 739 1225 767 τὸν
1246 739 1321 771 Θεὸν,
1342 741 1398 766 ἴσον
1414 738 1507 765 ἑαυτὸν
1522 737 1604 764 ποιῶν
1618 737 1656 771 τῷ
1671 736 1739 771 Θεῷ.
1758 737 1813 771 Τὴν
1831 737 1878 771 μὲν

1089 783 1135 811 οὖν
1155 785 1200 811 ἐπὶ
1216 785 1255 820 τῷ
1268 784 1399 820 Σαϐὃᾶτῳ
1418 783 1586 818 κατηγορίαν
1602 783 1814 815 ἀπεσκευάζετο,
1833 783 1878 809 ναὶ

1089 831 1170 857 αὑτὸν
1195 831 1346 862 ἐπιδεικνὺς
1362 830 1472 864 ἐνεργὸν
1495 830 1523 856 ὲν
1545 829 1675 864 Σαῦὃάτῳ
1697 829 1741 855 τὸν
1759 829 1878 864 Πατέρα,

1089 877 1137 903 καὶ
1151 877 1258 912 μακρὸν
1275 877 1321 902 ἐπὶ
1340 875 1427 911 τούτῳ
1441 874 1652 910 προσαναλώσας
1669 874 1756 908 λόγον.
1773 875 1835 900 ’Ότι
1851 874 1879 900 δέ

249 923 441 949 demonsrraro
461 922 544 949 etiam
562 922 689 956 quamvis
707 926 818 957 propter
836 930 887 950 nos
906 922 987 950 homo
1005 922 1036 950 sil

1092 924 1166 950 ἐστιν
1183 924 1211 950 ἐν
1232 923 1334 957 ἰσότητι
1349 924 1380 957 τῇ
1397 922 1465 957 πρὸς
1480 921 1524 948 τὸν
1539 921 1659 956 Πατέρα,
1677 921 1724 947 καὶ
1738 920 1879 956 ἄνθρωπος

246 968 358 1001 Jactus,
379 968 511 1003 aequalem
533 972 622 995 tamen
642 976 704 995 esse
720 968 805 995 Patri.
825 968 881 996 lloc
903 969 976 996 enim
995 969 1039 996 di—

249 1015 365 1042 cendum
384 1015 514 1042 restabat.
528 1014 646 1049 Ideoque
659 1015 714 1041 ait:
729 1024 738 1040 ‹
751 1015 854 1050 Majora
866 1015 908 1043 his
923 1017 1039 1043 demon-

250 1062 349 1090 strabit
360 1061 384 1088 ei
396 1068 478 1096 opera
488 1081 495 1094 ,
509 1064 539 1087 ut
553 1069 602 1088 vos
617 1061 763 1088 miremini.
778 1071 786 1086 ι
803 1061 836 1088 At
850 1061 915 1096 quid
929 1069 1038 1088 rursum

250 1108 293 1136 his
310 1107 400 1136 verbis
415 1107 467 1135 sibi
482 1107 559 1134 vult?
577 1106 698 1134 Sanatus
712 1112 772 1140 est,
789 1107 894 1142 inquit,
910 1107 1039 1143 paralyti-

249 1162 316 1186 cus,
343 1154 454 1189 triginta
477 1157 505 1181 et
523 1158 585 1180 octo
605 1160 693 1180 annos
712 1152 815 1180 habens
833 1153 861 1180 in
880 1153 1039 1180 inﬁrmitate

251 1208 310 1228 sua.
324 1200 357 1231 Et
371 1201 439 1227 mira
453 1205 495 1228 est
511 1206 577 1227 sane
589 1198 679 1226 virtus
695 1198 757 1232 ejus
771 1199 817 1233 qui
834 1199 958 1232 sanavit,
970 1199 1039 1226 divi-

248 1254 340 1282 naque
357 1247 436 1281 plane
457 1250 590 1281 potestas.
607 1243 659 1272 Sed
682 1250 735 1272 tam
757 1244 926 1271 mirabilium
945 1252 1037 1271 rerum

250 1297 416 1328 patratorem
429 1314 436 1325 ,
453 1300 533 1320 nemo
551 1299 625 1319 sanm
640 1292 755 1323 mentis,
772 1291 880 1326 opinor.
896 1290 1039 1326 reprehen-

246 1340 330 1372 derit,
349 1347 379 1366 se
397 1338 483 1366 Deum
501 1345 562 1365 esse
578 1337 731 1370 dicentem,
747 1340 774 1363 et
791 1336 854 1371 quia
871 1334 959 1363 Filius
976 1339 1018 1363 est
1029 1356 1036 1368 ,

247 1393 298 1420 per:
313 1385 406 1413 omnia
425 1384 498 1411 Patri
519 1383 663 1418 atqualem.
685 1382 821 1416 Quoniam
840 1385 930 1410 autem
950 1382 1037 1417 pessi-

251 1438 295 1459 me
308 1438 340 1458 ac
355 1430 519 1458 stultissime
536 1428 691 1461 sentiendo,
708 1429 805 1463 inquit,
821 1434 930 1463 propter
942 1428 1037 1463 fragile

250 1478 302 1504 hoc
320 1484 421 1511 corpus
444 1474 689 1507 scandalizamini,
714 1475 872 1502 necessario
892 1474 1035 1502 sciendum

247 1521 327 1549 vobis
341 1524 395 1554 est,
409 1520 480 1547 hunc
499 1526 553 1546 non
572 1519 630 1546 fore
645 1519 789 1553 potestatis
801 1525 833 1546 ac
849 1519 958 1546 virtutis
971 1526 1037 1546 meae

245 1566 396 1594 terminum
411 1575 418 1592 2
435 1565 538 1600 majora
549 1572 681 1599 namque,
697 1565 740 1592 vel
758 1564 847 1596 inviti,
862 1559 1034 1599 spectabitis,

249 1616 420 1640 mortuorum
435 1611 540 1639 scilicet
555 1611 786 1638 resurrectionem
799 1621 805 1637 :
820 1614 933 1645 tumque
950 1611 1036 1646 magis

247 1656 433 1690 mirabimini,
455 1655 578 1683 divinam
598 1656 714 1692 gloriam
735 1663 769 1683 ac
785 1657 915 1683 virtutem
944 1656 973 1683 in
997 1664 1038 1683 me

248 1707 394 1731 cernentes
403 1724 410 1736 ,
423 1709 503 1738 quem
517 1702 694 1737 blasphemiae
706 1702 823 1730 crimine
834 1709 908 1729 nunc
923 1701 1038 1729 involvi-

249 1749 295 1781 tis,
311 1753 338 1776 et
353 1747 479 1783 persequi
495 1755 549 1774 non
563 1748 696 1775 veremini
707 1767 714 1780 ,
733 1751 881 1783 propterea
899 1748 970 1783 quod
991 1755 1033 1776 so-

249 1796 305 1821 lum
320 1793 388 1825 dixi,
400 1800 443 1820 mc
454 1792 499 1820 Dei
514 1792 613 1821 Filium
628 1801 702 1821 esse.
714 1793 774 1826 Quo
787 1798 867 1829 pacto
881 1801 946 1822 vero
966 1794 1036 1822 Deus

249 1849 281 1868 ac
303 1839 382 1868 Pater
402 1846 486 1874 opera
510 1838 580 1866 Filio
601 1839 793 1873 demonstret,
818 1840 932 1875 copiose
957 1845 1036 1869 antea

242 1887 378 1916 diximus.

281 2019 317 2052 έν,
331 2020 375 2047 21.
393 2019 467 2047 Sicut
480 2020 549 2047 εηὶηι
565 2019 647 2046 Pater
661 2020 774 2047 suscitat
790 2024 918 2053 mortuos,
931 2025 956 2047 et
972 2021 1036 2048 vivi-

247 2067 311 2100 ﬁcat
321 2085 327 2095 .
343 2066 382 2092 sic
395 2071 420 2093 et
439 2065 528 2092 Filius
540 2074 604 2100 quos
619 2066 674 2092 vult
690 2066 815 2101 uiviﬁcat.

287 2109 353 2138 Vide
364 2118 461 2138 rursus
476 2111 658 2146 aequalitatem
673 2111 715 2138 his
729 2111 819 2138 verbis
833 2111 908 2139 clare
920 2112 1036 2140 demon-

245 2156 341 2184 strari.
352 2156 403 2189 Qui
413 2157 486 2184 enim
497 2156 640 2190 mqualiter
650 2156 676 2182 in
690 2156 859 2184 suscitandis
873 2157 954 2193 224
966 2166 1037 2185 mor-

248 2204 304 2230 tuis
318 2207 448 2237 operatur
460 2222 467 2235 ,
485 2202 622 2236 quomodo
643 2202 697 2228 ulla
718 2202 744 2229 in
765 2210 794 2230 re
811 2207 885 2230 esset
904 2204 1037 2232 inferior?

1090 969 1209 1003 γεγονὼς
1222 969 1254 995 δι’
1268 969 1341 1004 ἡμᾶς
1351 989 1357 1000 ,
1376 968 1503 1003 πειρᾶται
1517 967 1662 994 διδάσκειν.
1676 967 1760 993 Τοῦτο
1775 966 1831 1002 γὰρ
1844 963 1878 1001 ἦν

1091 1015 1136 1042 ἐπὶ
1153 1015 1190 1050 τῷ
1214 1015 1285 1050 λόγῳ
1299 1014 1329 1041 τὺ
1356 1014 1458 1041 λεῖπον.
1477 1013 1531 1040 Καὶ
1558 1013 1603 1040 διὰ
1620 1013 1698 1040 τοῦτό
1723 1021 1824 1048 φησιν,
1840 1013 1880 1038 ὅτι

1092 1070 1102 1086 ι
1120 1061 1239 1092 Μείζονα
1255 1059 1356 1086 τούτων
1370 1059 1452 1092 δείξει
1469 1059 1543 1094 αὐτῷ
1559 1059 1637 1094 ἔργα,
1658 1059 1701 1085 ἵνα
1717 1058 1795 1094 ὑμεῖς
1816 1058 1881 1085 Θαυ-

1091 1105 1206 1141 μάζητε.
1225 1115 1233 1130 ν
1254 1105 1308 1132 Καὶ
1329 1106 1356 1132 τί
1385 1106 1464 1132 πάλιν
1486 1105 1550 1140 ἡμῖν
1569 1104 1694 1140 βούλεται
1715 1104 1758 1130 διὰ
1786 1103 1879 1130 τούτου

1090 1151 1185 1185 δηλοῦν
1203 1159 1210 1184 ;
1225 1151 1426 1186 Τεθεράπευτοιι
1441 1171 1447 1182 ,
1461 1152 1544 1186 φησὶν
1556 1171 1563 1183 ,
1580 1151 1593 1177 ὸ
1618 1150 1784 1186 παράλυτος,
1802 1150 1880 1186 τριά-

1089 1205 1171 1223 κοντα
1187 1196 1234 1223 καὶ
1250 1196 1321 1224 ὀκτὼ
1336 1197 1383 1233 ἐτη
1399 1197 1468 1232 ἔχων
1486 1197 1514 1222 ἐν
1524 1197 1556 1231 τῇ
1576 1195 1701 1231 ἀσθενείᾳ
1717 1194 1809 1223 αὑτοῦ.
1826 1195 1880 1222 Καὶ

1090 1245 1232 1280 θαυμαστὴ
1255 1244 1304 1280 μὲν
1321 1244 1405 1277 ὅντως
1423 1245 1440 1279 ὴ
1463 1244 1509 1270 τοῦ
1527 1243 1742 1279 θεραπεύσαντος
1755 1243 1880 1278 δύναμις,

1089 1291 1244 1326 Θεοπρεπής
1253 1299 1281 1317 τε
1291 1290 1351 1317 λίαν
1363 1291 1379 1326 ἡ
1391 1289 1509 1322 ἐξουσία.
1521 1289 1572 1325 Τρν
1586 1289 1614 1316 δὲ
1623 1289 1695 1316 οὕτω
1707 1289 1880 1325 Θαυματουρ-

1086 1336 1135 1371 γον
1147 1356 1154 1369 ,
1171 1337 1221 1363 οὐκ
1241 1337 1274 1363 ἄν
1289 1344 1346 1369 τις,
1361 1334 1456 1371 οῑμαι,
1474 1334 1620 1370 σωφρονῶν
1637 1335 1790 1361 αἰτιάσαιτο
1814 1334 1881 1361 Θεὸν

1088 1382 1182 1409 ἑαυτὸν
1202 1379 1270 1409 εἶναι
1287 1382 1401 1416 λέγοντα
1414 1403 1422 1416 ,
1437 1381 1484 1408 καὶ
1500 1381 1615 1418 ἐπείπερ
1631 1381 1705 1407 ἐστὶν
1721 1381 1785 1412 Υἱὸς
1795 1402 1801 1413 ,
1824 1382 1880 1407 ἴσον

1088 1428 1158 1455 κατὰ
1173 1428 1261 1456 πάντα
1277 1428 1316 1464 τῷ
1332 1429 1522 1464 Γεγεννηκότι,
1545 1427 1652 1463 Ἐπειδὴ
1667 1427 1694 1454 δὲ
1708 1427 1880 1463 φρονοῦντες,

1088 1475 1164 1510 φησὶ,
1189 1475 1306 1502 κάκιστά
1320 1483 1348 1501 τε
1371 1475 1419 1501 καὶ
1441 1473 1611 1508 ἁλογώτατα,
1629 1473 1674 1500 διὰ
1701 1473 1732 1500 τὸ
1748 1473 1880 1510 ἐπίκηρον

1087 1521 1162 1548 τουτὶ
1173 1521 1384 1553 σκανδαλίζεσοε
1397 1521 1642 1556 σῶμα,ἀναγκαίον
1657 1520 1728 1555 ὑμᾶς
1739 1519 1879 1554 ἐκμαθεῖν,

1087 1568 1124 1599 ὡς
1133 1567 1163 1593 οὗ
1175 1567 1256 1603 μέχρι
1269 1566 1370 1594 τούτων
1381 1566 1414 1593 τὰ
1427 1567 1475 1601 τῆς
1483 1566 1553 1601 ἐμῆς
1561 1565 1684 1599 ἐξουσίας
1692 1574 1722 1591 τε
1732 1565 1779 1591 καὶ
1791 1564 1880 1600 ἰσχύος

1091 1615 1219 1650 στήσεται
1234 1622 1240 1630 ·
1258 1613 1389 1649 μειζόνων
1409 1613 1463 1648 γὰρ
1478 1611 1571 1638 ἐσεσοε
1591 1611 1757 1646 παραδόξων,
1777 1610 1828 1637 κᾶν
1845 1610 1880 1646 μὴ

1090 1660 1233 1696 βούλησθε,
1253 1660 1368 1695 θεωροὶ,
1385 1659 1435 1693 τῆς
1451 1658 1505 1685 τῶν
1521 1657 1626 1693 νεκρῶν
1642 1658 1817 1688 ἀναστάσεως
1837 1657 1881 1690 δη-

1089 1706 1155 1741 λαδὴ
1167 1727 1174 1740 ,
1189 1707 1236 1733 καὶ
1260 1705 1321 1732 τότε
1341 1705 1472 1740 μειζόνως
1489 1702 1733 1738 καταπλαγὴσεσθε
1744 1723 1752 1735 ,
1770 1703 1820 1738 τὴν
1843 1702 1880 1737 τῷ

1088 1752 1148 1788 Θεῷ
1163 1752 1320 1787 πρέπουσαν
1341 1753 1417 1787 ισχύν
1434 1760 1463 1778 τε
1480 1751 1527 1778 καὶ
1541 1751 1620 1783 δόξαν
1633 1751 1661 1776 ἐν
1677 1751 1739 1785 ἐμοὶ
1750 1750 1880 1786 κειμένην

1088 1799 1204 1834 ὁρῶντες
1214 1819 1220 1831 ,
1233 1799 1263 1826 ὃν
1285 1799 1440 1834 δυσφημίας
1457 1798 1607 1833 ἐγκλήματι
1630 1796 1808 1832 περιϐάλλετε
1823 1795 1879 1827 νῦν,

1088 1845 1134 1872 καὶ
1149 1844 1255 1872 διώκειν
1275 1845 1325 1871 οὐκ
1343 1843 1513 1879 αἰσχύνεσθε,
1528 1843 1572 1870 διὰ
1583 1844 1614 1870 τὸ
1626 1844 1705 1878 μόνον
1723 1843 1828 1876 ειπεῖν,
1841 1843 1882 1869 ὅτι

1088 1891 1151 1923 Υἱὸς
1180 1890 1248 1917 Θεοῦ
1274 1891 1342 1926 εἰμι.
1361 1891 1484 1916 Δεικνύει
1504 1889 1532 1916 δὲ
1553 1890 1626 1921 ὅπως
1642 1890 1656 1916 ὁ
1674 1889 1740 1920 Θεὸς
1761 1890 1809 1915 λαὶ
1824 1889 1881 1915 Πα-

1087 1937 1139 1973 τὴρ
1160 1937 1194 1964 τὰ
1211 1937 1281 1973 ἔργα
1301 1936 1340 1972 τῷ
1358 1936 1431 1972 Υἱῷ,
1447 1936 1628 1972 προλαϐόντες
1647 1935 1697 1970 ἤδη
1714 1935 1758 1962 διὰ
1776 1935 1882 1962 πολλῶν

1088 1984 1249 2019 εἰρήκαμεν.

1123 2029 1237 2063 ’Ὠσπερ
1251 2029 1305 2064 γὰρ
1317 2029 1333 2056 ό
1349 2029 1449 2063 Πατὴρ
1467 2027 1573 2064 ἐγείρει
1593 2027 1663 2061 τοὺς
1679 2027 1806 2061 νεκροὺς
1832 2027 1881 2053 καὶ

1088 2074 1228 2106 ζωοποιεῖ,
1241 2075 1332 2108 οὕτως
1351 2075 1399 2102 καὶ
1412 2076 1427 2102 ὁ
1446 2075 1512 2108 Υἱὸς
1527 2074 1579 2107 οὓς
1592 2074 1672 2102 θέλει
1685 2073 1828 2104 ζωοποιεῖ.

1122 2121 1177 2148 Θέα
1191 2120 1222 2156 δὴ
1240 2121 1321 2147 πάλιν
1341 2121 1370 2147 ὲν
1393 2120 1498 2152 τούτοις
1521 2121 1594 2156 σαφῆ
1610 2120 1659 2156 τὴν
1681 2120 1732 2155 τῆς
1759 2120 1882 2155 ἰσότητος

1087 2164 1232 2198 ἀπόδειξιν.
1249 2165 1277 2191 '0
1293 2166 1347 2200 γὰρ
1362 2165 1427 2197 ἴσως
1443 2157 1552 2200 ἑνδργὺς
1570 2165 1633 2200 περὶ
1644 2164 1693 2200 τὴν
1706 2163 1760 2190 τῶν
1775 2164 1882 2199 νεκρῶν

1087 2211 1245 2244 ἀναὸίωσιν,
1263 2211 1321 2243 πῶς
1336 2211 1369 2238 ἂν
1388 2211 1446 2247 ἔχοι
1465 2211 1535 2238 κατά
1549 2220 1575 2237 τι
1589 2211 1619 2237 τὸ
1640 2211 1749 2237 ἔλαττον
1765 2219 1773 2243 ;
1789 2211 1806 2246 ἢ
1824 2211 1881 2241 πῶς

247 2253 294 2276 aut
309 2248 446 2283 quomodo
459 2248 575 2275 diversa:
587 2253 661 2275 esset
676 2255 691 2274 a
705 2248 785 2276 Patre
801 2250 972 2284 substantiae,
986 2251 1034 2287 qui

1089 2257 1120 2284 ἂν
1131 2257 1174 2292 εἴη
1188 2257 1255 2292 πρὸς
1271 2258 1316 2284 τὸν
1338 2258 1447 2293 Πατέρα
1461 2257 1555 2284 λοιπὸν
1573 2257 1721 2292 ὲτεροφυὴς
1734 2257 1782 2283 καὶ
1796 2257 1882 2291 ἐκφυα

249 2294 346 2322 iisdem
359 2293 476 2329 refulget
494 2293 727 2328 proprietatibus?
750 2294 866 2329 Propria
886 2300 976 2324 autem
994 2303 1037 2326 est

247 2340 347 2368 divinae
365 2339 528 2367 substantia:
545 2339 699 2366 vivilieandi
716 2344 838 2374 potestas
848 2361 854 2373 ,
866 2350 931 2377 qua:
943 2351 1035 2379 requa-

250 2387 311 2414 Iiter
323 2385 397 2413 Patri
415 2393 447 2412 ac
464 2385 533 2412 Filio
544 2385 626 2412 inest.
640 2385 727 2418 item,
743 2394 796 2413 non
814 2395 861 2422 per
876 2396 905 2416 se
919 2391 1034 2418 seorsim

247 2431 381 2466 quosdam
398 2430 477 2458 Pater
492 2431 624 2462 vivificat,
648 2438 681 2458 ac
705 2433 819 2459 seorsim
843 2433 947 2462 Filius:
971 2445 1034 2464 cum

248 2476 320 2502 enim
338 2475 436 2503 habeat
459 2475 486 2502 in
505 2475 594 2510 seipso
608 2474 715 2503 Patrem
735 2478 912 2510 naturaliter.
934 2486 1034 2508 cuncta

248 2524 387 2555 operatur,
399 2523 425 2546 et
432 2514 503 2546 ’faeit
513 2523 613 2546 cuncta
627 2519 707 2547 Pater
716 2528 765 2556 per
778 2521 888 2549 Filium.
902 2523 954 2552 Sed
970 2533 1032 2553 cum

247 2565 404 2592 vivificandi
418 2569 580 2599 potestatem
594 2565 693 2593 habeat
708 2566 790 2596 Pater
806 2568 832 2595 in
851 2577 899 2596 sua
921 2575 1032 2604 natura,

248 2611 479 2646 quemadmodum
510 2615 537 2638 et
569 2612 651 2647 ipse,
686 2612 747 2640 ideo
779 2614 919 2643 vivificare
952 2625 1033 2651 posse

248 2659 373 2683 mortuos
390 2656 499 2691 utrique
520 2657 615 2685 tribuit
636 2659 714 2693 quasi
733 2659 845 2695 utrique
869 2664 984 2690 seorsim
1005 2664 1030 2690 id

248 2702 322 2730 insit.

279 2793 301 2809 "
316 2794 395 2821 Joan.
413 2800 468 2826 xtv,
487 2793 527 2820 11.
549 2794 580 2809 ⁸⁵·
595 2794 676 2822 Joan.
693 2803 719 2828 ν,
737 2795 783 2823 18.

1087 2302 1131 2333 λος
1146 2303 1159 2329 ὀ
1172 2304 1228 2334 τοῖς
1240 2304 1330 2334 αὐτοῖς
1340 2303 1502 2337 διαλάμπων
1518 2302 1676 2338 ἱδιώμασιν;
1694 2302 1775 2329 Ἰδιον
1789 2302 1818 2328 δὲ
1832 2301 1881 2334 τῆς

1087 2347 1163 2379 Θείας
1185 2348 1279 2379 οὐσίας
1308 2348 1339 2374 τὺ
1368 2347 1499 2374 δύνασθαι
1528 2347 1689 2382 ζωογονεῖν,
1712 2348 1782 2382 ὅπερ
1808 2347 1882 2372 ἐστὶν

1087 2393 1186 2429 ὁμοίως
1201 2395 1230 2420 ὲν
1263 2394 1350 2429 Πατρὶ
1370 2394 1417 2420 καὶ
1434 2393 1500 2428 Υἰῷ.
1527 2395 1661 2428 Ζωογονεί
1685 2393 1713 2419 δὲ
1728 2393 1811 2420 πάλιν
1833 2393 1881 2418 οὐκ

1088 2437 1159 2470 ἰδίως
1175 2439 1223 2473 μέν
1242 2447 1317 2469 τινας
1337 2437 1396 2464 καθ’
1411 2437 1507 2464 ἑαυτὸν
1521 2439 1534 2464 ὁ
1553 2438 1657 2473 Πατὴρ,
1675 2437 1746 2469 ἰδίως
1760 2437 1788 2463 δέ
1806 2445 1882 2468 τινας

1086 2484 1296 2519 κεχωρισμένως
1309 2484 1323 2510 ὁ
1340 2484 1421 2515 Υιός·
1442 2483 1511 2519 ἔχων
1530 2484 1583 2519 γὰρ
1602 2484 1631 2510 ἐν
1652 2483 1742 2518 ἑαυτῴ
1757 2483 1882 2517 φυσικῶς

1084 2531 1129 2555 τὸν
1149 2529 1272 2564 Πατέρα,
1289 2531 1322 2556 τὰ
1348 2531 1437 2557 πάντα
1459 2530 1625 2565 ἐργάζεται,
1639 2529 1686 2556 καὶ
1713 2530 1824 2564 ἐνεργεί
1847 2529 1880 2555 δι’

1085 2575 1150 2601 Υἰοῦ
1164 2575 1199 2601 τὰ
1214 2576 1302 2602 πάντα
1314 2575 1329 2601 ὀ
1344 2576 1449 2611 Πατήρ.
1471 2576 1539 2602 Ἀλλ’
1552 2575 1668 2610 ἐπείπερ
1682 2575 1739 2610 ἔχει
1755 2574 1786 2601 τὸ
1799 2573 1879 2600 δύνα-

1085 2621 1145 2647 σθαι
1170 2621 1313 2655 ζωογονεῖν
1328 2623 1342 2649 ὁ
1359 2621 1452 2658 Πατὴρ
1470 2623 1498 2649 ἐν
1523 2623 1557 2657 τῇ
1576 2622 1628 2656 ιδῐᾳ
1644 2621 1734 2656 φύσει,
1752 2620 1878 2655 καθάπερ

1083 2664 1129 2692 οὖν
1145 2667 1192 2692 καὶ
1207 2667 1296 2699 αὐτὸς,
1314 2668 1351 2700 ὡς
1367 2668 1413 2695 καὶ
1430 2668 1501 2700 ἰδίως
1518 2668 1640 2703 ἑκατέρῳ
1660 2667 1761 2703 προσὸν
1778 2667 1877 2694 ἀπονέ-

1089 2720 1132 2746 μει
1147 2712 1177 2738 τὸ
1196 2712 1324 2741 δύνασθαι
1338 2713 1480 2748 ζωογονεῖν
1495 2714 1556 2746 τοὺς
1569 2713 1692 2749 νεκρούς.
