2026 3123
460 246 582 273 ΚΕΦΛᾹ.
609 245 644 271 κ’.

160 293 224 319 Ὀτι
237 292 296 318 τῶν
311 291 482 325 θεοπρεπῶν
494 290 675 327 ἀξιωμάτων,
687 290 944 327 ἤτοιπλᾼεοξιενετη-

191 327 303 362 μάτων,
319 327 408 353 οὐδὲν
426 327 458 352 ἐκ
472 325 602 359 μετοχῆς
618 326 636 359 ἢ
653 324 783 352 ἐπακτὸν
796 324 829 350 ἐν
844 324 908 356 Υίῴ.

195 384 271 412 Οὐδὲ
294 384 349 419 γὰρ
366 385 382 410 ὁ
406 383 507 417 Πατὴρ
530 383 625 416 κρίνει
649 382 773 413 οὐδένα,
788 381 867 408 ἀλλὰ
887 380 945 414 τὴν

159 431 261 464 κρίσιν
281 429 385 456 πᾶσαν
403 428 512 455 δέδωκε
531 427 571 461 τῷ
588 428 652 461 Υἱῷ.

195 477 307 511 Ἕτερον
326 475 447 511 εἰσφέρει
467 475 582 510 πρᾶγμα
596 475 745 509 θεοπρεπὲς
760 483 790 501 τε
808 473 853 501 καὶ
869 473 943 505 ἐξαί-

160 529 226 551 σιον,
242 520 285 546 διὰ
308 519 412 546 πολλῶν
427 519 590 553 ἀναπείθων,
607 519 648 545 ὅτι
663 519 728 551 Θεός
740 520 797 545 ἐστι
813 519 882 545 κατὰ
895 519 944 552 φύ-

160 573 200 591 σιν
230 564 276 590 καὶ
290 563 432 599 ἀληθινῶς.
448 564 506 590 Τίνι
517 563 571 599 γὰρ
588 563 622 590 ἂν
642 564 688 590 καὶ
703 564 788 599 ἑτέρῳ
804 564 903 599 πρέποι
915 563 944 589 τὸ

158 613 248 646 κρῖναι
262 610 310 646 τὴν
336 610 507 646 οἰκουμένην,
520 611 543 637 εἰ
571 611 607 646 μὴ
624 611 695 645 μόνῳ
708 611 746 646 τῷ
773 611 818 637 ἐπὶ
842 611 944 645 πάντας

158 658 214 684 ὄντι
238 657 307 692 Θεῷ,
325 657 354 683 ὃν
380 657 412 692 δὴ
437 656 483 683 καὶ
502 657 568 692 πρός
588 656 667 682 τοῦτο
688 656 814 686 καλοῦσιν
829 656 858 682 αἱ
874 655 944 682 θεῖαι

157 704 283 737 λέγουσαι
300 703 415 738 Γραςεαὶ,
429 702 494 727 ποτὲ
511 703 569 736 μὲν,
583 711 591 727 1
604 702 718 729 Ἀνάστα
734 703 748 728 ὁ
763 701 838 734 Θεὸς,
853 702 943 737 κρῖνον

124 768 126 773 τ
158 749 207 784 τὴν
222 750 290 784 γῆν·
311 759 320 774 ›
338 749 402 775 ποτὲ
417 748 446 774 δὲ
466 746 498 774 αὖ
514 747 603 780 πάλιν,
621 757 630 773 ‹
650 748 711 774 "Uri.
731 749 744 775 6
762 748 827 779 Θεὸς
848 748 944 784 κριτής

158 796 215 821 ἐστι
230 815 236 826 ,
253 795 346 821 τοῦτον
370 795 501 825 ταπεινοῖ,
518 794 564 820 καὶ
582 793 675 820 τοῦτον
696 793 766 828 Oti/oi.
789 803 798 819 ι
818 793 943 820 Δεδόσθαι

157 849 188 874 γε
207 840 259 875 μὴν
272 842 319 874 τὴν
330 839 419 875 κρίσιν
431 840 519 875 ἐαυτῷ
535 848 600 875 φησι
616 839 692 875 παρὰ
706 839 752 865 τοῦ
771 839 943 874 Πατρὺς,οὺχ

158 887 195 918 ὡς
210 885 261 918 ἔξω
280 887 328 921 τῆς
349 886 396 911 ἐπὶ
419 885 505 920 τούτῳ
522 885 646 920 κείμενος
667 885 807 918 ἐξουσίας,
827 884 884 911 ἀλλ’
905 885 943 916 ὡς

159 933 299 968 ἄνθρωπος
321 931 518 967 οἰκονομικῶς,
535 931 757 966 πρεπωδέστερον
787 930 944 958 ἀνακεῖσθαι

157 980 189 1013 τῇ
207 978 265 1013 θείᾳ
277 977 357 1012 φύσει
370 978 405 1004 τὰ
419 978 506 1004 πάντα
521 977 663 1009 διδάσκων,
679 975 712 1013 ἧς
729 976 774 1003 καὶ
787 977 866 1007 αὐτὸς
881 977 946 1003 εἴσω

159 1022 292 1058 βεϐηκὼς,
355 1022 405 1057 μὲν
422 1022 481 1048 ἔστι
502 1022 587 1055 Λόγος
604 1022 651 1048 καὶ
673 1021 738 1054 Θεὸς
750 1043 757 1054 ,
771 1021 875 1048 οἴκοθεν
890 1021 945 1056 ἔχει
967 1043 971 1049 κ

157 1067 207 1102 τὴν
224 1067 265 1100 ἐφ’
287 1066 388 1093 ἅπασιν
409 1065 532 1098 ἐξουσίαν
551 1074 557 1080 ·
601 1066 630 1092 δὲ
648 1065 759 1100 γέγονεν
783 1066 944 1100 ἄνθρωπος,

157 1112 225 1147 πρὸς
237 1112 267 1138 ὃν
278 1112 385 1148 εἴρηταί
399 1121 461 1139 που·
481 1122 490 1138 ι
509 1109 541 1138 Τί
559 1111 613 1147 γὰρ
626 1111 707 1146 ἔχεις,
721 1111 735 1137 ὃ
747 1111 797 1137 οὐκ
813 1111 942 1144 ἕλαϐες;›

156 1157 278 1193 δεδέχθαι
298 1157 455 1192 πρεπόντως
470 1157 604 1192 ὁμολογεῖ.
622 1157 692 1192 Πρὸς
709 1156 740 1191 δὴ
758 1155 843 1183 ταῦτα
864 1156 944 1183 πάλιν

157 1204 215 1239 ἐρεῖ
228 1213 269 1235 τις
295 1204 374 1239 τυχὸν
388 1204 441 1231 τῶν
458 1203 490 1230 δι’
515 1203 649 1234 ἐναντίας·
674 1203 739 1230 Ἰδοὺ
762 1202 909 1238 διαρρήδην
930 1203 945 1228 6

158 1250 220 1282 Υἱὸς
245 1250 293 1284 τὴν
317 1249 406 1285 κρίσιν
428 1249 548 1285 δεδέχθαι
570 1249 636 1284 φησὶ
661 1249 736 1284 παρὰ
757 1248 803 1275 τοῦ
827 1248 942 1284 Πατρός.

157 1296 298 1330 Λαμῦάνει
315 1295 353 1328 δὲ,
369 1295 406 1327 ὡς
421 1295 470 1322 οὐκ
494 1295 563 1330 ἔχων
588 1294 699 1330 δηλαδή.
714 1294 775 1325 Πῶς
787 1292 833 1320 οὖν
847 1294 896 1320 οὐκ
911 1293 943 1320 ἂν

157 1342 198 1376 εἴη
214 1342 325 1376 μείζων,
344 1342 391 1368 καὶ
406 1340 654 1376 μεγαλοφυέστερος
669 1342 682 1366 6
696 1339 782 1371 διδοὺς
796 1339 855 1374 μετ’
869 1339 943 1371 ἐξου-

159 1388 226 1418 σίας,
244 1388 290 1414 τοῦ
306 1388 431 1422 δεομένου
449 1387 556 1420 infida;
571 1387 603 1413 Τί
618 1386 650 1422 δὴ
665 1384 710 1413 οὖν
722 1386 776 1421 ἄρα.
787 1386 853 1421 πρὸς
866 1385 942 1412 τοῦτό

157 1441 247 1467 φαμεν
264 1441 271 1465 ;
302 1433 331 1460 '0
353 1432 402 1468 μὲν
419 1433 498 1467 λόγος
523 1433 587 1467 ἡμῖν
612 1432 626 1458 6
639 1431 873 1466 προτεταγμένος,
891 1431 942 1458 οὐκ

156 1478 296 1513 ἀκόμψως,
321 1479 358 1510 ὼς
373 1476 448 1514 οἶμαι
464 1499 471 1511 ,
485 1478 635 1513 διήρτισται
646 1497 652 1509 ,
668 1477 784 1512 θεωρίαν
808 1477 942 1512 εἰσφέρων

155 1526 203 1562 τὴν
219 1526 258 1561 τῷ
280 1525 369 1560 καιρῷ
391 1526 506 1560 μάλιστα
528 1524 685 1559 πρέπουσαν
703 1523 753 1558 τῆς
768 1522 942 1558 ὲνανθρωπή-

157 1579 225 1604 σεως
252 1571 371 1606 δηλαδὴ,
388 1571 434 1597 καὶ
461 1569 599 1604 οἰκονομίᾳ
623 1570 654 1604 τῇ
678 1568 747 1603 μετὰ
768 1568 869 1603 σαρκὸς
891 1568 975 1620 (ἄρ-0

157 1618 340 1653 μοόιωτάτην,
367 1617 410 1643 ὅτε
441 1615 531 1647 δοῦλος
558 1615 761 1651 ἐχρημάτισεν,
785 1615 828 1640 ὅτε
859 1622 940 1641 τετα-

156 1664 288 1690 πείνωκεν
318 1663 432 1694 ἑαυτὸν,
450 1663 478 1688 ὲν
505 1660 659 1697 ὁμοιώματι
686 1660 724 1695 τῷ
749 1660 876 1696 ἡμετέρῳ
894 1668 941 1694 γε-

154 1709 275 1743 νόμενος.
300 1707 408 1742 Ἐπειδὴ
425 1707 452 1733 δέ
470 1715 510 1733 σοι
528 1707 600 1733 δοκεῖ
617 1705 670 1732 τῶν
686 1707 734 1740 μὲν
751 1704 940 1740 ἁπλουστέρων

154 1754 322 1787 κατασοϐαρε
328 1754 354 1779 iis
359 1753 419 1780 σθαι
425 1753 575 1788 δογμάτων,
586 1751 796 1788 περιεργοτέραν
805 1751 832 1777 δὲ
842 1751 941 1786 μᾶλλον

154 1801 289 1827 ποιεῖσθαι
307 1800 356 1834 τὴν
371 1800 493 1835 ζήτησιν,
515 1800 564 1833 ἄγε,
578 1799 610 1833 δὴ
625 1799 704 1825 πάλιν
720 1799 776 1829 τοῖς
793 1798 849 1829 σοῖς
867 1798 942 1824 ὲναν-

154 1845 217 1876 τίως
245 1844 329 1875 ἰόντες
355 1844 538 1880 προϐλήμασι,
556 1843 664 1878 πρῶτον
689 1843 776 1868 ἐκεῖνο
800 1842 937 1877 λέγωμεν·

155 1891 221 1926 Οὐχί
237 1891 356 1922 πάντως,
372 1890 431 1916 οὐδὲ
452 1889 617 1923 ἀναγκαίως,
628 1885 650 1915 ὦ
675 1886 761 1919 οὗτος,
779 1888 792 1913 6
810 1887 900 1914 δοῦναί
914 1895 940 1912 τι

153 1936 310 1970 λεγόμενος,
334 1936 371 1967 ὡς
385 1936 434 1962 οὐκ
446 1935 533 1970 ἔχοντι
555 1934 593 1969 τῷ
617 1934 752 1969 δεχομένῳ
780 1932 938 1968 προσνέμει,

153 1983 209 2009 ἀλλ’
225 1982 286 2008 οὐδὲ
303 1982 401 2017 μείζων
417 1981 458 2008 ἀεὶ
468 1981 514 2007 τοῦ
525 1980 710 2015 λαμϐάνοντος
720 1980 733 2005 ὁ
747 1978 843 2010 διδούς.
865 1978 940 2004 Ἐπεὶ

153 2029 179 2055 τί
195 2029 328 2064 ποιήσεις,
344 2028 407 2054 ὅταν
421 2027 478 2062 ἴδῃς
490 2027 518 2052 ὲν
532 2025 668 2060 Πνεύματι
684 2024 728 2050 τὸν
743 2024 815 2058 ἱερὸν
828 2023 941 2056 λέγοντα

153 2073 316 2109 Ψαλμῳδὸν,
330 2083 339 2099 ‹
361 2072 424 2099 Δότε
436 2073 514 2106 δόξαν
528 2072 598 2107 Θεῷ;
621 2081 629 2096 t
644 2070 728 2105 Δόξης
739 2070 793 2106 ἄρα.
806 2068 945 2096 καθεστά-

153 2128 197 2145 ναι
212 2120 257 2145 τῂν
273 2118 338 2145 Θεὸν
362 2118 455 2144 ἐπιδεᾶ
478 2117 652 2152 λογιούμεοα,
667 2116 682 2152 ἢ
697 2117 744 2142 καὶ
763 2115 872 2150 μείζους
893 2114 939 2141 τοῦ

153 2165 296 2195 κτίσαντος
320 2164 363 2191 διὰ
376 2163 454 2190 τοῦτο
470 2163 577 2194 πάντως
600 2163 690 2197 ἡμεῖς,
706 2163 730 2188 οἱ
742 2161 844 2196 ταύτην
866 2159 941 2195 αὐτῷ

152 2210 304 2244 προσάγειν
323 2208 525 2242 ἐπιταττόμενοι
538 2216 545 2240 ;
567 2206 636 2233 Ἀλλ’
652 2206 705 2232 οὐδ’
732 2205 764 2231 ἂν
778 2205 858 2235 αὐτὸς
873 2205 941 2231 ἀπο-

683 186 714 213 IN
732 184 874 213 IOANNIS
895 182 1118 211 EVANGELIUM
1149 183 1212 210 LII}.
1231 184 1262 211 ll.

1730 184 1781 211 566

1307 240 1382 268 ΟΜ).
1398 240 1454 268 VII.

998 286 1071 319 Quod
1089 285 1163 312 nulla
1179 285 1295 320 dignitas
1310 291 1355 322 aut
1370 285 1525 312 excellentia
1539 285 1627 322 (ίίεἱηη
1646 295 1678 313 et
1696 291 1797 322 parm.

1132 321 1270 354 cipalione.
1288 321 1326 347 vel
1342 321 1458 347 ascilitia
1471 323 1505 348 sit
1519 322 1544 348 in
1560 321 1642 350 Filio.

1031 376 1063 410 V,
1080 377 1124 404 2'2.
1145 376 1235 412 Neque
1247 378 1315 404 enim
1332 375 1411 403 Pater
1420 377 1525 412 judicat
1545 387 1716 414 quamquam,
1735 382 1779 407 sed

995 423 1211 458 onmejudicium
1231 423 1300 449 dedit
1320 421 1402 449 Filio.

1028 469 1109 496 Aliud
1130 469 1260 504 quiddam
1285 468 1408 496 divinum
1435 476 1467 496 ac
1492 462 1656 504 stupendum
1679 471 1779 505 aﬂ‘crt,

994 515 1075 550 longo
1099 522 1226 542 sermone
1243 522 1272 542 se
1294 519 1392 541 natura
1414 517 1440 541 et
1456 522 1520 541 vere
1542 514 1626 541 Deum
1641 523 1701 542 esse
1720 524 1780 550 pur-

995 561 1124 588 suadens.
1146 561 1195 588 Cui
1219 560 1292 588 enim
1319 560 1365 587 alii
1384 563 1521 587 terrarum
1542 560 1636 587 orbem
1656 561 1781 595 judicare

994 606 1159 639 conveniat,
1182 605 1235 633 nisi
1260 605 1307 632 uni
1328 612 1411 640 supra
1430 612 1526 632 omnes
1543 605 1687 632 cxsistcnti
1708 605 1780 638 Deo,

994 659 1074 686 quem
1086 659 1152 680 sane
1167 652 1265 679 divina
1282 652 1432 686 Scripturae
1446 651 1478 678 ad
1494 651 1546 678 hoc
1564 652 1645 679 etiam
1663 657 1780 684 vocant,

993 697 1076 724 modo
1092 697 1202 733 quidem
1231 698 1272 725 his
1288 697 1379 725 verbis
1394 707 1400 724 :
1419 707 1429 723 ‹
1447 698 1534 732 Surge
1545 717 1552 729 ,
1581 697 1653 734 Deus
1665 717 1672 728 ,
1685 697 1780 731 judica

995 746 1096 770 terram
1109 743 1146 776 *5;
1159 753 1167 769 ι
1181 748 1208 771 et
1221 751 1318 771 rursus
1336 752 1343 770 :
1362 753 1371 769 ‹
1386 743 1520 776 Quoniam
1540 744 1611 771 Deus
1623 745 1708 779 judex
1721 748 1780 772 est:

994 789 1066 816 hunc
1082 789 1224 822 humiliat,
1241 795 1268 818 et
1283 791 1356 818 hunc
1372 791 1474 818 exultat
1487 791 1531 818 η’.
1546 800 1554 816 ι
1576 790 1672 817 Datum
1685 796 1777 818 autem

994 835 1045 862 sibi
1057 842 1071 861 a
1087 835 1167 862 Patre
1181 836 1219 862 ait
1230 836 1375 871 judicium,
1387 844 1440 863 non
1457 837 1536 871 quasi
1551 837 1584 864 ab
1596 845 1627 865 ea
1644 842 1781 872 potestate

994 880 1030 907 sit
1041 880 1146 907 alienus
1157 900 1164 912 ,
1180 880 1228 908 sed
1245 881 1318 916 quod
1333 882 1415 909 homo
1429 889 1491 909 cum
1509 883 1545 910 sit
1566 891 1614 918 per
1635 884 1780 919 dispenSa-

961 919 981 948 Β
997 927 1227 958 tionem,natura:
1246 927 1343 955 divinae
1363 929 1559 963 congruentius
1583 930 1673 956 omnia
1695 930 1781 957 tribui

996 973 1112 1006 doceat;
1125 980 1247 1008 quacum
1262 973 1298 1001 sit
1311 974 1369 1008 ipse
1384 974 1515 1009 prmditus
1525 995 1532 1007 ,
1551 975 1577 1002 in
1593 980 1724 1010 quantum
1738 979 1780 1003 est

996 1016 1115 1045 Verbum
1130 1024 1162 1045 ac
1179 1017 1263 1051 Deus,
1282 1025 1296 1044 a
1312 1026 1341 1046 se
1356 1018 1435 1046 habet
1451 1018 1573 1046 onmium
1592 1024 1754 1054 potestatem
1771 1029 1778 1046 :

995 1067 1131 1098 quatenus
1148 1067 1236 1090 autem
1251 1063 1331 1090 homo
1345 1064 1435 1090 factus
1450 1067 1492 1091 est
1503 1085 1510 1097 ,
1532 1065 1565 1092 ad
1582 1073 1662 1100 quem
1680 1065 1780 1093 alicubi

995 1109 1099 1136 dictum
1118 1114 1176 1137 est:
1199 1118 1208 1134 ‹
1221 1109 1291 1142 Quid
1313 1110 1385 1137 enim
1403 1109 1486 1138 habes
1507 1111 1577 1145 quod
1595 1119 1649 1138 non
1672 1111 1780 1146 accepi-

995 1155 1029 1183 sti
1043 1155 1107 1181 "*9:
1133 1163 1163 1183 sc
1187 1156 1325 1190 accepisse
1338 1177 1345 1188 ,
1366 1159 1395 1183 ut
1414 1156 1509 1190 decet,
1530 1157 1641 1184 fatetur.
1662 1157 1702 1185 Ad
1720 1158 1779 1186 haec

994 1209 1104 1229 rursum
1125 1201 1197 1229 dicet
1214 1201 1306 1229 forsan
1327 1201 1548 1230 adversariorum
1565 1204 1665 1240 aliquis
1681 1213 1687 1231 :
1708 1204 1780 1232 Ecce

994 1252 1087 1282 aperte
1108 1247 1194 1275 Filius
1209 1248 1248 1274 ait
1275 1255 1304 1276 se
1327 1248 1461 1283 judicium
1487 1257 1501 1276 a
1525 1249 1607 1277 Patre
1626 1251 1776 1285 accepisse.

993 1294 1099 1328 Accipit
1115 1298 1206 1321 autent
1219 1313 1226 1326 ,
1250 1299 1279 1321 ut
1302 1289 1348 1330 qiti
1366 1302 1421 1322 non
1437 1295 1535 1322 habeat
1550 1297 1683 1324 videlicet.
1703 1296 1778 1329 Quo-

993 1338 1074 1365 modo
1092 1346 1157 1374 ergo
1175 1339 1263 1373 major
1281 1347 1338 1366 non
1360 1340 1412 1367 erit
1436 1347 1467 1366 ac
1491 1340 1710 1375 magnificentior
1732 1342 1780 1376 qui

993 1391 1054 1411 cum
1075 1388 1209 1419 potestate
1227 1385 1293 1416 dat,
1315 1392 1399 1420 quam
1420 1386 1466 1412 cui
1487 1386 1612 1421 accipere
1633 1391 1674 1414 est
1687 1387 1780 1423 opus?

992 1429 1062 1462 Quid
1078 1429 1160 1465 igitur
1177 1430 1241 1457 huic
1258 1430 1475 1465 respondemus?
1490 1431 1576 1459 Antea
1594 1432 1703 1467 quidem
1723 1440 1777 1460 non

992 1476 1107 1508 inscite,
1127 1481 1156 1504 ut
1172 1477 1309 1509 arbitror,
1326 1484 1357 1504 ea
1379 1477 1413 1504 de
1431 1481 1460 1505 re
1483 1477 1679 1511 disseruimus,
1697 1479 1777 1506 allata

990 1523 1183 1550 observatione
1218 1523 1335 1550 maxime
1372 1523 1545 1551 convenienti
1576 1524 1777 1553 incarnationis

991 1568 1106 1603 tempori
1123 1569 1263 1601 nimirum,
1277 1573 1303 1596 et
1315 1568 1512 1603 dispensationi
1527 1577 1588 1598 cum
1603 1577 1685 1598 carne
1696 1572 1779 1606 aptis-

992 1615 1071 1646 sima,
1081 1622 1142 1641 cum
1156 1622 1251 1642 servus
1264 1617 1438 1650 nuncupatus
1450 1618 1501 1647 est,
1514 1622 1574 1642 cum
1590 1615 1710 1650 seipsum
1723 1616 1779 1644 exi-

990 1661 1105 1693 nanivit,
1116 1661 1142 1688 in
1155 1660 1334 1688 similitudine
1351 1666 1445 1689 nostra
1459 1661 1540 1696 225
1552 1661 1640 1689 factus
1648 1661 1680 1689 ¹⁸⁸.
1724 1662 1778 1690 Sed

990 1708 1119 1743 quoniam
1141 1709 1308 1743 simpliciora
1328 1709 1456 1744 dogmata
1473 1709 1591 1750 sup‘erbe
1606 1709 1734 1744 despicis,
1750 1714 1780 1738 et.

991 1752 1157 1788 exquisitius
1172 1761 1202 1780 ea
1219 1754 1261 1781 vis
1274 1754 1438 1787 examinari,
1457 1761 1507 1789 age
1523 1754 1614 1782 denuo
1627 1758 1689 1782 tuas
1701 1755 1778 1790 obje-

990 1800 1096 1827 ctioncs
1109 1799 1271 1833 refutantes,
1290 1800 1409 1834 primum
1425 1799 1560 1827 dicamus.
1586 1798 1646 1827 Non
1669 1808 1778 1835 semper

991 1853 1080 1879 neque
1099 1845 1257 1872 necessario
1279 1853 1340 1873 eum
1365 1846 1412 1880 qui
1435 1845 1501 1872 dare
1532 1846 1636 1880 aliquid
1662 1845 1776 1877 dicitur,

991 1890 1134 1925 accipienti
1153 1890 1273 1918 tribuere
1289 1890 1368 1926 quasi
1392 1898 1445 1917 non
1472 1891 1597 1924 habenti,
1614 1891 1660 1919 sed
1688 1899 1778 1926 neque

990 1935 1101 1963 dantem
1119 1935 1271 1971 accipiente
1292 1943 1399 1971 semper
1414 1943 1475 1963 esse
1498 1937 1642 1972 majorem.
1668 1937 1777 1972 Alioqui

989 1981 1073 2014 enim,
1101 1981 1166 2015 quid
1191 1980 1275 2008 facies
1301 1987 1362 2007 cum
1381 1980 1485 2009 videbis
1514 1986 1638 2009 sanctum
1661 1981 1778 2010 Psalmi-

980 2031 1060 2054 -stam
1077 2027 1214 2055 dicentem
1230 2027 1258 2054 in
1274 2026 1380 2062 Spiritu
1392 2035 1398 2054 :
1412 2037 1421 2052 ‹
1435 2026 1501 2055 Date
1514 2028 1627 2064 gloriam
1645 2029 1700 2057 Deo
1709 2029 1750 2055 ⁸νῖ
1764 2039 1774 2056 ι

989 2072 1068 2100 Anne
1080 2073 1167 2108 gloria
1180 2080 1250 2108 opus
1267 2080 1328 2100 esse
1345 2072 1400 2100 Deo
1415 2074 1584 2108 putabimus,
1601 2079 1647 2101 aut
1657 2075 1776 2110 majores

989 2118 1120 2146 Creatore
1138 2126 1189 2147 nos
1211 2126 1272 2147 esse
1292 2119 1338 2154 qui
1365 2119 1436 2146 hanc
1461 2119 1486 2147 ei
1501 2119 1610 2147 deferre
1630 2120 1779 2155 jubcmur?

991 2164 1073 2200 Atqui
1089 2169 1115 2192 tu
1135 2164 1161 2192 id
1174 2164 1298 2200 proferre
1313 2172 1368 2192 non
1386 2164 1512 2198 audebis,
1529 2165 1592 2193 licet
1606 2166 1634 2193 in
1650 2166 1779 2202 blasphe-

991 2211 1053 2238 miis
1067 2211 1176 2247 egregie
1199 2211 1366 2239 exercitatus
1381 2220 1388 2238 ι
1403 2211 1475 2239 Deus
1488 2211 1561 2240 enim
1578 2212 1664 2248 gloria
1679 2213 1777 2248 plenus

151 2255 300 2291 τολμήσεις
313 2255 411 2284 εἰπεῖν,
424 2254 438 2280 6
450 2253 495 2279 τὸν
511 2253 557 2279 ἐπὶ
567 2253 626 2283 ταῖς
641 2251 805 2286 δυσφημίαις
822 2250 898 2276 ὄκνον
909 2250 939 2276 οὐ

992 2261 1044 2290 est.
1060 2258 1185 2292 quamvis
1195 2265 1255 2286 eam
1269 2265 1284 2284 a
1297 2259 1376 2286 nobis
1388 2266 1443 2286 non
1456 2258 1584 2294 accipiat.
1597 2259 1674 2292 Quod
1686 2264 1778 2288 autem

153 2298 381 2334 παραιτούμενος·
396 2297 496 2332 πλῆρες
510 2297 563 2332 γὰρ
582 2296 659 2330 δόξης
677 2296 706 2321 τὸ
720 2295 806 2326 Θεῖον,
825 2295 875 2321 κᾶν
901 2294 938 2330 μὴ

151 2343 265 2379 δέχηται
279 2343 343 2378 παρ’
364 2341 450 2377 ἡμῶν.
470 2342 501 2368 ’0
514 2342 542 2368 δὲ
566 2341 670 2367 οἴκοθεν
686 2340 740 2375 ἔχει
751 2340 897 2376 λαμϐάνων
911 2341 940 2367 ἐν

151 2390 230 2422 τάξει
247 2390 339 2425 τιμῆς,
351 2390 400 2415 οὐκ
418 2389 450 2415 ἂν
460 2388 577 2415 ἐλάττων
597 2387 680 2414 νοοῐτό
695 2395 759 2413 ποτε
778 2386 843 2419 τῶν,
861 2386 940 2422 οἵπερ

151 2435 230 2470 αὐτῷ
242 2435 292 2470 τὴν
306 2435 383 2468 δόξαν
405 2434 442 2465 ὡς
452 2434 536 2469 δῶρον
552 2433 745 2468 προσάγουσιν.
765 2431 841 2458 Ἔστι
851 2432 940 2459 τοίνυν

149 2482 221 2517 ὁρᾷν
237 2481 282 2508 τὸν
303 2480 431 2515 εἰληφότα
456 2489 481 2507 τι
494 2479 541 2506 τοῦ
566 2479 711 2510 δεδωκότος
732 2479 782 2505 οὐκ
807 2477 940 2512 αἰσχίονα,

150 2527 201 2554 καὶ
233 2527 264 2554 οὺ
290 2527 334 2554 διὰ
357 2526 436 2553 τοῦτο
464 2526 713 2561 μεγαλοφυέστερος
738 2526 752 2552 6
777 2525 871 2560 Πατὴρ
894 2523 941 2551 τοῦ

153 2573 222 2600 [δίου
251 2573 438 2608 Γεννήματος,
470 2572 530 2598 ἐπεὶ
555 2573 644 2598 πᾶσαν
671 2571 744 2606 αὐτῷ
769 2571 867 2597 δέδωκε
892 2571 941 2606 τὴν

151 2619 256 2653 κρίσιν.
275 2617 341 2644 Εἶτα
357 2618 424 2653 πρὸς
445 2618 530 2653 τούτῳ
557 2619 665 2644 κάκεῖνο
685 2617 890 2653 περισκεπτέον·
911 2617 950 2644 τὸ·

151 2665 269 2701 κρίνειν,
285 2665 344 2700 ἤτοι
369 2664 499 2696 δικάζειν,
527 2664 660 2698 ἐνέργειαι
684 2663 781 2698 μᾶλλόν
808 2664 860 2690 εἰσι
897 2663 943 2690 καὶ

152 2711 307 2746 πράγματα
329 2709 382 2736 τῶν
404 2710 466 2745 περὶ
489 2709 537 2741 τὰς
552 2710 644 2741 οὐσίας
669 2709 858 2744 νοουμένων,ἥ
878 2708 943 2735 αὐτὸ

151 2758 214 2784 κατ’
226 2757 354 2792 ἀλήθειαν
363 2756 461 2783 οὐσίαι.
483 2755 661 2790 Ἑνεργοῦμεν
676 2756 729 2790 γάρ
741 2764 766 2781 τι
777 2755 944 2788 δικάζοντες,

154 2802 310 2834 ἰδιαζόντως
324 2802 491 2836 ὑπάρχοντες
511 2802 579 2836 ὅπερ
589 2801 682 2835 ἐσμέν.
695 2801 726 2827 Εἰ
739 2801 767 2827 δὲ
782 2801 812 2827 τὺ
828 2801 940 2836 κρίνειν,

190 2896 211 2912 ³⁸
227 2896 300 2924 Psal.
317 2904 409 2930 Lxxxt,
425 2896 451 2923 8.

993 2310 1009 2330 a
1027 2311 1057 2331 se
1083 2304 1180 2338 habet,
1199 2304 1222 2331 si
1242 2304 1268 2332 id
1290 2304 1404 2333 honoris
1433 2305 1494 2332 loco
1519 2305 1634 2340 accipit,
1659 2313 1712 2332 non
1736 2310 1779 2334 est

993 2348 1106 2376 inferior
1125 2349 1228 2377 idcirco
1249 2350 1404 2378 censendus
1418 2350 1452 2378 iis
1467 2351 1513 2386 qui
1527 2351 1642 2386 gloriam
1660 2352 1710 2386 ipsi
1728 2359 1778 2378 ceu

993 2395 1095 2422 donum
1106 2394 1235 2423 offerunt.
1251 2395 1328 2424 Licet
1341 2404 1405 2432 ergo
1423 2397 1517 2424 videre
1531 2405 1592 2424 eum
1614 2397 1658 2432 qui
1676 2397 1778 2432 aliquid

994 2439 1099 2474 accepit
1116 2440 1202 2468 nihilo
1218 2441 1376 2469 inferiorem
1398 2449 1460 2470 esse
1479 2450 1511 2470 co
1526 2443 1571 2477 qui
1589 2443 1672 2475 dedit,
1691 2451 1779 2478 neque

991 2483 1107 2519 proinde
1132 2485 1397 2520 magniﬁcentiorem
1419 2486 1530 2514 Patrem
1558 2494 1609 2514 suo
1623 2487 1777 2518 Genimiue,

992 2529 1065 2564 quod
1082 2530 1106 2557 ei
1122 2530 1229 2558 dederit
1244 2532 1481 2566 omnejudicium.
1497 2532 1609 2564 Deinde,
1629 2533 1695 2560 illud
1710 2542 1778 2569 quo-

992 2583 1046 2610 quc
1063 2575 1293 2604 considerandum
1310 2580 1369 2610 est,
1386 2577 1510 2611 judicare
1528 2578 1585 2605 sire
1609 2578 1654 2613 jus
1669 2579 1777 2612 dicere.

991 2621 1165 2656 operationes
1181 2621 1273 2656 potius
1287 2629 1349 2650 esse
1369 2627 1415 2649 aut
1427 2615 1505 2650 actus
1519 2631 1612 2650 corum
1632 2632 1691 2659 quae
1705 2625 1779 2652 circa

993 2667 1163 2695 substantias
1183 2675 1245 2695 esse
1271 2668 1471 2703 intelliguntur,
1487 2676 1569 2703 quam
1589 2670 1662 2705 ipsas
1683 2678 1778 2699 revera

993 2712 1171 2739 substantias.
1180 2712 1290 2747 Aliquid
1301 2713 1374 2740 enim
1387 2712 1504 2741 facimus
1515 2713 1578 2741 dum
1589 2714 1635 2749 jus
1647 2715 1777 2749 dicimus,

994 2758 1075 2785 iidem
1091 2766 1206 2793 prorsus
1219 2758 1368 2786 secundum
1383 2759 1565 2787 substantiam
1576 2768 1777 2796 permanentes.

995 2802 1072 2835 Quod
1098 2803 1121 2831 si
1144 2803 1268 2838 judicare
1288 2804 1472 2832 substantiam
1499 2813 1561 2834 esse
1583 2808 1778 2842 conccdcmus,

490 2896 522 2912 ⁸⁵⁸
536 2894 606 2923 Psal.
627 2903 717 2928 Lxxw,
735 2894 762 2922 8.
799 2894 820 2910 ⁶⁷
840 2894 846 2921 Ι
868 2894 928 2922 Cor.

1012 2895 1037 2922 Ἰ.
1076 2895 1098 2911 ⁸³
1115 2894 1213 2930 Philip.
1233 2903 1262 2927 ιι,
1279 2895 1304 2922 7.
1344 2896 1366 2911 5’
1385 2893 1458 2923 Psal.
1473 2903 1560 2930 stn,
1578 2897 1622 2925 35.
