2026 3123
256 203 304 229 571

755 200 783 228 S.
803 198 941 228 CYliILLI
953 195 1188 226 ALEXANDRINI
1206 198 1366 228 ARCIIIEI’.

1827 199 1879 228 572

253 259 323 287 Cum
339 266 404 294 ergo
415 259 448 286 de
464 258 531 286 Filio
557 263 584 286 et
609 258 691 286 Putre
708 259 792 287 dictio
810 260 868 292 illa,
893 269 908 289 ,ι
925 258 1007 289 sicut,
1028 266 1032 282 1

1093 267 1159 294 μαι,
1188 259 1229 290 τις
1249 259 1280 286 τὸ
1303 258 1421 285 τοιοῦτον
1446 259 1503 294 ἐρεῖ
1518 267 1524 273 ·
1556 258 1689 294 θεωρήσει
1717 258 1770 294 γὰρ
1792 258 1825 293 δὴ
1850 258 1879 284 τὸ

254 305 393 337 efferatur,
407 313 487 340 quam
501 305 536 332 ob
551 312 660 332 causam
676 305 825 340 a‘qualibus
842 305 938 332 ambos
954 304 1040 331 hono-

253 350 332 378 ribus
349 358 448 377 ornare
463 350 677 378 cunctabimur?
691 350 757 378 Nam
777 350 867 377 futura
888 349 1039 385 praevidens

254 399 284 421 ut
299 395 380 427 Deus,
397 399 424 421 ct
441 395 589 429 malignam
605 398 657 422 tua!
675 395 819 430 imperitia:
841 393 1039 422 contradictio-

231 446 233 448 ‘
255 449 316 468 nem
334 448 388 468 non
406 440 549 475 ignorans,
563 448 616 468 non
627 440 728 468 nudam
740 440 844 472 statim.
863 448 953 474 neque
972 447 1038 466 con-

254 487 372 514 venienti
393 486 444 514 sibi
461 487 588 522 prmsidio
601 486 760 514 destitutam
777 486 927 513 dictionem
951 485 1038 518 illam,

257 543 266 559 ε
290 533 373 565 sicut,
393 542 402 558 ι
421 533 522 565 intulit,
550 532 596 560 sed
615 540 674 560 eam
691 532 798 559 idoneis
824 532 957 558 firmatam
974 539 1037 566 pro-

252 578 431 611 bationibus;
449 581 474 605 ct
499 582 561 605 Cttm
587 577 663 613 prius
690 577 841 604 ostenderit
870 584 899 604 se
929 584 1038 611 quoque

254 624 338 651 Deum
358 632 420 652 esse
437 623 587 652 secundum
602 628 728 650 naturam
755 623 854 657 (suum
870 623 941 649 enim
958 621 1038 649 facie-

251 670 300 698 bat
327 669 432 698 Patrem
451 669 568 705 Deum),
586 669 816 703 allirmaveritque
847 675 877 696 se
901 673 929 695 et
952 668 1036 695 Deum

216 714 219 717 ’
252 717 389 752 opiticem.
407 721 435 743 et
448 716 582 743 viventem
599 723 693 743 revera
704 722 776 746 esse,
791 719 883 750 atque,
904 719 933 741 nt
949 714 986 741 ita
995 713 1037 740 di-

252 771 324 796 eam,
356 762 402 790 Dei
427 770 458 789 ac
477 761 567 789 Patris
598 761 815 796 proprietatibus
842 760 1035 795 conspicuum,

251 812 405 842 opportune
432 806 540 834 tandem
571 805 671 833 infert:
707 816 716 832 ‹
746 805 779 833 Ut
805 813 901 833 omnes
925 804 1036 832 honori-

250 855 334 881 ticent
360 853 475 885 Filium,
493 853 565 879 sicut
586 852 769 880 honorificam
797 851 915 879 Patrem.
935 861 943 876 1
965 850 1035 883 Quid

250 901 341 925 autem
373 905 447 924 nunc
479 897 619 924 adversari
646 896 780 924 videtur?
803 897 837 922 At
876 895 941 931 quid
973 902 1035 930 pro—

249 943 355 970 hibebit
376 943 523 978 quominus
549 942 584 974 is,
618 943 663 970 cui
692 942 915 970 substantialiter
941 942 1035 968 insunt

248 997 418 1026 qu;ccunque
439 989 530 1019 Patris
547 989 696 1024 peculiaria
725 993 751 1016 cl.
769 989 867 1016 eximia
892 995 973 1021 sunt,
1000 989 1035 1016 ad

248 1037 382 1072 wqualem
415 1035 528 1062 honoris
559 1035 690 1062 ascendat
728 1035 915 1062 mensuram?
946 1033 1033 1068 Ipsam

248 1082 349 1117 quippe
377 1081 423 1109 Dei
443 1088 475 1109 ac
500 1080 589 1108 Patris
606 1081 747 1108 honorare
766 1084 894 1107 naturam
922 1087 1033 1114 compe-

247 1128 351 1154 riemur
369 1127 396 1154 in
411 1126 479 1154 Filio
499 1127 608 1162 egregie
637 1127 815 1154 relucentem.
831 1125 934 1152 Idcirco
960 1125 1032 1152 enim

248 1173 379 1208 subjicit:
401 1183 410 1198 ι
426 1173 478 1206 Qui
497 1181 551 1200 non
564 1173 727 1200 honorilicat
746 1171 857 1203 Filium,
873 1179 926 1198 non
945 1171 1033 1197 hono-

246 1219 336 1246 rilicat
351 1218 470 1251 Patrem,
485 1219 530 1253 qui
548 1218 622 1246 misit
647 1218 733 1244 illum.
756 1227 765 1242 ι
781 1216 842 1244 Filii
859 1217 933 1244 enim
965 1224 1031 1243 con-

247 1269 366 1300 lemptus
381 1268 428 1292 aut
449 1265 626 1299 blasphemiae
643 1264 686 1292 vis
700 1269 727 1292 et
745 1264 815 1291 ratio
829 1264 862 1290 ad
877 1264 960 1290 alium
979 1271 1031 1290 non

247 1311 403 1346 pertinebit,
426 1319 509 1347 quam
537 1311 571 1338 ad
602 1311 692 1346 ipsum
712 1310 833 1342 Patrem,
867 1311 911 1345 qui
941 1318 956 1337 a
982 1318 1031 1338 Sua

246 1362 345 1386 natura
364 1362 492 1393 tanquam
508 1365 523 1384 a
549 1357 624 1384 fonte
642 1356 740 1384 Filium
757 1356 852 1388 edidit,
879 1357 941 1384 licet
957 1357 979 1384 ei
997 1357 1031 1384 ab

245 1409 348 1431 interno
379 1403 550 1431 coexsistens
580 1402 682 1437 ubique
708 1402 735 1428 in
779 1401 922 1436 Scriptura
951 1409 1030 1429 sacra

246 1449 420 1484 prmdicetur.
440 1448 492 1476 Sed
512 1452 582 1480 esto,
596 1448 686 1482 inquit
701 1447 887 1480 adversarius,
905 1452 1029 1475 conteru-

247 1499 310 1529 ptus
324 1494 386 1522 Filii
400 1501 453 1529 quo
473 1494 541 1521 velis
562 1493 709 1528 pertineat,
728 1493 783 1520 imo
797 1501 862 1520 vero
879 1494 912 1521 ad
939 1494 1029 1528 ipsum

248 1541 332 1568 Deum
349 1548 380 1568 ac
394 1540 502 1567 Putrem
530 1540 675 1575 pertingat.
698 1538 859 1574 Indignatur
879 1539 952 1566 enim
968 1539 1029 1574 jure

246 1585 355 1616 merito,
372 1591 426 1611 non
446 1588 536 1612 tamen
552 1584 630 1619 quasi
647 1584 741 1611 eadem
759 1588 856 1611 natura
872 1585 986 1611 laedatur
1001 1585 1027 1612 in

245 1629 326 1662 Filio,
342 1633 372 1656 ut
383 1629 463 1657 modo
475 1630 667 1663 disseruimus;
683 1629 729 1658 sed
740 1629 924 1664 quoniam'est
941 1629 1032 1665 imago

245 1674 307 1709 ejus
322 1678 348 1702 ct
361 1675 547 1707 character",
565 1674 599 1702 ad
615 1675 735 1703 divinam
747 1679 773 1702 et
792 1675 957 1703 ineﬂ‘abilem
972 1676 1031 1711 ejus

246 1723 374 1746 naturam
393 1720 494 1755 optimc
509 1720 653 1753 formatus,
664 1721 727 1756 jure
740 1720 850 1756 quidem
863 1721 1030 1757 indignatur,

247 1769 274 1791 et
292 1764 320 1791 in
339 1772 369 1792 se
387 1766 500 1792 omnino
518 1765 645 1800 injuriam
670 1765 764 1793 refert.
796 1766 1030 1794 Absurdissimum

246 1810 347 1845 quippe
373 1816 445 1838 esset
472 1818 545 1843 eum,
566 1811 613 1846 qui
639 1810 740 1838 divinis
766 1810 972 1839 characteribus
988 1812 1031 1839 in-

245 1856 339 1888 sultat,
356 1857 459 1891 peccati
480 1857 506 1883 in
530 1857 709 1892 archetypum
727 1856 842 1885 admissi
861 1865 958 1892 pcenas
974 1865 1031 1885 non

245 1901 332 1929 luere.
349 1901 583 1936 Quemadmodum
600 1911 707 1938 nempe,
727 1904 750 1931 si
770 1904 831 1939 quis
860 1909 1030 1932 lerrenorum

245 1955 341 1982 regum
353 1947 484 1984 imagines
498 1948 618 1976 ludibrio
631 1949 768 1982 habuerit,
783 1958 839 1978 non
851 1950 931 1978 aliter
945 1959 1027 1985 quam

246 1993 269 2020 si
284 1995 310 2021 in
329 2002 420 2029 regem
440 1994 528 2030 ipsum
550 1995 704 2030 peccaverit
723 1996 848 2030 punitur.
873 1996 938 2023 Tale
967 2004 1030 2024 vero

247 2039 378 2073 quiddam
395 2048 409 2066 a
427 2039 483 2068 Deo
500 2048 609 2076 quoque
629 2041 662 2068 de
677 2041 756 2068 nobis
772 2045 906 2068 statutum
925 2049 1033 2077 compe-

246 2087 360 2114 riemus.
378 2097 387 2113 ‹
408 2086 458 2119 Qui
493 2088 564 2115 enim
585 2088 748 2123 sanguinem
771 2088 901 2120 hominis,
933 2089 1030 2124 inquit,

244 2131 378 2164 effuderit,
410 2140 459 2167 pro
486 2133 619 2167 sanguine
654 2133 735 2168 229
769 2133 831 2167 ejus
858 2132 1030 2166 eITundetnr,

247 2178 311 2213 quia
338 2178 365 2205 in
391 2178 510 2212 imagine
539 2178 587 2206 Dei
620 2177 672 2206 feci
698 2178 880 2205 hominem".
907 2187 916 2204 ι
948 2177 1031 2207 Vides

245 2224 329 2260 igitur
345 2231 378 2251 ex
394 2224 454 2256 hoc,
478 2224 578 2259 inquit,
604 2223 749 2251 manifeste
765 2223 847 2251 Deum
875 2231 907 2251 ac
923 2223 1030 2252 Patrem

246 2269 403 2297 existimare
430 2270 567 2305 indignari
595 2270 693 2296 debere
718 2269 782 2297 lrcsa
814 2270 941 2305 imagine,
974 2278 1029 2298 non
1046 2279 1068 2308 ο

247 2320 337 2342 autem
353 2315 444 2342 divina
461 2323 510 2342 sua
527 2321 636 2342 natura.
654 2314 710 2342 IIoe
735 2315 827 2350 itaque
845 2316 927 2343 modo
943 2324 1028 2352 espo-

246 2361 365 2389 nendum
381 2366 422 2388 est
436 2361 504 2388 illud
516 2361 587 2394 quod
600 2361 703 2388 dictum
720 2365 762 2389 est
773 2369 787 2388 a
798 2361 910 2390 Christo
926 2372 932 2390 :
953 2373 962 2389 ‹
977 2363 1029 2397 Qui

248 2415 300 2434 non
321 2407 482 2434 honoriticat
492 2406 602 2438 Filium,
612 2414 701 2441 neque
712 2407 817 2439 Patrem
832 2408 1004 2438 honoriﬁcat.
1018 2420 1026 2436 I

209 2454 211 2461 '
247 2454 287 2479 An
305 2453 388 2486 igitur
401 2460 414 2478 a
431 2451 523 2479 Patris
537 2453 692 2480 substantia
705 2454 810 2482 alienus
821 2455 873 2482 erit
887 2456 1028 2484 nobiscum

247 2498 430 2534 Unigenitus?
446 2498 588 2531 Quomodo
611 2506 675 2533 ergo
696 2499 752 2534 jam
772 2501 923 2529 secundum
950 2506 1029 2530 natu-

245 2551 304 2571 ram
323 2543 393 2571 Deus
410 2547 463 2576 est,
476 2544 499 2570 si
513 2543 546 2571 de
563 2544 717 2572 rationibus
739 2546 849 2574 deitatis
861 2548 982 2579 .excidil,
1000 2549 1028 2576 in

247 2589 357 2625 propria
373 2588 490 2624 quadam
514 2593 540 2616 et
564 2590 616 2616 alia
640 2598 720 2625 quam
744 2592 770 2619 in
791 2601 844 2627 qua
871 2593 951 2621 Pater
975 2599 1027 2627 est,

247 2639 344 2662 natura
361 2634 525 2662 conslitutus
537 2635 548 2661 ‘!
559 2634 645 2670 Iniqui
660 2644 722 2663 vero
738 2645 834 2665 sumus
848 2639 964 2672 scilicet,
981 2641 1028 2675 qui

246 2681 273 2707 in
295 2687 375 2706 unam
392 2680 502 2708 deitatis
516 2681 648 2709 rationem
665 2686 766 2710 sancta:
789 2683 933 2713 Trinitatis
949 2687 1028 2714 unio-

247 2734 307 2754 nem
334 2725 507 2754 adducimus.
535 2726 658 2755 Adorare
683 2729 785 2764 quippe
812 2737 861 2757 nos
891 2737 1029 2766 oporteret

249 2777 365 2804 patrem,
383 2776 412 2800 ut
428 2773 528 2800 Deum:
546 2774 659 2808 gloriam
675 2778 764 2802 autem
783 2776 928 2810 quamdam
946 2786 1029 2813 pecu-

248 2818 339 2846 liarem
358 2827 389 2847 ac
405 2820 540 2855 propriam
564 2819 633 2848 Filio
653 2828 684 2847 ac
701 2821 814 2855 Spiritui
840 2823 969 2857 tribuere,
999 2825 1025 2852 in

287 2894 309 2910 “
324 2897 344 2925 II
364 2898 425 2926 Cori
446 2906 481 2931 iv,
498 2899 523 2926 ι,
563 2899 584 2914 ’λ
605 2898 670 2925 Gen.
694 2906 729 2931 Ix,
751 2898 777 2927 6.

1091 304 1194 331 κωλύον
1215 305 1290 332 οὐδὲν
1312 305 1372 331 κατ’
1400 304 1483 340 αὐτὴν
1514 304 1562 331 τοῦ
1585 305 1716 340 νοήματος
1745 303 1794 339 τὴν
1816 304 1878 329 ἁνα-

1090 350 1192 385 λογίαν.
1211 351 1293 378 Ὅταν
1306 351 1348 385 ἐφ’
1365 349 1430 377 Υἱοῦ
1452 350 1497 377 καὶ
1512 350 1616 385 Harpe;
1634 351 1747 385 φέρηται
1760 349 1789 376 τὸ
1805 359 1814 374 ε
1830 358 1878 375 κα-

1091 395 1158 428 Θὼς,
1186 405 1194 421 ι
1231 396 1274 422 διὰ
1303 396 1383 423 ποίαν
1409 395 1497 422 αἰτίαν
1532 395 1758 431 ἀποναρκήσομεν
1787 394 1875 429 ἰσομέ-

1089 449 1163 476 τροις
1183 441 1265 476 ἄμφω
1276 441 1455 474 καταστέφειν
1466 441 1557 475 τιμαῖς
1570 448 1576 472 ;
1598 439 1874 475 Προανασκεψάμενος

1089 487 1142 523 γὰρ
1165 487 1202 519 ὡς
1227 487 1293 519 Θεὸς
1316 487 1349 514 τὰ
1371 487 1497 522 ἐσόμενα,
1516 486 1562 512 καὶ
1587 486 1635 521 τὴν
1661 486 1796 521 βάσκανον
1827 485 1875 519 τῆς

1090 533 1138 568 σῆς
1154 532 1273 568 ἀμαθίας
1290 532 1486 568 ’περιαθρήσας
1500 532 1663 566 ἀντιλογίαν,
1674 531 1705 557 οὺ
1720 531 1822 566 γυμνὸν
1835 531 1875 557 εὐ-

1089 579 1146 612 θὺς,
1168 578 1227 605 οὐδὲ
1244 579 1292 614 τῆς
1322 579 1396 615 αὐτῷ
1413 579 1569 614 πρεπούσης
1589 578 1690 615 ἔρημον
1704 577 1871 612 ἐπικουρίας,

1087 625 1118 652 ἰδ
1138 635 1147 651 ι
1164 625 1254 657 καθὼς
1269 636 1278 651 ι
1305 627 1484 661 εἰσενήνοχεν,
1498 625 1565 652 ἀλλὰ
1587 626 1647 656 ταῖς
1671 624 1720 658 μὲν
1741 625 1877 659 καθηκού-

1089 680 1150 703 σαις
1164 671 1359 707 προηχυρὼσας
1381 672 1587 707 πληροφορίαις,
1618 671 1817 707 προαποδείξας
1845 671 1872 698 δὲ

1088 717 1128 743 ὅτι
1148 717 1194 743 καὶ
1212 717 1277 749 Θεὸς
1295 716 1412 752 ὑπάρχοι
1430 716 1500 743 κατὰ
1518 716 1598 750 φύσιν
1615 724 1621 731 ·
1641 716 1706 742 ἴδιον
1722 716 1776 750 γὰρ
1804 716 1873 741 ἐποι-

1089 764 1144 790 εῖτο
1158 763 1268 798 Πατέρα
1290 763 1336 789 τὸν
1352 762 1417 789 Θεὸν
1429 769 1435 776 ·
1459 762 1720 798 προκατασκευάσας
1737 762 1765 788 δὲ
1783 761 1871 793 πάλιν,

1087 810 1127 837 ὃτι
1142 810 1187 836 καὶ
1198 809 1263 840 Θεὸς
1270 808 1437 845 δημιουργὸς
1458 809 1504 835 καὶ
1519 808 1573 840 ζῶν
1588 808 1647 835 κατ’
1661 808 1791 843 ἀλήθειάν
1804 809 1870 840 ἐστι,

1088 857 1134 884 καὶ
1152 857 1230 888 ὅλως,
1250 857 1285 882 ἵν’
1297 856 1382 887 οὕτως
1394 855 1474 886 εἴπω,
1493 857 1549 887 τοῖς
1567 854 1614 881 τοῦ
1628 853 1694 881 Θεοῦ
1710 854 1757 880 καὶ
1766 854 1871 889 Harpe;

1088 902 1318 938 ἐπαγλαῖζόμενον
1341 901 1466 937 ίδιώμασι
1491 900 1717 936 προεισενεγκὼν,
1738 899 1872 934 εὐκαίρως

1089 949 1184 983 ἐπάγει
1203 948 1304 975 λοιπὸψ
1323 948 1397 974 «Ἵνα
1413 948 1513 978 πάντες
1525 947 1624 982 τιμῶσι
1640 947 1684 973 τὸν
1694 947 1768 977 Υίὺν,
1781 944 1872 976 καθὼς

1087 994 1187 1029 τιμῶσι
1199 993 1244 1020 τὸν
1259 993 1380 1028 Πατέρα.
1398 1003 1407 1018 ι
1436 990 1504 1019 Εἶτα
1521 992 1548 1019 τί
1565 992 1594 1019 τὴ
1613 991 1792 1019 ἀντιστατοῦν
1810 992 1872 1018 ἁνα-

1088 1040 1211 1073 φανεῖται
1239 1038 1346 1070 λοιπόν;
1370 1038 1397 1064 τί
1425 1038 1454 1064 δὲ
1475 1038 1506 1064 τὸ
1524 1037 1626 1064 κωλῦον
1642 1037 1699 1063 ἐστὶ
1721 1037 1777 1069 τὸν,
1795 1033 1871 1071 ᾧπερ

1086 1084 1222 1116 οὐσιωδῶς
1252 1083 1397 1119 ἐνυπάρχει
1417 1083 1450 1110 τὰ
1476 1083 1524 1110 τοῦ
1544 1083 1724 1117 γεννήσαντος
1749 1083 1803 1109 ἴδια
1825 1082 1871 1109 καὶ

1087 1128 1221 1163 ἐξαίρετα,
1234 1128 1337 1164 πρὺςτὸ
1355 1127 1412 1154 ἴσον
1424 1128 1473 1163 τῆς
1488 1128 1569 1163 τιμῆς
1583 1127 1736 1154 ἀναϐαίνειν
1752 1127 1850 1162 μέτρον
1862 1135 1868 1158 ;

1086 1175 1176 1209 Αὐτὴν
1188 1175 1242 1210 γὰρ
1255 1174 1305 1210 ἤδη
1328 1174 1460 1209 τιμῶντες
1473 1174 1522 1209 τὴν
1539 1173 1585 1201 τοῦ
1599 1173 1665 1200 Θεοῦ
1689 1173 1736 1200 καὶ
1765 1172 1871 1208 Harpe;

1086 1221 1245 1256 ἁλωσόμεϐα
1258 1220 1349 1255 φύσιν,
1366 1219 1456 1252 καλῶς
1466 1220 1494 1246 ἐν
1511 1219 1567 1254 Υἱῷ
1587 1219 1801 1254 διαλάμπουσαν.
1822 1217 1871 1244 Διὰ

1085 1267 1140 1303 γὰρ
1155 1267 1233 1293 τοῦτό
1246 1275 1327 1300 φησιν
1341 1265 1449 1300 ἐφεξῆς·
1469 1275 1478 1291 ἰ
1507 1266 1535 1291 Ὀ
1550 1266 1586 1300 μὴ
1601 1264 1685 1300 τιμῶν
1697 1264 1741 1291 τὸν
1751 1265 1824 1293 Υἱὸν.
1839 1264 1870 1290 οὐ

1084 1314 1151 1348 τιμᾷ
1163 1313 1207 1339 τὸν
1220 1312 1327 1347 Πατέρα
1345 1311 1390 1338 τὸν
1408 1312 1553 1346 πέμψαντα
1573 1311 1662 1337 αὐτόν.
1687 1320 1696 1336 ι
1721 1310 1869 1344 Ἀναϐήσε-

1083 1368 1127 1385 ται
1159 1358 1212 1394 γὰρ
1234 1358 1284 1384 οὐκ
1305 1358 1347 1391 ἐφ’
1365 1357 1458 1391 ἕτερόν
1486 1366 1547 1383 τινα
1566 1356 1664 1392 μᾶλλον
1685 1356 1734 1391 τῆς
1751 1357 1792 1387 εἰς
1806 1355 1870 1382 Υἱδν

1084 1406 1196 1441 ἀτιμίας
1211 1405 1240 1432 τὸ
1250 1404 1386 1439 ἔγκλημα,
1401 1404 1448 1430 καὶ
1469 1404 1518 1439 τῆς
1536 1403 1689 1438 δυσφημίας
1713 1403 1728 1437 ἡ
1743 1402 1867 1436 δύναμις,

1083 1452 1099 1487 ἢ
1117 1452 1156 1483 είς
1166 1451 1248 1478 αὐτὸν
1261 1450 1441 1486 ἀληθέστερον
1466 1451 1511 1477 τὸν
1526 1450 1646 1485 Πατέρα,
1666 1448 1790 1483 καθάπερ
1815 1447 1869 1474 ἀπὸ

1084 1497 1175 1532 πηγῆς
1197 1496 1245 1531 τῆς
1269 1496 1372 1527 οίκείας
1388 1495 1494 1530 φύσεως
1510 1495 1607 1521 ἀνέντα
1629 1493 1674 1520 rev
1691 1493 1770 1523 ηΥίὺν.
1785 1493 1810 1518 εἰ
1823 1492 1869 1518 καὶ

1085 1543 1265 1578 συνυπάρχων
1292 1541 1385 1573 ἀίδίως
1412 1541 1485 1576 αὐτῷ
1508 1540 1552 1567 διὰ
1576 1540 1665 1575 πάσης
1696 1539 1794 1574 ὁρᾶται
1819 1538 1869 1572 τῆς

1083 1588 1162 1622 ἁγίας
1174 1587 1295 1623 Γραφῆς.
1315 1586 1394 1613 Ἀλλὰ
1407 1587 1461 1618 ναὶ,
1471 1586 1552 1621 φησιν
1567 1586 1580 1611 ὸ
1594 1583 1768 1614 δι’ἐναντίας,
1777 1582 1870 1617 ἡκέτω

1082 1633 1132 1668 τῆς
1146 1634 1186 1664 είς
1206 1632 1269 1658 Υῐδν
1284 1631 1395 1666 ἀτιμίας
1405 1630 1435 1657 τὸ
1451 1630 1574 1664 ἔγκλημα
1591 1628 1658 1663 πρὸς
1675 1627 1744 1662 ὅπερ
1759 1626 1792 1652 ἂν
1805 1625 1868 1660 βοῦ-

1081 1679 1147 1710 λοιο,
1165 1677 1264 1713 μᾶλλον
1278 1677 1305 1703 δὲ
1325 1677 1364 1708 είς
1384 1676 1464 1702 αὑτὸν
1484 1673 1651 1709 ἁφικνείσοω
1665 1673 1710 1699 τὸν
1729 1672 1796 1698 Θεὸν
1822 1670 1869 1698 καὶ

1081 1723 1200 1758 Πατέρα.
1229 1722 1427 1757 ’Λγανακτήσει
1444 1721 1498 1757 γὰρ
1521 1720 1553 1755 δὴ
1573 1719 1618 1746 καὶ
1643 1718 1715 1754 μάλα
1743 1717 1866 1749 εῑκὸτως,

1081 1769 1138 1797 ἀλλ’
1155 1769 1215 1804 οὐχὶ
1229 1769 1347 1799 πάντως,
1363 1768 1401 1799 ὡς
1415 1768 1464 1802 τῆς
1477 1766 1559 1801 αὐτῆς
1572 1764 1679 1799 φύσεως
1698 1763 1868 1798 ὕϐρισμένης

1081 1816 1109 1842 ὲν
1121 1814 1188 1850 Υίῷ,
1203 1814 1274 1842 κατὰ
1288 1814 1332 1840 τὸν
1343 1813 1441 1848 ἀρτίως
1458 1813 1522 1847 ἡμῖν
1535 1809 1757 1845 φιλοτεχνηθέντα
1774 1808 1864 1842 λόγον·

1082 1861 1139 1888 ἀλλ’
1154 1861 1268 1895 ἐπείπερ
1285 1860 1357 1887 ἐστὶν
1381 1859 1462 1885 εἰκὼν
1477 1857 1560 1884 αὑτοῦ
1580 1857 1627 1883 καὶ
1651 1855 1804 1891 χαρακτὴρ.
1830 1854 1868 1884 ὡς

1082 1908 1150 1943 πρὸς
1159 1906 1208 1942 τὴν
1225 1906 1299 1933 θείαν
1310 1914 1338 1931 τε
1355 1905 1403 1931 καὶ
1423 1904 1540 1940 ἄρρητον
1563 1901 1644 1929 αὑτοῦ
1666 1901 1747 1936 φύσιν
1767 1900 1868 1935 ἄριστα

1084 1952 1309 1988 μεμορφωμένος,
1336 1949 1492 1985 χαλεπαίνει
1506 1948 1554 1983 μὲν
1571 1947 1699 1981 εὐλόγως,
1713 1946 1817 1973 ἀνοίσει
1840 1944 1868 1971 δὲ

1083 1998 1190 2029 πάντως
1202 1997 1241 2028 είς
1264 1996 1360 2023 ἑαυτὸν
1375 1995 1404 2021 τὸ
1420 1993 1548 2028 ἀδίκημα.
1572 1992 1627 2019 Καὶ
1650 1992 1704 2026 γὰρ
1728 1989 1761 2026 ἦν
1783 1991 1870 2020 ὅντως

1081 2043 1134 2069 τῶν
1148 2042 1339 2073 ἀτοπωτάτων,
1358 2040 1404 2067 τὸν
1420 2041 1475 2070 τοῖς
1491 2039 1574 2070 θείοις
1597 2038 1784 2072 χαρακτῆρσιν
1814 2035 1866 2069 ἐμ-

1083 2089 1296 2124 παροινήσαντα,
1319 2086 1355 2122 μὴ
1368 2086 1428 2121 οὐχὶ
1452 2086 1560 2116 πάντως
1582 2085 1629 2119 τῆς
1654 2084 1693 2115 εἰς
1713 2082 1868 2117 ἀρχέτυπον

1083 2133 1218 2169 ἁμαρτίας
1251 2131 1423 2159 ἀποτιννύναι
1445 2131 1531 2162 δίκας.
1554 2131 1659 2165 Ὥσπερ
1684 2126 1730 2155 οὖν
1758 2128 1865 2163 ἀμέλει,

1081 2179 1129 2206 καὶ
1143 2179 1157 2205 ὁ
1169 2179 1228 2209 ταῖς
1238 2177 1322 2203 εἰκόσι
1337 2177 1390 2203 τῶν
1405 2177 1451 2203 ἐπὶ
1476 2177 1527 2210 γῆς
1548 2175 1679 2210 βασιλέων
1698 2172 1869 2208 ἐμπαροινή-

1083 2232 1142 2255 σας,
1175 2223 1212 2255 ὡς
1240 2224 1280 2254 είς
1302 2222 1382 2249 αὐτὸν
1409 2222 1459 2256 ἢδη
1483 2219 1724 2255 πεπλημμεληκὼς
1736 2219 1781 2245 τὸν
1799 2227 1868 2253 κρα-

1081 2267 1178 2294 τοῦντα
1194 2267 1346 2299 κολάζεται.
1384 2266 1542 2300 Ὠρισμένον
1567 2265 1594 2291 δέ
1616 2273 1641 2290 τι
1661 2263 1781 2290 τοιοῦτον
1814 2271 1867 2288 πα,

1083 2313 1116 2349 ρὰ
1127 2313 1193 2339 Θεοῦ
1207 2313 1253 2339 καὶ
1266 2313 1306 2347 ἐφ’
1320 2312 1398 2347 ἡμῶν
1418 2311 1506 2338 αὐτῶν
1535 2311 1686 2346 εὑρήσομεν
1721 2319 1729 2334 ι
1759 2309 1788 2335 Ὀ
1813 2309 1868 2343 γὰρ

1081 2359 1192 2394 ὲκχέων,
1222 2357 1313 2393 φησιν,
1335 2354 1404 2391 αἷμα
1425 2354 1579 2391 ἀνθρώπου,
1603 2354 1663 2380 ἀντὶ
1686 2353 1732 2379 τοῦ
1751 2353 1866 2387 αἵματος

1081 2405 1163 2432 αὐτοῦ
1190 2404 1381 2439 ἐκχυθήσεται·
1406 2402 1447 2428 ὅτι
1465 2403 1493 2428 ὲν
1527 2401 1611 2428 εἱκόνι
1647 2399 1714 2426 Θεοῦ
1748 2399 1865 2433 ἐποίησα

1081 2451 1125 2477 τδν
1142 2450 1294 2485 ἄνθρωπον.
1313 2459 1322 2474 ι
1347 2449 1428 2484 Ὁρᾷς
1445 2446 1501 2481 οὖν,
1523 2447 1615 2482 φησὶν,
1634 2446 1683 2481 ἤδη
1697 2445 1741 2471 διὰ
1754 2444 1864 2475 τούτου,

1082 2495 1128 2522 καὶ
1143 2495 1214 2530 μάλα
1237 2494 1338 2528 σαφῶς,
1360 2494 1400 2520 ὅτι
1418 2493 1466 2528 τῆς
1481 2492 1583 2524 εἰκόνος
1603 2490 1784 2525 ἀδικουμένης
1795 2508 1802 2521 ,
1819 2489 1863 2515 καὶ

1080 2541 1139 2575 οὐχὶ
1162 2540 1269 2571 τάντως
1286 2541 1334 2574 τῆς
1354 2539 1428 2570 θείας
1450 2538 1531 2564 αὐτοῦ
1549 2537 1656 2571 φύσεως
1669 2558 1676 2568 ,
1697 2536 1863 2568 ἀγανακτεῖν

1080 2587 1166 2613 οἴεται
1186 2586 1240 2613 δεῖν
1260 2587 1273 2612 ό
1287 2585 1353 2617 Θεὸς
1372 2585 1418 2612 καὶ
1439 2586 1543 2619 Πατήρ.
1559 2582 1662 2609 Οὐκοῦν
1680 2582 1752 2608 κατὰ
1772 2580 1866 2607 τοῦτον

1081 2633 1194 2659 νοείσθω
1208 2641 1236 2658 τε
1248 2632 1295 2658 καὶ
1308 2631 1501 2666 ἑσχηματίσθω
1515 2630 1559 2656 τὸν
1570 2629 1668 2664 τρόπον
1679 2629 1709 2654 τὸ
1721 2627 1866 2662 είρημέντν

1081 2679 1156 2715 παρὰ
1179 2678 1306 2714 Χριστοῦ·
1333 2687 1342 2703 ι
1367 2677 1396 2703 '0
1410 2677 1446 2712 μὴ
1469 2676 1557 2711 τιμῶν
1574 2675 1619 2702 τὸν
1645 2674 1725 2705 Υίὸν,
1739 2673 1800 2700 οὐδὲ
1819 2673 1866 2699 τὸν

1083 2725 1190 2760 Πατέρα
1204 2725 1279 2759 τιμᾷ.
1297 2733 1306 2748 ι
1325 2721 1387 2758 Ἆρ’
1400 2721 1444 2749 οὖν
1456 2721 1508 2754 ἐξω
1519 2721 1638 2748 κείσεται
1650 2719 1709 2755 μείγ
1723 2719 1803 2754 ἡμῶν
1815 2719 1865 2752 τῆς

1083 2774 1127 2801 τοῦ
1144 2774 1248 2810 [ἰατρὸς
1265 2773 1358 2805 οὐσίας
1371 2773 1385 2798 ὁ
1399 2772 1552 2806 Μονογενής
1566 2780 1572 2803 ;
1595 2770 1657 2801 Πῶς
1674 2767 1721 2796 οὖν
1740 2769 1780 2795 ἔτι
1795 2769 1864 2795 κατὰ

1081 2825 1159 2860 φύσιν
1182 2825 1246 2856 Θεὸς
1275 2826 1365 2855 ἐστιν,
1395 2823 1472 2859 εἴπερ
1494 2822 1560 2854 ὅλως
1586 2820 1712 2855 taetrae;
1739 2819 1794 2847 τῶν
1818 2820 1865 2853 τῆς
