2026 3123
185 166 237 196 575

713 171 747 198 ΙΝ
761 170 906 200 JOANNIS
925 172 960 200 Ei

1012 172 1168 210 lGELtUM]
1185 174 1236 202 Ln;
1271 176 1298 204 ιτ.
1609 184 1611 190 ι
1746 182 1780 208 2.7

185 224 310 260 θεότητος
327 225 408 272 ὅρων,
429 225 459 253 ὲν
482 225 535 262 ἰδίᾳ
551 226 603 253 τινὶ
624 227 703 262 φύσει
726 229 772 256 καὶ
789 230 897 267 ἑτεροιᾳ
913 231 960 258 κεῖ-

1021 231 1179 261 diﬁ'erentes
1194 239 1307 261 naturas
1327 242 1373 262 eos
1390 235 1548 270 partientes,
1569 241 1686 263 et'suam
1701 237 1799 272 cuique

185 270 312 304 μενοςλῆ
335 271 364 296 ὲν
383 267 454 307 ᾗπερ
477 271 550 298 ἐστιν
566 272 580 298 6
600 272 712 309 Πατήρ;
740 274 898 311 Ἀδικοῦμεν
922 276 962 309 δὲ,

183 315 252 342 κατὰ
267 315 297 342 τὸ
311 316 395 349 εἰκὸς,
409 318 449 349 εἰς
459 317 506 344 ἕνα
517 318 642 354 θεότητος
652 320 862 354 ἀναϐιϐάζοντες
876 322 964 356 λόγον,

182 362 231 394 τῆς
249 361 329 395 ἁγίας
350 363 464 398 Τριάδος
485 363 534 400 τὴν
558 364 691 396 σύνταξιν.
713 366 786 393 Ἔδει
815 367 885 402 γὰρ,
912 367 965 394 ἔδει

182 406 272 433 λοιπὸν
297 410 458 442 προσκυνεῖν
476 409 525 444 μὲν
538 411 610 445 ἡμᾶς
631 411 668 443 ὡς
686 411 751 438 Θεὸν
774 413 818 439 τὸν
842 413 963 449 Πατέρα,

181 452 258 484 δόξαν
277 453 306 479 δέ
325 461 385 480 τινα
409 454 489 482 πάλιν
511 456 579 482 ἰδίαν
596 457 744 492 ἀπονέμειν
764 459 803 494 τῷ
822 459 879 495 Υἱῴ
917 461 964 487 καὶ

180 498 219 534 τῷ
239 499 394 534 Πνεύματι,
415 501 454 532 ὡς
467 501 507 533 εἰς
523 502 666 538 διαφόρους
682 504 897 540 κατασχίζοντας
915 506 964 540 φύ-

181 553 248 578 σεις,
269 546 316 572 καὶ
330 546 395 573 ἴδιον
407 548 514 584 ἑκάστῳ
532 549 577 575 τὸν
590 549 637 576 τοῦ
653 550 711 582 πῶς
728 552 785 578 ἐστι
799 551 963 587 διορίζοντας

179 591 259 626 λόγον
271 600 277 606 ”
291 592 347 619 ἀλλ’
360 592 407 619 ἕνα
420 593 485 621 Θεὸν
500 596 565 630 ἡμῖν
580 596 607 622 αἱ
618 595 687 623 θεῖαι
706 597 886 632 πρεσϐεύουσι
896 599 964 634 Γρα-

180 637 240 671 gat,
253 638 298 665 τὸν
309 638 372 665 Υὶὸν
387 639 426 675 τῷ
437 640 524 676 Πατρὶ
537 641 624 668 καὶτὸ
634 642 746 678 Πνεῦμα
757 644 961 678 συντάττουσαι,

179 683 216 715 ὡς
228 683 272 710 διὰ
281 685 330 720 τῆς
340 685 485 718 οὺσιώδους
498 687 544 714 καὶ
558 688 768 724 ἀπαραλλάκτου
785 691 959 726 ταυτότητος,

178 730 219 760 εἰς
241 729 290 757 ἕνα
313 729 438 764 θεότητος
468 731 672 768 ἀναφερομένης
698 734 775 769 λόγον
805 735 854 771 τῆς
882 736 961 770 ἁγίας

178 775 303 809 Τριάδος.
323 775 380 802 Οὐκ
389 775 442 811 ἄρα
459 776 516 803 ἐστὶ
533 777 583 812 τῆς
594 778 641 804 τοῦ
657 779 838 814 Γεννήσαντος
854 781 960 815 φύσεως

177 819 317 856 ἀλλότριος
330 821 344 848 6
356 822 519 856 Μονογενὴς,
536 823 593 849 ἀλλ’
606 824 660 850 οὐδ’
675 824 708 851 ἂν
722 825 789 857 ὅλως
799 825 862 858 Υἱὸς
873 826 960 862 ὑπάρι-

149 866 152 873 '
177 875 232 902 χων
241 868 328 894 νοοῖτο
336 868 407 894 κατὰ
417 868 555 904 ἀλήθειαν,
574 870 598 896 εἰ
618 869 655 905 μὴ
667 871 698 897 ὲκ
709 871 760 905 τῆς
770 871 816 898 τοῦ
836 872 960 904 τεκόντος

176 911 326 948 ἐξέλαμψεν
336 913 444 946 οὐσίας·
460 914 578 946 τοιοῦτος
596 915 662 951 γὰρ,
688 917 735 943 καὶ
753 917 802 952 οὺχ
822 917 915 953 ἔτερος
932 918 961 944 ὲν
976 907 998 934 Β

177 958 260 985 πᾶσιν
275 959 288 985 6
304 959 354 994 τῆς
370 959 488 995 ἀληθοῦς
503 960 625 996 υἱότητος
645 962 707 997 ὅρος
733 971 763 989 τε
785 964 832 990 καὶ
848 964 959 999 τρόπος.

177 1004 242 1031 Υἱοῦ
261 1005 290 1031 δὲ
302 1006 352 1032 οὐκ
364 1005 450 1040 ὄντος,
466 1007 726 1043 συναναιρεθήσεται
745 1010 852 1041 πάντως
871 1010 918 1037 καὶ
931 1011 960 1038 τὸ

176 1047 246 1077 εἶναι
261 1051 371 1087 Πατέρα
384 1052 430 1079 τὸν
445 1052 522 1080 Θεόν.
538 1054 601 1086 Πῶς
615 1052 661 1081 οὖν
677 1055 821 1090 ἀληθεύσει
843 1056 930 1091 λέγων
946 1058 960 1084 6

176 1096 281 1128 Παῦλος
308 1098 372 1133 περὶ
393 1098 474 1126 αὑτοῦ
487 1119 494 1132 ,
511 1109 520 1126 ‹
538 1100 583 1134 Ἐξ
607 1098 637 1128 οὗ
655 1102 730 1128 πᾶσα
755 1102 858 1137 πατριὰ
880 1102 908 1131 ἐν
930 1112 959 1130 τε

174 1141 291 1177 οὐρανῷ,
302 1142 348 1168 καὶ
362 1142 408 1169 ἐπὶ
417 1144 470 1179 γῆς
486 1145 656 1180 ὀνομάζεταις
672 1155 681 1171 ι
699 1146 729 1172 Et
745 1146 798 1182 γὰρ
817 1147 853 1182 μὴ
866 1148 959 1182 γεγέν-

175 1195 258 1221 νηκεν
272 1187 302 1219 ἑξ
317 1188 413 1215 ἑαυτοῦ
432 1189 591 1226 θεοπρεπῶς
608 1192 654 1219 τὸν
673 1193 748 1226 Υἱὺν,
766 1194 824 1226 πῶς
843 1196 871 1222 ὲν
885 1195 959 1231 αὑτῷ

174 1233 224 1267 τῆς
239 1233 433 1270 πατρότητοςὴ
449 1235 519 1272 ἀρχὴ
535 1236 666 1273 διήκουσα
686 1239 757 1267 κατὰ
778 1240 893 1276 μίμησιν
911 1242 958 1268 ὲπι

173 1286 204 1304 τε
225 1279 289 1311 τοὺς
312 1279 389 1312 ὄντας
408 1281 437 1308 ὲν
452 1282 560 1318 οὐρανῷ
595 1284 642 1310 καὶ
661 1285 707 1311 ἐπὶ
728 1285 777 1320 τῆς
796 1286 863 1322 γῆς;
887 1287 957 1314 Ἀλλ’

173 1323 232 1368 ἔστι
257 1325 351 1360 Πατὴρ
375 1327 434 1353 κατ’
457 1327 585 1364 ἀλήθειαν
605 1330 619 1356 ὁ
635 1330 716 1362 Θεός”
736 1331 799 1363 Υἱὸς
819 1332 871 1368 ἀρα
887 1334 958 1361 κατὰ

175 1367 256 1401 φύσιν
269 1369 284 1394 6
298 1369 464 1406 Μονογενὴς,
478 1371 550 1407 εἵσω
569 1373 599 1399 τὲ
621 1373 678 1405 πώς
689 1374 747 1401 ἐστι
759 1375 814 1402 τῶν
827 1376 876 1412 τῆς
893 1376 956 1404 θεό-

174 1421 255 1448 τητος
267 1414 348 1450 ὅρων.
363 1415 429 1448 Θεὸς
441 1416 496 1453 γὰρ
508 1418 540 1444 ἐκ
560 1418 626 1445 Θεοῦ
646 1420 816 1456 τεχθήσεται,
832 1422 969 1459 καθάπερ,

172 1459 220 1488 οὖν
232 1462 374 1498 ἄνθρωπος
386 1464 414 1497 ἐξ
423 1465 567 1500 ἀνθρώπου
577 1467 666 1502 τυχὸν,
679 1468 727 1495 καὶ
737 1469 767 1496 οὐ
783 1469 956 1506 διαψεύσεται

173 1507 220 1533 τοῦ
235 1508 302 1535 Θεοῦ
316 1510 361 1536 καὶ
374 1510 480 1546 Πατρός
492 1511 551 1546 ἡτὰ
565 1512 652 1546 πᾴντα
664 1514 849 1552 ὑπερκειμένη
863 1517 955 1551 φύσις,

1017 278 1127 305 essendi
1154 279 1287 306 rationem
1318 280 1479 308 tribuentes.
1507 282 1589 316 Atqui
1617 290 1699 308 unum
1719 283 1798 310 nobis

1018 322 1102 350 Deum
1120 323 1216 351 divinae
1245 323 1393 360 Scriptum
1422 327 1581 360 praedicant,
1609 327 1708 354 Filium
1735 336 1797 354 cum

1016 368 1100 397 Patre
1112 373 1139 397 et
1154 369 1286 405 Spiritum
1305 371 1483 404 collocantes,
1504 373 1584 407 quasi
1607 381 1655 407 per
1669 373 1798 400 substan.

1015 415 1107 442 tialem
1123 419 1150 443 et
1165 415 1351 443 omnimodam
1370 416 1539 444 identitatcm
1554 421 1649 445 sancta
1665 418 1798 448 Trinitate

1016 460 1043 487 in
1063 468 1142 487 unam
1156 460 1267 489 deitatis
1286 460 1385 488 collata
1400 461 1543 489 rationem.
1570 462 1631 489 Non
1646 466 1686 489 cst
1702 470 1765 498 ergo
1783 471 1798 488 ιι

1015 511 1114 533 natura
1130 506 1390 534 Genitoris-alienus
1402 506 1578 542 Uuigenitus,
1596 507 1644 535 sed
1668 516 1717 535 nce
1735 516 1796 535 οιιι-

1014 551 1079 579 nino
1096 551 1181 580 Filius
1201 560 1263 581 esse
1276 560 1371 580 revera
1392 553 1549 581 censebitur
1564 554 1587 580 si
1610 561 1642 580 ex
1660 552 1799 580 Genitoris

1014 598 1167 625 substantia
1186 606 1242 626 non
1259 598 1382 631 effulsit;
1399 606 1449 626 nec
1463 600 1534 626 enim
1548 599 1600 625 alia
1614 599 1696 626 estin
1712 600 1798 625 omni-

1013 643 1065 671 bus
1085 652 1159 674 verte,
1174 644 1314 672 liliationis
1331 645 1452 672 deﬁnitio
1472 653 1504 672 ac
1523 644 1631 671 modus.
1659 643 1688 671 Si
1708 648 1798 671 autem

1013 688 1097 717 Filius
1113 697 1168 716 non
1183 693 1236 723 est,
1262 691 1390 724 sequitur
1419 696 1448 717 ut
1466 699 1498 717 ne
1515 690 1594 717 l'ater
1622 690 1733 724 quidem
1761 691 1799 717 sit

1012 735 1094 762 etiam
1110 735 1191 763 Deus.
1213 735 1354 768 Quomodo
1384 743 1451 770 ergo
1469 743 1550 763 verax
1562 735 1615 762 crit
1642 735 1744 762 Paulus
1760 735 1795 763 de

1012 780 1072 815 ipso
1087 780 1181 808 dicens
1196 791 1203 808 :
1220 791 1229 807 ί
1243 782 1281 808 Ex
1299 789 1353 816 quo
1368 782 1460 809 omnis
1478 781 1630 815 paternitas
1642 781 1668 808 in
1683 781 1753 808 caelo
1771 786 1799 809 et

1013 827 1039 854 in
1069 831 1141 854 terra
1161 827 1318 855 nominatur
1330 828 1362 853 “°.
1386 837 1394 854 ι
1415 827 1480 854 Natn
1511 827 1533 854 si
1552 834 1607 854 non
1636 827 1733 862 genuit
1763 835 1798 854 ex

1012 873 1104 908 seipso
1123 873 1213 900 divina
1229 874 1334 902 ratione
1350 873 1460 906 Filium,
1475 873 1614 908 quomodo
1629 873 1655 900 in
1679 873 1739 908 ipso
1755 877 1798 901 est

1012 919 1184 954 paternitatis
1200 920 1321 951 initium,
1336 920 1409 954 quod
1427 927 1474 954 per
1489 919 1670 946 imitationem
1688 919 1722 946 ad
1747 926 1796 946 eos

1011 966 1167 1001 quicunque
1184 966 1211 993 in
1223 966 1294 994 ctelo
1309 966 1374 993 etin
1393 969 1466 993 terra
1478 970 1543 993 sunt
1562 968 1706 1000 permanat
1720 965 1732 991 ?
1748 966 1797 992 At-

1011 1011 1058 1045 qui
1074 1009 1153 1038 Pater
1175 1017 1268 1038 revera
1284 1014 1326 1037 est
1344 1010 1416 1038 Deus
1430 1019 1436 1037 :
1454 1010 1540 1037 Filius
1556 1017 1622 1045 ergo
1646 1009 1799 1037 secundum

1010 1061 1136 1084 naturam
1149 1060 1190 1084 est
1207 1055 1382 1090 Unigenitus,
1398 1060 1425 1083 et
1451 1055 1522 1082 intra
1544 1055 1657 1082 deitatis
1675 1054 1813 1082 rationes.

1011 1102 1189 1129 constitutus.
1204 1101 1312 1136 Alioqui
1338 1101 1411 1129 enim
1438 1101 1509 1129 Deus
1534 1109 1566 1128 ex
1592 1100 1646 1128 Deo
1659 1101 1802 1136 gignetur,

1009 1149 1091 1177 sicuti
1103 1149 1194 1176 forsan
1210 1148 1292 1175 homo
1306 1155 1340 1176 ex
1353 1147 1465 1175 homine
1479 1157 1486 1179 ;
1502 1155 1595 1182 neque
1623 1151 1713 1173 tamen
1740 1145 1798 1172 im-

1009 1194 1140 1223 strabitur
1151 1194 1196 1221 Dei
1210 1201 1241 1221 ac
1251 1193 1341 1220 Patris
1352 1200 1459 1220 summa
1473 1193 1518 1220 illa
1531 1197 1640 1224 natura,
1657 1192 1795 1227 gignendo

1009 1241 1093 1268 l’etum
1111 1237 1350 1273 nequaquamlsibi
1362 1238 1581 1265 convenientem.
1597 1237 1650 1264 Sed
1661 1237 1794 1272 quoniam

1009 1288 1093 1316 stulte
1109 1291 1136 1314 et
1163 1286 1247 1321 impie
1265 1285 1416 1321 pradicant
1443 1283 1490 1312 Dei
1509 1292 1541 1311 ac
1558 1283 1657 1311 Patris.
1669 1288 1795 1311 naturam

1007 1332 1120 1359 minime
1134 1330 1196 1358 lardi
1214 1331 1242 1358 in
1260 1330 1340 1362 Filio,
1362 1330 1406 1357 cui
1421 1330 1513 1357 minus
1528 1337 1650 1365 congrua
1665 1330 1702 1355 ab
1727 1337 1797 1356 non-

1007 1378 1089 1405 nullis
1103 1377 1189 1412 gloria
1209 1377 1356 1408 tribnatur.
1368 1375 1488 1411 sedjure
1503 1375 1601 1403 merito
1617 1375 1709 1410 potitus
1725 1375 1798 1402 indi-

1007 1424 1094 1460 gnari,
1102 1423 1173 1458 quod
1187 1423 1213 1450 in
1224 1423 1282 1457 ipso
1295 1422 1440 1457 imaginem
1451 1429 1528 1449 suam
1538 1425 1723 1456 contemptam
1738 1428 1810 1448 cer-7

1007 1468 1256 1504 nat,interrogandi
1273 1472 1339 1496 sunt
1357 1467 1480 1500 demum;
1490 1474 1608 1502 quonam
1622 1471 1702 1502 pacto
1715 1467 1810 1494 velint

1007 1516 1151 1551 imaginem
1160 1515 1249 1542 Patris
1259 1522 1319 1542 esse
1336 1521 1367 1540 ac
1389 1513 1443 1540 diei
1452 1512 1564 1539 Filium.
1578 1513 1629 1540 Sed
1640 1512 1796 1547 responsio—

172 1552 218 1600 τὸν
235 1553 304 1600 αότῇ
323 1554 359 1590 μὴ
373 1554 512 1590 πρέποντα
528 1556 645 1584 τεκοῦσα
659 1559 775 1594 καρπόν.
798 1561 907 1596 Ἐπειδὴ
926 1563 954 1589 δὲ
969 1573 990 1600 ρ
1006 1559 1413 1597 nemprazveniamuszsoipSi
1425 1560 1562 1594 potiuswl
1575 1559 1724 1593 imaginum
1735 1566 1809 1593 91³⁸⁸·

172 1595 311 1628 δυσσεϐῶς
326 1606 355 1624 τε
373 1599 420 1625 καὶ
434 1599 554 1635 ἀνοήτως
568 1601 693 1634 φασὶν,οὐ
705 1604 754 1639 τὴν
769 1603 815 1630 τοῦ
828 1604 894 1632 Θεοῦ
903 1595 956 1633 νκαὶ

1012 1595 1173 1642 ciem—quoad
1183 1606 1240 1634 ﬁeri
1251 1609 1350 1640 potest,
1360 1605 1437 1640 prius
1445 1605 1645 1640 distinguamus
1657 1613 1663 1636 ;
1675 1604 1714 1631 sic
1723 1604 1809 1632 enim.

172 1642 281 1677 Πατρδς
303 1642 490 1679 ἑξοὸρίζεσθαι
517 1645 596 1679 φύσιν
617 1646 646 1673 ὲν
664 1647 737 1683 Υἱῷ,
753 1648 790 1684 μὴ
805 1650 854 1686 τῆς
870 1660 954 1686 προσ·

1012 1653 1109 1680 clarior
1118 1656 1145 1679 et
1161 1651 1281 1687 apertior
1289 1650 1380 1677 futura
1389 1654 1431 1677 est
1444 1649 1527 1685 hujus
1538 1649 1699 1685 quaestionis
1717 1648 1809 1675 ratio»

172 1688 295 1722 ηκούσης
316 1689 477 1718 ἀπολαύοντι
500 1692 578 1728 δόξης
593 1694 660 1729 πρός
679 1703 770 1722 τινων·
795 1697 833 1730 ὡς
870 1699 973 1731 εἰκόνος
992 1700 1020 1727 δὲ
1040 1699 1138 1735 μᾶλλον
1159 1698 1228 1730 ἰδίας
1262 1698 1448 1733 ἠτιμασμένης
1469 1698 1499 1723 ὲν
1518 1689 1593 1732 αδτῷ
1619 1696 1800 1735 Χαλεπαίνῗίνθ

172 1736 287 1768 εἰκότως
316 1747 347 1772 γε
369 1738 401 1774 δὴ
424 1739 553 1767 ποιοῦντα
589 1742 635 1768 καὶ
674 1743 782 1775 κοΐλῶς·
826 1747 977 1782 ὲρωτητέον
1013 1733 1130 1779 αύτοὺς,
1159 1746 1229 1774 κατὰ
1252 1746 1313 1772 τινα
1342 1745 1442 1780 τρόπον
1471 1745 1561 1771 εἰκόνα
1591 1744 1727 1779 βούλονται
1749 1733 1809 1770 20'5-

174 1782 283 1815 Πατρδς
303 1781 372 1810 εἷναί
385 1792 415 1810 τε
436 1785 482 1812 καὶ
499 1785 625 1820 λέγεσθαι
648 1788 693 1814 τὸν
717 1788 791 1816 Υῐόν.
825 1781 933 1819 Μᾶλλον
946 1793 974 1819 δὲ
993 1793 1069 1820 αὐτοὶ
1099 1792 1144 1819 τὸν
1174 1792 1239 1826 παρ’
1266 1791 1371 1818 ἐκείνου
1410 1790 1560 1825 φθάσαντες
1585 1790 1662 1823 λόγον
1689 1789 1802 1824 προδι²“

172 1827 331 1864 στέλλωμεν
365 1830 413 1865 τῆς
449 1831 551 1863 εἰκόνος
579 1832 614 1858 τὰ
642 1833 713 1867 εἴδη,
753 1836 825 1863 κατά
855 1846 886 1871 γε
915 1839 961 1865 τὸν
995 1837 1168 1873 ὲγχωροῦντα
1193 1837 1290 1871 λόγον·
1333 1835 1404 1862 οὕτω
1437 1835 1491 1870 γὰρ
1521 1836 1554 1862 ἂν
1583 1835 1687 1869 γένοιτο
1710 1835 1807 1870 σαφής·

172 1883 203 1901 τε
232 1876 279 1902 καὶ
305 1876 365 1903 λίαν
391 1878 585 1915 εὐκρινεστέρα
605 1880 658 1906 τῶν
676 1881 850 1918 ζητουμένων
874 1886 890 1920 ὴ
918 1886 1035 1921 εὕρεσις.

210 1921 315 1948 Οὐκοῦν
331 1923 380 1957 μία
398 1923 455 1958 μὲν·
478 1924 526 1960 ἤδη
553 1926 599 1952 καὶ
615 1926 709 1961 πρώτη
730 1928 778 1963 τῆς
793 1930 863 1957 κατὰ
880 1931 961 1965 φύσιν

172 1968 337 2002 mordente;
362 1969 391 1995 ὲν
412 1969 632 2005 ἀπαραλλάκτως
656 1973 712 2004 τοῖς
738 1974 879 2010 ἰδιώμασιν
892 1976 909 2012 ή
924 1978 961 2004 ei—

174 2011 251 2044 κὼν,
268 2013 307 2044 ὡς
323 2013 352 2046 ἐξ
372 2014 456 2050 Ἀδὰμ
477 2016 490 2042 6
508 2016 602 2049 Ἀϐελ,
619 2017 635 2052 ἢ
661 2018 753 2046 Ἰσαὰκ
773 2021 803 2053 εξ
824 2011 959 2058 Ἀϐραάμ.

173 2058 294 2094 Δευτέρα
305 2059 333 2085 δὲ
349 2060 428 2087 πάλιν
446 2061 462 2096 ή
475 2062 545 2089 κατὰ
563 2063 648 2098 μόνην
660 2064 708 2100 τὴν
723 2065 770 2093 τοῦ
786 2069 966 2104 χαρακτῆρος

174 2104 324 2139 ἐμφέρειαν
338 2126 345 2138 ,
371 2106 416 2132 καὶ
438 2107 469 2133 τὺ
490 2108 603 2143 ἀκριὸὲς
619 2110 665 2136 τοῦ
687 2111 773 2144 εἴδους
796 2113 958 2150 ἐκτύπωμοι,

173 2149 327 2186 καθάπερ-ἡ
344 2151 391 2178 τοῦ
409 2153 540 2186 βασιλέως
556 2155 585 2181 ἐν
601 2155 670 2191 ξύλῳ
685 2158 788 2194 γραφὴ,
805 2159 820 2194 ἣ
835 2160 882 2186 καὶ
899 2149 960 2187 δέοιθ’

174 2196 270 2231 ἕτερόν
296 2205 357 2224 τινα
382 2199 553 2235 πεποιημένη
582 2201 700 2236 τρόπον,
723 2203 761 2235 ὡς
785 2205 852 2239 πρὸς
868 2206 960 2239 αὐτὸν,

174 2242 276 2276 ἄριστά
290 2251 320 2269 τε
343 2244 389 2271 καὶ
408 2245 612 2281 ἐντεχνέστατα.
634 2248 722 2275 Εὲκὼν
740 2249 768 2275 δὲ
786 2251 868 2286 ἑτέρα
888 2251 957 2287 λαμυ

173 2286 287 2313 ϐἀνεται
310 2288 390 2315 πάλιν
417 2290 484 2324 πρὸς
505 2291 557 2326 ῆθη
570 2311 577 2323 ,
602 2292 649 2318 καὶ
664 2294 799 2328 τρόπους,
821 2297 868 2323 καὶ
882 2286 958 2323 πολι-

1049 1931 1136 1966 Igitur
1153 1937 1207 1957 una
1219 1929 1328 1964 quidem
1346 1933 1387 1956 est
1400 1936 1431 1955 ae
1448 1928 1535 1962 prima
1550 1926 1683 1960 naturalis
1697 1925 1805 1953 identi—

1014 1977 1076 2003 tatis
1095 1976 1122 2002 in
1150 1973 1362 2010 proprietatibus
1379 1972 1476 2000 iisdem
1494 1972 1600 2006 imago,
1626 1971 1706 1998 sicuti
1731 1970 1802 1997 Abel

1013 2030 1046 2049 ex
1059 2013 1220 2052 Adam,~aut
1233 2019 1309 2046 Isaac
1324 2026 1357 2046 ex
1372 2018 1519 2045 Abraham.
1539 2017 1641 2048 Altera,
1658 2024 1718 2051 quae
1732 2024 1798 2043 eon-

1013 2067 1087 2094 sistit
1102 2067 1130 2093 in
1150 2066 1208 2093 sola
1225 2065 1394 2092 characteris
1407 2064 1505 2098 elligie.
1533 2068 1558 2090 et
1575 2066 1671 2090 exacta
1703 2062 1797 2089 forma:

1012 2114 1198 2149 expressione,
1219 2113 1300 2140 veluti
1313 2112 1386 2148 regis
1402 2113 1428 2139 in
1445 2112 1518 2147 ligno
1534 2110 1654 2145 pictura.
1671 2113 1718 2136 aut
1738 2109 1797 2135 alia

1013 2160 1130 2194 quadam
1146 2159 1252 2186 ratione
1271 2158 1401 2192 praeclare
1411 2161 1438 2184 et
1451 2156 1600 2183 artiﬁciose
1619 2155 1701 2182 facta;
1719 2153 1793 2180 Prm-

1013 2210 1087 2233 terea
1101 2205 1189 2240 imago
1219 2204 1320 2231 dicitur
1351 2206 1478 2237 respectu
1505 2202 1568 2228 vitae
1584 2208 1617 2227 ac
1646 2207 1752 2227 morum
1769 2205 1796 2226 et

1012 2251 1162 2278 voluntatis
1175 2257 1241 2286 erga
1257 2250 1383 2278 virtutem
1398 2256 1430 2275 ac
1444 2248 1626 2277 honestatem.
1643 2253 1675 2272 ac
1689 2245 1771 2273 studii
1789 2254 1795 2271 :

1013 2298 1049 2324 ita
1065 2302 1093 2324 ut
1107 2297 1212 2330 probus
1227 2295 1269 2322 vir
1292 2294 1377 2321 Paulo
1393 2294 1490 2321 similis
1506 2300 1568 2320 esse
1591 2292 1717 2322 dicatur;
1746 2291 1798 2317 im-

173 2331 266 2378 τείαν,
282 2333 330 2378 καὶ
343 2333 448 2369 θέλημα
461 2335 492 2361 τὸ
507 2336 553 2362 ἐπὶ
571 2346 641 2364 τισιν
662 2338 774 2372 ἀγαθοῖς
795 2341 811 2376 ἢ
839 2342 960 2375 φαύλοις,

1017 2343 1118 2378 probus
1133 2349 1208 2373 vero,
1234 2341 1313 2368 Cain.
1343 2339 1414 2367 Idem
1436 2339 1508 2366 enim
1533 2338 1640 2365 virtutis
1667 2341 1714 2363 aut
1740 2337 1798 2363 vitii

173 2376 212 2408 ὡς
231 2377 350 2405 ἐοικέναι
375 2379 501 2414 λέγεσθαι
518 2381 598 2417 τυχὸν
614 2383 660 2410 τὸν
676 2383 726 2418 μὲν
741 2385 962 2422 ἀγαθοεργοῦντα

172 2421 212 2457 τῷ
227 2423 337 2459 Παύλῳ,
354 2425 399 2452 τὸν
413 2426 441 2453 δὲ
455 2427 492 2462 μὴ
507 2428 636 2461 τοιοῦτον,
653 2429 692 2464 τῷ
707 2430 788 2457 Κάῖν.
804 2432 840 2458 Τὺ
855 2433 909 2468 γὰρ
932 2434 961 2460 ἐν

173 2476 231 2499 τοις
261 2468 329 2501 ῐσοις
352 2471 466 2505 ὁρᾶσθαι
491 2473 602 2507 φαύλοις
624 2483 654 2500 τε
683 2476 729 2502 καὶ
756 2477 883 2510 ἀγαθοῖς,
912 2479 961 2513 τὴν

172 2513 305 2547 ὁμοίωσιν
339 2515 447 2551 ἑκάστῳ
474 2518 698 2553 πραγματεύεται
730 2520 777 2547 καὶ
790 2522 960 2557 περιτίθησιν

173 2559 298 2591 εἰκότως.
314 2557 390 2593 Εἶδος
406 2562 434 2588 δέ
452 2571 510 2594 πως
525 2564 628 2595 εἰκόνος
649 2565 723 2593 ἐστὶν
740 2566 832 2602 ἕτερον
844 2588 852 2600 ,
869 2569 916 2595 καὶ
930 2569 960 2596 τὸ

174 2604 203 2630 ὲν
221 2604 378 2640 ἀξιώματι,
407 2607 452 2633 καὶ
468 2609 555 2644 τιμῇ,
579 2610 626 2636 καὶ
644 2610 724 2646 δόξῃ,
753 2613 800 2639 καὶ
828 2614 958 2650 ὑπεροχῇ,

174 2649 270 2685 ὥσπερ
286 2650 319 2677 ἂν
339 2651 418 2684 εἴτις
438 2653 517 2688 τυχὸν
534 2655 582 2689 τήν
601 2664 671 2687 τινος
695 2658 783 2692 ἀρχὴν
801 2659 957 2694 διαδέχοιτο,

175 2695 221 2722 καὶ
235 2695 324 2722 πάντα
336 2696 408 2732 δρῴη
426 2699 484 2732 μετ’
499 2699 632 2734 ἐξουσίας,
647 2702 718 2739 ἅπερ
727 2705 759 2730 ἂν
774 2705 868 2740 ἐκείνῳ
882 2715 933 2741 προ
941 2715 960 2732 r-

174 2741 237 2774 ήιοι
250 2750 281 2768 τε
305 2743 352 2769 καὶ
367 2745 476 2778 πρέποι.
492 2746 578 2773 Εἱκὼν
594 2747 622 2774 δὲ
637 2749 747 2786 ἑτέρως,
760 2751 776 2785 ἢ
792 2752 851 2778 καθ’
863 2752 958 2787 ἑτέραν

174 2786 236 2813 τινᾶ
252 2789 382 2823 ποιότητα
408 2791 587 2827 πράγματος,
614 2794 628 2829 ἢ
654 2796 802 2832 ποσότητα,
822 2798 914 2833 οῖχῆμά
930 2808 956 2824 τε

221 2882 242 2895 ﬁt
261 2876 359 2910 Eplus.
378 2886 405 2906 ut
418 2898 425 2908 .
446 2879 477 2905 iii

1014 2388 1134 2415 studium
1159 2386 1368 2414 similitudinem
1389 2378 1539 2418 unicuique
1564 2384 1627 2419 jure
1659 2383 1797 2410 conciliat.

1015 2434 1063 2461 Est
1076 2439 1102 2461 et
1118 2433 1192 2460 aliud
1213 2431 1416 2467 quodammodo
1431 2439 1517 2466 genus
1533 2430 1670 2464 imaginis,
1685 2429 1756 2464 qttod
1771 2429 1798 2455 in

1014 2480 1159 2514 dignitate,
1175 2479 1290 2509 honore,
1319 2478 1405 2512 gloria
1428 2482 1455 2504 et
1478 2476 1639 2504 excellentia
1659 2480 1797 2506 versatur.

1014 2526 1072 2553 utsi
1083 2527 1155 2560 quis,
1166 2524 1282 2559 exempli
1293 2523 1390 2559 gratia.
1404 2522 1522 2556 alienjus
1536 2521 1798 2556 principatumexci-

1013 2570 1228 2604 piat,omniaque
1238 2578 1299 2596 cum
1309 2573 1442 2604 potestate
1452 2568 1532 2594 faciat
1540 2567 1682 2602 quozillum
1690 2567 1796 2594 decent.

1016 2614 1148 2641 Praeterea
1167 2614 1256 2648 imago
1280 2613 1389 2645 dicitur,
1403 2620 1463 2647 quae
1477 2617 1601 2640 versatur
1616 2612 1642 2638 in
1658 2612 1710 2638 alia
1728 2619 1795 2646 qua-

1013 2661 1073 2686 tlam
1088 2660 1125 2687 rei
1134 2660 1265 2695 qualitate
1276 2659 1489 2693 autqttantitate,
1500 2659 1637 2692 ﬁguraque
1647 2662 1673 2684 et
1686 2665 1795 2692 propor-

1014 2700 1097 2738 tione,
1115 2711 1144 2732 ut
1159 2706 1314 2733 summatim
1333 2705 1432 2732 dicam.
1462 2703 1581 2731 Doceant
1602 2711 1669 2738 ergo
1686 2711 1734 2730 nos
1757 2703 1794 2729 illi

1015 2752 1112 2779 divina:
1140 2751 1265 2786 imaginis
1290 2750 1474 2780 subtilissimi.
1495 2749 1682 2783 inquisitores,
1703 2753 1794 2776 utrum

1010 2794 1120 2825 tandem
1140 2797 1346 2825 substantialcm
1372 2801 1394 2823 ct
1422 2796 1571 2823 naturalem
1591 2796 1792 2823 similitudinem
