2026 3123
211 166 265 200 575

706 169 734 198 S.
753 169 889 198 CYlllLLl
904 169 1137 200 ALEXANDRINI
1156 171 1324 200 ARCHIEP-

1786 172 1837 202 376

217 219 364 258 Unigenito
378 224 552 252 tribuendam
567 232 627 253 esse
638 231 746 261 putent,
764 232 846 263 atque
864 228 901 255 ita
913 227 1003 256 Patris

1061 230 1101 256 ιιαὶ
1115 230 1262 264 ἀναλογίαν
1276 238 1281 245 ·
1297 230 1338 257 δεῖ
1350 231 1402 266 γὰρ
1415 231 1464 267 ἤδη
1484 231 1633 267 συλλήϐδην
1649 232 1744 259 εἰπεῖν.
1762 232 1840 259 Διδα-

213 269 360 304 imaginem
378 279 439 298 esse
455 271 547 298 dicant
565 271 684 300 Verlnnn
703 274 771 301 illud
789 274 862 309 quod
894 282 925 302 ex
943 274 1002 309 ipso

215 316 324 350 prodiit,
338 317 418 344 sicuti
436 318 567 345 nimirum
582 318 648 346 Abel
666 327 698 346 ex
718 320 816 352 Adam,
841 320 886 355 qui
918 325 1002 347 totam

214 362 242 388 iu
259 369 288 388 se
301 361 391 389 Patris
412 367 504 390 servat
524 368 661 396 naturam,
678 368 705 391 et
721 365 855 400 integram
875 365 1003 392 humani-

215 407 281 434 tatis
302 408 328 434 iu
342 416 371 436 se
390 409 526 436 rationem
538 410 652 437 Jiabet?
666 410 706 437 An
722 419 793 446 a-gre
809 411 881 438 istud
904 410 1002 442 ferent,

215 452 316 487 quippe
331 453 376 488 qui
390 453 472 481 Deum
489 463 582 482 revera
595 455 629 482 de
642 455 696 483 Deo
708 456 861 483 secundum
876 460 1003 483 naturam

215 507 277 527 esse
292 499 391 527 Filium
409 500 488 528 fateri
522 506 663 537 cogantur,
697 510 803 538 suoque
835 510 909 530 more
941 510 1004 530 cum

217 546 332 574 veritate
348 552 513 582 pugnantes,
535 548 568 574 ad
595 549 745 576 secundum
761 557 846 585 genus
877 549 1005 584 imaginis

218 600 279 620 sese
296 592 453 624 conferent,
472 593 544 628 quod
580 594 607 620 in
630 595 688 622 sola
715 594 814 626 forma,
845 595 1004 622 charactere

218 643 244 665 et
260 638 344 673 ﬁgura
362 644 510 673 spectatur.
533 639 585 667 Sed
611 641 729 668 arbitror
744 649 792 669 eos
811 641 855 668 hic
871 641 1002 669 haesuros.

218 683 303 711 Nemo
329 684 401 712 enim
419 689 473 711 tam
492 686 590 713 stultus
618 687 721 722 estqui
747 689 798 714 sibi
825 689 851 715 in
883 689 1004 715 animum

219 729 341 761 inducat,
360 729 442 757 Detun
457 731 610 765 quantitate
623 737 670 759 ant
684 733 769 768 ﬁgura
797 734 1003 766 circumscribi,

219 777 245 800 et
259 775 417 802 charactere
432 776 637 810 comprehendi,
654 781 700 804 aut
715 778 833 812 denique
856 787 899 806 res
915 778 1005 805 incor-

219 827 316 853 poreas
329 828 389 855 qua:
404 828 546 856 corporum
575 829 639 850 sunt
663 824 729 857 pati.
747 825 788 851 An
815 833 880 860 ergo
899 826 1005 853 ratione

219 866 304 892 studii
322 873 354 893 ac
376 875 481 894 morum
512 869 630 896 similem
655 877 715 897 esse
734 870 830 897 dicunt
860 871 963 905 ipsum,
978 875 1005 899 et

220 912 292 939 hanc
316 913 340 939 ei
374 913 518 948 imaginem
549 914 676 950 allingere
693 923 747 943 non
764 917 916 944 verentur?
933 917 1006 950 Quo-

219 957 302 983 modo
316 965 380 992 ergo
395 959 546 986 secundum
564 965 690 988 naturam
707 961 779 989 Deus
801 969 862 990 esse
877 967 1005 991 censetur

220 1003 254 1034 is,
272 1002 318 1036 qui
347 1003 403 1030 sola
420 1005 558 1033 voluntate
583 1011 625 1034 est
651 1007 704 1042 ipsi
720 1008 828 1041 similis,
847 1016 909 1036 cum
931 1010 1006 1037 aliud

219 1047 350 1082 quiddam
391 1049 417 1076 in
453 1057 483 1077 se
519 1053 629 1087 proprie
668 1053 805 1080 exsistat?
848 1053 1007 1083 Subsistere

219 1093 322 1128 quippe
362 1094 452 1129 ipsum
494 1097 590 1131 utique
632 1097 802 1126 fatebuntur.
850 1101 928 1136 231
973 1102 1007 1130 At

219 1139 286 1174 quid
317 1142 343 1167 in
366 1148 398 1169 eo
416 1142 477 1176 plus
504 1142 617 1170 demum
645 1152 707 1172 esse
742 1145 897 1179 videbitur,
922 1155 1005 1182 quam

221 1187 364 1213 creatura?
397 1187 527 1223 Nunquid
556 1189 628 1216 enim
663 1192 775 1225 angelos
804 1199 913 1227 quoque
949 1201 1008 1221 cre-

221 1231 318 1260 demus
331 1234 425 1260 conari
441 1233 475 1260 ad
496 1235 666 1263 voluntatem
688 1237 809 1265 divinam
826 1240 932 1274 seipsos
947 1248 1009 1275 per-

221 1278 313 1310 licere,
327 1285 389 1305 cum
405 1278 479 1306 aliud
494 1278 625 1314 quiddam
642 1285 742 1310 natura
757 1284 812 1311 sint
826 1291 840 1310 a
856 1284 1008 1318 Deo'tQuid

221 1328 304 1354 vero,
324 1322 347 1350 si
363 1322 397 1350 de
415 1323 495 1352 nobis
511 1325 592 1352 etiam
619 1326 722 1354 dictum
739 1328 806 1355 illud
823 1329 1009 1365 intelligatur?

222 1367 263 1394 An
275 1369 347 1395 enim
374 1377 419 1396 res
443 1377 528 1405 supra
552 1375 676 1399 naturam
703 1377 806 1401 temere
826 1374 965 1408 invadere,
982 1380 1010 1402 et

223 1422 284 1447 quae
297 1415 354 1442 ﬁeri
371 1423 424 1442 non
438 1421 556 1451 possunt
567 1422 694 1452 appetere
709 1420 767 1454 ipse
783 1428 834 1449 nos
848 1420 928 1449 doeet
944 1421 1010 1449 Uni-

223 1461 333 1495 gcnitus
347 1461 390 1489 his
403 1462 493 1489 verbis
506 1469 513 1489 :
528 1472 537 1488 ε
554 1462 649 1491 Estote
669 1465 875 1498 misericordes,
897 1467 968 1494 sicut
983 1471 1010 1495 et

224 1506 305 1534 Pater
317 1508 458 1536 vesterille
469 1509 590 1537 cmlestis
615 1510 776 1539 misericors
800 1517 844 1540 est
856 1514 898 1540 “?
921 1524 930 1540 ι
953 1514 1010 1542 Iloe

1056 276 1196 303 σκέτωσαν
1212 276 1303 304 τοίνυν
1320 278 1344 303 οἱ
1361 278 1410 313 τῆς
1428 277 1501 309 θείας
1527 278 1629 310 εἰκόνος
1645 278 1840 314 ἀκριϐέστατοι

1055 323 1190 358 ζητηταὶ,
1219 323 1332 358 πότερόν
1350 332 1414 350 ποτε
1437 323 1486 359 τὴν
1507 324 1622 359 οὐσιώδη
1646 324 1693 351 καὶ
1722 326 1841 361 φυσικὴν

1055 369 1203 404 ἀπονέμειν
1229 369 1358 404 ὁμοίωσιν
1371 369 1471 396 οἴονται
1485 369 1540 396 δεῖν
1557 369 1595 404 τῷ
1608 369 1758 404 Μονογενεῖ
1769 388 1776 401 ,
1792 370 1840 396 xui.

1055 415 1141 447 οὕτως
1167 415 1258 442 εἰκόνα
1282 415 1363 450 φασὶν
1387 416 1519 451 ὑπάρχειν
1541 416 1586 443 τοῦ
1608 416 1716 451 Πατρὺς
1737 416 1782 442 τὸν
1811 416 1840 449 ἐξ

1055 461 1138 488 αὐτοῦ
1156 461 1321 497 προελθόντα
1337 461 1439 496 Λόγον,
1456 461 1609 497 ὡσπερανεὶ
1627 462 1673 489 καὶ
1694 462 1741 488 τὸν
1757 462 1841 488 Ἀὃελ

1055 508 1085 541 ἐξ
1107 507 1204 542 ’Λδὰμ,
1221 507 1286 543 ὃλην
1300 507 1478 539 ἀποσώζοντα
1491 506 1539 533 τοῦ
1556 507 1681 539 τεκόντος
1696 507 1745 543 τὴν
1760 508 1842 541 φύσιν

1056 554 1084 579 ἐν
1098 554 1197 591 ἐαυτῷ,
1209 554 1255 580 καὶ
1267 553 1362 589 ὁλόκλη
1367 561 1413 588 ρον
1424 553 1472 589 τῆς
1484 553 1692 589 ἀνθρωπότητος
1707 553 1843 589 φοροῦντα

1055 600 1101 626 τὸν
1119 600 1214 634 λόγονς
1239 600 1274 626 Ἢ
1314 598 1504 636 δυσχερανοῦσι
1527 599 1575 634 μὲν
1601 599 1647 626 ἐπὶ
1666 599 1754 635 τούτῳ
1768 599 1840 632 λίαν,

1056 646 1093 678 ὡς
1108 646 1174 672 Θεὸν
1203 647 1287 677 ὅντως
1310 645 1342 672 ὲκ
1369 645 1437 672 Θεοῦ
1476 645 1546 672 κατὰ
1582 645 1663 679 φύσιν
1699 645 1843 680 ὁμολογεῖν

1056 693 1274 727 ἀναγκαζόμενοι
1289 692 1335 719 τὸν
1346 692 1420 725 Υίὸν,
1432 692 1476 719 ἐπὶ
1492 692 1520 719 δὲ
1535 692 1564 718 τὸ
1577 692 1712 727 μάχεσθαι
1725 693 1757 727 τῇ
1776 692 1842 727 ἀλη-

1057 738 1116 774 θείᾳ
1154 739 1276 774 συνήθως
1304 738 1468 771 ἐκνεύοντες,
1500 738 1545 764 ἐπὶ
1567 739 1613 764 τὸν
1638 737 1763 773 δεύτερον
1793 738 1854 772 τῆς

1056 784 1160 817 εἰκόνος
1192 785 1342 820 βαδιοῦνται
1381 785 1500 820 τρόπον,
1533 784 1563 816 ὃς
1591 786 1619 811 ὲν
1652 784 1718 819 μόνῃ
1743 785 1843 810 νοεῖται

1059 832 1148 866 μορφῇ
1163 851 1169 860 ,
1187 831 1233 857 καὶ
1254 830 1429 866 χαρακτῆρι,
1453 829 1500 856 καὶ
1521 829 1650 864 σχήματι.
1679 828 1747 854 Ἀλλ’
1765 826 1842 863 οἶμαι

1059 877 1108 912 μὲν
1135 877 1214 903 τοῦτο
1240 876 1328 910 λέγειν
1357 875 1558 911 ἀποναρκήσειν
1587 874 1695 906 αὐτούς.
1722 874 1760 901 Οὐ
1787 874 1844 910 γὰρ

1058 922 1233 949 πεποσῶεθαι
1248 922 1278 948 τὸ
1298 922 1390 953 Θεῖον,
1411 921 1426 956 ἢ
1441 921 1487 948 καὶ
1503 921 1622 956 σχήματι
1642 920 1843 957 περιγραπτὸν,

1058 969 1105 995 καὶ
1119 968 1273 1003 χαρακτῆρι
1289 967 1481 1003 μετρούμενον,
1496 967 1513 1002 ἦ
1527 967 1573 994 καὶ
1586 967 1653 999 ὅλως
1664 967 1698 994 τὰ
1710 967 1846 1002 σωμάτων

1058 1013 1205 1047 ὑπομένειν
1227 1011 1263 1038 τὰ
1290 1012 1439 1047 ἀσώματα,
1463 1012 1632 1047 ὑπολήψεταί
1649 1021 1706 1044 τις,
1735 1012 1766 1038 οὐ
1783 1012 1805 1038 δ’
1819 1012 1846 1038 εἰ

1060 1059 1162 1095 σφόδρα
1177 1058 1299 1093 φαίνοιτο
1315 1058 1416 1094 ληρῶν.
1433 1055 1496 1093 τΛρ*
1517 1056 1562 1084 οὖν
1576 1059 1613 1089 ὡς
1628 1058 1694 1094 πρὸς
1713 1058 1780 1094 ἤθη,
1797 1058 1847 1085 καὶ

1058 1106 1187 1141 τρόπους,
1209 1105 1254 1131 καὶ
1269 1104 1374 1139 θέλημα
1391 1104 1589 1140 μεμορφῶσθαι
1612 1104 1736 1138 λέγουσιν
1752 1104 1845 1135 αὑτὸν,

1060 1152 1106 1179 καὶ
1122 1151 1223 1185 ταύτην
1236 1149 1310 1185 αῦτῷ
1326 1150 1510 1185 περιτιθέντες
1533 1150 1583 1177 οὐχ
1603 1150 1776 1185 αἰσχύνονται
1797 1151 1847 1185 τὴν

1059 1198 1169 1231 εἰκόνα;
1195 1198 1256 1229 Πῶς
1271 1195 1317 1224 οὖν
1339 1196 1378 1223 ἔτι
1394 1196 1464 1223 κατὰ
1485 1196 1566 1231 φύσιν
1581 1197 1680 1222 νοεῖται
1693 1196 1759 1227 Θεὸς
1780 1196 1794 1222 ὁ
1818 1197 1848 1222 ἐν

1061 1245 1134 1280 μόνῳ
1160 1245 1189 1270 τὸ
1218 1244 1282 1279 [πρ.
1303 1243 1360 1278 τῷ]
1388 1243 1474 1270 θέλειν
1502 1242 1551 1278 τὴν
1577 1243 1645 1276 πρὸς
1669 1242 1751 1268 αὐτὸν
1777 1242 1848 1277 ἔχων

1059 1290 1186 1325 ὁμοίωσιν
1198 1311 1204 1322 ,
1225 1291 1317 1326 ἕτερον
1333 1290 1361 1316 δέ
1375 1299 1400 1316 τι
1422 1289 1482 1316 καθ’
1500 1288 1594 1315 ἑαυτὸν
1612 1289 1684 1320 ἰδίως
1700 1288 1847 1323 ὑπάρχωνς

1065 1336 1229 1371 ’Υφεστάναι
1247 1335 1301 1371 γὰρ
1319 1335 1427 1366 πάντως
1441 1334 1654 1369 ὁμολογήσουσιν
1670 1332 1762 1360 αὐτόν,
1781 1331 1849 1359 Εἶτα

1060 1383 1085 1409 τί
1107 1383 1138 1409 τὸ
1158 1382 1238 1408 πλέον
1259 1383 1288 1408 ἐν
1304 1380 1376 1416 αὑτῴ
1393 1379 1469 1416 παρὰ
1484 1380 1533 1415 τὴν
1544 1380 1643 1412 ,κτίσιν
1656 1380 1782 1413 φανεῖται
1796 1378 1850 1404 λοι-

1060 1429 1109 1455 πόν
1122 1437 1129 1460 ;
1147 1428 1181 1454 Ἦ
1197 1427 1252 1462 γὰρ
1266 1427 1326 1462 οὐχὶ
1342 1426 1389 1452 καὶ
1401 1426 1535 1460 ἀγγέλους
1546 1425 1727 1460 πιστεύσομεν
1739 1425 1806 1460 πρδς
1818 1425 1850 1451 τδ

1061 1475 1130 1501 θεῖον
1151 1475 1263 1505 ἑαυτοὺς
1286 1472 1444 1506 ἐπείγεσθαι
1463 1471 1638 1507 διαπράττειν
1654 1471 1771 1505 Θέλημα,
1789 1470 1850 1496 ἕτε-

1063 1521 1107 1556 ρὸν
1120 1529 1145 1547 τι
1157 1520 1231 1554 παρὰ
1248 1519 1292 1545 τὸν
1304 1519 1370 1545 Θεὸν
1386 1518 1456 1544 κατὰ
1475 1517 1554 1552 φύσιν
1569 1517 1740 1552 ὑπάρχοντας
1753 1525 1760 1548 ;
1776 1516 1809 1542 Ti
1821 1516 1851 1543 δὲ

224 1553 296 1580 cnim
315 1554 410 1588 procul
427 1554 510 1582 dubio
529 1555 596 1582 nihil
611 1560 653 1584 est
676 1556 750 1583 aliud
767 1565 848 1598 quam
865 1559 945 1586 nobis
958 1559 1009 1586 uti-

1061 1567 1124 1593 ὅταν
1139 1566 1184 1592 καὶ
1200 1566 1241 1599 ἐφ’
1258 1564 1336 1600 ἡμῶν
1351 1564 1445 1598 νοῆται
1456 1563 1499 1591 ,τὸ
1517 1563 1680 1598 εἰρημένον;
1703 1560 1776 1597 7Aput
1794 1562 1851 1597 γὰρ

225 1607 278 1634 que
291 1600 495 1635 suscipiendam
515 1609 578 1629 esse
595 1602 687 1629 Patris
702 1603 849 1638 imaginem
865 1611 926 1638 quae
943 1612 1011 1631 con-

225 1645 300 1672 sistit
324 1646 352 1672 in
372 1646 543 1673 voluntatum
570 1647 721 1676 identitate.
742 1649 777 1676 At
800 1648 902 1677 Paulus
929 1651 1011 1678 etiam

225 1691 350 1718 imitator
374 1691 425 1719 fuit
442 1692 556 1725 Christi,
573 1694 631 1728 qui,
651 1697 680 1721 ut
698 1694 736 1722 illi
762 1698 909 1731 nugantur,
924 1696 1013 1732 imago

226 1740 269 1764 est
283 1736 384 1769 Patris,
403 1737 430 1765 in
452 1738 509 1766 sola
528 1738 701 1767 voluntatum
719 1739 900 1770 similitudine
922 1743 1013 1771 consi-

227 1787 314 1810 stens.
327 1782 381 1810 Sed
402 1784 520 1817 relictis,
538 1785 644 1819 opinor,
660 1785 735 1814 hisce
759 1787 869 1815 miseris
884 1789 1011 1823 argutiis,

227 1828 301 1855 aliud
327 1829 456 1864 quiddam
483 1830 574 1864 majus
594 1837 626 1858 ac
648 1832 806 1866 praeclarius
832 1834 1013 1869 excogitaturi

227 1878 310 1907 sunt,
340 1874 488 1910 dicentque
507 1875 683 1911 Unigenitum
708 1885 772 1906 esse
795 1878 841 1907 Dei
864 1887 897 1907 ac
923 1879 1013 1908 Patris

225 1919 388 1955 imaginem,
413 1921 502 1956 quoad
523 1922 693 1950 voluntatum
718 1924 905 1958 identitatem,
923 1927 1013 1961 quoad

226 1966 405 2001 dignitatem,
436 1967 551 2003 gloriam
579 1976 611 1996 ac
637 1973 800 2004 potestatem
825 1971 962 2006 divinam,
986 1976 1014 2000 et

226 2013 338 2040 creandi
364 2013 434 2047 vim,
458 2021 490 2042 ac
516 2015 713 2044 miraculorum
742 2018 946 2051 operationem,
975 2024 1002 2046 et

227 2059 418 2086 universorum
443 2059 668 2094 dominationem,
688 2067 716 2089 et
737 2062 763 2089 in
782 2067 913 2098 quantum
929 2064 1014 2099 judex

226 2105 397 2132 constitutus
411 2109 469 2137 est,
491 2110 574 2141 atque
589 2106 624 2133 ab
643 2107 767 2142 angelis,
790 2113 817 2135 et
837 2108 995 2137 hominibus
1006 2134 1013 2142 ,

227 2150 376 2185 omnique,
403 2154 433 2177 ut
461 2151 545 2179 verbo
577 2151 683 2185 dicam,
715 2156 842 2180 creatura
872 2153 1012 2182 adoratur.

227 2195 334 2228 Quibus
359 2203 391 2223 ex
419 2196 548 2224 omnibus
573 2196 680 2224 Patrem
707 2197 787 2225 nobis
817 2199 965 2227 ostendens
987 2200 1013 2227 in

227 2240 336 2275 seipso,
353 2248 406 2267 non
424 2241 493 2267 dicit
511 2250 520 2266 ε
544 2249 575 2268 ex
600 2242 770 2274 substantia,
792 2253 801 2269 ι
825 2244 871 2271 sed
890 2254 898 2270 ‹
914 2245 1013 2272 chara-
1028 2245 1050 2272 D

227 2289 330 2313 cterem
356 2295 365 2311 ι
387 2293 449 2313 esse
469 2295 478 2312 ί
503 2287 666 2314 substantia:
693 2288 753 2322 ejus
769 2290 803 2316 θ’.
827 2299 836 2315 ι
855 2289 958 2325 igitur,
985 2296 1015 2319 ut

227 2332 309 2358 modo
339 2332 514 2364 dicebamus,
545 2333 613 2360 nihil
642 2341 736 2361 eorum
765 2342 826 2368 qua:
851 2336 924 2363 dicta
949 2342 1014 2364 sunt

227 2376 314 2404 Filius
325 2382 365 2405 est
379 2378 530 2405 secundum
546 2384 682 2412 naturam,
707 2380 754 2407 sed
766 2381 792 2407 in
808 2382 965 2410 universum
980 2384 1014 2412 ab

233 2422 277 2453 iis,
290 2423 370 2457 juxta
381 2423 572 2451 stultissimam
590 2429 708 2453 vestram
725 2428 903 2462 sententiam,
922 2431 1015 2457 exclu-

227 2469 326 2496 detur:
345 2477 433 2504 neque
451 2469 521 2497 Deus
537 2478 628 2503 verus,
657 2479 746 2507 neque
767 2472 863 2506 Filius,
877 2483 931 2503 non
953 2484 1009 2509 rex,

228 2521 282 2541 non
301 2514 442 2546 Dominus,
464 2522 518 2542 non
531 2515 631 2550 opifex,
648 2525 702 2544 non
718 2515 831 2553 petens,
846 2528 933 2556 neque
946 2522 1014 2550 adeo

228 2564 326 2587 natura
352 2560 441 2588 bonus
466 2565 508 2588 est
534 2563 644 2597 proprie
663 2573 669 2591 :
688 2564 735 2592 sed
752 2565 778 2592 iu
798 2567 868 2594 nuda
897 2575 928 2595 ac
955 2569 1013 2596 sola

229 2605 392 2639 gloriatione
410 2606 465 2633 Deo
489 2608 661 2636 convenienti
685 2611 808 2638 cernitur
825 2621 832 2639 :
851 2617 877 2641 ct
893 2614 965 2648 quod
987 2615 1014 2642 in

229 2651 330 2678 tabulis
350 2655 392 2679 est
416 2653 538 2680 colorum
558 2655 689 2687 inductio.
713 2665 774 2692 qua:
800 2659 858 2686 sola
883 2661 1015 2688 varietate

230 2696 417 2729 derusatlert,
446 2706 508 2726 cum
535 2701 593 2728 veri
618 2702 685 2729 nihil
711 2703 836 2732 habeat:
858 2705 909 2732 hoc
937 2710 964 2733 et
988 2707 1015 2734 in

232 2743 299 2770 Filio
314 2744 357 2771 Dei
371 2753 402 2772 ac
414 2745 501 2774 Patris
515 2747 677 2782 dignitatum
689 2751 866 2784 pulchritudo
885 2753 967 2779 nudis
985 2760 1017 2780 ac

232 2790 297 2816 solis
331 2792 488 2820 nominibus
518 2794 684 2826 eiliarescit,
719 2796 892 2824 extrinsecus
925 2801 1015 2824 autem

267 2879 286 2893 “'
312 2879 377 2907 Luc.
394 2886 431 2912 VI,
450 2881 493 2908 56.
535 2882 555 2896 θ’
579 2881 659 2908 Πειιι.
678 2890 696 2915 i,
719 2883 744 2908 3.

1062 1613 1118 1644 τοῖς
1143 1611 1212 1647 ὑπὲρ
1238 1611 1319 1646 φύσιν
1346 1607 1507 1646 παραλόγως
1538 1610 1691 1645 ἐπιπηδᾷν,
1722 1609 1770 1635 καὶ
1795 1608 1850 1634 τῶν

1063 1657 1199 1685 ἀδυνάτων
1219 1657 1343 1692 ἐφίεσθαι
1369 1656 1489 1683 διδάσκει
1511 1655 1598 1689 λέγων
1621 1654 1700 1686 αὐτὸς
1724 1655 1738 1680 ὁ
1762 1654 1851 1680 Μονο-

1062 1703 1159 1738 γενής”
1178 1711 1186 1727 t
1205 1702 1313 1728 Γίνεσθε
1334 1701 1522 1736 οἰκτίρμονες,
1546 1700 1638 1731 καθὼς
1659 1699 1704 1726 καὶ
1724 1700 1738 1725 ὁ
1754 1698 1851 1734 Πατὴρ

1063 1749 1140 1784 ὑμῶν
1161 1749 1174 1775 ὁ
1196 1748 1326 1782 οὐράνιος.
1343 1747 1494 1782 οίκτίρμων
1518 1746 1596 1778 ἐστί;
1616 1756 1624 1771 ι
1644 1745 1729 1771 Τοῦτο
1746 1745 1802 1780 γὰρ
1817 1743 1851 1779 ἦν

1063 1795 1256 1825 ᾶνενδοιάστως
1283 1795 1378 1827 εἰπεῖν,
1393 1793 1490 1828 χρῆναι
1516 1792 1556 1819 δεῖ
1582 1791 1637 1827 [ῖσ.
1661 1791 1714 1827 δὴ]
1740 1791 1851 1821 πάντως

1063 1841 1136 1876 ἡμᾶς
1158 1841 1207 1874 τὴν
1233 1841 1262 1866 ὲν
1290 1839 1434 1873 ταυτότητι
1458 1837 1618 1872 θελημάτων
1648 1835 1852 1871 ἀναλαμϐάνειν
1885 1860 1891 1864 ,

1064 1886 1156 1914 είκόνα
1175 1886 1222 1912 τοῦ
1244 1885 1360 1920 Πατρός.
1378 1884 1509 1920 Μιμητὴς
1529 1883 1557 1910 δὲ
1579 1883 1627 1910 καὶ
1641 1883 1655 1909 ὁ
1670 1882 1776 1913 Παῦλος
1793 1881 1852 1914 ἐγί-

1063 1940 1124 1958 νετο
1139 1931 1184 1958 τοῦ
1201 1930 1330 1966 Χριστοῦ,
1347 1930 1407 1965 τῆς,
1430 1930 1468 1961 ὡς
1480 1930 1578 1956 ὲκεῐνοι
1592 1928 1739 1963 ληροῦντὲς
1755 1936 1850 1962 φασιν,

1064 1974 1092 2001 ὲν
1106 1974 1240 2009 θελήμασι
1262 1973 1351 2008 μόνοις
1375 1972 1477 2004 εἰκόνος
1496 1971 1543 1998 τοῦ
1565 1971 1682 2006 Πατρός.
1705 1969 1785 1996 ’Λλλά
1804 1969 1852 1996 καὶ

1063 2019 1166 2046 τούτων
1195 2019 1243 2054 μὲν
1271 2018 1519 2053 ἀπαναστήσονται,
1552 2016 1623 2043 κατὰ
1645 2016 1674 2042 τὸ
1699 2015 1782 2047 εἰκὸς.
1797 2015 1852 2041 τῶν

1064 2064 1165 2092 ἀθλίων
1180 2064 1326 2100 νοημάτων
1338 2084 1346 2095 ,
1368 2063 1464 2098 ὥσπερ
1482 2063 1510 2089 δέ
1530 2071 1556 2089 τι
1574 2061 1667 2097 μεῖζον
1681 2061 1852 2092 ἐπινοοῦντες

1064 2112 1111 2138 καὶ
1127 2111 1252 2145 ἄμεινον,
1271 2111 1359 2136 ἐκεῖνο
1380 2110 1412 2145 δὴ
1428 2110 1536 2140 πάντως
1553 2109 1671 2144 ἐροῦσιν·
1690 2107 1780 2134 Εἰκών
1793 2108 1852 2134 ὲστι

1065 2156 1112 2184 τοῦ
1126 2156 1192 2183 Θεοῦ
1208 2156 1253 2183 καὶ
1265 2155 1372 2191 Πατρὺς
1385 2157 1400 2182 ὁ
1410 2155 1576 2191 Μονογενὴς.
1591 2156 1652 2182 ὅσον
1663 2155 1692 2181 ἐν
1706 2153 1851 2189 ταυτότητι

1066 2205 1233 2240 θελημάτων,
1248 2205 1308 2230 ὅσον
1319 2204 1365 2230 ἐπὶ
1377 2203 1496 2238 ἀξίωμα,
1513 2202 1658 2235 καὶδόξαν,
1677 2201 1725 2228 καὶ
1738 2200 1853 2235 δύναμιν

1064 2250 1114 2285 τὴν
1125 2249 1274 2284 θεοπρεπῆ,
1286 2249 1347 2276 ὅσον
1360 2250 1400 2280 εἰς
1412 2249 1552 2282 ἐνέργειαν
1567 2248 1616 2282 τὴν
1630 2247 1676 2274 ἐπὶ
1688 2247 1727 2282 τῷ
1748 2247 1852 2278 κτίζειν

1066 2296 1113 2323 καὶ
1141 2295 1377 2331 θαυματουργεῖν,
1401 2295 1462 2321 ὅσον
1488 2295 1528 2326 εἰς
1550 2293 1579 2320 τὸ
1607 2293 1759 2328 βασιλεύειν
1805 2293 1853 2319 καὶ

1066 2341 1173 2368 πάντων
1188 2341 1308 2376 κρατεῖν,
1328 2341 1389 2367 ὅσον
1404 2341 1444 2371 εἰς
1458 2339 1487 2366 τὸ
1504 2339 1606 2375 κρίνειν
1631 2339 1677 2366 καὶ
1693 2339 1853 2374 προσκυνεῖ-

1065 2388 1127 2414 σθαι
1146 2387 1214 2422 πρός
1229 2395 1258 2414 τε
1274 2387 1397 2421 ἀγγέλων
1426 2386 1473 2412 καὶ
1495 2385 1658 2421 ἀνθρώπων,
1692 2385 1742 2411 καὶ
1762 2384 1854 2417 πάσης

1067 2433 1235 2466 ἁπαξαπλῶς
1252 2433 1302 2468 τῆς
1317 2432 1441 2464 κτίσεως.
1458 2433 1507 2458 Διὰ
1522 2432 1624 2458 τούτων
1640 2431 1772 2458 ἁπάντων
1787 2431 1854 2465 ἡμῖν

1068 2481 1096 2506 ὲν
1109 2479 1199 2514 ἑαυτῷ
1217 2479 1347 2505 δεικνύων
1363 2478 1408 2505 τὸν
1430 2478 1539 2514 Πατέρα
1552 2498 1559 2510 ,
1580 2478 1630 2504 οὐκ
1649 2487 1657 2503 ι
1674 2478 1706 2504 ὲκ
1719 2477 1768 2512 τῆς
1786 2477 1851 2502 ὐπο-

1069 2525 1190 2556 στάσεως
1207 2535 1216 2550 ι
1232 2525 1332 2560 φησὶν,
1358 2524 1425 2551 ἀλλὰ
1451 2534 1461 2550 ‹
1490 2525 1632 2559 χαρακτήρ
1658 2533 1666 2549 ι
1694 2524 1752 2549 ἐστι
1770 2532 1779 2548 1
1804 2522 1854 2556 τῆς

1069 2571 1244 2602 ὑποστάσεως
1260 2562 1352 2597 uinci").
1378 2579 1386 2595 ι
1406 2570 1521 2603 οὐκοῦν,
1534 2570 1602 2606 ὅπερ
1619 2569 1723 2604 ἔφημεν
1739 2567 1853 2603 ἀρτίως,

1069 2617 1146 2643 οὐδέν
1162 2617 1220 2642 ἐστι
1241 2616 1295 2643 τῶν
1312 2616 1466 2651 είρημένων
1483 2615 1553 2642 κατὰ
1568 2614 1649 2649 φύσιν
1665 2615 1679 2640 ὁ
1696 2614 1758 2645 Υἱὸς
1769 2634 1777 2646 ,
1801 2613 1854 2645 ἔξω

1065 2662 1094 2688 δὲ
1110 2662 1218 2689 πάντων
1235 2662 1340 2697 ἀθρόως
1355 2662 1485 2693 κείσεται,
1498 2661 1569 2688 κατά
1585 2669 1616 2695 γε
1630 2661 1674 2687 τὸν
1695 2660 1761 2694 παρ’
1777 2658 1855 2693 ὑμῶν

1067 2707 1246 2743 ἀνοητότατον
1274 2707 1368 2740 λόγον,
1393 2706 1454 2733 οὔτε
1484 2706 1512 2733 δὲ
1536 2706 1601 2737 Θεὸς
1622 2705 1765 2740 ἀληθινὸς,
1791 2703 1854 2729 οὔτε

1068 2754 1147 2786 Υἱὸς,
1174 2754 1204 2779 οὺ
1224 2753 1348 2788 βασιλεὺς
1362 2773 1368 2785 ,
1394 2752 1424 2778 οὗ
1438 2752 1555 2787 Κύριος,
1573 2751 1602 2778 οὺ
1618 2749 1800 2786 δημιουρ-(ὸς.
1824 2748 1854 2774 οὐ

1068 2799 1188 2830 δυνατὸς,
1205 2798 1265 2824 οὔτε
1284 2799 1336 2834 μὴν
1352 2800 1379 2824 ἐν
1395 2799 1543 2832 θελῆμπτιν
1572 2797 1668 2829 ἀγαθὸς
1687 2795 1757 2822 κατὰ
1773 2794 1855 2828 φύσιν
1884 2803 1888 2810 ι
