2026 3123
133 184 184 202 ου

663 175 697 203 IN
714 176 855 209 JOANNIS
873 174 1100 208 EVANGELIUM
1120 178 1185 210 LIB.
1212 181 1244 210 ll.

1706 191 1757 218 378

136 231 208 263 ἰδίως
221 231 308 258 ἐστίν·
328 232 356 259 ὲν
372 231 399 259 δὲ
427 232 544 268 γυμνοῖς
567 234 613 260 καὶ
631 234 723 268 μόνοις
736 236 791 267 τοῖς
808 235 920 272 θεοπρε-

983 243 1060 266 nstar
1083 242 1265 274 quorumdam
1292 243 1414 272 colorum
1440 247 1682 282 superinducilur,
1703 250 1758 279 imo

136 278 214 304 πέσιν
240 279 337 314 ὁρᾶται
363 281 542 315 καυχήμασι,
565 280 611 306 καὶ
630 281 697 316 ὅπερ
718 282 776 307 ἐστὶ
806 283 866 314 ταῖς
891 283 920 310 ὲν

135 324 228 357 πίναξι
247 326 366 359 γραφαῖς
388 327 403 361 ἡ
420 326 475 353 τῶν
502 326 654 362 χρωμάτων
677 327 789 364 ἐπιϐολὴ
801 349 808 360 ,
826 329 921 363 μόναις

135 370 233 401 αὑταῖς
249 370 304 397 τῶν
324 371 470 406 ὁρωμένων
489 373 636 405 ποικιλίαις
649 373 837 409 ὲξωραῖζουσα
848 395 855 407 ,
873 383 921 409 φο-

137 414 221 449 ροῦσα
237 414 265 440 δὲ
285 416 385 451 ἀληθὲς
403 416 495 443 οὐδέν·
517 417 596 444 τοῦτο
619 418 666 445 καὶ
683 419 715 445 ἐν
727 418 784 454 Υίῴ
802 419 857 446 τῶν
872 419 919 446 τοῦ

136 460 203 486 Θεοῦ
227 461 276 488 καὶ
302 462 408 497 Πατρὸς
434 463 595 498 ἀξιωμάτων
621 464 652 490 τὸ
672 464 787 496 κάλλος·
817 466 846 492 ὲν
871 466 921 500 μὲν

135 503 223 537 ψιλοῖς
248 506 295 532 καὶ
311 506 402 540 μόνοις
420 506 530 542 ὀνόμασι
545 508 758 544 περιανοίζεται,
775 509 875 542 ἔξωθεν
893 511 921 537 δὲ

136 549 231 585 ὥσπερ
249 552 402 586 χρωμάτων
421 553 502 579 τινῶν
519 554 694 588 ὲπαλείφεται
718 555 813 591 δίκην·
841 564 919 584 σκια-

135 598 283 631 γραφεῖται
303 597 330 624 δὲ
347 598 447 632 μᾶλλον
469 600 485 634 ὴ
507 599 567 627 οεία
578 600 659 635 φύσις
675 602 703 628 ὲν
717 602 802 638 αὐτῷ.
818 604 866 630 καὶ
882 603 921 636 ὡς

135 642 164 667 ὲν
187 641 259 676 ψιλῷ
282 642 406 677 φαίνεται
436 643 522 678 τύπῳ.
546 643 612 672 Εἶτα
636 646 695 679 πῶς
719 647 768 674 οὑκ
791 648 920 683 ἄντικρυς

136 687 255 720 ἁπάσαις
266 690 416 723 φανήσεσθε
427 691 486 721 ταῖς
496 690 586 724 ἁγίαις
597 691 778 727 πολεμοῦντες
788 694 918 729 Γραφαῖς,

137 733 181 759 ἵνα
202 734 233 769 δὴ
258 735 306 761 καὶ
329 735 440 767 δικαίως
464 736 598 772 ἀκούσητε
615 745 621 752 ·
639 747 648 764 ι
671 738 918 774 Σκληροτράχηλοι,

135 781 182 806 καὶ
197 781 379 817 ἀπερίτμητοι
395 782 517 816 καρδίαις
541 783 588 809 καὶ
606 784 661 815 τοῖς
684 784 761 816 ὠσὶν,
781 785 859 820 ὑμεῖς
876 785 919 811 ἀεὶ

135 825 174 860 τῷ
190 826 329 861 Πνεύματι
344 827 383 862 τῷ
395 828 466 862 ἁγίῳ
488 828 664 855 ἀντιπίπτετε
677 848 684 860 ,
703 829 741 860 ὡς
757 830 780 856 οἱ
802 830 920 865 πατέρες

136 871 150 897 ὑ
156 871 224 907 μῶν,
238 873 284 898 καὶ
302 873 391 907 ὑμεῖς.
409 883 418 899 ι
441 874 510 900 Πότε
525 874 578 909 γὰρ
597 875 627 901 οὐ
642 874 706 901 Θεὸν
720 875 846 910 ἀληθινὸν
859 876 919 903 ὀνο-

974 293 1041 312 vero
1056 290 1153 313 natura
1175 287 1268 314 divina
1290 289 1319 316 in
1335 289 1394 324 ipso
1417 292 1607 326 adumbratur,
1630 302 1662 322 ac
1675 295 1757 322 veluti

975 329 1061 364 ﬁgura
1083 335 1163 358 tenus
1179 336 1284 360 tantum
1312 338 1463 369 spectatur.
1485 338 1520 364 At
1541 339 1677 372 quomodo
1703 348 1757 368 non

974 382 1036 402 cum
1057 377 1185 405 omnibus
1208 377 1359 413 Scripturis
1382 382 1528 410 manifeste
1545 391 1667 419 pugnare
1682 394 1758 412 com-

974 420 1128 455 periemini,
1143 422 1180 448 ita
1198 426 1227 449 ut
1242 422 1304 456 jure
1322 423 1460 452 audiatis:
1481 435 1490 450 ‹
1511 426 1582 453 Dura
1601 429 1717 462 cervice,
1731 434 1758 456 et
1776 436 1777 439 ‘

974 465 1160 494 incircumcisi
1188 467 1317 496 cordibus
1351 473 1378 496 et
1403 469 1536 502 auribus,
1570 479 1619 499 vos
1650 481 1757 508 semper

973 510 1088 546 Spiritui
1111 517 1206 540 sancto
1227 513 1372 546 resistitis;
1397 514 1469 542 sicut
1488 519 1582 550 patres
1599 517 1697 549 vestri,
1720 519 1757 545 ita

974 561 1002 584 et
1020 565 1068 585 vos
1082 558 1114 585 ".
1134 567 1143 584 ›
1163 558 1278 591 Quando
1294 558 1369 587 enini
1378 567 1433 587 non
1450 559 1533 587 Deum
1547 569 1642 588 verum
1668 563 1757 589 nomi-

973 607 1040 631 nant
1066 604 1285 639 232.Filium,
1315 610 1362 633 aut
1394 606 1567 641 quandonam
1601 608 1689 640 ipsum
1723 609 1757 635 ab

974 650 1092 684 essentia
1113 648 1454 679 Genitoris-excludunt?
1480 652 1546 685 Quis
1573 661 1639 680 vero
1667 653 1757 681 dicere

975 703 1058 723 ausus
1069 699 1110 722 est
1123 704 1185 723 eum
1198 704 1286 732 neque
1296 701 1393 725 natura
1406 698 1541 732 opificem,
1553 707 1641 733 neque
1654 707 1756 734 regem,

974 750 1063 777 neque
1079 743 1310 777 cunctipotentem
1325 751 1396 777 esse,
1412 748 1458 771 aut
1477 745 1666 772 adorabilem?
1685 745 1758 772 Divi-

975 796 1026 815 nus
1040 789 1140 824 quippe
1156 788 1261 817 Psaltes
1276 793 1406 825 tanquam
1426 790 1460 817 ad
1477 790 1565 825 ipsum
1583 789 1756 825 Unigonitum

973 827 1012 860 ait
1035 833 1134 861 alicubi
1152 843 1159 861 :
1177 844 1186 859 ι
1206 833 1292 873 Sedes
1316 839 1373 867 tua,
1390 834 1473 867 Deus,
1492 835 1521 862 in
1549 836 1678 862 saeculum
1706 842 1756 862 sae-

974 879 1029 906 culi
1047 878 1079 906 “.
1105 889 1114 905 ι
1132 878 1251 907 Thomas
1265 884 1355 907 autem
1371 880 1510 913 similiter,
1527 880 1757 915 prudentissimus

138 918 253 952 μάζουσι
277 918 322 944 τὸν
343 918 419 951 Υίὸν,
434 919 450 954 ἢ
466 919 530 946 πότε
552 921 602 955 τῆς
618 920 664 947 τοῦ
685 921 811 953 τεκόντος
824 922 920 954 οὐσίας

978 924 1018 952 ηιιε
1033 924 1201 959 discipulus,
1216 929 1244 953 et
1264 925 1347 953 Deum
1367 927 1448 953 simul
1461 931 1487 954 et
1504 926 1647 954 Dominum
1665 927 1758 962 appel-

137 963 189 995 ἔξω
206 963 334 999 φέρουσιν
348 965 428 991 αὑτόν
440 975 447 999 ;
474 966 522 997 Τίς
536 966 564 993 δὲ
578 968 592 993 ὁ
610 966 749 1002 τολμήσας
763 968 851 994 εἰπεῖν
861 988 868 1000 ,
885 968 922 1000 ὡς

136 1007 198 1035 οὔτε
214 1009 292 1044 φύσει
314 1011 490 1047 δημιουργὸς,
506 1011 568 1039 οὔτε
586 1012 722 1047 βασιλεὺς,
743 1003 805 1040 οὕτέ
822 1022 924 1041 παντο-

137 1055 250 1091 κράτωρ
281 1056 298 1092 ἢ
317 1058 503 1093 προσκυνητός
527 1059 621 1091 tam);
641 1059 669 1085 '0
688 1059 737 1094 μὲν
752 1060 807 1095 γὰρ
823 1060 923 1086 Θεσπέ-

138 1108 195 1132 σιος
217 1102 343 1137 Μελῳδὸς
373 1103 412 1135 ὼς
439 1104 506 1139 πρὸς
526 1104 608 1131 αὑτόν
623 1105 674 1132 πού
690 1113 756 1140 φησι
772 1105 817 1132 τὸν
835 1105 924 1132 Μονο-

137 1147 204 1182 γενῆ
218 1156 225 1163 ·
243 1156 253 1173 (
288 1148 315 1174 '0
333 1149 426 1184 θρόνος
451 1159 498 1177 σου
514 1151 527 1177 ὁ
540 1150 607 1183 Θεὸς
630 1152 670 1183 εὶς
698 1151 743 1178 τὸν
766 1152 854 1179 αίῶνα
875 1151 923 1178 τοῦ

138 1194 247 1226 αἰῶνος.
269 1205 278 1220 ι
297 1195 397 1231 θωμᾶς
418 1197 446 1224 δὲ
464 1197 544 1225 πάλιν
565 1198 665 1233 ὁμοίως
687 1199 702 1225 ὁ
718 1199 925 1234 νουνεχέστατος

139 1240 285 1276 μαθητὴς,
312 1242 359 1268 καὶ
385 1242 451 1269 Θεὸν
477 1243 563 1278 ὁμοῦ,
590 1244 637 1270 καὶ
658 1244 761 1279 Κύριον
782 1245 922 1272 ἀποκαλεῖ.

138 1285 341 1322 Παντοκράτωρ
364 1288 392 1314 δὲ
410 1289 457 1315 καὶ
471 1289 647 1325 δημιουργὸς,
671 1290 716 1317 διὰ
741 1291 831 1325 πάσης
847 1291 925 1324 ἁγίου

138 1332 262 1359 καλεῖται
276 1334 377 1368 φωνῆς,
394 1335 441 1361 καὶ
456 1334 493 1366 ὠς
503 1335 553 1361 οὑκ
563 1334 680 1362 ἐπακτὸν
695 1335 764 1370 ἔχων
777 1335 837 1362 καθ’
854 1336 926 1371 ὑμᾶς

138 1377 171 1404 τὸ
188 1378 308 1413 ἀξίωμα,
333 1380 391 1406 ἀλλ’
413 1380 450 1412 ὡς
473 1381 552 1407 τοῦτο
580 1381 651 1408 κατὰ
679 1381 758 1415 φύσιν
784 1382 925 1417 ὑπάρχων,

138 1424 208 1460 ὅπερ
226 1423 294 1451 εἶναι
307 1425 433 1459 λέγεται,
448 1427 491 1454 διά
506 1436 536 1454 τε
553 1427 632 1454 τοῦτο
647 1429 839 1463 προσκυνεῖται
851 1428 927 1462 παρά

138 1478 169 1496 τε
199 1470 252 1497 τῶν
277 1471 362 1505 ἁγίων
390 1472 532 1506 ἀγγέλων,
561 1474 607 1500 ml.
631 1473 700 1509 πρὸς
716 1473 812 1509 ἡμῶν,
839 1473 927 1500 καίτοι

140 1515 237 1550 μηδενὶ
251 1518 410 1550 προσκυνεῖν
425 1518 511 1553 ἑτέρῳ
526 1519 576 1553 τῆς
592 1519 666 1551 θείας
681 1519 813 1554 λεγούσης
827 1519 926 1554 χρῆναι

140 1560 272 1595 Γραφῆς,
297 1562 366 1597 πλὴν
389 1563 463 1598 μόνῳ
487 1564 582 1600 Κυρίῳ
604 1565 643 1600 τῷ
669 1564 737 1600 Θεῷ.
759 1566 790 1592 Εἰ
810 1565 858 1601 μὲν
880 1563 926 1592 οὖν

140 1607 286 1642 ἐπίκτητον
300 1608 374 1643 αὐτῷ
403 1609 450 1636 καὶ
462 1610 538 1636 δοτὸν
556 1612 719 1646 ἐνυπάρχειν
732 1611 762 1638 τὸ
777 1611 926 1647 θεοπρεπὲς

140 1652 250 1688 ἀξίωμα
263 1654 476 1681 πεπιστεύκασιν
486 1676 493 1688 ,
509 1653 568 1682 εἶτα
580 1656 618 1692 τῷ
630 1657 743 1692 τοιούτῳ
766 1659 928 1692 προσκυνεῖν

141 1699 243 1726 οἴονται
258 1700 330 1734 δεῖν,
354 1701 470 1728 ἴστωσαν
492 1702 568 1737 παρὰ
589 1703 634 1730 τὸν
662 1703 774 1739 κτίστην
793 1705 825 1739 τῇ
842 1704 928 1731 κτίσει

141 1745 330 1781 λατρεύοντες,
352 1747 507 1782 πρόσφατόν
527 1756 555 1774 τε
575 1748 621 1774 καὶ
635 1748 693 1775 νέον
704 1748 810 1779 ἑαυτοῖς
821 1749 929 1784 ζωγρα-

143 1790 258 1824 φοῦντες
272 1791 347 1824 Θεὸν,
359 1792 429 1827 ἥπερ
447 1792 532 1824 ὅντως
549 1793 594 1820 τὸν
611 1793 682 1820 κατὰ
693 1793 772 1828 φύσιν
782 1794 929 1828 γινώσκον-

143 1844 199 1867 τες.
217 1837 249 1862 Εἰ
264 1836 292 1862 δὲ
304 1837 354 1871 τῆς
363 1837 410 1863 τοῦ
424 1837 491 1863 Θεοῦ
506 1838 553 1864 καὶ
571 1837 677 1873 Πατρὸς
692 1838 786 1869 οὐσίας
801 1838 853 1870 ἔξω
873 1838 930 1864 κεῖ-

145 1882 209 1909 σθαι
231 1882 355 1917 λέγοντες
372 1883 418 1910 τὸν
432 1884 511 1916 Υίὸν,
533 1884 581 1910 καὶ
595 1884 658 1910 Υίὸν
673 1884 754 1911 αὑτὸν
795 1885 842 1910 καὶ
866 1883 931 1910 Θεὸν

144 1926 322 1962 ὁμολογοῦσιν
343 1927 476 1963 ὑπάρχειν
502 1928 647 1962 ἀληθινὸν,
668 1928 714 1955 καὶ
737 1928 862 1963 βασιλέα,
885 1927 932 1954 καὶ

145 1973 241 2009 κύριον
252 1993 260 2005 ,
277 1973 323 2000 καὶ
337 1973 500 2010 δημιουργὸν
510 1994 517 2007 ,
534 1974 580 2001 καὶ
593 1974 728 2006 οὑσιωδῶς
750 1975 778 2001 ὲν
792 1973 880 2009 ἐαυτῷ
898 1974 932 2001 τὰ

145 2021 194 2048 τοῦ
216 2021 323 2056 Πατρὸς
342 2021 414 2056 ἐχειν
429 2022 482 2048 ἴδιοι
521 2022 569 2049 καὶ
590 2021 734 2057 ἐξαίρετα·
759 2022 932 2057 βλεπέτωσαν

145 2066 207 2093 ὅποι
223 2065 288 2093 ποτὲ
308 2066 388 2093 πάλιν
405 2067 496 2098 αὐτοῖς
512 2066 542 2094 τὸ
555 2066 608 2093 τῶν
621 2067 683 2102 τῇδε
700 2067 850 2094 δοκούντων
865 2068 933 2094 ἀπο-

146 2111 314 2138 κινδυνεύσει
330 2112 416 2144 τέλος.
429 2113 511 2139 Οὐδὲν
528 2113 583 2148 γὰρ
601 2113 670 2144 ὅλως
687 2113 715 2140 ὲν
733 2114 764 2149 τῇ
780 2113 839 2148 θείᾳ
855 2112 933 2148 φύσει

145 2156 177 2182 τὸ
194 2156 348 2189 ἀξιόπιστον
363 2157 560 2194 εὑρεθήσεται,
583 2151 734 2194 δυναμένης
750 2158 800 2194 ἤδη
820 2159 868 2185 καὶ
886 2158 936 2194 τῆς

145 2203 202 2229 τῶν
221 2203 342 2238 γενητῶν
358 2203 464 2238 φύσεως
479 2204 611 2239 ὑπάρχειν
625 2204 704 2232 τοῦτο
719 2206 777 2232 κατ’
795 2206 935 2241 ἀλήθειαν,

149 2248 219 2282 ὅπερ
232 2247 264 2274 ἂν
281 2249 367 2274 νοοῖτο
382 2248 428 2274 καὶ
447 2248 525 2284 αὑτή.
549 2249 749 2276 Ἀποδὲδεικται
771 2249 843 2285 γὰρ,
864 2250 935 2277 κατά

149 2300 182 2326 γε
199 2293 246 2318 τὸν
264 2292 339 2327 παρὰ
359 2293 415 2324 τοῖς
436 2293 468 2319 δι’
492 2294 616 2325 ἐναντίας
635 2293 831 2328 ἁδρανέστατον
846 2294 934 2328 λόγον,

147 2339 198 2374 τῆς
214 2338 264 2373 μὲν
286 2338 360 2370 θείας
380 2339 486 2373 φύσεως
505 2340 555 2375 οὑχ
579 2340 708 2374 ὑπάρχων
728 2341 742 2367 ὁ
770 2340 934 2376 Μονογενὴς,

147 2385 219 2420 ἔχων
240 2385 263 2411 δ’
281 2383 326 2411 οὖν
348 2386 422 2420 ὅμως
444 2386 577 2420 ἀληθινῶς
602 2387 632 2412 ὲν
659 2387 748 2422 ἐαυτῷ
768 2387 802 2414 τὰ
830 2388 937 2422 ἐκείνης

147 2431 285 2466 ἐξαίρετα.
298 2430 365 2457 Εἶτα
381 2432 422 2464 τίς
437 2432 487 2459 οὑκ
499 2433 655 2468 ἁποφρίξει,
673 2433 719 2460 καὶ⁸
733 2433 813 2468 μόνον
830 2433 937 2460 ἀκούων

147 2477 198 2512 τὴν
212 2477 265 2503 τῶν
287 2477 429 2513 δογμάτων
452 2479 628 2513 δυσσέϐειανς
647 2480 741 2506 Πάντα
760 2480 814 2515 γὰρ
828 2480 885 2506 ἅνω
907 2489 936 2507 τε

149 2521 196 2548 καὶ
210 2521 285 2548 κάτω
299 2524 445 2558 στρέφεται
459 2524 613 2559 λοιπδν,τῆς
632 2525 680 2559 μὲν
693 2525 728 2552 τὰ
741 2526 829 2552 πάντα
850 2526 936 2561 ὑπερ-

149 2568 282 2604 κειμένης
293 2568 401 2602 φύσεως
413 2569 628 2605 καταϐαινούσης
645 2571 690 2597 ὲπὶ
701 2570 731 2597 τὸ
745 2571 937 2607 σλδντάττεσῦαι

149 2614 207 2644 τοῖς
221 2616 362 2649 γενητοῖς,
381 2615 466 2650 αὑτῆς
480 2616 507 2642 δὲ
521 2618 571 2651 τῆς
592 2617 707 2648 κτίσεως
735 2618 776 2648 εἰς
797 2618 827 2644 τὸ
852 2618 937 2654 ὑπερ-

151 2659 244 2687 ἐκεινα
266 2662 313 2688 καὶ
327 2661 376 2696 οὺχ
384 2662 536 2697 ὡρισμένον
550 2664 617 2698 αὐτῇ
629 2664 938 2699 παραλόγωςάναπηδώ-

153 2714 202 2740 σης
218 2707 328 2742 μέτρον.
344 2707 449 2734 Οὐκοῦν
461 2727 468 2740 ,
489 2708 527 2740 ὡς
541 2709 650 2741 ὁλκάδος
666 2710 694 2736 ἐν
711 2710 824 2744 πελάγει
844 2709 938 2744 βαπτι-

152 2751 290 2788 ζομένης,
325 2754 374 2788 τῆς
405 2754 460 2780 τῶν
491 2755 618 2781 τοιούτων
652 2756 794 2791 δογμάτων
826 2756 939 2787 ἀτοπίας

103 2808 107 2813 ι
151 2797 369 2833 ἀπο-νηχόμενοι,
395 2800 554 2834 σπεύδωμεν
570 2801 607 2832 ὡς
627 2801 670 2826 ἐπ’
688 2801 795 2836 ἀσφαλῆ
813 2803 857 2827 καὶ
874 2801 937 2828 ἀκύ-

191 2889 212 2903 ⁴³
233 2889 294 2916 Art.
313 2898 366 2922 vn,
387 2890 430 2922 Eii,
471 2891 491 2904 ‘"
513 2889 584 2917 Psal.
605 2898 676 2923 XLIV,
692 2891 717 2918 7.

973 970 1022 998 lat.
1042 969 1222 1005 Omnipotens
1241 978 1306 999 vero
1321 975 1348 999 et
1370 971 1485 999 Creator
1500 972 1534 999 ab
1551 973 1678 999 omnibus
1693 980 1757 999 san-

973 1016 1025 1043 ctis
1051 1022 1176 1048 vocatur,
1201 1017 1286 1052 idque
1308 1024 1365 1044 non
1389 1018 1466 1052 quasi
1493 1018 1653 1052 dignitatem
1683 1018 1756 1044 illam

974 1061 1090 1095 habeat,
1114 1065 1144 1089 ut
1160 1070 1209 1090 vos
1231 1063 1326 1095 vultis,
1354 1064 1511 1095 ascititiam,
1534 1065 1582 1091 sed
1607 1064 1680 1099 quod
1706 1063 1758 1091 hoc

975 1109 1125 1136 secundum
1156 1113 1284 1136 naturam
1312 1109 1428 1136 exsistat
1455 1108 1528 1143 quod
1558 1116 1620 1136 esse
1644 1109 1757 1142 dicitur,

975 1159 1057 1190 atque
1073 1155 1178 1182 idcirco
1194 1154 1324 1182 adoratur
1340 1162 1402 1182 cum
1420 1162 1434 1181 a
1449 1154 1554 1182 sanctis
1573 1155 1688 1188 angelis,
1700 1158 1758 1181 tum

975 1207 991 1227 a
1007 1199 1096 1232 nobis,
1120 1199 1244 1235 quamvis
1269 1198 1411 1234 Scriptura
1431 1197 1522 1225 divina
1551 1199 1688 1226 neminem
1710 1197 1759 1225 ad.

975 1245 1109 1272 orandum
1125 1253 1187 1272 esse
1202 1248 1306 1272 statuat
1316 1248 1495 1279 praeterquam
1510 1244 1598 1271 solum
1613 1243 1759 1270 Dominum

975 1289 1070 1318 Deum.
1085 1290 1114 1318 Si
1130 1298 1196 1325 ergo
1211 1290 1359 1318 ascititiam
1375 1293 1402 1317 et
1417 1290 1529 1316 aliunde
1544 1289 1680 1316 invectam
1697 1295 1760 1315 esse

975 1337 1091 1363 credunt
1112 1336 1140 1363 in
1157 1344 1189 1364 eo
1210 1336 1330 1363 divinam
1349 1335 1520 1370 dignitatem,
1545 1339 1581 1369 et,
1598 1339 1688 1360 tamen
1711 1333 1760 1360 ad-

976 1382 1111 1409 orandum
1126 1389 1188 1410 esse
1199 1385 1305 1416 putant,
1321 1381 1410 1408 sciant
1424 1389 1454 1408 se
1469 1385 1622 1408 creaturam
1647 1379 1761 1406 adorare

976 1435 1032 1463 prae
1047 1428 1195 1461 Creatore,
1212 1435 1370 1462 novumque
1394 1434 1426 1454 ac
1451 1430 1588 1454 recentem
1605 1425 1690 1452 Deum
1709 1425 1760 1451 sibi

977 1474 1128 1505 delineare,
1147 1473 1240 1508 potius
1256 1480 1339 1508 quam
1361 1472 1514 1499 naturalem
1537 1478 1695 1506 agnoscere.
1713 1470 1761 1497 Sin

978 1523 1067 1546 autem
1084 1527 1099 1546 a
1115 1518 1205 1546 Patris
1228 1518 1383 1546 substantia
1401 1518 1500 1544 Filium
1517 1517 1693 1545 excludentes
1705 1537 1712 1548 ,
1735 1519 1762 1543 et
1799 1522 1807 1529 '

980 1564 1078 1591 Filium
1095 1565 1183 1599 ipsum
1194 1569 1220 1591 et
1236 1563 1319 1591 Deum
1336 1571 1429 1590 verum
1444 1571 1505 1590 esse
1519 1563 1649 1594 fatentur,
1663 1569 1764 1596 regent-

940 1596 960 1625 Ο
981 1618 1044 1646 quc,
1056 1618 1087 1637 ac
1101 1610 1253 1642 dominum,
1266 1614 1292 1637 et
1307 1609 1442 1644 opiﬁcem,
1454 1613 1479 1636 et
1489 1616 1552 1643 quae
1562 1608 1652 1635 Patris
1663 1607 1763 1634 eximia

981 1661 1047 1685 sunt
1063 1664 1095 1683 ac
1111 1656 1222 1691 propria
1243 1655 1462 1682 substantialiter
1486 1654 1587 1681 habere
1605 1653 1631 1680 in
1659 1653 1763 1687 seipse,

980 1703 1090 1730 videant
1103 1709 1221 1737 quonam
1239 1701 1349 1728 demum
1368 1708 1462 1728 eorum
1485 1699 1590 1727 recidat
1609 1699 1703 1733 opinio
1718 1698 1764 1732 qui

979 1747 1020 1776 Sic
1044 1747 1174 1774 sentiunt.
1198 1745 1271 1772 Nihil
1296 1745 1368 1773 enim
1398 1744 1467 1772 certi
1497 1744 1523 1771 in
1554 1748 1651 1770 natura
1674 1742 1765 1769 divina

979 1793 1142 1828 reperietur,
1156 1799 1219 1818 cum
1241 1798 1331 1818 rerum
1354 1794 1508 1817 creatarum
1531 1793 1628 1816 natura
1643 1788 1669 1815 id
1684 1788 1764 1815 etiam

979 1845 1074 1865 revera
1090 1845 1150 1864 esse
1164 1841 1257 1871 queat,
1275 1835 1348 1870 quod
1363 1835 1432 1870 ipsa.
1455 1834 1676 1861 Demonstratum
1692 1831 1764 1859 enim

981 1886 1023 1910 est
1035 1881 1256 1909 adversariorum
1271 1880 1418 1906 admodum
1435 1878 1543 1905 inﬁrma
1558 1877 1681 1904 oratione
1698 1875 1765 1902 divi-

982 1935 1023 1955 nae
1034 1930 1138 1953 natura:
1153 1934 1209 1953 non
1225 1933 1286 1953 esse
1298 1924 1551 1959 Unigenitum,vere
1565 1928 1654 1950 tamen
1667 1921 1767 1948 habere

982 1973 1009 2000 in
1025 1972 1116 2007 seipso
1127 1978 1299 2007 quaecunque
1314 1970 1375 2004 ejus
1384 1973 1450 1997 sunt
1459 1968 1569 1996 eximia.
1585 1968 1621 1994 At
1635 1966 1696 2001 quis
1712 1972 1767 1992 non
1784 2000 1786 2002 _

981 2019 1175 2050 cohorrescet,
1202 2017 1226 2044 si
1249 2017 1293 2044 vel
1315 2016 1401 2043 solam
1421 2014 1580 2049 dogmatum
1601 2013 1767 2047 impietatem

981 2065 1096 2093 audiat?
1112 2063 1210 2092 Omnia
1227 2063 1299 2090 enim
1324 2068 1434 2089 sursum
1458 2067 1489 2087 ac
1512 2059 1640 2087 deorsqu
1656 2061 1768 2085 vertun-

983 2117 1037 2144 tur,
1057 2118 1118 2138 cum
1136 2114 1232 2137 natura
1247 2109 1293 2135 illa
1306 2107 1430 2135 omnium
1446 2111 1573 2140 suprema
1593 2111 1625 2131 eo
1639 2103 1768 2138 depressa

984 2157 1032 2189 sit,
1048 2160 1078 2184 ut
1092 2156 1164 2183 inter
1177 2157 1321 2181 creaturas
1339 2155 1510 2183 numeretur,
1523 2152 1550 2177 et
1566 2148 1625 2183 ipsa
1641 2151 1769 2174 creatura

984 2203 1017 2230 ad
1035 2209 1195 2237 supremum
1211 2207 1262 2228 nec
1279 2199 1332 2226 sibi
1345 2197 1526 2226 constitutum
1542 2194 1652 2222 modum
1669 2197 1770 2219 temere

984 2248 1128 2276 evehatur.
1159 2246 1310 2279 Quocirca,
1329 2244 1408 2272 velut
1421 2243 1448 2270 in
1472 2240 1610 2277 profundo
1636 2239 1699 2266 navi
1722 2237 1771 2265 de-

986 2302 1094 2326 mersa,
1128 2301 1160 2321 ex
1193 2290 1382 2327 hujuscemodi
1413 2289 1571 2324 dogmatum
1601 2284 1772 2313 absurditate

984 2343 1166 2375 emergentes,
1181 2339 1214 2365 ad
1232 2342 1320 2365 tutum
1337 2340 1364 2364 ot
1381 2331 1502 2370 quietum
1524 2331 1648 2360 veritatis
1661 2334 1771 2365 portum

985 2385 1202 2416 contendamus,
1220 2384 1324 2418 Deique
1347 2390 1379 2409 ac
1399 2380 1490 2408 Patris
1510 2378 1653 2413 imaginem
1673 2375 1772 2403 Filium

985 2440 1047 2460 esse
1066 2432 1213 2464 fateamur,
1233 2438 1287 2458 non
1303 2428 1445 2464 fragilibus
1468 2424 1631 2461 quibusdam
1655 2421 1773 2457 dignita-

988 2479 1064 2506 tibus
1077 2478 1239 2510 obductum,
1253 2466 1344 2511 neque
1359 2474 1426 2502 solis
1438 2470 1625 2509 prmrogativis
1641 2470 1694 2496 Deo
1708 2475 1774 2494 con-

990 2526 1163 2554 venientibus
1189 2523 1389 2559 conspicuum,
1416 2521 1464 2549 sed
1498 2515 1715 2547 substantialiter
1747 2516 1775 2540 et

990 2573 1063 2600 omni
1078 2580 1110 2600 ex
1130 2574 1208 2606 parte
1231 2569 1432 2605 perfectissimo
1456 2563 1578 2592 Genitori
1604 2559 1774 2596 responden-

990 2623 1061 2652 tem,
1088 2623 1116 2646 et
1134 2625 1183 2653 per
1201 2617 1293 2644 omnia
1321 2614 1499 2643 exsistentem
1525 2608 1675 2638 secundum
1693 2609 1775 2653 natu-

991 2651 1057 2692 ramr
1069 2651 1146 2692 suam
1166 2664 1193 2691 id
1213 2663 1286 2698 quod
1305 2661 1387 2688 Pater
1404 2666 1466 2687 esse
1485 2660 1624 2686 censetur,
1640 2652 1720 2687 233
1734 2651 1776 2678 ni-

991 2710 1091 2737 mirum
1105 2709 1190 2737 Deum
1203 2715 1298 2736 verum
1325 2713 1387 2733 vere
1409 2704 1443 2732 de
1458 2703 1523 2736 Deo,
1548 2699 1775 2747 omnipotentem,

992 2759 1158 2788 creatorem,
1170 2755 1284 2787 bonum,
1297 2751 1477 2784 adorandum,
1502 2752 1530 2777 et
1541 2748 1565 2776 si
1576 2745 1642 2783 quid
1659 2743 1777 2777 amplius

994 2801 1056 2829 addi
1069 2805 1158 2838 potest
1170 2801 1242 2837 quod
1258 2800 1312 2828 Deo
1326 2798 1482 2828 conveniat.
1500 2795 1577 2822 Tunc
1596 2791 1669 2820 enim
1690 2792 1783 2817 osten-
