2026 3123
269 194 321 222 583

761 184 788 212 8.
808 183 946 212 αγιιιιιῐ
965 183 1200 213 ALEXANDRINI
1219 186 1378 214 ARCHIEP.

1837 188 1889 216 εει

268 250 295 273 te
311 249 337 272 et
358 243 504 279 splendOre
526 250 681 271 sermonem
700 246 857 279 temperans
881 243 1044 270 humanitati

1102 245 1150 271 καὶ
1169 244 1339 281 λαμπρότητι
1353 247 1385 281 τῇ
1410 246 1557 281 θεοπρεπεῖ
1571 247 1615 273 τὸν
1628 246 1780 282 ἁρμόζοντα
1794 247 1827 282 τῇ
1843 246 1889 272 ἀν-

268 290 486 322 convenientem,
506 289 552 316 irae
579 289 755 324 asperitatem
783 289 927 321 subducit,
953 289 1051 316 mitius

268 334 468 369 quodammodo
493 342 524 361 ac
547 334 715 362 submissius
736 341 818 368 quam
847 333 992 369 oportebat
1011 333 1052 360 di-

267 388 332 408 cens
346 388 352 406 :
365 389 374 405 (
389 379 467 406 Sicut
480 380 553 407 enim
569 380 648 406 Pater
662 379 742 406 habet
753 379 875 406 vitamin
889 379 1050 414 semetipso,

267 425 308 452 sic
325 430 351 452 et
367 425 435 452 Filio
449 425 524 452 dedit
541 425 643 453 habere
655 426 739 452 vitam
754 425 781 452 in
798 416 958 460 semetipso.
975 434 984 450 ι
999 424 1052 451 Νο-

266 471 314 498 lite
329 472 434 505 mirari,
451 473 552 508 inquit,
566 473 589 500 si
609 481 672 500 cum
685 472 769 500 vestri
781 480 855 500 nunc
872 472 971 500 similis
987 473 1050 505 sim,

266 524 298 544 ac
314 517 408 545 videar
426 518 518 551 homo,
534 524 658 547 mortuos
669 527 712 546 me
726 519 924 547 suscitaturum
935 519 1051 553 promit-

266 567 308 595 ιο,
331 567 355 590 et
382 564 410 590 in
438 564 574 598 judicium
601 565 783 592 adducturum
817 564 930 591 minitor
949 574 955 591 :
976 563 1051 592 dedit

265 608 368 643 quippe
396 609 463 636 mihi
489 609 570 636 Pater
587 613 751 645 potestatem
779 609 951 642 vivilicandi,
976 610 1051 637 dedit

267 655 334 681 mihi
359 654 502 689 judicandi
526 659 701 690 potestatem.
719 655 867 691 Postquam
896 660 987 684 autem
1003 655 1050 683 Ju-

265 700 385 726 dreorum
412 701 532 728 lubricas
555 708 636 728 aures
662 701 704 729 his
720 701 811 729 verbis
839 702 956 734 curavit,
976 702 1050 729 illico

265 752 294 772 se
313 745 347 772 ad
364 746 505 781 sequentia
524 747 673 778 convertit,
689 751 717 775 et
732 755 845 775 causam
860 747 953 775 statim
964 755 1049 783 expo-

237 827 240 830 .
264 799 344 824 nens,
361 792 396 818 ob
412 799 494 827 quam
516 792 554 818 ait
571 800 600 820 se
625 796 786 827 potestatem
803 793 879 820 illam
896 794 1048 827 accepisse,

264 835 395 862 nimirum
413 835 625 868 humanitatem,
643 844 703 870 quae
723 844 738 863 a
761 836 850 870 seipsa
872 835 941 863 nihil
954 835 1047 867 habet,

263 881 376 915 subjieit
391 890 397 908 :
415 890 424 906 ι
445 880 513 913 Quia
537 880 623 908 Filius
648 881 767 908 hominis
784 886 836 908 cst.
853 891 862 907 ι
881 880 958 914 Quod
975 882 1048 908 enint

264 927 320 953 vita
346 926 379 953 sit
396 926 548 954 secundum
567 931 694 953 naturam
716 933 793 954 suam
812 927 985 962 Unigenitus,
1004 934 1050 952 nc-

261 979 316 1006 que
331 973 414 999 vitam
437 971 471 998 ab
490 972 544 999 alio
564 971 728 1006 participet,
755 972 803 1000 sed
828 979 860 999 eo
887 972 968 999 modo
993 979 1047 1006 quo

262 1017 344 1045 Pater
359 1018 493 1050 viviﬁcet,
510 1018 679 1054 superfluum
692 1023 744 1050 est,
761 1019 870 1053 opinor,
889 1019 1046 1054 impraesen-

262 1063 362 1090 tiarum
387 1063 490 1095 dicere,
514 1072 576 1091 cum
603 1064 631 1091 in
653 1064 716 1092 libri
737 1064 820 1099 hujus
838 1065 915 1091 initio
935 1064 994 1092 fuse
1015 1065 1048 1092 de

262 1109 311 1136 illo
329 1109 500 1144 disputatum
515 1110 551 1137 sit
565 1109 598 1137 ad
612 1118 674 1138 eum
695 1111 784 1138 locum
800 1119 808 1138 :
825 1120 834 1136 ι
848 1109 926 1144 Quod
946 1109 1047 1137 factum

260 1158 303 1181 est
323 1154 349 1181 in
368 1154 428 1189 ipso
444 1155 498 1181 vita
513 1159 573 1182 erat
588 1155 621 1182 ⁸⁷.
642 1165 651 1182 r
940 1184 949 1196 ’

295 1199 329 1231 ν,
346 1199 391 1229 28.
403 1200 448 1227 ἓξ).
464 1201 554 1228 Νοιίιε
577 1201 672 1228 mirari
688 1201 746 1234 hoc,
762 1201 823 1236 quia
841 1202 908 1228 venit
935 1201 1000 1228 liora
1020 1203 1046 1228 in

259 1253 312 1278 qua
332 1253 421 1272 omnes
438 1246 483 1280 qui
504 1247 530 1272 Eu
554 1247 726 1277 monumentis
749 1251 820 1278 sunt,
836 1246 942 1273 audient
961 1255 1047 1274 vocem

261 1289 326 1317 Filii
344 1290 401 1321 Dei,
419 1296 444 1318 et
469 1292 608 1326 precedent
623 1292 668 1327 qui
691 1292 772 1328 236
790 1291 858 1319 bona
875 1292 1003 1327 fecerunt,
1020 1294 1047 1320 in

258 1338 473 1364 resurrectione»;
499 1339 559 1365 vita:
581 1347 589 1365 :
620 1339 665 1373 qui
688 1346 747 1365 vero
775 1339 847 1366 mala
872 1344 993 1374 egerunt,
1020 1341 1047 1367 in

259 1383 475 1410 resurrectionem
491 1383 599 1417 judicii.

295 1428 342 1456 llis
364 1428 473 1464 quidem
496 1430 587 1457 verbis
615 1429 828 1457 resurrectionis
855 1429 1044 1458 universorum

259 1480 367 1510 tempus
384 1475 532 1510 significat,
550 1483 617 1510 quo,
634 1479 664 1502 ut
680 1475 791 1502 divinus
806 1475 852 1503 ille
868 1480 961 1503 noster
972 1476 1045 1503 Pau-

258 1521 299 1548 lus
315 1521 423 1553 scribit,
450 1530 458 1546 ι
482 1520 543 1555 Ipse
562 1520 696 1548 Dominus
720 1521 746 1548 in
763 1521 856 1556 jussu.
878 1522 904 1548 in
920 1529 986 1549 voce
1001 1531 1046 1549 ar-

256 1565 397 1600 changeli,
412 1565 439 1591 in
460 1565 524 1592 tuba
548 1564 595 1592 Dei
612 1565 760 1592 descendet
771 1565 804 1593 de
819 1566 900 1599 coelo,
916 1567 1044 1601 ijudiea-

1104 290 1259 325 θρωπότητι
1278 291 1540 325 λόγον,ὑποκλέπτει
1557 291 1587 318 τὸ
1613 291 1682 327 βαρὺ
1709 291 1757 327 τῆς
1783 291 1867 325 ὀργῆς
1879 310 1887 322 ν

1102 335 1302 370 ἐπιεικέστερόν
1325 344 1383 367 πως
1413 336 1459 363 καὶ
1475 336 1627 371 ὑφειμένως
1640 356 1646 368 ,
1662 337 1678 371 ἦ
1695 333 1768 372 ᾗπερ
1793 336 1886 371 ἐχρῆν,

1102 380 1188 415 λέγων
1204 389 1211 395 ·
1227 390 1236 406 ι
1254 381 1358 416 Ὥσπερ
1381 381 1434 415 γὰρ
1447 382 1461 407 6
1474 382 1566 417 Πατὴρ
1582 381 1636 416 ἔχει
1656 381 1729 416 (ζωὴν
1743 382 1771 408 ὲν
1789 381 1888 415 ἑαυτῷ,

1102 425 1173 452 οὕτω
1185 426 1230 452 καὶ
1241 426 1280 461 τῷ
1299 426 1356 461 Υἰῷ
1372 426 1470 453 δέδωκε
1485 427 1556 462 ζωὴν
1567 427 1637 461 ἔχειν
1649 428 1677 453 ὲν
1696 426 1796 461 ἑαυτῷ.
1815 436 1824 450 ι
1843 425 1886 460 Μὴ

1103 470 1267 505 θαυμάζετε,
1283 471 1365 506 φησιν
1377 491 1384 502 ,
1402 471 1426 497 εὶ
1454 470 1514 497 καθ’
1533 471 1604 506 ὑμᾶς
1619 471 1666 497 νῦν
1685 471 1825 506 ὑπάρχων,
1845 470 1888 495 καὶ

1103 515 1241 551 ὁρώμενος
1255 515 1397 551 ἄνθρωπος
1408 536 1415 546 ,
1429 516 1590 552 ἀναστήσειν
1616 515 1799 550 ὑπισχνοῦμαι
1827 515 1888 546 τοὺς

1100 562 1225 597 νεκροὺς,
1241 562 1289 589 καὶ
1305 563 1344 594 είς
1358 562 1448 597 κρίσιν
1460 562 1536 596 ἄγειν
1553 561 1656 588 ἀπειλῶ
1667 570 1674 576 ·
1689 561 1791 587 δέδωκέ
1804 569 1849 595 μοι
1862 559 1889 586 τδ

1100 607 1228 634 δύνασθαι
1250 607 1391 641 ζωογονεῖν
1403 609 1417 634 ὁ
1434 608 1540 643 Πατὴρ,
1556 607 1654 634 δέδωκὲ
1673 616 1718 643 μοι
1737 606 1766 633 τὸ
1787 606 1889 641 κρίνειν

1101 654 1145 680 ἐπ’
1164 653 1297 687 ἐξουσίας.
1321 653 1429 688 Ἐπειδὴ
1453 654 1482 680 δὲ
1498 653 1541 680 διὰ
1561 653 1662 680 τούτων
1684 653 1733 688 τὴν
1754 652 1888 678 auditorem

1100 699 1154 726 τῶν
1168 699 1300 726 Ἰουδαίων
1314 699 1514 735 τεθεράπευκεν
1527 699 1621 734 ἀκοὴν,
1630 699 1757 734 φροντίδα
1769 699 1886 725 ποιεῖται

1100 745 1202 780 γοργὴν
1226 745 1272 772 καὶ
1288 745 1336 779 τῆς
1351 745 1404 771 τῶν
1415 744 1513 780 ἐφεξῆς
1528 744 1670 779 ὠφελείας,
1680 745 1725 771 καὶ
1738 745 1787 779 τὴν
1799 744 1888 771 αἰτίαν

1100 792 1180 823 εὐθὺς
1195 791 1241 818 τοῦ
1265 791 1386 826 δεδέχθαι
1403 791 1493 826 λέγειν
1512 792 1607 818 ἑαυτὸν
1624 791 1805 825 ἐξηγούμενος
1840 790 1887 823 τὴν

1100 837 1175 864 οὐδὲν
1202 836 1315 872 ἔχουσαν
1336 836 1365 869 ἐξ
1386 836 1486 871 ἑαυτῆς
1508 835 1714 871 ἁνΟρωπότητοι,
1729 835 1888 871 προῖσχεται

1099 883 1195 916 λέγων’
1220 893 1227 908 ι
1249 883 1307 909 Ὀτι
1323 882 1386 914 Υἱὸς
1398 882 1541 917 ἀνθρώπου
1565 881 1646 908 ἐστίν.
1667 891 1675 907 ι
1693 881 1753 912 Ὅτι
1774 881 1828 915 γὰρ
1845 881 1890 907 καὶ

1103 929 1159 965 ζωὴ
1173 929 1243 955 κατὰ
1255 929 1336 963 φύσιν
1349 929 1423 954 ἐστὶν
1435 929 1449 954 6
1464 927 1628 962 Μονογενὴε,
1644 927 1689 954 καὶ
1707 927 1736 953 οὐ
1753 927 1826 961 ζωῆς
1842 927 1889 961 τῆς

1102 976 1167 1011 παρ’
1179 975 1271 1010 ἑτέρον
1288 975 1411 1010 μέτοχος,
1425 974 1566 1007 ζωογονεῖν
1581 982 1609 1000 τε
1621 973 1716 1004 οὓτως,
1733 972 1827 1008 ὥσπερ
1844 975 1889 999 ut

1101 1021 1115 1046 6
1129 1022 1238 1056 Πατὴρ,
1257 1020 1382 1055 περιττὸν
1400 1017 1477 1054 οἶμαι
1492 1019 1581 1053 λέγειν
1604 1019 1670 1052 πρὸς
1686 1019 1716 1044 τὸ
1733 1019 1831 1053 παρὸν,
1843 1019 1891 1044 ἑπ-

1102 1066 1180 1102 είπερ
1199 1067 1264 1101 ἡμῖν
1285 1067 1314 1092 οὐ
1335 1066 1438 1101 βραχὺς
1455 1066 1483 1092 ὲν
1508 1065 1594 1100 τούτῳ
1615 1064 1796 1099 δεδαπάνηται
1813 1064 1889 1097 λόγος

1101 1112 1130 1137 ἐν
1144 1112 1214 1147 ἀρχῇ
1232 1111 1278 1139 τοῦ
1308 1111 1410 1147 βιϐλίου
1423 1131 1430 1144 ,
1449 1110 1630 1146 προκειμένου
1654 1110 1747 1145 ῥητοῦ,
1768 1119 1777 1135 ι
1799 1111 1831 1136 Ὂ
1845 1118 1891 1143 γε-

1101 1165 1179 1190 γονεν
1198 1157 1227 1183 ὲν
1244 1156 1317 1191 αὑτῴ
1333 1155 1389 1192 ζωὴ
1405 1153 1448 1191 ἦν.
1466 1165 1475 1181 ι

1136 1202 1184 1236 Μὴ
1209 1202 1369 1237 θαυμάζετε
1393 1202 1499 1233 τοῦτο,
1527 1201 1572 1228 ὅτι
1596 1201 1711 1236 ἔρχεται
1730 1201 1801 1236 ὥρα,
1823 1201 1858 1227 ἐν

1100 1247 1210 1281 πάντες
1226 1249 1254 1275 ol
1271 1249 1306 1274 ἐν
1328 1248 1390 1281 τοῖς
1404 1248 1558 1283 μνημείοις
1577 1248 1744 1274 ἀκούσουσι
1760 1247 1814 1280 τῆς
1834 1255 1890 1281 φω-

1100 1293 1158 1326 νῆς
1180 1293 1283 1325 αὑτοῦ,
1298 1293 1347 1320 καί
1369 1292 1583 1325 ἐξελεύσονται
1607 1293 1633 1318 οἱ
1646 1292 1681 1318 τὰ
1695 1292 1791 1326 ἀγαθὰ
1803 1291 1890 1323 ποιή-

1100 1347 1209 1372 σαντες
1220 1340 1262 1372 εις
1281 1338 1452 1365 ἀνάστασιν
1463 1337 1545 1372 ζωῆς·
1564 1339 1590 1364 ol
1602 1337 1636 1364 δὲ
1651 1338 1685 1365 τὰ
1700 1337 1801 1372 φαῦλα
1819 1337 1892 1371 πρά-

1100 1385 1217 1418 ξαντες,
1229 1385 1271 1418 εὶς
1287 1383 1457 1412 ἀνάστασιν
1471 1385 1608 1418 κρίσεως.

1137 1430 1267 1466 Σημαίνει
1287 1430 1335 1464 μὲν
1360 1429 1403 1455 διὰ
1421 1429 1522 1455 τούτων
1549 1427 1599 1460 τῆς
1622 1426 1749 1453 ἁπάντων
1774 1426 1890 1452 ἀναστά-

1100 1485 1167 1508 σεως
1199 1475 1243 1502 τὸν
1272 1475 1386 1510 καιρὸν,
1401 1475 1444 1501 ὅτε
1458 1495 1464 1505 ,
1481 1473 1605 1508 καθάπερ
1629 1473 1693 1508 ἡμῖν
1713 1473 1726 1498 6
1749 1471 1891 1502 θεσπέσιος

1100 1521 1237 1548 ἐπέστειλε
1249 1521 1356 1553 Παῦλος
1369 1541 1376 1553 ,
1389 1531 1396 1545 ι
1415 1520 1499 1552 Αὑτὺς
1513 1521 1527 1546 6
1550 1520 1650 1555 Κύριος
1665 1520 1692 1545 ἐν
1708 1518 1889 1552 κελεύσματι,

1099 1570 1128 1595 ὲν
1144 1569 1219 1603 φωνῇ
1236 1567 1416 1603 ἀρχαγγέλου,
1432 1567 1459 1593 ἐν
1478 1566 1607 1600 σάλπιγγι
1620 1564 1686 1591 Θ;οὖ
1703 1564 1890 1599 καταϐήσεται

258 1615 338 1638 turus
362 1613 456 1637 orbem
481 1611 508 1637 in
525 1611 635 1646 justitia
649 1611 682 1644 ⁸⁸,
704 1616 731 1639 et
756 1611 914 1639 redditurus
935 1613 1044 1640 unicui—

1098 1615 1145 1641 ἀπ’
1158 1614 1281 1650 οὐρανοῦ,
1300 1624 1308 1641 ι
1323 1615 1412 1649 κρῖναι
1434 1613 1482 1648 τὴν
1495 1612 1656 1647 οἰκουμένην
1674 1612 1702 1637 ὲν
1722 1610 1888 1646 δικαιοσύνῃ.

256 1664 310 1690 que
342 1656 492 1683 secundum
525 1664 607 1691 opera
639 1663 699 1684 sua.
742 1656 917 1691 Repetitioue
954 1661 1045 1686 tamen

256 1700 415 1728 eorumdcm
432 1701 575 1736 imperitos
591 1701 749 1736 Judgeorum
767 1703 876 1731 animos
891 1704 970 1738 quasi
989 1711 1045 1731 ma-

257 1746 389 1780 nuducit,
412 1751 442 1773 ut
467 1747 541 1774 clare
566 1747 674 1775 discere
695 1752 799 1782 queant
826 1749 931 1783 majora
953 1750 989 1777 ab
1011 1757 1044 1778 eo

256 1792 387 1818 miracula
407 1797 543 1827 patratum
559 1794 591 1820 iri
607 1802 690 1828 quam
718 1794 791 1829 quod
819 1795 919 1822 factum
945 1800 988 1823 est
1015 1796 1042 1823 in

257 1838 418 1873 paralytico,
431 1843 458 1865 et
473 1846 502 1866 se
519 1839 604 1866 totius
616 1839 692 1867 orbis
711 1840 892 1867 constitutum
911 1841 944 1868 iri
970 1841 1044 1876 judi-

257 1891 326 1910 cem.
349 1883 518 1919 Comparans
545 1891 635 1913 autem
654 1889 826 1914 mortuorum
845 1888 1046 1921 resurrectioni

255 1929 336 1957 unius
354 1930 543 1963 curationem,
567 1931 698 1965 majorem
730 1935 757 1958 et
780 1932 930 1967 digniorem
949 1936 1042 1959 osten-

255 1975 295 2002 dit
307 1982 368 2002 esse
384 1977 439 2002 vim
458 1975 533 2002 illam
550 1976 688 2003 solvendae
707 1978 814 2010 mortis,
835 1981 864 2005 et
885 1979 1042 2012 corruptio-

254 2021 299 2048 nis
312 2021 435 2050 omnium
453 2022 592 2054 tollendae,
614 2022 738 2058 adeoque
763 2023 825 2058 jure
842 2027 869 2051 et
884 2024 1042 2052 necessario

254 2066 334 2101 quasi
360 2066 395 2094 de
428 2067 534 2095 minore
560 2068 694 2095 miraculo
715 2069 778 2096 ait:
801 2078 810 2094 ι
831 2067 921 2096 Nolito
948 2069 1043 2097 mirari

255 2111 316 2140 hoc.
338 2122 347 2138 ι
365 2111 459 2148 Neque
486 2121 551 2140 vero
583 2113 742 2149 putabimus
770 2115 859 2150 ipsum
878 2115 922 2142 his
951 2115 1042 2143 verbis

253 2166 367 2193 operum
383 2167 500 2187 suorum
514 2159 636 2187 claritati
654 2160 811 2193 detrahere,
832 2165 879 2188 aut
896 2165 972 2189 certe
988 2168 1041 2188 au-

254 2204 391 2233 ditoribus
423 2205 573 2240 precipere
605 2213 640 2232 ne
665 2205 800 2233 mirentur
826 2213 886 2241 qua:
918 2206 1040 2242 alioquin

254 2249 436 2276 admiratione
468 2253 534 2277 sunt
557 2249 738 2284 dignissima;
759 2250 806 2277 sed
837 2250 888 2277 hoc
913 2250 986 2278 scire
1014 2255 1041 2279 et

253 2294 366 2322 credere
378 2294 437 2321 vult
454 2301 502 2322 eos
523 2294 571 2329 qui
596 2295 705 2321 attoniti
724 2298 804 2321 erant
823 2295 872 2322 illo
895 2295 1038 2328 miraculo,

254 2347 350 2374 parum
367 2339 434 2367 illud
454 2348 516 2368 esse
531 2341 677 2368 hactenus.
693 2339 780 2368 Verbo
792 2341 865 2368 enim
882 2348 914 2368 ac
938 2341 1041 2370 virtute

253 2386 356 2418 divina,
373 2393 429 2412 non
444 2389 551 2412 tantum
567 2385 707 2413 diuturnis
720 2386 823 2414 morbis
837 2390 949 2415 vexatos
965 2388 1040 2415 exci-

254 2435 304 2463 tat,
318 2431 366 2459 sed
377 2436 404 2459 et
420 2431 472 2466 ipsi
489 2431 570 2458 morti
589 2431 743 2464 immersos,
762 2435 788 2460 et
810 2432 961 2461 inevitabili
978 2442 1039 2461 cor-

254 2477 380 2511 ruptione
401 2480 561 2512 superatos.
580 2475 697 2510 Ideoque
714 2476 800 2511 majus
817 2478 947 2513 quiddam
971 2479 1040 2507 infe-

253 2531 316 2551 rens
329 2523 388 2550 ait:
403 2532 412 2548 ‹
425 2522 496 2555 Quia
512 2521 604 2549 veniet
619 2521 696 2554 hora,
716 2522 744 2549 in
763 2531 816 2558 qua
829 2531 926 2552 omnes
943 2526 989 2560 qui
1007 2525 1035 2553 in

253 2569 439 2597 monumentis
453 2572 517 2595 sunt
533 2568 646 2595 audient
663 2576 757 2597 vocem
770 2569 860 2604 ejus.)
879 2570 932 2604 Qui
950 2572 1036 2599 verbo

252 2616 326 2643 enim
341 2617 440 2641 cuncta
451 2622 466 2641 e
481 2613 568 2641 nihilo
580 2614 720 2649 produxit,
735 2615 873 2650 quomodo
889 2625 944 2644 non
959 2622 1037 2652 pote-

252 2659 288 2687 rit
300 2658 407 2686 edicere
418 2663 447 2685 ut
459 2658 533 2693 quod
551 2659 609 2694 jam
619 2659 722 2687 factum
744 2664 786 2688 est
797 2661 825 2688 in
838 2666 930 2689 ortum
946 2663 1037 2691 denuo

252 2704 426 2733 revertatur?
441 2705 596 2741 Utrumque
613 2705 686 2733 enim
708 2706 832 2740 ejusdem
854 2711 897 2735 est
916 2708 1036 2741 Vll‘llllis,

252 2754 281 2776 et
300 2749 383 2778 unius
400 2751 545 2785 potestatis
569 2751 696 2780 mirabile
713 2756 754 2780 est
767 2761 835 2788 opus
859 2753 885 2781 in
912 2758 1038 2789 utroque.

253 2794 363 2823 Utiliter
375 2800 467 2824 autent
478 2797 602 2832 subiicit,
616 2806 794 2832 processuros
811 2807 825 2826 c
841 2800 1039 2828 monumentis.

287 2887 308 2905 ’τ
331 2888 465 2927 Supra,1,
486 2891 510 2918 l.
551 2891 573 2907 ⁸⁸
594 2890 601 2917 l
617 2891 714 2918 Thess.
733 2899 769 2925 tv,
787 2891 828 2918 15.

1096 1661 1143 1687 καὶ
1160 1659 1306 1687 ἀποδώσων
1318 1659 1367 1696 [αι.
1384 1659 1544 1694 ἀποδώσειν]
1561 1658 1667 1693 ἑκάστῳ
1687 1658 1756 1684 κατὰ
1771 1660 1805 1683 τὰ
1821 1657 1890 1692 ἔργα

1095 1705 1187 1733 αὑτοῦ.
1205 1706 1377 1741 Χειραγωγεῖ
1393 1704 1416 1731 δ’
1439 1703 1484 1731 οὖν
1504 1705 1578 1739 ὅμως
1602 1703 1646 1729 διὰ
1663 1703 1711 1737 τῆς
1727 1701 1780 1728 τῶν
1798 1701 1889 1728 αὐτῶν

1095 1751 1291 1787 ὲπανοιλήψεως
1314 1751 1363 1785 τὴν
1387 1749 1579 1785 ἀμαθεστάτην
1603 1748 1656 1774 τῶν
1677 1746 1811 1773 Ίοοδαῐων
1830 1745 1888 1772 διὰ-

1095 1805 1169 1825 νοιαν
1195 1798 1235 1828 εἰς
1251 1797 1281 1823 τὸ
1301 1796 1429 1823 δύνασθαι
1443 1795 1559 1821 συνιέναι
1575 1793 1667 1827 sagati);
1678 1813 1685 1824 ,
1702 1793 1742 1818 ὅτι
1767 1792 1814 1818 καὶ
1834 1800 1889 1826 μει-

1095 1844 1178 1875 ζόνων
1188 1843 1263 1869 ἔσται
1275 1842 1468 1879 τηερατουργὸς,
1485 1842 1513 1867 ὲν
1529 1838 1569 1872 οἷς
1588 1841 1602 1866 ὁ
1617 1839 1771 1874 παράλυτος
1786 1835 1830 1872 ἦν,
1843 1837 1889 1864 καὶ

1094 1886 1142 1920 τῆς
1157 1886 1319 1921 οἰκουμένης
1343 1885 1568 1920 ἁναδειχθήσεται
1590 1884 1698 1919 κριτής.
1725 1883 1887 1917 ’Λντιτταρα-

1093 1931 1177 1963 τιθεὶς
1193 1931 1222 1958 δὲ
1250 1931 1394 1967 χρησίμως
1412 1932 1446 1966 τῇ
1471 1930 1524 1957 τῶν
1539 1929 1642 1964 νεκρῶν
1666 1928 1814 1954 ἀναστάσει
1840 1928 1888 1962 τὴν

1079 1975 1136 2013 ’ἐφ’
1148 1978 1187 2004 ἑνὶ
1197 1977 1251 2004 τῶν
1262 1977 1410 2004 νοσούντων
1419 1976 1575 2012 Θεραπείαν,
1587 1974 1698 2010 μείζονά
1713 1983 1742 2000 τε
1756 1974 1803 2000 καὶ
1815 1973 1887 2006 ἀξιο-

1094 2023 1247 2059 λογωτέραν
1274 2023 1437 2050 ἐπιδεικνύει
1454 2023 1502 2057 τὴν
1531 2021 1647 2048 θανάτου
1671 2020 1785 2054 λυτικὴν
1807 2019 1888 2054 ἐνέρ-

1093 2078 1180 2103 γειαν,
1191 2070 1237 2096 καὶ
1252 2069 1355 2105 φθορᾶς
1369 2069 1417 2104 τῆς
1436 2068 1564 2095 ἁπάντων
1578 2066 1764 2110 ἀναιρετικὴν,
1774 2065 1886 2096 εἰκότως

1092 2123 1122 2141 τε
1149 2115 1196 2142 καὶ
1219 2114 1386 2148 ἀναγκαίως,
1404 2114 1442 2146 ὡς
1469 2113 1513 2140 ἐπ’
1529 2113 1651 2140 ἐλάττονι
1678 2111 1717 2146 τῷ
1744 2111 1887 2146 παραδὸξῳ

1093 2160 1159 2196 φησί
1172 2167 1180 2176 ο
1200 2169 1208 2191 ι
1224 2159 1270 2195 Μὴ
1287 2159 1440 2195 Θαυμάζετε
1456 2158 1544 2186 τοῦτο.
1563 2168 1571 2184 ι
1592 2158 1646 2186 Καὶ
1669 2158 1698 2184 οὐ
1713 2155 1801 2191 δήπου
1821 2158 1887 2183 πάν-

1092 2214 1142 2237 τας
1159 2204 1213 2241 [ἷσ.
1229 2204 1349 2241 πάντως]
1372 2205 1520 2241 νομιοῦμεν
1536 2204 1616 2231 αὐτὸν
1632 2205 1680 2239 τῆς
1701 2202 1756 2230 τῶν
1778 2203 1886 2229 οἰκείων

1055 2270 1078 2297 D
1096 2252 1184 2287 ἔργων
1207 2251 1399 2287 λαμπρότητος
1422 2251 1468 2278 διὰ
1491 2251 1594 2278 τούτων
1617 2249 1825 2297 κατηγορεῖν,Δῆ
1841 2249 1886 2275 καὶ

1094 2299 1149 2329 τοῖς
1172 2297 1357 2333 ἀκροωμένοις
1383 2297 1555 2329 ἐπιτάττειν,
1574 2297 1610 2332 μὴ
1635 2296 1732 2332 χρῆναι
1747 2295 1884 2330 Omina-ro;

1093 2342 1236 2376 ἀξιοῦν,τὰ
1251 2343 1292 2377 ἐφ’
1314 2340 1354 2375 οἷς
1365 2344 1397 2369 ἂν
1409 2343 1521 2374 εἰκότως
1535 2340 1775 2376 θαυμάζοιεν,ἀλλ⁸
1786 2341 1884 2367 εἰδέναι

1093 2397 1121 2414 τε
1131 2389 1178 2415 καὶ
1188 2387 1325 2415 πιστεύειν
1340 2388 1464 2423 βούλεται
1475 2389 1538 2419 τοὺς
1547 2388 1591 2414 ἐπ’
1599 2387 1694 2421 ἐκείνῳ
1709 2386 1884 2420 καταπεπλη-

1093 2433 1221 2468 γμένους,
1234 2434 1275 2460 ὅτι
1292 2434 1391 2469 μικρὸν
1407 2433 1482 2469 αὑτῷ
1501 2433 1532 2460 τὸ
1550 2428 1629 2468 μέχρι
1639 2432 1734 2459 τούτου
1747 2431 1884 2466 θαυμάζε-

1094 2479 1165 2507 σθαι.
1179 2479 1295 2514 Ἐγείρει
1311 2480 1365 2515 γὰρ
1376 2479 1447 2515 λόγῳ
1465 2479 1511 2506 καὶ
1528 2478 1652 2514 ἐνεργείᾳ
1663 2478 1821 2513 Θεοπρεπεῖ,
1838 2477 1884 2511 οὐχ

1089 2526 1163 2558 ὅπως
1185 2527 1216 2552 ὲκ
1240 2525 1352 2561 μακρῶν
1381 2524 1608 2562 ἀρρωστημάτων
1630 2524 1693 2555 τοὺς
1719 2519 1883 2557 κάμνοντας,

1090 2573 1158 2601 ἀλλὰ
1169 2574 1215 2601 καὶ
1226 2573 1323 2604 αὐτοὺς
1336 2573 1384 2608 ἤδη
1399 2572 1462 2604 τοὺς
1470 2571 1509 2607 τῷ
1519 2571 1626 2606 Θανάτῳ
1640 2570 1882 2605 βεϐαπτισμένους,

1091 2620 1138 2647 καὶ
1150 2620 1262 2655 ἀκράτῳ
1276 2618 1466 2654 νενικημένους
1480 2618 1576 2653 φθορᾷ.
1590 2617 1645 2643 Καὶ
1659 2616 1702 2642 διὰ
1716 2615 1795 2642 τοῦτό
1804 2623 1882 2650 φησι,

1091 2666 1120 2692 τὸ
1132 2665 1224 2701 μεῖζον
1240 2665 1373 2700 εἰσφέρων
1384 2673 1391 2680 ·
1408 2674 1416 2689 ι
1435 2664 1495 2690 Ὅτι
1509 2663 1617 2699 ἔρχεται
1630 2661 1698 2697 ὥρα,
1709 2662 1737 2687 ὲν
1785 2661 1884 2691 πάντές

1091 2712 1116 2738 οἱ
1132 2711 1224 2742 ἐντοῖς
1234 2710 1376 2746 μνημείοις
1392 2708 1553 2736 ἀκούσονται
1568 2707 1616 2742 τῆς
1628 2706 1719 2741 φωνῆς
1735 2705 1844 2732 αὑτοῦ..
1856 2706 1884 2731 '0

1086 2754 1140 2790 γὰρ
1157 2755 1228 2791 λόγῳ
1242 2755 1276 2782 τὰ
1288 2756 1335 2781 οὐκ
1347 2755 1411 2781 ὄντα
1427 2754 1491 2781 ποτὲ
1502 2753 1568 2789 πρὸς
1580 2753 1610 2778 τὺ
1619 2750 1688 2778 εἶναι
1702 2750 1881 2786 παραγαγὼν.

1094 2809 1151 2832 πως
1164 2800 1212 2826 οὐκ
1225 2799 1257 2827 ἂν
1272 2799 1378 2835 ἰσχύσαι
1395 2799 1423 2825 τὺ
1435 2798 1481 2834 ἤδη
1497 2796 1679 2832 πεποιημένον
1691 2795 1882 2830 παλινδρομεῖν
