2026 3123
153 167 209 195 385

681 166 714 193 IN
729 165 871 193 JOANNIS
891 165 1115 194 EVANGELIUM
1147 167 1211 195 LIB.
1233 168 1263 194 ll.

1729 171 1780 199 586

155 224 302 251 ἀνειπεῖται
321 222 385 258 πρὸς
400 222 522 255 γένεσιν;
539 220 598 247 Εἶεν
618 223 672 257 γὰρ
689 220 722 248 ἂν
746 221 818 247 οὕτω
837 221 885 256 τῆς
900 220 943 247 αὐι

999 226 1159 256 peccatores
1172 222 1293 256 quidem,
1310 225 1337 249 et
1355 227 1488 258 quotquot
1502 223 1625 259 improbe
1649 225 1778 256 vixerint.

153 270 206 304 τῆς
230 269 371 304 ἐνεργείας
387 268 518 303 ἑκάτερα,
537 267 582 294 καὶ
608 269 672 301 μιᾶς
699 267 823 300 ἐξουσίας
850 267 880 293 τὸ
907 267 951 293 ἐπ’

155 316 258 349 ἀμφοῖν
276 315 439 348 ἀξιάγαστον
452 313 634 349 ἀποτέλεσμα.
655 314 793 347 Ἐπιλέγει
809 314 836 340 δὲ
853 314 950 349 χρησί-

156 369 225 396 μως,
245 361 286 386 ὅτι
313 360 522 395 προελεύσονται
536 359 590 386 τῶν
619 360 781 396 μνημάτων,
796 361 820 386 οἱ
836 360 884 395 μὲν
906 361 948 387 ἐπ’

153 407 278 441 αἰσχροῖς
293 406 412 438 ἁλόντες,
430 406 475 432 καὶ
491 406 607 441 πονηρίᾳ
629 406 882 441 συμϐιοτεύσαντες,
897 405 946 442 τὴν

152 451 331 486 ἀτελεύτητον
345 451 486 485 ὐφέξονται
501 450 667 487 [ὑφέξοντεςῖ
678 451 766 487 δίκην·
787 452 811 478 οἱ
833 452 861 478 δὲ
887 452 944 478 δια-

152 499 270 533 πρεπεῖς
284 498 312 524 ἐν
322 497 493 532 ἀρεταῖς,τῆς
503 497 651 529 ἐπιεικείας
665 497 760 532 μισθὸν
774 498 944 533 ἀντικομιού-

154 551 229 577 μενοι
258 542 307 577 τὴν
331 541 438 568 αἰώνιον
460 541 551 576 ζωήν·
567 542 634 576 ὁμοῦ
659 541 724 576 μὲν,
751 540 875 576 καθάπερ
893 538 943 575 ﬁeri

152 587 331 623 προείπομεν,
348 587 444 613 ἑαυτὸν
463 586 592 621 διανομέα
613 586 667 612 τῶν
691 585 799 621 ἑκάστῳ
826 585 944 621 πρεπόν-

151 642 205 660 των
228 634 277 659 καὶ
292 633 335 659 διὰ
355 633 456 659 τούτων
479 632 630 668 εἰσφέρων,
650 631 717 667 ὁμοῦ
737 632 765 658 δὲ
780 632 943 662 ἀναπείθων,

1000 270 1029 293 ut
1045 271 1162 293 :eternas
1180 274 1275 301 poenas
1287 267 1373 299 luant,
1387 268 1465 297 bonis
1484 275 1575 297 autem
1590 275 1616 298 et
1630 271 1780 300 virtutibus

997 313 1168 347 conspicuis,
1190 316 1220 338 ut
1235 313 1429 347 sempiternam
1450 316 1531 342 vitam
1551 316 1698 350 probitatis
1712 325 1781 353 pra:-

996 357 1082 383 minm
1105 356 1235 388 referant,
1255 357 1403 391 simulque,
1421 363 1450 383 ut
1472 359 1528 392 jam
1551 360 1629 394 prius
1649 360 1779 394 diximus,

996 403 1120 437 scipsum
1136 402 1256 437 judicent
1272 410 1367 430 eorum
1388 411 1448 438 quae
1464 405 1564 439 cuique
1581 406 1715 433 debentur
1738 407 1780 435 his

997 456 1108 483 quoque
1130 448 1223 476 verbis
1247 448 1418 483 significans,
1440 457 1473 476 ac
1500 455 1631 484 praeterea
1660 454 1780 481 suadens

997 499 1043 520 aut
1060 498 1133 521 metu
1151 494 1284 520 malorum
1302 493 1503 528 improbitatem
1518 495 1613 531 fugere
1638 502 1665 524 et
1676 499 1708 525 ad
1724 507 1780 526 meo

997 539 1092 566 liorem
1114 539 1219 575 frugem
1235 547 1266 566 se
1283 539 1445 570 transferre.
1461 545 1508 567 aut
1533 546 1644 569 eterna:
1655 543 1716 570 vitae
1730 543 1779 570 de-

998 585 1099 612 siderio
1127 585 1332 620 quodammodo
1354 585 1511 614 stimulatos
1541 587 1671 615 virtutem
1698 589 1780 616 vehe-

998 631 1117 658 mentius
1133 638 1242 665 cupere.
1665 651 1669 657 ι

151 680 169 715 ἢ
188 679 227 715 τῷ
245 680 320 714 φόὸῳ
334 678 380 705 τοῦ
399 679 494 705 παθεῖν
510 679 543 704 τὰ
558 679 640 710 δεινὰ,
658 679 848 713 παραιτεῖσθαι
861 677 892 704 τὸ
908 677 1019 712 φαῦλον,
1037 678 1084 704 καὶ
1100 677 1307 704 συνελαύνεσθαί
1325 686 1383 708 πως
1396 678 1436 709 είς
1464 677 1494 704 τὸ
1510 677 1583 712 βιοῦν
1615 677 1716 704 ἐθέλειν
1731 678 1780 714 ἤδη

153 726 382 762 σωφρονέστερον,
407 726 423 761 ἢ
449 726 540 760 ἐφέσει
563 726 740 760 νυττομένοιις
755 725 856 762 τρόπον
878 725 938 752 τινὰ
958 726 990 760 τῇ
1013 725 1077 760 περὶ
1091 724 1141 760 τὴν
1157 724 1265 752 αἰώνιον
1287 724 1381 761 ζωὴν,
1415 725 1615 760 συντονωτέραν
1647 725 1780 752 ποιεῖσθαι

152 771 316 804 σπουδάζειν
328 772 377 807 τὴν
389 771 433 798 ἐπ’
449 772 563 805 ἀγαθοῖς
580 772 743 808 προθυμίαν.

451 818 575 845 ΚΕΦΑΔ.
602 818 640 845 θ’.

1263 815 1342 850 237
1360 814 1437 842 CAP.
1459 812 1505 841 Ix.

151 874 217 900 ὀτι
231 874 294 900 κατ’
309 873 398 900 οὐδὲν
416 873 548 900 ἐλάττων
566 874 618 901 τοῦ
638 874 711 901 Θεοῦ
733 874 781 901 καί
797 874 912 909 Πατρός
926 875 942 901 ὀ

995 869 1068 903 Quod
1092 869 1175 909 nihilo
1190 871 1279 909 minor
1298 871 1332 897 sit
1344 870 1406 909 _Deo
1422 878 1453 896 ac
1475 869 1555 898 Patre
1572 869 1668 909 filius,
1685 871 1730 909 sed
1751 873 1780 899 in

191 909 268 941 Υἱὸς,
290 909 358 936 ἀλλ’
376 909 538 942 ὶσοσθενὴς
562 910 626 936 κατ’
645 910 797 944 ἐνέργειαν
819 910 876 944 τὴν
896 910 941 944 ἐφ’

187 944 306 972 ἅπασίν
321 944 414 975 ἐστιν,
430 945 469 976 ὡς
486 945 557 977 Θεὸς
569 944 603 971 ὲκ
621 945 705 972 Θεοῦ.

190 991 231 1016 οὐ
257 989 384 1024 δύναμαι
407 990 464 1024 ἐγὼ
494 989 589 1017 ποιεῖν
608 991 658 1017 ἀπ’
687 991 816 1025 ἐμαυτοῦ
840 990 940 1018 οὐδέν.

152 1035 257 1068 Καθὼς
273 1036 381 1067 ἀκούω,
402 1036 501 1069 κρίνω,
518 1036 571 1062 ’καὶ
591 1036 608 1069 ἡ
626 1037 724 1070 κρίσις
738 1037 756 1070 ἡ
772 1037 827 1072 ἐμὴ
844 1036 942 1064 δικαία

150 1081 248 1108 ἐστίν·
265 1081 309 1108 ὅτι
325 1082 361 1108 οὐ
385 1072 458 1114 (nrt?)
476 1081 509 1107 τὸ
528 1082 642 1116 θέλημα
664 1082 696 1109 τὸ
715 1082 796 1116 ἐμὰν,
812 1083 893 1109 ἀλλὰ
909 1082 942 1109 τὸ

153 1126 268 1161 θέλημα
282 1128 334 1154 τοῦ
349 1128 523 1161 πέμψαντός
536 1137 574 1162 με
588 1129 712 1161 Πατρός.

195 1171 355 1206 Ἐπίστησον
380 1172 459 1198 πάλιν
479 1174 535 1203 τοῖς
554 1172 712 1208 λεγομένοις
734 1172 940 1209 ἀκριϐέστερον,

153 1217 201 1244 καὶ
217 1217 295 1252 δέχου
311 1217 358 1244 τοῦ
376 1217 552 1253 θεωρήματος
563 1219 600 1251 ὼς
616 1221 644 1246 ἐν
659 1219 782 1254 περινοίᾳ
797 1220 846 1254 τὴν
863 1219 942 1246 δύνα-

155 1273 212 1299 μιν.
232 1265 289 1290 υὺκ
307 1265 405 1296 εἰδότες
422 1265 541 1292 Ἰουδαῖοι
562 1265 611 1300 τῆς
632 1265 700 1300 μετὰ
720 1265 818 1300 σαρκὸς
842 1266 942 1292 οἰκονοο

154 1311 220 1346 μίας
235 1310 265 1336 τὸ
284 1310 351 1345 βαθὺ
368 1311 527 1346 μυστήριον,
552 1310 609 1338 ἀλλ’
633 1311 694 1337 οὐδὲ
718 1311 763 1338 τὸν
787 1311 942 1338 ἐνοικοῦντα

151 1355 192 1389 τῷ
211 1356 244 1382 ἐκ
263 1355 398 1390 Παρθένου
424 1355 479 1391 ναῷ
506 1356 571 1382 θεὸν
597 1356 682 1390 Λόγον
707 1357 940 1390 ἐπιγινώσκοντες,

152 1401 226 1436 ζήλῳ
243 1401 373 1432 πολλάκις
397 1400 606 1436 πεπλανημένῳ,
628 1401 676 1427 καὶ
699 1401 729 1427 οὐ
745 1401 783 1436 τῷ
807 1401 867 1427 κατ’
883 1401 942 1427 ἐπί-

151 1455 264 1481 γνωσιν,
281 1446 317 1478 ὼς
334 1448 347 1473 ὁ
369 1446 474 1478 Παῦλος
489 1455 582 1481 φησιν,
597 1447 636 1478 εἰς
659 1447 807 1482 ἀγριότητα
832 1446 942 1481 τρόπων

152 1494 201 1520 καὶ
216 1493 369 1528 ἀνημέρους
389 1493 472 1528 ὀργὰς
488 1493 656 1525 ἐξεκαίοντο·
673 1494 719 1519 καὶ
740 1493 772 1528 δὴ
793 1494 838 1519 καὶ.
859 1501 943 1520 κατα-

1028 905 1149 967 :mnDibus
1166 905 1274 940 agendis
1289 906 1349 940 pari
1363 910 1492 940 potestate
1507 905 1647 939 prwditus,
1662 911 1690 933 ut
1708 907 1779 934 Deus

1048 949 1060 967 ε
1098 948 1138 967 eo.

1048 949 1060 967 ε
1073 948 1138 967 υεο.

1028 986 1065 1019 ν,
1091 986 1135 1014 50.
1157 985 1219 1013 Non
1240 995 1346 1021 possum
1370 995 1416 1021 ego
1439 995 1455 1013 a
1480 987 1577 1018 meipso
1595 987 1682 1020 facere
1704 987 1780 1022 quid-

991 1041 1080 1068 quam.
1111 1031 1187 1059 Sieut
1215 1033 1312 1063 audio,
1335 1032 1427 1067 judico
1452 1041 1461 1060 :
1484 1037 1508 1059 et
1531 1032 1666 1066 judicium
1693 1041 1779 1059 meum

987 1078 1090 1114 justum
1106 1083 1161 1110 est;
1175 1079 1239 1114 quia
1256 1087 1308 1105 non
1325 1083 1414 1113 σκιενο
1431 1078 1594 1105 voluntatem
1619 1087 1714 1112 meum,
1733 1079 1779 1106 sed

992 1125 1156 1153 voluntatem
1167 1125 1225 1160 ejus
1241 1125 1285 1160 qui
1301 1125 1373 1152 misit
1391 1132 1431 1151 me
1449 1124 1550 1151 Patria.

1028 1183 1144 1210 Attende
1162 1189 1272 1209 rursum
1289 1181 1383 1208 acrius
1403 1182 1431 1207 in
1454 1188 1486 1207 ea
1503 1189 1564 1215 qua:
1588 1181 1731 1213 dicuntur.
1752 1186 1779 1208 et

992 1229 1046 1256 vim
1068 1229 1163 1256 horum
1180 1227 1326 1255 verborum
1344 1227 1484 1254 intellecttt
1507 1227 1627 1261 percipe.
1644 1227 1712 1254 Cum
1730 1226 1778 1254 Ju-

992 1274 1041 1303 daei
1056 1274 1140 1300 altum
1154 1273 1352 1300 incarnationis
1367 1273 1526 1308 my'sterium
1551 1273 1720 1307 ignorarent,
1732 1273 1779 1300 sed

993 1327 1084 1354 neque
1102 1319 1207 1346 scirent
1230 1318 1314 1344 Deum
1327 1317 1446 1344 Verbum
1462 1317 1617 1344 inhabitare
1638 1317 1665 1343 in
1679 1317 1780 1351 templo

993 1365 1126 1400 Virginis,
1147 1371 1265 1391 erroneo
1288 1363 1448 1397 plerumque
1471 1363 1539 1394 zelo,
1554 1366 1582 1389 et
1603 1369 1656 1388 non
1680 1369 1780 1389 secun-

992 1411 1056 1437 dum
1075 1410 1231 1442 scientiam,
1249 1414 1279 1436 ut
1298 1408 1400 1435 Paulus
1417 1408 1455 1435 ait
1466 1410 1498 1441 εν,
1519 1409 1547 1436 in
1565 1416 1671 1435 morum
1686 1408 1780 1436 ferita-

992 1460 1048 1484 tem
1062 1459 1091 1483 et
1106 1456 1240 1482 immanes
1260 1455 1316 1482 iras
1333 1454 1551 1482 eiardescebant
1568 1463 1574 1481 :
1595 1454 1719 1489 adeoque
1741 1454 1781 1481 la-

992 1494 1102 1537 pidibus
1111 1501 1198 1536 ipsum
1210 1501 1326 1527 obruere
1341 1500 1510 1531 nitebantur,
1523 1499 1609 1535 quod,
1625 1500 1705 1527 homo
1717 1507 1779 1527 cum
1811 1512 1819 1522 κ

152 1538 242 1565 λεύειν
252 1539 409 1574 ἐπεχείρουν
429 1539 519 1571 αὑτὸν,
537 1539 632 1574 ὅτιπερ
648 1538 788 1574 ἄνθρωπος
815 1538 863 1570 ὢν,
879 1539 942 1565 ἐαυ-

995 1551 1078 1579 esset,
1104 1547 1224 1581 seipsum
1252 1545 1336 1572 Deum
1354 1545 1470 1578 faceret,
1486 1553 1519 1572 ac
1538 1550 1682 1580 prteterea,
1707 1545 1779 1581 quod

152 1585 198 1611 τὸν
212 1585 298 1611 ἐποίει
316 1585 392 1617 Θεὸν,
418 1585 465 1612 καὶ
488 1585 579 1617 πάλιν,
594 1585 634 1611 ὅτι
654 1585 763 1620 Πατέρα
785 1585 849 1611 ἴδιον
866 1585 942 1619 ἔλεγε

152 1631 198 1658 τὸν
220 1631 296 1663 Θεὸν,
325 1631 381 1657 ἴσον
404 1631 499 1658 ἐαυτὸν
524 1631 607 1658 ποιῶν
631 1630 668 1666 τῷ
691 1631 760 1666 Θεῷ.
782 1631 887 1667 Ἐπειδὴ
914 1632 942 1658 δὲ

151 1674 223 1713 ἦσαν
239 1677 310 1703 οὕτω
325 1677 480 1712 δυσμαθεῖς,
504 1677 550 1704 καὶ
572 1676 730 1712 θεοπρεπῶν
750 1678 797 1712 μὲν
811 1677 878 1709 ὅλως
892 1677 942 1704 οὐκ

152 1724 314 1759 ἀνεχόμενοι
338 1724 436 1759 λόγων,
459 1724 544 1760 μικρὰ
567 1724 595 1750 δὲ
620 1725 684 1760 περὶ
711 1724 793 1751 αὑτοῦ
820 1725 866 1752 καὶ
878 1733 943 1761 φρο-

148 1771 262 1802 νοῦντες
293 1771 340 1797 καὶ
367 1770 459 1804 λέγετε
479 1770 533 1807 [ἵσ.
561 1770 707 1806 λέγοντεςὶ,
731 1771 908 1806 οἰκονομικῶς
929 1772 943 1798 ὁ

154 1815 251 1850 Σωτὴρ
274 1815 448 1850 συννητιιάζει
477 1816 527 1851 μὲν
552 1817 653 1848 αὐτοῖς,
670 1816 842 1852 κεκραμένην
860 1817 882 1843 δ’
896 1815 942 1844 οὖν

154 1861 230 1895 ὅμως
246 1861 361 1887 ἐποιεῖτο
375 1861 423 1896 τὴν
439 1861 576 1896 ἐξήγησιν,
588 1861 648 1888 οὔτε
671 1863 733 1893 τοὺς
749 1861 787 1897 τῷ
800 1862 859 1897 Θεῴ
876 1862 943 1898 πρέ-

155 1914 256 1936 ποντας
279 1906 374 1940 λόγους
396 1907 524 1939 ὁλοτελῶς
549 1907 776 1942 παραιτούμενος,
805 1907 867 1934 οὔτε
891 1907 942 1943 μὴν

154 1952 196 1982 εἰς
210 1951 305 1987 ὀλόκλη
310 1960 355 1987 ρον
366 1952 420 1979 τῶν
433 1953 609 1988 ἀνθρωπίνων
625 1953 754 1989 ῥημάτων
769 1953 924 1988 ἀποφοιτῶν
935 1962 941 1968 ·

155 1996 242 2023 είπὼν
259 1997 287 2022 δέ
301 2006 327 2023 τι
348 1999 397 2032 τῆς
414 1997 507 2032 θεῐκῆς
530 1998 652 2031 ἐξουσίας
669 1999 752 2030 ἄξιον,
773 1998 943 2034 παραχρῆμα

155 2043 265 2074 κολάζει
290 2043 335 2069 τὸν
362 2043 522 2070 ἀπαίδευτον
550 2044 602 2070 τῶν
632 2045 813 2080 ἀκροωμένων
841 2045 941 2079 θυμὸν,

155 2089 305 2122 ἐπαγαγών
320 2098 345 2115 τι
359 2089 405 2116 καὶ
419 2089 596 2126 ἀνθρώπινον,
615 2091 662 2118 καὶ
683 2091 763 2118 πάλιν
773 2090 943 2126 ἀνθρώπινόν

154 2142 182 2160 τι
193 2133 237 2159 διὰ
252 2133 301 2169 τὴν
314 2134 466 2169 οἰκονομίαν
481 2135 574 2167 εἰπὼν,
588 2136 638 2162 οὐκ
662 2136 690 2162 ἐν
708 2137 814 2171 μικροῖς
829 2135 943 2171 ὁρᾶσθαι

155 2179 248 2214 μόνοις
262 2180 296 2207 τὰ
321 2180 380 2207 καθ’
396 2181 501 2213 ἑαυτὸν,
517 2181 582 2208 Θεὸν
605 2182 668 2208 ὄντα
691 2182 760 2208 κατὰ
783 2182 863 2216 φύσιν
885 2183 944 2208 ἐπι-

153 2225 284 2252 δεικνύων
298 2227 340 2253 διὰ
357 2227 405 2262 τῆς
424 2228 493 2262 ὑπὲρ
512 2227 653 2263 ἄνθρωπον
678 2228 768 2262 ἰσχύος
795 2229 842 2255 καὶ
856 2229 942 2263 λόγων

154 2270 295 2303 πολλάκις.
311 2272 443 2308 Tomith
455 2274 516 2299 τινὰ
531 2273 577 2300 καὶ
593 2274 640 2300 νῦν
655 2275 682 2300 ἐν
695 2275 750 2306 τοῖς
765 2274 863 2309 ἀρτίως
878 2276 942 2310 ἡμῖν

154 2317 346 2358 προκειμένοις
361 2319 487 2354 εὑρήσεις
501 2318 550 2355 τὴν
562 2319 669 2355 τέχνην.
686 2320 718 2345 Τί
735 2320 789 2355 γὰρ
806 2320 858 2355 ἔφη
877 2320 944 2354 φθόι-

155 2372 222 2396 σας;
241 2373 250 2390 ι
272 2364 376 2400 Ὥσπερ
391 2365 446 2400 γὰρ
464 2367 477 2392 ὁ
499 2365 593 2401 Πατὴρ
619 2365 719 2401 ἐγείρει
735 2366 796 2398 τοὺς
808 2367 944 2402 νεκροὺς,

154 2411 201 2436 καὶ
217 2410 359 2440 ζωοποιεῖ·
378 2420 387 2437 ι
409 2409 469 2438 εἶτα.
486 2411 576 2444 πάλιν,
595 2421 604 2437 ι
626 2411 687 2438 ’Ὁτι
712 2411 818 2447 ἔρχεται
833 2411 902 2447 ὥρα,
916 2413 945 2438 ἐν

154 2453 171 2490 ᾖ
192 2456 292 2486 πάντες
306 2457 331 2481 οἱ
344 2456 372 2481 ἐν
388 2457 444 2488 τοῖς
463 2457 604 2492 μνημείοις
619 2457 778 2484 ἀκούσονται
793 2457 842 2492 τῆς
856 2458 946 2492 φωνῆς

154 2500 250 2526 αὐτοῦ’
273 2510 281 2526 ι
301 2501 425 2537 καὶπρὸς
446 2502 558 2535 τούτοις,
575 2503 616 2530 ὅτι
630 2503 677 2530 καὶ
689 2503 872 2537 ἐξελεύσονται
890 2512 947 2539 κρι-

155 2545 312 2581 θησόμενοι,
340 2548 386 2573 καὶ
412 2548 551 2582 ἀναλόγως
577 2549 731 2584 ὡσπερανεὶ
759 2549 871 2585 ἐργάται
896 2550 946 2584 τὴν

156 2591 329 2626 ἀντιμισθίαν
352 2593 562 2630 ἀποληψόμενοι.
599 2595 627 2622 ’0
651 2595 679 2622 δὲ
707 2595 834 2623 δύνασθαι
859 2595 945 2630 λέγων

155 2637 261 2673 οὕσπερ
275 2637 307 2664 ἂν
321 2638 406 2665 ἐθέλει
421 2639 571 2674 ζωογονεῖν,
590 2641 636 2667 καὶ
650 2640 736 2673 οὕτως
749 2641 786 2673 ὡς
799 2642 813 2668 ὁ
829 2642 924 2676 Πατήρ
936 2649 943 2656 '

157 2681 216 2713 πῶς
236 2682 270 2709 ἂν
291 2684 351 2718 οὐχὶ
377 2684 426 2719 τὴν
452 2685 511 2720 Θεῷ
538 2685 694 2721 πρέπουσαν
719 2686 832 2722 δύναμιν
857 2687 944 2722 ἐαυτῷ

157 2729 243 2754 νοοῖτο
258 2728 406 2763 περιτιθείς
420 2737 427 2762 ;
443 2729 538 2756 Ἔσται
557 2731 584 2757 δὲ
599 2732 639 2758 ὅτι
661 2732 707 2758 καὶ
726 2732 833 2759 πάντων
850 2733 945 2767 κριτὴς

157 2774 171 2799 ὁ
185 2773 334 2809 διαρρήδην
349 2774 444 2808 εἰπὼν,
458 2775 515 2807 πῶς
535 2777 583 2802 οὐκ
601 2777 634 2803 ἀν
659 2777 807 2813 ἐκταράεαι
833 2778 944 2809 δικαίως

138 2853 148 2857 ἒ
158 2819 219 2849 τοὺς
231 2818 374 2854 ἄνθρωπον
385 2819 424 2847 ἔτι
435 2822 535 2856 γυμνὶν
548 2823 684 2857 οἰομένους
698 2824 830 2862 ὑπάρχειν
846 2825 943 2862 αὑτόν;

193 2877 214 2893 ⁶⁹
232 2876 345 2906 Ιὶοιιιυκ
358 2898 364 2910 ,
380 2879 407 2906 2.

993 1593 1101 1620 Patrem
1117 1599 1195 1619 suum
1213 1591 1297 1618 Deum
1314 1596 1433 1622 vocaret,
1446 1591 1576 1626 aequalem
1601 1591 1721 1625 seipsum
1738 1590 1779 1618 fa-

994 1638 1070 1665 ciens
1090 1637 1157 1664 Deo.
1178 1636 1246 1663 Cum
1270 1640 1359 1663 autem
1386 1639 1480 1663 essent
1506 1636 1575 1663 adeo
1595 1636 1720 1669 hebetes,
1748 1643 1780 1663 ac

993 1684 1102 1712 divinos
1125 1690 1267 1710 sermones
1285 1683 1380 1718 utique
1399 1690 1453 1709 non
1470 1682 1584 1713 ferrent.
1603 1683 1692 1718 deque
1717 1683 1779 1718 ipso

993 1730 1112 1758 tenuiter
1131 1728 1278 1756 admodum
1300 1729 1435 1756 sentirent
1453 1736 1485 1756 ac
1509 1729 1699 1764 loquerentur,
1725 1730 1782 1757 sin-

993 1776 1082 1812 gulari
1099 1776 1218 1803 consitio
1238 1774 1364 1802 Salvator
1382 1775 1415 1802 ad
1431 1783 1527 1802 eorum
1546 1776 1694 1810 pueritiam
1719 1784 1781 1804 sese

993 1824 1126 1856 demittit,
1149 1825 1301 1857 temperata
1329 1821 1510 1849 nihilominus
1538 1822 1711 1856 expositione
1727 1823 1782 1849 uti-

994 1873 1049 1900 tur.
1070 1876 1134 1896 eum
1156 1867 1208 1895 nec
1226 1867 1422 1894 convenientes
1449 1866 1505 1894 Deo
1533 1875 1675 1895 sermones
1701 1868 1781 1902 plane

993 1914 1127 1949 repudiet,
1142 1921 1194 1941 nec
1215 1913 1248 1940 ab
1263 1912 1391 1940 humanis
1406 1912 1550 1940 vocabulis
1575 1912 1603 1940 in
1620 1916 1706 1939 totum
1734 1921 1779 1940 re-

994 1960 1080 1995 fugiat
1100 1968 1106 1986 :
1121 1959 1170 1987 sed
1185 1959 1280 1986 divina
1299 1961 1436 1992 potestate
1452 1958 1563 1993 dignum
1581 1958 1686 1993 aliquid
1705 1958 1780 1986 locn-

994 2011 1056 2037 tus,
1081 2005 1175 2033 statim
1200 2004 1303 2039 aliquid
1324 2004 1474 2030 humanum
1498 2003 1608 2038 subjicil
1626 2011 1681 2039 quo
1705 2004 1781 2031 inse.

994 2053 1093 2080 lentem
1113 2059 1209 2079 eorum
1238 2051 1358 2078 animum
1387 2051 1538 2086 reprimat;
1566 2054 1593 2077 et
1615 2058 1713 2077 rursus
1734 2050 1779 2078 ubi

995 2103 1108 2132 propter
1127 2097 1328 2125 incarnationis
1347 2096 1582 2132 dispensationem
1611 2096 1712 2130 aliquid
1730 2096 1781 2123 hu-

994 2150 1104 2170 manum
1127 2143 1253 2178 protulit,
1270 2142 1373 2170 virtute
1397 2146 1424 2169 et
1440 2149 1506 2169 voce
1531 2142 1651 2168 humana
1681 2141 1779 2174 majori

996 2197 1067 2224 saepe
1084 2189 1206 2216 ostendit
1226 2196 1265 2220 se,
1288 2187 1360 2215 Deus
1377 2195 1439 2214 eum
1461 2187 1498 2214 sit
1523 2187 1673 2214 secundum
1699 2191 1780 2214 natu»

995 2243 1065 2268 ram,
1090 2236 1118 2262 in
1134 2242 1167 2262 eo
1187 2239 1294 2261 tantum
1318 2234 1485 2261 humilitatis
1502 2237 1573 2261 statu
1590 2242 1643 2260 non
1663 2234 1778 2261 versari.

996 2281 1153 2309 lstiusmodi
1167 2281 1313 2316 quamdam
1326 2284 1411 2308 artem
1429 2281 1510 2307 etiam
1530 2281 1556 2307 in
1573 2281 1607 2308 iis
1622 2288 1684 2315 qum
1699 2281 1780 2308 modo

995 2327 1135 2362 proposita
1159 2331 1225 2354 sunt
1245 2327 1377 2361 reperies.
1404 2327 1460 2354 Cur
1479 2327 1552 2354 enim
1583 2331 1662 2353 antea
1683 2326 1751 2353 dixit
1771 2336 1777 2353 :

999 2382 1009 2399 ι
1026 2373 1103 2400 Sicut
1119 2373 1191 2400 enim
1207 2373 1417 2401 Patersuscitat
1434 2377 1566 2404 mortuos,
1578 2376 1604 2399 et
1614 2372 1753 2405 viviticat;
1768 2382 1777 2399 ι

996 2421 1061 2447 item
1082 2429 1089 2446 ι
1113 2429 1123 2445 ι
1146 2419 1215 2452 Quia
1233 2419 1308 2446 venit
1332 2419 1411 2451 hora,
1429 2419 1456 2446 in
1483 2427 1536 2454 qua
1561 2425 1655 2446 omnes
1680 2418 1779 2444 mortui

996 2472 1090 2492 vocem
1113 2465 1174 2499 ejus
1195 2464 1328 2497 audient;
1348 2475 1357 2490 ι
1374 2469 1520 2499 praeterea,
1546 2469 1573 2491 et
1592 2463 1666 2498 quod
1687 2470 1781 2498 proce-

998 2511 1064 2538 dent
1082 2509 1218 2544 judicium
1237 2510 1370 2541 subituri,
1388 2514 1414 2537 et
1441 2517 1490 2544 pro
1512 2509 1570 2536 suis
1587 2508 1693 2536 meritis
1711 2516 1781 2536 mer-r

997 2555 1091 2583 cedem
1108 2556 1267 2590 recepturi?
1284 2555 1320 2582 At
1337 2556 1383 2590 qui
1401 2555 1467 2582 dicit
1487 2563 1569 2590 posse
1584 2562 1614 2582 se
1630 2562 1699 2589 quos
1714 2554 1780 2582 velit

996 2596 1146 2633 vivificare.
1161 2609 1216 2628 non
1230 2609 1310 2629 secus
1329 2608 1360 2628 ac
1374 2600 1457 2628 Pater
1472 2609 1478 2627 ι
1493 2600 1629 2636 quomodo
1647 2608 1700 2627 non
1716 2607 1780 2627 cen-

999 2649 1102 2675 set-itur
1126 2648 1247 2675 divinam
1271 2648 1323 2675 sibi
1348 2648 1462 2683 gloriam
1479 2647 1628 2682 arrogaret
1643 2646 1694 2680 Qui
1715 2654 1780 2674 vero

1000 2695 1088 2729 palam
1106 2694 1206 2722 asserit
1223 2702 1252 2721 se
1267 2694 1459 2721 universorum
1479 2694 1536 2721 lore
1562 2693 1693 2728 iudicem,
1710 2700 1779 2728 quo-

1000 2739 1080 2766 modo
1090 2746 1144 2766 non
1163 2738 1225 2773 jure
1243 2739 1372 2774 percellet
1388 2747 1436 2766 eos
1456 2739 1502 2774 qui
1520 2746 1625 2766 merum
1641 2737 1779 2765 hominem

998 2784 1081 2819 238
1102 2785 1189 2819 ipsum
1209 2792 1269 2812 esse
1287 2785 1402 2820 putant?
1425 2785 1493 2813 Cum
1514 2786 1586 2812 enim
1609 2784 1714 2812 Hebraei
1736 2791 1780 2810 es-

998 2835 1069 2863 sent,
1086 2838 1118 2858 ac
1134 2830 1234 2858 divinis
1251 2831 1352 2858 eruditi
1370 2831 1492 2864 Litteris,
1510 2831 1650 2867 probabile
1663 2833 1721 2858 erat
1731 2835 1778 2857 eos
