2026 3123
255 147 309 176 587

734 145 762 174 S.
783 145 921 173 CYRILLI
942 145 1178 173 ALEXANDRINI
1197 145 1356 174 ARCIIIEP.

1837 148 1886 178 538

256 213 310 233 non
323 205 451 240 ignorare
467 201 622 230 Deum-fore
636 202 721 230 totius
734 202 950 237 orbisjudicem,
968 203 1033 238 aput

1092 200 1148 228 Ἷῐν
1163 202 1216 237 γὰρ
1230 202 1271 237 δὴ,
1288 203 1358 229 κατὰ
1375 202 1405 228 τὺ
1420 201 1502 234 είκὸς,
1522 202 1663 238 Ἐῧραίους
1681 204 1761 236 ὄντας
1777 205 1884 237 αὐτοὺς,
1915 219 1918 224 -

255 257 325 285 quos
348 249 415 275 illud
449 254 637 282 saepenumero
662 248 813 275 cauebatur
835 257 841 274 :
865 257 874 272 ‹
904 248 1038 282 Exsurge,

255 295 343 327 Deus.
365 294 458 329 judica
475 293 622 320 terram".
637 303 645 319 I
666 293 699 320 Et
718 301 827 321 rursum
849 301 855 319 :
872 303 880 319 ι
902 293 1040 326 Quoniam

255 340 327 368 Deus
349 339 437 374 judex
454 339 541 366 est“.
557 349 565 364 ι
583 339 651 371 Quia
672 347 738 374 ergo
765 339 865 366 stultos
892 339 977 366 hosce
993 338 1041 365 Ju-

253 386 374 413 dzeorum
391 385 508 421 populos
525 385 630 412 sciebat
642 392 702 412 eam
718 385 753 412 ob
767 392 824 411 rem
840 384 988 419 indignari,
1006 385 1040 412 ab

253 431 293 459 ira
311 432 392 458 solita
406 439 453 459 eos
467 431 696 458 avocatbumano
709 438 796 462 more,
811 431 906 457 dicens
926 439 932 457 :
950 439 960 455 ι
980 429 1039 457 Non

254 485 366 512 possum
381 485 432 512 ego
448 485 464 504 a
481 477 586 512 meipso
604 477 695 504 facere
715 477 876 512 quidquam.
895 475 972 503 Sicut
992 483 1040 503 au-

253 523 310 553 dio,
322 523 427 558 judico.
453 532 462 548 ι
479 522 571 550 Prima
591 522 673 557 igitur
700 521 792 549 fronte
808 522 914 548 videtur
930 520 1039 548 Judteo-

255 577 315 596 rum
342 573 462 596 mentem
493 569 626 601 irridere;
662 567 859 595 imbecillitatis
888 567 961 594 enim
990 574 1040 594 cu-

250 615 380 650 jusdam,
404 622 459 641 non
480 618 570 641 autent
593 614 685 640 liberae
709 613 853 648 potestatis
881 612 1037 649 opinionem

254 667 310 695 pra:
336 667 366 687 se
389 660 443 687 fert
466 659 565 690 oratio,
590 659 718 694 quamvis
737 660 775 686 ita
795 666 848 685 non
867 659 903 686 sit
926 665 1037 690 revera;

253 706 353 741 quippe
378 696 440 732 eum
466 705 579 740 aequalis
594 706 630 732 sit
649 712 699 740 per
722 705 814 732 omnia
837 703 911 731 Patri
940 703 1037 737 Filius,

252 751 347 778 eadem
374 751 474 787 virtute
496 757 528 776 ac
551 754 686 784 potestate
702 750 832 785 praeditus
847 754 888 777 est
906 749 1039 776 naturali-

251 801 302 824 ter.
328 796 374 823 Ait
397 800 488 823 autem
509 803 565 823 non
590 803 670 831 posse
698 796 791 824 facere
805 804 834 823 se
850 795 1002 830 quidquam
1022 801 1038 821 a

252 843 354 876 seipso,
374 841 422 869 sed
443 842 514 870 sicut
541 842 661 869 audierit
685 842 829 876 judicare,
860 842 914 870 alio
940 849 1037 869 rursus

252 887 334 914 modo
359 887 466 922 sibiipsi
493 887 616 915 eamdem
643 888 811 915 voluntatem
841 894 874 914 ac
907 887 1036 914 virtutem

202 939 214 950 ί
232 927 235 929 λ
251 932 403 960 ostendens
419 940 481 960 esse
497 939 556 969 qua:
568 932 623 960 Deo
636 940 668 960 ac
686 933 771 960 Patri.
785 933 880 968 Neque
892 933 966 960 enim
980 932 1036 959 ulla

251 978 280 1006 in
299 986 328 1005 re
351 978 462 1013 operari
483 979 643 1006 censebitur
665 979 741 1007 solus
764 986 796 1006 ac
815 979 931 1007 seorsim
957 978 1038 1006 Pater

251 1024 357 1059 absque
374 1023 454 1056 Filio,
479 1031 542 1052 cum
560 1025 651 1058 ipsum
667 1024 767 1052 habeat
786 1026 871 1053 robur
891 1033 923 1053 ac
947 1026 1038 1053 virtu-

251 1073 317 1097 tem.
334 1069 508 1105 Quapropter
522 1079 531 1095 ι
548 1069 649 1098 Omnia
667 1076 743 1099 certe
758 1070 828 1099 facta
845 1075 911 1099 sunt
927 1079 975 1106 per
989 1072 1036 1106 ip-

251 1123 323 1147 sum,
338 1120 366 1143 et
381 1116 441 1143 sine
454 1116 514 1150 ipso
532 1116 635 1144 factum
651 1121 694 1145 est
710 1117 831 1150 nihil";
848 1127 857 1143 ι
873 1125 962 1152 neque
974 1125 1037 1145 rur-

251 1172 299 1192 sus
320 1163 423 1199 aliquid
442 1172 491 1199 per
509 1165 631 1199 seipsum
651 1164 733 1192 faciet
749 1164 848 1197 Filius,
862 1166 900 1192 ita
920 1169 950 1192 ut
975 1173 1037 1193 cum

250 1217 283 1237 eo
296 1217 349 1237 non
364 1210 398 1237 sit
412 1209 504 1236 Pater.
519 1209 628 1237 Idcirco
643 1210 716 1237 enim
730 1210 768 1237 ait
784 1219 791 1237 :
807 1220 815 1236 ι
834 1210 890 1246 Ego
903 1218 918 1238 a
931 1211 1037 1246 meipso

250 1255 323 1282 facio
342 1255 429 1283 nihil:
446 1255 528 1283 Pater
547 1261 639 1282 autent
658 1256 684 1282 in
702 1264 744 1283 me
759 1264 884 1288 manens.
899 1257 956 1292 ipse
970 1257 1038 1284 facit

250 1301 375 1335 opera”.
394 1310 403 1326 ι
419 1300 513 1336 Neque
537 1308 620 1336 porro
635 1302 811 1330 censebimus
833 1302 932 1330 Filium
956 1303 1036 1339 quasi

250 1353 283 1372 ex
304 1345 463 1372 infirmitate
487 1353 501 1372 a
523 1345 605 1374 Patre
622 1348 808 1379 corroborari,
827 1348 874 1375 sed
884 1349 914 1375 .ei
938 1356 1036 1377 rursus

249 1392 372 1418 omnium
394 1395 557 1426 potestatem
580 1393 681 1427 tribui;
699 1401 753 1421 non
773 1395 844 1421 enim
863 1398 937 1423 esset
964 1395 1036 1422 ultra

250 1442 349 1464 natura
363 1438 436 1466 Deus
453 1438 476 1466 si
495 1438 676 1466 adventitiam
691 1440 803 1467 haberet
821 1440 846 1467 in
872 1448 902 1468 se
923 1440 1034 1470 deitatis

250 1484 492 1518 pulchritudinem.
512 1485 566 1512 Sed
584 1493 634 1513 nec
650 1486 707 1521 ipse
732 1485 815 1514 Pater
837 1487 966 1515 absoluta
987 1488 1035 1515 bo-

250 1537 347 1556 norum
366 1530 513 1558 eminentia
534 1531 716 1566 prmfulgebit,
729 1532 751 1559 si
767 1536 873 1560 natura:
892 1540 949 1560 sua:
964 1533 1034 1560 cha-

249 1568 382 1604 racterem
399 1577 497 1604 habeat
512 1578 614 1605 virtute
633 1585 664 1605 ac
682 1582 818 1613 potestate
830 1580 921 1606 aliena
935 1587 1035 1607 careo-

249 1625 316 1649 tem.
337 1622 481 1655 Quaaretur
501 1623 575 1650 enim
594 1631 645 1658 pro
661 1624 768 1652 ratione
792 1625 921 1660 imaginis
940 1628 968 1652 et
991 1632 1035 1652 ar-

248 1666 375 1702 chetypi,
399 1667 445 1702 qui
479 1675 522 1695 res
548 1669 702 1696 antedictas
730 1669 873 1704 largiatur,
893 1675 974 1704 atque
998 1670 1035 1697 ita

247 1712 358 1740 demum
375 1713 402 1740 in
426 1714 605 1748 quat-stionem
626 1715 761 1742 infinitam
779 1723 872 1744 sermo
890 1716 986 1749 abibit,
1007 1721 1034 1745 et

248 1759 275 1786 in
296 1759 462 1794 profundum
489 1760 724 1795 blasphemiarum
752 1762 867 1798 pelagus
891 1767 1032 1791 excurret.

248 1806 300 1833 Sed
321 1807 463 1841 quoniam,
485 1815 519 1834 ex
534 1807 691 1835 substantia
704 1807 796 1836 Patris
812 1816 874 1836 cum
888 1809 924 1836 sit
936 1809 1032 1844 Filius,

246 1851 338 1877 omnia
355 1850 496 1879 Genitoris
514 1853 666 1879 secundum
692 1857 820 1880 naturam
849 1854 960 1889 propria
979 1855 1032 1882 sibi

245 1897 366 1930 asciscit,
384 1901 411 1925 et
428 1899 649 1926 substantialiter
667 1899 694 1926 in
712 1907 794 1926 unam
810 1907 873 1928 cum
895 1901 956 1936 ipso
975 1901 1033 1929 dei-

248 1945 340 1976 tatem,
356 1948 466 1978 propter
490 1949 594 1972 naturte
611 1944 796 1980 identitatem,
814 1948 969 1981 concurrit,
989 1951 1032 1975 est

244 1989 306 2023 ipse
323 1990 433 2025 quidem
450 1991 476 2017 in
495 1990 586 2022 Patre.
601 1999 635 2019 ac
655 1999 766 2020 rursum
781 1992 864 2020 habet
875 1993 986 2021 Patrem
1002 1994 1031 2021 in

245 2036 335 2071 seipse
355 2046 361 2064 :
378 2036 483 2064 idcirco
509 2045 581 2073 saepe
607 2038 748 2074 inculpate
774 2046 806 2066 ac
825 2047 891 2067 vere
915 2047 1029 2067 suorum

244 2089 357 2116 operum
367 2086 530 2118 potestatem
543 2084 641 2111 tribuit
652 2084 739 2118 Patri,
752 2093 807 2112 non
820 2085 894 2120 quod
907 2087 1029 2120 seipsum

245 2128 270 2156 id
282 2137 362 2164 posse
371 2134 459 2165 neget.
471 2131 518 2158 sed
528 2131 600 2166 quod
611 2133 645 2159 ad
655 2132 738 2159 unius
748 2132 938 2166 operationem
947 2133 1032 2160 deita-

244 2174 279 2201 tis
295 2175 385 2202 omnia
404 2175 512 2203 referat.
526 2176 609 2211 239
622 2177 681 2204 Una
698 2180 787 2204 autem
798 2177 887 2205 deitas
905 2177 932 2204 in
949 2178 1031 2206 Patre

242 2224 296 2250 est,
311 2227 343 2246 ac
360 2219 442 2253 Filio.
460 2226 614 2256 sanctoque
628 2221 744 2257 Spiritu.
763 2221 842 2255 Quod
866 2227 956 2250 autem
974 2231 1030 2252 non

242 2265 357 2293 inferior
373 2266 410 2293 sit
428 2266 510 2294 Patre
537 2267 624 2295 Filius
649 2267 764 2300 virtute,
785 2271 831 2295 aut
857 2269 1028 2303 operatione,

242 2311 290 2340 sed
315 2319 364 2347 per
390 2313 483 2340 omnia
513 2313 610 2341 similis
633 2317 662 2340 et
682 2313 863 2348 arquipotens,
881 2318 961 2342 antea
978 2316 1026 2343 de-

241 2359 469 2391 monstravimus,
488 2358 521 2385 ad
538 2358 616 2386 illum
640 2359 732 2386 locum
749 2366 755 2385 :
773 2369 783 2385 ι
797 2358 856 2387 Non
874 2364 966 2395 potest
980 2360 1028 2388 Fi-

241 2404 295 2431 lius
310 2412 324 2431 a
339 2413 369 2432 se
384 2403 478 2432 facere
507 2405 669 2440 quidquam,
688 2405 741 2433 nisi
757 2405 829 2441 quod
855 2407 955 2434 viderit
973 2407 1026 2434 Pa-

241 2454 309 2477 trem
326 2450 488 2477 facientem:
505 2457 678 2485 quaecunque
695 2451 768 2478 enim
783 2453 828 2479 ille
844 2452 950 2485 fecerit,
968 2453 1025 2481 haec

240 2500 265 2523 et
279 2495 367 2524 Filius
380 2496 506 2523 similiter
521 2495 596 2522 facit.
614 2506 623 2522 ι

1051 898 1073 926 Β

1049 1570 1070 1599 C

1044 2249 1069 2278 D

1095 249 1141 275 καὶ
1164 249 1220 280 τοῖς
1241 249 1323 284 ἱεροῖς
1348 249 1621 286 παιδαγωγουμένους
1643 250 1817 286 Γράμμασιν,
1839 251 1884 278 οὐν

1094 294 1225 329 ἀγνοῆσαι
1247 294 1396 328 παντελῶς,
1420 296 1460 322 ὅτι
1482 296 1547 329 θεὸς
1562 296 1637 323 ἔσται
1662 297 1711 331 τῆς
1724 297 1884 332 οἰκουμένης

1094 339 1200 375 κριτὴς,
1226 341 1287 367 ἐπεὶ
1313 341 1360 368 καὶ
1383 344 1446 377 παρ’
1462 343 1553 373 αὐτοῖς
1581 342 1710 374 πολλάκις
1740 343 1883 377 acaum-

1097 395 1106 411 ι
1131 386 1256 418 Ἀνάστα,
1281 387 1295 413 ὁ
1317 387 1392 419 Θεὸς,
1416 390 1506 424 κρῖνον
1531 388 1580 424 τὴν
1600 389 1662 424 γῆν.
1679 399 1688 415 ι
1707 390 1763 416 Καὶ
1789 389 1882 416 πάλιν·

1097 440 1106 457 t
1127 432 1187 458 ’Ὁτι
1211 433 1226 458 ό
1253 432 1318 464 Θεὸς
1343 434 1438 469 κριτής
1466 435 1548 462 ἐστιν.
1572 444 1582 460 ι
1605 435 1681 461 Ἐπεὶ
1708 434 1755 462 οὖν
1781 436 1882 468 τούτοις

1093 477 1275 511 ἀσχάλλοντας
1286 478 1344 514 ᾔδει
1358 479 1421 511 τοὺς
1432 480 1561 515 ἀνοήτους
1571 480 1626 507 τῶν
1642 481 1776 507 Ἰουδαίων
1793 481 1882 514 λαοὺς,

1093 525 1142 558 τῆς
1158 523 1243 558 αὐτῆς
1258 524 1388 559 συνήθους
1402 526 1487 560 ὀργῆς
1502 525 1622 562 ἐξίστησι
1643 526 1729 561 λέγων
1744 527 1882 562 ἀνθρωπι-

1093 567 1228 604 νώτερον
1252 578 1261 594 ι
1287 570 1324 596 Οὐ
1351 569 1469 605 δύναμαι
1499 571 1554 605 ἐγὼ
1577 573 1662 598 ποιεῖν
1692 572 1738 598 ἀπ’
1764 573 1882 607 ἐμαυτοῦ

1093 614 1177 640 οὐδέν.
1197 614 1296 647 Καθὼς
1312 616 1412 648 ἀκούω,
1430 617 1523 652 κρίνω.
1547 627 1555 643 ι
1574 618 1655 644 ’Ὅσον
1671 618 1720 653 μὲν
1736 617 1782 645 οὖν
1798 619 1880 651 ἔστιν,

1093 660 1125 686 ὲκ
1144 660 1191 687 τοῦ
1221 662 1366 697 προχείρου
1393 662 1656 698 λαϐόντας,είπείν,
1688 664 1801 700 διαγελᾷ
1830 666 1881 692 τῶν

1099 706 1231 734 Ἰουδαίων
1243 707 1288 734 τὸν
1303 708 1364 734 νοῦν
1373 717 1380 723 ·
1392 709 1532 742 ἀσθενείας
1543 710 1596 746 γάρ
1608 719 1691 744 τινος,
1707 712 1753 738 καὶ
1768 713 1797 738 οὐ
1816 713 1881 738 παν-

1091 760 1141 784 τας
1154 751 1209 789 [γρ.
1225 753 1344 790 πάντως]
1361 755 1504 791 ἐλευθέρας
1519 756 1640 789 ἐξουσίας
1652 757 1786 792 ὑπόληψιν
1800 757 1882 784 πλάτ-

1091 808 1166 827 τεται
1191 801 1237 828 τοῦ
1261 801 1340 835 λόγου
1363 802 1394 828 τὸ
1418 803 1520 838 σχῆμα,
1536 803 1592 839 ἔχει
1615 804 1642 831 δὲ
1661 806 1709 839 οὑχ
1728 805 1799 831 οὕτω
1822 805 1880 831 κατ’

1092 846 1229 881 ἀλήθειαν·
1246 847 1362 884 ἐπείπερ
1382 848 1437 881 [σος
1454 849 1491 876 ὢν
1514 851 1527 876 ὁ
1551 850 1615 882 Υἱὸς
1637 851 1707 878 κατά
1731 851 1821 877 πάντα
1845 851 1881 887 τῷ

1090 893 1188 929 Πατρὶ,
1209 894 1258 930 τὴν
1276 895 1360 931 αὐτὴν
1379 897 1519 931 ἐνέργειαν
1545 906 1575 924 τε
1605 897 1651 924 καὶ
1679 897 1804 930 ἐξουσίαν
1827 897 1881 932 ἕχει

1089 940 1220 973 φυσικῶς.
1235 940 1316 976 Λέγει
1330 941 1358 968 δὲ
1374 943 1410 978 μὴ
1421 943 1549 970 δύνασθαί
1564 953 1588 970 τι
1605 946 1691 971 ποιεῖν
1708 944 1754 979 ἀφ’
1770 944 1880 975 ἑαυτοῦ,

1089 985 1191 1021 κρίνειν
1205 986 1233 1013 δὲ
1253 986 1350 1019 οὕτως,
1368 988 1461 1024 ὥσπερ
1487 990 1520 1016 ἂν
1538 990 1669 1017 ἀκούσαι·
1690 991 1783 1026 τρόπῳ
1801 991 1880 1017 πάλιν

1089 1031 1184 1067 ἑτέρῳ,
1200 1032 1247 1058 καὶ
1263 1033 1430 1068 ἰσογνώμονα
1459 1035 1505 1061 καὶ
1523 1035 1646 1070 ἰτοσθενῆ
1669 1036 1800 1062 δεικνύων
1819 1037 1880 1062 ἐαυ-

1087 1076 1133 1103 τὸν
1146 1077 1184 1113 τῷ
1207 1078 1267 1114 Θεῷ
1290 1079 1337 1106 καὶ
1357 1081 1453 1116 Πατρί.
1479 1082 1546 1108 Οὐδὲ
1564 1081 1618 1116 γὰρ
1637 1082 1748 1118 ἐνεργὸς
1772 1084 1836 1118 περί
1853 1091 1877 1109 τι

1087 1123 1141 1149 τῶν
1153 1123 1239 1151 ὄντων
1257 1125 1319 1161 δίχα
1342 1125 1388 1152 τοῦ
1411 1127 1475 1153 Υἱοῦ
1497 1129 1574 1154 νοοῖτ¹
1596 1127 1629 1154 ἂν
1645 1129 1723 1163 μόνος
1754 1130 1801 1156 καὶ
1820 1131 1878 1156 καθ’

1088 1169 1182 1197 ἑαυτὸν
1197 1171 1212 1197 ὀ
1231 1171 1335 1207 Πατὴρ,
1356 1172 1431 1207 ἰσχὺν
1447 1173 1516 1208 ἔχων
1534 1174 1614 1200 αὐτὸν
1634 1175 1679 1201 καὶ
1693 1175 1817 1210 δύναμιν.
1835 1176 1878 1202 Διὸ

1087 1215 1119 1252 δὴ
1132 1225 1141 1242 ε
1160 1217 1252 1244 Πάντα
1266 1218 1299 1244 δι’
1309 1219 1401 1250 αὐτοῦ,
1422 1221 1469 1246 καὶ
1485 1221 1568 1256 χωρὶς
1585 1221 1667 1248 αὑτοῦ
1688 1222 1797 1257 ἐγένετο
1820 1223 1879 1249 οὐδὲ

1087 1262 1133 1288 έν·
1164 1273 1173 1289 ι
1200 1263 1252 1290 οὐδ’
1276 1262 1309 1292 αὖ
1333 1265 1413 1293 πάλιν
1434 1266 1610 1301 ὲξεργάσεταί
1634 1277 1658 1294 τι
1680 1269 1742 1295 καθ’
1756 1270 1851 1296 ἑαυτὸν
1866 1271 1879 1296 ὁ

1087 1307 1161 1339 Υἱὸς,
1178 1308 1215 1344 μὴ
1234 1309 1294 1345 οὐχὶ
1316 1311 1441 1343 συνόντος
1462 1312 1536 1347 αὐτῷ
1559 1312 1607 1339 τοῦ
1624 1314 1739 1349 Πατρός.
1761 1315 1811 1341 Διὰ
1825 1315 1878 1351 γάρ

1086 1362 1127 1380 τοι
1142 1353 1219 1380 τοῦτο
1239 1356 1285 1382 καί
1307 1364 1403 1391 φησιν·
1419 1367 1428 1382 α
1453 1357 1511 1384 Ἀπ’
1533 1359 1651 1393 ἐμαυτοῦ
1675 1361 1744 1386 ποιῶ
1755 1361 1848 1387 οὐδέν·
1865 1362 1878 1387 ό

1086 1399 1113 1425 δὲ
1134 1400 1229 1435 Πατὴρ
1248 1402 1262 1428 ὁ
1285 1402 1314 1428 ὲν
1337 1403 1398 1437 ἐμοὶ
1413 1403 1502 1438 μένων
1527 1406 1598 1431 ποιεῖ
1623 1405 1656 1432 τὰ
1670 1406 1737 1441 ἔργα
1760 1407 1851 1439 αὑτός.
1868 1417 1876 1433 ι

1086 1446 1141 1473 Καὶ
1158 1447 1188 1474 οὐ
1202 1447 1287 1483 δήπου
1304 1447 1495 1485 διακεισόμεθα
1518 1451 1700 1486 δυναμοῦσθαι
1728 1453 1777 1487 μὲν
1798 1453 1836 1485 ὠς
1850 1454 1879 1485 ἐξ

1086 1493 1227 1525 ἀσθενείας
1240 1494 1318 1530 παρὰ
1329 1493 1376 1521 τοῦ
1393 1496 1498 1532 Παερὸς
1511 1497 1555 1523 τὸν
1570 1497 1642 1530 Υὶὺν,
1655 1499 1833 1534 χορηγεῖσθαι
1852 1500 1879 1526 δὲ

1086 1538 1167 1566 πάλιν
1188 1539 1263 1574 αὐτῷ
1285 1540 1332 1567 καὶ
1357 1540 1406 1576 τὴν
1431 1542 1473 1576 ἐφ’
1491 1542 1593 1570 ἅπασιν
1618 1543 1751 1576 ἐξουσίαν·
1772 1545 1802 1571 οὐ
1825 1545 1878 1580 γὰρ

1086 1584 1118 1612 ἂν
1133 1585 1222 1612 οὐκέτι
1236 1583 1269 1621 ἦν
1284 1586 1354 1613 κατὰ
1375 1586 1455 1621 φύσιν
1469 1588 1544 1621 Θεὸς,
1567 1591 1685 1617 ἐπακτὸν
1701 1590 1796 1626 ὥσπερ
1810 1591 1877 1626 ἔχων

1086 1630 1115 1657 τὸ
1129 1631 1178 1666 τῆς
1193 1631 1318 1667 θεότητος
1332 1633 1438 1666 κάλλος.
1459 1634 1527 1660 Ἀλλ’
1541 1635 1600 1662 οὐδὲ
1614 1636 1694 1669 αὐτὸς
1709 1638 1722 1664 ὁ
1737 1638 1832 1674 Πατὴρ
1849 1639 1877 1664 ἐν

1085 1676 1214 1712 ἀκράτοις
1226 1677 1281 1704 τῶν
1295 1678 1406 1712 ἀγαθῶν
1431 1679 1578 1716 ὑπεροχαῖς
1596 1681 1635 1709 ἔτι
1657 1683 1788 1716 κείσεται,
1801 1684 1877 1711 δυνά·

1087 1731 1160 1757 μεως
1179 1723 1229 1759 τῆς
1243 1725 1308 1759 παρ’
1323 1725 1417 1761 ἑτέρου
1446 1727 1493 1753 καὶ
1520 1727 1645 1760 ἐξουσίας
1663 1729 1790 1765 δεόμενον
1808 1731 1876 1766 ἔχων

1084 1771 1129 1798 τὸν
1149 1771 1198 1805 τῆς
1214 1771 1282 1803 ιδίας
1298 1771 1407 1806 φύσεως
1431 1775 1592 1810 χαρακτῆρα
1611 1775 1698 1810 λόγον.
1720 1777 1876 1813 Ζητηθήσε-

1083 1824 1128 1843 ται
1140 1816 1193 1852 γὰρ
1208 1816 1347 1851 ἀναλόγως
1362 1819 1394 1853 τῇ
1416 1819 1500 1845 εἰκόνι
1515 1821 1562 1846 καὶ
1586 1820 1624 1856 τῷ
1650 1822 1799 1859 ἀρχετύπῳ
1823 1824 1875 1850 τῶι

1084 1862 1234 1898 εἰρημένων
1249 1863 1263 1889 ὁ
1282 1864 1409 1899 χορηγὸς,
1425 1864 1496 1892 οὕτω
1513 1875 1542 1893 τε
1565 1867 1657 1895 λοιπὸν
1672 1870 1709 1900 εἰς
1723 1870 1874 1905 ἀπέραντον

1082 1907 1195 1944 ζήτησιν
1211 1909 1224 1935 ὁ
1235 1908 1313 1952 λόγος
1335 1910 1400 1945 ἡμῖν
1415 1911 1563 1947 οἰχήσεται,
1585 1914 1633 1940 καὶ
1653 1915 1692 1946 εἰς
1710 1915 1778 1950 βαθὺ
1796 1917 1875 1952 βλασ-

1083 1954 1192 1989 φημιῶν
1215 1954 1391 1990 ἐκδραμείται
1413 1957 1538 1992 πέλαγος.
1561 1959 1630 1986 Ἀλλ’
1644 1961 1758 1998 ἐπείπερ
1775 1963 1807 1989 ἐκ
1825 1963 1874 1998 τῆς

1081 1999 1128 2025 τοῦ
1143 1999 1250 2036 Πατρδς
1268 2000 1364 2033 οὐσίας
1386 2002 1516 2039 ὑπάρχων
1538 2004 1552 2030 ὁ
1574 2005 1646 2038 Υἱὸς,
1665 2006 1753 2034 πάντα
1774 2009 1809 2035 τὰ
1828 2009 1872 2036 τοῦ

1081 2045 1262 2080 γεννήσαντος
1287 2046 1340 2072 ἴδια
1364 2048 1434 2074 κατὰ
1451 2049 1531 2082 φύσιν
1551 2051 1692 2085 ἐπάγεται,
1709 2054 1754 2079 καὶ
1775 2055 1868 2082 οὑσιω-

1081 2090 1133 2136 δῷς
1148 2091 1293 2127 ἀνατρέχει
1307 2092 1376 2128 πρὸς
1395 2094 1459 2129 μίαν
1474 2095 1547 2131 αὑτῴ
1562 2095 1687 2132 θεότητα,
1706 2099 1749 2126 διὰ
1772 2100 1803 2126 τὸ
1824 2101 1873 2136 τῆς

1081 2135 1188 2171 φύσεως
1208 2136 1416 2172 ἀπαράλλακτον
1433 2140 1510 2175 (ἐστι
1536 2142 1584 2176 μὲν
1610 2143 1690 2176 αὐτὸς
1715 2146 1744 2172 ὲν
1773 2135 1870 2182 Παςρλ,

1080 2182 1136 2218 ἔχει
1154 2183 1176 2209 δ’
1189 2182 1223 2210 αὖ
1237 2184 1318 2211 πάλιν
1329 2185 1358 2211 ἐν
1375 2186 1463 2222 ἑαυτῷ
1475 2187 1518 2214 τὸν
1533 2188 1663 2226 Πατέρα)·
1679 2191 1724 2219 διά
1736 2201 1778 2220 τοι
1795 2193 1872 2220 τοῦτο

1081 2228 1212 2260 πολλάκις
1226 2229 1442 2266 ἀκατηγορήτως
1452 2241 1483 2258 τε
1494 2233 1541 2259 καὶ
1553 2235 1660 2271 ἀληθῶς
1675 2237 1818 2274 ἀνατίθησι
1833 2239 1871 2274 τῷ

1082 2275 1170 2310 Πατρὶ
1184 2275 1237 2301 τῶν
1249 2276 1357 2303 οἰκείων
1377 2277 1465 2312 ἔργων
1479 2279 1529 2314 τὴν
1542 2280 1666 2316 δύναμιν,
1681 2283 1730 2310 οὐκ
1750 2283 1804 2316 ἔξω
1824 2285 1869 2311 τοῦ

1079 2319 1207 2348 δύνασθαι
1217 2320 1300 2353 τιθεὶς
1311 2321 1415 2354 ἑαυτὸν,
1425 2323 1491 2351 ἀλλὰ
1500 2326 1533 2360 τῇ
1547 2326 1669 2363 ἐνεργείᾳ
1678 2328 1726 2362 τῆς
1736 2330 1801 2362 μιᾶς
1814 2330 1870 2356 θεό-

1079 2375 1158 2400 τητος
1169 2366 1202 2392 τὰ
1217 2366 1305 2393 πάντα
1315 2368 1484 2403 προσνέμων.
1494 2370 1550 2397 Μία
1557 2371 1584 2397 δὲ
1597 2373 1613 2407 ἠ
1627 2372 1721 2409 θεότης
1734 2375 1762 2401 ἐν
1771 2375 1868 2411 "arpi,

1080 2412 1125 2439 ml
1136 2411 1203 2447 Υἱῷ,
1217 2412 1264 2439 καὶ
1274 2412 1342 2448 ἁγίῳ
1353 2414 1501 2449 Πνεύματι.
1511 2417 1571 2443 ’Ότι
1586 2418 1614 2444 δὲ
1624 2418 1674 2445 οὐκ
1683 2419 1802 2449 ἐλάττων
1813 2422 1869 2448 ἐστὶ

1078 2455 1125 2483 τοῦ
1137 2456 1243 2491 Harpe;
1258 2457 1272 2482 ὁ
1284 2457 1355 2489 Υἱὸς,
1371 2457 1387 2493 ἢ
1403 2460 1473 2487 κατὰ
1490 2460 1612 2496 δύναμιν,
1626 2463 1642 2498 ἢ
1657 2464 1715 2490 κατ’
1730 2466 1868 2501 ἐνέργειαν

1079 2502 1127 2536 τὴν
1145 2502 1190 2528 ὲπί
1206 2510 1286 2533 τισιν,
1301 2503 1357 2529 ἀλλ’
1374 2503 1465 2538 ὅμοιος
1486 2507 1557 2533 κατὰ
1578 2508 1667 2535 πάντα
1699 2510 1747 2536 καὶ
1765 2512 1868 2538 ἰσοσθε-

241 2539 298 2574 νὴς,
316 2540 362 2566 καὶ
383 2540 416 2566 δι’
446 2539 546 2575 ἐτέρων
562 2541 628 2574 ἡμῖν
651 2541 846 2575 ἀποδέδεικται,
867 2543 1047 2578 προκειμένου
1067 2545 1150 2580 ῥητοῦ
1162 2554 1169 2561 ·
1188 2556 1196 2571 ι
1215 2547 1252 2572 Οὺ
1266 2546 1376 2575 δύναται
1390 2549 1404 2574 6
1420 2549 1483 2581 Υίὺς
1504 2553 1590 2578 ποιεῖν
1611 2555 1766 2588 ἀφ’ἑαυτοῦ
1780 2559 1865 2587 οὐδὲν,

241 2586 286 2612 ἐὰν
311 2587 347 2621 μή
363 2595 389 2612 τι
410 2585 495 2622 βλέπῃ
522 2586 567 2613 τὸν
593 2588 701 2623 Πατέρα
729 2588 864 2616 ποιοῦντα·
885 2589 903 2616 ἃ
918 2590 972 2626 γὰρ
995 2591 1028 2617 ἂν
1046 2592 1148 2624 ἐκεῖνος
1167 2595 1239 2628 ποιῇ,
1254 2593 1339 2621 ταῦτα
1353 2594 1427 2622 καιό
1442 2597 1505 2629 Υἱὸς
1519 2598 1618 2633 ὁμοίως
1635 2585 1715 2628 ποιεῖ,
1733 2612 1741 2627 ι

275 2631 328 2658 Sed
350 2631 479 2666 quoniam
499 2631 601 2661 divinis
617 2633 790 2669 dogmatibus
801 2636 870 2662 citra
887 2636 969 2663 ullam
983 2643 1026 2664 se-

239 2677 351 2713 gnitiem
367 2677 523 2706 incumbere
533 2686 638 2714 aequum
648 2688 708 2708 esse
718 2686 809 2708 statuo
819 2703 826 2715 ,
839 2689 888 2717 age
903 2690 1023 2714 rursum,

239 2727 384 2750 nautarum
395 2731 482 2757 more,
495 2728 578 2752 totam
589 2727 687 2761 capitis
702 2728 837 2754 rationem
854 2727 940 2755 instar
949 2727 1024 2755 funis

239 2769 410 2804 colligamus.
424 2769 470 2798 Sic
482 2770 554 2798 enim
568 2771 661 2799 videre
677 2772 741 2800 licet
756 2772 855 2800 Filium
873 2781 951 2800 suam
967 2781 1021 2800 non

237 2819 363 2845 incusare
383 2821 521 2850 naturam,
537 2818 602 2845 dum
617 2819 654 2845 ait
672 2827 724 2846 non
742 2828 822 2854 posse
838 2827 851 2846 a
868 2821 960 2855 spipso
980 2820 1022 2847 fa-

272 2871 294 2887 "
314 2871 385 2900 Psal.
402 2881 493 2907 tum,
511 2874 537 2901 8.
577 2875 596 2889 ⁷¹
620 2874 690 2902 l‘sal.
710 2883 798 2909 Lxxw,
819 2877 844 2904 8.

884 2877 905 2891 τ’
927 2877 1050 2912 Βυρεέίι,
1068 2878 1093 2905 5.

1119 2638 1227 2674 Ἐπειδὴ
1243 2639 1271 2666 δὲ
1284 2641 1334 2674 τὴν
1348 2641 1377 2667 ὲν
1392 2642 1447 2672 τοῖς
1461 2642 1548 2674 θείοις
1562 2643 1694 2679 δόγμασιν
1708 2647 1865 2682 ἀξιεραστο-

1075 2684 1160 2719 τάτην
1180 2684 1308 2720 σπουδὴν,
1325 2686 1403 2713 ὄκνου
1430 2688 1531 2720 παντὸς
1554 2689 1750 2725 ἀναφαίνεσθαι
1774 2695 1865 2729 κρείτ-

1074 2737 1148 2761 τονα,
1170 2730 1273 2765 δίκμιόν
1291 2740 1320 2758 τε
1341 2733 1388 2759 καὶ
1409 2734 1512 2769 πρέπον
1530 2735 1712 2771 ὑπολαμϐάνω
1724 2747 1730 2753 ·
1749 2739 1816 2774 φέρε
1833 2740 1864 2774 δὴ

1074 2775 1154 2802 πάλιν
1179 2777 1235 2808 τοῖς
1258 2777 1287 2802 ὲν
1315 2779 1347 2813 τῇ
1373 2778 1491 2815 θαλάττῃ
1517 2782 1650 2814 ναυτίλοις
1664 2784 1805 2817 ποιοῦντες
1832 2787 1864 2812 τὰ

1073 2821 1260 2857 παραπλήσια,
1277 2823 1392 2857 σχοινίου
1412 2826 1482 2857 τινος
1499 2826 1585 2862 δίκην,
1601 2829 1660 2855 ὅλον
1681 2830 1802 2862 εἰσαῦθις
1819 2831 1864 2858 τὸν

1133 2878 1155 2893 ⁷³
1169 2877 1248 2904 .ioan-
1269 2887 1323 2912 xtv,
1344 2880 1384 2907 10.
