2026 3123
119 174 174 203 389

630 170 661 197 IN
679 168 823 198 JOANNIS
843 167 1069 196 EVANGlZLIL'M
1103 168 1167 196 Lm.
1186 151 1217 195 ιι.

1649 184 1654 189 ι
1696 171 1749 201 390

120 229 168 255 τ’.ρῦ
195 227 340 262 κεφαλαίου
369 226 446 260 λόγον
479 225 727 260 ἁναμηρυσώμεθα.
754 225 832 251 Ἔστι
858 223 912 258 γὰρ

966 230 1026 250 cere
1041 223 1204 258 quidquam,
1220 223 1267 251 scd
1295 224 1388 260 potius
1419 224 1577 252 Iudaeorum
1603 226 1749 261 reprehen-

121 274 208 306 οὕτως
233 273 307 304 ἰδεῖν,
327 273 356 299 οὐ
384 272 432 307 τῆς
459 271 555 298 ἑαυτοῦ
578 271 684 306 φύσεως
709 269 911 306 κατηγοροῦντα

121 320 168 346 τὸν
184 319 247 346 Υἱδν
264 319 297 344 δι’
317 317 398 344 αὑτοῦ
416 317 462 344 τοῦ
481 317 569 351 λέγειν
583 317 620 352 μὴ
636 316 767 344 δύνασθαί
783 325 808 342 τι
825 317 911 342 ποιεῖν

112 364 168 395 ἀφ’
193 363 300 395 ἑαυτοῦ,
328 363 396 390 ἀλλὰ
416 363 516 398 μᾶλλον
541 362 590 398 τὴν
616 362 669 389 τῶν
690 362 823 390 Ἰουδαίων
843 361 911 389 ἁπό-

122 418 197 437 νοισιν
220 410 404 444 ἐξελέγχοντα,
431 409 480 435 καὶ
506 409 586 436 αὐτὸν
607 408 635 434 δὲ
660 408 704 435 τὸν
725 408 768 435 διὰ
791 407 912 440 Μωσέως

123 457 297 491 πατήσαντας
313 455 393 490 νόμον
408 455 556 490 διαρρήδην
575 454 783 482 ἐπιδεικνύοντα.
806 455 842 480 Τὸ
859 454 912 489 γὰρ

122 501 203 533 εὐθὺς
225 500 417 535 ἐπεισάγεσθαι
445 499 494 534 τῷ,
512 509 521 525 ι
546 499 582 526 Οὑ
607 499 722 535 δύναμαι
746 500 800 534 ἐγὼ
827 501 912 526 ποιεῖν

122 548 170 574 ἀπ’
183 547 302 582 ἐμαυτοῦ
322 546 413 578 οὐδὲν,
432 556 441 572 ι
457 545 487 572 τὸ
506 555 515 572 ‹
532 545 632 577 Καθὼς
644 544 755 576 ἀκούω,
774 544 858 580 κρίνω
871 565 878 578 ,
899 554 909 571 ι

122 592 256 629 λοιδορίας
277 593 325 628 μὲν
339 592 448 627 ἁπάσης
461 592 510 627 τῆς
525 591 571 618 ἐπὶ
592 591 622 618 τὸ
642 590 678 626 μὴ
699 590 826 617 δύνασθαι
847 590 912 626 δρᾷν

122 639 153 670 ἐξ
168 639 271 670 οἰκείας
285 638 423 673 δυνάμεως
440 637 578 672 ὲλευθεροῖ
590 636 635 663 τὸν
652 637 726 664 Υἱόν·
745 636 913 671 φιλοπάτορα

122 685 151 710 δὲ
180 684 226 711 καὶ
242 683 420 718 συνεθελητὴν
435 683 474 718 τῷ
487 683 647 718 γεννήσαντι
673 682 744 708 κατὰ
765 682 852 708 πάντα
865 691 912 708 σα-

124 731 181 764 φῶς
201 729 354 763 ἀποφαίνει.
371 729 402 755 Εἰ
422 729 474 764 γὰρ
489 728 608 764 ὡσπερεὶ
623 727 702 763 τυχὸν
717 728 849 764 ἀτονήσας
863 727 912 763 τὴν

122 777 155 803 ἐκ
170 775 276 812 Harpe;
299 774 448 807 ἐδανείζετο
471 774 597 809 δύναμιν,
616 774 654 806 ὡς
676 774 726 800 οὐκ
746 773 912 809 ἐξαρκοῦσαν

121 823 192 858 ἔχων
212 823 258 857 ἀφ’
276 822 382 854 ἑαυτοῦ,
400 821 457 852 πῶς
473 822 523 848 οὐκ
540 821 592 847 ἔδει
625 820 723 856 μᾶλλον
740 820 842 851 εἰπεῖν,
875 819 911 845 Οὐ

120 869 239 904 δύναμαι
253 869 308 903 ἐγὼ
324 869 409 895 ποιεῖν
426 868 472 894 ἀπ’
487 866 606 902 ἐμαυτοῦ
623 867 710 899 οὐδὲν,
735 865 866 900 λαμϐάνω
884 865 912 892 δὲ

121 914 152 940 τὸ
171 913 301 940 δύνασθαι
322 913 396 949 παρὰ
411 912 458 940 τοῦ
478 912 603 948 Πατρός;
630 912 697 938 Νυνὶ
712 911 739 938 δὲ
769 911 846 938 τοῦτο
863 911 912 947 μὲν

120 960 171 986 οὐκ
190 959 283 992 εἰπὼν,
297 959 451 994 ἐπενεγκὼν
472 959 500 985 δὲ
515 959 615 996 μᾶλλον
630 958 669 994 τῷ
686 958 722 994 μὴ
740 958 869 985 δύνασθαί
885 967 912 985 τι

119 1005 186 1040 δρᾷν
209 1005 255 1038 ἀφ’
279 1004 386 1036 ἑαυτοῦ,
411 1004 442 1030 τὸ
464 1004 567 1039 κρίνειν
583 1004 680 1037 οὕτως,
695 1004 789 1038 ὥσπερ
812 1004 845 1031 ἂν
867 1005 913 1031 καὶ

119 1050 246 1081 ἀκούσαι,
262 1050 341 1085 δῆλος
357 1050 389 1077 ἂν
405 1050 448 1085 εἴη
471 1050 563 1077 λοιπὸν
576 1071 583 1083 ,
609 1051 660 1077 οὐκ
677 1051 719 1077 ἐπ’
737 1050 864 1086 ἀσθενείᾳ
878 1052 912 1086 τῇ

120 1097 180 1122 κατ’
198 1097 338 1132 ἐνέργειαν
352 1096 401 1132 τὴν
425 1096 470 1123 ἐπί
486 1105 541 1123 τισι
567 1097 598 1123 τὸ
613 1098 649 1133 μὴ
671 1097 799 1125 δύνασθαι
821 1106 914 1124 συντε-

120 1141 229 1173 θεικὼς,
245 1142 302 1168 ἀλλ’
319 1142 364 1168 ἐπὶ
380 1141 417 1176 τῷ
436 1141 473 1177 μὴ
497 1142 652 1177 ἐνδέχεσθαι
674 1143 851 1179 παραὸαίνειν
866 1142 913 1169 αὐ-

120 1188 165 1214 τὸν
181 1188 254 1214 κατὰ
265 1197 292 1214 τι
307 1188 372 1222 γοῦν
385 1188 415 1214 τὸ
434 1188 541 1223 θέλημα
565 1187 612 1214 τοῦ
636 1189 751 1225 Πατρός.
768 1189 842 1220 Μιᾶς
858 1188 912 1224 γὰρ

121 1233 249 1268 θεότητος
264 1234 311 1269 τῆς
327 1235 354 1260 ἐν
371 1234 456 1268 Πατρὶ
472 1234 518 1260 καὶ
533 1234 589 1269 Υίῴ
602 1235 759 1270 νοουμένης,
775 1234 850 1261 ἔσται
864 1234 913 1270 δή·

120 1287 173 1304 που
191 1280 300 1310 πάντως
317 1281 363 1306 καὶ
387 1279 492 1314 θέλημα
510 1280 619 1312 ταυτὸν,
632 1279 693 1306 οὗτε
715 1280 743 1306 δὲ
765 1281 793 1306 ὲν
813 1280 912 1315 Πατρί,

122 1325 182 1351 οἶιτε
202 1326 255 1360 μὴν
269 1326 298 1351 ὲν
312 1325 378 1361 Υἱῷ,
391 1326 408 1361 ἢ
426 1327 472 1352 καὶ
491 1326 530 1361 τῷ
554 1326 623 1362 ἁγίῳ
648 1326 786 1361 Πνεύματι
802 1326 913 1353 στασιά-

123 1371 207 1401 ζουςά
230 1379 295 1397 ποτε
317 1371 376 1397 καθ’
395 1372 493 1406 ἑαυτῆς
513 1372 528 1406 ἡ
548 1371 616 1404 *θεία
639 1371 718 1406 φύσις
742 1371 911 1407 νοηθήσεται,

122 1417 180 1443 ἀλλ’
196 1417 264 1452 ὅπερ
290 1417 322 1443 ἂν
342 1417 415 1450 δόξαι
441 1417 478 1452 τῷ
504 1417 591 1453 Πατρὶ
618 1417 706 1452 τυχὸν,
728 1417 806 1444 τοῦτο
824 1418 913 1452 πάσης

123 1465 182 1490 ἐπὶ
199 1465 247 1499 τῆς
265 1465 389 1500 θεότητος
406 1465 520 1500 θέλημα,
546 1465 714 1500 Ἀναγκαίως
734 1464 877 1500 τοιγαροῦν
899 1465 914 1491 ὁ

127 1510 198 1541 Υἱὸς,
218 1511 412 1545 συνευδοκητὴν
426 1510 520 1546 ὥσπερ
532 1511 591 1538 τινὰ
617 1511 664 1537 καὶ
679 1511 912 1545 συγκατανεύοντα

122 1555 161 1590 τῷ
171 1556 270 1591 Πατρὶ,
284 1556 350 1591 πρὸς
363 1556 411 1591 τὴν
425 1556 467 1591 ἐφ’
482 1553 558 1592 ᾧπερ
573 1556 605 1583 ἂν
617 1556 699 1588 δόξειε
714 1556 804 1592 ψῆφον
816 1556 910 1584 ἑαυτὸν
925 1559 945 1589 C

124 1602 256 1638 εἰσφέρει,
277 1603 313 1637 μὴ
336 1602 462 1629 δύνασθαί
486 1611 512 1629 τι
535 1603 600 1638 δρᾷν
623 1603 820 1639 ἐξηγούμενος,
844 1603 857 1629 ὃ
874 1603 910 1638 μὴ

125 1648 232 1680 πάντως
248 1649 306 1675 ἐστὶ
323 1649 391 1676 κατὰ
413 1649 525 1685 γνώμην
548 1649 594 1676 τοῦ
619 1650 734 1684 Πατρός.
759 1648 844 1676 Τοῦτο
858 1650 911 1685 γὰρ

124 1696 190 1729 ἡμῖν
211 1695 339 1729 σημαίνει
354 1695 393 1727 τὸ,
408 1704 417 1720 ι
437 1696 484 1722 ἀπ’
502 1694 630 1730 ἐμαυτοῦ·
647 1705 657 1721 ›
674 1695 768 1732 ὥσπερ
782 1695 815 1723 ἂν
828 1697 852 1722 εἰ
867 1696 912 1722 λέ-

125 1749 167 1771 γοι
185 1741 224 1776 μὴ
239 1740 367 1767 δύνασθαι
390 1741 455 1777 δρᾷν
478 1741 624 1777 ἁμαρτίαν,
647 1742 698 1768 οὐκ
719 1741 751 1768 ἄν
774 1750 813 1777 τῳ
839 1742 912 1775 δόξαι

124 1786 236 1818 δικαίως
250 1786 390 1818 ἀσθενείας
413 1787 556 1822 ὑπομεῖναι
582 1786 698 1822 γραφὴν,
716 1787 870 1821 ἐξηγεῖσθαι
885 1786 912 1812 δὲ

127 1833 227 1867 μᾶλλον
252 1833 415 1867 ὰξιάγαστόν
442 1841 469 1859 τι
495 1833 542 1860 καὶ
562 1832 718 1868 ’θεοπρεπὲς
741 1833 792 1867 τῆς
813 1833 914 1864 οἰκείας

126 1879 233 1913 φύσεως
251 1878 361 1913 ἰδίωμαο
377 1878 417 1905 ὅτι
433 1878 487 1914 γὰρ
501 1878 634 1914 ἄτρεπτος
649 1887 679 1904 τε
701 1878 748 1904 καὶ
770 1878 915 1904 ἀναλλοίωι

125 1933 170 1956 τος
187 1925 402 1960 ὑπάρχειβηλοῖ.
420 1924 512 1957 Οὕτως
528 1925 592 1951 ὅταν
605 1924 651 1959 ἀφ’
669 1924 765 1951 ἑαυτοῦ
783 1924 820 1960 μὴ
836 1924 916 1951 δύνα-

127 1969 189 1996 σθαί
212 1979 238 1996 τι
262 1971 347 1996 ποιεῖν
370 1969 504 2004 ὁμολογῇ,
527 1969 791 2005 καταπλαγησόμεθα
804 1969 914 2004 μᾶλλον,

126 2016 234 2050 φύσεως
250 2016 384 2051 ἀτρέπτου
397 2016 501 2051 καρπὸν
516 2014 632 2051 ὁρῶντες
644 2014 673 2041 τὸ
687 2014 830 2050 ἄτρεπτον,
844 2016 916 2050 ἢπερ

125 2062 175 2088 οὐκ
200 2061 337 2097 εὐκαίρως
367 2061 404 2092 ὡς
427 2060 569 2093 ἀσθενείας
597 2061 764 2096 σημαντικὸν
786 2061 816 2087 τὸ
837 2069 847 2087 σ
879 2061 916 2096 μὴ

125 2106 257 2133 δύνασθαι
278 2117 286 2133 ι
306 2106 479 2142 λογιούμεὼι.
498 2106 590 2133 Ταῦτα
612 2106 640 2133 δὲ
664 2106 745 2142 πᾲλιν
767 2107 833 2142 ἡμῖν
852 2107 917 2133 ἀνα-

124 2152 211 2186 λόγως
237 2153 286 2187 μὲν
307 2153 364 2184 τοῖς
389 2152 544 2188 εἰρημένοις
560 2152 679 2188 εἰρήσθω
702 2152 825 2187 μέτροις·
839 2153 918 2188 ἐρευ-

125 2198 201 2225 νᾶιτω
216 2199 245 2224 δὲ
258 2199 272 2225 ὁ
290 2198 440 2234 φιλομαθὴς
454 2198 488 2225 τὰ
502 2198 632 2234 βελτίονα.
649 2198 848 2233 Διερμηνεῦσαι
863 2198 917 2234 μὴν

963 267 1027 295 dere
1048 268 1204 301 stultitiam,
1226 272 1253 296 et
1271 274 1363 304 aperte
1381 271 1524 298 ostendere
1539 271 1573 298 ab
1592 271 1626 298 iis
1638 272 1750 299 concut-

963 315 1019 342 cari
1032 315 1118 349 lcgem
1130 314 1217 349 ipsam
1233 314 1392 343 Mosaicam.
1405 316 1483 350 Quod
1496 318 1568 345 enim
1581 317 1625 345 his
1637 319 1726 346 verbis
1739 338 1747 351 ,

966 370 974 386 (
995 359 1054 387 Non
1079 368 1191 395 possum
1212 368 1261 396 ego
1289 360 1380 388 facere
1397 369 1412 388 a
1428 362 1533 397 meipso
1555 364 1714 399 quidquam,
1737 374 1747 391 ι

962 407 1055 434 statim
1070 406 1247 442 subjungitur
1263 406 1341 439 illud,
1356 417 1365 432 ι
1379 406 1455 435 Sicut
1470 409 1674 444 audio,judico,
1688 419 1696 435 ι
1715 409 1749 437 ab

962 454 1036 480 omni
1054 453 1178 481 convicio
1199 452 1296 480 Filium
1321 453 1419 481 liberat
1443 461 1497 489 quo
1523 454 1592 481 nihil
1610 463 1643 482 ex
1659 463 1709 483 sua
1723 455 1749 482 vi

963 505 1043 533 posse
1070 498 1160 526 facere
1183 498 1284 526 dicitur
1305 508 1312 526 :
1334 498 1409 527 Patri
1436 507 1500 527 vero
1531 500 1747 535 obsequentem,

962 545 1042 579 eique
1084 544 1111 571 in
1155 544 1283 572 omnibus
1323 545 1407 572 rebus
1443 545 1650 580 astipulatorem
1689 553 1750 574 esse

963 594 1056 625 aperte
1069 591 1246 618 demonstrat.
1256 591 1323 618 Nam
1335 591 1357 618 si
1373 599 1428 626 pra‘.
1443 592 1601 619 inﬁrmitate
1614 591 1748 627 quodam-

963 638 1044 664 modo
1069 644 1084 664 ει
1109 636 1191 664 Patre
1207 638 1336 664 virtutem
1361 639 1509 673 acciperet,
1527 639 1605 672 quasi
1626 645 1641 665 a
1657 638 1749 672 seipso

963 683 1141 710 suilicientem
1162 691 1216 710 non
1235 683 1344 716 habeat,
1359 684 1406 718 qui
1426 691 1480 711 non
1495 685 1584 719 potius
1596 684 1687 712 dicere
1703 683 1750 711 de-

963 728 1053 761 bebat,
1080 727 1140 756 Non
1167 736 1280 764 possum
1308 737 1359 764 ego
1388 729 1476 756 facere
1505 737 1520 756 a
1544 730 1648 764 nteipso
1668 728 1750 764 quid-

963 782 1057 809 quam;
1079 775 1126 802 sed
1142 775 1249 810 accipio
1266 779 1429 811 potestatetn
1459 783 1473 802 a
1489 775 1588 802 Patre?
1613 775 1672 802 Jam
1686 783 1750 804 vero

963 827 1025 846 cttnt
1047 820 1121 848 istud
1138 828 1191 848 non
1206 821 1317 853 dixerit,
1331 821 1379 848 sed
1394 825 1570 856 posteaquam
1587 821 1750 856 signiﬁcavit

964 873 1018 892 non
1035 873 1116 900 posse
1132 874 1146 893 a
1159 867 1250 901 seipso
1263 866 1354 894 facere
1368 866 1529 902 quidquam,
1545 867 1670 894 intulerit
1699 875 1750 902 po-

965 913 1018 940 tius
1042 913 1166 946 judicare
1197 921 1226 941 se
1253 913 1327 942 sicut
1351 913 1479 946 audierit,
1507 913 1682 941 manifestum
1709 918 1750 940 est

963 966 1017 986 non
1035 959 1070 986 ob
1086 959 1271 987 iulirmitatcm
1287 960 1314 986 in
1329 960 1469 987 nonnullis
1495 959 1626 987 faciendis
1647 960 1750 990 dixisse

963 1012 993 1033 se
1013 1012 1067 1032 non
1087 1012 1179 1039 posse,
1196 1005 1244 1033 sed
1260 1006 1332 1040 quod
1357 1013 1391 1032 ne
1407 1006 1460 1032 ulla
1478 1005 1587 1040 quidem
1604 1005 1632 1032 in
1648 1013 1678 1033 re
1698 1005 1750 1032 Pa-

964 1050 1014 1077 tris
1040 1050 1206 1078 voluntatem
1225 1051 1312 1086 possit
1331 1051 1518 1086 prcetergredi.
1537 1051 1603 1078 Nam
1616 1059 1678 1078 cum
1696 1058 1749 1078 una

963 1095 991 1123 in
1015 1095 1095 1123 Patre
1115 1099 1142 1124 et
1167 1096 1236 1123 Filio
1263 1097 1350 1125 deitas
1368 1097 1549 1131 intelligatur,
1575 1097 1627 1123 erit
1656 1097 1750 1131 utique

963 1141 1056 1169 eadem
1074 1142 1154 1169 etiam
1169 1142 1308 1175 voluntas,
1326 1150 1415 1176 neque
1437 1150 1499 1170 vero
1514 1143 1541 1169 in
1557 1142 1646 1175 Patre,
1660 1150 1749 1177 neque

963 1186 1032 1214 adeo
1050 1187 1076 1214 in
1094 1187 1162 1214 Filio
1177 1186 1327 1222 sancteque
1343 1187 1447 1223 Spiritu
1463 1188 1610 1216 dissentire
1627 1195 1748 1223 unquam

963 1240 978 1259 a
992 1239 1022 1259 se
1035 1236 1133 1258 natura
1155 1232 1246 1259 divina
1262 1232 1432 1264 censebitur,
1450 1231 1498 1259 sed
1513 1231 1587 1266 quod
1605 1231 1680 1258 Patri
1693 1231 1749 1266 pla-

963 1278 1127 1309 cuerit,hoc
1144 1282 1198 1304 tota
1221 1278 1277 1305 vult
1288 1278 1387 1305 dcitas.
1409 1277 1572 1305 Necessario
1599 1277 1691 1312 itaque
1706 1275 1749 1303 Fi-

963 1325 1017 1352 lius
1031 1324 1186 1351 consentire
1205 1332 1234 1351 se
1251 1328 1277 1351 et
1291 1332 1412 1352 annuerc
1427 1323 1501 1351 Patri
1515 1331 1686 1359 quotcunque
1704 1330 1749 1351 res

963 1370 987 1398 ei
1014 1370 1148 1405 placuerit
1173 1369 1321 1404 signiﬁcat,
1348 1369 1452 1396 docens
1472 1376 1527 1395 non
1557 1375 1638 1403 posse
1662 1367 1751 1395 facere

963 1414 1113 1449 quidquam
1137 1413 1208 1449 quod
1234 1413 1328 1449 utique
1349 1420 1405 1440 ιιοιι
1425 1413 1460 1440 sit
1483 1413 1561 1448 juxta
1577 1412 1667 1440 Patris
1687 1419 1751 1440 sen-

964 1460 1087 1487 tentiam.
1105 1459 1162 1486 lioc
1185 1459 1258 1487 enim
1284 1459 1421 1494 signiﬁcat
1446 1458 1514 1486 illud
1534 1468 1543 1484 ι
1569 1465 1583 1484 a
1599 1457 1716 1493 meipso,
1739 1466 1748 1484 ι

964 1509 993 1532 ιιι
1010 1505 1032 1530 si
1060 1504 1165 1531 diceret
1191 1511 1246 1530 non
1270 1511 1351 1538 posse
1376 1502 1458 1538 24η
1475 1502 1566 1530 facere
1595 1505 1750 1537 peccatum.

965 1558 1044 1578 netuo
1060 1549 1260 1576 existimaverit
1282 1556 1344 1576 eum
1362 1548 1560 1576 imbecillitatis
1585 1548 1649 1583 jure
1667 1555 1751 1575 accu-

962 1597 1029 1627 sari,
1047 1595 1094 1623 sed
1121 1595 1272 1622 mirabilem
1292 1593 1438 1629 quamdam
1462 1601 1493 1621 ac
1515 1594 1635 1621 divinam
1658 1593 1752 1628 potius

962 1647 1067 1675 naturae
1081 1649 1136 1669 sua:
1146 1641 1282 1676 explicare
1293 1639 1488 1675 proprietatem
1499 1639 1671 1667 :ostcndcret
1679 1639 1751 1666 ettitn

963 1695 992 1714 se
1011 1686 1172 1714 mutationis
1186 1690 1214 1713 et
1236 1685 1408 1713 alterationis
1436 1685 1585 1712 immunem
1607 1685 1751 1712 exsistere.

964 1732 1001 1759 Ita
1019 1739 1080 1759 cum
1097 1740 1113 1759 a
1139 1731 1231 1766 seipso
1256 1738 1313 1758 non
1335 1737 1418 1762 posse
1441 1729 1530 1757 facere
1552 1737 1582 1756 se
1601 1729 1753 1764 quidquam

963 1778 1118 1813 proﬁtetur,
1139 1777 1303 1804 mirabimur
1326 1776 1418 1811 potius
1442 1775 1623 1802 immutabilis
1648 1779 1755 1801 natura!

965 1823 1083 1851 fructum
1100 1822 1298 1850 immutabilem
1310 1825 1467 1854 cernentes,
1479 1828 1562 1856 quam
1578 1820 1656 1852 illud,
1673 1830 1682 1846 ι
1698 1827 1754 1847 non

965 1876 1058 1904 posse,
1078 1878 1087 1894 ι
1105 1868 1291 1896 inﬁrmitatem
1315 1867 1471 1902 signiﬁcare
1492 1866 1686 1901 intempestive
1701 1874 1754 1900 pu-

967 1915 1097 1942 tabimus.
1124 1914 1187 1942 Haec
1209 1918 1299 1941 autem
1325 1921 1436 1940 rursum
1464 1913 1545 1940 nobis
1573 1920 1622 1947 pro
1648 1911 1756 1939 ratione

966 1969 1062 1990 eorum
1089 1968 1150 1996 qua),
1175 1963 1239 1987 ante
1267 1959 1338 1986 dicta
1360 1963 1425 1986 suttt
1445 1958 1594 1992 sulIiciant;
1616 1961 1755 1985 scrutetur

967 2015 1049 2044 porro
1066 2006 1188 2035 discendi
1207 2005 1349 2034 studiosus
1366 2005 1491 2032 meliora.
1506 2004 1651 2039 Explieare
1664 2008 1754 2031 tamen

967 2055 1069 2081 dictum
1084 2052 1151 2080 illud
1166 2053 1220 2079 alio
1237 2051 1317 2079 modo
1334 2058 1390 2078 non
1415 2050 1598 2086 gravabituur,
1615 2050 1754 2085 paululum

967 2100 1098 2136 quiddam
1120 2099 1154 2127 de
1169 2098 1279 2126 deitatis
1298 2097 1452 2125 rationibus
1466 2102 1493 2124 et
1508 2096 1646 2132 Unigeniti
1663 2097 1755 2124 excel-

968 2145 1052 2173 lentia
1065 2144 1180 2172 dicendo
1194 2143 1362 2173 minuentes,
1378 2148 1405 2170 et
1419 2143 1548 2177 quoniam
1566 2142 1647 2170 homo
1660 2149 1755 2170 revera

970 2191 1059 2219 factus
1074 2195 1126 2223 est,
1143 2189 1284 2224 Filiusque
1297 2193 1420 2220 vooatus,
1438 2189 1490 2215 vim
1507 2188 1706 2216 theorematum
1722 2188 1755 2215 ad

126 2244 173 2270 καὶ
192 2229 338 2280 ἑτέρως-τὸ
457 2229 508 2271 οὐκ
526 2229 794 2279 ὀκνήσομεν,-ῥραχύ
814 2253 840 2270 τι

970 2237 1205 2273 dispensationem
1222 2244 1283 2262 cuin
1304 2243 1387 2262 carne
1403 2235 1612 2267 transferentes,
1626 2238 1757 2269 cognata-

126 2290 176 2324 τῆς
193 2289 319 2325 θεότητος
341 2289 411 2325 ὅρων
442 2289 488 2315 καὶ
510 2289 559 2324 τῆς
579 2288 626 2315 τοῦ
645 2288 813 2322 Μονογενοῦς
833 2287 917 2323 ὑπερ-

126 2336 194 2370 οχῆς
206 2335 252 2362 τὸν
262 2335 341 2369 λόγον
357 2334 575 2367 ὑποὸιόάζοντες,
591 2334 637 2361 καὶ
652 2334 765 2370 ἐπείπερ
776 2334 918 2370 ἄνθρωπος

971 2293 1024 2321 que
1046 2288 1073 2312 et
1091 2283 1238 2318 conjuncta
1263 2281 1452 2317 superioribus
1476 2281 1618 2316 sequentia
1642 2280 1756 2308 demon-

971 2336 1101 2362 stt-antes.

94 2408 100 2413 _
128 2384 224 2420 γέγονέ
240 2392 270 2410 τε
291 2383 375 2414 ὅντως
395 2383 441 2409 καὶ
460 2382 662 2417 κεχρημάτικεν
680 2383 694 2408 6
709 2382 782 2414 Υἱὸς.
806 2383 853 2409 ἐπὶ
867 2384 917 2419 τὴν
938 2381 1008 2418 μετὰ
1019 2377 1118 2418 σαρκὸς
1130 2375 1286 2411 οἰκονομίαν
1296 2374 1344 2410 τὴν
1356 2373 1409 2400 τῶν
1442 2373 1625 2409 Θεωρημάτων
1655 2375 1757 2410 μεταρ-

131 2433 179 2469 ρυθ
185 2433 307 2469 μίζοντες
320 2431 443 2466 δύναμιν,
460 2430 578 2464 συγγενῆ
588 2439 618 2456 τε
630 2431 677 2458 καὶ
691 2431 850 2466 συνημμένα
862 2433 918 2464 τοῖς
936 2425 1193 2467 προαποδεδομένοις
1208 2423 1301 2478 καὶ.ἷά
1318 2423 1416 2458 ἐφεξῆς
1439 2422 1668 2454 ἀποδεικνύοντες·

165 2478 271 2505 οὐκοῦν
288 2479 328 2505 ὃτι
344 2478 391 2505 καὶ
407 2477 568 2505 ἀκούσονται
580 2477 629 2512 τῆς
645 2476 737 2512 φωνῆς
756 2477 838 2504 αὑτοῦ
854 2477 922 2504 πάν-

130 2534 176 2556 τες
189 2525 213 2551 οἱ
227 2525 255 2550 ὲν
281 2525 336 2554 τοῖς
358 2523 510 2559 μνημείοις,
533 2523 579 2550 καὶ
601 2523 642 2549 ὃτι
662 2522 709 2549 καὶ
728 2522 921 2558 κριθησόμενοι

133 2570 340 2607 προελεύσονται
352 2569 550 2605 διεμαρτύρατο
569 2568 670 2603 σαφῶς.
688 2568 796 2603 Ἐπειδὴ
806 2568 835 2594 δὲ
848 2568 922 2601 ἅπαξ

132 2617 172 2648 εἰς
198 2616 243 2642 τὴν
264 2614 328 2650 περὶ
350 2614 396 2641 τοῦ
416 2614 516 2646 κρίνειν
537 2613 617 2640 αὑτὸν
631 2613 679 2647 τὴν
698 2612 859 2647 οἰκουμένην
873 2613 921 2638 ὲκ-

134 2661 235 2697 6ἐ6ηκε
249 2661 338 2695 λόγον,
352 2661 381 2686 οὺ
399 2660 478 2695 μόνον
492 2660 533 2686 ὅτι
554 2659 612 2686 κατ’
627 2660 715 2685 ἐκεῖνο
739 2658 846 2693 καιροῦ,
862 2658 922 2685 καθ’

134 2708 148 2733 ὃ
169 2707 279 2734 ἔσεσθαί
304 2715 370 2742 φησι
386 2706 434 2741 τὴν
449 2705 502 2731 τῶν
526 2705 630 2740 νεκρῶν
649 2705 806 2736 ἅναῦίωσῑν,
822 2704 923 2735 δίκαιος

136 2754 209 2780 ἔσται
225 2753 321 2789 κριτὴς
332 2751 544 2786 ἐπαγγέλλεται,
556 2750 624 2778 ἀλλὰ
645 2750 697 2786 γὰρ
713 2750 762 2786 ἤδη
775 2751 822 2777 καὶ
841 2751 875 2777 τὰ
895 2751 924 2776 ἐν

135 2800 202 2835 τῷδε
220 2799 260 2834 τῷ
276 2799 326 2833 βίῳ
343 2799 492 2833 πράγματα
515 2796 614 2832 κρίνειν
636 2795 722 2826 ὀρθῶς
744 2795 790 2821 καὶ
814 2794 924 2827 δικαίως

137 2845 342 2881 διισχυρίζεται.
359 2844 390 2870 Τί
406 2843 435 2869 δὲ
453 2841 487 2878 ἦν
503 2842 533 2868 τὺ
553 2841 719 2877 κρινόμενον,
738 2842 784 2867 καὶ
797 2841 842 2867 ἐπὶ
854 2840 924 2867 τίσιν

139 2890 250 2925 ιλὸγος.
266 2889 348 2916 ἄκουε
364 2889 462 2916 λοιπόν·
486 2885 631 2922 Ἐγεννήθη
647 2885 678 2912 δι’
693 2886 766 2921 ἡμᾶς
787 2886 818 2912 ἐκ
834 2894 926 2920 γυναι.

269 3006 280 3024 \

1012 2475 1097 2510 igitur
1113 2472 1187 2499 clare
1206 2470 1366 2498 testiﬁcatus
1381 2475 1421 2497 est
1444 2473 1567 2496 tuortuos
1586 2477 1681 2498 omnes
1699 2469 1758 2505 ejus

974 2528 1068 2549 vocem
1083 2518 1238 2549 audituros,
1249 2521 1276 2544 et
1292 2515 1325 2542 ad
1336 2515 1471 2550 judicium
1484 2523 1672 2550 processuros.
1685 2515 1758 2549 Quo-

975 2567 1047 2594 niam
1071 2569 1160 2592 autem
1178 2563 1261 2590 semel
1279 2569 1311 2589 eo
1331 2565 1478 2598 provectus
1500 2564 1542 2588 est
1563 2565 1593 2588 ut
1611 2561 1710 2588 dixerit
1730 2569 1759 2589 se

974 2613 1068 2640 orbem
1092 2609 1292 2645 judicaturum,
1313 2616 1367 2635 non
1388 2608 1476 2635 solum
1494 2607 1637 2642 proﬁtetur
1663 2615 1693 2635 se
1714 2607 1760 2642 ju-

974 2661 1047 2684 stum
1062 2655 1183 2690 judicent
1200 2653 1258 2681 fore
1274 2660 1307 2680 eo
1324 2657 1445 2688 tempore
1455 2659 1510 2686 quo
1524 2651 1642 2679 futuram
1659 2657 1697 2679 att
1717 2660 1759 2680 rc-

975 2702 1193 2731 surrectionem,
1220 2707 1314 2728 verum
1342 2700 1424 2726 etiam
1449 2699 1531 2734 hujus
1553 2699 1614 2726 vitae
1637 2700 1759 2725 actiones

975 2753 1050 2775 recte
1073 2755 1105 2775 ac
1129 2747 1202 2782 juste
1229 2746 1416 2780 judicaturum
1445 2746 1598 2773 conﬁrmat.
1617 2745 1759 2778 Quodnam

977 2799 1067 2820 autent
1091 2792 1270 2828 judicandum
1300 2792 1345 2824 sit,
1366 2796 1393 2819 et
1416 2792 1451 2818 de
1471 2792 1572 2826 quibus
1598 2798 1690 2818 sermo
1713 2790 1760 2822 sit,

977 2839 1088 2866 attende
1107 2839 1201 2866 modo.
1221 2837 1307 2864 Natus
1328 2842 1370 2865 est
1384 2841 1494 2872 propter
1517 2844 1568 2864 nos
1582 2844 1614 2863 ex
1629 2836 1759 2868 muliere;

980 2890 1009 2912 ttt
1028 2886 1100 2913 enim
1118 2885 1217 2912 Paulus
1240 2884 1277 2911 ait
1297 2893 1302 2910 :
1324 2893 1332 2910 ι
1353 2883 1411 2910 Non
1438 2882 1617 2916 apprehendit
1639 2881 1759 2918 angelos,
