2026 3123
258 171 306 202 39!

737 168 917 197 S.CYBILLI
938 166 1174 196 ALEXANDBINI
1194 166 1354 194 AlltilllEP.

1839 164 1893 192 ευε

260 229 310 257 sed
335 232 428 256 semen
449 227 573 261 Abralim,
593 227 665 255 unde
691 227 786 255 debuit
806 235 855 263 per
871 227 964 254 omnia
991 226 1049 253 Ira-

1107 224 1159 256 ιός·
1178 225 1215 256 ὡς
1232 226 1285 260 γὰρ
1298 223 1312 249 ὁ
1326 223 1431 254 Παῦλὸς
1453 230 1532 257 φησιν
1543 241 1550 253 .
1580 231 1589 247 ι
1616 221 1672 247 Οὐκ
1695 221 1818 254 ἀγγέλων
1835 221 1892 248 ἐπι-

260 275 349 302 tribus
364 273 556 302 assimilari".
575 283 584 300 ›
604 273 672 301 Cum
690 278 780 302 autem
799 274 888 301 factus
905 273 941 300 sit
956 273 1049 304 homo,

260 325 287 348 et
299 321 327 347 in
340 320 412 347 servi
426 318 525 352 forma,
540 319 630 347 factus
644 327 754 355 quoque
771 323 812 346 est
830 319 881 346 sub
897 319 956 353 lege
970 319 992 346 is
1003 318 1050 353 qui

262 366 403 401 legislator
415 369 468 398 est,
478 369 508 393 ut
518 365 591 394 Deus
600 373 632 393 ac
641 365 773 394 Dominus
785 365 854 391 7"".
866 364 956 397 Quare
967 365 1051 391 inter-

261 412 326 439 dum
343 412 478 447 loquitur,
493 417 524 440 ιιι
536 413 583 448 qui
598 413 651 440 sub
665 412 724 448 lege
742 416 795 446 est,
807 412 943 439 interdum
961 415 990 438 ut
1003 411 1051 446 qui

262 466 345 493 supra
363 459 460 493 legem,
474 463 502 486 et
512 459 580 486 citra
593 459 834 494 reprehensionem
851 458 933 485 habet
949 458 1051 485 utrius-

263 512 316 540 que
335 504 452 531 faciendi
469 509 641 539 potestatem.
654 504 770 532 Disserit
788 508 877 532 autem
896 511 970 532 nunc
989 511 1051 531 cum

262 549 375 582 Judmis,
391 554 420 577 ut
438 551 507 586 legis
530 554 624 578 custos
644 555 671 578 et
693 550 788 585 homo,
808 555 838 578 ut
866 550 913 585 qui
942 554 1052 585 praeter-

263 595 340 630 gredi
371 595 477 622 nesciat
501 595 629 623 mandata
648 595 752 627 divina,
779 595 902 630 nihilque
932 603 965 622 ex
989 602 1053 622 sen-

264 640 349 667 tentia
378 648 428 667 sua
455 640 546 668 facere
573 645 665 676 queat,
689 640 763 675 quod
792 648 847 668 non
876 640 975 667 divinae
1001 639 1056 675 legi-

264 691 409 720 congruat.
431 686 548 723 idecque
568 687 606 714 ait
627 696 634 714 :
658 696 667 713 ι
691 686 750 714 Non
762 694 873 722 possunt
897 694 948 721 ego
973 693 988 712 a
1011 693 1053 714 me

266 733 329 767 ipso
347 732 436 759 facere
452 733 617 768 quidquam;
637 733 710 761 sicut
725 733 819 764 audio,
834 732 937 767 judico.
957 741 966 758 ι
985 731 1053 759 Cum

266 785 331 804 vero
353 777 518 805 testiﬁcatur
538 786 594 805 non
619 785 700 814 posse
723 785 739 805 a
756 778 847 813 seipso
865 776 957 805 facere
974 775 1054 812 quid-

266 830 359 858 quam,
376 823 449 858 quod
466 824 560 858 utique
577 831 631 850 non
648 823 684 852 sit
703 824 784 851 etiam
808 823 861 858 legi
873 822 1015 858 placitum,
1027 824 1054 850 et

266 877 296 897 re
325 869 448 903 judicare
475 869 549 896 sicut
573 869 705 901 audierit,
731 873 893 904 suggerente
924 868 1054 895 nimirum

1099 271 1275 306 λαμὸἑινεται,
1289 269 1355 296 ἀλλὰ
1378 269 1534 304 σπέρματος
1557 267 1683 303 Ἁϐραάμ
1694 275 1701 282 ·
1716 267 1777 294 ὅῡεν
1792 267 1890 301 ὤφειλε

1100 316 1171 344 κατὰ
1186 317 1274 343 πάντα
1296 317 1351 347 τοῖς
1371 314 1494 349 ἀδελφοῖς
1508 313 1683 349 ὁμοιωθῆναι.
1704 323 1713 339 ι
1737 314 1846 348 Ἐπειδῆ
1864 313 1891 340 δὲ

1099 363 1211 397 γέγονεν
1235 362 1388 398 ἄνθρωπος,
1415 361 1460 387 καὶ
1486 360 1515 387 ἐν
1538 361 1570 395 τῇ
1588 359 1635 386 τοῦ
1660 359 1756 386 δούλου
1788 361 1890 395 μορφῇ,

1100 410 1196 444 γέγονε
1208 408 1256 435 καὶ
1272 408 1324 434 ὑπὸ
1338 409 1418 442 νόμον
1436 407 1449 432 ὁ
1469 405 1616 447 νομοθέτης
1636 405 1673 437 ὡς
1694 405 1759 437 Θεὸς
1775 406 1823 432 καὶ
1838 406 1892 432 Κύ-

1103 463 1168 490 ριος.
1184 454 1268 481 Λαλεῖ
1279 452 1422 488 τοιγαροῦν
1439 452 1505 479 ποτὲ
1522 452 1571 488 μὶν
1592 451 1628 483 ὡς
1652 451 1703 478 ὑπὸ
1716 452 1812 487 ¹νόμον,
1828 453 1892 478 ποτὲ

1100 501 1129 528 δὲ
1140 499 1172 528 αὖ
1190 500 1271 527 πάλιν
1285 500 1322 531 ὡς
1345 498 1415 534 ὑπὲρ
1439 500 1529 534 νόμον,
1553 498 1599 525 καὶ
1624 498 1830 534 ἀκατηγόρητον
1850 499 1892 525 ἐπ’

1102 546 1202 582 ἀμφοῖν
1220 546 1275 582 ἔχει
1293 545 1341 581 τὴν
1358 544 1491 578 ἐξουσίαν.
1517 544 1675 579 Διαλέγεται
1698 545 1725 572 δὲ
1746 544 1806 571 νυνὶ
1827 545 1892 580 πρὸς

1108 592 1260 625 Ἰουδαίους,
1285 591 1323 624 ὡς
1347 590 1503 626 νομοφύλαξ
1528 592 1575 617 καὶ
1601 590 1755 626 ἄνθρωπος,
1780 591 1818 622 ὡς
1844 592 1892 618 οὐκ

1103 638 1180 670 εἰδὼς
1199 638 1378 673 παραϐαίνειν
1403 637 1452 669 τὰς
1472 637 1577 664 ἄνωθεν
1593 637 1748 672 ὀρισθείσας
1773 637 1892 668 ἐντολὰς,

1103 685 1163 712 οὐδὲ
1179 684 1232 711 ἀπὸ
1246 684 1358 720 γνώμης
1374 683 1476 715 οἰκείας
1493 683 1654 718 ἁνεχὸμενός
1673 692 1699 710 τι
1717 685 1813 715 ποιεῖν,
1829 684 1842 709 ὃ
1857 685 1893 718 μὴ

1103 730 1142 766 τῷ
1157 729 1221 765 Θείῳ
1233 730 1308 766 νόμῳ
1324 730 1454 757 συνδοκεῖ.
1471 729 1519 756 Διὰ
1534 730 1612 756 τοῦτό
1625 738 1720 765 φησιν·
1737 739 1746 755 ι
1765 730 1802 756 Οὺ
1817 730 1900 757 δύνα-

1106 785 1155 812 μαι
1176 776 1232 812 ἐγὼ
1254 778 1341 803 ποιεῖν
1362 777 1409 804 ἀπ’
1432 776 1550 812 ἐμαυτοῦ
1572 776 1647 803 οὐδέν
1662 776 1772 808 ’καθὼς
1793 776 1893 807 ἀκούω.

1104 822 1199 858 κρίνω.
1216 832 1225 848 ι
1245 822 1350 858 Ἑαυτῷ
1374 822 1401 849 δὲ
1425 823 1456 849 τὸ
1481 822 1518 858 μὴ
1540 822 1670 849 δύνασθαί
1695 831 1722 849 τι
1743 824 1830 849 ποιεῖν
1851 818 1896 856 ἀφ’

1105 868 1202 895 ἑαυτοῦ
1219 868 1376 904 μαρτυρῶν,
1391 868 1405 895 ὖ
1421 868 1458 904 μὴ
1475 867 1583 900 πάντως
1600 869 1657 895 ἐστὶ
1672 869 1718 895 καὶ
1732 868 1842 904 θελητὺν
1859 868 1894 904 τῷ

266 914 334 948 lege,
358 912 516 941 Judaeorum
540 914 756 941 inobedientiam
783 913 883 949 arguit,
906 919 1056 947 eorumque

1108 913 1202 948 νόμῳ,
1228 913 1329 949 κρίνειν
1352 922 1382 940 τε
1409 912 1480 940 οὕτω
1508 913 1556 940 καὶ
1585 913 1704 945 δικάζειν
1718 916 1773 946 τοῖς
1802 914 1889 950 πράγ-

266 958 426 994 prmfraclos
449 966 540 986 mores
565 960 673 995 retegit.
692 959 771 995 24],
798 959 855 986 lloc
879 959 953 987 enim
980 962 1054 986 recte

266 1003 440 1032 subinnuunt
468 1003 513 1031 illa
535 1004 641 1032 verba:
659 1013 669 1030 ‹
690 1004 750 1031 Non
774 1011 889 1041 possum
909 1012 924 1031 a
948 1004 1053 1039 meipso

267 1050 356 1079 facere
369 1050 531 1085 quidquam,
550 1059 559 1077 ι
581 1050 632 1077 hoc
647 1054 709 1078 est:
726 1049 782 1078 Vos
801 1050 865 1077 data
883 1050 960 1078 vobis
976 1057 1054 1078 man-

269 1096 328 1122 data
345 1100 446 1123 temere
457 1097 722 1131 praetergredientes,
743 1105 756 1124 a
778 1097 856 1125 vobis
874 1097 941 1131 ipsis
955 1101 1054 1124 cuncta

267 1140 358 1167 facere
373 1141 491 1174 audetis,
510 1146 537 1168 et
553 1141 587 1169 de
602 1141 721 1177 singulis
733 1142 815 1177 rebus
825 1142 941 1177 judicia
954 1142 1054 1170 divinis

265 1188 353 1223 jussis
378 1189 491 1216 minime
510 1194 697 1217 consentanea
721 1189 824 1217 facitis.
848 1189 958 1217 Docetis
982 1189 1055 1217 enim

268 1234 423 1261 doctrinam
441 1234 567 1262 mandata
591 1235 746 1268 hominum,
761 1241 787 1264 et
817 1236 987 1263 voluntatem
1010 1243 1056 1263 ve-

269 1286 353 1309 stram
366 1289 415 1316 pro
428 1281 486 1316 lege
499 1281 578 1309 vobis
594 1282 784 1316 praescribitis.
794 1281 925 1314 Qumnam
940 1289 1005 1317 ergo
1022 1281 1057 1309 sit

268 1326 365 1353 horum
379 1326 522 1353 verborum
539 1327 619 1358 ratio,
633 1330 679 1353 aut
694 1326 832 1361 quomodo
848 1326 968 1362 seipsum
981 1326 1057 1361 justo

268 1371 435 1406 iudicantem
462 1372 608 1406 signiﬁcet,
631 1379 741 1399 rursum
762 1372 878 1399 dicetur.
895 1371 1007 1400 (Iuravit
1029 1372 1057 1400 in

270 1415 392 1456 Sabbatlo
420 1417 612 1453 paralyticum,
630 1417 760 1444 misertus
783 1420 826 1444 est
850 1417 970 1445 hominis
995 1417 1057 1445 diu-

270 1468 349 1490 turna
367 1463 528 1498 mgritudine
551 1463 715 1495 laborantis,
731 1467 836 1490 rectum
860 1463 989 1490 nimirum
1010 1463 1058 1491 bo-

270 1517 390 1544 numque
410 1510 443 1537 de
468 1510 528 1545 ipso
557 1509 649 1537 ferens
680 1509 828 1545 judicium.
846 1509 964 1537 Decebat
984 1510 1057 1538 enim

269 1557 350 1583 etiam
376 1556 403 1583 in
432 1555 554 1583 Sabbato
578 1556 701 1584 misereri
719 1556 848 1591 jacentis,
872 1564 960 1591 neque
980 1564 1059 1584 vere-

270 1603 370 1630 cundia
386 1602 497 1630 Sabbati
514 1603 732 1631 misericordiam
748 1610 886 1635 coercere,
900 1602 1058 1631 ranissitnze

270 1649 410 1684 religionis
426 1649 552 1676 obtentu.
568 1649 803 1682 Quemadmodum
821 1653 911 1676 autem
931 1648 1013 1676 Pater
1030 1649 1057 1676 in

271 1695 392 1723 Sabbato
414 1703 477 1731 erga
503 1699 645 1723 creaturas
669 1700 808 1730 operatur,
824 1696 920 1730 utique
943 1703 992 1730 per
1014 1695 1058 1723 Fi-

269 1742 336 1769 lium
358 1751 364 1769 :
384 1742 421 1769 ita
448 1747 474 1770 et
492 1742 588 1770 FlilllS.
616 1741 710 1777 Neque
728 1742 800 1769 enim
822 1743 925 1777 placuit
947 1742 1058 1770 miseri-

273 1788 367 1815 (ordia
388 1796 482 1816 carere
507 1788 534 1815 in
559 1787 677 1816 Sabbato
692 1791 804 1823 propter
819 1787 978 1820 Sabbatnm,
995 1796 1057 1815 cum

271 1833 354 1860 sciret
382 1833 528 1860 Dominum
557 1840 619 1860 esse
636 1831 734 1860 Filium
758 1832 890 1860 hominis.
909 1831 969 1860 Non
984 1833 1057 1860 enim

270 1878 352 1904 honio
369 1882 479 1912 propter
495 1876 645 1904 Sabbatum
664 1876 753 1905 factus
772 1881 826 1910 est,
843 1877 890 1905 sed
907 1878 1057 1906 Sabhatum

270 1927 382 1958 propter
402 1923 553 1950 hominem.
579 1922 673 1958 itaque
698 1928 803 1951 rectum
823 1923 932 1959 quidem
959 1928 1001 1952 est
1026 1931 1059 1952 ac

271 1970 372 1995 bonum
398 1967 551 1996 Salratoris
577 1969 611 1997 de
639 1969 682 1997 his
708 1970 858 2005 judicium,
875 1971 922 2006 qui
948 1975 1059 2006 propter

273 2013 422 2042 Sabbatum
453 2015 670 2042 misericordiam
694 2023 758 2050 erga
777 2016 914 2051 jacentem
939 2023 994 2043 non
1017 2016 1059 2043 in-

272 2059 370 2093 ΜΙιιιὶι,
396 2060 441 2087 sed
468 2060 541 2095 quod
566 2060 673 2088 edicere
700 2064 817 2095 poterat,
839 2065 869 2088 ut
897 2061 979 2094 Deus,
997 2061 1059 2089 fons

272 2105 373 2140 quippe
395 2105 528 2133 bonitatis
545 2110 587 2133 est
609 2111 708 2133 natura
722 2106 827 2140 divina,
845 2106 912 2133 illud
933 2107 1014 2133 etiam
1031 2107 1059 2133 in

272 2149 391 2178 Sabhato
407 2151 545 2185 praestitit.
561 2150 697 2178 Judicium
710 2156 800 2179 autem
814 2159 909 2179 eorum
924 2153 970 2187 qui
986 2160 1017 2180 ea
1031 2160 1060 2180 re

272 2196 481 2224 olicndebautur
511 2201 621 2232 propter
646 2197 797 2225 Sabbatum
815 2218 822 2230 ,
850 2202 932 2232 atque
956 2197 1059 2225 ideirco

1071 1584 1092 1613 C

1105 967 1198 994 μασιν,
1215 958 1310 995 ὥσπερ
1343 958 1376 986 ἂν
1399 959 1526 991 ἀκούσαι,
1553 958 1758 995 διαγορεύοντος
1777 959 1899 994 δηλονότι

1103 1004 1150 1031 τοῦ
1181 1003 1287 1039 νόμου,
1324 1004 1373 1035 τὰς
1400 1004 1453 1031 τῶν
1485 1003 1619 1030 Ἰουδαίων
1665 1005 1808 1037 ἀπειθείας
1849 1004 1892 1037 ιξ-

1104 1050 1220 1086 ιλέγχει,
1233 1050 1466 1087 καὶ[τῶν]τρόπων
1481 1051 1570 1078 αὐτῶν
1578 1052 1732 1087 ἀπογυμνοῖ
1743 1051 1772 1077 τὸ
1783 1051 1897 1086 ἐξήνιον.

1104 1096 1189 1123 Τοῦτο
1208 1096 1262 1131 γὰρ
1281 1095 1313 1132 δὴ
1327 1096 1373 1123 καὶ
1390 1096 1556 1132 ὐπεμφαίνει
1570 1097 1661 1129 καλῶς
1675 1097 1830 1132 τεθειμένον
1847 1097 1876 1123 τὸ
1888 1117 1895 1129 ,

1108 1153 1117 1170 ι
1128 1144 1164 1171 Οὐ
1180 1143 1297 1177 δύναμαι
1320 1142 1376 1177 ἐγὼ
1401 1144 1487 1169 ποιεῖν
1506 1144 1552 1170 ἀπ’
1567 1144 1685 1178 ἐμαυτοῦ
1700 1144 1786 1174 οὐδὲν,
1803 1153 1810 1169 ι
1838 1144 1899 1171 ἀντὶ

1105 1188 1164 1221 τοῦ,
1183 1189 1276 1224 Ὑμεῖς
1293 1188 1456 1223 ἀφυλάκτως
1472 1189 1521 1220 τὰς
1533 1188 1659 1220 δοθείσας
1681 1189 1745 1224 ὑμῖν
1762 1188 1900 1225 παραϐαί-

1106 1244 1197 1267 νοντες
1211 1235 1332 1267 ἐντολὰς,
1352 1235 1440 1262 πάντα
1457 1235 1587 1270 πράττειν
1603 1235 1649 1269 ἀφ’
1672 1235 1786 1267 ἑαυτῶν,
1811 1235 1849 1266 ὡς
1869 1234 1897 1268 ἐξ

1107 1281 1248 1308 ἀκινδύνου
1270 1281 1362 1308 λοιπὸν
1386 1281 1566 1317 ἐϐαρσήοατε,
1592 1281 1638 1307 καὶ
1659 1281 1708 1312 τὰς
1728 1281 1770 1315 ἐφ’
1791 1281 1899 1315 ἐκέστῳ

1106 1326 1161 1353 τῶν
1175 1327 1345 1362 πραγμάτων
1362 1326 1534 1362 κρίσεις,ὀὺκ
1553 1326 1751 1357 ἀκολουθούσαις
1765 1327 1821 1357 τοῖς
1841 1326 1900 1352 0:6-

1108 1372 1153 1399 Θεν
1176 1372 1395 1408 διατεταγμένοις
1412 1373 1546 1399 ποιεῖσθαι
1563 1372 1736 1404 σπουδάζετε,
1754 1372 1899 1399 Διδάσκετε

1107 1418 1161 1454 γὰρ
1183 1419 1357 1446 διδασκαλίαν
1382 1418 1536 1454 ἐντάλματα
1558 1419 1724 1454 ἀνθρώπων,
1749 1419 1796 1446 καὶ
1818 1419 1899 1454 νᾶμον

1108 1464 1244 1500 ὡρίσασθε
1258 1465 1288 1491 τὸ
1301 1465 1400 1491 οἰκεῖον
1415 1465 1531 1501 θέλημα.
1545 1466 1593 1497 Τίς
1606 1464 1652 1492 οὖν
1665 1466 1679 1491 ὁ
1693 1465 1741 1500 τῆς
1754 1465 1900 1499 διασκευῆς

1108 1511 1158 1546 τῆς
1182 1511 1210 1537 ὲν
1233 1510 1320 1546 τούτῳ
1346 1512 1457 1547 τρόπος,
1481 1511 1497 1547 ἢ
1521 1511 1578 1543 πῶς
1604 1511 1699 1538 ὲαυτὶν
1721 1511 1770 1545 μὲν
1795 1511 1899 1544 εἰσάγει

1110 1557 1237 1592 κρίνοντα
1260 1556 1382 1590 δικαίως,
1407 1557 1528 1588 ἐκείνους
1549 1557 1577 1583 δὲ
1601 1556 1736 1591 οὐδαμῶς,
1759 1557 1900 1592 εἰρήσεται

1109 1603 1199 1629 πάλιν.
1226 1603 1434 1638 Τεϐεράπευκεν
1458 1604 1486 1629 ὲν
1513 1602 1645 1638 Σαϐϐάτῳ
1666 1603 1712 1629 τὸν
1734 1602 1898 1638 παραλυτον,

1108 1649 1223 1685 ἠλέησεν
1241 1649 1383 1685 ἄνθρωπον
1410 1650 1532 1685 μακροὺς
1557 1650 1586 1675 ἐν
1611 1649 1744 1684 νοσήματι
1770 1648 1899 1683 κατατρὶ-

1108 1695 1197 1730 ψαντα
1211 1695 1333 1731 χρόνους,
1347 1694 1430 1731 ὀρθὴν
1444 1695 1564 1730 δηλονότι
1593 1695 1639 1722 καὶ
1653 1694 1757 1729 ἀγαθὴν
1772 1696 1815 1720 ἐπ’
1827 1694 1900 1728 αὐτῷ

1109 1742 1158 1777 τὴν
1175 1742 1266 1777 κρίσιν
1280 1742 1439 1776 ἐξενεγκὼν.
1458 1742 1532 1769 Ἔδει
1549 1742 1603 1777 γὰρ
1617 1742 1798 1777 ἐποικτείρειν
1812 1741 1859 1767 καὶ
1873 1742 1900 1767 ἐν

1109 1787 1241 1822 Σαϐϐάτῳ
1256 1788 1300 1815 τὸν
1323 1788 1458 1823 κείμενον,
1483 1788 1529 1814 καὶ
1544 1787 1680 1814 συστεῖλαι
1700 1787 1749 1822 μὲν
1768 1786 1813 1812 τὸν
1828 1786 1900 1813 ἔλεον

1108 1833 1233 1868 οὐδαμῶς
1259 1833 1328 1860 αἰδοῖ
1353 1834 1385 1868 τῇ
1412 1833 1475 1868 περὶ
1498 1833 1528 1859 τὸ
1553 1832 1700 1865 Σάϐϐατον,
1728 1833 1899 1866 εὶκαιοτὰτην

1108 1879 1314 1914 ἐπιτηδεύοντας
1330 1879 1379 1914 τὴν
1392 1878 1545 1905 εὐλάϐειαν.
1565 1878 1669 1913 Ὠσπερ
1682 1877 1709 1904 δὲ
1726 1879 1754 1904 ἐν
1771 1877 1900 1912 Σαϐϐάτῳ

1110 1926 1158 1952 καὶ
1174 1927 1188 1952 ὁ
1204 1926 1300 1962 Πατὴρ
1315 1925 1424 1961 ἐνεργὸς
1439 1925 1502 1960 περὶ
1515 1925 1564 1960 τὴν
1579 1925 1632 1951 τῶν
1654 1925 1812 1960 κτισμάτων
1828 1925 1901 1959 ἐνέρ-

1109 1972 1185 2006 γειάν
1199 1973 1266 2004 ἐστι,
1277 1972 1384 2002 πάντως
1399 1971 1427 1997 δὲ
1442 1970 1475 1996 δι’
1489 1970 1564 2004 Υίοῦ,
1579 1970 1649 1997 οὕτω
1663 1970 1708 1996 καὶ
1721 1970 1814 2001 αὑτός.
1836 1970 1900 1996 Οὐδὲ

1109 2019 1164 2054 γὰρ
1179 2018 1391 2053 ἀποστερεῖσθαι
1417 2018 1472 2044 δεῖν
1492 2017 1537 2044 τον
1556 2017 1629 2044 ἐλέου
1648 2018 1773 2052 δεόμενον
1790 2018 1819 2043 ἐν
1835 2018 1902 2043 Σασ-

1109 2065 1184 2100 ὗάτῳ
1200 2063 1243 2090 διὰ
1256 2064 1286 2090 τὸ
1300 2063 1438 2091 Σαϐϐατον
1454 2062 1625 2098 ἐδοκίμαζεν,
1645 2063 1706 2089 ἐπεὶ
1728 2063 1830 2098 Κύριον
1845 2063 1901 2098 ᾔδει

1109 2111 1154 2137 τὸν
1169 2111 1233 2137 Υίὺν
1248 2109 1295 2136 τοῦ
1311 2109 1456 2146 ἀνθρώπου
1470 2119 1477 2125 ·
1506 2110 1535 2136 οὐ
1555 2110 1608 2145 γὰρ
1628 2111 1641 2136 ὁ
1656 2110 1801 2144 ἄνθρωπος
1815 2109 1859 2136 διὰ
1873 2109 1902 2136 τὸ

1110 2157 1246 2184 Σὰὅὸατον
1262 2157 1380 2191 ἐγένετο,
1397 2157 1464 2183 ἀλλὰ
1481 2156 1511 2183 τὸ
1524 2156 1663 2183 Σάϐϐατον
1676 2156 1720 2182 διὰ
1734 2156 1779 2182 τὸν
1796 2156 1900 2191 ἄνθρω-

1111 2211 1170 2230 πον.
1197 2203 1301 2230 Οὐκοῦν
1324 2202 1390 2239 ὀρθὴ
1408 2203 1457 2238 μὲν
1474 2203 1521 2229 ἐπὶ
1535 2199 1644 2234 τούτοις
1672 2203 1720 2229 καὶ
1747 2202 1838 2238 ἀγαθὴ
1857 2202 1900 2228 τοῦ

273 2247 388 2269 mortem
402 2243 561 2276 quaerebant
575 2244 635 2278 ejus
649 2251 664 2269 a
680 2250 734 2278 quo
748 2243 824 2270 nulla
841 2243 866 2270 in
885 2251 914 2270 rc
929 2243 1056 2270 violatum

1114 2249 1237 2284 Σωτῆρος
1252 2249 1268 2284 ὴ
1289 2249 1379 2284 κρίσις
1391 2268 1398 2280 ,
1422 2249 1452 2275 οὺ
1467 2249 1511 2276 διὰ
1526 2249 1557 2275 τὸ
1573 2249 1710 2276 Σάϐϐατον
1727 2248 1776 2284 τὴν
1800 2250 1846 2274 ἐπὶ
1864 2248 1902 2283 τῷ

273 2293 341 2315 erat.
356 2289 493 2322 quomodo
511 2297 565 2316 non
580 2289 681 2316 divinis
698 2289 804 2323 legibus
835 2289 913 2317 valde
925 2294 1060 2327 repugnat

276 2335 423 2369 (scriptum
442 2340 483 2362 est
503 2336 593 2362 enim:
613 2345 622 2361 ι
640 2334 815 2362 lnnoeentem
833 2339 860 2361 et
878 2340 983 2361 rectum
1004 2342 1058 2363 non

273 2379 422 2407 interlicies
436 2380 459 2396 ⁷⁷
479 2390 488 2406 ι
506 2381 526 2415 ),
550 2385 577 2407 et
600 2381 632 2406 ab
658 2388 753 2408 eorum
782 2380 942 2408 crudelitate
970 2383 1060 2417 potius

273 2434 354 2461 quam
377 2434 410 2453 ex
435 2433 521 2453 sacris
544 2425 656 2453 Litteris
673 2425 825 2460 profectum
845 2427 904 2454 est?
917 2427 987 2455 Audi
1007 2428 1059 2455 ita-

273 2480 325 2507 que
339 2471 433 2499 Jesum
455 2472 612 2506 emphatice
628 2472 763 2499 dicentem
778 2472 811 2499 ad
826 2480 873 2500 eos
890 2474 937 2508 qui
950 2474 985 2501 ob
1001 2474 1060 2509 ejus

274 2518 406 2544 hem-ﬁcia
423 2518 612 2552 indignantur,
628 2521 655 2544 et
677 2523 773 2545 sancta
789 2519 850 2554 ejus
865 2519 993 2547 incusant
1012 2521 1059 2555 ju-

273 2564 356 2595 diria,
378 2562 437 2590 suis
467 2563 600 2590 duntaxat
626 2564 801 2597 insistentes,
824 2565 905 2600 idque
930 2574 980 2601 pro
1002 2566 1059 2601 lege

275 2609 374 2637 habent
390 2609 462 2644 quod
483 2610 534 2636 sibi
548 2610 682 2644 placuerit
696 2611 821 2646 quamvis
837 2612 888 2647 legi
905 2617 1037 2648 repugnet
1051 2622 1057 2640 :

278 2663 286 2680 ι
306 2653 364 2681 Non
376 2662 487 2688 possum
503 2663 552 2690 ego
565 2663 578 2682 a
593 2649 696 2690 meipso
712 2657 801 2685 facere
814 2659 973 2694 quidquam,
987 2669 996 2684 ι
1010 2660 1060 2686 hoc

275 2703 326 2732 est,
343 2700 421 2734 jux‘ta
445 2701 530 2736 legem
556 2702 702 2730 Mosaicam
729 2708 830 2731 cuncta
857 2705 939 2738 facio,
955 2705 1023 2732 nihil
1045 2712 1060 2731 a

274 2745 380 2779 meipso
406 2745 496 2774 facere
528 2755 657 2782 possunt;
678 2759 687 2775 ι
709 2750 781 2777 sicut
806 2750 903 2783 audio,
922 2750 1026 2785 judico.
1048 2760 1057 2776 ι

274 2788 344 2822 Quid
359 2791 432 2819 enim
455 2793 496 2820 lex
516 2794 566 2821 sibi
581 2795 637 2822 ruit
652 2804 657 2822 :
677 2804 686 2821 ‹
706 2794 763 2822 Non
781 2796 901 2831 accipies
916 2803 1060 2831 personam

1113 2295 1231 2330 κειμένῳ
1257 2295 1461 2331 φιλανθρωπίαν
1485 2295 1728 2329 ἀποκωλύσαντος,
1756 2296 1813 2322 ἀλλ’
1834 2296 1901 2331 ὅπερ

1113 2338 1181 2367 οἶδεν
1196 2341 1233 2373 ὼς
1248 2341 1313 2373 Θεὸς
1328 2342 1447 2377 ἐνεργεῖν
1466 2341 1552 2377 (πηγὴ
1565 2342 1618 2377 γὰρ
1630 2342 1797 2376 ὰγαθότητος
1812 2343 1828 2377 ή
1844 2341 1901 2368 θεία

1113 2386 1193 2420 φύσις
1208 2386 1288 2421 ἐστὶ),
1305 2385 1382 2412 τοῦτο
1396 2389 1442 2413 καὶ
1459 2388 1486 2413 ὲν
1501 2387 1631 2423 Σαϐὗάτῳ
1644 2387 1858 2422 ποιήσαντος.Ἡ
1874 2387 1901 2413 δέ

1112 2439 1144 2464 γε
1162 2431 1252 2465 κρίσις
1270 2431 1286 2465 ἡ
1305 2431 1348 2457 ἐπ’
1361 2431 1433 2466 αὐτῷ
1451 2432 1626 2467 λυπουμένων
1643 2432 1686 2458 διὰ
1701 2433 1731 2458 τὸ
1754 2432 1900 2463 Σαϐϐαῖον,

1112 2475 1159 2501 καὶ
1173 2475 1215 2501 διὰ
1227 2475 1303 2501 τοῦτο
1317 2475 1458 2510 φονώντων
1473 2477 1543 2502 κατὰ
1553 2477 1600 2503 τοῦ
1614 2477 1696 2512 μηδὲν
1712 2477 1901 2512 ἀδικήσαντος,

1112 2521 1170 2552 πῶς
1193 2521 1222 2546 οὐ
1239 2520 1298 2548 λίαν
1319 2522 1376 2548 ἐστὶ
1398 2523 1454 2553 τοῖς
1477 2523 1527 2558 μὲν
1543 2522 1625 2554 θείοις
1641 2523 1781 2559 ἁπᾴδουσα
1812 2524 1901 2557 νόμοις

1113 2566 1278 2602 (γέγραπται
1303 2567 1376 2602 γάρ·
1399 2577 1408 2593 ι
1435 2567 1534 2594 Ἀθῶον
1558 2568 1605 2594 καὶ
1628 2567 1731 2594 δίκαιον
1761 2568 1811 2594 οὐκ
1835 2569 1902 2594 ἀπο-

1110 2613 1213 2643 κτενεῖς
1228 2612 1262 2646 »),
1287 2612 1315 2645 es,
1338 2612 1477 2648 ὠμότητος
1500 2613 1528 2640 δὲ
1553 2613 1651 2647 μᾶλλον
1666 2613 1715 2648 τῆς
1738 2613 1785 2639 ἀπ’
1802 2613 1899 2645 αὐτῶν,

1111 2657 1157 2682 καὶ
1176 2657 1226 2682 οὐκ
1242 2657 1273 2683 ὲκ
1290 2657 1342 2684 τῶν
1359 2658 1438 2692 ἱερῶν
1452 2658 1595 2693 ηὑρημένη
1610 2658 1800 2693 Γραμμάτων;
1819 2659 1900 2694 Δέχου

1111 2702 1200 2728 τοίνυν
1216 2702 1261 2729 τὸν
1278 2703 1324 2729 ἐπὶ
1341 2702 1445 2735 τούτοις
1463 2705 1520 2739 μετ’
1533 2704 1678 2739 ἐμφάσεώς
1701 2713 1773 2736 τινος
1787 2694 1913 2738 λέγοντα.

1111 2749 1156 2774 τὸν
1176 2748 1279 2783 Ἰησοῦν
1302 2750 1368 2784 πρὸς
1392 2751 1454 2782 τοὺς
1480 2750 1522 2785 ἐφ’
1547 2748 1587 2782 οἷς
1613 2751 1752 2786 εὐεργετεῖ
1772 2751 1902 2786 χαλεπαί-

1112 2802 1216 2828 νοντας,
1235 2794 1282 2821 καὶ
1299 2796 1352 2826 τοῖς
1371 2795 1419 2830 μὲν
1436 2796 1518 2828 ὁσίοις
1533 2796 1614 2823 αὑτοῦ
1635 2797 1767 2832 κρίμασιν
1788 2796 1902 2830 ἐπισκῆ-

308 2876 332 2892 "
353 2877 432 2907 llebr.
451 2889 488 2914 ιι,
508 2881 550 2910 16.
588 2883 649 2899 "-7'
666 2881 784 2920 Philipp.
797 2889 832 2918 1|,
848 2882 882 2917 7;
902 2882 990 2910 Galat.
1008 2890 1044 2916 iv,

1125 2884 1147 2900 "
1168 2883 1251 2912 Exod.
1269 2893 1344 2919 mn,
1365 2885 1379 2912 7
1394 2895 1401 2919 ;
1419 2886 1486 2915 Dan.
1507 2894 1565 2922 λιιι,
1582 2886 1626 2916 55.
