2026 3123
146 173 201 201 393

674 172 706 198 I\'
723 173 863 201 JO.\.\'I\'IS
885 174 1104 203 EVANGELIL'M
1125 176 1187 204 LIB.
1209 177 1240 204 II.

1717 182 1767 210 59a

149 241 276 264 πτοντας,
298 232 510 264 ἀκολουθοῦντας
532 232 560 258 δὲ
578 232 668 267 μὸνοις
683 234 737 263 τοῖς
755 233 868 265 ἑαυτῶν,
891 233 930 259 mi

989 234 1014 261 in
1040 235 1155 269 judicio,
1180 237 1309 271 quoniam
1335 236 1468 271 judicium
1495 237 1540 265 Dei
1567 242 1608 265 est
1631 239 1662 266 ⁷⁸.
1685 249 1694 265 ι
1714 240 1766 267 Cur

148 279 180 305 τὺ
194 279 273 311 δόξαν
287 278 358 313 ἔχειν
372 278 459 314 ὀρθῶς
472 279 553 313 νόμον
573 278 666 313 ὥσπερ
682 278 866 313 ὁριζομένους.
884 279 935 306 κᾶν

149 325 241 360 ἀπᾴδῃ
254 325 293 359 τῷ
306 325 390 359 νόμῳ·
413 334 421 350 I
447 325 484 350 Οὺ
497 324 612 358 δύναμαι
627 323 682 358 ἐγὼ
694 325 779 351 ποιεῖν
792 325 839 352 ἀπ’
851 326 936 360 ἐμαυ-

149 371 197 397 τοῦ
212 371 299 403 οὐδὲν,
323 380 332 395 ι
358 370 417 397 ἀντὶ
440 370 498 402 τοῦ,
517 370 609 397 Πάντα
630 369 701 396 κατὰ
716 371 797 405 νόμον
813 371 935 406 πράττω,

149 417 194 443 τὸν
207 416 351 451 ὁρισθέντα
365 416 410 442 διὰ
421 416 554 447 Μωσέως,
571 415 644 442 οὐδὲν
654 416 702 442 ἀπ’
719 416 837 450 ἐμαυτοῦ
850 417 935 443 ποιεῖν

148 462 292 497 ἀνέχομαι,
316 471 325 487 l
337 462 428 493 καθὼς
451 461 551 493 ἀκούω,
567 461 661 497 κρίνω.
681 470 690 487 ε
717 461 749 487 Τί
762 461 815 496 γὰρ
827 463 841 488 6
856 462 935 497 νόμος

150 508 291 542 βούλεται;
305 517 313 532 ι
327 508 363 534 Οὺ
460 507 605 542 πρόςωπον
618 507 646 534 ἐν
657 507 756 542 κρίσει.
768 507 808 533 ὅτι
820 508 836 542 ὴ
846 508 935 543 κρίσις

148 554 194 581 τοῦ
208 554 275 581 Θεοῦ
290 555 359 581 ἐστι.
375 564 384 580 ο
407 554 438 579 Τί
457 553 503 579 νῦν
517 554 580 587 ἐμοὶ
596 552 702 587 χολᾶτε.
719 553 811 588 φησὶν,
823 554 863 579 ὃτι
876 554 935 581 ὅλον

147 600 291 635 ἄνθρωπον
303 599 365 633 ὑγιῆ
381 598 494 633 ἐποίησα
509 598 538 623 ὲν
554 597 696 632 Σαϐϐάτῳ,
709 598 811 625 Mensa.
825 599 860 633 μὴ
877 599 935 634 κρί-

147 653 248 676 νοντες,
265 645 309 671 καὶ
320 645 348 670 ὲν
360 643 492 678 Σαϐϐάτῳ
506 643 718 678 περιτέμνεσθαι
733 643 787 669 δεῖν
801 644 834 670 τὰ
849 643 935 679 βρέφη

148 690 359 725 διαταξάμενον;
387 699 396 715 ‹
412 689 457 724 Μὴ
480 689 588 724 κρίνετε
613 689 674 715 κατ’
701 689 772 723 ὄψιν,
797 689 865 716 ἀλλὰ
887 689 936 725 τὴν

148 734 254 761 δικαίαν
267 735 356 770 κρίσιν
370 734 486 770 κρίνετε.
501 743 510 759 ι
534 734 564 760 Εἰ
579 733 728 769 περιτομὴν
742 734 874 769 λαμϐάνει
889 734 935 761 ἅν-

147 781 256 816 θρωπος
274 783 302 808 ὲν
319 780 460 815 Σαῦϐάτῳ,
477 780 521 806 ἵνα
535 780 572 814 μὴ
588 779 655 815 λυθῇ
672 781 686 806 6
701 780 782 815 νόμος
803 780 934 813 Μωσέως,

146 826 355 861 ἀπερισκέπτως
384 825 531 860 ἀσχάλλετε
558 824 792 860 τεθεραπευμένον
821 826 881 852 ὅλον
906 826 934 852 ὲν

986 280 1050 306 IuilIi
1080 287 1154 307 nunc
1169 280 1262 315 itaque
1286 283 1465 315 suecensctis,
1484 283 1582 318 inquit,
1601 284 1664 318 quia
1682 288 1767 312 totum

986 325 1066 360 242
1091 325 1228 353 hominem
1252 327 1279 354 in
1305 327 1425 355 Sabbato
1446 330 1550 361 curavi,
1569 337 1630 357 cum
1648 330 1768 366 Moysem

986 379 1039 398 non
1066 372 1272 406 reprehendatis
1300 373 1347 407 qui
1375 374 1457 407 jussit
1484 375 1602 403 infantes
1631 377 1712 403 etiam
1741 377 1768 403 in

987 417 1106 444 Sabbato
1129 418 1305 446 circumcidi?
1325 428 1332 443 ι
1352 419 1442 446 Nolite
1469 420 1593 453 judicare
1617 422 1767 449 secundum

988 462 1099 494 faciem,
1119 463 1165 490 sed
1178 464 1282 497 justum
1297 464 1431 499 judicium
1458 465 1619 499 judicate".
1640 477 1648 493 ι
1668 467 1695 494 Si
1713 469 1770 495 cir-

987 509 1151 535 cumciditur
1169 510 1249 537 homo
1269 510 1295 536 in
1313 510 1444 542 Sahbato,
1460 518 1499 538 ne:
1511 510 1630 538 Mosaica
1655 512 1696 540 lex
1713 515 1768 540 sol-

988 560 1076 586 vatur,
1089 560 1192 584 temere
1212 556 1424 589 excandescitis,
1438 557 1510 591 quod
1528 561 1615 584 totum
1632 558 1769 586 hominem

988 599 1013 626 in
1031 601 1151 628 Sabbato
1168 606 1293 629 curatum
1310 602 1436 630 videatis.
1450 602 1620 638 Quapropter
1637 604 1771 639 egojuste

986 646 1094 680 quidem
1107 647 1239 681 judicavi,
1257 656 1304 675 vos
1317 656 1382 675 vero
1394 656 1448 675 non
1466 649 1530 676 item
1546 656 1553 675 :
1567 649 1657 676 omnia
1670 651 1771 685 quippe

986 698 1001 717 a
1014 692 1091 719 vobis
1104 693 1204 721 facilis.
1226 703 1235 718 ι
1256 693 1310 728 Ego
1326 702 1380 723 non
1397 701 1507 729 possum
1526 702 1541 721 a
1559 695 1663 730 Ineipso
1681 694 1771 723 facere

986 737 1136 771 quidquam
1156 748 1162 765 :
1180 739 1250 766 sicut
1267 739 1348 766 audio
1362 739 1468 774 judico,
1485 744 1510 767 et
1523 740 1656 774 judicium
1679 749 1770 768 Iuequ

984 779 1087 814 justqu
1117 785 1167 808 est.
1185 782 1242 808 NOII
1274 783 1347 810 enim
1365 791 1457 818 quer
1481 785 1648 812 voluntatem
1671 792 1770 816 meam.

985 825 1067 852 sicuti
1084 833 1142 858 vos,
1153 827 1199 854 sed
1216 828 1276 861 ejus
1290 829 1336 862 qui
1354 829 1427 856 misit
1443 837 1486 857 me
1502 829 1617 857 Patrisa
1638 831 1705 863 Quis
1723 838 1770 857 au-

146 872 278 907 Σςιῦὁάτῳ
292 871 431 906 θεώμενοι.
448 869 552 897 Οὐκοῦν
566 870 621 904 ἐγὼ
641 871 688 905 μὲν
705 870 800 906 ἔκρινα
809 871 930 903 δικαίως,

986 875 1038 897 lem
1064 871 1162 899 modus
1178 872 1329 906 missionis,
1344 877 1371 900 et
1391 881 1451 909 quae
1467 874 1536 901 ratio
1554 875 1589 901 sit
1605 882 1654 901 cur
1670 875 1772 902 missus

145 918 224 953 ὑμεῖς
246 918 274 944 δὲ
297 917 404 944 οὐκέτι·
435 916 522 943 πάντα
550 916 604 952 γὰρ
627 917 673 950 ἀφ’
694 914 798 943 ἑαυτῶν
820 918 930 944 ποιεῖτε.

146 974 155 989 ι
173 964 244 998 Ἐγὼ
262 964 292 990 οὗ
306 963 423 998 δύναμαι
439 963 525 989 ποιεῖν
539 962 587 989 ἀπ’
602 962 721 996 ἐμαυτοῦ
736 962 824 989 οὐδέν·
842 962 930 994 καθὼς

143 1010 253 1043 ἀκούω,
272 1009 367 1045 κρίνω,
393 1010 440 1035 καὶ
463 1009 479 1043 ἡ
505 1008 595 1044 κρίσις
616 1008 632 1043 ὴ
654 1008 707 1042 ὲμὴ
730 1007 821 1035 δικαία
844 1008 928 1034 ἐστίν.

143 1057 180 1083 Οὔ
198 1057 252 1092 γὰρ
265 1056 338 1091 ζητῶ
351 1055 379 1082 τὸ
397 1055 462 1090 ἐμὸν
475 1054 590 1089 θέλημα,
614 1054 739 1088 καθάπερ
756 1055 846 1088 ὑμεῖς,
864 1054 933 1081 ἀλλά

985 916 1101 948 dicatur,
1114 925 1175 943 cum
1193 918 1315 951 pluribus
1329 922 1409 945 antea
1424 919 1583 951 dixerimus,
1600 919 1643 946 hic
1661 924 1771 954 praetcr-

985 962 1141 995 Iuiltemus;
1157 968 1343 991 verumtamen
1357 964 1556 991 observandum
1571 969 1613 992 est
1625 965 1770 999 imprimis,

984 1006 1033 1033 Dei
1047 1014 1078 1034 ac
1101 1007 1191 1036 Patris
1209 1009 1349 1036 voluntate
1374 1010 1460 1044 legem
1484 1010 1530 1037 hic
1553 1010 1588 1037 ab
1606 1018 1638 1037 eo
1665 1010 1770 1045 signiti-

986 1060 1054 1080 carI.

142 1105 172 1131 τὺ
190 1104 238 1130 τοῦ
255 1103 413 1139 πέμψαντός
429 1111 462 1137 με
479 1102 596 1136 Πατρός.
615 1112 623 1127 ι
647 1101 693 1132 Τίς
710 1101 739 1128 δὲ
759 1102 773 1127 ὁ
797 1101 896 1135 τρόπος
918 1101 967 1136 τῆς
987 1100 1149 1136 ἀποστολῆς,
1176 1103 1224 1128 καὶ
1239 1103 1253 1128 6
1268 1103 1313 1129 τοῦ
1330 1103 1487 1138 πεπέμφθαι
1510 1103 1599 1138 λόγος,
1611 1104 1653 1131 διὰ
1669 1105 1774 1132 πολλῶν

141 1149 191 1185 ἤδη
209 1149 340 1184 πρότερον
364 1148 514 1184 εἰρηκότες,
536 1147 566 1173 τὸ
583 1147 671 1181 λέγειν
689 1146 727 1173 ἔτι
752 1147 815 1183 περὶ
832 1147 932 1174 τούτων
950 1147 1120 1183 παρήσομεν.
1143 1148 1215 1183 Πλὴν
1232 1150 1318 1176 έκεῖνο
1332 1150 1475 1184 χρησίμως
1499 1150 1698 1185 ’ὲπιτηρητέον,
1732 1152 1771 1179 ὅτι

143 1195 253 1230 θέλημα
269 1195 315 1222 τοῦ
329 1194 397 1221 Θεοῦ
413 1195 458 1221 καὶ
473 1194 578 1229 Πατρὶς
593 1193 638 1220 τὸν
658 1193 739 1228 νόμον
756 1190 825 1220 εἶναί
842 1202 934 1229 φησιν.

182 1242 253 1269 Ἐὰν
270 1241 327 1276 ἐγὼ
343 1241 481 1276 μαρτυρῶ
503 1241 570 1274 περὶ
583 1239 726 1275 ἐμαυτοῦ,
747 1240 766 1273 ’ἡ
786 1240 933 1274 μαρτυρία

139 1297 197 1322 μου
213 1289 269 1315 οὐκ
281 1288 366 1315 ἐστιν
375 1287 501 1321 ἀληθής,
520 1288 627 1319 Ἄλλος
645 1286 729 1313 ἐστὶν
745 1288 761 1313 ὁ
774 1286 934 1322 μαρτυρῶν

140 1334 206 1367 περὶ
224 1334 308 1368 ἐμοῦ,
325 1334 374 1360 καὶ
392 1332 459 1360 οἶδα
472 1334 515 1360 ὅτι
528 1332 643 1366 ἀληθής
656 1332 740 1360 ἐστιν
757 1334 776 1367 ἠ
786 1333 933 1368 μαρτιξρία

139 1378 178 1412 ἢν
195 1379 341 1413 μαρτυρεῖ
359 1379 429 1418 περὶ.
440 1380 523 1414 ἐμοῦ.
918 1404 920 1407 .

182 1425 211 1451 ὐ
228 1425 382 1459 σοφώτατος
407 1424 544 1460 Σολομὼν,
567 1424 601 1451 τὰ
616 1425 658 1459 ἐφ’
674 1421 769 1459 οἷσπερ
786 1424 818 1451 ἀν
830 1433 871 1456 τις
886 1433 920 1450 κα

141 1471 216 1506 μάλα
239 1471 351 1502 εἰκότως
368 1470 583 1506 ὲπισεμνύνοιτο,
612 1471 658 1497 καὶ
683 1470 863 1505 ἀξιοζήλωτον
886 1470 931 1496 τὸν

1021 1236 1108 1269 V,5I,
1120 1236 1166 1264 52.
1179 1236 1208 1264 Si
1218 1245 1265 1272 ego
1282 1238 1460 1264 testimonium
1471 1238 1591 1272 perhibeo
1608 1233 1639 1265 de
1657 1239 1753 1272 meipso
1763 1253 1770 1265 ι

987 1283 1166 1311 lestimonium
1183 1291 1269 1310 meum
1286 1292 1337 1310 non
1352 1288 1390 1311 est
1407 1292 1507 1311 verum.
1518 1284 1593 1310 Alius
1612 1289 1651 1310 est
1667 1285 1711 1318 qui
1736 1289 1769 1311 tc-

986 1328 1140 1356 stimouium
1162 1328 1278 1363 perhibet
1302 1329 1335 1355 de
1350 1337 1391 1355 me
1406 1338 1414 1355 :
1431 1336 1454 1356 et
1468 1330 1522 1356 scio
1541 1329 1603 1363 quia
1627 1337 1715 1356 verum
1734 1335 1771 1356 est

986 1375 1164 1402 testimonium
1179 1374 1247 1409 quod
1264 1374 1381 1409 perhibet
1391 1376 1422 1402 de
1439 1383 1488 1402 me.

1021 1420 1249 1456 Sapientissimus
1267 1420 1452 1453 Salomon,ea
1470 1421 1603 1456 colligens
1619 1430 1651 1450 ex
1672 1424 1771 1458 quibus
1819 1452 1825 1459 κ

985 1466 1091 1493 laudem
1110 1465 1162 1492 sibi
1188 1465 1305 1500 quisque
1322 1473 1421 1500 parare
1445 1470 1472 1492 et
1495 1473 1586 1493 mores
1611 1475 1677 1495 suos
1699 1473 1772 1495 recte

140 1518 241 1543 οἰκεῖον
264 1516 408 1551 ἀποφαίνει
435 1517 552 1552 τρόπον,
579 1516 714 1550 συλλέγων
751 1524 780 1541 τε
804 1515 862 1550 ἅμα
887 1515 930 1542 καὶ

984 1510 1178 1538 commendare
1201 1511 1299 1546 possit,
1321 1518 1407 1545 eaque
1436 1511 1515 1538 bonis
1543 1511 1576 1538 ad
1609 1512 1772 1541 discendum

139 1562 280 1597 προτιθεὶς
295 1563 350 1594 τοῖς
375 1562 587 1598 ὲπιεικεστέροις
609 1564 648 1594 εἰς
670 1562 700 1587 τὺ
719 1560 814 1596 μαθεῖν
827 1581 835 1593 ,
864 1570 874 1586 r
889 1561 933 1587 Δί-

139 1615 227 1638 καιος,
241 1607 317 1641 φησὶ,
332 1608 483 1642 κατήγορος
496 1608 593 1634 ἑαυτοῦ
610 1608 638 1634 ὲν
652 1606 832 1648 πρωτολογίᾳ.
850 1616 858 1632 ι
877 1605 932 1633 Καὶ

139 1652 220 1679 πάλιν
239 1662 246 1668 ·
268 1662 276 1678 ι
298 1653 511 1688 Ἐγκωμιαζέτω
529 1661 558 1680 σε
573 1654 587 1680 ὁ
606 1653 701 1684 πέλας,
723 1653 770 1679 καὶ
790 1653 826 1687 μὴ
840 1652 869 1678 τὸ
887 1652 932 1679 σὺν

139 1699 228 1734 στόμα
242 1709 248 1715 ·
273 1699 421 1735 ἀλλότριος.
447 1700 494 1726 καὶ
508 1700 545 1735 μὴ
559 1700 591 1726 τὰ
608 1700 642 1726 σὰ
655 1699 741 1734 χείλη.
755 1708 763 1724 ι
786 1698 864 1724 Ἐστι
878 1698 930 1733 γὰρ

137 1746 223 1777 ὅντως
240 1745 376 1781 φορτικὸν,
400 1745 447 1771 καὶ
471 1745 564 1780 χρῆμα
588 1745 643 1776 τοῖς
666 1744 852 1780 ἀκροωμένοις
867 1744 930 1771 δυσ-

138 1791 332 1826 φορητότατον,
343 1790 374 1817 τὺ
387 1791 423 1825 μὴ
435 1790 533 1824 διάτῆς
544 1790 645 1825 ἑτέρων
658 1789 826 1817 ἐπαινεῖσθαι
840 1789 931 1824 φωνῆς

136 1836 266 1871 ἐθελῆσαί
282 1845 366 1868 τινας,
382 1836 437 1862 ἀλλ’
454 1836 558 1867 ἑαυτοῖς
573 1835 670 1871 ἀνέδην
685 1836 881 1870 ἐπιμαρτυρεῖν
897 1836 931 1862 τὰ

136 1882 271 1908 κάλλιστα
292 1881 338 1908 καὶ
359 1881 495 1916 ἐξαίρετα.
526 1881 676 1907 Ἀπιστοῖτο
696 1880 718 1906 δ’
742 1880 775 1906 ἂν
791 1880 901 1912 εἰκότως
915 1881 929 1906 6

136 1926 259 1957 τοιοῦτος
275 1925 362 1959 λόγος.
379 1925 544 1960 Πεφύκαμεν
558 1924 610 1960 γὰρ
623 1925 719 1960 ὥσπερ
735 1924 790 1951 τισὶ
806 1925 927 1959 φυσικοῖς

135 1980 165 1997 τε
186 1972 234 1998 καὶ
248 1971 407 2005 ἀναγκαίοις
426 1970 567 2006 φιλαυτίας
582 1970 671 2002 ὁλκοῖς
689 1969 829 1997 καλεῖσθαι
848 1978 931 1995 σπου-

134 2018 219 2049 δαίως
245 2019 285 2049 εἰς
300 2018 343 2049 τὺ,
363 2016 463 2051 φαῦλον
480 2016 529 2052 μὲν
546 2017 651 2046 ἑαυτοῖς
665 2016 827 2050 ἐπιγράφειν
844 2015 928 2045 οὐδὲν,

134 2062 224 2088 ἀεὶδὲ
248 2061 425 2097 περιτιθέναι,
442 2062 489 2088 καὶ
510 2061 538 2087 οὐ
560 2061 667 2092 πάντως
687 2059 879 2095 ἀληθεύοντας,
896 2059 930 2085 τὰ

134 2107 179 2141 ἐφ’
191 2104 232 2138 οἷς
248 2106 280 2133 ἃν
295 2106 382 2141 οἴηταί
396 2115 437 2138 τις
457 2106 570 2141 ὁρᾶσθαι
587 2106 699 2141 κόσμιός
711 2114 740 2132 τε
758 2106 805 2132 καὶ
818 2105 928 2136 ἀγαθός.

142 2152 254 2187 Ἐπειδὴ
281 2153 372 2179 τοίνυν
397 2153 411 2178 6
437 2152 539 2186 Κύριος
570 2151 648 2187 ἡμῶν
680 2151 782 2186 Ἰησοῦς
813 2151 929 2187 Χριστὸς

135 2196 227 2231 ἑαυτῷ
239 2197 268 2223 τὸ
280 2196 315 2223 τὰ
328 2196 420 2223 δίκαια
435 2196 536 2232 κρίνειν
547 2195 738 2231 ἐπεψηφίζετο,
752 2196 789 2231 μὴ
799 2195 928 2222 δύνασθαί

134 2250 160 2267 τι
175 2241 242 2276 δρᾷν
253 2242 297 2276 ἀφ’
309 2241 405 2268 ἑαυτοῦ
417 2241 565 2277 διαρρήδην
575 2241 670 2272 εἰπὼν,
682 2242 782 2268 κανόνα
794 2242 821 2268 δὲ
835 2241 928 2277 ὥσπερ

135 2286 181 2321 ἐφ’
205 2287 292 2314 ἅπασι
316 2288 373 2318 τοῖς
399 2287 545 2322 πρακτέοις
570 2286 704 2313 ποιεῖσθαι
727 2286 776 2322 τὴν
799 2286 845 2312 τοῦ
861 2286 928 2313 Θεοῦ

138 2333 279 2368 βούλησιν,
295 2333 343 2359 καὶ
362 2332 440 2359 τοῦτο
455 2333 551 2367 λέγων,
568 2333 648 2364 αὐτὸς
663 2333 705 2367 ἐφ’
721 2332 810 2368 ἑαυτῷ
825 2333 929 2368 μάρτυς

136 2379 309 2415 είσόέϐηκεν,
331 2380 354 2405 ει
372 2379 419 2406 καὶ
439 2377 472 2414 ἦν
488 2379 600 2413 ἀληθὴς,
624 2379 780 2412 ἀναγκαίως
803 2379 850 2405 καὶ
880 2379 929 2413 τῆς

136 2424 215 2459 παρὰ
235 2425 290 2451 τὼν
305 2424 458 2460 Φαρισαίων
478 2424 664 2460 εὑρεσιλογίας
684 2424 839 2458 φροντίσας,
860 2424 928 2459 ὅπερ

136 2470 249 2505 ἔμελλον
263 2472 335 2506 ἐρεῖν
348 2470 544 2506 ἀμαθαίνοντες
558 2471 598 2505 (οὐ
610 2470 663 2505 γὰρ
676 2470 772 2505 ᾔδεσαν
788 2480 845 2502 πως
858 2470 928 2497 κατά

134 2517 217 2551 φύσιν
228 2517 291 2544 ὄντα
304 2517 392 2549 Θεὸν),
402 2518 440 2549 είς
452 2518 532 2553 μέσον
543 2517 603 2551 ἄγει
614 2516 765 2552 προλαϐὼν,
779 2515 825 2543 καί
835 2524 927 2551 φησιν’

142 2562 244 2596 Ἐρεῖτε
272 2561 304 2596 δὴ
330 2562 449 2593 πάντως,
468 2563 527 2593 ταῖς
560 2562 613 2587 τῶν
639 2561 744 2587 πολλῶν
775 2561 928 2595 συνηθείαις

136 2607 276 2641 ἑπόμενοι,
290 2608 336 2633 καὶ
352 2607 400 2642 τὴν
418 2607 555 2638 Ἰουδαίοις
571 2607 726 2641 πρέπουσαν
740 2607 865 2633 ὑπόνοιαν
878 2606 927 2632 οὐκ

135 2652 309 2684 ἐκϐαίνοντες
324 2662 330 2667 ·
354 2662 362 2678 I
378 2654 413 2679 Σὺ
424 2650 494 2688 ’περὶ
510 2653 623 2679 σεαυτοῦ
640 2653 786 2688 μαρτυρεῖς
798 2661 804 2667 '
824 2653 840 2688 ἡ
857 2661 926 2687 μαρ-

135 2698 213 2732 τυρία
225 2707 272 2724 σου
284 2698 334 2724 οὐκ
347 2698 419 2726 ἔστιν
431 2699 534 2734 ἀληθής
548 2707 555 2714 ⁶
571 2708 579 2724 ι
600 2698 667 2726 ἀλλὰ
680 2699 745 2734 πρὸς
756 2697 835 2724 τοῦτο
847 2698 927 2725 πάλιν

134 2743 345 2775 ἀντακούσεσθε,
361 2744 453 2778 φησιν’
478 2744 631 2778 Ἀνέχομαι,
656 2745 732 2778 φησι,
755 2743 925 2778 δυσφημοὺν-

134 2796 186 2815 των
199 2789 249 2822 ἔτι,
268 2790 424 2824 χαλεπαίνω
439 2790 467 2817 δὲ
483 2790 543 2817 λίαν
557 2790 694 2825 οὐδαμῶς,
711 2790 744 2816 τά
761 2790 789 2821 ἐξ
806 2789 925 2825 ἀμαθίας

169 2883 190 2901 ⁷⁸
210 2884 291 2911 Deut.
314 2892 369 2917 XVI,
389 2884 430 2911 I9.
469 2884 491 2900 ⁷⁸
513 2883 590 2910 Deut.
611 2892 629 2915 ι.
647 2884 695 2911 Ili:
711 2884 789 2911 Joan.
803 2891 851 2916 \‘Il,
870 2883 914 2910 24.

996 2882 1074 2909 Prov.
1094 2890 1170 2916 vaII,
1197 2883 1238 2911 Π.

277 2931 415 2961 ΡΑτιιοι.
442 2930 503 2960 tiu.
528 2929 653 2959 LXXIII

973 1566 1141 1594 proponens
1164 1567 1170 1585 :
1189 1567 1198 1583 ί
1223 1557 1329 1591 Justus,
1344 1557 1442 1591 inquit,
1456 1557 1502 1585 'sui
1523 1558 1609 1592 ipsius
1626 1567 1773 1587 accusator

981 1609 1023 1632 est
1037 1605 1063 1631 in
1081 1604 1216 1639 principio
1232 1604 1367 1631 sermonis
1377 1602 1428 1631 ⁸ο.»
1443 1603 1508 1630 Item
1527 1613 1533 1631 :
1552 1613 1561 1629 ι
1576 1604 1678 1632 Laudet
1690 1609 1717 1633 te
1733 1607 1773 1633 vi-

982 1650 1071 1682 cinus,
1099 1653 1126 1676 et
1153 1656 1208 1676 non
1233 1655 1265 1676 os
1292 1651 1369 1675 tuum
1387 1657 1393 1675 :
1410 1648 1526 1682 alienus,
1557 1654 1584 1676 et
1610 1657 1665 1677 non
1699 1650 1770 1677 labia

981 1698 1027 1723 tua
1038 1695 1072 1721 εί.
1092 1704 1101 1719 ι
1119 1693 1218 1722 Gravis
1234 1693 1307 1721 enim
1322 1694 1446 1729 profecto
1462 1694 1646 1727 auditoribus,
1663 1703 1695 1722 ac
1709 1703 1770 1730 per-

981 1741 1097 1768 molesta
1115 1748 1160 1767 res
1173 1743 1225 1771 est,
1239 1747 1300 1766 cum
1316 1746 1345 1767 se
1360 1739 1471 1774 quidam
1489 1739 1606 1767 aliorum
1621 1748 1688 1768 voce
1713 1741 1771 1768 lau-

981 1785 1038 1812 dari
1064 1785 1172 1817 nolunt,
1188 1785 1236 1812 sed
1262 1784 1362 1812 eximia
1385 1792 1502 1820 quzeque
1523 1785 1694 1819 impudenter
1719 1786 1770 1813 sibi

982 1833 1121 1864 arrogant.
1143 1829 1195 1856 Sed
1215 1830 1306 1856 minus
1322 1837 1384 1856 vera
1399 1829 1485 1857 videri
1497 1834 1594 1864 .potest
1611 1831 1768 1858 istiusmodi

980 1875 1080 1903 oratio.
1105 1873 1231 1901 Solemus
1255 1874 1327 1901 enim
1355 1874 1529 1902 naturalibus
1555 1882 1587 1901 ac
1606 1876 1771 1902 necessariis

980 1921 1064 1949 veluti
1079 1919 1243 1955 quibusdam
1260 1920 1364 1954 proprii
1392 1920 1494 1947 amoris
1511 1920 1623 1947 funibus
1640 1920 1722 1951 trahi,
1740 1926 1770 1947 ut

980 1966 1048 1993 nihil
1065 1965 1141 2000 pravi
1159 1964 1238 1991 nobis
1264 1964 1404 1991 ascribere
1418 1964 1545 1995 velimus,
1560 1965 1607 1990 sed
1623 1972 1654 1991 ea
1678 1965 1769 1999 potius

980 2012 1106 2046 quamvis
1117 2011 1185 2038 falso
1195 2017 1354 2045 arrogemus
1366 2010 1466 2044 quibus
1475 2010 1553 2044 probi
1564 2010 1770 2045 honestiquevi-

980 2058 1105 2085 deamur.
1119 2056 1253 2090 Quoniam
1265 2063 1330 2090 ergo
1340 2055 1473 2083 Dominus
1488 2059 1581 2083 noster
1591 2056 1671 2083 Jesus
1694 2057 1771 2084 Chri-

981 2107 1040 2130 stus
1057 2103 1162 2137 juslqu
1173 2101 1309 2136 judicium
1319 2101 1371 2128 sibi
1387 2101 1594 2136 tribuit,aperte
1605 2101 1698 2129 dicens
1714 2110 1768 2130 non

982 2156 1061 2184 posse
1087 2156 1101 2175 a
1128 2148 1219 2183 seipso
1245 2147 1335 2175 facere
1350 2147 1511 2182 quidquam,
1527 2148 1573 2175 sed
1595 2149 1623 2175 iu
1641 2149 1769 2176 omnibus

982 2196 1062 2223 rebus
1084 2194 1197 2230 agendis
1219 2194 1265 2221 Dei
1291 2195 1460 2222 voluntatem
1488 2198 1617 2229 tanquam
1645 2196 1767 2230 regulam

982 2241 1032 2268 sibi
1054 2248 1224 2275 proponere;
1238 2244 1265 2267 et.
1285 2247 1346 2267 cum
1362 2240 1413 2267 hoc
1428 2240 1540 2273 diceret,
1557 2241 1614 2275 ipse
1628 2241 1661 2268 de
1678 2241 1768 2275 Scipso

982 2286 1170 2313 testimoniqu
1192 2285 1263 2317 iniit,
1280 2286 1387 2313 tametsi
1410 2293 1492 2313 verax
1509 2290 1577 2319 erat,
1596 2287 1768 2322 prospiciens

982 2336 1072 2359 tamen
1097 2331 1163 2366 quid
1191 2332 1266 2359 stulti
1293 2331 1425 2358 Pharisaei
1451 2332 1579 2367 nugaturi
1599 2336 1703 2364 essent,
1719 2341 1768 2359 nec
1789 2340 1791 2342 '

982 2378 1055 2405 enim
1072 2381 1205 2404 noverant
1220 2377 1309 2412 ipsum
1325 2385 1385 2404 esse
1403 2381 1501 2403 natura
1515 2377 1611 2410 Deum,
1622 2378 1768 2405 antevertit

982 2432 1029 2452 eos
1045 2428 1071 2451 et
1088 2424 1125 2451 ait
1143 2433 1148 2449 :
1170 2423 1268 2450 Dicetis
1289 2423 1383 2457 utique
1398 2423 1478 2458 243
1495 2423 1566 2458 vulgi
1591 2423 1768 2450 consuetudi-

982 2477 1043 2497 nem
1056 2470 1153 2498 secuti.
1163 2477 1213 2497 nec
1226 2469 1296 2496 ultra
1310 2468 1464 2496 Judmorum
1475 2469 1647 2503 suspiciones
1658 2469 1743 2496 evecti
1760 2479 1766 2495 :

985 2525 994 2541 ι
1014 2515 1053 2542 Tu
1076 2515 1109 2542 de
1132 2515 1220 2550 teipso
1247 2515 1379 2542 testaris:
1398 2515 1587 2542 testimonium
1613 2518 1690 2541 tuum
1713 2523 1767 2542 non

982 2565 1023 2588 est
1039 2569 1150 2594 verum;
1170 2570 1178 2586 ι
1196 2560 1243 2588 sed
1260 2561 1379 2588 vicissim
1403 2560 1530 2590 audietis,
1546 2561 1633 2595 inquit
1647 2570 1652 2586 :
1673 2559 1767 2587 Vestra

982 2606 1128 2633 maledicta
1150 2606 1251 2640 patior,
1274 2606 1372 2640 inquit,
1396 2613 1446 2633 nec
1465 2613 1617 2633 succenseo
1635 2606 1712 2634 vobis
1732 2607 1767 2634 ob

981 2659 1012 2678 ea
1027 2651 1108 2678 verba
1126 2659 1185 2686 quze
1201 2659 1255 2686 pra:
1279 2650 1406 2677 familiari
1423 2655 1512 2677 vestra
1535 2651 1666 2678 eructatis
1683 2651 1766 2678 insci-

982 2697 1029 2723 tia.
1047 2697 1177 2731 Suppouo
1199 2700 1274 2724 recte
1297 2697 1347 2723 hoc
1377 2705 1391 2723 a
1418 2697 1495 2724 vobis
1510 2698 1574 2725 dici.
1592 2697 1672 2728 Esto;
1687 2706 1763 2733 repu-

981 2742 1054 2770 diate
1081 2751 1171 2770 meum
1201 2743 1391 2770 testimonium
1411 2744 1502 2771 :alius
1526 2748 1568 2770 est
1595 2744 1641 2779 qui
1665 2744 1698 2772 de
1724 2752 1765 2772 me

981 2793 1108 2816 testatur.
1127 2788 1268 2824 Signiﬁcat
1286 2794 1376 2815 autem
1393 2788 1434 2816 his
1457 2789 1547 2816 verbis
1564 2789 1647 2816 Deum
1671 2796 1701 2816 ac
1717 2788 1762 2815 Pa-

1279 2884 1298 2899 ⁸¹
1319 2883 1399 2911 Prov.
1417 2891 1507 2915 xvaI,
1524 2883 1550 2909 ‘2.

1566 2928 1599 2957 I3
