2026 3123
278 184 328 210 ἧ⁴ὶῗὶ

753 179 779 206 S.
802 179 940 208 CYRILLI
958 179 1191 208 ALEXXNDRINI
1211 181 1369 210 ARCHIEP.
1850 186 1895 214 3M3

277 246 345 267 trem
360 239 509 271 cu;lestem,
523 238 570 273 qui
587 237 680 264 multis
695 237 750 272 jam
766 238 855 266 modis
871 237 966 265 Filium
983 245 1054 265 suun

1114 238 1163 272 τῆς
1174 239 1250 274 ὑμῶν
1262 239 1310 276 [αι.
1322 239 1398 276 ὑμῖν]
1411 240 1570 276 φιλαιτάτης
1581 240 1766 276 ἑρευγομένων
1777 242 1894 277 ρήματις

277 287 327 314 sibi
338 284 601 313 consubstantialem
613 290 674 310 esse
685 283 848 311 testiﬁcatus
860 283 1002 318 cst,cujus
1027 287 1061 310 le«

277 332 437 359 stimouium
450 337 542 357 verum
552 337 613 356 esse
625 329 695 356 scire
708 336 738 356 se
751 337 833 364 porro
845 330 954 361 asserit,
967 333 1062 356 osten-

276 379 343 406 deus
356 377 450 412 utique
462 383 542 404 suum
565 375 645 402 etiam
667 375 803 402 calculum
817 375 1003 402 certissimum
1028 382 1060 401 ac

276 423 449 450 verissimum
469 429 541 449 esse.
559 420 597 448 Ne
610 427 708 448 rursus
731 421 803 447 enim
827 427 923 447 ansam
941 421 1060 455 aliquam

277 468 412 495 bzereticis
421 467 491 494 male
499 466 636 502 cogitandi
646 465 788 501 praeberet.
796 470 843 493 aut
855 474 949 494 eorum
961 467 1062 493 calum-

276 516 326 541 nia:
344 517 461 549 pateret,
478 513 556 548 quasi
573 512 641 540 falsa
659 512 692 540 de
705 512 795 547 seipso
814 512 906 540 dicere
919 519 948 540 se
962 512 1061 540 fatere-

276 565 331 592 tur,
348 563 524 594 posteaquam
538 558 640 585 decoro
657 563 682 585 et
699 557 892 585 consuetudini
905 565 934 585 se
951 564 1061 585 accom-

276 605 393 633 modans
407 604 525 632 asseruit
549 603 626 630 fidem
642 608 671 630 ut
693 602 791 630 idoneo
815 603 879 630 testi
906 602 1060 630 habendam

276 659 330 678 non
341 657 403 678 esse
414 650 438 677 ei
448 650 494 684 qui
506 650 624 684 seipsum
636 649 728 676 laudat
739 653 767 675 et
779 648 1061 681 commendat,denuo

275 698 357 730 redit,
375 701 404 723 ut
417 696 498 728 Deus,
512 695 545 722 ad
558 695 719 730 dignitatem
734 695 786 722 sibi
800 695 932 727 debitam,
946 700 973 723 et
988 696 1060 723 scire

275 751 305 770 se
337 744 375 770 ait
402 742 589 770 testimonium
615 741 707 769 Patris
732 749 827 768 verum
856 749 929 774 esse,
946 741 1061 776 perinde

274 798 305 818 ac
330 791 352 818 si
374 790 500 817 diceret:
518 788 575 824 Ego
601 788 673 816 Deus
698 795 782 815 verus
805 795 866 815 cum
888 788 957 820 sim,
985 788 1058 820 novi,

274 837 374 872 inquit,
391 837 536 870 meipsum,
554 834 635 861 Pater
653 841 744 861 autem
758 834 826 861 nihil
844 834 877 860 ad
895 834 1010 869 gratiam
1026 833 1060 861 de

274 889 318 909 me
342 881 425 909 dicet.
455 876 510 915 Ego
529 879 602 907 cuitu
629 879 652 906 is
677 887 737 906 sum
762 883 872 910 natura.
893 886 974 913 quem
1001 879 1058 913 ipse

273 936 356 956 verax
382 934 491 962 quoque
513 925 709 960 comprobarit.
723 925 898 960 Quapropter
919 925 975 951 illic
988 933 1057 952 cou-

271 973 364 1003 scnsio
376 972 499 1008 qu:rdam
514 976 572 1000 erat
584 972 662 1007 quasi
679 979 726 1007 per
742 971 1017 1005 condcscensionem,
1031 975 1059 999 et

271 1028 304 1046 ex
335 1019 510 1056 hypothetiea
534 1017 621 1052 magis
647 1024 730 1052 quam
757 1024 823 1044 vera
846 1017 999 1044 oratio:in
1024 1024 1058 1043 eo

270 1073 336 1094 vero
352 1065 425 1101 quod
439 1066 476 1092 ait
489 1065 561 1092 scire
578 1071 608 1092 se
621 1063 809 1091 testimonium
832 1063 921 1090 Patris
937 1070 1000 1090 esse
1011 1070 1058 1090 ve-

271 1122 342 1146 rum,
358 1112 533 1141 auctoritatis
547 1118 579 1138 ac
601 1109 663 1137 ﬁdei
679 1110 736 1137 Deo
759 1109 950 1136 convenientis
965 1108 1058 1136 decla-

270 1161 351 1188 ratio.
379 1157 586 1186 Observandum
619 1160 661 1184 est
690 1159 782 1182 autem
813 1162 913 1182 rursus
948 1154 1056 1182 Patrem

269 1206 360 1241 quoad
380 1204 519 1240 propriam
548 1201 716 1237 hypostasim
739 1201 822 1227 alium
849 1208 911 1228 esse
936 1207 951 1227 a
973 1200 1056 1233 Filio,

269 1260 322 1279 nou
338 1255 440 1283 autem,
451 1254 479 1277 ut
493 1248 634 1276 nonnullis
647 1247 781 1282 imperitis
794 1247 930 1275 haereticis
942 1247 1054 1282 placuit,

269 1297 445 1332 Filiopatrem
461 1303 522 1323 esse
538 1293 726 1322 statuendum.

1112 286 1215 320 Δίδωμι
1227 285 1288 312 καθ’
1302 286 1431 313 ὑπόθεσιν
1445 286 1536 318 καλῶς
1550 287 1615 322 παρ’
1630 287 1707 323 ὑμῶν
1720 288 1844 323 εἰρῆσοαι
1854 290 1894 316 καὶ

1112 332 1201 359 τοῦτο.
1219 333 1318 364 Ἔστω,
1338 333 1386 368 τὴν
1407 333 1476 369 ὲμὴν
1494 333 1698 369 παρακρούεσοε
1708 335 1810 370 φωνὴν,
1823 335 1894 367 ἀλλος

1113 378 1185 404 ἐστὶν
1199 379 1213 404 6
1228 378 1373 414 μαρτυρῶν
1388 379 1451 415 περὶ
1465 379 1542 414 ἐμοῦ.
1561 380 1691 415 Σημαίνει
1705 380 1732 406 δὲ
1748 380 1791 407 διὰ
1805 380 1894 408 τούτου

1112 421 1158 449 τὸν
1172 423 1200 448 ὲν
1216 424 1272 454 τοῖς
1293 423 1416 457 οὐρανοῖς
1439 423 1502 450 δντα
1527 423 1592 450 Θεὸν
1616 424 1663 456 καὶ
1685 424 1806 460 Πατέρα,
1830 426 1894 452 κατά

1112 466 1226 497 πολλοὺς
1245 467 1294 501 ἠδη
1320 467 1438 502 τρόπους
1459 467 1490 494 τὺ
1512 469 1624 503 γνήσιον
1648 469 1697 504 τῆς
1721 469 1816 501 οὐσίας
1839 470 1893 497 ἑπι-

1115 514 1326 549 μαρτυρήσαντα
1350 514 1389 548 τῷ
1410 514 1466 550 ἰδίῳ
1489 515 1655 550 γεννήματι,
1675 512 1705 542 οὗ
1729 516 1778 542 καὶ⁵
1801 516 1894 544 εἰδέναι

1112 558 1161 594 τὴν
1179 560 1330 594 μαρτυρίαν
1344 560 1436 594 φησὶν,
1457 560 1495 592 ὡς
1514 560 1587 587 ἐστιν
1609 561 1723 597 ἀληθὴς,
1746 562 1894 594 ἀξιοπιστο-

1111 604 1194 639 τάτην
1222 604 1306 636 ὅντως
1336 606 1382 632 καὶ
1408 606 1506 642 ἀληθῆ,
1533 607 1580 633 καὶ
1610 607 1660 643 τὴν
1686 608 1783 635 ἑαυτοῦ
1810 609 1894 644 ψῆφον

1111 650 1274 682 ἐπιδεικνύς.
1300 651 1359 678 Ἵνα
1381 652 1435 687 γὰρ
1456 652 1493 688 μὴ
1516 653 1729 689 καταδεξάμενος
1750 654 1846 690 ὥσπερ
1868 656 1896 682 τὸ

1110 695 1195 731 ψευδῆ
1211 695 1301 730 λέγειν
1315 697 1410 724 ἑαυτὸν
1424 698 1493 733 ὑπὲρ
1508 699 1615 730 ἑαυτοῦ,
1631 699 1722 735 χώραν
1741 702 1803 727 τι.νὰ
1819 701 1895 728 πάλιν

1110 741 1266 774 κακονοίας,
1280 743 1334 769 καῖ
1342 743 1518 778 παρείσδυσιν
1529 747 1585 777 τοῖς
1602 746 1764 781 ἑτεροδοξείν
1776 747 1894 782 εἰθισμέ-

1110 795 1166 820 νοις
1182 789 1318 824 παράσχοι
1334 789 1395 816 καθ“
1421 791 1528 822 ἑαυτοῦ,
1550 791 1704 826 ἀναγκαίως
1731 793 1840 825 ἐπιδοὺς
1860 793 1894 829 τῷ

1111 833 1243 868 πρέποντι
1258 834 1306 861 καὶ
1322 835 1355 870 τῇ
1371 834 1498 870 συνηθείᾳ.
1515 835 1544 861 τὸ
1557 835 1594 871 μὴ
1617 835 1717 871 χρῆναι
1737 835 1846 868 πάντως
1861 837 1894 867 ὡς

1111 879 1196 914 ἀληθῆ
1215 879 1391 906 πιστεύεσθαι
1408 880 1454 906 τὸν
1472 880 1566 907 ἑαυτὸν
1582 881 1743 908 ἐπαινοῦντα
1763 883 1810 908 καὶ
1830 882 1893 908 ἀποο

1110 924 1265 960 δεχόμενον,
1276 924 1420 960 ἀνατρέχει
1434 925 1524 957 πάλιν,
1540 926 1577 957 ὡς
1593 925 1668 958 Θεὸς,
1685 926 1731 952 ἐπὶ
1746 926 1795 962 τὴν
1811 927 1894 962 ἐαυτῷ

1112 971 1336 1007 χρεωστουμένην
1351 971 1439 1004 ἀξίαν,
1455 972 1503 998 καὶ
1517 972 1615 998 είδὲναι
1631 973 1696 1007 φησὶ
1711 972 1760 1008 τὴν
1774 972 1821 999 τοῦ
1842 974 1894 999 Πα-

1112 1017 1176 1052 τρδς
1194 1017 1356 1053 μαρτυρίαν,
1368 1017 1406 1050 ὡς
1431 1017 1505 1044 ἐστιν
1523 1017 1636 1054 ἀληθὴς,
1656 1019 1796 1054 μονονουχὶ
1821 1019 1895 1046 torno

1111 1062 1254 1096 διδάσκων,
1279 1064 1319 1090 ὃτι
1336 1064 1402 1095 Θεὸς
1414 1062 1452 1090 ὢν
1471 1064 1606 1100 ἀληθινὸς,
1621 1062 1688 1096 οἶδα,
1707 1066 1799 1099 φησὶν,
1811 1065 1893 1100 ἐμαυ-

1110 1111 1167 1142 τὸν,
1180 1110 1378 1146 κεχαρισμένον
1393 1111 1422 1137 δὲ
1435 1110 1512 1137 οὐδὲν
1527 1112 1541 1138 ὁ
1556 1111 1651 1146 Πατὴρ
1666 1112 1724 1146 ἐρεῖ
1737 1111 1801 1147 περὶ
1813 1112 1878 1146 ἐμοῦ

1111 1156 1166 1192 ἔχω
1182 1157 1236 1192 γὰρ
1251 1156 1323 1183 οὕτω
1339 1157 1409 1183 κατὰ
1425 1156 1515 1192 φύσιν,
1533 1156 1627 1192 ὥσπερ
1642 1157 1674 1183 ἂν
1687 1155 1732 1184 οὖν
1749 1157 1796 1184 καὶ
1818 1157 1893 1190 αὐτὸς

1111 1203 1213 1239 ἀληθὴς
1225 1203 1262 1229 ὢν
1273 1203 1478 1237 ὲπιψηφίσαιτο.
1496 1203 1599 1229 Οὐκοῦν
1614 1203 1642 1229 ὲν
1657 1204 1753 1238 ἐκείνῳ
1769 1203 1820 1238 μὲν
1833 1211 1893 1237 συγ-

1109 1249 1278 1284 καταϐατική
1295 1258 1336 1281 τις
1350 1249 1444 1285 ὥσπερ
1461 1249 1613 1281 συναίνεσις
1625 1246 1669 1284 ἦν,
1681 1249 1726 1275 καὶ
1738 1248 1894 1280 ὑποθετικ⁵ς

1109 1294 1208 1330 μᾶλλον
1231 1295 1302 1330 ἤπερ
1315 1294 1417 1330 ἀληθὴς
1429 1295 1443 1321 6
1456 1295 1533 1329 λόγος
1542 1302 1548 1308 ”
1565 1294 1594 1320 ὲν
1606 1294 1634 1320 δὲ
1648 1294 1685 1330 τῷ
1697 1295 1796 1321 είδέναι
1807 1294 1897 1328 λέγειν

266 1345 315 1381 τὴν
331 1344 377 1371 τοῦ
395 1343 500 1379 [ἰατρὸς
516 1342 666 1378 μαρτυρίαν
682 1341 778 1376 ἀληθῆ,
793 1340 843 1376 τῆς
858 1340 918 1376 Θεῷ
934 1342 1092 1378 πρεπούσης
1122 1342 1291 1374 ἀξιοπιστίας
1321 1341 1460 1373 ἐπίδειξις.
1477 1341 1648 1376 Σημειωτέον
1669 1340 1698 1368 δὲ
1731 1341 1823 1373 πάλιν,
1855 1341 1894 1368 ὃτι

267 1392 335 1419 κατ’.
350 1391 417 1418 [δίαν
434 1390 580 1416 ὑπόστασιν
594 1389 672 1421 ἄλλος
688 1389 761 1415 ἐστὶν
775 1388 789 1414 6
805 1388 898 1425 Πατὴρ
919 1389 994 1425 παρὰ
1006 1390 1051 1416 τὸν
1071 1390 1145 1422 Tim,
1158 1389 1205 1416 καὶ
1219 1390 1267 1425 οὐχ
1279 1390 1373 1425 ὥσπερ
1385 1389 1458 1422 ἔδοξέ
1473 1398 1527 1416 τισι
1538 1389 1593 1416 τῶν
1621 1388 1791 1416 ἀπαιδεύτων
1821 1389 1894 1424 αἱρεο
1923 1411 1928 1414 .

270 1437 361 1469 τικῶν,
378 1438 523 1472 Υῐοπάτωρ
539 1437 708 1473 εἰσφέρεται.

304 1485 337 1517 ν,
352 1485 396 1512 33.
413 1483 462 1511 Vas
482 1483 590 1511 misistis
610 1483 644 1510 ad
662 1483 802 1515 Joannem,
829 1488 853 1510 et
871 1483 1049 1510 testimonium

265 1531 397 1566 perhibuit
413 1530 528 1557 veritati.

302 1575 539 1609 Quemadmodum
551 1579 629 1602 antea
646 1579 725 1609 turpe
739 1579 766 1602 et
781 1575 975 1603 stultissimum
990 1582 1052 1603 esse
1066 1593 1086 1621 ο

266 1623 435 1652 dicebamus,
466 1628 579 1648 suarum
608 1620 726 1655 aliquem
755 1620 865 1647 laudum
899 1628 1051 1656 praeconem

265 1668 362 1700 videri,
379 1668 442 1694 licet
458 1667 493 1694 ob
510 1667 622 1694 multam
638 1667 766 1694 virtutem
787 1667 897 1695 mentiri
918 1667 998 1701 nolit,
1013 1667 1052 1695 sic

265 1719 293 1741 et
318 1721 373 1741 non
402 1717 528 1741 vocatum
561 1713 594 1740 ad
626 1712 828 1740 testificandum
855 1713 997 1745 accedere,
1026 1717 1052 1740 et

265 1759 458 1795 quzesitoribus
476 1759 548 1786 ultro
573 1767 602 1786 se
628 1759 737 1792 oderre,
765 1767 818 1786 non
845 1758 988 1787 dissimilis
1011 1764 1052 1787 est

266 1806 387 1833 insaniae.
398 1804 512 1832 Videtur
528 1805 602 1832 enim
614 1812 663 1832 nec
679 1805 727 1832 abs
740 1813 779 1837 re,
797 1805 953 1832 istiusmodi
968 1805 1051 1832 homo

265 1852 335 1878 haud
363 1851 477 1878 multum
504 1857 602 1877 curare
623 1850 776 1882 veritatem,
804 1849 851 1878 sed
875 1849 947 1884 quod
973 1854 1050 1878 tanto

263 1897 356 1924 studio
371 1896 453 1933 244
468 1904 497 1924 se
519 1896 551 1923 ad
573 1895 773 1923 testificandum
806 1896 918 1930 ingerit,
936 1903 990 1923 non
1010 1896 1049 1923 rei

262 1948 400 1976 naturam,
419 1943 467 1970 sed
486 1942 568 1969 animi
584 1943 625 1970 sui
643 1942 808 1970 Sententiam
826 1941 944 1976 aperire.
959 1941 1050 1968 Artiﬁ-

261 1989 415 2017 ciosissime
432 1989 523 2023 itaque
548 1987 680 2016 Dominus
699 1991 792 2014 noster
813 1986 893 2014 Jesus
907 1986 1048 2021 Christus,

261 2035 317 2061 imo
343 2041 408 2061 vero
438 2037 467 2060 ut
494 2033 576 2065 Deus,
603 2030 807 2060 Pharisaeorum
826 2027 1049 2060 criminationem

261 2083 439 2115 praavertens,
455 2080 493 2106 ait
507 2089 512 2107 :
533 2089 541 2105 ι
559 2078 614 2107 Vos
628 2079 744 2106 misistis
756 2078 788 2105 ad
800 2077 951 2111 Joannem;
971 2086 979 2102 ι
994 2085 1048 2104 non

261 2127 332 2153 ultro
345 2133 374 2153 se
394 2125 509 2160 ingessit
530 2125 564 2152 ad
593 2125 758 2152 sententiam
780 2124 814 2151 de
844 2132 887 2151 me
909 2123 1047 2150 ferendam

260 2172 390 2207 Baptista.
414 2172 474 2198 Non
495 2175 584 2206 potest
608 2171 634 2198 id
656 2171 680 2198 ei
698 2171 803 2205 objici;
829 2170 945 2198 liberum
973 2171 1049 2198 testi—

260 2217 381 2244 monium
398 2217 470 2245 tulit.
497 2215 551 2244 Vos
568 2207 682 2242 misistis
702 2215 748 2250 qui
765 2219 904 2250 rogarent,
921 2219 948 2242 et
969 2215 1047 2242 testi-

1146 1482 1239 1517 Ὑμεῖς
1263 1481 1471 1509 ἀπεστάλκατε
1492 1480 1567 1515 πρὸς
1589 1481 1746 1515 Ἰωάννην,
1772 1481 1821 1508 καί
1845 1489 1891 1515 με·

1103 1530 1275 1566 μαρτύρηκε
1290 1527 1328 1562 τῇ
1342 1527 1477 1561 ἀληθείᾳ.

1144 1576 1247 1610 Ὠσπερ
1261 1573 1361 1610 ἀρτίως
1378 1573 1490 1608 αἰσχρὸν
1512 1571 1582 1600 εἶναι
1597 1573 1830 1609 διεϐεϐαιοὺμεθα,
1846 1575 1893 1600 καὶ

1103 1622 1152 1656 τῆς
1165 1620 1282 1655 ἐσχάτης
1298 1618 1424 1654 εὐηθείας
1439 1619 1489 1645 οὐκ
1512 1619 1636 1654 ἀμοιρεῖν
1659 1619 1688 1644 τὸ
1710 1619 1764 1645 τῶν
1785 1619 1893 1646 οἰκείων

1104 1665 1349 1701 πλεονεκτημάτων
1372 1665 1532 1700 θαυμαστὴν
1559 1664 1673 1700 ὁρᾶσθαί
1698 1673 1775 1697 τινα,
1799 1665 1846 1691 καὶ
1868 1667 1891 1692 εἰ

1104 1713 1262 1747 παραιτοῖτο
1283 1712 1313 1737 τὸ
1335 1710 1480 1746 ψεύδεσθαι
1497 1710 1541 1737 διὰ
1557 1709 1655 1746 πολλὴν
1673 1711 1782 1746 ἀρετήν·
1806 1712 1891 1744 οὕτως

1103 1759 1219 1794 ἀδελφὴν
1232 1758 1327 1793 ὥσπερ
1340 1758 1396 1792 ἔχει
1413 1757 1459 1784 καὶ
1473 1757 1578 1791 γείτονα
1592 1757 1640 1793 τὴν
1657 1758 1771 1784 ἀτοπίαν
1781 1758 1889 1793 ἐκείνῳ,

1102 1805 1132 1831 τὸ
1147 1804 1183 1840 μὴ
1198 1803 1382 1839 κεκλημένους
1394 1804 1440 1830 ἐπὶ
1457 1804 1507 1839 τὴν
1520 1803 1565 1830 ἐπί
1582 1812 1635 1830 τισι
1650 1804 1803 1838 μαρτυρίαν
1823 1803 1890 1831 ἰέναι

1100 1850 1186 1881 τινὰς,
1210 1849 1375 1885 αὐτομόλους
1399 1849 1427 1874 δὲ
1451 1849 1505 1880 τοῖς
1531 1848 1704 1881 δικάζουσιν,
1728 1850 1812 1885 ἤγουν
1833 1851 1890 1881 τοῖς

1102 1896 1234 1931 διερωτᾷν
1259 1894 1396 1921 ἐθέλουσιν
1419 1894 1622 1923 ἀναπείοεσθαι.
1648 1895 1727 1927 Δόξαι
1748 1895 1803 1931 γὰρ
1826 1895 1860 1922 ἂν
1874 1895 1888 1921 6

1100 1941 1231 1973 τοιοῦτος,
1246 1941 1292 1968 καὶ
1303 1941 1351 1968 οὑκ
1365 1940 1419 1967 ἀπὸ
1434 1940 1547 1971 σκοποῦ,
1562 1941 1598 1975 μὴ
1613 1940 1716 1973 πάντας
1730 1942 1888 1976 ἐπείγεσθαι

1099 1987 1190 2022 λέγειν
1213 1987 1243 2014 τὸ
1267 1986 1376 2022 ἀληθὲς,
1399 1986 1430 2013 τὸ
1451 1986 1479 2012 δὲ
1503 1986 1562 2013 λίαν
1585 1987 1733 2021 προθύμως
1760 1987 1890 2022 ἐθελῆσαι

1101 2033 1259 2068 μαρτυρεῖν,
1284 2032 1333 2067 οὐχ
1347 2032 1416 2068 ὅπερ
1439 2032 1495 2067 ἔχει
1515 2031 1562 2059 τοῦ
1584 2033 1777 2068 πράγματοςὴ
1796 2033 1886 2067 φύσις,

1099 2077 1188 2113 ἐαυτῷ
1201 2078 1228 2104 δὲ
1242 2078 1341 2112 μᾶλλον
1355 2077 1386 2104 τδ
1401 2077 1496 2104 δοκοῦν
1520 2078 1726 2113 ἀποφαίνεσθαι.
1749 2079 1888 2115 Ἐντεχνέ-

1099 2131 1182 2149 στατα
1204 2123 1292 2149 τοίνυν
1317 2123 1331 2149 6
1355 2124 1456 2159 Κύριος
1485 2124 1563 2159 ἡμῶν
1593 2125 1696 2159 Ἰησοῦς
1721 2126 1735 2152 6
1757 2126 1886 2161 Χριστὸς,

1100 2169 1198 2204 μᾶλλον
1212 2169 1240 2196 δὲ
1263 2169 1300 2200 ὡς
1325 2169 1400 2201 Θεὸς,
1418 2169 1466 2196 καὶ
1480 2170 1528 2205 τὴν
1543 2170 1589 2196 ἐπὶ
1604 2170 1710 2202 τούτοις
1732 2171 1787 2197 τῶν
1803 2171 1886 2206 Φαρι-

1099 2214 1182 2240 σαίων
1200 2215 1413 2250 προανατρέπων
1434 2215 1534 2247 αἰτίαν,
1551 2215 1632 2250 φησίν
1645 2224 1652 2230 ·
1683 2226 1692 2241 ι
1708 2216 1802 2251 Ὑμεῖς
1830 2218 1885 2243 ἀττ-

259 2263 380 2290 moniutn
398 2262 536 2298 perhibuit
551 2261 668 2289 veritati.
683 2261 724 2287 Ab
739 2261 772 2288 iis
783 2261 855 2288 enim
872 2265 983 2295 rogatus
999 2261 1045 2296 qui

1104 2259 1248 2286 ιστάλκατε
1270 2260 1338 2296 πρὸς
1361 2259 1495 2296 Ἰωάννην·
1517 2270 1526 2286 ι
1549 2261 1598 2288 οὐκ
1613 2261 1786 2295 αὐτόκλητος,
1808 2263 1883 2296 gnat,

258 2309 293 2335 ad
311 2309 399 2344 ipsum
416 2308 493 2335 missi
508 2307 626 2337 fuerant,
645 2310 737 2333 utrum
748 2310 820 2333 esset
833 2306 891 2341 ipse
904 2306 1044 2339 Christus,

257 2354 402 2382 confessus
432 2357 483 2384 est.
505 2357 532 2380 et
566 2359 620 2379 non
647 2352 800 2387 negavit".
822 2352 971 2380 Confessus
1003 2356 1045 2380 est

257 2408 311 2427 non
322 2408 383 2428 esse
394 2399 545 2431 Christum,
560 2399 606 2426 sed
619 2398 731 2426 missum
745 2407 787 2426 me
796 2406 856 2426 esse
867 2403 930 2426 ante
943 2399 1042 2434 ipsum.

256 2446 456 2473 Testimonium
468 2452 533 2481 ergo
546 2445 684 2480 perhibuit
699 2445 817 2479 veritati,
829 2444 955 2472 Christus
969 2445 1043 2472 enim

255 2495 298 2518 est.
313 2492 415 2519 veritas
427 2491 460 2517 ⁸⁸.

1096 2306 1164 2341 πρὸς
1180 2307 1228 2341 τὴν
1243 2307 1286 2333 ἐπ’
1301 2307 1362 2342 ἐμοὶ
1374 2306 1462 2342 ψῆφον
1477 2307 1491 2333 6
1505 2307 1670 2342 Βαπτιστής.
1687 2308 1762 2341 "Eius
1774 2308 1823 2342 τῆς
1839 2309 1884 2334 ἐπὶ

1094 2351 1182 2387 τούτῳ
1201 2351 1320 2378 κείσεται
1343 2352 1462 2387 γραφῆς,
1490 2352 1635 2388 ἐλευθέραν
1661 2354 1808 2388 ἐποιήσατο
1834 2353 1884 2388 τὴν

1096 2397 1258 2433 μαρτυρίαν.
1285 2397 1378 2433 Ὑμεῖς
1395 2398 1548 2433 ἐρωτῶντες
1562 2398 1751 2431 ἀπεστείλατε,
1774 2400 1820 2425 καὶ
1837 2407 1883 2433 με-

1095 2443 1255 2479 μαρτύρηκε
1283 2445 1315 2479 τῇ
1353 2444 1474 2480 ἀληθείᾳ.
1514 2444 1705 2480 Ἐρωτώμενος
1734 2445 1788 2480 γὰρ
1818 2444 1884 2480 παρ’

1094 2490 1215 2523 ἐκείνων,
1240 2490 1318 2525 οἵπερ
1342 2488 1412 2525 ἦσαν
1436 2490 1504 2526 πρὸς
1523 2491 1603 2518 αὐτὸν
1620 2492 1837 2527 ἀπεσταλμένοι,
1860 2491 1882 2516 εί

255 2538 335 2569 αὐτός
347 2539 420 2564 ἐστιν
433 2538 446 2564 ό
459 2535 583 2570 Χριστος,
594 2536 761 2572 ὡμολόγησε,
774 2536 820 2564 καὶ
831 2537 879 2564 οὐκ
890 2537 1036 2573 ἠρνήσατο,
1063 2536 1254 2572 Ὢμολόγησεν,
1278 2537 1319 2563 ὄτι
1340 2536 1409 2570 Ἐγὼ
1423 2536 1474 2563 οὒκ
1488 2537 1546 2572 είμι
1576 2538 1591 2564 6
1612 2538 1738 2573 Χριστὸς,
1763 2537 1820 2564 ἀλλ’
1842 2539 1882 2565 ὅτι

260 2583 479 2618 Ἀπεσταλμένος
493 2583 552 2618 εἰμὶ
567 2583 720 2619 ἔμπροσθεν
733 2584 846 2612 ἐκείνου.
863 2584 1082 2620 Μεμαρτύρηκεν
1096 2582 1142 2611 οὖν
1155 2586 1187 2619 τῇ
1210 2584 1334 2620 ἀληθεία·
1351 2584 1463 2619 ἀλήθεια
1477 2585 1530 2620 γὰρ
1545 2586 1560 2612 6
1575 2586 1704 2621 Χριστός.

290 2631 323 2663 ν,
344 2632 388 2659 δι.
406 2630 460 2666 Ego
482 2636 569 2658 autent
599 2639 649 2658 non
678 2631 709 2658 ab
730 2632 833 2660 homine
859 2633 1037 2660 testimonium

255 2677 353 2710 accipio
366 2685 375 2702 :
387 2675 431 2702 sed
444 2676 499 2702 lucc
513 2676 571 2704 dico
585 2682 613 2703 ut
629 2685 672 2704 vos
687 2678 755 2705 salvi
769 2678 838 2706 sitis.

288 2722 347 2749 Non
361 2722 450 2756 rejicit
460 2721 574 2751 Joannis
586 2724 773 2751 testimonium
786 2728 915 2759 tauquam
930 2723 1035 2756 inutile,

253 2777 341 2804 neque
358 2768 458 2796 frustra
473 2776 534 2797 esse
545 2769 667 2797 veritatis
685 2774 784 2798 testem
799 2769 909 2798 asserit.
926 2769 1034 2805 Alioqui

251 2815 322 2842 cnim
337 2815 453 2843 absurde
474 2814 563 2842 facere
578 2815 654 2843 visus
670 2819 753 2847 esset,
771 2815 794 2843 si
813 2815 891 2843 iidem
911 2815 934 2844 ei
952 2815 1034 2843 dero-

286 2904 308 2920 "
327 2903 403 2931 Joan.
421 2912 440 2938 ι,
455 2904 500 2932 20.
537 2904 560 2920 ⁸³
577 2903 657 2932 Joan.
674 2912 730 2936 xw,
747 2905 772 2931 6.

1131 2631 1205 2667 Ἐγὼ
1216 2632 1249 2659 δὲ
1276 2633 1312 2659 οὺ
1340 2632 1419 2666 παρὰ
1444 2633 1601 2667 ἀνθρώπου
1633 2634 1690 2668 τὴν
1715 2636 1882 2669 μαρτιψίιιν

1089 2678 1240 2713 λαμϐάνω,
1260 2678 1338 2705 ἀλλὰ
1357 2678 1450 2706 ταῦτα
1468 2678 1557 2714 λέγω,
1583 2680 1633 2706 ἵνα
1648 2680 1732 2715 ὑμεῖς
1751 2681 1879 2715 σωθῆτε.

1131 2724 1187 2759 Οὐχ
1215 2723 1252 2756 ὡς
1280 2724 1416 2760 ἄχρηστον
1446 2725 1642 2761 ἀποπέμπεται
1674 2726 1723 2761 τὴν
1756 2727 1878 2754 Ἰωάννου

1089 2770 1197 2806 φωνὴν.
1224 2770 1284 2797 οὐδὲ
1310 2771 1395 2807 ἀργὸν
1424 2771 1569 2806 ἀποφαίνει
1599 2772 1650 2807 τῆς
1676 2773 1806 2807 ἀληθείας
1835 2774 1878 2799 τὸν

1088 2816 1225 2852 μάρτυρα.
1243 2816 1279 2843 Ἢ
1296 2817 1351 2852 γὰρ
1369 2816 1403 2844 ἂν
1429 2817 1501 2849 ἔδοξε
1525 2817 1637 2850 δικαίως
1653 2819 1736 2851 αὑτός
1762 2828 1790 2846 τι
1816 2819 1878 2846 καθ’
