4168 6540
317 388 337 430 1
2405 376 2408 378 ν
2429 374 2464 378 ρ-
2483 377 2488 379 .
2525 360 3483 415 -
2572 372 2666 378 s__.-
2679 371 2844 378 σο..-
2863 372 2880 376 .-
2935 370 3074 376 --.-.
3099 371 3133 376 ..-
3143 371 3161 375 ..
3181 365 3418 375 -..σο-κ-
3519 359 3559 410 .

732 380 766 388 θ
783 386 874 394 -..ο-
975 381 1170 390 ...--.--
1393 377 1720 386 --.—.~_——_._—
1805 376 1998 382 ._.__._._..
2267 375 2288 383 ν
3416 383 3430 390 ν
3544 381 3548 384 .

383 396 388 398 Ἴ
465 394 468 396 ν
489 392 522 397 ς-
539 392 544 395 μ
583 392 588 394 -
613 392 638 396 -ν
2697 400 2718 406 _
2735 396 3282 406 ,Μ
3441 395 3496 402 Δ..
3525 395 3542 403 Α

946 632 949 637 ’
1051 598 1309 686 ΤΟΥ⁹
1351 601 1492 685 ΕΝ
1580 597 1942 684 ΑΓΙΟΙΣ
2016 586 2446 683 ΠΑΤΡΟΣ
2532 592 2850 678 ΗΜΩΝ

1364 814 2533 988 ΚΥΡΙΛΛΟΥ

1016 1117 1941 1206 ΑΡΧΙΕΠΙΣΚΟΠΟΥ
2061 1108 2890 1202 ΑΛΕΞΑΝΔΡΕΙΑΣ

1502 1322 1863 1377 EPMHNEIA
1914 1322 1948 1391 ἢ
2004 1322 2405 1376 ΥΠΟΜΝΗΜΑ

384 1518 642 1651 E12
718 1519 950 1653 ΤΟ
1052 1440 1514 1649 ΚΑΤΑ
1587 1513 2326 1646 ΙΩΑΝΝΗΝ
2416 1512 3519 1649 ΕΥΑΓΓΕΑΙΟΝ.

1912 1807 1983 1819 ...-

1188 2019 1344 2173 S.
1419 2022 1587 2169 Ι).
1659 2014 1842 2171 Ν.
1920 2016 2699 2173 CYBILLI

1027 2327 1840 2417 ALEXANDRIJE
1973 2323 2886 2417 ARCHIEPISCOPI

1348 2555 1743 2616 EXPOSITIO
1791 2556 1921 2615 sive
1976 2550 2571 2615 COMMENTARIUS

826 2743 989 2854 IN
1072 2736 1803 2855 JOANNIS
1954 2732 3110 2853 EVANGELIUM.

926 3163 1324 3220 ΠΡΟΟΙΜΙΟΝ.

419 3285 648 3356 «Κύριος
674 3282 832 3335 δώσει
858 3282 1007 3353 ρἦα
1031 3282 1143 3344 τοῖς
1171 3276 1674 3352 εύαγγελιζομένοις
1692 3278 1917 3352 δυνάμει

344 3378 536 3448 πολλῇ,
564 3397 581 3426 ι
612 3375 791 3438 καλῶς
814 3390 876 3442 γε
900 3372 1103 3444 σφόδρα
1125 3372 1292 3427 ποιῶν
1320 3373 1348 3425 ὁ
1375 3370 1626 3442 Μελῳδὸς
1650 3373 1917 3442 ἀναφθέγ-

342 3487 518 3539 γεται.
553 3468 762 3539 Χρῆναι
794 3466 849 3519 δὲ
875 3460 1027 3536 οἶμαι
1062 3464 1198 3537 πρὸς
1227 3464 1381 3519 τοῦτο
1426 3464 1678 3535 βαδίζειν,
1708 3465 1767 3518 ού
1796 3464 1921 3526 τοὺς

345 3563 605 3633 τυχόντας
638 3557 845 3621 ἁπλῶς,
891 3555 1026 3611 ἀλλὰ
1071 3558 1198 3619 τοὺς
1246 3555 1332 3608 διὰ
1368 3558 1467 3626 τῆς
1498 3554 1703 3609 ἄνωθεν
1734 3572 1920 3624 πεφω-

345 3652 635 3723 τισμένους
681 3649 899 3721 χάριτος
927 3664 939 3678 ·
996 3647 1117 3699 ἐπεὶ
1169 3646 1262 3701 καὶ
1319 3665 1337 3697 ι
1372 3648 1527 3701 Πᾶσα
1572 3646 1731 3716 σοφία
1771 3646 1922 3717 παρὰ

349 3745 573 3815 Κυρίου,
590 3762 607 3794 ι
640 3739 781 3795 καθὰ
795 3739 1123 3809 γέγραπται,
1161 3738 1285 3791 «καὶ
1308 3736 1458 3791 πᾶσα
1482 3736 1539 3791 δὲ
1559 3736 1702 3800 δόσις
1720 3736 1921 3808 ἀγαθὴ,

349 3838 441 3890 καὶ
487 3836 594 3888 πᾶν
626 3832 855 3904 δώρημα
902 3831 1137 3894 τέλειον,
1186 3829 1389 3883 ἄνωθέν
1432 3832 1547 3883 ἐστι
1596 3830 1924 3885 καταϐαῖνον

349 3926 495 3997 παρὰ
528 3924 621 3977 τοῦ
665 3923 879 3994 Πατρὸς
910 3922 1017 3975 τῶν
1062 3920 1272 3989 φώτων.
1307 3940 1325 3972 ι
1386 3922 1625 3991 Πρᾶγμα
1673 3920 1771 3991 μὲν
1814 3921 1921 3994 γὰρ

352 4016 617 4087 σφαλερόν
664 4033 747 4079 τε,
795 4014 888 4068 καὶ
922 4014 1021 4067 ούκ
1046 4014 1278 4084 ἀζήμιον
1320 4016 1430 4075 τοῖς
1471 4012 1701 4077 πολλοῖς,
1734 4010 1762 4063 ὁ
1796 4013 1922 4083 περὶ

347 4109 448 4179 τῆς
501 4109 762 4162 ἀνωτάτω
812 4106 1002 4159 πασῶν
1041 4104 1226 4179 ούσίας
1290 4105 1381 4157 καὶ
1426 4104 1532 4156 τῶν
1583 4104 1703 4157 κατ’
1757 4104 1923 4174 αὐτὴν

354 4202 665 4272 μυστηρίων
712 4202 906 4273 ὁρᾶται
957 4199 1151 4268 λόγος’
1212 4199 1400 4270 χρῆμα
1462 4194 1517 4252 δέ
1569 4216 1620 4251 τι
1668 4196 1925 4251 κινδύνων

352 4292 793 4362 ἀπηλλαγμένον,
817 4295 851 4362 ἡ
880 4291 971 4345 ἐπὶ
997 4292 1205 4355 τούτοις
1233 4292 1381 4361 σιγή·
1416 4290 1528 4343 ἀλλ’
1561 4289 1805 4360 ἐξίστησι
1828 4288 1925 4359 μὲν

351 4384 553 4453 ταύτης
579 4383 747 4452 ἡμᾶς,
770 4382 945 4435 καίτοι
960 4382 1077 4434 λίαν
1094 4381 1127 4451 ἢ
1145 4383 1408 4451 προσήκει
1436 4381 1598 4451 τιμᾷν
1624 4380 1923 4449 οἰομένους,

352 4478 381 4528 ὁ
407 4476 498 4528 ἐπὶ
531 4474 747 4527 πάντων
786 4471 917 4536 Θεὸς
939 4512 955 4537 ,
998 4490 1016 4524 ι
1045 4472 1230 4535 Λάλει,
1265 4472 1357 4525 καὶ
1386 4472 1460 4540 μὴ
1490 4471 1686 4531 σιώπα,
1722 4490 1738 4521 ι
1793 4470 1927 4541 πρός

1943 3008 2014 3032 _

1943 3178 1987 3231 Α

2584 3158 3007 3221 ριιοιΕιιιυΜ.

2102 3277 2145 3347 ι
2158 3297 2173 3327 ‹
2189 3276 2452 3334 Dominus
2466 3277 2619 3335 dabit
2641 3278 2865 3334 verbum
2890 3278 3389 3351 evangelizautibus
3407 3284 3602 3341 virtute

2028 3370 2219 3435 multa,
2253 3387 2270 3422 ι
2295 3376 2440 3425 recte
2464 3370 2652 3439 utique
2678 3369 2962 3426 Psalmista
2994 3371 3141 3426 canit
3168 3372 3208 3425 ‘.
3228 3370 3427 3429 Verum
3451 3376 3599 3433 istud

2027 3460 2271 3531 aggredi,
2291 3476 2399 3515 non
2424 3461 2671 3531 cujusvis
2688 3477 2810 3518 esse
2833 3477 2978 3527 reor,
2995 3463 3089 3519 scd
3118 3479 3309 3521 eorum
3333 3467 3603 3526 duntaxat

2028 3554 2121 3625 qui
2153 3568 2392 3625 superna
2425 3553 2688 3610 illustrati
2712 3562 2839 3611 sunt
2866 3558 3064 3628 gratia,
3098 3572 3222 3612 cum
3247 3576 3265 3610 ι
3291 3562 3471 3619 omnis
3507 3579 3601 3620 sa-

2028 3643 2235 3716 pientia
2275 3644 2350 3699 sit
2395 3660 2426 3700 a
2455 3644 2687 3699 Domino
2723 3664 2768 3712 ι,
2803 3648 2946 3701 sicut
2978 3648 3244 3719 scriptum
3284 3661 3369 3707 est
3407 3655 3450 3723 ’,
3488 3673 3507 3707 ι
3548 3665 3604 3712 et

2028 3753 2189 3794 omne
2221 3738 2413 3794 datum
2453 3739 2743 3809 optimum,
2776 3748 2829 3795 et
2858 3754 3021 3798 omne
3052 3742 3257 3799 donum
3299 3748 3602 3817 perfectum

2029 3830 2319 3886 desursum
2344 3830 2414 3887 sit
2428 3829 2768 3887 descendens
2786 3846 2816 3886 a
2834 3826 2995 3890 Patre
3019 3834 3313 3895 luminum.
3327 3857 3344 3889 ι
3365 3838 3605 3899 Lubrica

2028 3922 2174 3977 enim
2206 3938 2315 3987 res,
2344 3938 2445 3979 nec
2494 3923 2613 3979 sine
2660 3923 2907 3993 periculo
2936 3926 3125 3984 multis
3160 3929 3378 3986 videtur
3400 3934 3468 3989 de
3512 3950 3606 3990 su-

2030 4028 2221 4085 prema
2269 4014 2513 4068 omnium
2551 4014 2789 4069 essentia
2845 4014 3075 4087 ejusque
3122 4024 3399 4090 mysteriis
3428 4025 3602 4081 disse-

2032 4120 2173 4171 rere,
2207 4114 2261 4161 et
2292 4114 2472 4160 tutum
2500 4114 2586 4162 est
2615 4106 2669 4160 in
2705 4108 2792 4163 his
2822 4108 3104 4164 silentium
3132 4127 3144 4161 :
3174 4113 3269 4168 sed
3301 4116 3371 4171 ab
3411 4133 3475 4174 eo
3503 4137 3603 4177 nos

2031 4204 2199 4264 arcet,
2239 4198 2494 4268 quamvis
2524 4197 2655 4253 illud
2688 4198 2992 4270 impensius
3028 4203 3296 4271 colamus,
3330 4212 3606 4267 universi-

2032 4292 2163 4346 tatis
2222 4291 2386 4356 Deus,
2421 4291 2640 4347 cuidam
2693 4300 3012 4347 sanctorum
3085 4295 3315 4363 (Paulus
3366 4303 3414 4357 is
3467 4310 3605 4373 crat)

2032 4379 2220 4435 dicens
2255 4399 2265 4433 :
2307 4399 2324 4431 ι
2368 4379 2636 4449 Loquere,
2669 4386 2724 4432 et
2750 4394 2817 4433 ne
2848 4380 3013 4436 sileas
3046 4384 3086 4445 ³,
3122 4403 3139 4435 ι
3174 4400 3276 4441 nec
3304 4391 3487 4447 minus
3526 4396 3607 4451 le-

2032 4473 2151 4541 gale
2184 4479 2513 4541 preceptum
2551 4471 2695 4542 quod
2728 4475 2989 4532 crassiori
3020 4478 3179 4548 quod.
3210 4495 3257 4533 ιιι
3287 4482 3453 4537 veluti
3480 4493 3608 4557 typo

353 4582 476 4619 τινα
502 4565 611 4617 τῶν
653 4562 823 4632 ἁγίων
857 4561 1043 4615 εἰπών.
1088 4560 1300 4623 Παῦλος
1335 4560 1391 4612 δὲ
1424 4556 1578 4623 οὗτος
1618 4556 1685 4630 ἦν
1711 4577 1723 4590 ·
1772 4561 1865 4613 καὶ
1895 4561 1926 4630 ἡ

2031 4580 2120 4621 res
2153 4565 2426 4633 spiritales
2464 4565 2754 4637 signiﬁcat.
2801 4567 2963 4625 Jubet
2997 4572 3140 4626 enim
3166 4588 3262 4629 cos
3306 4576 3396 4645 qui
3433 4576 3499 4631 ad
3526 4556 3609 4633 di-

354 4655 551 4727 νομικὴ
582 4656 639 4708 δὲ
685 4653 833 4708 οὐδὲν
856 4648 1017 4725 ἦττον
1043 4650 1316 4717 διάταξις,
1366 4650 1441 4715 ὡς
1472 4651 1528 4703 ὲν
1562 4650 1714 4721 τύπῳ
1757 4668 1930 4721 παχυα

352 4748 495 4816 τέρῳ
526 4746 594 4798 τὰ
619 4742 962 4815 πνευματικὰ
986 4743 1341 4814 σημαίνουσα.
1375 4741 1513 4805 Τοὺς
1540 4742 1639 4813 μὲν
1668 4742 1775 4815 γὰρ
1796 4744 1929 4817 πρὸς

352 4837 451 4909 τὴν
479 4836 628 4889 θείαν
660 4834 1029 4905 κεκλημένους
1057 4833 1381 4905 ἱερωσύνην,
1431 4838 1540 4899 τοῖς
1588 4836 1675 4889 διὰ
1704 4836 1929 4904 σαλπίγ-

353 4945 466 4997 γων
498 4926 828 4998 ἀπηχήμασι
859 4925 1283 4995 κατασημαίνειν
1322 4924 1398 4996 τῷ
1439 4925 1553 4997 λαῷ
1589 4928 1714 4997 περὶ
1749 4922 1823 4983 ὧν
1865 4928 1930 4981 ἂν

352 5018 520 5089 δεήσῃ
552 5017 764 5089 μαθεῖν,
805 5017 1081 5071 ἐπιτάττει
1106 5032 1121 5048 ⁸
1162 5018 1223 5071 ού
1251 5020 1381 5091 γὰρ,
1411 5016 1584 5091 οἶμαι,
1614 5020 1723 5073 δεῖν
1754 5018 1929 5087 ἐλογί-

356 5110 497 5174 ζετο,
529 5108 914 5179 νομοθετήσειν
941 5108 1008 5162 τὰ
1038 5108 1297 5163 κάλλιστα
1326 5111 1459 5176 Θεὸς
1491 5112 1772 5182 ἐθελήσας,
1805 5112 1930 5175 τοὺς

354 5202 463 5257 τῶν
489 5201 634 5255 λαῶν
661 5202 938 5273 ἡγεμόνας
978 5204 1134 5273 χεῖρα
1168 5200 1357 5265 θέντας
1401 5203 1493 5255 ὲπὶ
1524 5204 1768 5273 στόματι,
1790 5201 1931 5256 κατά

354 5295 415 5348 τὸ
445 5293 852 5365 γεγραμμένον,
893 5294 1037 5363 ὄκνῳ
1072 5309 1129 5346 τε
1152 5289 1246 5345 τοῦ
1284 5292 1359 5363 μὴ
1388 5292 1562 5346 δοκεῖν
1588 5295 1703 5357 τοῖς
1732 5292 1932 5365 ύψηλου

354 5385 556 5456 τέροις,
600 5384 634 5455 ἢ
670 5384 812 5439 κατὰ
856 5383 979 5437 νοῦν
1019 5384 1110 5438 τὸν
1141 5382 1502 5455 ἀνθρώπινον,
1551 5383 1933 5455 ῥιψοκινδύνως

356 5481 653 5553 ἐπιχειρεῖν
673 5522 687 5547 ,
735 5480 826 5534 τὸν
871 5479 1042 5544 οὕτως
1076 5481 1372 5549 ἀναγκαῖον
1398 5480 1507 5542 τοῖς
1538 5478 1821 5534 εύλάὁειάν
1873 5496 1935 5533 τε

357 5574 453 5626 καὶ
482 5573 812 5641 θεογνωσίαν
844 5572 1397 5643 παιδαγωγουμένοις,
1425 5570 1806 5643 παραιτεῖσθαι
1846 5571 1933 5625 λό-

434 5756 449 5785 ‘
484 5755 629 5811 Psal.
662 5770 830 5819 um,
859 5756 946 5809 l2.

595 5854 868 5912 PATROL.
916 5854 1033 5913 Gn.
1084 5854 1353 5913 LXXIII.

1026 5760 1044 5788 '
1086 5755 1203 5812 Jac.
1254 5773 1293 5821 ι,
1352 5758 1440 5813 l7.
1520 5759 1538 5789 ³
1570 5758 1690 5813 Act.
1729 5772 1900 5821 mu,
1933 5757 1986 5811 9.

2032 4658 2217 4711 riuum
2290 4658 2660 4714 sacerdotium
2716 4663 2893 4717 vocati
2948 4674 3111 4728 sunt,
3164 4681 3302 4721 sono
3352 4669 3605 4725 tubarum

2032 4750 2233 4820 populo
2263 4750 2392 4819 quid
2427 4752 2475 4804 ei
2506 4750 2827 4807 discendum
2868 4753 2939 4809 sit
2968 4754 3272 4814 declarare.
3299 4758 3421 4815 Non
3462 4765 3607 4818 enim

2031 4839 2403 4901 existimabat,
2436 4846 2497 4891 ut
2530 4839 2765 4905 videtur,
2806 4850 3010 4897 rectam
3046 4846 3217 4917 legem
3250 4863 3279 4901 ει
3310 4847 3423 4905 Deo
3457 4853 3609 4922 posi-

2034 4940 2149 4985 tum
2196 4932 2284 4995 iri,
2330 4931 2376 4984 si
2427 4939 2692 4987 statueret
2747 4935 3072 5005 populorum
3121 4938 3314 5007 duces,
3352 4942 3607 5013 imposita

2036 5023 2117 5076 ori
2145 5037 2331 5090 manu,
2354 5024 2405 5095 2
2428 5031 2487 5078 ut
2513 5025 2779 5096 scriptum
2801 5034 2906 5087 est.
2933 5043 3041 5098 pra:
3076 5038 3223 5086 metu
3252 5033 3607 5103 aggrediendi

2038 5129 2128 5169 res
2171 5116 2527 5173 sublimiores
2566 5133 2733 5189 quam
2786 5134 2943 5175 mens
2991 5121 3232 5176 humana
3265 5127 3479 5196 capiat,
3513 5128 3611 5182 do-

2038 5203 2274 5260 ctrinam
2308 5211 2417 5260 tam
2447 5210 2814 5265 necessariam
2846 5209 2912 5263 iis
2928 5210 3015 5277 qui
3058 5210 3123 5264 ad
3153 5211 3406 5280 pietatem
3432 5223 3485 5270 et
3514 5217 3609 5273 Dei

2034 5296 2407 5366 cognitionem
2444 5297 2774 5355 erudiuntur
2820 5301 3055 5365 amoliri,
3091 5309 3145 5355 et
3185 5302 3463 5360 silentium
3494 5323 3611 5362 am-

2034 5388 2202 5458 plecti
2254 5388 2324 5444 ad
2376 5389 2729 5462 disciplinam
2778 5392 3120 5448 venientibus
3165 5396 3302 5451 adeo
3360 5398 3607 5455 noxium.

2034 5478 2249 5537 Turbat
2292 5494 2424 5537 vero
2459 5496 2562 5537 nos
2616 5495 2839 5536 rursum
2870 5479 3074 5537 Christi
3126 5482 3451 5556 discipulus,
3486 5503 3611 5543 cum

2036 5572 2134 5639 ait,
2162 5590 2182 5625 ‹
2218 5570 2396 5629 Nolite
2423 5574 2607 5644 plures
2644 5572 2892 5643 magistri
2940 5573 3058 5631 ﬁeri
3097 5576 3136 5630 ⁸.
3185 5597 3202 5630 ι
3235 5577 3380 5645 Quin
3426 5588 3479 5635 et
3517 5596 3609 5637 sao

2066 5759 2083 5788 ⁸
2120 5756 2235 5812 Jac.
2273 5771 2369 5822 ιιι,
2407 5758 2454 5809 l.

3306 5854 3332 5917 1
