4168 6560
479 314 544 372 ιι
806 350 813 351 ί
1472 316 1530 371 S.
1567 318 1849 373 CYRILL‘I
1903 318 2026 373 ALE

2127 320 2373 377 ,ΝΙΠΗΜ
2432 325 2749 383 ADCUIKP.
3677 342 3742 396 Η

475 433 633 505 piens
675 430 1036 489 Ecclesiastes
1070 434 1306 489 obscure
1337 438 1638 507 periculum
1669 442 1814 511 quod
1861 456 2026 496 earun

2157 462 2273 512 γον,
2322 446 2417 500 καὶ
2469 448 2679 520 σιωπὴν
2709 452 2821 513 τοῖς
2862 453 2938 514 εἰς
2970 452 3271 523 μαθητείαν
3323 456 3492 511 ἰοῦσιν
3525 461 3737 516 ἑλέσθαι

477 536 661 576 rerum
699 521 1017 578 doctoribus
1060 524 1355 590 incumbit,
1392 528 1714 598 signiﬁcans
1760 550 1772 586 :
1826 549 1843 582 ι
1893 529 2051 586 Scin-

474 609 616 666 dens
656 612 806 683 ligna
832 614 873 680 ',
908 633 926 666 ι
968 616 1167 685 inquit,
1210 634 1227 667 ι
1268 620 1672 686 periclitabitur
1727 622 1783 675 in
1838 624 1940 678 eis.
1991 622 2047 677 Si

473 702 743 758 exciderit
766 702 989 769 ferrum,
1008 716 1063 761 et
1086 708 1206 775 ipse
1235 707 1429 764 faciem
1466 711 1730 776 turbavit,
1750 721 1804 767 et
1826 711 2048 767 fortitu-

472 793 632 849 dines
694 796 1052 852 confortabit.
1120 819 1137 850 ι
1201 797 1405 856 Ferreo
1469 804 1614 858 enim
1676 805 2048 862 instrumento

472 897 755 956 comparat
794 892 992 945 mentis
1021 892 1193 945 aciem
1226 908 1346 961 qua:
1386 895 1914 965 scilicet-penetrare
1949 914 2046 968 po-

473 983 603 1039 test,
624 986 680 1032 et
727 978 781 1031 in
832 978 1019 1033 intima
1076 982 1286 1047 subire,
1327 985 1579 1053 quamvis
1628 988 1883 1043 crassitie
1917 1006 2049 1061 quo-

470 1067 761 1122 dummodo
806 1080 857 1123 et
892 1072 1171 1128 soliditate
1198 1076 1458 1129 'materi‘ae
1493 1077 1841 1147 impediatur.
1877 1079 2045 1151 Ligna

468 1176 686 1225 rursus,
723 1163 949 1232 figurate
993 1174 1153 1220 vocat
1190 1169 1700 1238 contemplationes,
1737 1187 1859 1243 qum
1894 1171 2045 1228 Scri-

467 1262 630 1322 ptura
653 1254 921 1310 divinitus
945 1257 1212 1328 inspirata
1241 1260 1616 1325 continentur,
1642 1278 1766 1332 quae
1803 1263 2043 1319 elﬁciunt

466 1352 528 1396 ut
561 1344 684 1399 libri
718 1346 921 1415 quibus
954 1346 1279 1403 inseruntur
1326 1350 1437 1405 sint
1471 1352 1693 1421 quidam
1727 1353 1891 1408 veluti
1931 1354 2042 1423 spi-

464 1436 646 1492 ritalis
690 1438 1003 1506 paradisus,
1040 1448 1096 1493 et
1142 1450 1405 1509 praaterea
1436 1442 1652 1512 frugum
1699 1445 1877 1499 sancti
1918 1444 2042 1515 Spi-

462 1530 605 1586 ritus
635 1531 941 1586 ubertatem
981 1535 1226 1603 pariunt.
1252 1534 1355 1600 Qui
1385 1551 1516 1605 ergo
1565 1536 1711 1607 ligna
1750 1537 2038 1608 spiritalia,

463 1624 568 1678 hoc
601 1632 687 1679 est
732 1624 949 1680 divinas
978 1632 1031 1680 et
1059 1627 1319 1696 mysticus
1340 1626 1538 1681 divina:
1568 1627 1870 1698 Scripturae
1909 1646 2036 1685 con-

460 1716 1145 1784 templationes,accurata
1172 1719 1432 1789 indagine
1453 1728 1507 1775 et
1537 1730 1726 1776 exacta
1750 1726 1956 1795 ingenii
1986 1726 2035 1779 vi

2152 537 2251 607 τὴν
2288 538 2599 610 ἐπιζήμιον.
2625 540 2857 612 Θορυβεῖ
2896 542 2953 595 δέ
2991 544 3152 599 πάλιν
3186 548 3510 621 ἡμᾶςξιΜὴ
3556 554 3740 610 πολλοὶ

2149 628 2458 684 διδάσκαλοι
2478 630 2745 700 γίνεσθε.»
2774 632 2945 702 λέγων
2965 637 2993 688 ὁ
3014 637 3251 706 Χριστοῦ
3284 640 3556 713 μαθητήςο
3576 644 3655 699 ἔτι
3677 664 3736 699 τε

2150 723 2287 792 πρὸς
2332 725 2541 796 τούτῳ,
2596 727 2689 779 καὶ
2721 729 2748 780 ὁ
2782 726 3092 796 σοφώτατος
3138 730 3607 806 Ἐκκλησιαστὴς,
3649 742 3737 792 αἱ-

2149 817 2504 885 νιγματωδῶς
2534 818 2633 890 τὴν
2682 819 2774 871 ἐπὶ
2802 819 2880 889 τῷ
2914 820 2982 873 τὰ
3014 822 3241 876 τοιαῦτα
3280 825 3550 881 διδάσκειν
3594 847 3734 898 σφα-

2148 907 2415 979 λερότητα
2459 910 2673 975 δεικνύς
2700 928 2713 942 ·
2751 912 2986 982 «Σχίζων
3013 916 3122 986 γὰρ
3161 915 3313 982 ξύλα,
3359 920 3511 990 φησὶ,
3555 924 3734 977 κινδυ-

2147 1000 2325 1053 νεύσει
2355 1003 2413 1055 ἐν
2444 1003 2650 1065 αὐτοῖς,
2687 1004 2780 1057 ἐὰν
2812 1005 3023 1077 ἐκπέσῃ
3048 1007 3110 1060 τὸ
3140 1008 3399 1080 σιδήριον,
3443 1014 3537 1066 καὶ
3570 1015 3731 1079 αὐτὸς

2149 1091 2413 1161 πρόσωπα
2436 1094 2685 1165 ἐτάραξε,
2707 1097 2800 1149 καὶ
2818 1095 3075 1166 δυνάμεις
3100 1101 3473 1170 δυναμεύσειοι
3508 1106 3730 1178 σιδηρίῳ

2149 1182 2249 1252 μὲν
2287 1183 2393 1254 γὰρ
2444 1185 2767 1254 παρεικάζει
2814 1187 2908 1241 τοῦ
2956 1188 3049 1241 νοῦ
3093 1189 3192 1262 τὴν
3231 1192 3486 1262 ὀξύτητα,
3526 1196 3620 1249 ἇτε
3663 1198 3727 1268 δὴ

2137 1274 2461 1329 διικνεῖσθαι
2492 1279 2820 1345 πεφυκότος,
2861 1280 3192 1347 εἰσδύνοντός
3223 1302 3281 1337 τε
3324 1286 3457 1356 πρὸς
3489 1287 3556 1341 τὰ
3591 1290 3727 1343 ἐσώο

2141 1381 2302 1429 τατα,
2347 1364 2449 1418 κᾶν
2491 1368 2785 1436 πυκνότητί
2843 1387 2959 1435 πως
3014 1373 3106 1425 καὶ
3145 1372 3222 1444 τῷ
3276 1377 3590 1449 νενασμένῳ
3628 1380 3726 1451 τῆς

2144 1454 2276 1528 ὕλης
2338 1456 2727 1512 διακωλύοιτο·
2792 1459 2924 1525 ξύλα
2982 1462 3039 1517 δὲ
3099 1465 3261 1520 πάλιν
3321 1468 3724 1542 τροπικώτερον

2142 1544 2409 1603 ἀποκαλεῖ
2438 1552 2504 1605 τὰ
2551 1554 2608 1605 ἐν
2641 1555 2705 1625 τῇ
2748 1553 3089 1629 θεοπνεύστῳ
3132 1550 3323 1632 Γραφῇ
3370 1561 3720 1635 θεωρήματα,

2143 1643 2469 1713 παράδεισὸν
2499 1663 2618 1698 τινα
2654 1648 2842 1716 νοητὸν
2886 1650 2984 1713 τὰς
3018 1646 3106 1716 αἶς
3146 1653 3471 1709 ἐντέθεινται
3518 1657 3723 1727 βίϐλοις

2143 1734 2638 1800 κατασκευάζοντα,
2702 1736 2782 1789 ἔτι
2829 1755 2887 1791 τε
2938 1740 3074 1809 πρὸς
3127 1742 3302 1813 τούτῳ
3346 1745 3442 1797 καὶ
3485 1746 3584 1817 τὴν
3625 1746 3718 1800 τοῦ

458 1815 511 1861 et
529 1807 781 1861 acumine
803 1808 1077 1878 explicare
1097 1819 1349 1872 conatur,
1368 1819 1482 1864 tum
1511 1813 1748 1869 maxime
1767 1815 2026 1886 periclita

2140 1826 2293 1893 ἁγίου
2329 1827 2645 1897 Πνεύματος
2694 1801 3073 1903 καρποφορίαν
3101 1801 3377 1892 ὠδίνοντα.
3423 1838 3504 1890 Τά
3540 1801 3719 1893 τοίνυν

457 1897 630 1961 bitur,
653 1898 857 1969 inquit,
900 1914 1026 1954 cum
1067 1900 1272 1955 ferrum
1311 1902 1596 1968 ceciderit,
1633 1906 1737 1960 ltoc
1774 1914 1879 1970 est,
1909 1923 2033 1963 cum

457 2005 645 2044 rerum
702 1990 1033 2059 scriptarum
1089 2008 1214 2046 vera
1282 1993 1643 2065 intelligentia
1701 1996 1864 2051 allata
1926 2008 2034 2052 neu

458 2081 643 2146 fuerit,
668 2092 720 2136 et
750 2090 897 2136 recto
922 2084 1069 2138 velut
1108 2084 1306 2139 itinere
1339 2086 1533 2141 relicto
1563 2089 1617 2141 in
1646 2089 1809 2142 aliam
1843 2106 2035 2159 quam-

454 2172 581 2225 dam
606 2172 883 2242 obliquam
915 2183 969 2229 et
997 2190 1027 2228 a
1053 2180 1283 2231 veritate
1307 2176 1575 2233 detortam
1604 2180 1869 2237 doctrinae
1889 2183 2029 2238 viam

454 2265 753 2322 deﬂexerit.
775 2265 931 2332 Quod
957 2278 1105 2324 certe
1132 2270 1336 2325 cum'ei
1367 2271 1651 2336 acciderit,
1684 2274 1737 2327 in
1776 2274 2031 2329 timorem

451 2357 706 2427 conjiciet
749 2359 988 2412 animam
1029 2375 1206 2422 suam,
1243 2361 1293 2414 id
1341 2370 1425 2416 est
1453 2378 1570 2426 cor,
1596 2373 1650 2418 et
1686 2363 1739 2417 in
1783 2366 2027 2436 seipsum

452 2450 694 2503 firmabit
760 2450 1036 2518 improbas
1099 2453 1523 2524 contrariasque
1582 2455 1850 2523 virtutes,
1906 2472 2030 2528 quae

450 2541 678 2598 nefariis
718 2557 781 2596 ac
812 2543 1091 2611 perversis
1134 2546 1492 2601 sermonibus
1533 2547 1839 2603 errantium
1880 2564 2027 2605 men-

450 2645 556 2690 tem
584 2634 865 2703 decipiunt
899 2650 999 2689 nec
1040 2636 1290 2692 veritatis
1322 2638 1787 2707 pulchritudinem
1826 2642 2027 2699 intueri

447 2726 656 2791 sinunt,
685 2723 779 2780 sed
816 2724 1170 2780 multifariam
1209 2736 1555 2796 pervertunt,
1577 2738 1633 2785 et
1671 2731 1725 2785 in
1757 2733 2026 2791 absurdas

446 2816 808 2887 cogitationes
852 2815 1173 2872 detrudunt.
1218 2837 1235 2869 ι
1279 2816 1449 2873 Nemo
1504 2821 1651 2874 enim
1712 2821 1846 2877 dicit
1888 2839 2026 2879 ana-

446 2906 629 2961 thema
657 2904 784 2962 Jesu
809 2906 914 2960 nisi
936 2906 991 2961 in
1018 2906 1318 2963 Beelzebub
1335 2909 1377 2963 °.
1394 2929 1412 2962 ι
1436 2908 1545 2966 Nec
1574 2920 1726 2981 putet
1750 2915 2023 2985 quispiam

445 3015 533 3055 me
565 2998 680 3053 hac
727 3014 1012 3071 perperam
1052 3010 1145 3055 aut
1191 3001 1394 3072 alioqui
1430 3004 1677 3074 captiose
1725 3007 2019 3077 explicare.

454 3091 608 3147 Solet
638 3091 821 3145 divina
857 3089 1163 3160 Scriptura,
1197 3098 1256 3145 ut
1304 3093 1417 3161 jam
1446 3094 1708 3159 diximus,
1740 3097 1887 3167 ligna
1927 3115 2022 3154 vo-

445 3199 577 3238 care
600 3182 912 3236 divinarum
951 3182 1290 3237 Litterarum
1323 3188 1840 3257 contemplationes.
1867 3188 2024 3247 Unde

448 3274 824 3330 universitatis
868 3273 1012 3329 Deus
1072 3276 1181 3330 tale
1236 3276 1500 3345 quiddam
1543 3288 1641 3349 per
1675 3282 2021 3351 sapientissi-

444 3382 591 3421 mum
652 3355 854 3421 Mosem
907 3366 975 3420 ad
1030 3367 1178 3422 illius
1236 3370 1500 3438 temporis
1546 3371 1804 3430 homines
1839 3374 2017 3433 dicit:

448 3477 467 3510 ι
512 3457 571 3512 Si
610 3466 795 3513 autem
825 3459 1111 3526 obsederis
1141 3460 1287 3515 circa
1308 3462 1584 3518 civitatem
1621 3481 1787 3519 unam
1825 3466 2021 3525 diebus

441 3551 693 3621 pluribus
723 3551 1091 3622 oppugnando
1140 3566 1259 3606 eam
1292 3549 1343 3621 3
1395 3553 1462 3608 ad
1499 3556 1820 3626 capiendam
1869 3575 2019 3626 eam;

442 3653 552 3697 non
604 3643 998 3698 exterminabis
1048 3643 1273 3699 arbores
1318 3646 1460 3715 ejus,
1511 3647 1780 3705 mittendo
1826 3652 1880 3706 in
1926 3669 2021 3710 cas

443 3732 650 3788 ferrum
683 3775 695 3797 ,
750 3732 845 3788 sed
884 3716 957 3787 de’
978 3747 1040 3787 ea
1087 3734 1286 3789 arbore
1316 3735 1592 3801 comedes,
1627 3739 1800 3808 ipsam
1834 3749 2018 3797 autem

443 3840 554 3880 non
586 3810 1121 3894 excides.Nuinquid
1156 3826 1360 3896 lignum
1398 3828 1543 3896 quod
1581 3829 1635 3883 in
1670 3844 1821 3901 agro,
1854 3832 2020 3888 homo

439 3925 546 3977 est,
606 3923 666 3968 ut
724 3912 1066 3985 ingrediatur
1106 3932 1135 3969 a
1198 3917 1337 3972 facie
1390 3930 1480 3973 tua
1533 3920 1587 3974 in
1637 3921 1879 3981 vallum?
1921 3924 2019 3979 sed

442 4010 654 4079 lignum
704 4007 849 4078 quod
894 3996 1078 4071 Sinosti,
1110 4010 1238 4080 quia
1290 4026 1399 4064 non
1452 4012 1550 4067 fert
1606 4012 1847 4069 fructum
1898 4016 2018 4071 esui

441 4111 653 4171 aptum,
698 4098 802 4156 boc
852 4102 1145 4171 disperch
1182 4113 1236 4158 et
1282 4104 1500 4160 excides
1529 4106 1572 4160 ".
1608 4125 1625 4158 ι
1662 4104 1788 4162 Haec
1836 4115 2016 4163 autem

440 4192 599 4247 nobis
637 4191 992 4261 praescribere
1042 4192 1282 4248 universi
1328 4194 1498 4249 Deum
1551 4196 1816 4262 noluisse,
1846 4198 1905 4259 fsi
1949 4196 2019 4253 de

440 4284 604 4355 lignis
660 4265 1023 4361 terrestribus
1107 4285 1513 4356 intelligantur,
1568 4290 1747 4345 cuivis
1814 4290 2016 4361 opinor

438 4386 567 4429 esse
627 4358 1002 4429 manifestum.
1057 4370 1450 4432 Verumtamen
1508 4394 1571 4432 ex
1635 4380 1743 4434 alio
1795 4394 2015 4451 quoque

2139 1915 2273 1981 ξύλα
2297 1918 2365 1971 τὰ
2389 1920 2577 1990 νοητὰ,
2610 1920 2754 1974 τοῦτ’
2796 1921 2934 1985 ἔστι,
2974 1924 3039 1977 τὰ
3071 1923 3189 1978 θεῖά
3234 1943 3292 1979 τε
3337 1930 3431 1983 καὶ
3481 1931 3719 1999 μυστικὰ

2136 2007 2466 2082 θεωρήματα
2488 2011 2585 2081 τῆς
2608 2012 2960 2067 θεοπνεύστου
2982 2017 3219 2088 Γραφῆς,
3253 2019 3341 2073 διὰ
3369 2023 3467 2094 τῆς
3491 2022 3716 2095 ἐρεύνης

2120 2101 2656 2174 καὶάκριϐεστάτης
2684 2104 2779 2157 τοῦ
2813 2104 2904 2159 νοῦ
2937 2110 3238 2181 προσόολῆς
3276 2129 3335 2165 τε
3394 2115 3486 2167 καὶ
3525 2114 3715 2186 ὀξύτη-

2130 2210 2221 2257 τος
2276 2192 2632 2248 διαπτύσσειν
2689 2196 3048 2267 πειρώμενος,
3101 2202 3438 2257 κινδυνεύσει
3488 2205 3543 2259 δὲ
3592 2208 3710 2260 τότε

2136 2283 2390 2354 μάλιστα,
2440 2285 2629 2356 φησὶν,
2678 2287 2757 2340 ὅτ’
2795 2285 2860 2341 ἂν
2913 2289 3121 2362 ἐκπέσῃ
3164 2290 3223 2343 τὸ
3259 2291 3520 2363 σιδήριον,
3566 2294 3711 2347 τοῦτ’

2129 2376 2297 2441 ἐστιν,
2326 2377 2402 2430 ὅτ’
2428 2376 2495 2430 ἂν
2531 2378 2605 2450 μὴ
2631 2376 2771 2432 κατὰ
2803 2380 2904 2449 τῆς
2934 2381 3166 2453 ἀληθοῦς
3204 2384 3440 2450 διανοίας
3481 2387 3588 2440 τῶν
3618 2406 3710 2457 γε-

2128 2469 2463 2540 γραμμένων
2494 2472 2522 2523 ὁ
2558 2470 2682 2534 νοῦς
2716 2471 2954 2541 ἐνεχθεὶς
2987 2473 3213 2543 γένηται
3252 2476 3355 2546 τῆς
3390 2476 3557 2547 ὀρθῆς
3594 2478 3709 2534 δια-

2128 2558 2363 2633 λήψεως,
2413 2558 2506 2615 καὶ
2552 2561 2652 2633 τὴν
2685 2562 2897 2617 εὐθεῖαν
2933 2563 3121 2637 ὥσπερ
3163 2567 3337 2635 ἀφεὶς,
3382 2569 3468 2636 ἐφ’
3514 2570 3707 2641 ἑτέραν

2126 2653 2248 2705 τινὰ
2280 2654 2510 2724 φέρηται
2556 2654 2787 2725 θεωρίας
2816 2656 2933 2709 ὁδὸν
2976 2659 3422 2730 ἐκτετραμμένην
3450 2661 3543 2714 τοῦ
3576 2663 3707 2732 πρέ-

2127 2763 2340 2810 ποντος.
2393 2748 2456 2800 Ὃ
2482 2746 2545 2818 δὴ
2576 2748 2670 2801 καὶ
2710 2749 2899 2802 παθὼν
2935 2750 3012 2805 ἐν.
3040 2790 3052 2803 .
3080 2786 3095 2803 .
3121 2788 3135 2803 .
3166 2790 3178 2802 .
3224 2751 3328 2821 ,μὲν
3373 2756 3706 2826 καταστήσει

2126 2837 2186 2890 τὸ
2216 2840 2411 2891 οἰκεῖον
2441 2839 2539 2909 τῆς
2566 2838 2765 2909 ψυχῆς,
2801 2839 2942 2892 τοῦτ’
2970 2841 3105 2902 ἔστι,
3135 2842 3232 2913 τὴν
3267 2844 3515 2915 καρδίαν,
3551 2846 3705 2901 δυνα-

2129 2925 2298 2997 μὼσει
2347 2926 2405 2980 δέ
2456 2927 2578 2981 καθ’
2626 2928 2840 2993 ἐαυτοῦ,
2895 2930 2990 2984 καὶ
3036 2930 3135 2995 τὰς
3188 2934 3428 3004 πονηράς
3500 2953 3558 2989 τε
3611 2940 3705 2991 καὶ

2126 3019 2508 3090 ἀντικειμένας
2548 3020 2824 3091 δυνάμεις.
2855 3062 2869 3076 .
2900 3061 2913 3075 ,
2944 3063 2958 3075 .
3017 3024 3128 3095 ροῖς
3175 3041 3233 3077 τε
3275 3027 3368 3079 καὶ
3408 3027 3703 3102 διεστραμ-

2050 3138 2093 3196 C
2129 3108 2308 3180 μένοις
2350 3107 2802 3177 κατασοφίζονται
2849 3110 3027 3178 λόγοις
3068 3112 3176 3167 τῶν
3220 3114 3583 3186 πλανωμένων
3614 3118 3700 3171 τὸν

2126 3201 2269 3254 νοῦν.
2296 3239 2311 3254 .
2344 3242 2357 3255 .
2387 3242 2399 3255 .
2426 3243 2439 3255 .
2469 3239 2483 3254 .
2531 3200 2593 3253 τὸ
2623 3201 2722 3272 τῆς
2752 3201 3011 3273 ἀληθείας
3058 3204 3251 3269 κάλλος
3288 3207 3448 3261 αὑτὸν
3478 3209 3702 3262 ἀναϐλέ-

2126 3310 2247 3345 πειν
2281 3290 2381 3345 ούκ
2418 3290 2831 3364 ἐπιτρέπουσαι,
2877 3295 3295 3366 διαστρέφουσαι
3335 3295 3392 3351 δὲ
3424 3299 3699 3365 ποικίλως,

2124 3386 2217 3438 καὶ⁵
2258 3386 2336 3449 είς
2370 3384 2633 3449 ἐκτύπους
2676 3387 2883 3450 ἐννοίας
2929 3388 3229 3461 άποφοιτᾷν
3253 3392 3701 3448 ,ἀναπείθουσαιδ

2130 3498 2147 3530 ι
2172 3478 2333 3546 Λέγει
2366 3477 2473 3549 γάρ
2502 3479 2673 3544 οὐδεὶς
2705 3480 2953 3550 ἀνάθεμα
2980 3482 3177 3557 Ἰησοῦ,
3210 3485 3258 3537 εί
3291 3486 3365 3555 μὴ
3396 3487 3453 3538 ἐν
3482 3487 3701 3552 Βεελζέ-

2123 3569 2272 3624 6ούλ.
2308 3589 2325 3622 ι
2384 3570 2493 3624 Καὶ
2525 3574 2598 3643 μή
2627 3588 2709 3635 τις
2754 3570 2950 3625 οἰέσθω
2980 3574 3418 3646 πεπλανημένην.
3450 3617 3464 3631 .
3498 3618 3510 3631 .
3538 3620 3549 3631 .
3605 3579 3700 3632 καὶ

2123 3661 2294 3726 ἄλλως
2344 3663 2408 3714 ἐκ
2454 3662 2863 3733 παραλογισμοῦ
2919 3666 3186 3720 ποιεῖσθαι
3237 3666 3335 3737 τὴν
3374 3670 3466 3721 ἐπὶ
3493 3668 3701 3733 τούτοις

2122 3752 2378 3825 ἐξήγησιν
2404 3770 2416 3785 ο
2456 3754 2586 3819 ξύλα
2610 3754 2894 3824 ὀνομάζειν
2917 3756 3034 3819 ἔθος
3061 3761 3124 3829 τῇ
3155 3758 3274 3830 θείᾳ
3296 3760 3504 3831 Γραφῇ,
3531 3762 3699 3815 καθά-

2122 3864 2229 3919 περ
2260 3848 2362 3919 ήδη
2406 3847 2761 3919 προείπομεν,
2804 3850 2872 3903 τὰ
2904 3851 2960 3902 ἐν
2989 3852 3104 3913 ταῖς
3148 3853 3523 3917 θεοπνεύστοις
3561 3855 3699 3924 Γρα-

2121 3941 2248 4008 φαῖς
2274 3938 2625 4012 θεωρήματα.
2653 3940 2761 3992 Καὶ
2781 3933 2909 4008 γοῦν
2928 3940 3014 4017 διὰ
3037 3940 3129 3994 τοῦ
3154 3945 3430 4014 πανσόφου
3456 3947 3697 4012 Μωσέως

2121 4030 2257 4103 πρὸς
2283 4032 2409 4095 τοὺς
2439 4034 2559 4086 κατ’
2588 4034 2763 4087 ἐκεῖνο
2789 4028 2978 4104 καιροῦ
3007 4032 3245 4086 τοιοῦτόν
3273 4033 3329 4087 τί
3359 4053 3521 4107 φησιν
3544 4040 3571 4091 ὁ
3604 4037 3697 4091 ἐπὶ

2120 4128 2338 4180 πάντων
2361 4126 2494 4190 Θεός
2512 4144 2525 4158 ·
2559 4148 2576 4178 ι
2600 4127 2722 4181 Ἐὰν
2742 4126 2797 4179 δὲ
2820 4125 3181 4197 περικαθίσῃς
3202 4128 3282 4190 εἰς
3310 4129 3461 4182 πόλιν
3483 4131 3697 4201 ἡμέρας

2120 4216 2338 4279 πλείους
2377 4215 2753 4286 ἐκπολεμῆσαι
2808 4213 2975 4283 αὐτὴν
3018 4215 3096 4277 εἰς
3139 4214 3440 4285 κατάληψιν
3485 4217 3691 4287 αὐτῆς,

2117 4308 2218 4360 ούκ
2257 4304 2660 4375 ἐξολοθρεύσεις
2704 4304 2772 4358 τὰ
2824 4303 3014 4374 δένδρα
3061 4303 3230 4374 αὐτῆς
3275 4305 3553 4360 ἐπιϐαλεῖν
3605 4307 3691 4361 ἐπ’

2118 4396 2257 4450 αύτὰ
2310 4397 2548 4467 σίδηρον,
2601 4394 2716 4448 ἀλλ’
2748 4396 2841 4449 ἀπ’
2874 4396 3041 4471 αὐτοῦ
3092 4397 3260 4469 φάγῃ,
3302 4397 3442 4451 αὐτὸ
3490 4398 3547 4451 δέ
3592 4399 3692 4452 οὐκ

437 4472 714 4533 praecepto
758 4461 1250 4517 demonstrandum
1300 4472 1430 4532 puto
1468 4466 1584 4522 haec
1617 4469 1667 4521 ei
1719 4485 1866 4524 curae
1901 4486 2010 4526 non

2127 4489 2399 4559 ἐκκόψεις.
2418 4461 2542 4561 ’.Μὴ
2574 4488 2859 4560 ἄνθρωπος
2890 4488 2952 4542 τὸ
2981 4461 3135 4552 ξύλον
3268 4493 3325 4544 ἐν
3352 4490 3435 4561 ’τῷ
3479 4491 3687 4561 δρυμῷ,

439 4554 735 4609 admodum
783 4552 977 4610 fuisse.
1011 4553 1154 4620 Quid
1216 4556 1361 4611 enim
1424 4573 1621 4613 rursus
1672 4559 1828 4627 jubet
1882 4577 2014 4633 erga

441 4645 572 4701 falsi
625 4646 865 4701 nominis
917 4645 1047 4701 deos
1106 4646 1262 4701 fieri?
1295 4666 1312 4699 ι
1348 4650 1485 4704 Aras
1523 4666 1713 4705 eorum
1763 4652 2015 4707 destrue-

439 4738 531 4803 tis,
570 4756 589 4789 ι
624 4737 823 4807 inquit,
866 4756 884 4788 ι
925 4745 979 4792 et
1030 4737 1318 4793 columnas
1367 4756 1557 4795 eorum
1606 4743 1930 4809 conteretis,
1961 4750 2016 4798 et

436 4829 596 4882 lucos
649 4826 896 4897 ipsorum
936 4826 1203 4882 excldetis
1246 4828 1288 4882 ".
1338 4848 1355 4881 ›
1406 4826 1575 4883 Juxta
1624 4846 1783 4885 suum
1830 4842 2013 4888 autem

434 4918 607 4973 altare
634 4917 869 4987 plantari
903 4915 1107 4986 lignum
1130 4918 1352 4972 omnino
1384 4936 1489 4973 non
1521 4922 1805 4990 permittit.
1835 4941 1852 4973 ι
1892 4922 2011 4977 Νοιι

435 5010 714 5082 plantabis
782 5010 930 5063 enim
994 5009 1088 5063 tibi
1166 5012 1536 5080 quodcunque
1595 5028 1790 5067 nemus
1853 5017 2011 5083 juxta

438 5103 613 5156 altare
661 5101 875 5155 Domini
928 5098 1021 5154 Dei
1075 5102 1150 5155 tui
1183 5104 1225 5165 θ,
1270 5121 1286 5153 ι
1322 5104 1469 5157 clare
1510 5104 1819 5158 denuntiat.
1854 5105 1921 5159 Et
1963 5109 2010 5163 si

436 5192 569 5261 quid
619 5192 704 5247 bis
754 5192 874 5247 addi
914 5209 1140 5247 necesse
1189 5204 1295 5257 cst,
1332 5196 1580 5265 exemplo
1615 5197 2009 5265 sapientissimi

435 5280 590 5337 Pauli
645 5283 820 5336 dicam
879 5301 893 5337 :
956 5301 975 5334 ι
1040 5283 1313 5353 Numquid
1374 5285 1440 5339 de
1506 5286 1669 5355 lignis
1734 5302 1865 5341 cura
1927 5295 2011 5342 est

443 5375 551 5429 Deo
591 5375 707 5427 ‘°?»
749 5372 947 5445 Utique
978 5386 1199 5446 propter
1225 5391 1326 5430 nos
1346 5378 1613 5448 exemplis
1648 5378 1821 5432 utitur
1855 5394 2009 5435 cras-

438 5466 701 5529 sioribus,
725 5466 928 5535 quibus
960 5468 1025 5520 ad
1072 5482 1258 5521 rerum
1294 5470 1627 5538 spiritalium
1670 5473 2012 5541 contempla-

439 5559 645 5611 tionem
678 5572 780 5613 nos
828 5558 1086 5614 adducat.
1115 5558 1385 5626 Quocirca
1438 5560 1552 5630 jam
1596 5561 1869 5630 dicamus,
1908 5564 2009 5619 im-

2118 4582 2378 4637 εἰσελθεῖν
2411 4580 2519 4636 ἀπὸ
2546 4580 2850 4657 ,προσώπου
2882 4597 2976 4633 σου
3007 4582 3086 4643 εἰς
3119 4578 3209 4634 τὸν
3241 4582 3492 4652 χάρακα;
3536 4583 3690 4637 Ἀλλὰ

2117 4675 2177 4727 τὸ
2222 4675 2397 4740 ξύλον,
2446 4672 2475 4725 ὃ
2519 4666 2827 4751 ἐπίστασαι,
2877 4671 2960 4723 ὅτι
3004 4672 3067 4724 οὐ
3101 4658 3508 4751 ’καρπόὗρωτόν
3553 4676 3688 4735 ἐστι,

2116 4764 2273 4817 τοῦτο
2302 4746 2724 4832 ἐξολοθρεύσεις,
2760 4761 2854 4815 καὶ
2883 4746 3352 4833 ἐκκόψεις.ῗ“οτι
3381 4765 3437 4816 δέ
3463 4768 3595 4835 ἡμῖν
3624 4767 3690 4820 τὰ

2116 4853 2339 4909 τοιαῦτα
2362 4853 2692 4925 νομοθετεῖν,
2716 4851 2763 4906 εί
2790 4855 2914 4926 περὶ
2941 4853 3111 4918 ξύλων
3137 4838 3245 4907 τῶν
3269 4855 3376 4931 dare
3396 4856 3498 4927 γῆς
3520 4860 3691 4911 νοοῖτο

2117 4946 2177 4998 τὸ
2204 4944 2511 5016 εἰρημένον,
2541 4944 2641 4997 ούκ
2667 4942 2730 4998 ἂν
2757 4946 2785 4998 ὁ
2819 4945 2925 4998 τῶν
2958 4947 3094 4999 ὅλων
3121 4945 3320 5016 ἠξίωσε
3349 4934 3501 5011 Θεὸς,
3531 4950 3691 5002 παντὶ

2120 5036 2219 5107 μέν
2246 5054 2349 5089 που
2382 5035 2538 5106 δῆλον
2564 5037 2826 5107 ὑπάρχειν
2856 5037 3221 5108 ὑπολαμϐάνω
3247 5054 3259 5066 ·
3297 5039 3494 5109 χρῆναι
3522 5040 3566 5092 δ’
3598 5038 3689 5095 οὖν

2115 5127 2265 5198 ὅμως
2290 5128 2451 5197 φημὶ,
2482 5127 2574 5179 καὶ
2603 5127 2659 5193 ἐξ
2686 5128 2876 5200 ἐτέρας
2903 5128 3260 5182 ἐπιδεικνύειν
3291 5130 3530 5202 ἐντολῆς,
3555 5134 3687 5187 πολὺ

2115 5217 2224 5271 τῶν
2249 5218 2502 5271 τοιούτων
2524 5219 2909 5288 ἀφειδήσαντα,
2941 5221 3033 5274 καὶ
3056 5222 3213 5290 λύγον
3237 5222 3425 5276 οὐδένα
3459 5242 3689 5296 πεποιη-

2120 5309 2297 5379 μένον.
2333 5309 2396 5361 Τί
2429 5310 2536 5381 γὰρ
2568 5310 2632 5379 δὴ
2672 5312 2764 5363 καὶ
2807 5311 3086 5365 ἐπιτάττει
3119 5310 3281 5366 πάλιν
3315 5314 3406 5367 ἐπὶ
3427 5318 3537 5377 τοῖς
3560 5315 3690 5384 ψευ-

2113 5398 2380 5470 δωνύμοις
2419 5400 2671 5468 γενέσθαι
2696 5401 2866 5467 οεοἰς;
2896 5423 2913 5454 ι
2937 5405 3074 5468 Τοὺς
3101 5405 3320 5477 βωμοὺς
3350 5408 3529 5461 αὐτῶν
3560 5408 3690 5463 καθ-

2112 5492 2311 5556 ελεῖτε,
2374 5494 2530 5562 φησι,
2583 5492 2677 5546 καὶ
2735 5493 2832 5557 τὰς
2875 5496 3072 5567 στήλας
3132 5498 3312 5551 αύτῶν
3349 5502 3685 5571 συντρίψετε,

2110 5585 2204 5639 καὶ
2237 5586 2303 5639 τὰ
2332 5586 2467 5655 ἄλση
2502 5586 2681 5638 αὐτῶν
2719 5587 3000 5656 ἐκκόψετε.
3037 5608 3053 5640 ι
3108 5591 3264 5663 Παρά
3303 5592 3360 5645 δέ
3400 5609 3463 5659 γε
3504 5594 3565 5646 τὸ
3612 5596 3661 5645 οξ

504 5757 722 5813 'Eccle.
760 5776 813 5819 κ,
845 5761 895 5815 9.
976 5758 995 5788 ⁸
1025 5761 1043 5812 l
1072 5760 1195 5814 Cor.
1237 5776 1330 5823 xu,
1365 5764 1414 5817 5.
1460 5765 1477 5791 ⁷
1519 5763 1672 5821 Deut.
1718 5782 1805 5829 xx,
1838 5767 1921 5832 l9,
1948 5768 2026 5824 9.0.

2127 5772 2133 5801 ’
2171 5768 2331 5825 Deut.
2370 5783 2464 5833 vn,
2493 5768 2525 5821 5
2610 5770 2643 5838 ι’
2678 5769 2834 5825 Deut.
2878 5786 2985 5837 xvi,
3023 5773 3113 5827 21.
3188 5771 3231 5802 ¹⁰
3299 5770 3468 5831 lCor.
3524 5791 3596 5842 rx,
3630 5775 3679 5829 9.
