  <div class='ocr_page' id='page_1' title='image "/cluster/home/n/w/nwhite01/storage/ocr_20150623/73/hvd.32044019207877/014.png"; bbox 0 0 4168 6554; ppageno 0'>
   <div class='ocr_carea' id='block_1_1' title="bbox 419 336 3665 407">
    <p class='ocr_par' dir='ltr' id='par_1_1' title="bbox 419 336 3665 407">
     <span class='ocr_line' id='line_1_1' title="bbox 419 336 3665 407; baseline -0.001 -2"><span class='ocrx_word' id='word_1_1' title='bbox 419 346 487 395; x_wconf 71' lang='lat' dir='ltr'><strong>t5</strong></span> <span class='ocrx_word' id='word_1_2' title='bbox 1301 342 1371 407; x_wconf 73' lang='lat' dir='ltr'><strong>is</strong></span> <span class='ocrx_word' id='word_1_3' title='bbox 1402 338 1688 406; x_wconf 68' lang='lat' dir='ltr'><strong>JOANMS</strong></span> <span class='ocrx_word' id='word_1_4' title='bbox 1717 336 2191 407; x_wconf 61' lang='lat' dir='ltr'><strong>evasurum.</strong></span> <span class='ocrx_word' id='word_1_5' title='bbox 2232 368 2297 393; x_wconf 55' lang='grc' dir='ltr'><strong>ς-</strong></span> <span class='ocrx_word' id='word_1_6' title='bbox 2334 341 2755 406; x_wconf 67' lang='lat' dir='ltr'><strong>Moenum.</strong></span> <span class='ocrx_word' id='word_1_7' title='bbox 3596 345 3665 401; x_wconf 63' lang='lat' dir='ltr'><strong>ta</strong></span> 
     </span>
    </p>
   </div>
   <div class='ocr_carea' id='block_1_2' title="bbox 416 463 1981 541">
    <p class='ocr_par' dir='ltr' id='par_1_2' title="bbox 416 464 1981 541">
     <span class='ocr_line' id='line_1_2' title="bbox 416 464 1981 541; baseline 0.004 -26"><span class='ocrx_word' id='word_1_8' title='bbox 416 466 564 518; x_wconf 82' lang='grc' dir='ltr'>κεῖον</span> <span class='ocrx_word' id='word_1_9' title='bbox 615 464 995 538; x_wconf 73' lang='grc' dir='ltr'><strong>θυσιαστήριον</strong></span> <span class='ocrx_word' id='word_1_10' title='bbox 1041 470 1399 539; x_wconf 80' lang='grc' dir='ltr'><strong>γεωργεῖσθαι</strong></span> <span class='ocrx_word' id='word_1_11' title='bbox 1436 472 1605 538; x_wconf 64' lang='grc' dir='ltr'><strong>⁴ξύλον</strong></span> <span class='ocrx_word' id='word_1_12' title='bbox 1651 472 1752 525; x_wconf 82' lang='grc' dir='ltr'><strong>οὐκ</strong></span> <span class='ocrx_word' id='word_1_13' title='bbox 1803 471 1981 541; x_wconf 69' lang='grc' dir='ltr'>ἐφίησι</span> 
     </span>
    </p>
   </div>
   <div class='ocr_carea' id='block_1_3' title="bbox 2082 463 3662 541">
    <p class='ocr_par' dir='ltr' id='par_1_3' title="bbox 2092 463 3662 539">
     <span class='ocr_line' id='line_1_3' title="bbox 2092 463 3662 539; baseline -0.006 -15"><span class='ocrx_word' id='word_1_14' title='bbox 2092 471 2311 539; x_wconf 89' lang='lat' dir='ltr'><strong>piorqu</strong></span> <span class='ocrx_word' id='word_1_15' title='bbox 2368 470 2758 527; x_wconf 69' lang='lat' dir='ltr'><strong>haereticorum</strong></span> <span class='ocrx_word' id='word_1_16' title='bbox 2806 468 3012 537; x_wconf 85' lang='lat' dir='ltr'><strong>scripta</strong></span> <span class='ocrx_word' id='word_1_17' title='bbox 3063 478 3157 535; x_wconf 89' lang='lat' dir='ltr'><strong>per</strong></span> <span class='ocrx_word' id='word_1_18' title='bbox 3209 464 3372 518; x_wconf 83' lang='lat' dir='ltr'><strong>urbes</strong></span> <span class='ocrx_word' id='word_1_19' title='bbox 3411 463 3662 531; x_wconf 87' lang='lat' dir='ltr'><strong>intelligi,</strong></span> 
     </span>
    </p>
   </div>
   <div class='ocr_carea' id='block_1_4' title="bbox 421 558 1991 633">
    <p class='ocr_par' dir='ltr' id='par_1_4' title="bbox 421 558 1991 633">
     <span class='ocr_line' id='line_1_4' title="bbox 421 558 1991 633; baseline 0.004 -25"><span class='ocrx_word' id='word_1_20' title='bbox 421 558 718 622; x_wconf 81' lang='grc' dir='ltr'><strong>παντελῶς.</strong></span> <span class='ocrx_word' id='word_1_21' title='bbox 745 578 763 610; x_wconf 86' lang='grc'>‹</span> <span class='ocrx_word' id='word_1_22' title='bbox 794 560 869 613; x_wconf 81' lang='grc' dir='ltr'><strong>Οὐ</strong></span> <span class='ocrx_word' id='word_1_23' title='bbox 892 560 1175 628; x_wconf 81' lang='grc' dir='ltr'><strong>φυτεύσεις</strong></span> <span class='ocrx_word' id='word_1_24' title='bbox 1189 562 1296 633; x_wconf 75' lang='grc' dir='ltr'>γὰρ</span> <span class='ocrx_word' id='word_1_25' title='bbox 1312 562 1521 633; x_wconf 82' lang='grc' dir='ltr'>σεαυτῷ</span> <span class='ocrx_word' id='word_1_26' title='bbox 1539 565 1647 617; x_wconf 83' lang='grc' dir='ltr'>πᾶν</span> <span class='ocrx_word' id='word_1_27' title='bbox 1662 564 1821 625; x_wconf 84' lang='grc' dir='ltr'>ἀλσος</span> <span class='ocrx_word' id='word_1_28' title='bbox 1846 562 1991 633; x_wconf 84' lang='grc' dir='ltr'>παρὰ</span> 
     </span>
    </p>
   </div>
   <div class='ocr_carea' id='block_1_5' title="bbox 422 648 1991 730">
    <p class='ocr_par' dir='ltr' id='par_1_5' title="bbox 422 648 1991 730">
     <span class='ocr_line' id='line_1_5' title="bbox 422 648 1991 730; baseline 0.006 -31"><span class='ocrx_word' id='word_1_29' title='bbox 422 648 480 700; x_wconf 81' lang='grc' dir='ltr'>τὸ</span> <span class='ocrx_word' id='word_1_30' title='bbox 510 648 887 730; x_wconf 78' lang='grc' dir='ltr'>θυσιαστήριον</span> <span class='ocrx_word' id='word_1_31' title='bbox 926 654 1127 723; x_wconf 80' lang='grc' dir='ltr'><strong>Κυρίου</strong></span> <span class='ocrx_word' id='word_1_32' title='bbox 1167 654 1261 707; x_wconf 90' lang='grc' dir='ltr'><strong>τοῦ</strong></span> <span class='ocrx_word' id='word_1_33' title='bbox 1293 654 1429 708; x_wconf 85' lang='grc' dir='ltr'>Θεοῦ</span> <span class='ocrx_word' id='word_1_34' title='bbox 1479 672 1632 714; x_wconf 76' lang='grc' dir='ltr'>σου.»</span> <span class='ocrx_word' id='word_1_35' title='bbox 1691 654 1991 723; x_wconf 71' lang='grc' dir='ltr'><strong>διαγγέλλει</strong></span> 
     </span>
    </p>
   </div>
   <div class='ocr_carea' id='block_1_6' title="bbox 422 740 1992 816">
    <p class='ocr_par' dir='ltr' id='par_1_6' title="bbox 422 740 1992 816">
     <span class='ocr_line' id='line_1_6' title="bbox 422 740 1992 816; baseline -0.004 -12"><span class='ocrx_word' id='word_1_36' title='bbox 422 740 628 808; x_wconf 76' lang='grc' dir='ltr'>σαφῶς.</span> <span class='ocrx_word' id='word_1_37' title='bbox 670 742 778 795; x_wconf 78' lang='grc' dir='ltr'><strong>Καὶ</strong></span> <span class='ocrx_word' id='word_1_38' title='bbox 805 745 852 796; x_wconf 86' lang='grc' dir='ltr'><strong>εί</strong></span> <span class='ocrx_word' id='word_1_39' title='bbox 886 745 987 813; x_wconf 78' lang='grc' dir='ltr'><strong>χρή</strong></span> <span class='ocrx_word' id='word_1_40' title='bbox 1022 761 1074 797; x_wconf 87' lang='grc' dir='ltr'><strong>τι</strong></span> <span class='ocrx_word' id='word_1_41' title='bbox 1114 745 1250 816; x_wconf 85' lang='grc' dir='ltr'>πρὸς</span> <span class='ocrx_word' id='word_1_42' title='bbox 1275 746 1486 809; x_wconf 81' lang='grc' dir='ltr'><strong>τούτοις</strong></span> <span class='ocrx_word' id='word_1_43' title='bbox 1516 750 1709 811; x_wconf 75' lang='grc' dir='ltr'>εἰπεῖν,</span> <span class='ocrx_word' id='word_1_44' title='bbox 1739 746 1883 800; x_wconf 90' lang='grc' dir='ltr'><strong>κατά</strong></span> <span class='ocrx_word' id='word_1_45' title='bbox 1901 747 1992 799; x_wconf 83' lang='grc' dir='ltr'><strong>τὸν</strong></span> 
     </span>
    </p>
   </div>
   <div class='ocr_carea' id='block_1_7' title="bbox 422 832 1991 908">
    <p class='ocr_par' dir='ltr' id='par_1_7' title="bbox 422 832 1991 908">
     <span class='ocr_line' id='line_1_7' title="bbox 422 832 1991 908; baseline 0.001 -22"><span class='ocrx_word' id='word_1_46' title='bbox 422 832 629 886; x_wconf 78' lang='grc' dir='ltr'>Παῦλον</span> <span class='ocrx_word' id='word_1_47' title='bbox 662 832 775 902; x_wconf 88' lang='grc' dir='ltr'><strong>ἐρῶ</strong></span> <span class='ocrx_word' id='word_1_48' title='bbox 810 832 901 885; x_wconf 80' lang='grc' dir='ltr'><strong>τδν</strong></span> <span class='ocrx_word' id='word_1_49' title='bbox 946 835 1255 903; x_wconf 80' lang='grc' dir='ltr'>σοφώτατον</span> <span class='ocrx_word' id='word_1_50' title='bbox 1278 854 1291 867; x_wconf 91' lang='grc'><strong>·</strong></span> <span class='ocrx_word' id='word_1_51' title='bbox 1342 854 1361 888; x_wconf 78' lang='grc' dir='ltr'>ι</span> <span class='ocrx_word' id='word_1_52' title='bbox 1392 836 1483 907; x_wconf 80' lang='grc' dir='ltr'><strong>Μὴ</strong></span> <span class='ocrx_word' id='word_1_53' title='bbox 1518 837 1643 908; x_wconf 73' lang='grc' dir='ltr'>περὶ</span> <span class='ocrx_word' id='word_1_54' title='bbox 1681 838 1790 890; x_wconf 90' lang='grc' dir='ltr'><strong>τῶν</strong></span> <span class='ocrx_word' id='word_1_55' title='bbox 1822 836 1991 901; x_wconf 85' lang='grc' dir='ltr'>ξύλων</span> 
     </span>
    </p>
   </div>
   <div class='ocr_carea' id='block_1_8' title="bbox 425 923 1991 998">
    <p class='ocr_par' dir='ltr' id='par_1_8' title="bbox 425 923 1991 998">
     <span class='ocr_line' id='line_1_8' title="bbox 425 923 1991 998; baseline 0.003 -23"><span class='ocrx_word' id='word_1_56' title='bbox 425 923 575 993; x_wconf 81' lang='grc' dir='ltr'>μέλει</span> <span class='ocrx_word' id='word_1_57' title='bbox 611 923 689 993; x_wconf 79' lang='grc' dir='ltr'><strong>τῷ</strong></span> <span class='ocrx_word' id='word_1_58' title='bbox 718 923 865 993; x_wconf 75' lang='grc' dir='ltr'>Θεῷς</span> <span class='ocrx_word' id='word_1_59' title='bbox 894 944 913 975; x_wconf 73' lang='grc' dir='ltr'><strong>ι</strong></span> <span class='ocrx_word' id='word_1_60' title='bbox 960 927 1038 977; x_wconf 87' lang='grc' dir='ltr'><strong>Δι’</strong></span> <span class='ocrx_word' id='word_1_61' title='bbox 1078 928 1225 996; x_wconf 76' lang='grc' dir='ltr'>ἡμᾶς</span> <span class='ocrx_word' id='word_1_62' title='bbox 1259 927 1476 991; x_wconf 86' lang='grc' dir='ltr'>πάντως</span> <span class='ocrx_word' id='word_1_63' title='bbox 1503 927 1671 997; x_wconf 80' lang='grc' dir='ltr'>λέγει,</span> <span class='ocrx_word' id='word_1_64' title='bbox 1705 926 1793 980; x_wconf 82' lang='grc' dir='ltr'>διὰ</span> <span class='ocrx_word' id='word_1_65' title='bbox 1818 945 1991 998; x_wconf 86' lang='grc' dir='ltr'>παχυ-</span> 
     </span>
    </p>
   </div>
   <div class='ocr_carea' id='block_1_9' title="bbox 419 1018 1992 1092">
    <p class='ocr_par' dir='ltr' id='par_1_9' title="bbox 419 1018 1992 1092">
     <span class='ocr_line' id='line_1_9' title="bbox 419 1018 1992 1092; baseline 0.003 -22"><span class='ocrx_word' id='word_1_66' title='bbox 419 1018 592 1088; x_wconf 73' lang='grc' dir='ltr'>τέρων</span> <span class='ocrx_word' id='word_1_67' title='bbox 650 1018 1109 1089; x_wconf 76' lang='grc' dir='ltr'>παραδειγμάτων</span> <span class='ocrx_word' id='word_1_68' title='bbox 1169 1020 1260 1075; x_wconf 68' lang='grc' dir='ltr'><strong>ἐπὶ</strong></span> <span class='ocrx_word' id='word_1_69' title='bbox 1310 1021 1412 1084; x_wconf 84' lang='grc' dir='ltr'><strong>τάς</strong></span> <span class='ocrx_word' id='word_1_70' title='bbox 1452 1022 1561 1074; x_wconf 87' lang='grc' dir='ltr'><strong>τῶν</strong></span> <span class='ocrx_word' id='word_1_71' title='bbox 1608 1020 1992 1092; x_wconf 70' lang='grc' dir='ltr'>πνευματικῶν</span> 
     </span>
    </p>
   </div>
   <div class='ocr_carea' id='block_1_10' title="bbox 418 1106 1993 1181">
    <p class='ocr_par' dir='ltr' id='par_1_10' title="bbox 418 1106 1993 1181">
     <span class='ocr_line' id='line_1_10' title="bbox 418 1106 1993 1181; baseline 0.003 -21"><span class='ocrx_word' id='word_1_72' title='bbox 418 1106 652 1179; x_wconf 80' lang='grc' dir='ltr'>θεωρίας</span> <span class='ocrx_word' id='word_1_73' title='bbox 682 1110 1061 1179; x_wconf 83' lang='grc' dir='ltr'>χειραγωγῶν.</span> <span class='ocrx_word' id='word_1_74' title='bbox 1100 1110 1312 1164; x_wconf 77' lang='grc' dir='ltr'>Οὐκοῦν</span> <span class='ocrx_word' id='word_1_75' title='bbox 1351 1111 1451 1181; x_wconf 75' lang='grc' dir='ltr'><strong>ἥδη</strong></span> <span class='ocrx_word' id='word_1_76' title='bbox 1492 1111 1759 1181; x_wconf 77' lang='grc' dir='ltr'>λέγωμεν,</span> <span class='ocrx_word' id='word_1_77' title='bbox 1800 1113 1880 1165; x_wconf 86' lang='grc' dir='ltr'>’ότι</span> <span class='ocrx_word' id='word_1_78' title='bbox 1924 1112 1993 1165; x_wconf 81' lang='grc' dir='ltr'><strong>τὰ</strong></span> 
     </span>
    </p>
   </div>
   <div class='ocr_carea' id='block_1_11' title="bbox 414 1200 1992 1273">
    <p class='ocr_par' dir='ltr' id='par_1_11' title="bbox 414 1200 1992 1273">
     <span class='ocr_line' id='line_1_11' title="bbox 414 1200 1992 1273; baseline 0.003 -21"><span class='ocrx_word' id='word_1_79' title='bbox 414 1200 518 1269; x_wconf 57' lang='grc' dir='ltr'>»μὲν</span> <span class='ocrx_word' id='word_1_80' title='bbox 549 1200 658 1252; x_wconf 89' lang='grc' dir='ltr'><strong>τῶν</strong></span> <span class='ocrx_word' id='word_1_81' title='bbox 691 1201 924 1254; x_wconf 81' lang='grc' dir='ltr'>ἀνοσίων</span> <span class='ocrx_word' id='word_1_82' title='bbox 972 1201 1265 1271; x_wconf 82' lang='grc' dir='ltr'>αἱρετικῶν</span> <span class='ocrx_word' id='word_1_83' title='bbox 1313 1204 1756 1273; x_wconf 82' lang='grc' dir='ltr'>συγγράμματα,</span> <span class='ocrx_word' id='word_1_84' title='bbox 1810 1204 1992 1269; x_wconf 76' lang='grc' dir='ltr'>πόλεις</span> 
     </span>
    </p>
   </div>
   <div class='ocr_carea' id='block_1_12' title="bbox 416 1289 1991 1365">
    <p class='ocr_par' dir='ltr' id='par_1_12' title="bbox 416 1289 1991 1365">
     <span class='ocr_line' id='line_1_12' title="bbox 416 1289 1991 1365; baseline 0.003 -23"><span class='ocrx_word' id='word_1_85' title='bbox 416 1289 483 1343; x_wconf 80' lang='grc' dir='ltr'><strong>ἀν</strong></span> <span class='ocrx_word' id='word_1_86' title='bbox 520 1292 742 1355; x_wconf 88' lang='grc' dir='ltr'>νοοῖντο,</span> <span class='ocrx_word' id='word_1_87' title='bbox 786 1292 879 1344; x_wconf 80' lang='grc' dir='ltr'>καὶ</span> <span class='ocrx_word' id='word_1_88' title='bbox 906 1291 1007 1345; x_wconf 80' lang='grc' dir='ltr'><strong>οὐκ</strong></span> <span class='ocrx_word' id='word_1_89' title='bbox 1038 1291 1301 1363; x_wconf 76' lang='grc' dir='ltr'><strong>ἀκόμψως</strong></span> <span class='ocrx_word' id='word_1_90' title='bbox 1337 1294 1475 1363; x_wconf 84' lang='grc' dir='ltr'>τάχα</span> <span class='ocrx_word' id='word_1_91' title='bbox 1519 1295 1583 1363; x_wconf 81' lang='grc' dir='ltr'>τῇ</span> <span class='ocrx_word' id='word_1_92' title='bbox 1636 1294 1731 1346; x_wconf 89' lang='grc' dir='ltr'><strong>τοῦ</strong></span> <span class='ocrx_word' id='word_1_93' title='bbox 1786 1294 1991 1365; x_wconf 83' lang='grc' dir='ltr'>κόσμου</span> 
     </span>
    </p>
   </div>
   <div class='ocr_carea' id='block_1_13' title="bbox 419 1380 1994 1455">
    <p class='ocr_par' dir='ltr' id='par_1_13' title="bbox 419 1380 1994 1455">
     <span class='ocr_line' id='line_1_13' title="bbox 419 1380 1994 1455; baseline 0.004 -23"><span class='ocrx_word' id='word_1_94' title='bbox 419 1380 583 1451; x_wconf 78' lang='grc' dir='ltr'>σοφίᾳ</span> <span class='ocrx_word' id='word_1_95' title='bbox 626 1381 721 1434; x_wconf 74' lang='grc' dir='ltr'><strong>καὶ</strong></span> <span class='ocrx_word' id='word_1_96' title='bbox 753 1381 1114 1446; x_wconf 85' lang='grc' dir='ltr'>πολυπλόκοις</span> <span class='ocrx_word' id='word_1_97' title='bbox 1139 1383 1427 1454; x_wconf 85' lang='grc' dir='ltr'>νοημάτων</span> <span class='ocrx_word' id='word_1_98' title='bbox 1449 1382 1686 1447; x_wconf 82' lang='grc' dir='ltr'>ἀπάταις</span> <span class='ocrx_word' id='word_1_99' title='bbox 1707 1401 1994 1455; x_wconf 85' lang='grc' dir='ltr'>πεπυργω-</span> 
     </span>
    </p>
   </div>
   <div class='ocr_carea' id='block_1_14' title="bbox 417 1471 1993 1547">
    <p class='ocr_par' dir='ltr' id='par_1_14' title="bbox 417 1471 1993 1547">
     <span class='ocr_line' id='line_1_14' title="bbox 417 1471 1993 1547; baseline 0.003 -23"><span class='ocrx_word' id='word_1_100' title='bbox 417 1471 579 1541; x_wconf 79' lang='grc' dir='ltr'>μένα.</span> <span class='ocrx_word' id='word_1_101' title='bbox 630 1473 964 1542; x_wconf 78' lang='grc' dir='ltr'>Ἀφικνείταί</span> <span class='ocrx_word' id='word_1_102' title='bbox 994 1491 1059 1543; x_wconf 89' lang='grc' dir='ltr'><strong>γε</strong></span> <span class='ocrx_word' id='word_1_103' title='bbox 1090 1475 1196 1546; x_wconf 82' lang='grc' dir='ltr'>μὴν</span> <span class='ocrx_word' id='word_1_104' title='bbox 1224 1475 1661 1547; x_wconf 80' lang='grc' dir='ltr'>ἐκπολιορκήσων</span> <span class='ocrx_word' id='word_1_105' title='bbox 1688 1475 1878 1541; x_wconf 67' lang='grc' dir='ltr'>αὐτὰς,</span> <span class='ocrx_word' id='word_1_106' title='bbox 1900 1476 1993 1530; x_wconf 76' lang='grc' dir='ltr'>καὶ</span> 
     </span>
    </p>
   </div>
   <div class='ocr_carea' id='block_1_15' title="bbox 416 1565 1994 1638">
    <p class='ocr_par' dir='ltr' id='par_1_15' title="bbox 416 1565 1994 1638">
     <span class='ocr_line' id='line_1_15' title="bbox 416 1565 1994 1638; baseline 0.004 -22"><span class='ocrx_word' id='word_1_107' title='bbox 416 1567 618 1637; x_wconf 83' lang='grc' dir='ltr'>τρόπον</span> <span class='ocrx_word' id='word_1_108' title='bbox 672 1566 797 1619; x_wconf 77' lang='grc' dir='ltr'>τινὰ</span> <span class='ocrx_word' id='word_1_109' title='bbox 844 1565 1031 1637; x_wconf 85' lang='grc' dir='ltr'>κύκλῳ</span> <span class='ocrx_word' id='word_1_110' title='bbox 1060 1567 1413 1638; x_wconf 77' lang='grc' dir='ltr'>περιιζάνειν,</span> <span class='ocrx_word' id='word_1_111' title='bbox 1460 1569 1551 1621; x_wconf 81' lang='grc' dir='ltr'>τὸν</span> <span class='ocrx_word' id='word_1_112' title='bbox 1601 1568 1701 1638; x_wconf 83' lang='grc' dir='ltr'>τῆς</span> <span class='ocrx_word' id='word_1_113' title='bbox 1756 1570 1994 1633; x_wconf 88' lang='grc' dir='ltr'>πίστεως</span> 
     </span>
    </p>
   </div>
   <div class='ocr_carea' id='block_1_16' title="bbox 414 1658 1990 1733">
    <p class='ocr_par' dir='ltr' id='par_1_16' title="bbox 414 1658 1990 1733">
     <span class='ocr_line' id='line_1_16' title="bbox 414 1658 1990 1733; baseline 0.002 -22"><span class='ocrx_word' id='word_1_114' title='bbox 414 1658 609 1729; x_wconf 84' lang='grc' dir='ltr'>θυρεὸν</span> <span class='ocrx_word' id='word_1_115' title='bbox 638 1658 943 1724; x_wconf 82' lang='grc' dir='ltr'>ἀναλαϐὼν,</span> <span class='ocrx_word' id='word_1_116' title='bbox 979 1660 1074 1713; x_wconf 74' lang='grc' dir='ltr'><strong>καὶ</strong></span> <span class='ocrx_word' id='word_1_117' title='bbox 1101 1659 1199 1730; x_wconf 75' lang='grc' dir='ltr'><strong>τὴν</strong></span> <span class='ocrx_word' id='word_1_118' title='bbox 1226 1660 1320 1713; x_wconf 89' lang='grc' dir='ltr'><strong>τοῦ</strong></span> <span class='ocrx_word' id='word_1_119' title='bbox 1352 1660 1659 1731; x_wconf 82' lang='grc' dir='ltr'>πνεύματος</span> <span class='ocrx_word' id='word_1_120' title='bbox 1694 1662 1990 1733; x_wconf 83' lang='grc' dir='ltr'>μάχαιραν,</span> 
     </span>
    </p>
   </div>
   <div class='ocr_carea' id='block_1_17' title="bbox 415 1748 1993 1824">
    <p class='ocr_par' dir='ltr' id='par_1_17' title="bbox 415 1748 1993 1824">
     <span class='ocr_line' id='line_1_17' title="bbox 415 1748 1993 1824; baseline 0.001 -20"><span class='ocrx_word' id='word_1_121' title='bbox 415 1752 445 1804; x_wconf 88' lang='grc' dir='ltr'>ὃ</span> <span class='ocrx_word' id='word_1_122' title='bbox 472 1753 588 1803; x_wconf 83' lang='grc' dir='ltr'>ἐστι</span> <span class='ocrx_word' id='word_1_123' title='bbox 622 1751 773 1821; x_wconf 79' lang='grc' dir='ltr'>ῥῆμα</span> <span class='ocrx_word' id='word_1_124' title='bbox 806 1751 961 1813; x_wconf 86' lang='grc' dir='ltr'>Θεοῦ,</span> <span class='ocrx_word' id='word_1_125' title='bbox 1004 1753 1111 1813; x_wconf 77' lang='grc' dir='ltr'><strong>πᾶς</strong></span> <span class='ocrx_word' id='word_1_126' title='bbox 1143 1753 1173 1803; x_wconf 98' lang='lat'><strong>6</strong></span> <span class='ocrx_word' id='word_1_127' title='bbox 1194 1754 1307 1816; x_wconf 83' lang='grc' dir='ltr'>τοῖς</span> <span class='ocrx_word' id='word_1_128' title='bbox 1343 1748 1508 1822; x_wconf 79' lang='grc' dir='ltr'>ἱεροῖς</span> <span class='ocrx_word' id='word_1_129' title='bbox 1536 1752 1633 1823; x_wconf 82' lang='grc' dir='ltr'>τῆς</span> <span class='ocrx_word' id='word_1_130' title='bbox 1666 1752 1993 1824; x_wconf 85' lang='grc' dir='ltr'>Ἐκκλησίας</span> 
     </span>
    </p>
   </div>
   <div class='ocr_carea' id='block_1_18' title="bbox 417 1838 1993 1911">
    <p class='ocr_par' dir='ltr' id='par_1_18' title="bbox 417 1838 1993 1911">
     <span class='ocr_line' id='line_1_18' title="bbox 417 1838 1993 1911; baseline 0.003 -20"><span class='ocrx_word' id='word_1_131' title='bbox 417 1842 464 1892; x_wconf 95' lang='grc' dir='ltr'><strong>ἐ.</strong></span> <span class='ocrx_word' id='word_1_132' title='bbox 493 1871 509 1892; x_wconf 65' lang='grc' dir='ltr'>δ</span> <span class='ocrx_word' id='word_1_133' title='bbox 534 1878 548 1893; x_wconf 95' lang='grc'><strong>.</strong></span> <span class='ocrx_word' id='word_1_134' title='bbox 576 1880 589 1893; x_wconf 92' lang='grc'><strong>.</strong></span> <span class='ocrx_word' id='word_1_135' title='bbox 618 1878 631 1892; x_wconf 89' lang='grc'><strong>.</strong></span> <span class='ocrx_word' id='word_1_136' title='bbox 660 1880 673 1893; x_wconf 91' lang='grc'><strong>.</strong></span> <span class='ocrx_word' id='word_1_137' title='bbox 729 1838 955 1910; x_wconf 77' lang='grc' dir='ltr'>ξάμενος</span> <span class='ocrx_word' id='word_1_138' title='bbox 999 1841 1267 1911; x_wconf 83' lang='grc' dir='ltr'>δόγμασι,</span> <span class='ocrx_word' id='word_1_139' title='bbox 1307 1844 1401 1896; x_wconf 74' lang='grc' dir='ltr'><strong>καὶ</strong></span> <span class='ocrx_word' id='word_1_140' title='bbox 1448 1842 1622 1896; x_wconf 83' lang='grc' dir='ltr'>σθένει</span> <span class='ocrx_word' id='word_1_141' title='bbox 1671 1845 1836 1896; x_wconf 78' lang='grc' dir='ltr'>παντὶ</span> <span class='ocrx_word' id='word_1_142' title='bbox 1875 1846 1993 1907; x_wconf 83' lang='grc' dir='ltr'>ταῖς</span> 
     </span>
    </p>
   </div>
   <div class='ocr_carea' id='block_1_19' title="bbox 418 1933 1992 2006">
    <p class='ocr_par' dir='ltr' id='par_1_19' title="bbox 418 1933 1992 2006">
     <span class='ocr_line' id='line_1_19' title="bbox 418 1933 1992 2006; baseline 0.003 -21"><span class='ocrx_word' id='word_1_143' title='bbox 418 1933 641 1986; x_wconf 78' lang='grc' dir='ltr'>ἐκείνων</span> <span class='ocrx_word' id='word_1_144' title='bbox 663 1934 1049 2004; x_wconf 79' lang='grc' dir='ltr'>ψευδομυθίαις</span> <span class='ocrx_word' id='word_1_145' title='bbox 1074 1936 1541 2005; x_wconf 83' lang='grc' dir='ltr'>ἀντιταττόμενος·</span> <span class='ocrx_word' id='word_1_146' title='bbox 1574 1936 1908 2006; x_wconf 75' lang='grc' dir='ltr'>«Λογισμούς</span> <span class='ocrx_word' id='word_1_147' title='bbox 1933 1954 1992 1989; x_wconf 88' lang='grc' dir='ltr'><strong>τε</strong></span> 
     </span>
    </p>
   </div>
   <div class='ocr_carea' id='block_1_20' title="bbox 418 2026 1992 2099">
    <p class='ocr_par' dir='ltr' id='par_1_20' title="bbox 418 2026 1992 2099">
     <span class='ocr_line' id='line_1_20' title="bbox 418 2026 1992 2099; baseline 0.002 -20"><span class='ocrx_word' id='word_1_148' title='bbox 418 2026 703 2098; x_wconf 88' lang='grc' dir='ltr'>καθαιρεῖν</span> <span class='ocrx_word' id='word_1_149' title='bbox 735 2027 1054 2098; x_wconf 86' lang='grc' dir='ltr'>μελετήσας,</span> <span class='ocrx_word' id='word_1_150' title='bbox 1080 2047 1097 2078; x_wconf 70' lang='grc' dir='ltr'><strong>ι</strong></span> <span class='ocrx_word' id='word_1_151' title='bbox 1134 2027 1211 2090; x_wconf 85' lang='grc' dir='ltr'>ὡς</span> <span class='ocrx_word' id='word_1_152' title='bbox 1238 2030 1265 2081; x_wconf 95' lang='lat'><strong>6</strong></span> <span class='ocrx_word' id='word_1_153' title='bbox 1295 2028 1505 2091; x_wconf 78' lang='grc' dir='ltr'>Παῦλος</span> <span class='ocrx_word' id='word_1_154' title='bbox 1527 2045 1681 2099; x_wconf 83' lang='grc' dir='ltr'>φησι,</span> <span class='ocrx_word' id='word_1_155' title='bbox 1723 2048 1741 2079; x_wconf 71' lang='grc' dir='ltr'><strong>ι</strong></span> <span class='ocrx_word' id='word_1_156' title='bbox 1771 2032 1863 2082; x_wconf 76' lang='grc' dir='ltr'><strong>καὶ</strong></span> <span class='ocrx_word' id='word_1_157' title='bbox 1886 2030 1992 2082; x_wconf 76' lang='grc' dir='ltr'>πᾶν</span> 
     </span>
    </p>
   </div>
   <div class='ocr_carea' id='block_1_21' title="bbox 418 2115 1993 2188">
    <p class='ocr_par' dir='ltr' id='par_1_21' title="bbox 418 2115 1993 2188">
     <span class='ocr_line' id='line_1_21' title="bbox 418 2115 1993 2188; baseline 0.001 -20"><span class='ocrx_word' id='word_1_158' title='bbox 418 2115 617 2187; x_wconf 78' lang='grc' dir='ltr'>ὕψωμα</span> <span class='ocrx_word' id='word_1_159' title='bbox 643 2117 1002 2187; x_wconf 84' lang='grc' dir='ltr'>ἐπαιρόμενον</span> <span class='ocrx_word' id='word_1_160' title='bbox 1032 2117 1170 2170; x_wconf 80' lang='grc' dir='ltr'><strong>κατά</strong></span> <span class='ocrx_word' id='word_1_161' title='bbox 1202 2118 1300 2188; x_wconf 84' lang='grc' dir='ltr'><strong>τῆς</strong></span> <span class='ocrx_word' id='word_1_162' title='bbox 1320 2116 1575 2186; x_wconf 84' lang='grc' dir='ltr'>γνώσεως</span> <span class='ocrx_word' id='word_1_163' title='bbox 1600 2118 1693 2170; x_wconf 85' lang='grc' dir='ltr'><strong>τοῦ</strong></span> <span class='ocrx_word' id='word_1_164' title='bbox 1717 2118 1873 2183; x_wconf 79' lang='grc' dir='ltr'>Θεοῦ,</span> <span class='ocrx_word' id='word_1_165' title='bbox 1900 2120 1993 2173; x_wconf 72' lang='grc' dir='ltr'><strong>καὶ</strong></span> 
     </span>
    </p>
   </div>
   <div class='ocr_carea' id='block_1_22' title="bbox 414 2207 1990 2280">
    <p class='ocr_par' dir='ltr' id='par_1_22' title="bbox 414 2207 1990 2280">
     <span class='ocr_line' id='line_1_22' title="bbox 414 2207 1990 2280; baseline 0.001 -19"><span class='ocrx_word' id='word_1_166' title='bbox 414 2207 909 2279; x_wconf 77' lang='grc' dir='ltr'>αίχμαλωτίζοντες</span> <span class='ocrx_word' id='word_1_167' title='bbox 953 2210 1061 2261; x_wconf 82' lang='grc' dir='ltr'>πᾶν</span> <span class='ocrx_word' id='word_1_168' title='bbox 1118 2208 1296 2278; x_wconf 86' lang='grc' dir='ltr'>νόημα</span> <span class='ocrx_word' id='word_1_169' title='bbox 1342 2210 1422 2272; x_wconf 89' lang='grc' dir='ltr'><strong>είς</strong></span> <span class='ocrx_word' id='word_1_170' title='bbox 1468 2208 1565 2279; x_wconf 78' lang='grc' dir='ltr'>τὴν</span> <span class='ocrx_word' id='word_1_171' title='bbox 1605 2210 1849 2280; x_wconf 77' lang='grc' dir='ltr'>ὑπακοὴν</span> <span class='ocrx_word' id='word_1_172' title='bbox 1897 2210 1990 2263; x_wconf 90' lang='grc' dir='ltr'><strong>τοῦ</strong></span> 
     </span>
    </p>
   </div>
   <div class='ocr_carea' id='block_1_23' title="bbox 414 2295 1991 2372">
    <p class='ocr_par' dir='ltr' id='par_1_23' title="bbox 414 2295 1991 2372">
     <span class='ocr_line' id='line_1_23' title="bbox 414 2295 1991 2372; baseline 0.001 -18"><span class='ocrx_word' id='word_1_173' title='bbox 414 2299 671 2372; x_wconf 77' lang='grc' dir='ltr'>Χριστοῦ.</span> <span class='ocrx_word' id='word_1_174' title='bbox 700 2320 717 2352; x_wconf 76' lang='grc' dir='ltr'><strong>ι</strong></span> <span class='ocrx_word' id='word_1_175' title='bbox 756 2301 921 2354; x_wconf 82' lang='grc' dir='ltr'>Ὅταν</span> <span class='ocrx_word' id='word_1_176' title='bbox 951 2295 1043 2353; x_wconf 79' lang='grc' dir='ltr'><strong>οῦν</strong></span> <span class='ocrx_word' id='word_1_177' title='bbox 1074 2302 1101 2351; x_wconf 90' lang='grc' dir='ltr'>ὁ</span> <span class='ocrx_word' id='word_1_178' title='bbox 1137 2300 1396 2364; x_wconf 81' lang='grc' dir='ltr'>τοιοῦτος,</span> <span class='ocrx_word' id='word_1_179' title='bbox 1450 2302 1605 2372; x_wconf 73' lang='grc' dir='ltr'>φησὶ,</span> <span class='ocrx_word' id='word_1_180' title='bbox 1658 2302 1991 2372; x_wconf 75' lang='grc' dir='ltr'>στρατιώτης</span> 
     </span>
    </p>
   </div>
   <div class='ocr_carea' id='block_1_24' title="bbox 415 2390 1990 2463">
    <p class='ocr_par' dir='ltr' id='par_1_24' title="bbox 415 2390 1990 2463">
     <span class='ocr_line' id='line_1_24' title="bbox 415 2390 1990 2463; baseline 0.002 -20"><span class='ocrx_word' id='word_1_181' title='bbox 415 2391 674 2463; x_wconf 76' lang='grc' dir='ltr'>Χριστοῦ,</span> <span class='ocrx_word' id='word_1_182' title='bbox 718 2390 972 2463; x_wconf 85' lang='grc' dir='ltr'>καθάπερ</span> <span class='ocrx_word' id='word_1_183' title='bbox 999 2410 1069 2445; x_wconf 85' lang='grc' dir='ltr'><strong>τι.</strong></span> <span class='ocrx_word' id='word_1_184' title='bbox 1103 2430 1116 2443; x_wconf 96' lang='grc'><strong>.</strong></span> <span class='ocrx_word' id='word_1_185' title='bbox 1147 2430 1160 2445; x_wconf 92' lang='grc'><strong>.</strong></span> <span class='ocrx_word' id='word_1_186' title='bbox 1212 2390 1525 2462; x_wconf 81' lang='grc' dir='ltr'>ἀλλοφύλων</span> <span class='ocrx_word' id='word_1_187' title='bbox 1570 2393 1639 2445; x_wconf 76' lang='grc' dir='ltr'>τὰ</span> <span class='ocrx_word' id='word_1_188' title='bbox 1684 2395 1854 2463; x_wconf 77' lang='grc' dir='ltr'>πικρὰ</span> <span class='ocrx_word' id='word_1_189' title='bbox 1884 2395 1990 2445; x_wconf 86' lang='grc' dir='ltr'><strong>τῶν</strong></span> 
     </span>
    </p>
   </div>
   <div class='ocr_carea' id='block_1_25' title="bbox 414 2478 1991 2555">
    <p class='ocr_par' dir='ltr' id='par_1_25' title="bbox 414 2478 1991 2555">
     <span class='ocr_line' id='line_1_25' title="bbox 414 2478 1991 2555; baseline 0.001 -19"><span class='ocrx_word' id='word_1_190' title='bbox 414 2484 678 2553; x_wconf 73' lang='grc' dir='ltr'>αἱρέσεων</span> <span class='ocrx_word' id='word_1_191' title='bbox 702 2485 998 2554; x_wconf 83' lang='grc' dir='ltr'>περινοήσῃ</span> <span class='ocrx_word' id='word_1_192' title='bbox 1032 2483 1457 2553; x_wconf 83' lang='grc' dir='ltr'>συγγράμματα,</span> <span class='ocrx_word' id='word_1_193' title='bbox 1484 2478 1720 2555; x_wconf 71' lang='grc' dir='ltr'>δένδροις</span> <span class='ocrx_word' id='word_1_194' title='bbox 1740 2502 1806 2537; x_wconf 74' lang='grc' dir='ltr'><strong>τε</strong></span> <span class='ocrx_word' id='word_1_195' title='bbox 1837 2502 1991 2555; x_wconf 80' lang='grc' dir='ltr'>περι-</span> 
     </span>
    </p>
   </div>
   <div class='ocr_carea' id='block_1_26' title="bbox 413 2576 1990 2647">
    <p class='ocr_par' dir='ltr' id='par_1_26' title="bbox 413 2576 1990 2647">
     <span class='ocr_line' id='line_1_26' title="bbox 413 2576 1990 2647; baseline 0.001 -18"><span class='ocrx_word' id='word_1_196' title='bbox 413 2576 668 2647; x_wconf 85' lang='grc' dir='ltr'>τυγχάνει</span> <span class='ocrx_word' id='word_1_197' title='bbox 718 2579 850 2641; x_wconf 83' lang='grc' dir='ltr'>τοίς.</span> <span class='ocrx_word' id='word_1_198' title='bbox 882 2618 933 2631; x_wconf 93' lang='grc'><strong>..</strong></span> <span class='ocrx_word' id='word_1_199' title='bbox 999 2576 1206 2640; x_wconf 78' lang='grc' dir='ltr'>τόποις,</span> <span class='ocrx_word' id='word_1_200' title='bbox 1254 2576 1396 2630; x_wconf 77' lang='grc' dir='ltr'>τοῦτ’</span> <span class='ocrx_word' id='word_1_201' title='bbox 1450 2576 1628 2641; x_wconf 79' lang='grc' dir='ltr'>ἔστιν,</span> <span class='ocrx_word' id='word_1_202' title='bbox 1681 2578 1745 2630; x_wconf 74' lang='grc' dir='ltr'><strong>ἂν</strong></span> <span class='ocrx_word' id='word_1_203' title='bbox 1798 2577 1990 2644; x_wconf 78' lang='grc' dir='ltr'>λόγους</span> 
     </span>
    </p>
   </div>
   <div class='ocr_carea' id='block_1_27' title="bbox 413 2667 1990 2742">
    <p class='ocr_par' dir='ltr' id='par_1_27' title="bbox 413 2667 1990 2742">
     <span class='ocr_line' id='line_1_27' title="bbox 413 2667 1990 2742; baseline -0.001 -19"><span class='ocrx_word' id='word_1_204' title='bbox 413 2670 642 2742; x_wconf 79' lang='grc' dir='ltr'>εὑρίσκῃ</span> <span class='ocrx_word' id='word_1_205' title='bbox 674 2670 799 2731; x_wconf 76' lang='grc' dir='ltr'>τοὺς</span> <span class='ocrx_word' id='word_1_206' title='bbox 835 2669 943 2722; x_wconf 83' lang='grc' dir='ltr'><strong>ἀπὸ</strong></span> <span class='ocrx_word' id='word_1_207' title='bbox 968 2671 1066 2739; x_wconf 78' lang='grc' dir='ltr'>τῆς</span> <span class='ocrx_word' id='word_1_208' title='bbox 1101 2667 1462 2722; x_wconf 85' lang='grc' dir='ltr'>θεοπνεύστου</span> <span class='ocrx_word' id='word_1_209' title='bbox 1496 2669 1743 2739; x_wconf 82' lang='grc' dir='ltr'>Γραφῆς,</span> <span class='ocrx_word' id='word_1_210' title='bbox 1788 2670 1821 2739; x_wconf 86' lang='grc' dir='ltr'>ἢ</span> <span class='ocrx_word' id='word_1_211' title='bbox 1857 2686 1990 2738; x_wconf 87' lang='grc' dir='ltr'>προ-</span> 
     </span>
    </p>
   </div>
   <div class='ocr_carea' id='block_1_28' title="bbox 414 2762 1989 2833">
    <p class='ocr_par' dir='ltr' id='par_1_28' title="bbox 414 2762 1989 2833">
     <span class='ocr_line' id='line_1_28' title="bbox 414 2762 1989 2833; baseline 0 -18"><span class='ocrx_word' id='word_1_212' title='bbox 414 2762 600 2832; x_wconf 85' lang='grc' dir='ltr'>φητῶν</span> <span class='ocrx_word' id='word_1_213' title='bbox 644 2762 885 2832; x_wconf 78' lang='grc' dir='ltr'>δηλονότι</span> <span class='ocrx_word' id='word_1_214' title='bbox 933 2763 1154 2832; x_wconf 74' lang='grc' dir='ltr'>ῥήματα</span> <span class='ocrx_word' id='word_1_215' title='bbox 1205 2763 1665 2832; x_wconf 80' lang='grc' dir='ltr'>περιειλκυσμένα</span> <span class='ocrx_word' id='word_1_216' title='bbox 1709 2763 1844 2833; x_wconf 84' lang='grc' dir='ltr'>πρὸς</span> <span class='ocrx_word' id='word_1_217' title='bbox 1898 2763 1989 2815; x_wconf 77' lang='grc' dir='ltr'>τὸν</span> 
     </span>
    </p>
   </div>
   <div class='ocr_carea' id='block_1_29' title="bbox 413 2852 1987 2924">
    <p class='ocr_par' dir='ltr' id='par_1_29' title="bbox 413 2852 1987 2924">
     <span class='ocr_line' id='line_1_29' title="bbox 413 2852 1987 2924; baseline -0.001 -18"><span class='ocrx_word' id='word_1_218' title='bbox 413 2854 639 2908; x_wconf 83' lang='grc' dir='ltr'>ἐκείνων</span> <span class='ocrx_word' id='word_1_219' title='bbox 672 2854 891 2920; x_wconf 80' lang='grc' dir='ltr'>σκοπὸν,</span> <span class='ocrx_word' id='word_1_220' title='bbox 929 2853 1021 2907; x_wconf 67' lang='grc' dir='ltr'><strong>καὶ</strong></span> <span class='ocrx_word' id='word_1_221' title='bbox 1046 2852 1351 2924; x_wconf 85' lang='grc' dir='ltr'>μαρτυρίας</span> <span class='ocrx_word' id='word_1_222' title='bbox 1387 2856 1485 2915; x_wconf 81' lang='grc' dir='ltr'><strong>τάς</strong></span> <span class='ocrx_word' id='word_1_223' title='bbox 1508 2855 1572 2906; x_wconf 83' lang='grc' dir='ltr'><strong>ἐκ</strong></span> <span class='ocrx_word' id='word_1_224' title='bbox 1598 2853 1869 2922; x_wconf 71' lang='grc' dir='ltr'>Διαθήκης</span> <span class='ocrx_word' id='word_1_225' title='bbox 1893 2853 1987 2922; x_wconf 78' lang='grc' dir='ltr'>τῆς</span> 
     </span>
    </p>
   </div>
   <div class='ocr_carea' id='block_1_30' title="bbox 414 2943 1988 3017">
    <p class='ocr_par' dir='ltr' id='par_1_30' title="bbox 414 2943 1988 3017">
     <span class='ocr_line' id='line_1_30' title="bbox 414 2943 1988 3017; baseline -0.001 -18"><span class='ocrx_word' id='word_1_226' title='bbox 414 2948 645 3017; x_wconf 80' lang='grc' dir='ltr'>Καινῆς,</span> <span class='ocrx_word' id='word_1_227' title='bbox 697 2946 771 3014; x_wconf 74' lang='grc' dir='ltr'>μὴ</span> <span class='ocrx_word' id='word_1_228' title='bbox 811 2945 1065 3013; x_wconf 80' lang='grc' dir='ltr'>ἐπαγέτω</span> <span class='ocrx_word' id='word_1_229' title='bbox 1120 2944 1215 2997; x_wconf 93' lang='grc' dir='ltr'><strong>τοῦ</strong></span> <span class='ocrx_word' id='word_1_230' title='bbox 1265 2943 1356 2997; x_wconf 91' lang='grc' dir='ltr'><strong>νοῦ</strong></span> <span class='ocrx_word' id='word_1_231' title='bbox 1408 2945 1506 3014; x_wconf 82' lang='grc' dir='ltr'>τὴν</span> <span class='ocrx_word' id='word_1_232' title='bbox 1547 2944 1780 3015; x_wconf 79' lang='grc' dir='ltr'>ὀξύτητα</span> <span class='ocrx_word' id='word_1_233' title='bbox 1848 2947 1988 2998; x_wconf 82' lang='grc' dir='ltr'>κατά</span> 
     </span>
    </p>
   </div>
   <div class='ocr_carea' id='block_1_31' title="bbox 413 3032 1986 3106">
    <p class='ocr_par' dir='ltr' id='par_1_31' title="bbox 413 3032 1986 3106">
     <span class='ocr_line' id='line_1_31' title="bbox 413 3032 1986 3106; baseline -0.002 -18"><span class='ocrx_word' id='word_1_234' title='bbox 413 3034 537 3106; x_wconf 68' lang='grc' dir='ltr'>[πρ.</span> <span class='ocrx_word' id='word_1_235' title='bbox 571 3032 750 3105; x_wconf 88' lang='grc' dir='ltr'>καθά]</span> <span class='ocrx_word' id='word_1_236' title='bbox 800 3050 923 3087; x_wconf 85' lang='grc' dir='ltr'>τινα</span> <span class='ocrx_word' id='word_1_237' title='bbox 957 3033 1173 3105; x_wconf 87' lang='grc' dir='ltr'>σίδηρον</span> <span class='ocrx_word' id='word_1_238' title='bbox 1203 3033 1386 3096; x_wconf 81' lang='grc' dir='ltr'>αὐτοῖς</span> <span class='ocrx_word' id='word_1_239' title='bbox 1419 3035 1496 3096; x_wconf 90' lang='grc' dir='ltr'><strong>είς</strong></span> <span class='ocrx_word' id='word_1_240' title='bbox 1542 3034 1820 3104; x_wconf 82' lang='grc' dir='ltr'>ἀναίρεσιν</span> <span class='ocrx_word' id='word_1_241' title='bbox 1894 3035 1986 3087; x_wconf 76' lang='grc' dir='ltr'><strong>καὶ</strong></span> 
     </span>
    </p>
   </div>
   <div class='ocr_carea' id='block_1_32' title="bbox 2096 554 3664 635">
    <p class='ocr_par' dir='ltr' id='par_1_32' title="bbox 2096 554 3664 635">
     <span class='ocr_line' id='line_1_32' title="bbox 2096 554 3664 635; baseline -0.007 -18"><span class='ocrx_word' id='word_1_242' title='bbox 2096 578 2198 619; x_wconf 90' lang='lat' dir='ltr'><strong>nec</strong></span> <span class='ocrx_word' id='word_1_243' title='bbox 2246 565 2430 635; x_wconf 88' lang='lat' dir='ltr'><strong>inepte</strong></span> <span class='ocrx_word' id='word_1_244' title='bbox 2474 564 2683 628; x_wconf 82' lang='lat' dir='ltr'><strong>forsan,</strong></span> <span class='ocrx_word' id='word_1_245' title='bbox 2726 569 2913 631; x_wconf 92' lang='lat' dir='ltr'><strong>utpote</strong></span> <span class='ocrx_word' id='word_1_246' title='bbox 2942 573 3065 628; x_wconf 77' lang='lat' dir='ltr'><strong>qua:</strong></span> <span class='ocrx_word' id='word_1_247' title='bbox 3113 555 3366 612; x_wconf 68' lang='lat' dir='ltr'><strong>sazculari</strong></span> <span class='ocrx_word' id='word_1_248' title='bbox 3399 554 3664 623; x_wconf 70' lang='lat' dir='ltr'><strong>sapientia</strong></span> 
     </span>
    </p>
   </div>
   <div class='ocr_carea' id='block_1_33' title="bbox 2093 644 3662 722">
    <p class='ocr_par' dir='ltr' id='par_1_33' title="bbox 2093 644 3662 722">
     <span class='ocr_line' id='line_1_33' title="bbox 2093 644 3662 722; baseline -0.008 -15"><span class='ocrx_word' id='word_1_249' title='bbox 2093 663 2148 707; x_wconf 89' lang='lat' dir='ltr'><strong>et</strong></span> <span class='ocrx_word' id='word_1_250' title='bbox 2213 653 2455 709; x_wconf 76' lang='lat' dir='ltr'><strong>versutis</strong></span> <span class='ocrx_word' id='word_1_251' title='bbox 2515 658 2967 722; x_wconf 88' lang='lat' dir='ltr'><strong>argumentorum</strong></span> <span class='ocrx_word' id='word_1_252' title='bbox 3031 646 3184 700; x_wconf 93' lang='lat' dir='ltr'><strong>tricis</strong></span> <span class='ocrx_word' id='word_1_253' title='bbox 3248 651 3377 701; x_wconf 89' lang='lat' dir='ltr'><strong>sunt</strong></span> <span class='ocrx_word' id='word_1_254' title='bbox 3432 644 3662 697; x_wconf 88' lang='lat' dir='ltr'><strong>munita.</strong></span> 
     </span>
    </p>
   </div>
   <div class='ocr_carea' id='block_1_34' title="bbox 2097 738 3667 810">
    <p class='ocr_par' dir='ltr' id='par_1_34' title="bbox 2097 738 3667 810">
     <span class='ocr_line' id='line_1_34' title="bbox 2097 738 3667 810; baseline -0.005 -11"><span class='ocrx_word' id='word_1_255' title='bbox 2097 745 2256 802; x_wconf 81' lang='lat' dir='ltr'><strong>Venit</strong></span> <span class='ocrx_word' id='word_1_256' title='bbox 2285 757 2469 801; x_wconf 85' lang='lat' dir='ltr'><strong>autem</strong></span> <span class='ocrx_word' id='word_1_257' title='bbox 2521 761 2617 801; x_wconf 91' lang='lat' dir='ltr'><strong>eas</strong></span> <span class='ocrx_word' id='word_1_258' title='bbox 2656 758 2957 800; x_wconf 82' lang='lat' dir='ltr'><strong>eversurus</strong></span> <span class='ocrx_word' id='word_1_259' title='bbox 3000 752 3055 797; x_wconf 92' lang='lat' dir='ltr'><strong>et</strong></span> <span class='ocrx_word' id='word_1_260' title='bbox 3108 739 3517 810; x_wconf 88' lang='lat' dir='ltr'><strong>quodammodo</strong></span> <span class='ocrx_word' id='word_1_261' title='bbox 3566 738 3667 792; x_wconf 87' lang='lat' dir='ltr'><strong>ob-</strong></span> 
     </span>
    </p>
   </div>
   <div class='ocr_carea' id='block_1_35' title="bbox 2094 829 3663 906">
    <p class='ocr_par' dir='ltr' id='par_1_35' title="bbox 2094 829 3663 906">
     <span class='ocr_line' id='line_1_35' title="bbox 2094 829 3663 906; baseline -0.007 -14"><span class='ocrx_word' id='word_1_262' title='bbox 2094 852 2355 892; x_wconf 88' lang='lat' dir='ltr'><strong>sessurus</strong></span> <span class='ocrx_word' id='word_1_263' title='bbox 2399 844 2685 906; x_wconf 85' lang='lat' dir='ltr'><strong>assumpto</strong></span> <span class='ocrx_word' id='word_1_264' title='bbox 2716 835 2838 890; x_wconf 88' lang='lat' dir='ltr'><strong>ﬁdei</strong></span> <span class='ocrx_word' id='word_1_265' title='bbox 2870 841 3053 896; x_wconf 89' lang='lat' dir='ltr'><strong>scuto,</strong></span> <span class='ocrx_word' id='word_1_266' title='bbox 3082 832 3379 903; x_wconf 80' lang='lat' dir='ltr'><strong>gladioque</strong></span> <span class='ocrx_word' id='word_1_267' title='bbox 3409 829 3663 898; x_wconf 86' lang='lat' dir='ltr'><strong>spiritus,</strong></span> 
     </span>
    </p>
   </div>
   <div class='ocr_carea' id='block_1_36' title="bbox 2093 919 3662 999">
    <p class='ocr_par' dir='ltr' id='par_1_36' title="bbox 2093 919 3662 999">
     <span class='ocr_line' id='line_1_36' title="bbox 2093 919 3662 999; baseline -0.006 -18"><span class='ocrx_word' id='word_1_268' title='bbox 2093 930 2241 999; x_wconf 88' lang='lat' dir='ltr'><strong>quod</strong></span> <span class='ocrx_word' id='word_1_269' title='bbox 2290 937 2375 984; x_wconf 82' lang='lat' dir='ltr'><strong>est</strong></span> <span class='ocrx_word' id='word_1_270' title='bbox 2423 930 2653 983; x_wconf 79' lang='lat' dir='ltr'><strong>verbum</strong></span> <span class='ocrx_word' id='word_1_271' title='bbox 2701 926 2821 991; x_wconf 92' lang='lat' dir='ltr'><strong>Dei,</strong></span> <span class='ocrx_word' id='word_1_272' title='bbox 2855 924 3169 996; x_wconf 88' lang='lat' dir='ltr'><strong>quicunque</strong></span> <span class='ocrx_word' id='word_1_273' title='bbox 3201 922 3376 977; x_wconf 87' lang='lat' dir='ltr'><strong>sacris</strong></span> <span class='ocrx_word' id='word_1_274' title='bbox 3406 919 3662 975; x_wconf 49' lang='lat' dir='ltr'><strong>Ecclesia!</strong></span> 
     </span>
    </p>
   </div>
   <div class='ocr_carea' id='block_1_37' title="bbox 2092 1013 3663 1092">
    <p class='ocr_par' dir='ltr' id='par_1_37' title="bbox 2092 1013 3663 1092">
     <span class='ocr_line' id='line_1_37' title="bbox 2092 1013 3663 1092; baseline -0.004 -19"><span class='ocrx_word' id='word_1_275' title='bbox 2092 1020 2365 1092; x_wconf 83' lang='lat' dir='ltr'><strong>dogmatis</strong></span> <span class='ocrx_word' id='word_1_276' title='bbox 2424 1021 2683 1085; x_wconf 79' lang='lat' dir='ltr'><strong>innixus,</strong></span> <span class='ocrx_word' id='word_1_277' title='bbox 2723 1019 2872 1073; x_wconf 90' lang='lat' dir='ltr'><strong>omni</strong></span> <span class='ocrx_word' id='word_1_278' title='bbox 2932 1032 3036 1086; x_wconf 93' lang='lat' dir='ltr'><strong>ope</strong></span> <span class='ocrx_word' id='word_1_279' title='bbox 3089 1014 3392 1071; x_wconf 81' lang='lat' dir='ltr'><strong>mendaciis</strong></span> <span class='ocrx_word' id='word_1_280' title='bbox 3444 1013 3663 1067; x_wconf 91' lang='lat' dir='ltr'><strong>illorum</strong></span> 
     </span>
    </p>
   </div>
   <div class='ocr_carea' id='block_1_38' title="bbox 2094 1102 3663 1177">
    <p class='ocr_par' dir='ltr' id='par_1_38' title="bbox 2094 1102 3663 1177">
     <span class='ocr_line' id='line_1_38' title="bbox 2094 1102 3663 1177; baseline -0.006 -10"><span class='ocrx_word' id='word_1_281' title='bbox 2094 1114 2324 1177; x_wconf 75' lang='lat' dir='ltr'><strong>resistit,</strong></span> <span class='ocrx_word' id='word_1_282' title='bbox 2405 1133 2423 1165; x_wconf 75' lang='grc' dir='ltr'><strong>ι</strong></span> <span class='ocrx_word' id='word_1_283' title='bbox 2464 1112 2525 1166; x_wconf 82' lang='lat' dir='ltr'><strong>Et</strong></span> <span class='ocrx_word' id='word_1_284' title='bbox 2557 1112 2791 1167; x_wconf 82' lang='lat' dir='ltr'><strong>consilia</strong></span> <span class='ocrx_word' id='word_1_285' title='bbox 2823 1109 3107 1165; x_wconf 84' lang='lat' dir='ltr'><strong>destruere</strong></span> <span class='ocrx_word' id='word_1_286' title='bbox 3134 1109 3353 1176; x_wconf 89' lang='lat' dir='ltr'><strong>satagit,</strong></span> <span class='ocrx_word' id='word_1_287' title='bbox 3376 1126 3394 1157; x_wconf 74' lang='grc' dir='ltr'><strong>ι</strong></span> <span class='ocrx_word' id='word_1_288' title='bbox 3430 1111 3489 1160; x_wconf 89' lang='lat' dir='ltr'><strong>ut</strong></span> <span class='ocrx_word' id='word_1_289' title='bbox 3519 1102 3663 1158; x_wconf 90' lang='lat' dir='ltr'><strong>Pau-</strong></span> 
     </span>
    </p>
   </div>
   <div class='ocr_carea' id='block_1_39' title="bbox 2095 1197 3664 1275">
    <p class='ocr_par' dir='ltr' id='par_1_39' title="bbox 2095 1197 3664 1275">
     <span class='ocr_line' id='line_1_39' title="bbox 2095 1197 3664 1275; baseline -0.004 -18"><span class='ocrx_word' id='word_1_290' title='bbox 2095 1205 2181 1260; x_wconf 86' lang='lat' dir='ltr'><strong>lus</strong></span> <span class='ocrx_word' id='word_1_291' title='bbox 2246 1206 2507 1275; x_wconf 86' lang='lat' dir='ltr'><strong>loquitur,</strong></span> <span class='ocrx_word' id='word_1_292' title='bbox 2570 1224 2587 1256; x_wconf 76' lang='grc' dir='ltr'>σ</span> <span class='ocrx_word' id='word_1_293' title='bbox 2627 1213 2681 1260; x_wconf 85' lang='lat' dir='ltr'><strong>et</strong></span> <span class='ocrx_word' id='word_1_294' title='bbox 2734 1217 2951 1257; x_wconf 90' lang='lat' dir='ltr'><strong>omnem</strong></span> <span class='ocrx_word' id='word_1_295' title='bbox 3011 1199 3360 1254; x_wconf 88' lang='lat' dir='ltr'><strong>altitudinem</strong></span> <span class='ocrx_word' id='word_1_296' title='bbox 3399 1197 3664 1253; x_wconf 80' lang='lat' dir='ltr'><strong>extollen-</strong></span> 
     </span>
    </p>
   </div>
   <div class='ocr_carea' id='block_1_40' title="bbox 2094 1288 3664 1359">
    <p class='ocr_par' dir='ltr' id='par_1_40' title="bbox 2094 1288 3664 1359">
     <span class='ocr_line' id='line_1_40' title="bbox 2094 1288 3664 1359; baseline -0.006 -9"><span class='ocrx_word' id='word_1_297' title='bbox 2094 1304 2203 1352; x_wconf 92' lang='lat' dir='ltr'><strong>tem</strong></span> <span class='ocrx_word' id='word_1_298' title='bbox 2245 1312 2305 1353; x_wconf 91' lang='lat' dir='ltr'><strong>se</strong></span> <span class='ocrx_word' id='word_1_299' title='bbox 2353 1298 2618 1352; x_wconf 80' lang='lat' dir='ltr'><strong>adversus</strong></span> <span class='ocrx_word' id='word_1_300' title='bbox 2678 1293 2960 1351; x_wconf 84' lang='lat' dir='ltr'><strong>scientiam</strong></span> <span class='ocrx_word' id='word_1_301' title='bbox 3006 1291 3124 1355; x_wconf 89' lang='lat' dir='ltr'><strong>Dei,</strong></span> <span class='ocrx_word' id='word_1_302' title='bbox 3190 1299 3245 1347; x_wconf 88' lang='lat' dir='ltr'><strong>et</strong></span> <span class='ocrx_word' id='word_1_303' title='bbox 3302 1290 3359 1344; x_wconf 92' lang='lat' dir='ltr'><strong>in</strong></span> <span class='ocrx_word' id='word_1_304' title='bbox 3437 1288 3664 1359; x_wconf 85' lang='lat' dir='ltr'><strong>captivi—</strong></span> 
     </span>
    </p>
   </div>
   <div class='ocr_carea' id='block_1_41' title="bbox 2093 1381 3664 1460">
    <p class='ocr_par' dir='ltr' id='par_1_41' title="bbox 2093 1381 3664 1460">
     <span class='ocr_line' id='line_1_41' title="bbox 2093 1381 3664 1460; baseline -0.006 -17"><span class='ocrx_word' id='word_1_305' title='bbox 2093 1397 2262 1444; x_wconf 89' lang='lat' dir='ltr'><strong>tatem</strong></span> <span class='ocrx_word' id='word_1_306' title='bbox 2318 1390 2517 1460; x_wconf 82' lang='lat' dir='ltr'><strong>redigit</strong></span> <span class='ocrx_word' id='word_1_307' title='bbox 2568 1403 2784 1443; x_wconf 92' lang='lat' dir='ltr'><strong>omnem</strong></span> <span class='ocrx_word' id='word_1_308' title='bbox 2829 1385 3170 1442; x_wconf 90' lang='lat' dir='ltr'><strong>intellectum</strong></span> <span class='ocrx_word' id='word_1_309' title='bbox 3227 1384 3285 1437; x_wconf 90' lang='lat' dir='ltr'><strong>in</strong></span> <span class='ocrx_word' id='word_1_310' title='bbox 3337 1381 3664 1451; x_wconf 86' lang='lat' dir='ltr'><strong>obsequium</strong></span> 
     </span>
    </p>
   </div>
   <div class='ocr_carea' id='block_1_42' title="bbox 2093 1472 3666 1549">
    <p class='ocr_par' dir='ltr' id='par_1_42' title="bbox 2093 1472 3666 1549">
     <span class='ocr_line' id='line_1_42' title="bbox 2093 1472 3666 1549; baseline -0.004 -14"><span class='ocrx_word' id='word_1_311' title='bbox 2093 1480 2300 1536; x_wconf 87' lang='lat' dir='ltr'><strong>Christi</strong></span> <span class='ocrx_word' id='word_1_312' title='bbox 2328 1482 2392 1534; x_wconf 81' lang='grc'>¹¹.</span> <span class='ocrx_word' id='word_1_313' title='bbox 2433 1500 2451 1532; x_wconf 75' lang='grc' dir='ltr'><strong>ι</strong></span> <span class='ocrx_word' id='word_1_314' title='bbox 2484 1479 2619 1535; x_wconf 90' lang='lat' dir='ltr'><strong>Cum</strong></span> <span class='ocrx_word' id='word_1_315' title='bbox 2676 1480 2842 1549; x_wconf 88' lang='lat' dir='ltr'><strong>igitur</strong></span> <span class='ocrx_word' id='word_1_316' title='bbox 2887 1475 3200 1533; x_wconf 89' lang='lat' dir='ltr'><strong>istiusmodi</strong></span> <span class='ocrx_word' id='word_1_317' title='bbox 3232 1474 3435 1531; x_wconf 80' lang='lat' dir='ltr'><strong>Citriin</strong></span> <span class='ocrx_word' id='word_1_318' title='bbox 3484 1472 3666 1535; x_wconf 88' lang='lat' dir='ltr'><strong>miles,</strong></span> 
     </span>
    </p>
   </div>
   <div class='ocr_carea' id='block_1_43' title="bbox 2096 1565 3667 1644">
    <p class='ocr_par' dir='ltr' id='par_1_43' title="bbox 2096 1565 3667 1644">
     <span class='ocr_line' id='line_1_43' title="bbox 2096 1565 3667 1644; baseline -0.005 -17"><span class='ocrx_word' id='word_1_319' title='bbox 2096 1574 2294 1644; x_wconf 88' lang='lat' dir='ltr'><strong>inquit,</strong></span> <span class='ocrx_word' id='word_1_320' title='bbox 2326 1590 2425 1629; x_wconf 93' lang='lat' dir='ltr'><strong>ceu</strong></span> <span class='ocrx_word' id='word_1_321' title='bbox 2455 1576 2725 1644; x_wconf 87' lang='lat' dir='ltr'><strong>quasdam</strong></span> <span class='ocrx_word' id='word_1_322' title='bbox 2773 1572 3215 1640; x_wconf 86' lang='lat' dir='ltr'><strong>alienigenarum</strong></span> <span class='ocrx_word' id='word_1_323' title='bbox 3260 1568 3430 1622; x_wconf 88' lang='lat' dir='ltr'><strong>urbes</strong></span> <span class='ocrx_word' id='word_1_324' title='bbox 3467 1565 3667 1621; x_wconf 81' lang='lat' dir='ltr'><strong>acerba</strong></span> 
     </span>
    </p>
   </div>
   <div class='ocr_carea' id='block_1_44' title="bbox 2095 1657 3666 1733">
    <p class='ocr_par' dir='ltr' id='par_1_44' title="bbox 2095 1657 3666 1733">
     <span class='ocr_line' id='line_1_44' title="bbox 2095 1657 3666 1733; baseline -0.005 -15"><span class='ocrx_word' id='word_1_325' title='bbox 2095 1664 2478 1719; x_wconf 61' lang='lat' dir='ltr'><strong>hereticorum</strong></span> <span class='ocrx_word' id='word_1_326' title='bbox 2517 1664 2722 1733; x_wconf 89' lang='lat' dir='ltr'><strong>scripta</strong></span> <span class='ocrx_word' id='word_1_327' title='bbox 2750 1670 2933 1718; x_wconf 85' lang='lat' dir='ltr'><strong>mente</strong></span> <span class='ocrx_word' id='word_1_328' title='bbox 2954 1661 3274 1731; x_wconf 79' lang='lat' dir='ltr'><strong>complexus</strong></span> <span class='ocrx_word' id='word_1_329' title='bbox 3305 1659 3497 1723; x_wconf 74' lang='lat' dir='ltr'><strong>fuerit,</strong></span> <span class='ocrx_word' id='word_1_330' title='bbox 3525 1664 3580 1712; x_wconf 94' lang='lat' dir='ltr'><strong>et</strong></span> <span class='ocrx_word' id='word_1_331' title='bbox 3609 1657 3666 1710; x_wconf 92' lang='lat' dir='ltr'><strong>in</strong></span> 
     </span>
    </p>
   </div>
   <div class='ocr_carea' id='block_1_45' title="bbox 2095 1749 3668 1818">
    <p class='ocr_par' dir='ltr' id='par_1_45' title="bbox 2095 1749 3668 1818">
     <span class='ocr_line' id='line_1_45' title="bbox 2095 1749 3668 1818; baseline -0.006 -10"><span class='ocrx_word' id='word_1_332' title='bbox 2095 1756 2323 1812; x_wconf 84' lang='lat' dir='ltr'><strong>arbores</strong></span> <span class='ocrx_word' id='word_1_333' title='bbox 2368 1755 2665 1818; x_wconf 90' lang='lat' dir='ltr'><strong>inciderit,</strong></span> <span class='ocrx_word' id='word_1_334' title='bbox 2704 1754 2808 1807; x_wconf 91' lang='lat' dir='ltr'><strong>hoc</strong></span> <span class='ocrx_word' id='word_1_335' title='bbox 2863 1760 2970 1814; x_wconf 87' lang='lat' dir='ltr'><strong>est,</strong></span> <span class='ocrx_word' id='word_1_336' title='bbox 3008 1752 3054 1807; x_wconf 89' lang='lat' dir='ltr'><strong>si</strong></span> <span class='ocrx_word' id='word_1_337' title='bbox 3109 1751 3309 1806; x_wconf 68' lang='lat' dir='ltr'><strong>divinae</strong></span> <span class='ocrx_word' id='word_1_338' title='bbox 3368 1749 3668 1818; x_wconf 75' lang='lat' dir='ltr'><strong>Scriptura:</strong></span> 
     </span>
    </p>
   </div>
   <div class='ocr_carea' id='block_1_46' title="bbox 2025 1822 3669 1915">
    <p class='ocr_par' dir='ltr' id='par_1_46' title="bbox 2025 1822 3669 1915">
     <span class='ocr_line' id='line_1_46' title="bbox 2025 1822 3669 1915; baseline -0.008 -11"><span class='ocrx_word' id='word_1_339' title='bbox 2025 1822 2067 1878; x_wconf 75' lang='grc' dir='ltr'><strong><em>Β</em></strong></span> <span class='ocrx_word' id='word_1_340' title='bbox 2095 1862 2383 1903; x_wconf 87' lang='lat' dir='ltr'><strong>sermones</strong></span> <span class='ocrx_word' id='word_1_341' title='bbox 2425 1853 2520 1900; x_wconf 91' lang='lat' dir='ltr'><strong>aut</strong></span> <span class='ocrx_word' id='word_1_342' title='bbox 2571 1845 2965 1915; x_wconf 90' lang='lat' dir='ltr'><strong>prophetarum</strong></span> <span class='ocrx_word' id='word_1_343' title='bbox 2995 1842 3163 1898; x_wconf 86' lang='lat' dir='ltr'><strong>verba</strong></span> <span class='ocrx_word' id='word_1_344' title='bbox 3204 1841 3463 1896; x_wconf 90' lang='lat' dir='ltr'><strong>nimirum</strong></span> <span class='ocrx_word' id='word_1_345' title='bbox 3502 1849 3557 1894; x_wconf 89' lang='lat' dir='ltr'><strong>et</strong></span> <span class='ocrx_word' id='word_1_346' title='bbox 3601 1854 3669 1892; x_wconf 77' lang='lat' dir='ltr'><strong>ex</strong></span> 
     </span>
    </p>
   </div>
   <div class='ocr_carea' id='block_1_47' title="bbox 2093 1931 3666 2002">
    <p class='ocr_par' dir='ltr' id='par_1_47' title="bbox 2093 1931 3666 2002">
     <span class='ocr_line' id='line_1_47' title="bbox 2093 1931 3666 2002; baseline -0.005 -10"><span class='ocrx_word' id='word_1_347' title='bbox 2093 1939 2245 1994; x_wconf 83' lang='lat' dir='ltr'><strong>Novo</strong></span> <span class='ocrx_word' id='word_1_348' title='bbox 2288 1937 2643 1993; x_wconf 85' lang='lat' dir='ltr'><strong>Testamento</strong></span> <span class='ocrx_word' id='word_1_349' title='bbox 2693 1936 2813 1990; x_wconf 90' lang='lat' dir='ltr'><strong>loca</strong></span> <span class='ocrx_word' id='word_1_350' title='bbox 2841 1934 2907 1989; x_wconf 89' lang='lat' dir='ltr'><strong>ad</strong></span> <span class='ocrx_word' id='word_1_351' title='bbox 2935 1949 3129 1988; x_wconf 88' lang='lat' dir='ltr'><strong>eorum</strong></span> <span class='ocrx_word' id='word_1_352' title='bbox 3180 1948 3408 2002; x_wconf 85' lang='lat' dir='ltr'><strong>secpum</strong></span> <span class='ocrx_word' id='word_1_353' title='bbox 3455 1931 3666 1985; x_wconf 87' lang='lat' dir='ltr'><strong>detorta</strong></span> 
     </span>
    </p>
   </div>
   <div class='ocr_carea' id='block_1_48' title="bbox 2092 2022 3669 2100">
    <p class='ocr_par' dir='ltr' id='par_1_48' title="bbox 2092 2022 3669 2100">
     <span class='ocr_line' id='line_1_48' title="bbox 2092 2022 3669 2100; baseline -0.006 -15"><span class='ocrx_word' id='word_1_354' title='bbox 2092 2030 2418 2100; x_wconf 89' lang='lat' dir='ltr'><strong>comperiat,</strong></span> <span class='ocrx_word' id='word_1_355' title='bbox 2466 2045 2534 2084; x_wconf 90' lang='lat' dir='ltr'><strong>ue</strong></span> <span class='ocrx_word' id='word_1_356' title='bbox 2574 2027 2775 2082; x_wconf 84' lang='lat' dir='ltr'><strong>tuentis</strong></span> <span class='ocrx_word' id='word_1_357' title='bbox 2806 2028 2982 2081; x_wconf 89' lang='lat' dir='ltr'><strong>aciem</strong></span> <span class='ocrx_word' id='word_1_358' title='bbox 3012 2025 3279 2079; x_wconf 90' lang='lat' dir='ltr'><strong>continuo</strong></span> <span class='ocrx_word' id='word_1_359' title='bbox 3322 2039 3421 2079; x_wconf 90' lang='lat' dir='ltr'><strong>ceu</strong></span> <span class='ocrx_word' id='word_1_360' title='bbox 3458 2022 3669 2078; x_wconf 78' lang='lat' dir='ltr'><strong>ferrum</strong></span> 
     </span>
    </p>
   </div>
   <div class='ocr_carea' id='block_1_49' title="bbox 2093 2108 3713 2185">
    <p class='ocr_par' dir='ltr' id='par_1_49' title="bbox 2093 2108 3713 2185">
     <span class='ocr_line' id='line_1_49' title="bbox 2093 2108 3713 2185; baseline -0.006 -8"><span class='ocrx_word' id='word_1_361' title='bbox 2093 2122 2287 2177; x_wconf 90' lang='lat' dir='ltr'><strong>educat</strong></span> <span class='ocrx_word' id='word_1_362' title='bbox 2313 2121 2378 2174; x_wconf 91' lang='lat' dir='ltr'><strong>ad</strong></span> <span class='ocrx_word' id='word_1_363' title='bbox 2416 2136 2479 2174; x_wconf 90' lang='lat' dir='ltr'><strong>ea</strong></span> <span class='ocrx_word' id='word_1_364' title='bbox 2515 2119 2839 2174; x_wconf 78' lang='lat' dir='ltr'><strong>excidenda.</strong></span> <span class='ocrx_word' id='word_1_365' title='bbox 2868 2114 2987 2172; x_wconf 85' lang='lat' dir='ltr'><strong>Non</strong></span> <span class='ocrx_word' id='word_1_366' title='bbox 3025 2117 3175 2171; x_wconf 89' lang='lat' dir='ltr'><strong>enim</strong></span> <span class='ocrx_word' id='word_1_367' title='bbox 3224 2132 3292 2171; x_wconf 81' lang='lat' dir='ltr'><strong>ex</strong></span> <span class='ocrx_word' id='word_1_368' title='bbox 3330 2131 3396 2170; x_wconf 92' lang='lat' dir='ltr'><strong>eo</strong></span> <span class='ocrx_word' id='word_1_369' title='bbox 3423 2113 3571 2185; x_wconf 91' lang='lat' dir='ltr'><strong>quod</strong></span> <span class='ocrx_word' id='word_1_370' title='bbox 3600 2115 3668 2168; x_wconf 88' lang='lat' dir='ltr'><strong>ab</strong></span> <span class='ocrx_word' id='word_1_371' title='bbox 3710 2108 3713 2111; x_wconf 34' lang='grc' dir='ltr'><strong>λ</strong></span> 
     </span>
    </p>
   </div>
   <div class='ocr_carea' id='block_1_50' title="bbox 2093 2205 3669 2285">
    <p class='ocr_par' dir='ltr' id='par_1_50' title="bbox 2093 2205 3669 2285">
     <span class='ocr_line' id='line_1_50' title="bbox 2093 2205 3669 2285; baseline -0.004 -17"><span class='ocrx_word' id='word_1_372' title='bbox 2093 2214 2302 2285; x_wconf 84' lang='lat' dir='ltr'><strong>ignaris</strong></span> <span class='ocrx_word' id='word_1_373' title='bbox 2329 2214 2441 2273; x_wconf 86' lang='lat' dir='ltr'><strong>illis</strong></span> <span class='ocrx_word' id='word_1_374' title='bbox 2464 2212 2863 2281; x_wconf 86' lang='lat' dir='ltr'><strong>interpretibus</strong></span> <span class='ocrx_word' id='word_1_375' title='bbox 2880 2210 3042 2264; x_wconf 88' lang='lat' dir='ltr'><strong>allata</strong></span> <span class='ocrx_word' id='word_1_376' title='bbox 3062 2210 3196 2273; x_wconf 90' lang='lat' dir='ltr'><strong>sint,</strong></span> <span class='ocrx_word' id='word_1_377' title='bbox 3219 2208 3432 2261; x_wconf 87' lang='lat' dir='ltr'><strong>idcirco</strong></span> <span class='ocrx_word' id='word_1_378' title='bbox 3453 2205 3669 2275; x_wconf 82' lang='lat' dir='ltr'><strong>rejicie-</strong></span> 
     </span>
    </p>
   </div>
   <div class='ocr_carea' id='block_1_51' title="bbox 2094 2296 3667 2376">
    <p class='ocr_par' dir='ltr' id='par_1_51' title="bbox 2094 2296 3667 2376">
     <span class='ocr_line' id='line_1_51' title="bbox 2094 2296 3667 2376; baseline -0.006 -18"><span class='ocrx_word' id='word_1_379' title='bbox 2094 2314 2183 2358; x_wconf 91' lang='lat' dir='ltr'><strong>tur</strong></span> <span class='ocrx_word' id='word_1_380' title='bbox 2209 2303 2260 2359; x_wconf 89' lang='lat' dir='ltr'><strong>id</strong></span> <span class='ocrx_word' id='word_1_381' title='bbox 2286 2305 2432 2374; x_wconf 87' lang='lat' dir='ltr'><strong>quod</strong></span> <span class='ocrx_word' id='word_1_382' title='bbox 2450 2303 2587 2376; x_wconf 62' lang='grc'><strong>431)</strong></span> <span class='ocrx_word' id='word_1_383' title='bbox 2606 2318 2701 2357; x_wconf 90' lang='lat' dir='ltr'><strong>ore</strong></span> <span class='ocrx_word' id='word_1_384' title='bbox 2724 2301 2817 2357; x_wconf 89' lang='lat' dir='ltr'><strong>Dei</strong></span> <span class='ocrx_word' id='word_1_385' title='bbox 2845 2319 2858 2355; x_wconf 92' lang='lat'>:</span> <span class='ocrx_word' id='word_1_386' title='bbox 2885 2302 2978 2355; x_wconf 90' lang='lat' dir='ltr'><strong>sed</strong></span> <span class='ocrx_word' id='word_1_387' title='bbox 3008 2316 3073 2355; x_wconf 91' lang='lat' dir='ltr'><strong>cu</strong></span> <span class='ocrx_word' id='word_1_388' title='bbox 3085 2317 3133 2353; x_wconf 84' lang='grc' dir='ltr'><strong>ιιι</strong></span> <span class='ocrx_word' id='word_1_389' title='bbox 3186 2300 3257 2353; x_wconf 87' lang='lat' dir='ltr'><strong>sit</strong></span> <span class='ocrx_word' id='word_1_390' title='bbox 3295 2296 3667 2362; x_wconf 75' lang='lat' dir='ltr'><strong>fructiferum,</strong></span> 
     </span>
    </p>
   </div>
   <div class='ocr_carea' id='block_1_52' title="bbox 2091 2388 3665 2466">
    <p class='ocr_par' dir='ltr' id='par_1_52' title="bbox 2091 2388 3665 2466">
     <span class='ocr_line' id='line_1_52' title="bbox 2091 2388 3665 2466; baseline -0.006 -15"><span class='ocrx_word' id='word_1_391' title='bbox 2091 2398 2194 2451; x_wconf 88' lang='lat' dir='ltr'><strong>erit</strong></span> <span class='ocrx_word' id='word_1_392' title='bbox 2229 2397 2327 2451; x_wconf 90' lang='lat' dir='ltr'><strong>tibi</strong></span> <span class='ocrx_word' id='word_1_393' title='bbox 2353 2397 2534 2466; x_wconf 85' lang='lat' dir='ltr'><strong>potius</strong></span> <span class='ocrx_word' id='word_1_394' title='bbox 2581 2397 2635 2449; x_wconf 92' lang='lat' dir='ltr'><strong>iu</strong></span> <span class='ocrx_word' id='word_1_395' title='bbox 2669 2394 2943 2449; x_wconf 77' lang='lat' dir='ltr'><strong>auxilium</strong></span> <span class='ocrx_word' id='word_1_396' title='bbox 2990 2401 3046 2447; x_wconf 90' lang='lat' dir='ltr'><strong>et</strong></span> <span class='ocrx_word' id='word_1_397' title='bbox 3083 2390 3295 2445; x_wconf 86' lang='lat' dir='ltr'><strong>cibum.</strong></span> <span class='ocrx_word' id='word_1_398' title='bbox 3324 2388 3482 2455; x_wconf 85' lang='lat' dir='ltr'><strong>Quod</strong></span> <span class='ocrx_word' id='word_1_399' title='bbox 3518 2388 3665 2444; x_wconf 87' lang='lat' dir='ltr'><strong>enim</strong></span> 
     </span>
    </p>
   </div>
   <div class='ocr_carea' id='block_1_53' title="bbox 2091 2479 3664 2556">
    <p class='ocr_par' dir='ltr' id='par_1_53' title="bbox 2091 2479 3664 2556">
     <span class='ocr_line' id='line_1_53' title="bbox 2091 2479 3664 2556; baseline -0.004 -16"><span class='ocrx_word' id='word_1_400' title='bbox 2091 2490 2161 2543; x_wconf 90' lang='lat' dir='ltr'><strong>ab</strong></span> <span class='ocrx_word' id='word_1_401' title='bbox 2216 2489 2324 2544; x_wconf 81' lang='lat' dir='ltr'><strong>illis</strong></span> <span class='ocrx_word' id='word_1_402' title='bbox 2374 2487 2648 2543; x_wconf 90' lang='lat' dir='ltr'><strong>interdum</strong></span> <span class='ocrx_word' id='word_1_403' title='bbox 2702 2487 2885 2556; x_wconf 89' lang='lat' dir='ltr'><strong>inepte</strong></span> <span class='ocrx_word' id='word_1_404' title='bbox 2940 2492 3288 2555; x_wconf 83' lang='lat' dir='ltr'><strong>assumptum</strong></span> <span class='ocrx_word' id='word_1_405' title='bbox 3340 2490 3445 2543; x_wconf 89' lang='lat' dir='ltr'><strong>est,</strong></span> <span class='ocrx_word' id='word_1_406' title='bbox 3490 2479 3536 2534; x_wconf 94' lang='lat' dir='ltr'><strong>si</strong></span> <span class='ocrx_word' id='word_1_407' title='bbox 3598 2480 3664 2533; x_wconf 86' lang='lat' dir='ltr'><strong>ad</strong></span> 
     </span>
    </p>
   </div>
   <div class='ocr_carea' id='block_1_54' title="bbox 2091 2570 3665 2640">
    <p class='ocr_par' dir='ltr' id='par_1_54' title="bbox 2091 2570 3665 2640">
     <span class='ocr_line' id='line_1_54' title="bbox 2091 2570 3665 2640; baseline -0.009 -3"><span class='ocrx_word' id='word_1_408' title='bbox 2091 2592 2297 2637; x_wconf 81' lang='lat' dir='ltr'><strong>rectam</strong></span> <span class='ocrx_word' id='word_1_409' title='bbox 2348 2581 2471 2635; x_wconf 93' lang='lat' dir='ltr'><strong>ﬁdei</strong></span> <span class='ocrx_word' id='word_1_410' title='bbox 2528 2581 2797 2634; x_wconf 88' lang='lat' dir='ltr'><strong>rationem</strong></span> <span class='ocrx_word' id='word_1_411' title='bbox 2849 2586 3269 2640; x_wconf 75' lang='lat' dir='ltr'><strong>conrertamus,</strong></span> <span class='ocrx_word' id='word_1_412' title='bbox 3329 2589 3439 2629; x_wconf 89' lang='lat' dir='ltr'><strong>non</strong></span> <span class='ocrx_word' id='word_1_413' title='bbox 3487 2570 3665 2627; x_wconf 90' lang='lat' dir='ltr'><strong>solum</strong></span> 
     </span>
    </p>
   </div>
   <div class='ocr_carea' id='block_1_55' title="bbox 2090 2662 3665 2744">
    <p class='ocr_par' dir='ltr' id='par_1_55' title="bbox 2090 2662 3665 2744">
     <span class='ocr_line' id='line_1_55' title="bbox 2090 2662 3665 2744; baseline -0.008 -12"><span class='ocrx_word' id='word_1_414' title='bbox 2090 2692 2198 2732; x_wconf 88' lang='lat' dir='ltr'><strong>non</strong></span> <span class='ocrx_word' id='word_1_415' title='bbox 2238 2675 2443 2731; x_wconf 87' lang='lat' dir='ltr'><strong>inﬁrmi</strong></span> <span class='ocrx_word' id='word_1_416' title='bbox 2478 2672 2979 2744; x_wconf 90' lang='lat' dir='ltr'><strong>deprchendemur,</strong></span> <span class='ocrx_word' id='word_1_417' title='bbox 3019 2670 3119 2725; x_wconf 89' lang='lat' dir='ltr'><strong>sed</strong></span> <span class='ocrx_word' id='word_1_418' title='bbox 3167 2670 3223 2723; x_wconf 88' lang='lat' dir='ltr'><strong>in</strong></span> <span class='ocrx_word' id='word_1_419' title='bbox 3269 2662 3665 2721; x_wconf 78' lang='lat' dir='ltr'><strong>convincendis</strong></span> 
     </span>
    </p>
   </div>
   <div class='ocr_carea' id='block_1_56' title="bbox 2090 2758 3664 2835">
    <p class='ocr_par' dir='ltr' id='par_1_56' title="bbox 2090 2758 3664 2835">
     <span class='ocr_line' id='line_1_56' title="bbox 2090 2758 3664 2835; baseline -0.009 -13"><span class='ocrx_word' id='word_1_420' title='bbox 2090 2767 2367 2823; x_wconf 65' lang='lat' dir='ltr'><strong>haereticis</strong></span> <span class='ocrx_word' id='word_1_421' title='bbox 2410 2768 2595 2835; x_wconf 82' lang='lat' dir='ltr'><strong>potius</strong></span> <span class='ocrx_word' id='word_1_422' title='bbox 2637 2762 3147 2819; x_wconf 84' lang='lat' dir='ltr'><strong>corroborabimur.</strong></span> <span class='ocrx_word' id='word_1_423' title='bbox 3197 2758 3431 2828; x_wconf 86' lang='lat' dir='ltr'><strong>Subjicit</strong></span> <span class='ocrx_word' id='word_1_424' title='bbox 3482 2763 3664 2812; x_wconf 85' lang='lat' dir='ltr'><strong>autem</strong></span> 
     </span>
    </p>
   </div>
   <div class='ocr_carea' id='block_1_57' title="bbox 2089 2849 3661 2926">
    <p class='ocr_par' dir='ltr' id='par_1_57' title="bbox 2089 2849 3661 2926">
     <span class='ocr_line' id='line_1_57' title="bbox 2089 2849 3661 2926; baseline -0.006 -14"><span class='ocrx_word' id='word_1_425' title='bbox 2089 2860 2360 2913; x_wconf 87' lang='lat' dir='ltr'><strong>rationem</strong></span> <span class='ocrx_word' id='word_1_426' title='bbox 2404 2872 2526 2926; x_wconf 76' lang='lat' dir='ltr'><strong>qua:</strong></span> <span class='ocrx_word' id='word_1_427' title='bbox 2574 2855 2924 2909; x_wconf 87' lang='lat' dir='ltr'><strong>auditoribus</strong></span> <span class='ocrx_word' id='word_1_428' title='bbox 2959 2852 3368 2923; x_wconf 88' lang='lat' dir='ltr'><strong>quodanunodo</strong></span> <span class='ocrx_word' id='word_1_429' title='bbox 3415 2849 3661 2911; x_wconf 88' lang='lat' dir='ltr'><strong>suadeat,</strong></span> 
     </span>
    </p>
   </div>
   <div class='ocr_carea' id='block_1_58' title="bbox 2087 2941 3662 3005">
    <p class='ocr_par' dir='ltr' id='par_1_58' title="bbox 2087 2941 3662 3005">
     <span class='ocr_line' id='line_1_58' title="bbox 2087 2941 3662 3005; baseline -0.008 0"><span class='ocrx_word' id='word_1_430' title='bbox 2087 2950 2431 3005; x_wconf 80' lang='lat' dir='ltr'><strong>defensionis</strong></span> <span class='ocrx_word' id='word_1_431' title='bbox 2455 2950 2563 3003; x_wconf 86' lang='lat' dir='ltr'><strong>vim</strong></span> <span class='ocrx_word' id='word_1_432' title='bbox 2608 2963 2718 3003; x_wconf 92' lang='lat' dir='ltr'><strong>non</strong></span> <span class='ocrx_word' id='word_1_433' title='bbox 2754 2946 2820 3001; x_wconf 93' lang='lat' dir='ltr'><strong>ad</strong></span> <span class='ocrx_word' id='word_1_434' title='bbox 2853 2943 3193 3001; x_wconf 84' lang='lat' dir='ltr'><strong>destruenda</strong></span> <span class='ocrx_word' id='word_1_435' title='bbox 3216 2942 3441 2998; x_wconf 88' lang='lat' dir='ltr'><strong>oracula</strong></span> <span class='ocrx_word' id='word_1_436' title='bbox 3480 2941 3662 2996; x_wconf 86' lang='lat' dir='ltr'><strong>divina</strong></span> 
     </span>
    </p>
   </div>
   <div class='ocr_carea' id='block_1_59' title="bbox 2087 3032 3662 3102">
    <p class='ocr_par' dir='ltr' id='par_1_59' title="bbox 2087 3032 3662 3102">
     <span class='ocr_line' id='line_1_59' title="bbox 2087 3032 3662 3102; baseline -0.008 -7"><span class='ocrx_word' id='word_1_437' title='bbox 2087 3039 2453 3095; x_wconf 82' lang='lat' dir='ltr'><strong>adhibendam</strong></span> <span class='ocrx_word' id='word_1_438' title='bbox 2514 3053 2662 3100; x_wconf 89' lang='lat' dir='ltr'><strong>esse,</strong></span> <span class='ocrx_word' id='word_1_439' title='bbox 2704 3037 2798 3091; x_wconf 87' lang='lat' dir='ltr'><strong>sed</strong></span> <span class='ocrx_word' id='word_1_440' title='bbox 2864 3036 2932 3089; x_wconf 89' lang='lat' dir='ltr'><strong>ad</strong></span> <span class='ocrx_word' id='word_1_441' title='bbox 2992 3049 3057 3089; x_wconf 86' lang='lat' dir='ltr'><strong>ea</strong></span> <span class='ocrx_word' id='word_1_442' title='bbox 3114 3048 3237 3102; x_wconf 73' lang='lat' dir='ltr'><strong>qum</strong></span> <span class='ocrx_word' id='word_1_443' title='bbox 3288 3032 3470 3086; x_wconf 88' lang='lat' dir='ltr'><strong>minus</strong></span> <span class='ocrx_word' id='word_1_444' title='bbox 3514 3037 3662 3085; x_wconf 87' lang='lat' dir='ltr'><strong>recte</strong></span> 
     </span>
    </p>
   </div>
   <div class='ocr_carea' id='block_1_60' title="bbox 410 3120 1981 3208">
    <p class='ocr_par' dir='ltr' id='par_1_60' title="bbox 410 3124 1981 3197">
     <span class='ocr_line' id='line_1_60' title="bbox 410 3124 1981 3197; baseline -0.001 -17"><span class='ocrx_word' id='word_1_445' title='bbox 410 3129 716 3197; x_wconf 82' lang='grc' dir='ltr'>ἀποκοπήν.</span> <span class='ocrx_word' id='word_1_446' title='bbox 749 3127 824 3180; x_wconf 85' lang='grc' dir='ltr'><strong>Οὐ</strong></span> <span class='ocrx_word' id='word_1_447' title='bbox 875 3126 1005 3195; x_wconf 87' lang='grc' dir='ltr'>γὰρ,</span> <span class='ocrx_word' id='word_1_448' title='bbox 1048 3126 1274 3196; x_wconf 83' lang='grc' dir='ltr'>ἐπείπερ</span> <span class='ocrx_word' id='word_1_449' title='bbox 1317 3124 1523 3195; x_wconf 85' lang='grc' dir='ltr'>ἐλήφθη</span> <span class='ocrx_word' id='word_1_450' title='bbox 1562 3124 1713 3195; x_wconf 88' lang='grc' dir='ltr'><strong>παρά</strong></span> <span class='ocrx_word' id='word_1_451' title='bbox 1740 3125 1846 3178; x_wconf 89' lang='grc' dir='ltr'><strong>τῶν</strong></span> <span class='ocrx_word' id='word_1_452' title='bbox 1884 3126 1981 3179; x_wconf 83' lang='grc' dir='ltr'><strong>οὐκ</strong></span> 
     </span>
    </p>
   </div>
   <div class='ocr_carea' id='block_1_61' title="bbox 2082 3120 3661 3208">
    <p class='ocr_par' dir='ltr' id='par_1_61' title="bbox 2086 3120 3661 3191">
     <span class='ocr_line' id='line_1_61' title="bbox 2086 3120 3661 3191; baseline -0.008 -6"><span class='ocrx_word' id='word_1_453' title='bbox 2086 3132 2231 3185; x_wconf 85' lang='lat' dir='ltr'><strong>dicta</strong></span> <span class='ocrx_word' id='word_1_454' title='bbox 2266 3139 2397 3185; x_wconf 86' lang='lat' dir='ltr'><strong>sunt</strong></span> <span class='ocrx_word' id='word_1_455' title='bbox 2438 3129 2507 3182; x_wconf 92' lang='lat' dir='ltr'><strong>ab</strong></span> <span class='ocrx_word' id='word_1_456' title='bbox 2537 3127 2893 3191; x_wconf 87' lang='lat' dir='ltr'><strong>adversariis,</strong></span> <span class='ocrx_word' id='word_1_457' title='bbox 2918 3124 3254 3179; x_wconf 81' lang='lat' dir='ltr'><strong>conl‘utanda</strong></span> <span class='ocrx_word' id='word_1_458' title='bbox 3290 3140 3303 3176; x_wconf 88' lang='lat'>;</span> <span class='ocrx_word' id='word_1_459' title='bbox 3339 3140 3357 3173; x_wconf 73' lang='grc' dir='ltr'><strong>ί</strong></span> <span class='ocrx_word' id='word_1_460' title='bbox 3382 3120 3661 3191; x_wconf 86' lang='lat' dir='ltr'><strong>Numquid</strong></span> 
     </span>
    </p>
   </div>
   <div class='ocr_carea' id='block_1_62' title="bbox 409 3214 1983 3288">
    <p class='ocr_par' dir='ltr' id='par_1_62' title="bbox 409 3214 1983 3288">
     <span class='ocr_line' id='line_1_62' title="bbox 409 3214 1983 3288; baseline -0.003 -15"><span class='ocrx_word' id='word_1_461' title='bbox 409 3218 626 3273; x_wconf 74' lang='grc' dir='ltr'>εἰδότων</span> <span class='ocrx_word' id='word_1_462' title='bbox 657 3216 983 3288; x_wconf 78' lang='grc' dir='ltr'>ἑρμηνεύειν</span> <span class='ocrx_word' id='word_1_463' title='bbox 1012 3216 1208 3287; x_wconf 82' lang='grc' dir='ltr'>ὀρθῶς,</span> <span class='ocrx_word' id='word_1_464' title='bbox 1232 3215 1323 3270; x_wconf 80' lang='grc' dir='ltr'><strong>διά</strong></span> <span class='ocrx_word' id='word_1_465' title='bbox 1353 3214 1510 3269; x_wconf 88' lang='grc' dir='ltr'>τοῦτο</span> <span class='ocrx_word' id='word_1_466' title='bbox 1544 3214 1607 3287; x_wconf 80' lang='grc' dir='ltr'><strong>δὴ</strong></span> <span class='ocrx_word' id='word_1_467' title='bbox 1642 3216 1857 3279; x_wconf 88' lang='grc' dir='ltr'>πάντως</span> <span class='ocrx_word' id='word_1_468' title='bbox 1890 3217 1983 3271; x_wconf 84' lang='grc' dir='ltr'><strong>καὶ</strong></span> 
     </span>
    </p>
   </div>
   <div class='ocr_carea' id='block_1_63' title="bbox 408 3306 1983 3380">
    <p class='ocr_par' dir='ltr' id='par_1_63' title="bbox 408 3306 1983 3380">
     <span class='ocr_line' id='line_1_63' title="bbox 408 3306 1983 3380; baseline -0.003 -16"><span class='ocrx_word' id='word_1_469' title='bbox 408 3308 715 3380; x_wconf 76' lang='grc' dir='ltr'>ἀπόϐλητον</span> <span class='ocrx_word' id='word_1_470' title='bbox 743 3308 892 3361; x_wconf 70' lang='grc' dir='ltr'>ἔσται</span> <span class='ocrx_word' id='word_1_471' title='bbox 916 3307 976 3361; x_wconf 73' lang='grc' dir='ltr'>τὸ</span> <span class='ocrx_word' id='word_1_472' title='bbox 1003 3308 1092 3362; x_wconf 84' lang='grc' dir='ltr'><strong>διά</strong></span> <span class='ocrx_word' id='word_1_473' title='bbox 1120 3307 1385 3378; x_wconf 87' lang='grc' dir='ltr'>στόματος</span> <span class='ocrx_word' id='word_1_474' title='bbox 1413 3306 1547 3360; x_wconf 89' lang='grc' dir='ltr'>Θεοῦ</span> <span class='ocrx_word' id='word_1_475' title='bbox 1570 3323 1583 3336; x_wconf 88' lang='grc'><strong>·</strong></span> <span class='ocrx_word' id='word_1_476' title='bbox 1620 3306 1734 3361; x_wconf 82' lang='grc' dir='ltr'>ἀλλ’</span> <span class='ocrx_word' id='word_1_477' title='bbox 1753 3307 1983 3379; x_wconf 82' lang='grc' dir='ltr'>ἐπείπερ</span> 
     </span>
    </p>
   </div>
   <div class='ocr_carea' id='block_1_64' title="bbox 409 3396 1982 3471">
    <p class='ocr_par' dir='ltr' id='par_1_64' title="bbox 409 3396 1982 3471">
     <span class='ocr_line' id='line_1_64' title="bbox 409 3396 1982 3471; baseline -0.002 -17"><span class='ocrx_word' id='word_1_478' title='bbox 409 3402 525 3454; x_wconf 77' lang='grc' dir='ltr'>ἐστὶ</span> <span class='ocrx_word' id='word_1_479' title='bbox 557 3400 930 3471; x_wconf 86' lang='grc' dir='ltr'>καρποφόρον,</span> <span class='ocrx_word' id='word_1_480' title='bbox 961 3398 1113 3451; x_wconf 76' lang='grc' dir='ltr'>ἔσται</span> <span class='ocrx_word' id='word_1_481' title='bbox 1148 3415 1230 3450; x_wconf 89' lang='grc' dir='ltr'><strong>σοι</strong></span> <span class='ocrx_word' id='word_1_482' title='bbox 1257 3396 1455 3467; x_wconf 83' lang='grc' dir='ltr'>μᾶλλον</span> <span class='ocrx_word' id='word_1_483' title='bbox 1482 3397 1561 3460; x_wconf 89' lang='grc' dir='ltr'><strong>είς</strong></span> <span class='ocrx_word' id='word_1_484' title='bbox 1599 3396 1851 3468; x_wconf 82' lang='grc' dir='ltr'>βοήθημα</span> <span class='ocrx_word' id='word_1_485' title='bbox 1891 3397 1982 3451; x_wconf 76' lang='grc' dir='ltr'><strong>καὶ</strong></span> 
     </span>
    </p>
   </div>
   <div class='ocr_carea' id='block_1_65' title="bbox 407 3489 1981 3565">
    <p class='ocr_par' dir='ltr' id='par_1_65' title="bbox 407 3489 1981 3565">
     <span class='ocr_line' id='line_1_65' title="bbox 407 3489 1981 3565; baseline -0.004 -18"><span class='ocrx_word' id='word_1_486' title='bbox 407 3494 632 3565; x_wconf 82' lang='grc' dir='ltr'>τροφήν.</span> <span class='ocrx_word' id='word_1_487' title='bbox 658 3492 732 3544; x_wconf 85' lang='grc' dir='ltr'><strong>Τὸ</strong></span> <span class='ocrx_word' id='word_1_488' title='bbox 767 3492 874 3561; x_wconf 75' lang='grc' dir='ltr'><strong>γὰρ</strong></span> <span class='ocrx_word' id='word_1_489' title='bbox 908 3492 1052 3561; x_wconf 44' lang='grc' dir='ltr'>παρ’,</span> <span class='ocrx_word' id='word_1_490' title='bbox 1079 3489 1305 3544; x_wconf 83' lang='grc' dir='ltr'>ἐκείνων</span> <span class='ocrx_word' id='word_1_491' title='bbox 1349 3490 1595 3562; x_wconf 86' lang='grc' dir='ltr'>ἀνοήτως</span> <span class='ocrx_word' id='word_1_492' title='bbox 1626 3489 1736 3543; x_wconf 79' lang='grc' dir='ltr'>ἔσθ’</span> <span class='ocrx_word' id='word_1_493' title='bbox 1766 3492 1853 3544; x_wconf 82' lang='grc' dir='ltr'>ὅτε</span> <span class='ocrx_word' id='word_1_494' title='bbox 1886 3489 1981 3561; x_wconf 82' lang='grc' dir='ltr'>λη-</span> 
     </span>
    </p>
   </div>
   <div class='ocr_carea' id='block_1_66' title="bbox 406 3581 1978 3654">
    <p class='ocr_par' dir='ltr' id='par_1_66' title="bbox 406 3581 1978 3654">
     <span class='ocr_line' id='line_1_66' title="bbox 406 3581 1978 3654; baseline -0.003 -15"><span class='ocrx_word' id='word_1_495' title='bbox 406 3585 559 3653; x_wconf 76' lang='grc' dir='ltr'>φθὲν,</span> <span class='ocrx_word' id='word_1_496' title='bbox 593 3586 672 3648; x_wconf 87' lang='grc' dir='ltr'><strong>είς</strong></span> <span class='ocrx_word' id='word_1_497' title='bbox 702 3583 794 3635; x_wconf 83' lang='grc' dir='ltr'><strong>τὸν</strong></span> <span class='ocrx_word' id='word_1_498' title='bbox 834 3582 991 3652; x_wconf 75' lang='grc' dir='ltr'>ὀρθὸν</span> <span class='ocrx_word' id='word_1_499' title='bbox 1021 3582 1117 3653; x_wconf 82' lang='grc' dir='ltr'>τῆς</span> <span class='ocrx_word' id='word_1_500' title='bbox 1155 3581 1390 3646; x_wconf 86' lang='grc' dir='ltr'>πίστεως</span> <span class='ocrx_word' id='word_1_501' title='bbox 1432 3582 1851 3654; x_wconf 84' lang='grc' dir='ltr'>περιτρέποντες</span> <span class='ocrx_word' id='word_1_502' title='bbox 1890 3581 1978 3635; x_wconf 85' lang='grc' dir='ltr'>λο-</span> 
     </span>
    </p>
   </div>
   <div class='ocr_carea' id='block_1_67' title="bbox 406 3672 1977 3746">
    <p class='ocr_par' dir='ltr' id='par_1_67' title="bbox 406 3672 1977 3746">
     <span class='ocr_line' id='line_1_67' title="bbox 406 3672 1977 3746; baseline -0.001 -17"><span class='ocrx_word' id='word_1_503' title='bbox 406 3676 623 3746; x_wconf 77' lang='grc' dir='ltr'>γισμὸν,</span> <span class='ocrx_word' id='word_1_504' title='bbox 657 3676 754 3745; x_wconf 83' lang='grc' dir='ltr'><strong>οὐχ</strong></span> <span class='ocrx_word' id='word_1_505' title='bbox 786 3676 932 3737; x_wconf 85' lang='grc' dir='ltr'>ὅπως</span> <span class='ocrx_word' id='word_1_506' title='bbox 974 3672 1291 3737; x_wconf 86' lang='grc' dir='ltr'>ἀτονοῦντες</span> <span class='ocrx_word' id='word_1_507' title='bbox 1335 3675 1434 3745; x_wconf 79' lang='grc' dir='ltr'>οὐχ</span> <span class='ocrx_word' id='word_1_508' title='bbox 1476 3674 1815 3745; x_wconf 86' lang='grc' dir='ltr'>ἀλωσὸμεθα,</span> <span class='ocrx_word' id='word_1_509' title='bbox 1858 3692 1977 3728; x_wconf 88' lang='grc' dir='ltr'>νευ-</span> 
     </span>
    </p>
   </div>
   <div class='ocr_carea' id='block_1_68' title="bbox 410 3766 1975 3841">
    <p class='ocr_par' dir='ltr' id='par_1_68' title="bbox 410 3766 1975 3841">
     <span class='ocr_line' id='line_1_68' title="bbox 410 3766 1975 3841; baseline -0.001 -20"><span class='ocrx_word' id='word_1_510' title='bbox 410 3768 648 3841; x_wconf 86' lang='grc' dir='ltr'>ρούμεθα</span> <span class='ocrx_word' id='word_1_511' title='bbox 665 3768 721 3822; x_wconf 80' lang='grc' dir='ltr'>δὲ</span> <span class='ocrx_word' id='word_1_512' title='bbox 742 3766 940 3837; x_wconf 78' lang='grc' dir='ltr'>μᾶλλον</span> <span class='ocrx_word' id='word_1_513' title='bbox 960 3767 1040 3830; x_wconf 87' lang='grc' dir='ltr'><strong>είς</strong></span> <span class='ocrx_word' id='word_1_514' title='bbox 1059 3767 1185 3829; x_wconf 84' lang='grc' dir='ltr'>τοὺς</span> <span class='ocrx_word' id='word_1_515' title='bbox 1200 3766 1342 3820; x_wconf 83' lang='grc' dir='ltr'><strong>κατά</strong></span> <span class='ocrx_word' id='word_1_516' title='bbox 1358 3767 1459 3836; x_wconf 84' lang='grc' dir='ltr'><strong>τῆς</strong></span> <span class='ocrx_word' id='word_1_517' title='bbox 1478 3768 1746 3837; x_wconf 81' lang='grc' dir='ltr'>αἱρέσεως</span> <span class='ocrx_word' id='word_1_518' title='bbox 1766 3766 1975 3835; x_wconf 90' lang='grc' dir='ltr'>λόγους.</span> 
     </span>
    </p>
   </div>
   <div class='ocr_carea' id='block_1_69' title="bbox 419 3858 1980 3931">
    <p class='ocr_par' dir='ltr' id='par_1_69' title="bbox 419 3858 1980 3931">
     <span class='ocr_line' id='line_1_69' title="bbox 419 3858 1980 3931; baseline -0.001 -17"><span class='ocrx_word' id='word_1_519' title='bbox 419 3860 699 3931; x_wconf 81' lang='grc' dir='ltr'>Ἐπιφέρει</span> <span class='ocrx_word' id='word_1_520' title='bbox 735 3858 793 3911; x_wconf 81' lang='grc' dir='ltr'>δὲ</span> <span class='ocrx_word' id='word_1_521' title='bbox 841 3858 937 3911; x_wconf 70' lang='grc' dir='ltr'>καὶ</span> <span class='ocrx_word' id='word_1_522' title='bbox 984 3858 1241 3927; x_wconf 86' lang='grc' dir='ltr'>λογισμὸν</span> <span class='ocrx_word' id='word_1_523' title='bbox 1286 3858 1648 3912; x_wconf 83' lang='grc' dir='ltr'>ἀναπείθοντά</span> <span class='ocrx_word' id='word_1_524' title='bbox 1688 3876 1805 3923; x_wconf 90' lang='grc' dir='ltr'><strong>πως</strong></span> <span class='ocrx_word' id='word_1_525' title='bbox 1853 3861 1980 3924; x_wconf 79' lang='grc' dir='ltr'>τοὺς</span> 
     </span>
    </p>
   </div>
   <div class='ocr_carea' id='block_1_70' title="bbox 404 3947 1980 4022">
    <p class='ocr_par' dir='ltr' id='par_1_70' title="bbox 404 3947 1980 4022">
     <span class='ocr_line' id='line_1_70' title="bbox 404 3947 1980 4022; baseline -0.001 -17"><span class='ocrx_word' id='word_1_526' title='bbox 404 3950 807 4022; x_wconf 81' lang='grc' dir='ltr'>ἀκροωμένους,</span> <span class='ocrx_word' id='word_1_527' title='bbox 835 3950 917 4003; x_wconf 81' lang='grc' dir='ltr'>ὅτι</span> <span class='ocrx_word' id='word_1_528' title='bbox 939 3950 1202 4020; x_wconf 90' lang='grc' dir='ltr'>προσήκει</span> <span class='ocrx_word' id='word_1_529' title='bbox 1233 3948 1329 4012; x_wconf 84' lang='grc' dir='ltr'>τὰς</span> <span class='ocrx_word' id='word_1_530' title='bbox 1360 3947 1454 4003; x_wconf 92' lang='grc' dir='ltr'><strong>τοῦ</strong></span> <span class='ocrx_word' id='word_1_531' title='bbox 1494 3951 1871 4020; x_wconf 84' lang='grc' dir='ltr'>συναγορεύειν</span> <span class='ocrx_word' id='word_1_532' title='bbox 1889 3953 1980 4022; x_wconf 85' lang='grc' dir='ltr'>ὁρ-</span> 
     </span>
    </p>
   </div>
   <div class='ocr_carea' id='block_1_71' title="bbox 407 4040 1980 4114">
    <p class='ocr_par' dir='ltr' id='par_1_71' title="bbox 407 4040 1980 4114">
     <span class='ocr_line' id='line_1_71' title="bbox 407 4040 1980 4114; baseline 0.001 -19"><span class='ocrx_word' id='word_1_533' title='bbox 407 4041 514 4113; x_wconf 89' lang='grc' dir='ltr'><strong>μάς</strong></span> <span class='ocrx_word' id='word_1_534' title='bbox 528 4043 627 4096; x_wconf 71' lang='grc' dir='ltr'><strong>οὐκ</strong></span> <span class='ocrx_word' id='word_1_535' title='bbox 648 4043 998 4113; x_wconf 82' lang='grc' dir='ltr'>ἐπανατροπῇ</span> <span class='ocrx_word' id='word_1_536' title='bbox 1021 4040 1135 4113; x_wconf 80' lang='grc' dir='ltr'>[γρ.</span> <span class='ocrx_word' id='word_1_537' title='bbox 1154 4043 1239 4095; x_wconf 81' lang='grc' dir='ltr'>ἐπ’</span> <span class='ocrx_word' id='word_1_538' title='bbox 1260 4040 1563 4114; x_wconf 79' lang='grc' dir='ltr'>ἀνατροπῇ]</span> <span class='ocrx_word' id='word_1_539' title='bbox 1586 4042 1783 4113; x_wconf 80' lang='grc' dir='ltr'>μᾶλλον</span> <span class='ocrx_word' id='word_1_540' title='bbox 1813 4047 1980 4097; x_wconf 86' lang='grc' dir='ltr'>ποιεῖ-</span> 
     </span>
    </p>
   </div>
   <div class='ocr_carea' id='block_1_72' title="bbox 405 4133 1975 4205">
    <p class='ocr_par' dir='ltr' id='par_1_72' title="bbox 405 4133 1975 4205">
     <span class='ocr_line' id='line_1_72' title="bbox 405 4133 1975 4205; baseline 0.002 -18"><span class='ocrx_word' id='word_1_541' title='bbox 405 4134 527 4187; x_wconf 82' lang='grc' dir='ltr'>σθαι</span> <span class='ocrx_word' id='word_1_542' title='bbox 556 4134 663 4187; x_wconf 89' lang='grc' dir='ltr'><strong>τῶν</strong></span> <span class='ocrx_word' id='word_1_543' title='bbox 690 4133 850 4188; x_wconf 86' lang='grc' dir='ltr'>θείων</span> <span class='ocrx_word' id='word_1_544' title='bbox 890 4134 1103 4202; x_wconf 84' lang='grc' dir='ltr'>λογίων,</span> <span class='ocrx_word' id='word_1_545' title='bbox 1137 4133 1252 4187; x_wconf 83' lang='grc' dir='ltr'>ἀλλ’</span> <span class='ocrx_word' id='word_1_546' title='bbox 1286 4134 1367 4197; x_wconf 87' lang='grc' dir='ltr'><strong>είς</strong></span> <span class='ocrx_word' id='word_1_547' title='bbox 1404 4134 1686 4205; x_wconf 87' lang='grc' dir='ltr'>ἀναίρεσιν</span> <span class='ocrx_word' id='word_1_548' title='bbox 1720 4135 1829 4188; x_wconf 87' lang='grc' dir='ltr'><strong>τῶν</strong></span> <span class='ocrx_word' id='word_1_549' title='bbox 1875 4136 1975 4190; x_wconf 81' lang='grc' dir='ltr'><strong>οὐκ</strong></span> 
     </span>
    </p>
   </div>
   <div class='ocr_carea' id='block_1_73' title="bbox 402 4225 1972 4300">
    <p class='ocr_par' dir='ltr' id='par_1_73' title="bbox 402 4225 1972 4300">
     <span class='ocr_line' id='line_1_73' title="bbox 402 4225 1972 4300; baseline 0.001 -21"><span class='ocrx_word' id='word_1_550' title='bbox 402 4226 578 4297; x_wconf 82' lang='grc' dir='ltr'>ὀρθῶς</span> <span class='ocrx_word' id='word_1_551' title='bbox 618 4226 925 4297; x_wconf 81' lang='grc' dir='ltr'>λεγομένων</span> <span class='ocrx_word' id='word_1_552' title='bbox 959 4225 1113 4296; x_wconf 86' lang='grc' dir='ltr'><strong>παρά</strong></span> <span class='ocrx_word' id='word_1_553' title='bbox 1154 4226 1263 4280; x_wconf 88' lang='grc' dir='ltr'><strong>τῶν</strong></span> <span class='ocrx_word' id='word_1_554' title='bbox 1294 4226 1363 4279; x_wconf 83' lang='grc' dir='ltr'>δι’</span> <span class='ocrx_word' id='word_1_555' title='bbox 1382 4228 1646 4289; x_wconf 86' lang='grc' dir='ltr'>ἐναντίας·</span> <span class='ocrx_word' id='word_1_556' title='bbox 1675 4246 1693 4278; x_wconf 72' lang='grc' dir='ltr'><strong>ί</strong></span> <span class='ocrx_word' id='word_1_557' title='bbox 1718 4229 1807 4299; x_wconf 84' lang='grc' dir='ltr'><strong>Μὴ</strong></span> <span class='ocrx_word' id='word_1_558' title='bbox 1844 4228 1972 4300; x_wconf 82' lang='grc' dir='ltr'>γὰρ,</span> 
     </span>
    </p>
   </div>
   <div class='ocr_carea' id='block_1_74' title="bbox 402 4317 1975 4390">
    <p class='ocr_par' dir='ltr' id='par_1_74' title="bbox 402 4317 1975 4390">
     <span class='ocr_line' id='line_1_74' title="bbox 402 4317 1975 4390; baseline 0 -19"><span class='ocrx_word' id='word_1_559' title='bbox 402 4319 595 4390; x_wconf 71' lang='grc' dir='ltr'>φησὶν,</span> <span class='ocrx_word' id='word_1_560' title='bbox 641 4318 924 4389; x_wconf 77' lang='grc' dir='ltr'>ἄνθρωπος</span> <span class='ocrx_word' id='word_1_561' title='bbox 966 4317 1027 4369; x_wconf 77' lang='grc' dir='ltr'><strong>τὸ</strong></span> <span class='ocrx_word' id='word_1_562' title='bbox 1064 4318 1216 4381; x_wconf 80' lang='grc' dir='ltr'>ξύλον</span> <span class='ocrx_word' id='word_1_563' title='bbox 1251 4318 1310 4371; x_wconf 73' lang='grc' dir='ltr'>τὸ</span> <span class='ocrx_word' id='word_1_564' title='bbox 1345 4320 1404 4370; x_wconf 84' lang='grc' dir='ltr'><strong>ἐν</strong></span> <span class='ocrx_word' id='word_1_565' title='bbox 1442 4318 1517 4388; x_wconf 80' lang='grc' dir='ltr'>τῷ</span> <span class='ocrx_word' id='word_1_566' title='bbox 1560 4319 1769 4390; x_wconf 77' lang='grc' dir='ltr'>δρυμῷ,</span> <span class='ocrx_word' id='word_1_567' title='bbox 1804 4320 1975 4372; x_wconf 78' lang='grc' dir='ltr'>είσελο</span> 
     </span>
    </p>
   </div>
   <div class='ocr_carea' id='block_1_75' title="bbox 400 4407 1973 4481">
    <p class='ocr_par' dir='ltr' id='par_1_75' title="bbox 400 4407 1973 4481">
     <span class='ocr_line' id='line_1_75' title="bbox 400 4407 1973 4481; baseline 0.001 -19"><span class='ocrx_word' id='word_1_568' title='bbox 400 4412 511 4464; x_wconf 84' lang='grc' dir='ltr'>θεῖν</span> <span class='ocrx_word' id='word_1_569' title='bbox 539 4410 648 4463; x_wconf 87' lang='grc' dir='ltr'><strong>ἀπὸ</strong></span> <span class='ocrx_word' id='word_1_570' title='bbox 683 4408 971 4480; x_wconf 85' lang='grc' dir='ltr'>προσώπου</span> <span class='ocrx_word' id='word_1_571' title='bbox 1000 4426 1092 4462; x_wconf 89' lang='grc' dir='ltr'><strong>σου</strong></span> <span class='ocrx_word' id='word_1_572' title='bbox 1119 4412 1197 4472; x_wconf 78' lang='grc' dir='ltr'>εἰς</span> <span class='ocrx_word' id='word_1_573' title='bbox 1228 4410 1319 4462; x_wconf 78' lang='grc' dir='ltr'><strong>τὸν</strong></span> <span class='ocrx_word' id='word_1_574' title='bbox 1347 4411 1598 4479; x_wconf 81' lang='grc' dir='ltr'>χάρακα;</span> <span class='ocrx_word' id='word_1_575' title='bbox 1632 4431 1648 4460; x_wconf 73' lang='grc' dir='ltr'><strong>ι</strong></span> <span class='ocrx_word' id='word_1_576' title='bbox 1676 4407 1820 4481; x_wconf 70' lang='grc' dir='ltr'>τΔρα</span> <span class='ocrx_word' id='word_1_577' title='bbox 1867 4411 1973 4481; x_wconf 81' lang='grc' dir='ltr'>γὰρ</span> 
     </span>
    </p>
   </div>
   <div class='ocr_carea' id='block_1_76' title="bbox 398 4500 1981 4575">
    <p class='ocr_par' dir='ltr' id='par_1_76' title="bbox 398 4500 1969 4574">
     <span class='ocr_line' id='line_1_76' title="bbox 398 4500 1969 4574; baseline -0.001 -20"><span class='ocrx_word' id='word_1_578' title='bbox 398 4503 582 4573; x_wconf 71' lang='grc' dir='ltr'>φησὶν,</span> <span class='ocrx_word' id='word_1_579' title='bbox 613 4502 772 4574; x_wconf 81' lang='grc' dir='ltr'>οἰήσῃ</span> <span class='ocrx_word' id='word_1_580' title='bbox 806 4501 953 4563; x_wconf 83' lang='grc' dir='ltr'>ποτὲ,</span> <span class='ocrx_word' id='word_1_581' title='bbox 985 4500 1232 4570; x_wconf 88' lang='grc' dir='ltr'>καθάπερ</span> <span class='ocrx_word' id='word_1_582' title='bbox 1276 4500 1401 4553; x_wconf 75' lang='grc' dir='ltr'>τινὰ</span> <span class='ocrx_word' id='word_1_583' title='bbox 1443 4500 1552 4552; x_wconf 91' lang='grc' dir='ltr'><strong>τῶν</strong></span> <span class='ocrx_word' id='word_1_584' title='bbox 1585 4500 1969 4571; x_wconf 88' lang='grc' dir='ltr'>αίρεσιαρχῶν,</span> 
     </span>
    </p>
   </div>
   <div class='ocr_carea' id='block_1_77' title="bbox 2082 4500 2618 4575">
    <p class='ocr_par' dir='ltr' id='par_1_77' title="bbox 2082 4503 2618 4575">
     <span class='ocr_line' id='line_1_77' title="bbox 2082 4503 2618 4575; baseline -0.013 -15"><span class='ocrx_word' id='word_1_585' title='bbox 2082 4503 2330 4575; x_wconf 77' lang='lat' dir='ltr'><strong>exposuit</strong></span> <span class='ocrx_word' id='word_1_586' title='bbox 2374 4503 2565 4557; x_wconf 87' lang='lat' dir='ltr'><strong>dicens</strong></span> <span class='ocrx_word' id='word_1_587' title='bbox 2606 4518 2618 4553; x_wconf 93' lang='lat'>:</span> 
     </span>
    </p>
   </div>
   <div class='ocr_carea' id='block_1_78' title="bbox 396 4590 1973 4662">
    <p class='ocr_par' dir='ltr' id='par_1_78' title="bbox 396 4590 1973 4662">
     <span class='ocr_line' id='line_1_78' title="bbox 396 4590 1973 4662; baseline -0.001 -15"><span class='ocrx_word' id='word_1_588' title='bbox 396 4593 689 4662; x_wconf 78' lang='grc' dir='ltr'>αὐτόμολόν</span> <span class='ocrx_word' id='word_1_589' title='bbox 714 4609 773 4644; x_wconf 86' lang='grc' dir='ltr'><strong>τε</strong></span> <span class='ocrx_word' id='word_1_590' title='bbox 814 4590 947 4662; x_wconf 77' lang='grc' dir='ltr'>πρὸς</span> <span class='ocrx_word' id='word_1_591' title='bbox 981 4590 1161 4661; x_wconf 85' lang='grc' dir='ltr'>μάχην</span> <span class='ocrx_word' id='word_1_592' title='bbox 1193 4590 1651 4662; x_wconf 81' lang='grc' dir='ltr'>ἐξαναστήσεσθαι</span> <span class='ocrx_word' id='word_1_593' title='bbox 1682 4592 1743 4643; x_wconf 81' lang='grc' dir='ltr'><strong>τὸ</strong></span> <span class='ocrx_word' id='word_1_594' title='bbox 1772 4593 1836 4644; x_wconf 87' lang='grc' dir='ltr'><strong>ἐκ</strong></span> <span class='ocrx_word' id='word_1_595' title='bbox 1864 4592 1973 4645; x_wconf 90' lang='grc' dir='ltr'><strong>τῶν</strong></span> 
     </span>
    </p>
   </div>
   <div class='ocr_carea' id='block_1_79' title="bbox 398 4682 1971 4755">
    <p class='ocr_par' dir='ltr' id='par_1_79' title="bbox 398 4682 1971 4755">
     <span class='ocr_line' id='line_1_79' title="bbox 398 4682 1971 4755; baseline 0.001 -19"><span class='ocrx_word' id='word_1_596' title='bbox 398 4684 557 4755; x_wconf 78' lang='grc' dir='ltr'>ιερῶν</span> <span class='ocrx_word' id='word_1_597' title='bbox 584 4684 1028 4755; x_wconf 84' lang='grc' dir='ltr'>συγγραμμάτων</span> <span class='ocrx_word' id='word_1_598' title='bbox 1059 4683 1243 4754; x_wconf 79' lang='grc' dir='ltr'>ῥητὸν,</span> <span class='ocrx_word' id='word_1_599' title='bbox 1276 4682 1368 4736; x_wconf 81' lang='grc' dir='ltr'><strong>καὶ</strong></span> <span class='ocrx_word' id='word_1_600' title='bbox 1390 4682 1509 4752; x_wconf 79' lang='grc' dir='ltr'>οὐχὶ</span> <span class='ocrx_word' id='word_1_601' title='bbox 1536 4682 1735 4752; x_wconf 81' lang='grc' dir='ltr'>μᾶλλον</span> <span class='ocrx_word' id='word_1_602' title='bbox 1758 4683 1847 4738; x_wconf 88' lang='grc' dir='ltr'><strong>διά</strong></span> <span class='ocrx_word' id='word_1_603' title='bbox 1869 4684 1971 4754; x_wconf 80' lang='grc' dir='ltr'>τῆς</span> 
     </span>
    </p>
   </div>
   <div class='ocr_carea' id='block_1_80' title="bbox 395 4770 1969 4844">
    <p class='ocr_par' dir='ltr' id='par_1_80' title="bbox 395 4770 1969 4844">
     <span class='ocr_line' id='line_1_80' title="bbox 395 4770 1969 4844; baseline -0.001 -14"><span class='ocrx_word' id='word_1_604' title='bbox 395 4777 614 4831; x_wconf 83' lang='grc' dir='ltr'>ἐκείνων</span> <span class='ocrx_word' id='word_1_605' title='bbox 645 4776 902 4839; x_wconf 87' lang='grc' dir='ltr'>ἀπονοίας</span> <span class='ocrx_word' id='word_1_606' title='bbox 934 4773 1454 4844; x_wconf 83' lang='grc' dir='ltr'>πλεονεκτούμενον;</span> <span class='ocrx_word' id='word_1_607' title='bbox 1496 4793 1513 4823; x_wconf 78' lang='grc' dir='ltr'><strong>ι</strong></span> <span class='ocrx_word' id='word_1_608' title='bbox 1537 4774 1626 4844; x_wconf 79' lang='grc' dir='ltr'><strong>Μὴ</strong></span> <span class='ocrx_word' id='word_1_609' title='bbox 1650 4770 1744 4828; x_wconf 80' lang='grc' dir='ltr'><strong>οῦν</strong></span> <span class='ocrx_word' id='word_1_610' title='bbox 1772 4775 1969 4829; x_wconf 80' lang='grc' dir='ltr'>ἀποτέ-</span> 
     </span>
    </p>
   </div>
   <div class='ocr_carea' id='block_1_81' title="bbox 396 4865 1966 4939">
    <p class='ocr_par' dir='ltr' id='par_1_81' title="bbox 396 4865 1966 4939">
     <span class='ocr_line' id='line_1_81' title="bbox 396 4865 1966 4939; baseline 0 -18"><span class='ocrx_word' id='word_1_611' title='bbox 396 4886 524 4939; x_wconf 83' lang='grc' dir='ltr'>μῃς,</span> <span class='ocrx_word' id='word_1_612' title='bbox 569 4869 753 4939; x_wconf 72' lang='grc' dir='ltr'>φησὶν,</span> <span class='ocrx_word' id='word_1_613' title='bbox 816 4867 956 4919; x_wconf 76' lang='grc' dir='ltr'>ἔστω</span> <span class='ocrx_word' id='word_1_614' title='bbox 1003 4866 1060 4919; x_wconf 79' lang='grc' dir='ltr'>δέ</span> <span class='ocrx_word' id='word_1_615' title='bbox 1097 4883 1178 4919; x_wconf 90' lang='grc' dir='ltr'><strong>σοι</strong></span> <span class='ocrx_word' id='word_1_616' title='bbox 1236 4866 1329 4919; x_wconf 76' lang='grc' dir='ltr'><strong>καὶ</strong></span> <span class='ocrx_word' id='word_1_617' title='bbox 1356 4865 1552 4935; x_wconf 82' lang='grc' dir='ltr'>τροφός</span> <span class='ocrx_word' id='word_1_618' title='bbox 1578 4881 1591 4894; x_wconf 93' lang='grc'><strong>·</strong></span> <span class='ocrx_word' id='word_1_619' title='bbox 1631 4866 1693 4919; x_wconf 81' lang='grc' dir='ltr'><strong>τὸ</strong></span> <span class='ocrx_word' id='word_1_620' title='bbox 1724 4866 1781 4919; x_wconf 81' lang='grc' dir='ltr'>δὲ</span> <span class='ocrx_word' id='word_1_621' title='bbox 1812 4866 1966 4931; x_wconf 80' lang='grc' dir='ltr'>ξύλον</span> 
     </span>
    </p>
   </div>
   <div class='ocr_carea' id='block_1_82' title="bbox 391 4957 1965 5032">
    <p class='ocr_par' dir='ltr' id='par_1_82' title="bbox 391 4957 1965 5032">
     <span class='ocr_line' id='line_1_82' title="bbox 391 4957 1965 5032; baseline 0.001 -19"><span class='ocrx_word' id='word_1_622' title='bbox 391 4961 527 5030; x_wconf 79' lang='grc' dir='ltr'>ὅπερ</span> <span class='ocrx_word' id='word_1_623' title='bbox 552 4961 651 5015; x_wconf 85' lang='grc' dir='ltr'><strong>οὐκ</strong></span> <span class='ocrx_word' id='word_1_624' title='bbox 682 4957 835 5014; x_wconf 75' lang='grc' dir='ltr'>οἶσθα</span> <span class='ocrx_word' id='word_1_625' title='bbox 864 4959 1280 5032; x_wconf 79' lang='grc' dir='ltr'>καρπόὸρωτον,</span> <span class='ocrx_word' id='word_1_626' title='bbox 1316 4957 1714 5029; x_wconf 83' lang='grc' dir='ltr'>ἐξολοθρεύσεις</span> <span class='ocrx_word' id='word_1_627' title='bbox 1750 4960 1843 5012; x_wconf 77' lang='grc' dir='ltr'>καὶ</span> <span class='ocrx_word' id='word_1_628' title='bbox 1872 4961 1965 5014; x_wconf 78' lang='grc' dir='ltr'>ἐκ·</span> 
     </span>
    </p>
   </div>
   <div class='ocr_carea' id='block_1_83' title="bbox 392 5049 1964 5123">
    <p class='ocr_par' dir='ltr' id='par_1_83' title="bbox 392 5049 1964 5123">
     <span class='ocr_line' id='line_1_83' title="bbox 392 5049 1964 5123; baseline -0.001 -17"><span class='ocrx_word' id='word_1_629' title='bbox 392 5052 602 5121; x_wconf 67' lang='grc' dir='ltr'>κόψεις.</span> <span class='ocrx_word' id='word_1_630' title='bbox 628 5071 647 5105; x_wconf 69' lang='grc' dir='ltr'><strong>ι</strong></span> <span class='ocrx_word' id='word_1_631' title='bbox 684 5051 961 5123; x_wconf 82' lang='grc' dir='ltr'>Ἀϐρωτος</span> <span class='ocrx_word' id='word_1_632' title='bbox 987 5052 1094 5121; x_wconf 88' lang='grc' dir='ltr'><strong>γάρ</strong></span> <span class='ocrx_word' id='word_1_633' title='bbox 1142 5054 1252 5114; x_wconf 89' lang='grc' dir='ltr'>τοῖς</span> <span class='ocrx_word' id='word_1_634' title='bbox 1285 5049 1461 5121; x_wconf 81' lang='grc' dir='ltr'>ὀρθῶς</span> <span class='ocrx_word' id='word_1_635' title='bbox 1493 5049 1735 5102; x_wconf 80' lang='grc' dir='ltr'>ἐθέλουσι</span> <span class='ocrx_word' id='word_1_636' title='bbox 1767 5052 1906 5104; x_wconf 85' lang='grc' dir='ltr'>νοεῖν</span> <span class='ocrx_word' id='word_1_637' title='bbox 1936 5055 1964 5105; x_wconf 95' lang='lat'><strong>6</strong></span> 
     </span>
    </p>
   </div>
   <div class='ocr_carea' id='block_1_84' title="bbox 390 5142 1965 5215">
    <p class='ocr_par' dir='ltr' id='par_1_84' title="bbox 390 5142 1965 5215">
     <span class='ocr_line' id='line_1_84' title="bbox 390 5142 1965 5215; baseline -0.002 -17"><span class='ocrx_word' id='word_1_638' title='bbox 390 5145 499 5199; x_wconf 87' lang='grc' dir='ltr'><strong>τῶν</strong></span> <span class='ocrx_word' id='word_1_639' title='bbox 522 5146 648 5215; x_wconf 86' lang='grc' dir='ltr'>παρ’</span> <span class='ocrx_word' id='word_1_640' title='bbox 677 5144 906 5207; x_wconf 88' lang='grc' dir='ltr'>ἐκείνοις</span> <span class='ocrx_word' id='word_1_641' title='bbox 930 5144 1376 5213; x_wconf 79' lang='grc' dir='ltr'>συγγραμμάτων</span> <span class='ocrx_word' id='word_1_642' title='bbox 1399 5142 1606 5211; x_wconf 88' lang='grc' dir='ltr'>καρπός</span> <span class='ocrx_word' id='word_1_643' title='bbox 1638 5158 1650 5170; x_wconf 82' lang='grc'><em>’</em></span> <span class='ocrx_word' id='word_1_644' title='bbox 1683 5145 1803 5196; x_wconf 83' lang='grc' dir='ltr'>κατ’</span> <span class='ocrx_word' id='word_1_645' title='bbox 1828 5144 1965 5197; x_wconf 79' lang='grc' dir='ltr'>ἐκείο</span> 
     </span>
    </p>
   </div>
   <div class='ocr_carea' id='block_1_85' title="bbox 390 5234 1960 5306">
    <p class='ocr_par' dir='ltr' id='par_1_85' title="bbox 390 5234 1960 5306">
     <span class='ocr_line' id='line_1_85' title="bbox 390 5234 1960 5306; baseline -0.002 -17"><span class='ocrx_word' id='word_1_646' title='bbox 390 5254 495 5289; x_wconf 89' lang='grc' dir='ltr'><strong>νων</strong></span> <span class='ocrx_word' id='word_1_647' title='bbox 540 5236 718 5306; x_wconf 77' lang='grc' dir='ltr'>ἡκέτω</span> <span class='ocrx_word' id='word_1_648' title='bbox 761 5234 922 5288; x_wconf 84' lang='grc' dir='ltr'>πάλιν</span> <span class='ocrx_word' id='word_1_649' title='bbox 969 5237 997 5288; x_wconf 92' lang='lat'><strong>6</strong></span> <span class='ocrx_word' id='word_1_650' title='bbox 1046 5234 1261 5305; x_wconf 88' lang='grc' dir='ltr'>σίδηρος</span> <span class='ocrx_word' id='word_1_651' title='bbox 1288 5251 1299 5262; x_wconf 93' lang='grc'><strong>·</strong></span> <span class='ocrx_word' id='word_1_652' title='bbox 1369 5235 1487 5286; x_wconf 85' lang='grc' dir='ltr'>ἐκεῖ</span> <span class='ocrx_word' id='word_1_653' title='bbox 1545 5235 1814 5303; x_wconf 81' lang='grc' dir='ltr'>φαινέσθω</span> <span class='ocrx_word' id='word_1_654' title='bbox 1854 5234 1960 5288; x_wconf 84' lang='grc' dir='ltr'><strong>τῶν</strong></span> 
     </span>
    </p>
   </div>
   <div class='ocr_carea' id='block_1_86' title="bbox 388 5324 1962 5398">
    <p class='ocr_par' dir='ltr' id='par_1_86' title="bbox 388 5324 1962 5398">
     <span class='ocr_line' id='line_1_86' title="bbox 388 5324 1962 5398; baseline -0.001 -18"><span class='ocrx_word' id='word_1_655' title='bbox 388 5326 774 5398; x_wconf 85' lang='grc' dir='ltr'>πνευματικῶν</span> <span class='ocrx_word' id='word_1_656' title='bbox 806 5326 1079 5397; x_wconf 84' lang='grc' dir='ltr'>ύλοτόμων</span> <span class='ocrx_word' id='word_1_657' title='bbox 1109 5328 1141 5395; x_wconf 86' lang='grc' dir='ltr'><strong>ή</strong></span> <span class='ocrx_word' id='word_1_658' title='bbox 1167 5324 1417 5395; x_wconf 85' lang='grc' dir='ltr'>δύναμις,</span> <span class='ocrx_word' id='word_1_659' title='bbox 1446 5326 1529 5378; x_wconf 79' lang='grc' dir='ltr'>ἐπ’</span> <span class='ocrx_word' id='word_1_660' title='bbox 1558 5328 1786 5391; x_wconf 82' lang='grc' dir='ltr'>ἐκείνοις</span> <span class='ocrx_word' id='word_1_661' title='bbox 1819 5326 1962 5379; x_wconf 87' lang='grc' dir='ltr'>στιλ-</span> 
     </span>
    </p>
   </div>
   <div class='ocr_carea' id='block_1_87' title="bbox 388 5415 1961 5487">
    <p class='ocr_par' dir='ltr' id='par_1_87' title="bbox 388 5415 1961 5487">
     <span class='ocr_line' id='line_1_87' title="bbox 388 5415 1961 5487; baseline -0.001 -17"><span class='ocrx_word' id='word_1_662' title='bbox 388 5418 527 5471; x_wconf 74' lang='grc' dir='ltr'>ϐέτω</span> <span class='ocrx_word' id='word_1_663' title='bbox 554 5419 612 5470; x_wconf 85' lang='grc' dir='ltr'><strong>ἐν</strong></span> <span class='ocrx_word' id='word_1_664' title='bbox 638 5416 716 5487; x_wconf 84' lang='grc' dir='ltr'>τῷ</span> <span class='ocrx_word' id='word_1_665' title='bbox 746 5416 1127 5487; x_wconf 89' lang='grc' dir='ltr'>συναγορεύειν</span> <span class='ocrx_word' id='word_1_666' title='bbox 1156 5415 1397 5478; x_wconf 82' lang='grc' dir='ltr'>εὐτονίας</span> <span class='ocrx_word' id='word_1_667' title='bbox 1422 5416 1448 5469; x_wconf 90' lang='lat'><strong>6</strong></span> <span class='ocrx_word' id='word_1_668' title='bbox 1472 5415 1702 5478; x_wconf 79' lang='grc' dir='ltr'>πέλεκυς</span> <span class='ocrx_word' id='word_1_669' title='bbox 1729 5432 1742 5446; x_wconf 76' lang='grc' dir='ltr'><strong>ο</strong></span> <span class='ocrx_word' id='word_1_670' title='bbox 1774 5416 1835 5470; x_wconf 81' lang='grc' dir='ltr'><strong>τὸ</strong></span> <span class='ocrx_word' id='word_1_671' title='bbox 1855 5416 1961 5487; x_wconf 84' lang='grc' dir='ltr'>γὰρ</span> 
     </span>
    </p>
   </div>
   <div class='ocr_carea' id='block_1_88' title="bbox 386 5508 1959 5581">
    <p class='ocr_par' dir='ltr' id='par_1_88' title="bbox 386 5508 1959 5581">
     <span class='ocr_line' id='line_1_88' title="bbox 386 5508 1959 5581; baseline -0.003 -17"><span class='ocrx_word' id='word_1_672' title='bbox 386 5510 654 5581; x_wconf 83' lang='grc' dir='ltr'>ἄχρηστόν</span> <span class='ocrx_word' id='word_1_673' title='bbox 698 5528 758 5563; x_wconf 91' lang='grc' dir='ltr'><strong>τε</strong></span> <span class='ocrx_word' id='word_1_674' title='bbox 798 5510 891 5563; x_wconf 70' lang='grc' dir='ltr'><strong>καὶ</strong></span> <span class='ocrx_word' id='word_1_675' title='bbox 920 5509 1195 5577; x_wconf 77' lang='grc' dir='ltr'>ἀνωφελὲς</span> <span class='ocrx_word' id='word_1_676' title='bbox 1224 5508 1323 5578; x_wconf 80' lang='grc' dir='ltr'>τῆς</span> <span class='ocrx_word' id='word_1_677' title='bbox 1369 5509 1476 5561; x_wconf 87' lang='grc' dir='ltr'><strong>τῶν</strong></span> <span class='ocrx_word' id='word_1_678' title='bbox 1513 5508 1959 5578; x_wconf 78' lang='grc' dir='ltr'>ἐτεροδοξούντων</span> 
     </span>
    </p>
   </div>
   <div class='ocr_carea' id='block_1_89' title="bbox 385 5600 1956 5673">
    <p class='ocr_par' dir='ltr' id='par_1_89' title="bbox 385 5600 1956 5673">
     <span class='ocr_line' id='line_1_89' title="bbox 385 5600 1956 5673; baseline -0.001 -20"><span class='ocrx_word' id='word_1_679' title='bbox 385 5602 668 5671; x_wconf 76' lang='grc' dir='ltr'>φλυαρίας,</span> <span class='ocrx_word' id='word_1_680' title='bbox 703 5603 795 5656; x_wconf 71' lang='grc' dir='ltr'><strong>καὶ</strong></span> <span class='ocrx_word' id='word_1_681' title='bbox 826 5604 853 5656; x_wconf 90' lang='lat'><strong>6</strong></span> <span class='ocrx_word' id='word_1_682' title='bbox 882 5602 1165 5673; x_wconf 81' lang='grc' dir='ltr'>προφήτης</span> <span class='ocrx_word' id='word_1_683' title='bbox 1200 5603 1330 5671; x_wconf 75' lang='grc' dir='ltr'>ἡμῖν</span> <span class='ocrx_word' id='word_1_684' title='bbox 1375 5600 1530 5672; x_wconf 77' lang='grc' dir='ltr'>Ὠσηὲ</span> <span class='ocrx_word' id='word_1_685' title='bbox 1569 5601 1767 5673; x_wconf 74' lang='grc' dir='ltr'>ἄριστα</span> <span class='ocrx_word' id='word_1_686' title='bbox 1804 5600 1956 5671; x_wconf 80' lang='grc' dir='ltr'>διηρ-</span> 
     </span>
    </p>
   </div>
   <div class='ocr_carea' id='block_1_90' title="bbox 489 5786 1461 5858">
    <p class='ocr_par' dir='ltr' id='par_1_90' title="bbox 489 5786 1461 5858">
     <span class='ocr_line' id='line_1_90' title="bbox 489 5786 1461 5858; baseline -0.008 -9"><span class='ocrx_word' id='word_1_687' title='bbox 489 5794 527 5826; x_wconf 82' lang='lat'>“</span> <span class='ocrx_word' id='word_1_688' title='bbox 559 5790 599 5848; x_wconf 86' lang='lat' dir='ltr'><strong>ll</strong></span> <span class='ocrx_word' id='word_1_689' title='bbox 618 5793 742 5851; x_wconf 87' lang='lat' dir='ltr'><strong>Cor.</strong></span> <span class='ocrx_word' id='word_1_690' title='bbox 776 5811 828 5858; x_wconf 72' lang='grc' dir='ltr'><strong>κ,</strong></span> <span class='ocrx_word' id='word_1_691' title='bbox 860 5794 914 5848; x_wconf 65' lang='lat' dir='ltr'><strong>li.</strong></span> <span class='ocrx_word' id='word_1_692' title='bbox 1028 5790 1069 5819; x_wconf 86' lang='lat'>&quot;</span> <span class='ocrx_word' id='word_1_693' title='bbox 1094 5786 1230 5845; x_wconf 86' lang='lat' dir='ltr'><strong>Osee</strong></span> <span class='ocrx_word' id='word_1_694' title='bbox 1263 5805 1378 5857; x_wconf 72' lang='lat' dir='ltr'><strong>rm,</strong></span> <span class='ocrx_word' id='word_1_695' title='bbox 1410 5789 1461 5842; x_wconf 85' lang='lat'><strong>7.</strong></span> 
     </span>
    </p>
   </div>
   <div class='ocr_carea' id='block_1_91' title="bbox 2083 3215 3663 3292">
    <p class='ocr_par' dir='ltr' id='par_1_91' title="bbox 2083 3215 3663 3292">
     <span class='ocr_line' id='line_1_91' title="bbox 2083 3215 3663 3292; baseline -0.007 -14"><span class='ocrx_word' id='word_1_696' title='bbox 2083 3224 2253 3287; x_wconf 76' lang='lat' dir='ltr'><strong>enim,</strong></span> <span class='ocrx_word' id='word_1_697' title='bbox 2293 3243 2311 3274; x_wconf 80' lang='grc' dir='ltr'><strong>ι</strong></span> <span class='ocrx_word' id='word_1_698' title='bbox 2347 3221 2547 3292; x_wconf 90' lang='lat' dir='ltr'><strong>inquit,</strong></span> <span class='ocrx_word' id='word_1_699' title='bbox 2585 3240 2602 3272; x_wconf 72' lang='grc' dir='ltr'><strong>ί</strong></span> <span class='ocrx_word' id='word_1_700' title='bbox 2647 3220 2856 3291; x_wconf 88' lang='lat' dir='ltr'><strong>lignum</strong></span> <span class='ocrx_word' id='word_1_701' title='bbox 2893 3218 3045 3288; x_wconf 91' lang='lat' dir='ltr'><strong>quod</strong></span> <span class='ocrx_word' id='word_1_702' title='bbox 3079 3218 3135 3271; x_wconf 93' lang='lat' dir='ltr'><strong>in</strong></span> <span class='ocrx_word' id='word_1_703' title='bbox 3173 3231 3326 3286; x_wconf 86' lang='lat' dir='ltr'><strong>agro,</strong></span> <span class='ocrx_word' id='word_1_704' title='bbox 3358 3215 3523 3269; x_wconf 90' lang='lat' dir='ltr'><strong>homo</strong></span> <span class='ocrx_word' id='word_1_705' title='bbox 3552 3223 3663 3275; x_wconf 85' lang='lat' dir='ltr'><strong>est,</strong></span> 
     </span>
    </p>
   </div>
   <div class='ocr_carea' id='block_1_92' title="bbox 2085 3304 3659 3387">
    <p class='ocr_par' dir='ltr' id='par_1_92' title="bbox 2085 3304 3659 3387">
     <span class='ocr_line' id='line_1_92' title="bbox 2085 3304 3659 3387; baseline -0.008 -17"><span class='ocrx_word' id='word_1_706' title='bbox 2085 3324 2147 3370; x_wconf 92' lang='lat' dir='ltr'><strong>ut</strong></span> <span class='ocrx_word' id='word_1_707' title='bbox 2181 3314 2518 3387; x_wconf 89' lang='lat' dir='ltr'><strong>ingrediatur</strong></span> <span class='ocrx_word' id='word_1_708' title='bbox 2554 3329 2585 3368; x_wconf 90' lang='lat' dir='ltr'><strong>a</strong></span> <span class='ocrx_word' id='word_1_709' title='bbox 2632 3312 2773 3368; x_wconf 84' lang='lat' dir='ltr'><strong>facie</strong></span> <span class='ocrx_word' id='word_1_710' title='bbox 2806 3320 2901 3366; x_wconf 88' lang='lat' dir='ltr'><strong>tua</strong></span> <span class='ocrx_word' id='word_1_711' title='bbox 2936 3310 2992 3365; x_wconf 90' lang='lat' dir='ltr'><strong>in</strong></span> <span class='ocrx_word' id='word_1_712' title='bbox 3031 3308 3282 3364; x_wconf 82' lang='lat' dir='ltr'><strong>vallum?</strong></span> <span class='ocrx_word' id='word_1_713' title='bbox 3322 3327 3339 3358; x_wconf 75' lang='grc' dir='ltr'><strong>ι</strong></span> <span class='ocrx_word' id='word_1_714' title='bbox 3375 3307 3459 3360; x_wconf 82' lang='lat' dir='ltr'><strong>An</strong></span> <span class='ocrx_word' id='word_1_715' title='bbox 3488 3304 3659 3367; x_wconf 91' lang='lat' dir='ltr'><strong>enim,</strong></span> 
     </span>
    </p>
   </div>
   <div class='ocr_carea' id='block_1_93' title="bbox 2084 3396 3659 3478">
    <p class='ocr_par' dir='ltr' id='par_1_93' title="bbox 2084 3396 3659 3478">
     <span class='ocr_line' id='line_1_93' title="bbox 2084 3396 3659 3478; baseline -0.008 -16"><span class='ocrx_word' id='word_1_716' title='bbox 2084 3408 2283 3477; x_wconf 88' lang='lat' dir='ltr'><strong>inquit,</strong></span> <span class='ocrx_word' id='word_1_717' title='bbox 2317 3406 2537 3478; x_wconf 90' lang='lat' dir='ltr'><strong>putabis</strong></span> <span class='ocrx_word' id='word_1_718' title='bbox 2569 3419 2813 3476; x_wconf 89' lang='lat' dir='ltr'><strong>unquam</strong></span> <span class='ocrx_word' id='word_1_719' title='bbox 2843 3407 3019 3457; x_wconf 90' lang='lat' dir='ltr'><strong>instar</strong></span> <span class='ocrx_word' id='word_1_720' title='bbox 3047 3398 3339 3470; x_wconf 89' lang='lat' dir='ltr'><strong>cujusdam</strong></span> <span class='ocrx_word' id='word_1_721' title='bbox 3370 3396 3659 3452; x_wconf 65' lang='lat' dir='ltr'><strong>haeresiaro</strong></span> 
     </span>
    </p>
   </div>
   <div class='ocr_carea' id='block_1_94' title="bbox 2082 3488 3660 3565">
    <p class='ocr_par' dir='ltr' id='par_1_94' title="bbox 2082 3488 3660 3565">
     <span class='ocr_line' id='line_1_94' title="bbox 2082 3488 3660 3565; baseline -0.009 -10"><span class='ocrx_word' id='word_1_722' title='bbox 2082 3501 2202 3555; x_wconf 84' lang='lat' dir='ltr'><strong>cltae</strong></span> <span class='ocrx_word' id='word_1_723' title='bbox 2236 3514 2300 3554; x_wconf 91' lang='lat' dir='ltr'><strong>ac</strong></span> <span class='ocrx_word' id='word_1_724' title='bbox 2328 3498 2633 3555; x_wconf 79' lang='lat' dir='ltr'><strong>desertoris</strong></span> <span class='ocrx_word' id='word_1_725' title='bbox 2674 3496 2740 3551; x_wconf 88' lang='lat' dir='ltr'><strong>ad</strong></span> <span class='ocrx_word' id='word_1_726' title='bbox 2783 3509 3021 3565; x_wconf 90' lang='lat' dir='ltr'><strong>pugnam</strong></span> <span class='ocrx_word' id='word_1_727' title='bbox 3070 3493 3219 3548; x_wconf 90' lang='lat' dir='ltr'><strong>ultro</strong></span> <span class='ocrx_word' id='word_1_728' title='bbox 3250 3491 3549 3546; x_wconf 82' lang='lat' dir='ltr'><strong>excitatum</strong></span> <span class='ocrx_word' id='word_1_729' title='bbox 3588 3488 3660 3542; x_wconf 91' lang='lat' dir='ltr'><strong>iri</strong></span> 
     </span>
    </p>
   </div>
   <div class='ocr_carea' id='block_1_95' title="bbox 2083 3588 3661 3655">
    <p class='ocr_par' dir='ltr' id='par_1_95' title="bbox 2083 3588 3661 3655">
     <span class='ocr_line' id='line_1_95' title="bbox 2083 3588 3661 3655; baseline -0.007 -8"><span class='ocrx_word' id='word_1_730' title='bbox 2083 3594 2310 3647; x_wconf 74' lang='lat' dir='ltr'><strong>verbum</strong></span> <span class='ocrx_word' id='word_1_731' title='bbox 2352 3608 2418 3646; x_wconf 80' lang='lat' dir='ltr'><strong>ex</strong></span> <span class='ocrx_word' id='word_1_732' title='bbox 2445 3590 2649 3645; x_wconf 86' lang='lat' dir='ltr'><strong>divinis</strong></span> <span class='ocrx_word' id='word_1_733' title='bbox 2674 3588 2896 3643; x_wconf 88' lang='lat' dir='ltr'><strong>Litteris</strong></span> <span class='ocrx_word' id='word_1_734' title='bbox 2928 3588 3299 3655; x_wconf 88' lang='lat' dir='ltr'><strong>desumptum,</strong></span> <span class='ocrx_word' id='word_1_735' title='bbox 3322 3598 3387 3637; x_wconf 82' lang='lat' dir='ltr'><strong>ac</strong></span> <span class='ocrx_word' id='word_1_736' title='bbox 3411 3598 3524 3638; x_wconf 90' lang='lat' dir='ltr'><strong>non</strong></span> <span class='ocrx_word' id='word_1_737' title='bbox 3558 3598 3661 3653; x_wconf 85' lang='lat' dir='ltr'><strong>po-</strong></span> 
     </span>
    </p>
   </div>
   <div class='ocr_carea' id='block_1_96' title="bbox 2084 3673 3660 3739">
    <p class='ocr_par' dir='ltr' id='par_1_96' title="bbox 2084 3673 3660 3739">
     <span class='ocr_line' id='line_1_96' title="bbox 2084 3673 3660 3739; baseline -0.004 -2"><span class='ocrx_word' id='word_1_738' title='bbox 2084 3684 2195 3739; x_wconf 88' lang='lat' dir='ltr'><strong>tius</strong></span> <span class='ocrx_word' id='word_1_739' title='bbox 2249 3683 2474 3737; x_wconf 90' lang='lat' dir='ltr'><strong>illorum</strong></span> <span class='ocrx_word' id='word_1_740' title='bbox 2531 3680 2749 3738; x_wconf 90' lang='lat' dir='ltr'><strong>insania</strong></span> <span class='ocrx_word' id='word_1_741' title='bbox 2802 3680 3073 3735; x_wconf 83' lang='lat' dir='ltr'><strong>violenter</strong></span> <span class='ocrx_word' id='word_1_742' title='bbox 3127 3676 3447 3732; x_wconf 85' lang='lat' dir='ltr'><strong>detortum?</strong></span> <span class='ocrx_word' id='word_1_743' title='bbox 3503 3693 3522 3728; x_wconf 75' lang='grc' dir='ltr'>ι</span> <span class='ocrx_word' id='word_1_744' title='bbox 3580 3673 3660 3731; x_wconf 84' lang='lat' dir='ltr'><strong>Ne</strong></span> 
     </span>
    </p>
   </div>
   <div class='ocr_carea' id='block_1_97' title="bbox 2079 3764 3655 3847">
    <p class='ocr_par' dir='ltr' id='par_1_97' title="bbox 2079 3764 3655 3847">
     <span class='ocr_line' id='line_1_97' title="bbox 2079 3764 3655 3847; baseline -0.006 -17"><span class='ocrx_word' id='word_1_745' title='bbox 2079 3791 2212 3847; x_wconf 89' lang='lat' dir='ltr'><strong>ergo</strong></span> <span class='ocrx_word' id='word_1_746' title='bbox 2242 3773 2523 3839; x_wconf 90' lang='lat' dir='ltr'><strong>succidas,</strong></span> <span class='ocrx_word' id='word_1_747' title='bbox 2568 3794 2586 3825; x_wconf 73' lang='grc' dir='ltr'><strong>ι</strong></span> <span class='ocrx_word' id='word_1_748' title='bbox 2632 3770 2832 3842; x_wconf 91' lang='lat' dir='ltr'><strong>inquit,</strong></span> <span class='ocrx_word' id='word_1_749' title='bbox 2875 3788 2893 3821; x_wconf 73' lang='grc' dir='ltr'><strong>ι</strong></span> <span class='ocrx_word' id='word_1_750' title='bbox 2944 3767 3042 3824; x_wconf 81' lang='lat' dir='ltr'><strong>sed</strong></span> <span class='ocrx_word' id='word_1_751' title='bbox 3085 3767 3183 3823; x_wconf 86' lang='lat' dir='ltr'><strong>tibi</strong></span> <span class='ocrx_word' id='word_1_752' title='bbox 3233 3766 3307 3822; x_wconf 89' lang='lat' dir='ltr'><strong>sit</strong></span> <span class='ocrx_word' id='word_1_753' title='bbox 3343 3768 3397 3821; x_wconf 91' lang='lat' dir='ltr'><strong>iu</strong></span> <span class='ocrx_word' id='word_1_754' title='bbox 3448 3764 3655 3821; x_wconf 90' lang='lat' dir='ltr'><strong>cibum.</strong></span> 
     </span>
    </p>
   </div>
   <div class='ocr_carea' id='block_1_98' title="bbox 2082 3857 3658 3938">
    <p class='ocr_par' dir='ltr' id='par_1_98' title="bbox 2082 3857 3658 3938">
     <span class='ocr_line' id='line_1_98' title="bbox 2082 3857 3658 3938; baseline -0.004 -17"><span class='ocrx_word' id='word_1_755' title='bbox 2082 3868 2312 3938; x_wconf 86' lang='lat' dir='ltr'><strong>Lignum</strong></span> <span class='ocrx_word' id='word_1_756' title='bbox 2346 3882 2474 3921; x_wconf 84' lang='lat' dir='ltr'><strong>vero</strong></span> <span class='ocrx_word' id='word_1_757' title='bbox 2503 3863 2651 3935; x_wconf 90' lang='lat' dir='ltr'><strong>quod</strong></span> <span class='ocrx_word' id='word_1_758' title='bbox 2696 3861 2843 3918; x_wconf 87' lang='lat' dir='ltr'><strong>nosti</strong></span> <span class='ocrx_word' id='word_1_759' title='bbox 2887 3859 3100 3916; x_wconf 88' lang='lat' dir='ltr'><strong>edendo</strong></span> <span class='ocrx_word' id='word_1_760' title='bbox 3129 3875 3256 3916; x_wconf 91' lang='lat' dir='ltr'><strong>esse</strong></span> <span class='ocrx_word' id='word_1_761' title='bbox 3299 3858 3513 3923; x_wconf 89' lang='lat' dir='ltr'><strong>inutile,</strong></span> <span class='ocrx_word' id='word_1_762' title='bbox 3541 3857 3658 3914; x_wconf 92' lang='lat' dir='ltr'><strong>dis-</strong></span> 
     </span>
    </p>
   </div>
   <div class='ocr_carea' id='block_1_99' title="bbox 2083 3949 3655 4030">
    <p class='ocr_par' dir='ltr' id='par_1_99' title="bbox 2083 3949 3655 4030">
     <span class='ocr_line' id='line_1_99' title="bbox 2083 3949 3655 4030; baseline -0.008 -15"><span class='ocrx_word' id='word_1_763' title='bbox 2083 3960 2276 4030; x_wconf 86' lang='lat' dir='ltr'><strong>perdes</strong></span> <span class='ocrx_word' id='word_1_764' title='bbox 2327 3967 2381 4013; x_wconf 89' lang='lat' dir='ltr'><strong>et</strong></span> <span class='ocrx_word' id='word_1_765' title='bbox 2439 3955 2682 4011; x_wconf 80' lang='lat' dir='ltr'><strong>excides.</strong></span> <span class='ocrx_word' id='word_1_766' title='bbox 2718 3974 2736 4005; x_wconf 76' lang='grc' dir='ltr'><strong>ι</strong></span> <span class='ocrx_word' id='word_1_767' title='bbox 2799 3952 2931 4008; x_wconf 86' lang='lat' dir='ltr'><strong>Esui</strong></span> <span class='ocrx_word' id='word_1_768' title='bbox 2997 3952 3145 4007; x_wconf 87' lang='lat' dir='ltr'><strong>enim</strong></span> <span class='ocrx_word' id='word_1_769' title='bbox 3207 3965 3317 4004; x_wconf 87' lang='lat' dir='ltr'><strong>non</strong></span> <span class='ocrx_word' id='word_1_770' title='bbox 3376 3958 3462 4005; x_wconf 88' lang='lat' dir='ltr'><strong>est</strong></span> <span class='ocrx_word' id='word_1_771' title='bbox 3509 3949 3655 4019; x_wconf 88' lang='lat' dir='ltr'><strong>apud</strong></span> 
     </span>
    </p>
   </div>
   <div class='ocr_carea' id='block_1_100' title="bbox 2081 4042 3655 4113">
    <p class='ocr_par' dir='ltr' id='par_1_100' title="bbox 2081 4042 3655 4113">
     <span class='ocr_line' id='line_1_100' title="bbox 2081 4042 3655 4113; baseline -0.005 -8"><span class='ocrx_word' id='word_1_772' title='bbox 2081 4059 2231 4107; x_wconf 90' lang='lat' dir='ltr'><strong>recte</strong></span> <span class='ocrx_word' id='word_1_773' title='bbox 2263 4049 2565 4105; x_wconf 89' lang='lat' dir='ltr'><strong>sentientes</strong></span> <span class='ocrx_word' id='word_1_774' title='bbox 2590 4047 2810 4101; x_wconf 89' lang='lat' dir='ltr'><strong>illorum</strong></span> <span class='ocrx_word' id='word_1_775' title='bbox 2843 4044 3177 4113; x_wconf 89' lang='lat' dir='ltr'><strong>scriptorum</strong></span> <span class='ocrx_word' id='word_1_776' title='bbox 3207 4042 3441 4099; x_wconf 82' lang='lat' dir='ltr'><strong>fructus.</strong></span> <span class='ocrx_word' id='word_1_777' title='bbox 3503 4044 3560 4097; x_wconf 89' lang='lat' dir='ltr'><strong>In</strong></span> <span class='ocrx_word' id='word_1_778' title='bbox 3590 4058 3655 4098; x_wconf 86' lang='lat' dir='ltr'><strong>ea</strong></span> 
     </span>
    </p>
   </div>
   <div class='ocr_carea' id='block_1_101' title="bbox 2078 4133 3655 4207">
    <p class='ocr_par' dir='ltr' id='par_1_101' title="bbox 2078 4133 3655 4207">
     <span class='ocr_line' id='line_1_101' title="bbox 2078 4133 3655 4207; baseline -0.006 -8"><span class='ocrx_word' id='word_1_779' title='bbox 2078 4159 2274 4199; x_wconf 85' lang='lat' dir='ltr'><strong>rursus</strong></span> <span class='ocrx_word' id='word_1_780' title='bbox 2305 4141 2508 4195; x_wconf 83' lang='lat' dir='ltr'><strong>ferrum</strong></span> <span class='ocrx_word' id='word_1_781' title='bbox 2556 4139 2862 4207; x_wconf 87' lang='lat' dir='ltr'><strong>stringatur</strong></span> <span class='ocrx_word' id='word_1_782' title='bbox 2919 4155 2931 4190; x_wconf 92' lang='lat'>:</span> <span class='ocrx_word' id='word_1_783' title='bbox 2979 4135 3052 4189; x_wconf 92' lang='lat' dir='ltr'><strong>ibi</strong></span> <span class='ocrx_word' id='word_1_784' title='bbox 3098 4134 3427 4205; x_wconf 89' lang='lat' dir='ltr'><strong>spiritalium</strong></span> <span class='ocrx_word' id='word_1_785' title='bbox 3470 4133 3655 4190; x_wconf 84' lang='lat' dir='ltr'><strong>fabro-</strong></span> 
     </span>
    </p>
   </div>
   <div class='ocr_carea' id='block_1_102' title="bbox 2079 4222 3653 4288">
    <p class='ocr_par' dir='ltr' id='par_1_102' title="bbox 2079 4222 3653 4288">
     <span class='ocr_line' id='line_1_102' title="bbox 2079 4222 3653 4288; baseline -0.006 0"><span class='ocrx_word' id='word_1_786' title='bbox 2079 4250 2197 4288; x_wconf 90' lang='lat' dir='ltr'><strong>rum</strong></span> <span class='ocrx_word' id='word_1_787' title='bbox 2253 4248 2375 4288; x_wconf 83' lang='lat' dir='ltr'><strong>scse</strong></span> <span class='ocrx_word' id='word_1_788' title='bbox 2405 4231 2491 4285; x_wconf 84' lang='lat' dir='ltr'><strong>vis</strong></span> <span class='ocrx_word' id='word_1_789' title='bbox 2544 4234 2765 4285; x_wconf 75' lang='lat' dir='ltr'><strong>erserat</strong></span> <span class='ocrx_word' id='word_1_790' title='bbox 2792 4246 2804 4280; x_wconf 90' lang='lat'>:</span> <span class='ocrx_word' id='word_1_791' title='bbox 2836 4225 2889 4279; x_wconf 92' lang='lat' dir='ltr'><strong>in</strong></span> <span class='ocrx_word' id='word_1_792' title='bbox 2933 4224 3046 4279; x_wconf 89' lang='lat' dir='ltr'><strong>illis</strong></span> <span class='ocrx_word' id='word_1_793' title='bbox 3082 4224 3280 4279; x_wconf 87' lang='lat' dir='ltr'><strong>emicet</strong></span> <span class='ocrx_word' id='word_1_794' title='bbox 3312 4222 3653 4279; x_wconf 80' lang='lat' dir='ltr'><strong>defensionis</strong></span> 
     </span>
    </p>
   </div>
   <div class='ocr_carea' id='block_1_103' title="bbox 2079 4314 3649 4384">
    <p class='ocr_par' dir='ltr' id='par_1_103' title="bbox 2079 4314 3649 4384">
     <span class='ocr_line' id='line_1_103' title="bbox 2079 4314 3649 4384; baseline -0.006 -6"><span class='ocrx_word' id='word_1_795' title='bbox 2079 4327 2231 4378; x_wconf 91' lang='lat' dir='ltr'><strong>ﬁrma</strong></span> <span class='ocrx_word' id='word_1_796' title='bbox 2264 4321 2499 4379; x_wconf 90' lang='lat' dir='ltr'><strong>securis.</strong></span> <span class='ocrx_word' id='word_1_797' title='bbox 2544 4318 2870 4374; x_wconf 90' lang='lat' dir='ltr'><strong>luanitatem</strong></span> <span class='ocrx_word' id='word_1_798' title='bbox 2913 4315 3059 4369; x_wconf 90' lang='lat' dir='ltr'><strong>enim</strong></span> <span class='ocrx_word' id='word_1_799' title='bbox 3108 4314 3383 4368; x_wconf 67' lang='lat' dir='ltr'><strong>haeretica:</strong></span> <span class='ocrx_word' id='word_1_800' title='bbox 3418 4315 3649 4384; x_wconf 82' lang='lat' dir='ltr'><strong>nugaci—</strong></span> 
     </span>
    </p>
   </div>
   <div class='ocr_carea' id='block_1_104' title="bbox 2077 4402 3651 4484">
    <p class='ocr_par' dir='ltr' id='par_1_104' title="bbox 2077 4402 3651 4484">
     <span class='ocr_line' id='line_1_104' title="bbox 2077 4402 3651 4484; baseline -0.005 -14"><span class='ocrx_word' id='word_1_801' title='bbox 2077 4417 2206 4472; x_wconf 86' lang='lat' dir='ltr'><strong>tatis</strong></span> <span class='ocrx_word' id='word_1_802' title='bbox 2275 4413 2537 4484; x_wconf 83' lang='lat' dir='ltr'><strong>prOpheta</strong></span> <span class='ocrx_word' id='word_1_803' title='bbox 2604 4423 2826 4478; x_wconf 89' lang='lat' dir='ltr'><strong>quoque</strong></span> <span class='ocrx_word' id='word_1_804' title='bbox 2894 4406 3055 4460; x_wconf 84' lang='lat' dir='ltr'><strong>nobis</strong></span> <span class='ocrx_word' id='word_1_805' title='bbox 3124 4402 3263 4459; x_wconf 83' lang='lat' dir='ltr'><strong>Osee</strong></span> <span class='ocrx_word' id='word_1_806' title='bbox 3336 4404 3651 4462; x_wconf 82' lang='lat' dir='ltr'><strong>rectissime</strong></span> 
     </span>
    </p>
   </div>
   <div class='ocr_carea' id='block_1_105' title="bbox 2671 4494 3645 4567">
    <p class='ocr_par' dir='ltr' id='par_1_105' title="bbox 2671 4494 3645 4567">
     <span class='ocr_line' id='line_1_105' title="bbox 2671 4494 3645 4567; baseline 0.002 -18"><span class='ocrx_word' id='word_1_807' title='bbox 2671 4517 2689 4549; x_wconf 72' lang='grc' dir='ltr'><strong>ι</strong></span> <span class='ocrx_word' id='word_1_808' title='bbox 2727 4496 3044 4567; x_wconf 80' lang='lat' dir='ltr'><strong>Mauipulus</strong></span> <span class='ocrx_word' id='word_1_809' title='bbox 3080 4510 3188 4549; x_wconf 89' lang='lat' dir='ltr'><strong>nou</strong></span> <span class='ocrx_word' id='word_1_810' title='bbox 3238 4494 3448 4550; x_wconf 85' lang='lat' dir='ltr'><strong>habens</strong></span> <span class='ocrx_word' id='word_1_811' title='bbox 3477 4496 3645 4560; x_wconf 87' lang='lat' dir='ltr'><strong>vires,</strong></span> 
     </span>
    </p>
   </div>
   <div class='ocr_carea' id='block_1_106' title="bbox 2076 4583 3646 4658">
    <p class='ocr_par' dir='ltr' id='par_1_106' title="bbox 2076 4583 3646 4658">
     <span class='ocr_line' id='line_1_106' title="bbox 2076 4583 3646 4658; baseline -0.006 -8"><span class='ocrx_word' id='word_1_812' title='bbox 2076 4606 2135 4651; x_wconf 94' lang='lat' dir='ltr'><strong>ut</strong></span> <span class='ocrx_word' id='word_1_813' title='bbox 2180 4594 2348 4650; x_wconf 81' lang='lat' dir='ltr'><strong>faciat</strong></span> <span class='ocrx_word' id='word_1_814' title='bbox 2395 4592 2632 4646; x_wconf 84' lang='lat' dir='ltr'><strong>farinam</strong></span> <span class='ocrx_word' id='word_1_815' title='bbox 2667 4608 2681 4643; x_wconf 75' lang='grc' dir='ltr'><strong>ε</strong></span> <span class='ocrx_word' id='word_1_816' title='bbox 2716 4587 2864 4658; x_wconf 90' lang='lat' dir='ltr'><strong>quod</strong></span> <span class='ocrx_word' id='word_1_817' title='bbox 2910 4585 3077 4640; x_wconf 90' lang='lat' dir='ltr'><strong>etiam</strong></span> <span class='ocrx_word' id='word_1_818' title='bbox 3141 4585 3189 4639; x_wconf 91' lang='lat' dir='ltr'><strong>si</strong></span> <span class='ocrx_word' id='word_1_819' title='bbox 3234 4583 3447 4647; x_wconf 81' lang='lat' dir='ltr'><strong>fecerit,</strong></span> <span class='ocrx_word' id='word_1_820' title='bbox 3478 4585 3646 4640; x_wconf 88' lang='lat' dir='ltr'><strong>alieni</strong></span> 
     </span>
    </p>
   </div>
   <div class='ocr_carea' id='block_1_107' title="bbox 2073 4676 3645 4746">
    <p class='ocr_par' dir='ltr' id='par_1_107' title="bbox 2073 4676 3645 4746">
     <span class='ocr_line' id='line_1_107' title="bbox 2073 4676 3645 4746; baseline -0.008 0"><span class='ocrx_word' id='word_1_821' title='bbox 2073 4688 2362 4745; x_wconf 83' lang='lat' dir='ltr'><strong>comedent</strong></span> <span class='ocrx_word' id='word_1_822' title='bbox 2401 4700 2521 4741; x_wconf 88' lang='lat' dir='ltr'><strong>eam</strong></span> <span class='ocrx_word' id='word_1_823' title='bbox 2555 4684 2619 4735; x_wconf 74' lang='grc' dir='ltr'>η.</span> <span class='ocrx_word' id='word_1_824' title='bbox 2659 4703 2676 4733; x_wconf 85' lang='grc'><strong>)</strong></span> <span class='ocrx_word' id='word_1_825' title='bbox 2714 4680 2817 4746; x_wconf 87' lang='lat' dir='ltr'><strong>Qui</strong></span> <span class='ocrx_word' id='word_1_826' title='bbox 2846 4679 2989 4733; x_wconf 87' lang='lat' dir='ltr'><strong>enim</strong></span> <span class='ocrx_word' id='word_1_827' title='bbox 3022 4678 3089 4732; x_wconf 89' lang='lat' dir='ltr'><strong>ab</strong></span> <span class='ocrx_word' id='word_1_828' title='bbox 3133 4676 3377 4731; x_wconf 89' lang='lat' dir='ltr'><strong>amicitia</strong></span> <span class='ocrx_word' id='word_1_829' title='bbox 3419 4676 3515 4732; x_wconf 92' lang='lat' dir='ltr'><strong>Dei</strong></span> <span class='ocrx_word' id='word_1_830' title='bbox 3560 4693 3645 4734; x_wconf 82' lang='lat' dir='ltr'><strong>re-</strong></span> 
     </span>
    </p>
   </div>
   <div class='ocr_carea' id='block_1_108' title="bbox 2072 4769 3644 4852">
    <p class='ocr_par' dir='ltr' id='par_1_108' title="bbox 2072 4769 3644 4852">
     <span class='ocr_line' id='line_1_108' title="bbox 2072 4769 3644 4852; baseline -0.007 -17"><span class='ocrx_word' id='word_1_831' title='bbox 2072 4782 2289 4852; x_wconf 83' lang='lat' dir='ltr'><strong>fugiunt</strong></span> <span class='ocrx_word' id='word_1_832' title='bbox 2348 4793 2412 4833; x_wconf 91' lang='lat' dir='ltr'><strong>ac</strong></span> <span class='ocrx_word' id='word_1_833' title='bbox 2467 4776 2799 4836; x_wconf 87' lang='lat' dir='ltr'><strong>abhorrent,</strong></span> <span class='ocrx_word' id='word_1_834' title='bbox 2864 4771 2919 4826; x_wconf 90' lang='lat' dir='ltr'><strong>bi</strong></span> <span class='ocrx_word' id='word_1_835' title='bbox 2983 4770 3181 4823; x_wconf 92' lang='lat' dir='ltr'><strong>anilem</strong></span> <span class='ocrx_word' id='word_1_836' title='bbox 3250 4776 3307 4823; x_wconf 86' lang='lat' dir='ltr'><strong>et</strong></span> <span class='ocrx_word' id='word_1_837' title='bbox 3372 4769 3644 4824; x_wconf 89' lang='lat' dir='ltr'><strong>inﬁrmam</strong></span> 
     </span>
    </p>
   </div>
   <div class='ocr_carea' id='block_1_109' title="bbox 2070 4861 3643 4941">
    <p class='ocr_par' dir='ltr' id='par_1_109' title="bbox 2070 4861 3643 4941">
     <span class='ocr_line' id='line_1_109' title="bbox 2070 4861 3643 4941; baseline -0.008 -12"><span class='ocrx_word' id='word_1_838' title='bbox 2070 4875 2291 4929; x_wconf 89' lang='lat' dir='ltr'><strong>illorum</strong></span> <span class='ocrx_word' id='word_1_839' title='bbox 2341 4868 2665 4941; x_wconf 66' lang='lat' dir='ltr'><strong>ignorantia:</strong></span> <span class='ocrx_word' id='word_1_840' title='bbox 2713 4864 3020 4921; x_wconf 88' lang='lat' dir='ltr'><strong>doctrinam</strong></span> <span class='ocrx_word' id='word_1_841' title='bbox 3082 4861 3446 4918; x_wconf 90' lang='lat' dir='ltr'><strong>devorabunt.</strong></span> <span class='ocrx_word' id='word_1_842' title='bbox 3485 4862 3643 4928; x_wconf 83' lang='lat' dir='ltr'><strong>Quod</strong></span> 
     </span>
    </p>
   </div>
   <div class='ocr_carea' id='block_1_110' title="bbox 2068 4952 3641 5036">
    <p class='ocr_par' dir='ltr' id='par_1_110' title="bbox 2068 4952 3641 5036">
     <span class='ocr_line' id='line_1_110' title="bbox 2068 4952 3641 5036; baseline -0.011 -14"><span class='ocrx_word' id='word_1_843' title='bbox 2068 4980 2199 5036; x_wconf 89' lang='lat' dir='ltr'><strong>ergo</strong></span> <span class='ocrx_word' id='word_1_844' title='bbox 2277 4963 2519 5018; x_wconf 83' lang='lat' dir='ltr'><strong>diximus</strong></span> <span class='ocrx_word' id='word_1_845' title='bbox 2588 4957 2790 5018; x_wconf 89' lang='lat' dir='ltr'><strong>initio.</strong></span> <span class='ocrx_word' id='word_1_846' title='bbox 2845 4970 3042 5009; x_wconf 90' lang='lat' dir='ltr'><strong>rursus</strong></span> <span class='ocrx_word' id='word_1_847' title='bbox 3114 4968 3180 5009; x_wconf 88' lang='lat' dir='ltr'><strong>eo</strong></span> <span class='ocrx_word' id='word_1_848' title='bbox 3256 4952 3641 5009; x_wconf 87' lang='lat' dir='ltr'><strong>revertendum</strong></span> 
     </span>
    </p>
   </div>
   <div class='ocr_carea' id='block_1_111' title="bbox 2068 5045 3640 5123">
    <p class='ocr_par' dir='ltr' id='par_1_111' title="bbox 2068 5045 3640 5123">
     <span class='ocr_line' id='line_1_111' title="bbox 2068 5045 3640 5123; baseline -0.009 -10"><span class='ocrx_word' id='word_1_849' title='bbox 2068 5059 2310 5113; x_wconf 87' lang='lat' dir='ltr'><strong>arbitror</strong></span> <span class='ocrx_word' id='word_1_850' title='bbox 2338 5072 2352 5111; x_wconf 91' lang='lat'><strong>:</strong></span> <span class='ocrx_word' id='word_1_851' title='bbox 2383 5054 2654 5123; x_wconf 87' lang='lat' dir='ltr'><strong>Perquam</strong></span> <span class='ocrx_word' id='word_1_852' title='bbox 2697 5048 2933 5105; x_wconf 82' lang='lat' dir='ltr'><strong>diﬁicilis</strong></span> <span class='ocrx_word' id='word_1_853' title='bbox 2966 5054 3052 5103; x_wconf 90' lang='lat' dir='ltr'><strong>est</strong></span> <span class='ocrx_word' id='word_1_854' title='bbox 3089 5045 3400 5101; x_wconf 87' lang='lat' dir='ltr'><strong>divinorum</strong></span> <span class='ocrx_word' id='word_1_855' title='bbox 3432 5053 3640 5114; x_wconf 83' lang='lat' dir='ltr'><strong>myste-</strong></span> 
     </span>
    </p>
   </div>
   <div class='ocr_carea' id='block_1_112' title="bbox 2070 5135 3639 5215">
    <p class='ocr_par' dir='ltr' id='par_1_112' title="bbox 2070 5135 3639 5215">
     <span class='ocr_line' id='line_1_112' title="bbox 2070 5135 3639 5215; baseline -0.008 -12"><span class='ocrx_word' id='word_1_856' title='bbox 2070 5149 2274 5203; x_wconf 87' lang='lat' dir='ltr'><strong>riorum</strong></span> <span class='ocrx_word' id='word_1_857' title='bbox 2311 5143 2631 5215; x_wconf 80' lang='lat' dir='ltr'><strong>explicatio.</strong></span> <span class='ocrx_word' id='word_1_858' title='bbox 2689 5140 2794 5195; x_wconf 89' lang='lat' dir='ltr'><strong>Sed</strong></span> <span class='ocrx_word' id='word_1_859' title='bbox 2827 5154 2952 5194; x_wconf 91' lang='lat' dir='ltr'><strong>cum</strong></span> <span class='ocrx_word' id='word_1_860' title='bbox 2980 5154 3083 5193; x_wconf 90' lang='lat' dir='ltr'><strong>nos</strong></span> <span class='ocrx_word' id='word_1_861' title='bbox 3110 5136 3298 5191; x_wconf 91' lang='lat' dir='ltr'><strong>multis</strong></span> <span class='ocrx_word' id='word_1_862' title='bbox 3330 5135 3639 5191; x_wconf 88' lang='lat' dir='ltr'><strong>rationibus</strong></span> 
     </span>
    </p>
   </div>
   <div class='ocr_carea' id='block_1_113' title="bbox 2065 5225 3636 5309">
    <p class='ocr_par' dir='ltr' id='par_1_113' title="bbox 2065 5225 3636 5309">
     <span class='ocr_line' id='line_1_113' title="bbox 2065 5225 3636 5309; baseline -0.007 -17"><span class='ocrx_word' id='word_1_863' title='bbox 2065 5237 2271 5309; x_wconf 85' lang='lat' dir='ltr'><strong>adigas,</strong></span> <span class='ocrx_word' id='word_1_864' title='bbox 2312 5232 2719 5290; x_wconf 86' lang='lat' dir='ltr'><strong>studiosissime</strong></span> <span class='ocrx_word' id='word_1_865' title='bbox 2764 5231 2953 5295; x_wconf 76' lang='lat' dir='ltr'><strong>frater,</strong></span> <span class='ocrx_word' id='word_1_866' title='bbox 2986 5237 3044 5282; x_wconf 95' lang='lat' dir='ltr'><strong>ut</strong></span> <span class='ocrx_word' id='word_1_867' title='bbox 3089 5225 3490 5295; x_wconf 81' lang='lat' dir='ltr'><strong>expositionem</strong></span> <span class='ocrx_word' id='word_1_868' title='bbox 3536 5242 3636 5281; x_wconf 91' lang='lat' dir='ltr'><strong>ceu</strong></span> 
     </span>
    </p>
   </div>
   <div class='ocr_carea' id='block_1_114' title="bbox 2063 5317 3637 5400">
    <p class='ocr_par' dir='ltr' id='par_1_114' title="bbox 2063 5317 3637 5400">
     <span class='ocr_line' id='line_1_114' title="bbox 2063 5317 3637 5400; baseline -0.006 -19"><span class='ocrx_word' id='word_1_869' title='bbox 2063 5326 2356 5400; x_wconf 91' lang='lat' dir='ltr'><strong>quemdam</strong></span> <span class='ocrx_word' id='word_1_870' title='bbox 2410 5324 2683 5378; x_wconf 89' lang='lat' dir='ltr'><strong>labiorum</strong></span> <span class='ocrx_word' id='word_1_871' title='bbox 2735 5320 2976 5376; x_wconf 74' lang='lat' dir='ltr'><strong>fructum</strong></span> <span class='ocrx_word' id='word_1_872' title='bbox 3023 5324 3079 5372; x_wconf 85' lang='lat' dir='ltr'><strong>et</strong></span> <span class='ocrx_word' id='word_1_873' title='bbox 3135 5317 3383 5388; x_wconf 86' lang='lat' dir='ltr'><strong>spiritale</strong></span> <span class='ocrx_word' id='word_1_874' title='bbox 3423 5318 3637 5375; x_wconf 89' lang='lat' dir='ltr'><strong>sacriﬁ-</strong></span> 
     </span>
    </p>
   </div>
   <div class='ocr_carea' id='block_1_115' title="bbox 2065 5408 3632 5482">
    <p class='ocr_par' dir='ltr' id='par_1_115' title="bbox 2065 5408 3632 5482">
     <span class='ocr_line' id='line_1_115' title="bbox 2065 5408 3632 5482; baseline -0.008 -7"><span class='ocrx_word' id='word_1_875' title='bbox 2065 5420 2210 5475; x_wconf 90' lang='lat' dir='ltr'><strong>cium</strong></span> <span class='ocrx_word' id='word_1_876' title='bbox 2250 5417 2567 5478; x_wconf 80' lang='lat' dir='ltr'><strong>oﬁ‘eramus,</strong></span> <span class='ocrx_word' id='word_1_877' title='bbox 2600 5430 2710 5470; x_wconf 89' lang='lat' dir='ltr'><strong>non</strong></span> <span class='ocrx_word' id='word_1_878' title='bbox 2755 5411 3029 5482; x_wconf 85' lang='lat' dir='ltr'><strong>gravabor</strong></span> <span class='ocrx_word' id='word_1_879' title='bbox 3057 5409 3109 5465; x_wconf 90' lang='lat' dir='ltr'><strong>id</strong></span> <span class='ocrx_word' id='word_1_880' title='bbox 3154 5408 3354 5475; x_wconf 77' lang='lat' dir='ltr'><strong>facere,</strong></span> <span class='ocrx_word' id='word_1_881' title='bbox 3398 5409 3510 5464; x_wconf 84' lang='lat' dir='ltr'><strong>Deo</strong></span> <span class='ocrx_word' id='word_1_882' title='bbox 3540 5412 3632 5480; x_wconf 87' lang='lat' dir='ltr'><strong>qui</strong></span> 
     </span>
    </p>
   </div>
   <div class='ocr_carea' id='block_1_116' title="bbox 2062 5502 3630 5573">
    <p class='ocr_par' dir='ltr' id='par_1_116' title="bbox 2062 5502 3630 5573">
     <span class='ocr_line' id='line_1_116' title="bbox 2062 5502 3630 5573; baseline -0.004 -10"><span class='ocrx_word' id='word_1_883' title='bbox 2062 5524 2239 5565; x_wconf 67' lang='lat' dir='ltr'><strong>emt-os</strong></span> <span class='ocrx_word' id='word_1_884' title='bbox 2287 5507 2557 5563; x_wconf 89' lang='lat' dir='ltr'><strong>illuminat</strong></span> <span class='ocrx_word' id='word_1_885' title='bbox 2609 5502 2876 5565; x_wconf 88' lang='lat' dir='ltr'><strong>conﬁsus,</strong></span> <span class='ocrx_word' id='word_1_886' title='bbox 2908 5510 2961 5554; x_wconf 81' lang='lat' dir='ltr'><strong>et</strong></span> <span class='ocrx_word' id='word_1_887' title='bbox 3004 5502 3096 5572; x_wconf 87' lang='lat' dir='ltr'><strong>qui</strong></span> <span class='ocrx_word' id='word_1_888' title='bbox 3147 5516 3175 5555; x_wconf 87' lang='lat' dir='ltr'><strong>a</strong></span> <span class='ocrx_word' id='word_1_889' title='bbox 3210 5502 3370 5556; x_wconf 88' lang='lat' dir='ltr'><strong>nobis</strong></span> <span class='ocrx_word' id='word_1_890' title='bbox 3413 5502 3630 5573; x_wconf 88' lang='lat' dir='ltr'><strong>quidem</strong></span> 
     </span>
    </p>
   </div>
   <div class='ocr_carea' id='block_1_117' title="bbox 2063 5594 3630 5672">
    <p class='ocr_par' dir='ltr' id='par_1_117' title="bbox 2063 5594 3630 5672">
     <span class='ocr_line' id='line_1_117' title="bbox 2063 5594 3630 5672; baseline -0.006 -15"><span class='ocrx_word' id='word_1_891' title='bbox 2063 5601 2217 5672; x_wconf 88' lang='lat' dir='ltr'><strong>petit,</strong></span> <span class='ocrx_word' id='word_1_892' title='bbox 2242 5617 2350 5655; x_wconf 87' lang='lat' dir='ltr'><strong>non</strong></span> <span class='ocrx_word' id='word_1_893' title='bbox 2380 5610 2561 5655; x_wconf 61' lang='lat' dir='ltr'><strong>tamen</strong></span> <span class='ocrx_word' id='word_1_894' title='bbox 2598 5609 2767 5667; x_wconf 85' lang='lat' dir='ltr'><strong>supra</strong></span> <span class='ocrx_word' id='word_1_895' title='bbox 2802 5594 2947 5649; x_wconf 83' lang='lat' dir='ltr'><strong>vires</strong></span> <span class='ocrx_word' id='word_1_896' title='bbox 2976 5601 3215 5660; x_wconf 84' lang='lat' dir='ltr'><strong>nostras,</strong></span> <span class='ocrx_word' id='word_1_897' title='bbox 3246 5601 3299 5649; x_wconf 87' lang='lat' dir='ltr'><strong>et</strong></span> <span class='ocrx_word' id='word_1_898' title='bbox 3328 5609 3630 5664; x_wconf 85' lang='lat' dir='ltr'><strong>pauperum</strong></span> 
     </span>
    </p>
   </div>
  </div>
