4168 6568
505 333 574 388 15
1499 335 1554 388 S.
1581 333 1850 389 CYRILLI
1895 329 2364 390 ALEXANDRINI
2397 331 2718 390 ARCIHEP.
3699 339 3764 393 16

507 449 731 519 perinde
766 463 828 503 ac
868 449 1096 506 divitum
1132 453 1435 507 oblationes
1475 454 1724 524 suscipit.
1765 453 2074 525 Legislator

2191 457 2424 525 μήνευσε
2510 454 2680 522 λέγων
2705 468 2723 483 ··

504 543 673 605 enim,
720 553 781 596 ut
831 545 1101 614 scriptum
1142 556 1226 600 est
1285 546 1444 600 initio
1479 546 1727 611 Levitici,
1785 555 2080 617 postquam

505 636 858 706 praecepisset
897 653 1020 692 eum
1055 639 1147 708 qui
1184 655 1397 696 .munus
1431 640 1630 695 otferre.
1653 639 1789 710 εἰ)εο
1818 641 1982 696 vellet
2027 643 2081 694 in

507 728 910 795 holocaustum,
943 731 1136 786 bovem
1178 732 1700 803 inunolare,ibiquc
1743 734 1911 804 typici
1958 737 2077 788 cul-

509 831 598 877 tus
647 822 867 877 modum
931 825 1385 894 prmscripsisset,
1431 825 1586 880 illurn
1619 842 1814 881 rursus
1860 827 2083 892 minuit,

508 928 663 968 ovem
697 914 780 969 eis
813 913 1205 969 immolandam
1239 932 1360 972 esse
1392 916 1582 972 dicens
1622 918 1717 986 qui
1757 917 1878 972 bovi
1911 917 2085 972 sacri-

507 1003 724 1059 ﬁcando
779 1020 936 1075 pares
991 1021 1101 1060 non
1162 1016 1369 1061 essent.
1429 1005 1534 1061 Sed
1603 1016 1831 1062 noverat
1902 1009 2086 1076 utique

505 1098 720 1154 tristem
764 1106 818 1151 et
849 1098 1079 1153 auribus
1125 1107 1404 1154 carentem
1439 1100 1489 1171 5
1523 1109 1819 1170 egestatem
1863 1109 2088 1154 coactu-

506 1204 624 1244 ram
666 1190 967 1244 nonnullos
1008 1197 1066 1245 ut
1108 1192 1156 1245 ei
1191 1206 1408 1262 quoque
1459 1193 1737 1248 sacriﬁcio
1781 1192 2033 1247 deessent
2069 1211 2081 1243 :

505 1281 851 1352 proindeque
883 1323 898 1348 ,
938 1301 957 1334 ι
1005 1283 1072 1336 Ει
1124 1281 1338 1346 olleret,
1389 1302 1406 1335 ι
1449 1285 1646 1355 inquit,
1685 1302 1703 1334 ι
1742 1284 1809 1339 de
1860 1282 2086 1337 turturi-

506 1373 632 1435 bus,
667 1382 760 1427 aut
785 1373 852 1427 de
879 1373 1152 1429 columbis
1190 1391 1390 1430 munus
1421 1391 1580 1430 suum
1617 1377 1681 1428 ¹³.
1717 1395 1734 1426 ι
1777 1374 1883 1429 Sed
1917 1385 1970 1428 et
2002 1374 2085 1428 his

506 1466 919 1536 pauperiorem,
958 1474 1011 1520 et
1054 1465 1250 1520 viliora
1293 1466 1607 1521 oll'erentem
1658 1482 1766 1519 non
1819 1466 2085 1530 dedigna-

507 1563 618 1612 tur.
655 1575 673 1608 ι
705 1555 896 1611 Simila
927 1575 946 1609 ι
977 1557 1145 1617 enim,
1170 1558 1374 1626 inquit,
1412 1576 1429 1608 ι
1458 1559 1561 1612 erit
1593 1574 1791 1613 munus
1814 1559 1935 1627 ejus
1961 1557 2024 1622 ¹⁸,
2063 1577 2079 1609 ι

509 1646 757 1713 parabile
787 1647 987 1710 cuivis,
1030 1646 1248 1715 Opinor,
1283 1654 1334 1700 et
1368 1647 1516 1717 quod
1556 1656 1817 1703 extremae
1865 1663 2089 1720 pauper-

510 1737 642 1790 tatis
672 1744 877 1790 sortem
913 1735 1056 1789 haud
1095 1737 1326 1790 multurn
1356 1736 1572 1792 excedit
1603 1753 1806 1794 munus
1834 1741 2087 1810 praescri-

2809 472 2826 504 ι
2857 455 3081 524 Δράγμα
3139 451 3245 503 ὀῦκ
3291 451 3410 521 ἔχον
3479 453 3628 522 ἰσχὺν
3672 456 3763 508 τοῦ

2187 548 2407 617 ποιῆσαι
2441 547 2687 618 ἄλευρον·
2719 545 2814 599 ἐὰν
2839 544 2892 598 δέ
2923 546 3016 598 καὶ
3048 544 3272 614 ποιήσῃ,
3305 543 3574 614 ἀλλότριοι
3603 561 3763 598 κατα-

2185 641 2468 708 φάγονται.
2508 659 2525 690 ι
2581 640 2642 690 0i
2691 637 2798 708 γάρ
2845 636 2944 706 τῆς
2972 635 3107 707 πρὸς
3151 634 3284 688 Θεὸν
3323 635 3504 703 φιλίας
3540 637 3764 700 ἑαυτοὺς

2185 731 2500 803 ἀλλοτριοῦν
2535 730 2944 795 σπουδάζοντες,
2982 729 3074 783 τὸν
3106 726 3317 798 ἐραώδη
3356 727 3468 795 Ῐῃο.
3525 727 3765 800 γραώδη]

2186 823 2282 875 καὶ
2332 821 2533 890 ἀσθενῆ
2581 821 2679 889 τῆς
2723 819 2945 872 ἐκείνων
2994 817 3233 887 ἀμαθίας
3281 816 3765 887 καταθοινήσονται

2186 913 2359 979 λόγον.
2384 913 2560 982 Ὅπερ
2589 909 2681 965 οὖν
2711 910 2920 981 ἔφημεν
2955 911 3012 964 ἐν
3043 910 3207 979 ἀρχῇ,
3239 909 3432 978 χρῆναι
3472 904 3626 979 οἶμαι
3663 927 3766 962 πα-

2187 1004 2489 1074 λινδρομεῖν
2519 1004 2604 1056 ἐπ’
2623 1005 2818 1056 ἐκεῖνο.
2838 1005 3075 1072 Δυσχερε
3085 1001 3252 1070 στάτη
3272 1000 3390 1054 λίαν
3420 1000 3616 1071 ἐστίνή
3639 1002 3768 1074 περί

2185 1093 2294 1146 τῶν
2323 1093 2480 1144 θείων
2517 1091 2832 1163 μυστηρίων
2873 1089 3131 1160 ἐξήγησις
3152 1105 3166 1121 ·
3216 1088 3330 1142 ἀλλ’
3361 1089 3590 1160 ἐπείπερ
3621 1090 3768 1159 ἡμᾶς

2189 1183 2404 1246 πολλοῖς
2433 1181 2747 1244 ἀναπείθεις
2794 1183 2994 1250 λόγοις,
3039 1173 3084 1233 ὦ
3117 1179 3520 1247 φιλοπονώτατε
3550 1179 3764 1247 ἀδελφέ,

2188 1276 2441 1347 καθάπερ
2485 1275 2604 1329 τινὰ
2633 1274 2854 1346 χειλέων
2891 1275 3104 1346 καρπὸν
3137 1275 3230 1327 καὶ
3261 1273 3451 1326 θυσίαν
3481 1287 3768 1341 πνευματι-

2189 1372 2293 1440 κὴν
2321 1368 2602 1422 ἀναθεῖναι
2636 1369 2697 1422 τὸ
2730 1367 3091 1438 σύγγραμμα,
3131 1368 3229 1420 ’καὶ
3267 1364 3428 1418 τοῦτο
3466 1366 3638 1418 ποιεῖν
3671 1364 3768 1416 οὐκ

2189 1463 2426 1533 ὀκνήσω,
2454 1461 2531 1532 τῷ
2557 1459 2806 1530 σοφοῦντι
2827 1460 2954 1522 τοὺς
2982 1458 3215 1528 τυφλοὺς
3235 1457 3610 1528 ἐπιθαρσήσας
3628 1455 3767 1526 Θεῷ,

2190 1555 2286 1609 καί⁵
2306 1553 2555 1626 ζητοῦντι
2580 1554 2677 1624 μὲν
2700 1553 2827 1624 παρ’
2850 1552 3025 1624 ήμῶν,
3049 1551 3108 1604 οὑ
3132 1551 3347 1612 πάντως
3369 1549 3412 1602 δ’
3437 1549 3578 1620 ὑπὲρ
3598 1550 3768 1619 ἡμᾶς.

2189 1646 2463 1718 δεχομένῳ
2503 1647 2557 1699 δέ
2598 1645 2673 1709 ὼς
2712 1646 2894 1699 ἐκεῖνα
2931 1644 3027 1698 καὶ
3067 1644 3162 1706 τὰς
3207 1646 3271 1696 ἐκ
3305 1641 3412 1695 τῶν
3464 1640 3771 1709 πωχευὸν-

2189 1757 2298 1792 των
2346 1739 2732 1810 προσαγωγὰς.
2773 1739 2877 1790 Τὸν
2926 1736 3034 1807 γὰρ
3086 1735 3477 1806 προσκομίζειν
3521 1733 3771 1785 ἐθέλοντα

506 1827 667 1885 bens.
694 1827 889 1883 Melius
929 1827 1077 1882 enim
1116 1836 1266 1882 certe
1304 1844 1368 1882 ac
1409 1830 1762 1899 prastantius
1805 1831 2084 1900 legislator

2189 1831 2359 1902 δῶρον
2395 1833 2472 1894 εἰς
2504 1829 2859 1901 ὁλοκαύτωμα
2908 1828 2984 1898 τῷ
3033 1827 3251 1899 Κυρίῳ,
3302 1826 3553 1894 καθάπερ
3581 1819 3673 1877 οῦν
3714 1823 3771 1874 ἐν

507 1921 718 1977 sciebat
775 1936 933 1986 esse,
995 1922 1075 1974 vel
1136 1937 1344 1993 paucos
1400 1920 1592 1976 all‘erre
1646 1922 1864 1978 fructus
1921 1938 2084 1993 quam

507 2012 718 2068 nullum
765 2027 1019 2082 prorsus,
1061 2022 1113 2067 et
1157 2029 1225 2069 ne
1270 2012 1517 2069 videaris
1566 2015 1726 2069 alteri
1773 2017 1992 2079 cedere,
2028 2017 2084 2070 in

505 2119 626 2160 eam
681 2106 868 2160 venire
919 2106 1336 2175 cogitationem,
1370 2107 1613 2160 universi
1660 2105 1771 2161 Deo
1803 2123 1913 2162 non
1963 2123 2086 2164 esse

507 2213 737 2254 munera
768 2198 1088 2253 deferenda.
1125 2197 1223 2253 His
1270 2197 1529 2254 omnibus
1557 2197 1813 2268 equidem
1845 2214 1953 2254 non
1987 2201 2085 2255 abs

505 2305 568 2346 re
597 2305 919 2361 persuasus,
945 2297 1002 2345 et
1043 2291 1191 2344 omni
1222 2291 1584 2345 cunctatione
1613 2290 1819 2346 silentii
1853 2299 2086 2361 patrona

506 2399 576 2438 ex
609 2384 792 2438 animo
834 2399 954 2439 meo
1007 2385 1231 2453 rejecta,
1273 2383 1472 2453 quibus
1515 2383 1682 2439 rebus
1735 2391 1924 2454 potero
1979 2382 2086 2439 Do-

508 2473 721 2528 minurn
795 2491 974 2530 meum
1056 2472 1399 2530 remunerari
1476 2474 1676 2530 debere
1727 2475 1979 2546 putabo,
2031 2485 2086 2530 et

507 2564 734 2620 olleram
775 2565 1069 2636 quamdam
1105 2565 1269 2620 veluti
1309 2566 1546 2620 similam
1579 2565 1698 2620 oleo
1727 2575 2085 2631 maceratam,

506 2657 814 2715 doctrinam
849 2660 1106 2713 nimirum
1153 2672 1274 2729 quae
1314 2658 1666 2712 auditoribus
1708 2659 1975 2713 alimento
2011 2661 2088 2714 sit

508 2762 574 2804 ac
621 2747 914 2818 voluptati.
958 2746 1292 2818 Incipiemus
1344 2755 1528 2802 autem
1579 2763 1610 2803 a
1657 2745 1884 2803 Joannis
1914 2747 2088 2803 Evan-

2188 1925 2329 1995 ἀρχῇ
2382 1926 2559 1976 κεῖται
2602 1922 2696 1975 τοῦ
2751 1919 3073 1986 Λευῖτικοῦ,
3120 1918 3399 1988 βουθυτεῖν
3439 1913 3700 1979 ἐπιτάξας
3745 1916 3772 1965 ὁ

2187 2014 2486 2085 νομοθέτης
2508 2055 2522 2078 ,
2555 2013 2650 2066 καὶ
2679 2013 2744 2084 δὴ
2784 2013 2877 2065 καὶ
2907 2013 2963 2063 ἐν
2991 2011 3166 2081 τούτῳ
3198 2008 3300 2079 τῆς
3333 2010 3389 2061 ἐν
3421 2006 3578 2076 τύπῳ
3608 2007 3772 2074 τιμῆς

2188 2108 2376 2180 ὁρίσας
2425 2109 2485 2161 τὸ
2529 2107 2763 2178 μέτρον,
2802 2103 3116 2168 ὑποϐιὸάζει
3174 2101 3337 2156 πάλιν
3383 2101 3549 2164 αὐτὸ,
3608 2097 3772 2169 μηλο-

2190 2203 2418 2269 σφαγεῖν
2438 2200 2635 2271 χρῆναι
2665 2199 2837 2267 λέγων
2897 2198 3025 2260 τοὺς
3077 2197 3234 2267 οἵπερ
3261 2193 3328 2249 ἂν
3348 2188 3458 2246 εἷεν
3473 2193 3572 2262 οὐχ
3600 2190 3773 2244 ἱκανοὶ

2189 2291 2326 2363 πρὸς
2382 2293 2597 2344 ἐκεῖνο·
2647 2289 2763 2343 ἀλλ’
2810 2288 2928 2360 ᾔδει
2974 2287 3039 2358 δὴ
3083 2289 3322 2350 πάντως,
3369 2286 3454 2339 ὅτι
3504 2284 3600 2338 καὶ
3639 2283 3772 2354 πρὸς

2187 2386 2249 2436 τὸ
2298 2384 2457 2453 τυχὸν
2499 2380 2758 2451 ἀτονῆσαί
2800 2397 2952 2443 τινας
2999 2381 3031 2449 ἡ
3075 2378 3278 2448 στυγνὴ
3296 2377 3389 2430 καὶ
3418 2377 3772 2446 ἀνουθέτητος

2187 2475 2466 2528 ἀναπείσει
2503 2472 2696 2526 πενίαο
2721 2472 2812 2525 διά
2841 2471 2905 2539 γέ
2940 2488 3021 2524 τοι
3053 2469 3233 2534 τοῦτο,
3273 2488 3290 2519 ι
3324 2467 3434 2522 Καὶ
3475 2468 3772 2538 προσοίσει,

2189 2567 2374 2637 φησὶν,
2413 2565 2521 2620 ἀπὸ
2541 2565 2649 2618 τῶν
2677 2564 2975 2636 τρυγόνων,
3005 2563 3037 2631 ἢ
3066 2562 3174 2614 ἀπὸ
3212 2561 3320 2613 τῶν
3353 2559 3690 2630 περιστερῶν
3713 2560 3775 2610 τὸ

2188 2660 2360 2730 δῶρον
2391 2659 2555 2713 αὑτοῦ
2581 2677 2595 2690 ο
2629 2679 2647 2712 ι
2686 2659 2776 2712 τὸν
2803 2658 2860 2711 δέ
2885 2656 3193 2710 καὶτούτων
3211 2655 3289 2708 ἔτι
3327 2654 3771 2721 καταδεέστερον,

2191 2754 2285 2806 καὶ
2349 2752 2488 2822 μετὰ
2537 2751 2645 2805 τῶν
2688 2749 3082 2819 εὐτελεστέρων
3137 2747 3216 2800 ἔτι
3273 2747 3569 2818 προσιόντα
3617 2746 3770 2815 τιμᾷ.

508 2840 673 2910 gelio,
706 2854 964 2909 magnum
986 2847 1042 2894 et
1071 2837 1306 2892 arduum
1341 2853 1479 2893 sane
1511 2852 1656 2908 opus
1686 2839 1961 2909 aggressi,
1992 2838 2086 2894 sed

2196 2863 2214 2896 ι
2255 2843 2539 2914 Σεμίδαλις
2571 2843 2680 2916 γάρ
2713 2843 2887 2907 ἔσται,
2927 2861 2945 2894 ι
3003 2841 3134 2912 φησί
3167 2858 3184 2890 ι
3219 2839 3280 2892 τὸ
3321 2839 3492 2909 δῶρον
3524 2836 3712 2890 αὐτοῦ’
3751 2854 3769 2886 ι

507 2931 580 2985 ob
606 2930 767 2984 [idem
807 2945 916 2984 non
945 2929 1384 3000 despondentes.
1415 2927 1482 2982 Et
1517 2930 1701 2984 minus
1732 2930 1953 3000 quidem
1988 2945 2086 2985 nos

2192 2936 2530 3008 εὐπόριστον,
2563 2931 2716 3005 οἶμαί
2745 2953 2871 3001 που,
2924 2934 3107 2997 παντὶ,
3143 2933 3239 2987 καί
3269 2932 3542 3002 πτωχείαν
3568 2931 3664 3002 τὴν
3697 2933 3776 2991 εἰς

508 3021 762 3077 dicturos
818 3022 1270 3092 cogitaturosque
1337 3036 1502 3089 quam
1559 3029 1840 3091 oporteat,
1899 3023 2086 3093 procul

2191 3027 2360 3097 ἀκρον
2387 3026 2446 3078 οὺ
2467 3025 2668 3096 σφόδρα
2681 3023 3036 3079 πλεονεκτοῦν
3059 3023 3256 3095 ὁρίζων
3277 3023 3550 3092 ἀνάθημα.
3581 3022 3778 3091 Κρεῖτ-

508 3112 681 3170 dubio
741 3112 1025 3167 fatendum
1087 3123 1229 3168 est:
1278 3113 1373 3168 sed
1434 3129 1538 3168 nos
1605 3115 1811 3184 justam
1879 3117 1934 3170 in
1987 3116 2086 3171 hoc

2194 3136 2283 3173 τον
2320 3119 2427 3189 γὰρ
2470 3119 2645 3188 δήπου
2673 3120 2767 3172 καὶ
2802 3118 3022 3188 ἄμεινον
3067 3118 3096 3169 ὁ
3125 3116 3417 3187 νομοθέτης
3451 3114 3778 3184 ἐξηπίστατο

509 3207 727 3262 veniam
771 3208 1043 3275 petituros
1087 3207 1260 3259 multa
1290 3207 1609 3276 scriptionis
1643 3205 1768 3276 ejus
1797 3208 2086 3263 dillicultas

2196 3213 2257 3266 τὸ
2283 3213 2385 3267 κᾶν
2433 3213 2490 3266 ἐν
2539 3213 2740 3282 ὀλίγοις
2786 3212 3155 3284 καρποφορεῖν
3200 3207 3295 3262 τοῦ
3339 3205 3777 3277 ἀπεστειρῶσθαι

510 3295 833 3368 persuadet,
863 3304 956 3350 aut
991 3307 1161 3362 certe,
1189 3298 1333 3366 quod
1370 3301 1557 3352 verius
1587 3306 1692 3362 est,
1740 3300 2086 3357 imbecillitas

2196 3303 2497 3368 παντελῶς,
2530 3305 2669 3358 αἰδοῖ
2717 3321 2774 3357 τε
2832 3303 2924 3356 τοῦ
2957 3303 3030 3374 μὴ
3056 3303 3234 3355 δοκεῖν
3264 3301 3362 3370 τῆς
3387 3300 3587 3353 ἐτέοων
3613 3299 3777 3369 ἡττᾶ-

512 3388 720 3459 ingenii
767 3389 966 3443 nostri.
1003 3386 1217 3458 Ubique
1270 3407 1398 3444 vero
1439 3406 1694 3446 sermone
1743 3392 1809 3446 ad
1866 3392 2093 3462 dogma-

512 3480 682 3536 ticam
723 3481 1128 3552 expositionem
1172 3497 1442 3538 converso
1480 3481 1651 3538 falsas
1699 3484 2088 3538 haereticorum

512 3572 806 3643 opiniones
837 3588 939 3644 pro
970 3573 1184 3628 viribus
1212 3575 1645 3639 confutabimus,
1689 3592 1794 3631 non
1824 3585 2092 3648 quantum

512 3663 706 3720 liceret
746 3680 874 3720 eum
926 3665 1323 3736 protendendo,
1370 3667 1463 3722 sed
1526 3667 1803 3738 superﬂua
1862 3684 2095 3739 quaeque

512 3755 758 3811 tollendo
819 3765 876 3812 et
923 3757 1067 3812 intra
1124 3757 1343 3813 modum
1393 3761 1749 3815 continendo.
1798 3761 2093 3832 Subjectus

513 3854 700 3902 autem
783 3849 1032 3918 capitum
1103 3849 1380 3904 indiculus
1436 3851 1836 3907 demonstrabit
1907 3869 1971 3908 ea
2037 3854 2092 3908 in

512 3940 716 4009 quibus
770 3940 933 4011 longe
985 3941 1205 4011 lateque
1257 3957 1316 3996 se
1367 3943 1560 4013 pandit
1627 3945 1834 4010 oratio,
1889 3946 2094 4016 quibus

2199 3397 2322 3451 σθαι
2367 3398 2570 3468 χειρὸς,
2627 3399 2706 3461 εἰς
2759 3396 2850 3450 τὸν
2880 3397 2971 3450 ἐπὶ
3005 3395 3082 3467 τῷ
3110 3395 3186 3466 μὴ
3238 3395 3435 3466 χρῆναι
3466 3394 3630 3463 τιμᾷν
3671 3390 3780 3443 τῶν

2197 3490 2455 3544 ἁπάντων
2518 3491 2795 3559 Δεσπότην
2825 3489 3243 3542 συνελαύνεσθαι
3287 3485 3565 3556 λογισμόν.
3599 3483 3695 3536 Διά
3715 3481 3777 3550 δή

2194 3581 2398 3636 τούτων
2423 3582 2678 3636 ἁπάντων
2725 3581 3192 3651 ἀναπεπεισμένος
3239 3577 3497 3646 εὐλόγως,
3534 3575 3688 3628 ὄκνον
3720 3589 3777 3625 τε

2195 3673 2298 3744 τῆς
2328 3673 2539 3744 σιωπῆς
2599 3674 2692 3726 τὸν
2741 3675 3039 3744 συνήγορον
3093 3672 3193 3740 τῆς
3251 3667 3492 3740 ἐμαυτοῦ
3543 3665 3780 3726 διανοίας

2193 3766 2548 3837 ἀποπέμψας,
2607 3761 2799 3837 οἷσπερ
2841 3765 2905 3818 ἂν
2954 3765 3064 3834 ἔχοι
3125 3780 3190 3834 με
3241 3761 3337 3833 [αι.
3378 3757 3579 3830 ἔχοιμι]
3618 3759 3782 3826 τιμᾷν

2195 3859 2450 3928 οἰήσομαι
2504 3858 2615 3910 δεῖν
2670 3857 2761 3910 τὸν
2785 3856 3023 3927 ἐμαυτοῦ
3053 3854 3348 3922 Δεσπότην,
3384 3853 3476 3904 καὶ
3512 3849 3782 3919 προσοίσω

2197 3949 2601 4019 καθάπερτινά
2653 3949 2962 4019 σεμίδαλιν,
3025 3947 3191 4018 ἐλαίῳ
3248 3943 3630 4014 δεδευσμένην,
3690 3940 3782 3994 τὸν

512 4032 960 4102 ειίειωςηιιηιοτοε
986 4034 1341 4103 praeﬁximus,
1374 4046 1432 4090 ut
1462 4045 1665 4106 praesto
1692 4037 1763 4092 sit
1796 4039 2086 4094 lectoribus

2199 4044 2464 4112 τρόφιμόν
2522 4060 2582 4096 τε
2635 4043 2729 4096 καὶ
2772 4041 2951 4113 ἱλαρὸν
3003 4043 3113 4104 τοῖς
3157 4036 3560 4109 ἐντευξομένοις
3587 4033 3741 4102 λόγον
3765 4048 3780 4063 ο

514 4123 662 4194 quod
697 4127 978 4196 quaeritur.

2203 4134 2480 4205 ἀρξόμεθα
2513 4135 2568 4188 δὲ
2593 4136 2695 4204 τῆς
2740 4136 2987 4190 Ἰωάννου
3031 4132 3395 4204 Συγγραφῆς·
3426 4127 3648 4200 μεγάλῳ
3686 4125 3783 4196 μὲν

513 4212 633 4267 λίαν
697 4216 1101 4289 ἐπιχειροῦντες
1144 4217 1450 4288 πράγματι,
1491 4217 1627 4289 πλὴν
1677 4221 1776 4272 οὐκ
1821 4221 2137 4285 ἀτονοῦντες
2175 4223 2263 4274 διὰ
2289 4225 2388 4295 τὴν
2422 4225 2624 4278 πίστιν.
2647 4227 2753 4278 Καὶ
2782 4227 2979 4295 ὅτιμὲν
3003 4220 3094 4278 οὖν
3126 4225 3366 4287 ἔλαττον,
3416 4223 3558 4293 ἥπερ
3596 4221 3782 4290 ἐχρῆνν

513 4305 746 4377 ἐροῦμέν
774 4325 831 4361 τε
879 4309 972 4362 καὶ
995 4310 1277 4380 νοήσομεν,
1298 4310 1680 4379 ἀναμφιλόγως
1701 4313 2059 4382 ὁμολογητέον
2085 4330 2096 4340 ·
2143 4314 2223 4366 ὅτι
2261 4315 2317 4367 δὲ
2347 4316 2562 4370 δικαίαν
2601 4318 2693 4370 ἐπὶ
2725 4318 2897 4386 τούτῳ
2959 4317 3056 4388 τὴν
3101 4316 3429 4388 συγγνώμην
3467 4318 3784 4387 αἰτήσομεν,

512 4400 546 4468 ή
579 4399 749 4470 πολλὴ
778 4400 872 4453 τοῦ
923 4402 1357 4472 συγγράμματος
1408 4401 1691 4454 ἀναπείσει
1721 4400 2087 4472 δυσχέρεια,ἢ
2132 4402 2224 4456 καὶ
2248 4404 2383 4474 ὅπερ
2413 4407 2560 4459 ἐστὶν
2608 4405 2990 4476 ἀληθέστερον,
3026 4408 3058 4476 ή
3121 4407 3219 4473 τῆς
3259 4408 3316 4459 ἐν
3355 4408 3487 4477 ἡμῖν
3550 4403 3789 4474 διανοίας

514 4487 790 4542 ἀσθένεια.
829 4491 1085 4560 Πανταχῆ
1116 4489 1172 4542 δέ
1197 4490 1287 4543 τὸν
1331 4489 1487 4559 λόγον
1513 4492 1592 4553 εἰς
1615 4490 2095 4562 δογματικωτέραν
2134 4495 2556 4565 περιτρέποντες
2588 4495 2866 4565 ἐξήγησιν,
2897 4499 3018 4559 ταῖς
3080 4497 3188 4550 τῶν
3255 4496 3789 4570 ἐτεροδιδασκαλουν-

512 4593 621 4632 των
641 4579 1004 4649 ψευδοδοξίαις
1055 4581 1130 4644 ὼς
1163 4580 1308 4634 ἐστιν
1341 4580 1716 4652 ἀντιτάξομεν,
1757 4583 1856 4634 οὐκ
1899 4584 1978 4646 εἰς
2043 4584 2164 4637 ὅσον
2206 4583 2333 4655 ἐξῆν
2362 4586 2688 4649 ἐκτείνοντες
2712 4587 2903 4657 μῆκος,
2925 4587 3059 4640 ἀλλά
3080 4589 3172 4640 καὶ
3203 4587 3308 4641 τῶν
3331 4587 3597 4660 περιττῶν
3612 4586 3787 4640 ἀπαλο

518 4667 821 4736 λάττοντες,
855 4671 948 4725 καὶ
977 4672 1070 4726 τοῦ
1091 4673 1393 4744 πρέποντος
1419 4675 1518 4727 οὐκ
1543 4674 1732 4727 ἐπιδεᾶ
1797 4674 2135 4745 καταστῆσαι
2211 4680 2630 4744 σπουδάσαντες.
2679 4679 2742 4732 Ἡ
2777 4681 2832 4733 δέ
2874 4681 3285 4752 ὑποτεταγμένη
3336 4680 3444 4734 τῶν
3481 4679 3791 4751 κεφαλαίων

517 4766 943 4838 ὑποσημείωσις,
975 4769 1039 4823 τὰ
1063 4767 1241 4840 ἐφόἷς
1265 4773 1398 4841 ἡμῖν
1417 4771 1701 4825 ἐκτέταται
1749 4788 1864 4836 πως
1888 4774 1915 4825 ὁ
1944 4772 2100 4841 λόγος
2137 4778 2467 4845 καταστήσει
2493 4776 2725 4848 φανερά,
2769 4771 2849 4840 οἷς
2913 4779 3005 4831 καὶ
3072 4777 3336 4849 ἀριθμοὺς
3369 4776 3789 4848 παρεπήξαμεν,

516 4854 654 4926 πρὸς
677 4857 737 4909 τὸ
768 4860 862 4911 καί
885 4859 1003 4912 λίαν
1036 4861 1263 4930 ἐτοίμως
1280 4863 1695 4933 ἀνευρίσκεσθαι
1714 4865 1823 4926 τοῖς
1851 4864 2248 4935 ἐντευξομένοις
2281 4868 2340 4919 τὸ
2375 4866 2724 4938 ζητούμενον.

595 5039 636 5070 ¹³
666 5036 832 5094 Levit.
871 5059 906 5105 ι,
940 5044 1022 5097 Li.
1105 5043 1145 5072 "
1178 5043 1348 5098 Levit.
1381 5060 1437 5106 ll,
1470 5044 1517 5098 l.
