4168 6576
317 414 380 469 υ
1344 404 1411 460 IN
1440 405 1723 463 JOANNIS
1764 406 2223 466 EVANGELIUM
2270 407 2402 463 LIB.
2431 408 2474 465 ι.
3514 398 3577 455 I8

309 551 3577 602 W-

1667 718 2243 815 ΚΕΦΑΛΑΙΑ

1477 912 1579 971 TA;
1628 913 1719 965 EN
1764 912 1851 984 To
1913 909 2438 983 ΠΡΩΤῼΒΙΒΛΙῼ.

1779 1241 2194 1333 CAPITA

1274 1436 1439 1505 QUAS
1474 1435 1538 1490 IN
1576 1435 1784 1491 LIBRO
1822 1433 2038 1491 PRIMO
2072 1427 2589 1491 CONTINENTUR.

312 1764 380 1813 α’.
413 1756 541 1810 Ὅτι
562 1754 750 1822 ἀΐδιος
776 1755 875 1809 καὶ
912 1755 1027 1830 πρὸ
1061 1752 1180 1809 τῶν
1210 1754 1440 1810 αἰώνων
1462 1756 1494 1809 ό
1528 1752 1895 1825 Μονογενήςέ

381 1847 771 1918 προκειμένου
794 1849 1007 1917 ῥητοῦ,
1040 1868 1058 1900 ι
1101 1850 1204 1903 Ἐν
1252 1846 1410 1917 ἀρχῇ
1449 1843 1529 1917 ἦν
1558 1850 1590 1901 ό
1621 1848 1833 1916 Λόγος.
1872 1864 1889 1898 ι

314 1940 381 2011 β’.
433 1940 563 1994 Ὀτι
620 1940 763 2005 Θεὸς
801 1940 1121 2009 όμοούσιος
1173 1937 1252 2004 τῷ
1300 1938 1482 2008 Πατρὶ
1536 1936 1826 2007 ὑπάρχων
1865 1938 1897 1989 ό
1994 1961 2050 2015 2.

392 2032 543 2099 Υἱός,
579 2033 649 2087 έν
692 2032 809 2101 ἰδίᾳ
859 2032 1030 2086 ἐστὶν
1057 2031 1415 2097 ὑποστάσει,
1460 2030 1676 2102 ὁμοίως
1698 2029 1767 2083 δὲ
1796 2028 1896 2083 καὶ

384 2128 417 2179 ό
446 2124 648 2193 Πατήρ
672 2140 685 2153 ⁵
714 2125 1107 2196 προκειμένου
1126 2125 1339 2194 ῥητοῦ,
1370 2143 1388 2178 ι
1412 2125 1518 2179 Καὶ
1540 2128 1573 2179 ό
1596 2126 1790 2194 Λόγος
1818 2118 1899 2193 ἦν

382 2219 532 2287 πρὸς
561 2218 667 2271 τόν
695 2219 863 2273 Θεόν.
890 2236 908 2269 ι

308 2320 378 2382 γ’.
421 2314 543 2367 ’Ότι
605 2310 749 2379 Θεὸς
784 2312 939 2366 κατὰ
967 2312 1179 2382 φύσιν,
1225 2312 1324 2366 καὶ
1355 2312 1484 2368 κατ’
1504 2311 1725 2367 οὐδένα
1766 2312 1895 2379 τρόε

380 2420 518 2469 πον,
542 2405 579 2474 ἢ
608 2404 892 2470 ἐλάττων,
920 2405 958 2473 ἢ
982 2405 1263 2475 ἀνόμοιός
1286 2404 1419 2461 ἐστι
1458 2403 1564 2459 τοῦ
1609 2401 1842 2472 Πατρός
1865 2405 1898 2456 ό

387 2498 539 2564 Υἱόςο
572 2496 964 2568 προκειμένου
1008 2496 1221 2565 ῥητοῦ,
1277 2517 1295 2549 ι
1342 2496 1450 2551 Καὶ
1505 2496 1651 2561 Θεὸς
1719 2490 1799 2564 ἦν
1864 2496 1898 2548 ό

381 2593 594 2662 Λόγος.
632 2609 651 2643 ι

306 2684 367 2737 δ’.
406 2682 561 2751 Πρός
581 2681 723 2749 τοὺς
739 2680 1081 2751 τολμῶντας
1111 2680 1333 2751 λέγειν,
1364 2680 1454 2734 ὅτι
1491 2679 1695 2747 ἕτερός
1725 2678 1897 2733 ἐστιν

379 2774 715 2841 ὲινδιάθετός
764 2792 827 2829 τε
885 2773 981 2828 καὶ
1039 2772 1299 2841 φυσικός
1338 2772 1408 2825 έν
1472 2772 1653 2840 Πατρὶ
1683 2772 1894 2840 Λόγος,

384 2865 481 2919 καὶ
504 2865 752 2933 ἐτεροςό
775 2867 938 2933 παρὰ
965 2863 1097 2931 ταῖς
1120 2864 1305 2929 θείαις
1340 2862 1607 2932 Γραφαῒς
1650 2861 1899 2931 λεγόμε-

384 2976 489 3025 νος
512 2960 689 3024 Υἱός·
716 2959 848 3013 ἔστι
876 2955 945 3009 δέ
976 2954 1094 3010 τῶν
1119 2957 1250 3023 περὶ
1264 2956 1562 3024 Εὐνόμιον
1586 2955 1623 3023 ἠ
1654 2954 1896 3020 τοιαύτη

384 3050 745 3115 κακοδοξίαν*
783 3049 1085 3119 πρόκειται
1113 3046 1181 3101 δέ
1213 3046 1277 3101 τό
1294 3045 1487 3116 ῥητόν
1514 3087 1529 3112 ,
1566 3062 1587 3097 ι
1615 3039 1805 3111 οὗτος
1820 3040 1900 3114 ἦν

384 3142 451 3197 ἐν
476 3141 633 3209 ἀρχῇ
653 3140 804 3208 πρός
831 3140 940 3193 τόν
973 3140 1140 3193 Θεόν.
1174 3157 1191 3189 ι

310 3241 370 3287 ε’.
400 3236 528 3287 Ὅτι
549 3231 700 3286 κατὰ
746 3232 934 3301 φύσιν
955 3230 1315 3299 δημιουργός
1352 3231 1385 3283 ό
1418 3227 1546 3294 Υἱός
1582 3227 1734 3297 μετὰ
1778 3230 1898 3281 Πα-

380 3324 541 3393 τρός,
586 3325 667 3391 ὠς
703 3324 771 3377 ἐκ
830 3322 940 3392 τῆς
986 3320 1201 3388 οὐσίας
1230 3319 1521 3390 ὑπάρχων
1558 3318 1769 3386 αὑτοῦ,
1799 3318 1898 3373 καὶ

377 3420 490 3485 οὐχ
512 3414 713 3484 ὥσπερ
732 3414 1035 3484 ὑπουργὸς
1066 3414 1679 3481 παραλαμϐανόμενος
1706 3427 1721 3442 ·
1758 3424 1899 3478 προ-

380 3509 657 3579 κειμένου
704 3506 910 3576 ῥητοῦ,
947 3524 966 3557 ι
1004 3503 1208 3559 Πάντα
1232 3503 1308 3557 δι’
1358 3502 1545 3558 αὐτοῦ
1578 3501 1834 3574 ἐγένετο.
1873 3520 1892 3553 ›

312 3608 385 3667 ς’.
415 3602 544 3655 Ὀτι
595 3598 706 3667 ζωὴ
747 3597 898 3653 κατὰ
932 3597 1123 3667 φύσιν
1181 3595 1353 3650 ἐστὶν
1379 3597 1411 3649 d
1467 3595 1620 3660 Υίός.
1662 3595 1761 3649 καὶ
1801 3592 1899 3649 διὰ

382 3693 556 3747 τοῦτο
585 3694 656 3746 οὐ
678 3688 948 3760 γενητὸς,
990 3686 1213 3742 ἀλλ’έκ
1242 3685 1352 3755 τῆς
1380 3686 1590 3751 οὐσίας
1616 3685 1721 3741 τοῦ
1748 3684 1898 3741 Θεοῦ

382 3779 477 3832 καὶ
514 3778 771 3845 Πατρός·
803 3774 1193 3846 προκειμένου
1211 3774 1423 3843 ῥητοῦ,
1459 3792 1479 3826 ι
1523 3776 1585 3827 Ὃ
1624 3773 1892 3845 γέγονεν,

379 3870 449 3923 έν
478 3867 639 3934 αὐτῷ
672 3866 784 3937 ζωὴ
816 3864 915 3939 ἦν.
955 3886 974 3917 ι

314 3960 381 4024 ζ’·.
433 3960 564 4013 Ὀτι
599 3957 722 4029 φῶς
764 3958 914 4013 κατὰ
944 3959 1135 4028 φύσιν
1167 3959 1340 4014 ἐστὶν
1382 3961 1417 4014 ό
1454 3960 1609 4027 Υἱός,
1664 3959 1764 4016 καὶ
1800 3960 1900 4016 διὰ

379 4050 556 4105 τοῦτο
588 4053 660 4105 οὐ
695 4050 1201 4121 γενητός,ἀλλ’έκ
1228 4051 1341 4119 τῆς
1365 4053 1581 4117 οὐσίας
1612 4051 1719 4107 τοῦ
1748 4051 1897 4107 Θεοῦ

382 4142 481 4196 και
518 4141 769 4210 Πατρός,
795 4142 877 4208 ὡς
928 4139 1056 4211 φῶς
1098 4141 1391 4210 ἀληθινόν
1411 4142 1481 4196 έκ
1520 4142 1716 4212 φωτὸς
1746 4143 1895 4212 ἀλη-

381 4233 569 4288 θινοῦ·
620 4234 1013 4301 προκειμένου
1045 4234 1257 4304 ῥητοῦ,
1295 4254 1315 4287 ι
1354 4234 1462 4290 Καὶ
1498 4235 1536 4303 ή
1569 4232 1681 4302 ζωὴ
1729 4231 1896 4306 ἦντὸ

383 4323 509 4393 φῶς
538 4323 657 4377 τῶν
676 4324 1022 4392 ἀνθρώπων.
1060 4345 1077 4374 ι

304 4415 509 4488 affari
526 4415 716 4484 μόνος
736 4418 767 4469 ό
796 4414 929 4481 Υἱός
941 4416 1044 4470 τοῦ
1070 4416 1239 4481 Θεοῦ,
1259 4414 1383 4485 φῶς
1397 4416 1567 4469 ἐστιν
1579 4416 1895 4483 ἀληθινόν·

379 4506 417 4571 ’ἠ
452 4506 520 4559 δέ
544 4507 738 4573 κτίσις
768 4506 989 4567 οὐκέτι,
1017 4508 1212 4575 φωτός
1248 4501 1409 4561 οὖσα
1434 4506 1686 4575 μέτοχος
1740 4505 1891 4579 [ἅτε]

383 4598 628 4669 γενητή·
662 4597 1057 4667 προκειμένου
1075 4597 1266 4666 ῥητοῦ
1291 4637 1306 4661 ,
1348 4616 1367 4647 ι
1398 4592 1509 4651 Ἦν
1562 4597 1627 4650 τὸ
1662 4596 1789 4667 φῶς
1828 4599 1894 4651 τὸ

380 4692 695 4757 ἀληθινόν.
735 4710 753 4740 ι

304 4788 376 4840 6'.
413 4784 544 4836 ’Ότι
584 4784 655 4837 οὐ
709 4780 1074 4850 προϋπάρχει
1106 4779 1210 4833 τοῦ
1249 4778 1521 4849 σώματος
1567 4780 1604 4847 ἡ
1655 4778 1761 4832 τοῦ
1798 4779 1901 4833 ἀνε-

383 4876 618 4945 θρώπου
649 4874 842 4943 ψυχὴ,
885 4873 1029 4927 οὐδὲ
1081 4872 1149 4926 ἐκ
1183 4873 1602 4943 πρεσϐυτέρων
1643 4872 1903 4941 ἁμαρτη-

378 4964 582 5036 μάτων
612 4964 651 5031 η
695 4963 1043 5032 σιοιμάτωσις
1068 4961 1220 5016 κατά
1254 4979 1422 5028 τινας
1444 4976 1458 4991 ⁸
1511 4962 1900 5031 προκειμένου

376 5057 601 5127 ῥητοῦ,
642 5077 660 5108 ι
692 5052 812 5113 Ἦν
852 5055 918 5110 τό
951 5054 1077 5125 φῶς
1110 5057 1177 5110 τὸ
1226 5055 1538 5122 ἀληθινόν,
1591 5054 1622 5108 ὃ
1669 5052 1895 5125 φωτίζει

384 5148 584 5202 πάντα
627 5148 939 5214 ἄνθρωπον
978 5147 1305 5217 ἐρχόμενον
1339 5149 1425 5211 είς
1466 5147 1573 5200 τόν
1627 5147 1891 5214 κόσμον-⁸

385 5242 458 5293 ἐν
482 5239 564 5305 τῷ
598 5240 803 5307 κόσμῳ
827 5233 926 5306 ἦν.
962 5256 979 5290 ι

309 5337 364 5391 ι’.
403 5335 533 5387 Ὅτι
567 5334 756 5401 μόνος
788 5330 938 5384 κατὰ
973 5330 1164 5399 φύσιν
1204 5329 1335 5394 Υἱός
1362 5329 1430 5382 ἐκ
1461 5328 1687 5397 Πατρός
1722 5332 1752 5381 o’
1774 5331 1893 5382 Mo-

383 5422 666 5495 νογενὴς,
682 5422 840 5489 ὠςέξ
852 5422 1058 5485 αὐτοῦ,
1078 5422 1175 5476 καὶ
1192 5422 1262 5476 έν
1286 5419 1447 5488 αὐτῷ
1464 5436 1478 5450 ⁸
1502 5420 1892 5489 προκειμένου

378 5515 604 5585 ῥητοῦ,
644 5534 659 5565 ι
698 5514 847 5567 Θεόν
883 5512 1082 5577 οὐδεὶς
1105 5513 1324 5581 ἑώρακε
1344 5512 1596 5567 πώποτε.
1639 5531 1655 5560 ι

2001 1777 2053 1831 1.
2135 1776 2289 1843 Quod
2345 1784 2571 1830 teternus
2610 1785 2661 1830 et
2695 1783 2817 1829 ante
2872 1770 3072 1828 saecula
3123 1769 3192 1823 sit
3242 1765 3599 1837 Unigeuitus,

2066 1868 2333 1937 proposito
2369 1865 2533 1932 dicto,
2562 1885 2581 1918 ι
2635 1866 2703 1921 1η
2730 1864 2991 1936 principio
3024 1870 3142 1917 erat
3190 1859 3435 1914 Verbum.
3479 1878 3496 1909 ι

2095 1961 2249 2027 Quod
2271 1970 2320 2014 et
2354 1959 2495 2015 Deus
2548 1968 2599 2013 et
2627 1954 3094 2013 consubstantialis
3143 1951 3299 2004 Patri
3349 1966 3467 2003 cum
3512 1952 3579 2003 sit

2067 2053 2267 2115 Filius,
2299 2054 2353 2107 in
2372 2053 2593 2122 propria
2639 2059 2716 2105 est
2754 2047 3051 2120 hypostasi,
3104 2043 3353 2099 similiter
3400 2048 3580 2100 autem

2068 2154 2118 2199 et
2148 2144 2307 2198 Pater
2337 2159 2355 2197 :
2384 2143 2654 2213 proposito
2692 2142 2859 2207 dicto,
2895 2158 2913 2191 ι
2952 2137 3021 2191 Et
3050 2135 3275 2191 Verbum
3303 2142 3418 2189 erat
3439 2133 3582 2202 apud

2071 2235 2261 2291 Deum.
2302 2254 2320 2288 ι

1997 2329 2050 2383 3.
2092 2326 2249 2395 Quod
2281 2326 2421 2382 Deus
2474 2324 2761 2382 secundum
2794 2330 3068 2384 naturam,
3108 2334 3197 2371 nec
3250 2316 3360 2370 ullo
3415 2313 3572 2369 modo

2069 2430 2162 2476 aut
2194 2422 2402 2488 minor,
2434 2428 2527 2474 aut
2560 2417 2838 2473 dissimilis
2863 2413 3019 2469 Patri
3056 2412 3125 2467 sit
3159 2408 3360 2474 Filius,
3390 2423 3583 2479 propo-

2068 2516 2170 2569 sito
2198 2513 2365 2579 dicto,
2414 2532 2433 2565 ι
2474 2512 2543 2567 Et
2597 2511 2733 2565 Deus
2771 2517 2885 2564 erat
2931 2504 3175 2560 Verbum.
3214 2523 3234 2556 ι

1997 2690 2049 2743 4.
2090 2688 2352 2743 Adversus
2390 2704 2477 2743 eos
2517 2688 2607 2757 qui
2652 2685 2829 2739 dicere
2858 2682 3076 2744 audent,
3110 2677 3263 2733 aliud
3310 2693 3421 2731 esse
3448 2676 3583 2729 inte-

2067 2778 2178 2829 rius
2208 2778 2345 2831 illud
2361 2789 2410 2831 et
2436 2776 2682 2832 naturale
2702 2777 2757 2829 in
2799 2773 2961 2827 Patre
3000 2770 3254 2835 Verbum,
3282 2766 3460 2832 aliud,
3490 2767 3585 2837 qui

2070 2869 2209 2936 apud
2249 2868 2456 2923 divinas
2500 2867 2803 2937 Scripturas
2848 2863 3026 2918 Filius
3086 2862 3417 2925 nominatur,
3463 2874 3583 2930 qua:

2068 2961 2366 3028 perniciosa
2406 2961 2866 3015 Eunomianorum
2897 2966 2973 3012 est
3004 2955 3204 3025 opinio.
3248 2951 3582 3022 Proponitur

2070 3060 2246 3105 autem
2274 3051 2475 3106 dictum
2504 3051 2673 3105 illud:
2704 3069 2721 3102 ι
2763 3048 2878 3103 Hoc
2898 3059 3011 3103 erat
3048 3050 3103 3101 in
3132 3048 3393 3116 principio
3438 3043 3580 3115 apud

1984 3156 1989 3161 '
2074 3140 2259 3197 Deum.
2293 3160 2312 3194 ι

1997 3235 2051 3289 5.
2094 3234 2249 3300 Quod
2276 3243 2469 3287 natura
2492 3250 2593 3287 sua
2624 3241 2831 3289 creator
2853 3233 2916 3287 sit
2947 3231 3123 3286 Filius
3152 3246 3272 3285 cum
3300 3228 3482 3291 Patre,
3522 3237 3580 3279 ut

2064 3326 2153 3395 qui
2178 3340 2242 3378 ex
2273 3325 2387 3393 ejus
2416 3325 2739 3391 substantia,
2793 3334 2843 3379 et
2892 3341 2996 3379 non
3046 3334 3301 3393 tanquam
3336 3321 3581 3376 minister

2068 3415 2136 3470 ad
2169 3418 2221 3470 id
2248 3426 2571 3485 assumptus,
2594 3418 2862 3487 proposito
2901 3416 3068 3482 dicto,
3097 3434 3116 3467 ι
3154 3414 3346 3469 Omnia
3379 3428 3472 3481 per
3499 3412 3580 3483 ip-

2068 3524 2184 3561 sum
2209 3507 2355 3577 facta
2382 3520 2525 3566 sunt.
2557 3528 2576 3561 ›

1997 3600 2050 3656 6.
2083 3600 2236 3667 Quod
2263 3601 2370 3655 vita
2412 3602 2693 3657 secundum
2752 3610 3004 3655 naturam
3047 3600 3114 3654 sit
3167 3599 3365 3663 Filius,
3425 3607 3579 3668 atque

2066 3692 2186 3747 ideo
2208 3709 2311 3747 non
2344 3703 2577 3760 creatus,
2608 3694 2699 3750 sed
2723 3711 2787 3749 ex
2807 3694 3110 3751 substantia
3156 3692 3249 3746 Dei
3276 3708 3340 3745 ac
3372 3690 3577 3752 Patris.

2066 3786 2335 3855 proposito
2358 3784 2517 3851 dicto,
2567 3803 2587 3838 ι
2641 3786 2797 3854 Quod
2826 3788 3027 3856 factum
3049 3795 3148 3849 est,
3204 3785 3257 3838 in
3304 3785 3416 3852 ipso
3464 3784 3579 3837 vita

2063 3889 2201 3933 erat.
2248 3898 2265 3929 ι

1999 3968 2049 4021 7.
2088 3967 2241 4033 Quod
2262 3966 2357 4021 lux
2396 3969 2684 4023 secundum
2720 3980 2971 4023 naturam
2994 3970 3065 4023 sit
3111 3965 3311 4030 Filius,
3358 3974 3408 4020 et
3450 3980 3576 4033 pro-

2064 4062 2183 4115 inde
2206 4078 2307 4115 non
2325 4074 2557 4128 creatus,
2595 4062 2685 4118 sed
2707 4079 2771 4118 cx
2795 4062 3099 4118 substantia
3138 4060 3234 4115 Dei
3267 4077 3328 4114 ac
3363 4058 3575 4121 Patris,

2068 4161 2125 4205 ut
2150 4153 2243 4207 lux
2272 4170 2391 4207 vera
2411 4154 2474 4208 de
2516 4155 2629 4209 luce
2658 4172 2801 4221 vera,
2833 4156 3101 4224 proposito
3136 4154 3302 4220 dicto,
3330 4172 3347 4204 ι
3386 4150 3450 4205 Et
3473 4152 3580 4205 vita

2068 4253 2181 4295 erat
2209 4242 2303 4296 lux
2334 4243 2625 4298 hominum.
2667 4264 2683 4297 ι

2001 4423 2054 4479 8.
2098 4421 2253 4489 Quod
2282 4421 2427 4475 solus
2476 4421 2651 4476 Filius
2701 4422 2795 4476 Dei
2833 4424 2900 4475 sit
2946 4439 3066 4477 vera
3124 4423 3217 4476 lux
3263 4435 3280 4475 :
3329 4433 3576 4477 creatura

2073 4530 2175 4566 non
2200 4513 2321 4567 item
2349 4556 2363 4579 ,
2403 4530 2523 4566 cum
2558 4516 2627 4568 sit
2658 4513 2790 4567 lucis
2829 4515 3087 4583 particeps
3132 4524 3309 4584 utpote
3359 4526 3572 4570 creata:

2072 4606 2341 4676 proposito
2379 4607 2543 4669 dicto,
2592 4628 2607 4657 ι
2656 4605 2785 4659 Erat
2811 4607 2904 4659 lux
2936 4624 3076 4661 vera.
3118 4626 3136 4657 ι

2002 4783 2053 4837 9.
2098 4781 2250 4849 Quod
2285 4782 2511 4837 hominis
2555 4784 2737 4836 anima
2796 4793 2917 4837 ante
2952 4798 3141 4851 corpus
3169 4798 3271 4839 non
3324 4782 3573 4843 exsistat,

2073 4890 2231 4942 neque
2260 4873 2322 4927 ob
2349 4874 2694 4940 prwcedentia
2717 4883 2935 4943 peccata
2967 4876 3172 4944 corpori
3202 4875 3575 4941 immergatur,

2076 4977 2131 5019 ut
2189 4967 2429 5021 nonnulli
2475 4979 2717 5022 asserunt
2756 4984 2773 5021 :
2815 4968 3081 5038 proposito
3133 4967 3273 5020 dicto
3300 5010 3313 5032 ,
3354 4983 3372 5015 ι
3440 4962 3576 5019 Erat

2078 5059 2169 5112 lux
2204 5074 2350 5119 vera,
2379 5059 2790 5130 quceilluminat
2836 5076 3037 5114 omnem
3084 5058 3339 5111 hominem
3371 5056 3577 5110 venien-

2075 5159 2172 5203 tem
2210 5149 2262 5202 in
2290 5150 2425 5203 hunc
2460 5150 2733 5205 mundmn.
2794 5149 2857 5204 In
2892 5149 3083 5203 mundo
3108 5157 3241 5201 erat.
3271 5165 3290 5199 ι

2003 5239 2097 5301 10.,
2133 5238 2450 5304 Qnoxlsolus
2470 5242 2754 5295 secundum
2797 5251 3042 5294 naturam
3096 5236 3271 5292 Filius
3301 5254 3365 5293 ex
3412 5237 3574 5292 Patre

2074 5333 2143 5385 sit
2176 5331 2504 5402 Unigenitus,
2540 5344 2595 5387 ut
2621 5350 2685 5387 ex
2715 5335 2850 5403 ipso,
2883 5343 2933 5387 et
2954 5334 3008 5385 in
3036 5332 3172 5400 ipso,
3197 5330 3464 5399 proposito
3490 5327 3573 5382 di-

2070 5430 2177 5483 cto,
2221 5440 2236 5471 ι
2264 5419 2425 5475 Deum
2458 5438 2607 5475 nemo
2638 5420 2765 5475 vidit
2796 5436 3050 5489 unquam.
3091 5437 3107 5470 ι
