4168 6548
585 406 606 458 ί
623 402 655 461 9
1579 405 1636 459 S.
1671 403 1948 460 CYR‘ILLI’
1979 399 2457 457 ALEXANDRINI
2483 398 2805 456 ARClllEi‘.
3779 396 3852 453 ΞΘ

598 561 799 583 ιρι-α-

1400 720 1626 805 ΤΟΥ
1698 722 1840 806 ΕΝ
1905 716 2266 804 ΛΓΙΟΙΣ
2303 715 2737 803 ΠΑΤΡΟΣ
2799 714 3143 800 ΗΜΩΝ-

1093 1149 2204 1242 ΑΡΧΙΕΠΙΣΚΟΠΟΥ
2334 1135 3344 1232 ΑΛΕΞΑΝΔΡΕΙΛΣ

1783 1333 2112 1394 ΕΞΠΓΗΣΙΣ
2150 1329 2731 1390 ΥΠΟΜΝΗΜΑΤΙΚΗ

741 1501 983 1613 ΕΙΣ
1064 1498 1269 1618 ΤΟ
1371 1501 1786 1621 ΚΑΤΑ
1879 1501 2579 1614 ΙΩΑΝΝΗΝ
2700 1489 3712 1680 ΕΥΑΓΙῈΔΙΟΝ.

1820 1723 2182 1818 ΛΟΓΟΣ
2257 1722 2722 1808 ΠΡΩΤΟΣ.

1484 2082 1642 2236 S.
1688 2089 1861 2235 P.
1925 2087 2106 2237 N.
2168 2085 2954 2238 CYBILLI

1281 2371 2098 2468 ALEXANDRI/E
2234 2369 3155 2469 ABCHIEPISCOP'I

1943 2566 2555 2630 COMMENTARIUS.

948 2774 1110 2893 IN
1249 2773 1368 2892 S.
1507 2773 2214 2890 JOANNIS
2340 2771 3489 2923 EVANGELIUM,

1743 3015 2103 3104 LIBER
2184 3014 2675 3156 PRIMUS.

2177 3237 2246 3249 ..ο

673 3376 811 3450 6-7
844 3375 1136 3444 Perspicax
1173 3386 1380 3437 revera.
1418 3383 1469 3429 et
1499 3373 1765 3435 divinitus
1801 3371 1991 3427 edocla
2016 3386 2172 3427 mens

2359 3374 2613 3444 Ἀκριδὴς
2646 3374 2814 3441 ὅντως
2861 3376 2955 3430 καὶ
2995 3374 3329 3435 θεοδίδακτος
3357 3371 3464 3427 τῶν
3495 3371 3666 3440 ἁγίων
3694 3371 3864 3440 εὐαγε.

604 3474 690 3520 est
719 3473 1036 3520 sanctorum
1059 3465 1540 3535 evangelistarum,
1568 3478 1689 3532 qua:
1723 3464 1871 3517 velut
1899 3479 1929 3518 e
1963 3461 2179 3524 tumulo

605 3557 842 3628 quodam
885 3571 950 3610 ac
975 3555 1196 3625 specula
1230 3556 1532 3626 magniﬁca:
1569 3555 2049 3624 contemplationis
2075 3570 2190 3608 un-.

606 3650 770 3718 dique
791 3647 1174 3718 circumSpicit
1197 3646 1343 3716 quod
1365 3648 1488 3704 usui
1522 3647 1593 3701 sit
1617 3646 1980 3710 auditoribus,
2007 3656 2061 3700 et
2085 3663 2181 3702 ve-

607 3742 850 3795 hementi
880 3739 1062 3794 studio
1081 3739 1300 3810 indagat
1321 3739 1466 3809 quod
1486 3739 1797 3796 conducere
1828 3747 1978 3809 putet
1997 3740 2067 3794 iis
2086 3739 2180 3809 qui

605 3846 794 3885 veram
832 3831 1145 3886 divinorum
1169 3831 1478 3886 doctrinam
1532 3833 1844 3903 dogmatum
1878 3832 2097 3898 sitiunt,
2127 3840 2184 3890 et

607 3923 925 3979 abstrusum
951 3925 1003 3977 in
1025 3923 1552 3992 Scripturisl‘divinis
1572 3937 1721 3979 recto
1753 3926 1934 3986 animo
1956 3939 2194 3982 sensum

608 4015 914 4086 inquirunt.
938 4013 1055 4070 Non
1077 4015 1220 4070 enim
1252 4015 1488 4071 curiosis
1516 4015 1950 4086 indagatoribus,
1979 4019 2185 4088 quique

607 4108 853 4162 sinuosis
890 4107 1162 4162 rationum
1216 4108 1478 4162 versutiis
1524 4109 1708 4178 potius
1751 4125 1916 4178 quam
1948 4109 2185 4165 veritate

606 4197 973 4259 delectantur,
1011 4197 1218 4251 revelat
1259 4195 1520 4268 Spiritus,
1552 4216 1675 4253 cum
1716 4216 1815 4255 nec
1859 4202 1913 4255 in
1949 4203 2186 4257 malevo-

607 4286 715 4340 lam
748 4287 986 4341 animam
1034 4287 1273 4342 introeat
1307 4287 1595 4358 sapientia,
1640 4305 1819 4358 neque
1861 4306 2028 4360 porro
2059 4306 2187 4360 pre-

607 4374 784 4430 tiosas
814 4376 1142 4444 margaritas
1172 4391 1462 4450 porcorum
1507 4377 1739 4447 pedibus
1780 4380 1954 4434 obteri
2017 4380 2184 4444 sinat,

613 4465 708 4520 sed
745 4465 798 4518 in
832 4465 1224 4535 simpli‘ciorum
1275 4467 1553 4526 mentibus
1597 4469 1964 4525 libentissime
1999 4485 2186 4526 verse-

613 4564 726 4620 tur,
767 4557 1066 4625 praesertim
1103 4571 1227 4610 cum
1265 4566 1318 4611 et
1352 4559 1685 4616 sinceriures
1717 4570 1899 4616 motus
1925 4561 2183 4626 habeant,

612 4653 671 4702 ct
709 4661 878 4701 vanas
909 4647 1210 4716 argutiolas
1242 4660 1527 4718 respuant,
1553 4652 1835 4722 quibuss
1861 4668 2006 4723 saepe
2039 4653 2095 4707 lit
2129 4662 2186 4706 ut

613 4740 945 4806 percellatur
989 4740 1230 4806 animus,
1274 4753 1328 4798 et
1367 4759 1629 4816 perverso
1669 4744 1910 4806 ﬂexude
1946 4755 2105 4801 necta.
2135 4741 2262 4801 etB

613 4833 763 4899 regia
801 4832 883 4884 via
921 4832 1189 4887 decedat:
1254 4854 1272 4885 ι
1322 4836 1579 4891 Ambulat
1638 4837 1787 4891 enim
1846 4836 2186 4896 conﬁdenter

614 4925 710 4995 qui
762 4924 1085 4990 simpliciter
1133 4927 1398 4994 ambulat,
1439 4948 1458 4980 ι
1497 4937 1555 4982 ιιι
1612 4937 1696 4982 est
1749 4929 1892 4998 apud
1932 4926 2185 4992 Salonio-

528 5082 535 5088 ι
616 5032 740 5071 nem
779 5017 862 5070 “".
889 5017 1027 5072 Cum
1071 5033 1204 5088 ergo
1235 5020 1501 5076 mirabilis
1527 5021 1598 5076 sit
1622 5019 1676 5075 in
1714 5021 1923 5076 sanctis
1953 5037 2186 5089 evange-

615 5109 762 5164 listis
791 5119 1051 5164 accurata
1086 5109 1179 5165 illa
1211 5112 1482 5166 scribendi
1518 5113 1739 5167 solertia
1794 5113 1850 5180 (ι
1886 5112 2002 5167 Non
2039 5115 2185 5167 enim

619 5203 720 5272 ipsi
762 5203 1084 5272 loquuntur.
1125 5224 1144 5257 ι
1199 5217 1258 5260 ιιι
1297 5207 1374 5258 ait
1423 5207 1696 5266 Salvator,
1750 5225 1767 5253 ι
1819 5207 1912 5261 sed
1947 5205 2189 5275 Spiritus

617 5292 799 5348 Patris
819 5295 909 5364 qui
938 5296 989 5349 in
1014 5297 1094 5352 eis
1115 5305 1199 5353 est
1226 5297 1267 5328 ⁸⁸
1293 5298 1361 5368 ι).
1396 5313 1504 5352 ιιοιι
1528 5297 1626 5352 abs
1653 5313 1710 5351 re
1745 5297 2002 5352 fateberis
2021 5296 2189 5352 Joan-

619 5387 708 5442 nis
754 5385 1136 5458 Evangelium,
1193 5389 1237 5444 si
1301 5389 1586 5443 notionum
1647 5389 2062 5450 sublimitatem,
2138 5399 2190 5443 et

621 5481 819 5535 mentis
854 5495 1106 5544 acumen,
1158 5492 1213 5537 et
1245 5481 1428 5553 jugem
1459 5482 1804 5552 aliarumque
1835 5482 1956 5538 aliis
2000 5497 2189 5538 succe-

621 5569 864 5626 dentium
899 5573 1292 5628 sententiarum
1321 5572 1623 5626 illationem
1647 5573 1934 5642 respicias,
1971 5588 2186 5629 omnem

620 5680 880 5734 superare
912 5666 1130 5736 penitus
1154 5663 1595 5718 admirationem.
1623 5664 1859 5721 Invicem
1889 5666 2035 5720 enim
2058 5683 2189 5722 con-

694 5821 936 5881 wpmv,
983 5839 1040 5886 ιι
1077 5823 1130 5874 9.
1213 5821 1253 5853 ’⁵
1287 5820 1472 5876 Matth.
1514 5839 1568 5887 κ,
1600 5825 1688 5880 .‘20.

2283 3465 2544 3533 γελιστῶν
2566 3469 2598 3538 ἡ
2624 3468 2850 3530 διάνοια.
2887 3468 3132 3539 καθάπερ
3162 3465 3269 3521 ἀπό
3315 3480 3459 3528 τινος
3493 3463 3729 3534 γηλόφου
3764 3464 3859 3517 καὶ

2285 3560 2569 3630 περιωπῆς
2595 3560 2690 3631 τῆς
2709 3562 2767 3614 ὲν
2791 3561 2870 3632 τῷ
2897 3559 3161 3614 δύνασθαι
3173 3558 3398 3627 θεωρεῖν
3419 3555 3870 3626 μεγαλειότητος,⁸

2286 3649 2617 3721 πανταχόθεν
2651 3652 2711 3704 τὸ
2760 3654 2870 3716 τοῖς
2919 3648 3290 3721 ἀκροωμένοις
3321 3644 3696 3718 περιαθροῦσα
3723 3645 3858 3714 χρή-

2287 3758 2466 3812 σιμον,
2498 3741 2592 3794 καὶ
2628 3740 2764 3810 μετὰ
2800 3739 3046 3793 συντόνου
3094 3737 3238 3800 τινὸς
3274 3736 3564 3808 θηρωμένη
3601 3733 3856 3802 σπουδῆς,

2285 3834 2420 3905 ὅπερ
2458 3833 2524 3886 ἂν
2577 3831 2843 3902 ὑπάρχειν
2889 3831 3068 3900 οἴηται
3114 3828 3388 3890 λυσιτελὲς
3419 3829 3532 3890 τοῖς
3557 3827 3646 3880 τὸν
3684 3823 3857 3894 ἀληθῆ

2285 3926 2394 3982 τῶν
2423 3925 2582 3979 θείων
2603 3924 2887 3994 δογμάτων
2941 3921 3134 3992 διψῶσι
3164 3921 3342 3988 λόγον,
3373 3920 3474 3972 ’καὶ
3505 3917 3641 3990 μετὰ
3666 3933 3868 3987 προαιο.

2289 4019 2490 4090 ρέσεως
2518 4017 2730 4086 ἀγαθῆς
2759 4017 2855 4087 τὴν
2879 4015 3332 4086 ὲγκεκρυμμένην
3365 4017 3484 4078 ταῖς
3514 4013 3681 4076 θείαις
3715 4011 3856 4082 Γρα-

2288 4114 2415 4180 φαίς
2441 4109 2699 4182 ἐρευνῶσι
2752 4109 3008 4162 διάνοιαν.
3041 4107 3114 4160 Οὐ
3159 4107 3267 4176 γὰρ
3297 4107 3410 4168 τοῖς
3444 4104 3862 4175 περιεργότερον

2287 4201 2619 4268 ἐξετάζουσι,
2657 4200 2751 4253 καὶ
2790 4197 3149 4259 πολυπλόκοις
3177 4193 3448 4264 λογισμῶν
3492 4196 3728 4256 ἀπάταις
3767 4197 3862 4263 ἐφ-

2287 4291 2565 4364 ηδομένοις
2581 4291 2777 4360 μᾶλλον
2816 4290 2848 4360 ἢ
2869 4291 2935 4360 τῇ
2956 4287 3180 4358 ἀληθείᾳ
3207 4287 3625 4358 προσχαίρουσιν
3649 4288 3860 4340 ἀποκα-

2287 4385 2478 4439 λύπτει
2506 4385 2565 4438 τὸ
2597 4382 2835 4451 Πνεῦμα.
2859 4382 2980 4435 ἐπεὶ
3010 4381 3146 4452 μήτε
3182 4382 3260 4441 εἰς
3284 4378 3607 4448 κακότεχνον
3625 4376 3852 4448 εἰσέρχε-

2286 4495 2378 4531 ται
2400 4477 2598 4546 ψυχὴν,
2627 4477 2764 4544 μήτε
2794 4474 2901 4545 μὴν
2929 4473 3105 4536 ἄλλως
3128 4471 3408 4525 κυλίεσθαι
3429 4469 3580 4540 παρὰ
3607 4469 3720 4531 τοῖς
3753 4468 3864 4521 ὑῶν

2291 4573 2416 4625 ποσὶ
2465 4569 2591 4631 τοὺς
2634 4571 2848 4638 τιμίους
2894 4566 3080 4636 ἐφίησι
3149 4565 3528 4635 μαργαρίταςο
3563 4561 3758 4632 ⁴ἔιδιστα
3804 4559 3861 4612 δὲ

2288 4663 2409 4716 λίαν
2434 4664 2553 4726 ταῖς
2582 4659 2979 4728 ἁπλουστέραις
3009 4657 3270 4720 διανοίαις
3299 4655 3636 4725 προσομιλεῖ,
3673 4654 3768 4708 ἆτε
3797 4651 3860 4721 δὴ

2291 4756 2383 4810 καὶ
2413 4751 2881 4823 ἀπανουργότερον
2897 4748 3145 4819 ἐχούσαις
3172 4748 3232 4801 τὸ
3251 4747 3477 4815 κίνημα,
3510 4746 3605 4797 καὶ
3624 4745 3684 4796 τὸ
3713 4741 3866 4812 σοφί-

2291 4845 2478 4910 ζεσθαι
2520 4843 2748 4913 περιττὰ
2791 4842 3273 4912 παραιτουμέναις,
3314 4831 3358 4905 ᾧ
3396 4837 3460 4905 δὴ
3515 4837 3730 4898 πάντως
3766 4835 3863 4888 καὶ

2290 4935 2351 4987 τὸ
2393 4933 2789 5003 ἐκπλήττεσθαι
2841 4932 3156 4999 συμὸαίνειν
3190 4927 3492 4990 ἀκολουθεῖ,
3523 4929 3615 4980 καὶ
3672 4928 3736 4980 ὲκ
3766 4924 3862 4978 τοῦ

2292 5025 2411 5076 λίαν
2434 5025 2511 5086 εἰς
2539 5020 2708 5087 δεξιὸν
2733 5020 2832 5090 τῆς
2859 5020 3070 5082 εὐθείας
3095 5018 3187 5070 καὶ
3209 5015 3488 5086 βασιλικῆς
3511 5016 3614 5080 ἔξω
3645 5015 3863 5067 πίπτειν

2292 5113 2434 5168 ὁδοῦο
2479 5132 2494 5164 ι
2525 5111 2818 5184 Πορεύεται
2847 5110 2956 5180 γὰρ
3003 5105 3295 5173 πεποιθὼς,
3326 5105 3384 5170 ὃς
3417 5106 3602 5168 ἁπλῶς
3634 5104 3861 5174 πορεύε-

2291 5224 2400 5267 ται,
2442 5223 2460 5257 ι
2504 5203 2644 5257 κατὰ
2669 5205 2767 5273 τὴν
2791 5201 2885 5256 τοῦ
2914 5199 3258 5269 Σολομῶντος
3297 5199 3509 5268 φωνήνο
3549 5195 3864 5267 θαυμαστὴν

2291 5299 2347 5350 δὲ
2378 5297 2496 5356 λίαν
2519 5297 2752 5368 ἑχόντων
2777 5292 2884 5346 τῶν
2921 5290 3090 5360 ἁγίων
3138 5288 3536 5358 εὐαγγελιστῶν
3561 5287 3658 5359 τὴν
3702 5289 3760 5339 ὲν
3786 5286 3875 5355 τῷ.

2291 5391 2524 5462 γράφειν
2568 5385 2879 5458 ἀκρίϐειαν(
2915 5402 2931 5433 ι
2967 5381 3042 5435 Οὐ
3068 5379 3176 5450 γὰρ
3226 5381 3378 5434 αὐτοὶ
3409 5379 3646 5444 λαλοῦσι,
3680 5398 3698 5429 ι
3720 5376 3863 5431 κατά

2293 5483 2392 5552 τὴν
2417 5482 2512 5536 τοῦ
2544 5481 2794 5551 Σωτῆρος
2819 5474 3021 5548 φωνὴν,
3053 5493 3072 5528 ι
3103 5472 3238 5527 ἀλλὰ
3266 5472 3328 5525 τὸ
3365 5471 3585 5541 Πνεῦμα
3619 5468 3713 5524 τοῦ
3747 5469 3869 5542 Παέ

2294 5579 2419 5646 τρδς
2442 5575 2502 5628 τὸ
2539 5576 2596 5629 ὲν
2621 5575 2804 5636 αὐτοῖς
2841 5574 2909 5640 ι),
2938 5569 3153 5632 πάντως
3170 5565 3404 5634 εὐλόγως
3439 5566 3691 5618 ἐπέκεινα
3726 5560 3859 5615 θαύο

2301 5685 2467 5739 ματος
2497 5666 2593 5736 τὴν
2635 5664 2881 5720 Ἰωάννου
2898 5659 3227 5732 Συγγραφὴν
3251 5655 3622 5752 ἁνατεθεῖσθαι
3641 5651 3756 5723 δοίη
3776 5666 3860 5712 τις
