4168 6544
333 383 398 440 21
1377 383 1442 437 IN
1481 383 1766 442 JOANNIS
1804 387 1918 443 EV.‘

2021 389 2252 446 ιειιωι
2296 387 2426 442 LIB.
2464 388 2504 445 1.
3519 393 3590 447 2‘2

337 498 422 560 ἂν,
447 495 526 561 εἴς
542 514 599 550 τε
613 497 674 551 τὸ
695 497 802 553 τῶν
825 496 1196 569 θεωρημάτων
1229 498 1553 554 ἀποϐλέπων
1587 505 1912 576 ὑπερφερὲς.

2021 513 2246 559 currunt
2281 508 2346 559 ad
2375 506 2686 563 divinorum
2717 508 3031 580 dogmatum
3059 506 3504 578 eXplicatiouem,
3537 516 3590 563 et

335 596 428 646 ml.
452 593 554 664 τῆς
567 594 806 659 διανοίας
817 593 981 649 αὑτοῦ
997 593 1094 666 τὴν
1115 595 1370 668 ὀξύτητα,
1388 598 1590 669 καὶτὴν
1607 599 1802 671 συνεχῆ
1818 597 1911 651 καὶ

336 685 742 757 ἀλλεπάλληλον
769 686 878 740 τῶν
906 689 1194 758 νοημάτων
1229 690 1582 769 ὲπεισιροράν.
1620 689 1912 760 Σύνδρομοι

337 779 435 846 μὲν
459 779 568 849 γὰρ
594 777 840 848 ἀλλήλοις
864 779 967 831 eisi
1011 780 1137 850 περὶ
1169 779 1266 852 τὴν
1295 780 1402 843 τῶν
1439 781 1597 834 θείων
1629 782 1913 852 δογμάτων

333 869 612 937 ἐξῆγησιν,
650 870 743 921 καὶ
773 869 906 938 πρὸς
928 869 1023 922 ἕνα
1053 871 1302 943 καθάπερ
1326 872 1433 925 ἀπὸ
1463 872 1666 941 νύσσης
1687 873 1915 940 ἀφέντες

337 959 725 1028 ίππσδρσμοῦσι
750 962 974 1015 σκοπόν’
1005 962 1258 1035 διάφορον
1277 964 1332 1018 δέ
1361 983 1476 1028 πως
1494 966 1672 1030 αὐτοῖς
1697 963 1918 1035 ἐξυφαί-

333 1068 481 1104 νεται
506 1054 601 1104 τοῦ
634 1052 791 1122 λόγου
825 1053 883 1107 τὸ
916 1056 1120 1126 σχῆμα·
1153 1056 1246 1110 καί
1299 1074 1388 1127 μοι
1418 1057 1636 1111 δοκοῦσι
1669 1076 1916 1129 προσεοι-

333 1143 486 1197 κέναι
512 1146 672 1208 τισὶν,
722 1143 803 1210 οἷς
842 1148 922 1210 είς
961 1149 1088 1218 μίαν
1127 1149 1225 1220 μὲν
1255 1151 1643 1220 συνενεχθῆναι
1677 1152 1831 1205 πόλιν
1855 1151 1916 1205 τὸ

335 1234 620 1306 σύνταγμα
648 1277 662 1300 ,
718 1238 779 1291 τό
804 1255 867 1307 γε
897 1237 1002 1310 μὴν
1023 1240 1110 1294 διὰ
1147 1242 1277 1311 μιᾶς
1317 1243 1410 1294 καὶ
1443 1243 1540 1312 τῆς
1588 1243 1757 1314 αὐτῆς
1782 1243 1918 1297 λεω-

333 1323 499 1395 φόρου
529 1324 764 1395 βαδίζειν
789 1327 848 1380 οὐ
882 1331 1098 1392 πάντως
1147 1329 1454 1385 συνδοκοῦν.
1491 1331 1646 1384 Ἔστι
1679 1333 1776 1402 μὲν
1809 1332 1916 1402 γὰρ

336 1419 463 1481 τοὺς
483 1417 580 1488 μὲν
602 1419 794 1483 ἄλλους
817 1421 949 1491 όρᾷν
979 1422 1369 1492 εὐαγγελιστὰς
1395 1424 1532 1493 μετὰ
1555 1424 1756 1494 πολλῆς
1775 1443 1917 1490 τινος

331 1509 434 1578 τῆς
459 1510 745 1580 ἀκριϐείας
765 1512 857 1566 τὸν
885 1515 1013 1585 περὶ
1046 1515 1146 1584 τῆς
1191 1517 1330 1569 κατὰ
1362 1517 1539 1587 σάρκα
1569 1517 1915 1585 γενεαλογίας

332 1601 425 1655 τοῦ
457 1603 709 1676 Σωτῆρος
738 1605 895 1677 ἡμῶν
925 1609 1279 1677 ποιουμένους
1322 1609 1479 1677 λόγον
1500 1649 1514 1670 ,
1556 1612 1649 1663 καὶ
1688 1613 1815 1674 τοὺς
1858 1613 1915 1678 ἐξ

347 1691 600 1766 Ἀϐραὰμ
628 1695 733 1759 ἕως
770 1697 966 1768 Ἰωσὴφ
998 1699 1274 1770 στοιχηδὸν
1315 1703 1745 1772 καταφέροντας,
1783 1704 1814 1774 ἢ
1851 1701 1914 1756 αὖ

335 1785 496 1840 πάλιν
543 1788 968 1854 ἀναϐιϐάζοντας
993 1791 1116 1854 τοὺς
1160 1792 1220 1856 ἐξ
1247 1793 1439 1865 Ἰωσὴιρ
1463 1797 1554 1848 ἐπὶ
1582 1796 1671 1848 τὸν
1710 1797 1879 1866 Ἀδάμ
1899 1815 1912 1830 ο

333 1877 425 1930 τὸν
452 1877 509 1930 δέ
535 1894 599 1946 γε
635 1880 904 1951 μακάριον
945 1880 1325 1956 Ἰωέιννην,τῆς
1363 1887 1462 1955 μὲν
1491 1888 1582 1940 ὲπὶ
1615 1888 1824 1954 τούτοις
1855 1892 1913 1942 οὐ

334 1967 455 2020 λίαν
501 1971 900 2039 πεφροντικότα
932 1972 1186 2042 σπουδῆς,
1223 1974 1540 2047 θερμοτὰτῳ
1569 1977 1629 2030 δὲ
1678 1996 1784 2031 τινι
1825 1981 1916 2034 καὶ

334 2057 582 2130 διαπύρῳ
641 2061 879 2124 διανοίας
941 2065 1202 2135 κινήματι
1227 2057 1588 2138 κεχρημένον,
1633 2067 1708 2133 ὡς
1736 2069 1916 2122 αὐτῶν

335 2149 602 2205 ἅπτεσθαι
631 2152 741 2207 τῶν
771 2155 914 2226 ὑπὲρ
932 2155 1056 2209 νοῦν
1079 2156 1174 2210 τὸν
1217 2157 1556 2230 ἀνθρώπινον
1600 2162 1914 2232 ἐπιχειρεῖν,

334 2244 430 2296 καὶ
463 2243 560 2314 τὴν
586 2244 822 2317 ἄῤῥητόν
869 2265 926 2300 τε
998 2248 1093 2301 καὶ
1123 2249 1402 2320 ἄφραστον
1453 2251 1547 2306 τοῦ
1581 2253 1714 2307 Θεοῦ
1741 2253 1914 2322 Λόγου

333 2334 587 2403 γέννησιν
612 2336 926 2405 ἐξηγεῖσθαι
951 2337 1172 2410 τολμᾷν.
1203 2341 1356 2412 ᾜδει
1387 2342 1486 2412 μὲν
1512 2344 1643 2414 γὰρ,
1673 2345 1754 2397 ὅτι
1791 2344 1916 2411 δόξα

333 2427 541 2492 Κυρίου
596 2427 827 2499 κρύπτει
879 2431 1068 2498 Λόγον,
1115 2433 1208 2485 καὶ
1243 2433 1424 2504 πάσης
1452 2435 1570 2486 εστὶ
1611 2437 1794 2505 μεῖζον
1819 2439 1918 2507 τῆς

334 2519 393 2570 ὲν
422 2520 552 2597 ἡμῖν
590 2519 798 2583 ἑννοίας
826 2537 884 2573 τε
918 2522 1014 2574 καὶ
1043 2523 1226 2594 φωνῆς
1251 2523 1311 2576 τὸ
1341 2523 1644 2591 θεοπρεπὲς
1677 2526 1914 2598 ἀξίωμα,

331 2608 723 2680 δυσεκφὼνητά
752 2629 810 2665 τε
858 2613 954 2666 καὶ
987 2613 1123 2684 πρὸς
1153 2614 1211 2667 τὸ
1244 2615 1640 2687 ὲκτρανοῦσθαι
1670 2617 1918 2689 χαλεπώ-

333 2717 470 2754 τατα
492 2703 560 2756 τὰ
585 2705 685 2774 τῆς
707 2703 923 2774 φύσεως
978 2706 1105 2759 ἴδια.
1149 2707 1364 2780 Ἐπειδὴ
1417 2709 1473 2763 δὲ
1512 2705 1580 2781 ἦν
1623 2711 1916 2780 ἀναγκαῖον

334 2793 534 2863 τρόπον
570 2794 693 2847 τινὰ
725 2795 972 2867 σπιθαμῇ
1007 2799 1274 2867 μετρῆσαι
1305 2798 1396 2851 τὸν
1419 2799 1663 2870 οὐρανὸν,
1696 2801 1917 2865 καὶτοῖς

337 2881 540 2950 ὀλίγοις
567 2884 666 2954 τῆς
691 2885 1112 2956 ἁνθρωπότητος
1149 2887 1364 2958 μέτροις
1410 2889 1696 2961 ἐπιτρέψαι
1723 2894 1919 2962 χωρεῖν

339 2976 432 3028 ἐπὶ
473 2974 543 3028 τὰ
572 2978 706 3029 πᾶσι
735 2977 1033 3045 δυσέφικτα
1073 2980 1168 3032 καὶ
1193 2978 1544 3051 δυσδιήγητα,
1573 2982 1659 3036 ἵνα
1697 2984 1772 3054 μὴ
1809 2987 1920 3048 τοῖς

339 3069 910 3140 ἑτεροδιδασκαλοῦσιν
939 3073 966 3124 ό
998 3069 1136 3124 κατὰ
1161 3069 1268 3124 τῶν
1295 3071 1680 3144 ἁπλουστέρων
1709 3076 1916 3128 ἐκπλα-

2016 596 2084 651 ad
2140 611 2310 658 unum
2348 598 2506 652 velut
2559 613 2589 652 a
2653 600 2972 656 carceribus
3033 599 3284 654 feruntur
3341 613 3589 668 scopum.

2013 683 2279 742 Diversus
2323 695 2507 742 autem
2561 688 2614 742 in
2649 689 2729 744 eis
2775 687 3186 758 quodammodo
3217 687 3442 743 habitus
3468 701 3588 743 ora-

2014 775 2182 829 tionis
2222 777 2454 843 texitur,
2486 786 2541 832 et
2579 777 2714 832 mihi
2754 777 2958 832 similia
2990 777 3249 832 videntur
3288 792 3412 832 esse
3457 791 3597 831 non-

2015 869 2202 932 nullis.
2230 869 2323 938 qui
2356 868 2498 938 jussi
2528 870 2750 944 quidem
2783 878 2912 926 sunt
2945 872 3000 925 in
3033 887 3200 932 unam
3243 871 3436 930 urbem
3464 884 3597 925 con-

2015 960 2227 1027 venire,
2280 962 2375 1016 sed
2431 977 2529 1031 per
2579 977 2746 1027 unam
2805 962 3162 1034 eamdemque
3217 963 3422 1035 regiam
3453 961 3596 1014 viam

2016 1068 2124 1107 non
2160 1054 2352 1122 utique
2380 1053 2558 1107 visum
2589 1063 2669 1108 est
2708 1054 3032 1125 procedere.
3062 1055 3212 1110 Alios
3239 1055 3393 1117 ειιὶιιι¹
3411 1050 3597 1106 videre

2015 1154 2099 1199 est
2128 1144 2500 1215 evangelista;
2532 1154 2796 1211 accurate
2835 1145 3132 1212 admodum
3170 1144 3480 1201 Servatoris
3506 1159 3600 1216 ge-

2017 1237 2330 1306 nealoglam
2392 1237 2703 1303 secundum
2775 1252 2996 1292 carnem
3070 1237 3374 1308 explicare,
3427 1235 3601 1305 etab

2016 1329 2328 1384 Abrahamo
2351 1329 2418 1385 ad
2439 1327 2646 1403 Ioseph
2683 1346 2858 1401 usque
2884 1330 3033 1391 illius
3073 1329 3282 1397 seriem
3304 1328 3598 1396 deducere,

2018 1431 2116 1476 aut
2153 1421 2296 1477 facto
2324 1437 2519 1479 rursus
2549 1437 2784 1479 ascensu
2815 1439 2844 1476 a
2873 1421 3073 1494 Ioseph
3100 1437 3278 1492 usque
3305 1421 3372 1475 ad
3392 1419 3601 1486 Adam;

2018 1516 2240 1570 beatum
2292 1530 2424 1578 vero
2465 1513 2734 1570 Joannem
2791 1514 2999 1578 isthaec
3034 1515 3178 1568 haud
3221 1513 3453 1586 multum
3501 1526 3604 1566 cu-

2019 1608 2339 1679 rasse,‘sed
2381 1623 2648 1678 perquam
2684 1606 2866 1662 calido
2907 1618 2961 1662 et
2993 1607 3206 1661 fervido
3239 1604 3412 1660 animi
3447 1611 3600 1658 motu

2017 1711 2081 1751 ca
2128 1698 2323 1761 statim,
2355 1699 2627 1768 attingere
2671 1713 2794 1766 quae
2834 1708 3072 1753 mentem
3109 1698 3404 1752 humanam
3438 1710 3604 1774 supe-

2021 1797 2166 1851 rant,
2205 1798 2260 1844 et
2305 1804 2565 1858 arcanam
2598 1799 2767 1860 atque
2811 1791 3142 1854 ineffabilem
3187 1790 3279 1844 Dei
3308 1787 3472 1854 Verbi
3503 1805 3604 1842 na-

2020 1881 2288 1936 tivitatem
2325 1882 2586 1948 audacter
2610 1896 2906 1950 exponere.
2934 1881 3154 1934 Sciebat
3188 1880 3334 1935 enim
3372 1880 3603 1950 gloriam

2019 1971 2240 2026 Domini
2305 1972 2489 2026 celare
2539 1970 2797 2035 Verbum,
2845 1980 2900 2027 et
2957 1971 3222 2039 majorem
3279 1956 3416 2026 esse,
3453 1971 3603 2024 omni

2019 2061 2257 2116 humana
2292 2069 2476 2117 mente
2512 2071 2565 2116 et
2601 2062 2856 2115 oratione
2889 2061 3112 2127 deitatis
3144 2059 3512 2139 inajestatem,
3551 2067 3607 2112 et

2020 2161 2235 2206 naturae
2264 2153 2466 2206 divinae
2497 2153 2870 2222 preprietates
2915 2153 3193 2227 explicato
3228 2156 3450 2214 dicture
3487 2167 3608 2208 esse

2018 2240 2399 2297 difficillimas.
2425 2241 2564 2296 Cum
2601 2251 2783 2298 autem
2815 2257 3047 2299 necesse
3074 2253 3223 2299 esset
3255 2243 3439 2314 palmo
3465 2256 3610 2313 quo-

2017 2334 2312 2389 dammodo
2343 2335 2523 2390 metiri
2559 2336 2787 2397 cmlum,
2834 2346 2888 2391 et
2926 2336 3183 2392 humana:
3210 2338 3414 2391 mentis
3447 2334 3606 2389 infir-

2019 2425 2193 2479 mitati
2217 2426 2423 2479 alitum
2453 2425 2518 2480 ad
2552 2441 2644 2481 res
2673 2436 2835 2495 captu
2866 2434 2920 2481 et
2947 2427 3223 2498 explicatu
3248 2423 3609 2479 difficillimas

2018 2517 2255 2587 aperire,
2312 2533 2379 2572 ne
2429 2518 2802 2589 simpliciores
2858 2519 3245 2574 haereticorum
3301 2514 3609 2572 incursioni

2018 2619 2288 2678 paterent,
2324 2611 2480 2680 quasi
2511 2612 2660 2665 nulla
2691 2625 2797 2666 vox
2831 2621 3148 2666 sanctorum
3184 2609 3277 2681 qui
3316 2618 3371 2665 et
3392 2617 3610 2678 specta-

2019 2711 2192 2766 tores,
2225 2712 2279 2757 et
2308 2703 2548 2758 ministri
2581 2701 2745 2757 Verbi
2780 2703 3006 2768 fuerint,
3042 2704 3259 2757 illorum
3291 2700 3607 2772 malignita-

2021 2803 2128 2847 tem
2169 2794 2447 2856 retundat,
2494 2793 2561 2847 ad
2610 2795 2788 2864 ipsum
2819 2795 3131 2860 divinorum
3163 2794 3482 2864 dogmatum
3516 2805 3610 2845 ca-

2021 2896 2117 2958 put
2147 2890 2261 2942 acri
2301 2890 2490 2943 studio
2537 2905 2596 2944 se
2627 2889 2868 2954 confert,
2907 2890 3198 2944 clamans:
3244 2909 3261 2940 ι
3301 2887 3356 2941 In
3398 2887 3608 2956 princi-

2019 2981 2111 3050 pio
2141 2992 2257 3035 erat
2290 2980 2550 3042 Verbum,
2589 2990 2643 3036 et
2681 2981 2920 3037 Verbum
2964 2991 3086 3036 erat
3135 2980 3275 3050 apud
3327 2978 3517 3044 Deum,
3555 2984 3611 3032 et

2021 3072 2164 3128 Deus
2217 3083 2336 3127 erat
2388 3073 2647 3127 Verbum.
2710 3073 2822 3128 lioc
2869 3081 2988 3129 erat
3048 3074 3103 3127 in
3140 3072 3413 3143 principio
3465 3070 3612 3141 apud

336 3161 562 3232 τύνηται
591 3162 810 3233 δρόμος,
839 3163 916 3225 ὠς
948 3163 1202 3233 οὐδεμιᾶς
1251 3162 1360 3218 τῶν
1413 3165 1587 3232 ἁγίων
1633 3167 1837 3236 φωνῆς,
1866 3172 1914 3224 οἳ

2021 3161 2187 3217 Deum
2218 3163 2280 3217 ω.
2327 3183 2344 3214 ι
2389 3163 2582 3234 Operae
2615 3167 2852 3235 pretium
2904 3173 3089 3231 autem
3125 3163 3368 3230 arbitror
3423 3164 3490 3217 iis
3517 3162 3610 3233 qui

337 3253 432 3304 καὶ
460 3250 742 3310 αὐτόπται,
761 3253 855 3305 καὶ
875 3253 1146 3323 ὑπηρέται
1169 3253 1263 3306 τοῦ
1299 3254 1470 3323 Λόγου
1496 3256 1770 3324 γεγόνασι,
1798 3261 1918 3321 ταῖς

339 3343 563 3397 ἐκείνων
601 3343 1079 3413 παραποδιζούσης
1112 3346 1444 3411 κακονοίαις,
1477 3347 1696 3418 ἔρχεται
1718 3349 1919 3420 δριμὺς

339 3437 426 3488 ἐπ’
447 3435 577 3488 αὐτὸ
629 3434 740 3488 τῶν
785 3435 943 3488 θείων
984 3436 1269 3506 δογμάτων
1300 3437 1361 3490 τὸ
1390 3439 1742 3511 κυριώτατον,
1768 3459 1786 3491 ι
1832 3441 1921 3493 Ἐν

339 3529 503 3598 ἀρχῇ,
521 3525 679 3596 βοῶν,
705 3522 774 3597 ῆν
793 3529 820 3580 ό
843 3528 1034 3596 Λόγος,
1054 3530 1188 3583 καὶ-ὁ
1202 3531 1371 3598 Λόγος
1401 3527 1468 3601 ἦν
1499 3533 1634 3602 πρὸς
1661 3533 1752 3585 τὸν
1767 3533 1920 3596 Θεὸν,

341 3621 436 3673 καὶ
453 3620 584 3684 Θεὸς
609 3616 677 3692 ἦν
705 3621 734 3672 ὁ
762 3622 952 3688 Λόγος.
984 3617 1149 3685 Οὗτος
1165 3619 1232 3694 ἦν
1255 3626 1310 3676 ὲν
1324 3625 1463 3694 ἀρχῇ
1483 3625 1618 3696 πρὸς
1629 3625 1718 3677 τὸν
1731 3624 1882 3678 Θεόν.
1899 3645 1916 3676 ι

340 3715 386 3766 Χ
397 3713 549 3784 ρῆναι
569 3713 626 3766 δὲ
645 3708 818 3784 οἶμαι,
830 3714 955 3775 τοὺς
969 3718 1078 3778 τοῖς
1092 3717 1134 3767 is
1145 3719 1257 3785 ροίς
1272 3715 1591 3785 ὁμιλοῦντας
1604 3717 1761 3788 Γράμ
1768 3734 1921 3787 μασι,

342 3805 467 3868 τοὺς
499 3803 648 3877 παρὰ
680 3805 896 3858 πάντων
922 3806 1240 3876 προσίεσθαι
1271 3806 1486 3873 λόγους.
1530 3806 1692 3877 οἵπερ
1721 3806 1785 3859 ἂν
1816 3802 1923 3860 εἷεν

343 3895 496 3949 καλοί
523 3913 580 3949 τε
613 3898 707 3949 καὶ
736 3896 948 3964 ἁγαθοὶ,
1002 3899 1096 3950 καὶ
1139 3898 1200 3950 τὸ
1253 3897 1447 3967 βλάϐος
1477 3897 1691 3968 ἔχοντες
1732 3898 1882 3965 οὐδέν
1907 3916 1919 3928 ·

343 3987 485 4042 οὕτω
515 3988 625 4060 γὰρ
665 3989 730 4044 ἂν
761 3989 829 4042 τὰ
859 3991 1011 4061 παρὰ
1045 3993 1158 4056 τοῖς
1189 3991 1402 4055 πολλοῖς
1450 3991 1708 4054 ποικίλως
1729 3991 1920 4055 τεθεωτ

348 4082 578 4152 ρημένα,
624 4082 718 4136 καὶ
751 4083 830 4147 είς
881 4083 977 4144 ’ἐνα
1009 4083 1454 4154 συνεισφέροντες
1479 4083 1624 4147 νοῦν,
1659 4085 1740 4147 είς
1762 4084 1925 4138 καλὸν

343 4173 704 4246 ἀναϐήσονται
744 4175 843 4242 τῆς
882 4174 1136 4243 γνώσεως
1187 4175 1404 4246 μέτρον,
1432 4175 1526 4228 καὶ
1571 4177 1670 4247 τὴν
1702 4177 1925 4248 ἐργάτιν

344 4265 439 4322 καὶ
467 4264 634 4339 σοφὴν
684 4265 1124 4336 ἀπομιμούμενοι
1177 4265 1452 4336 μέλιτταν,
1476 4266 1544 4320 τὰ
1592 4267 1798 4336 γλυκέα
1831 4267 1923 4320 τοῦ

343 4353 652 4425 πνεύματος
722 4356 892 4427 κηρία
966 4356 1330 4429 συμπήξειαν.
1391 4357 1527 4411 Φασὶ
1581 4357 1759 4412 τοίνυν
1820 4359 1926 4412 τῶν

343 4445 790 4516 φιλοπονωτάτων
807 4447 969 4509 τινὲς,
999 4447 1074 4512 ὡς
1106 4449 1244 4518 μετὰ
1265 4449 1355 4500 τὸν
1374 4448 1467 4501 τοῦ
1493 4450 1742 4521 Σωτῆρος
1771 4451 1927 4528 ἡμῶν

2020 3255 2076 3309 in
2112 3259 2289 3310 sacris
2319 3255 2543 3312 Litteris
2574 3270 2870 3324 versantur
2890 3256 3215 3328 quorumvis
3240 3255 3384 3311 dicta
3410 3255 3611 3323 admit-

2016 3357 2154 3411 tere,
2173 3362 2296 3418 qua:
2323 3348 2492 3420 proba
2514 3350 2624 3404 sint
2643 3365 2708 3405 ac
2731 3349 2864 3404 nihil
2887 3349 2939 3403 in
2968 3348 3098 3419 se9
3116 3347 3302 3402 damni
3348 3348 3606 3402 habeant.

2023 3437 2116 3492 Sic
2155 3439 2304 3493 enim
2341 3441 2433 3494 fiet
2465 3447 2526 3493 ut
2559 3440 2774 3495 collatis
2812 3441 2868 3494 in
2900 3455 3071 3493 unum
3109 3439 3295 3493 multis
3335 3439 3609 3491 variorum

2022 3528 2531 3590 observationibus,
2562 3529 2630 3584 ad
2687 3537 2897 3584 rectum
2954 3528 3328 3597 cognoscendi
3389 3527 3608 3582 modum

2024 3621 2351 3686 ascendant,
2381 3629 2435 3675 et
2462 3621 2668 3676 sedule
2706 3637 2771 3675 ac
2802 3621 3024 3677 solertis
3058 3621 3179 3690 apis
3201 3621 3453 3690 exemplo
3489 3619 3612 3673 dul-

2023 3728 2117 3768 ces
2145 3713 2374 3783 spiritus
2414 3711 2571 3768 favos
2609 3718 2985 3783 compingant.
3030 3714 3206 3768 Aiunt
3249 3713 3434 3782 itaque
3475 3727 3612 3766 non-

2025 3805 2160 3859 nulli
2190 3807 2290 3860 viri
2314 3805 2570 3861 doctrina
2599 3806 2762 3870 clari,
2793 3814 2918 3876 post
2939 3805 3248 3861 Salvator'ts
3277 3803 3445 3859 nostri
3480 3819 3610 3858 cru-

2023 3913 2166 3960 cem,
2221 3907 2276 3951 et
2326 3900 2378 3953 in
2433 3899 2606 3964 caelos
2657 3899 3068 3964 ascensionem,
3126 3897 3607 3968 falsnskquosdam

2025 3998 2279 4061 pastores
2300 4001 2352 4045 et
2383 3990 2644 4047 doctores
2670 3993 2826 4061 quasi
2853 3992 3216 4054 truculentas,
3235 3990 3380 4060 feras
3403 3991 3456 4043 in
3481 3990 3603 4045 Sal-

2023 4083 2235 4138 vatoris
2271 4084 2434 4138 ovilia
2486 4085 2781 4148 irruentes,
2817 4101 2928 4140 non
2962 4099 3171 4155 parum,
3212 4083 3491 4148 turbasse,
3542 4099 3609 4138 ex

2025 4176 2194 4231 corde
2228 4192 2350 4240 suo,
2395 4193 2503 4231 non
2547 4193 2610 4232 ex
2673 4194 2769 4233 ore
2827 4176 3042 4236 Domini
3094 4178 3407 4246 loquentes,
3463 4175 3610 4229 sicut

2026 4270 2294 4338 scriptum
2321 4276 2405 4327 est
2440 4270 2504 4332 ",
2538 4271 2647 4332 imo
2672 4283 2805 4333 vero
2833 4285 2940 4322 non
2993 4283 3057 4322 ex
3103 4268 3224 4324 solo
3267 4280 3368 4320 suo
3416 4265 3606 4330 corde,

2027 4359 2122 4413 sed
2161 4375 2224 4413 ex
2264 4357 3112 4430 patrissui,doctrina,_diaboli
3152 4357 3460 4412 nimirum:
3498 4375 3516 4408 ι
3547 4356 3607 4410 Si

2028 4448 2175 4515 enim
2213 4461 2374 4514 nemo
2419 4456 2600 4518 potest
2635 4448 2820 4502 dicere
2876 4447 3168 4502 anathema
3216 4445 3369 4510 Jesu,
3405 4446 3511 4500 nisi
3553 4447 3607 4500 in

345 4537 596 4610 σταυρὸν,
611 4539 705 4592 καί¹
729 4538 828 4608 τὴν
858 4538 942 4600 είς
969 4539 1229 4609 οὐρανοὺς
1247 4538 1454 4602 ἄνοδον,
1494 4539 1918 4612 ψευδοποιμένες

2024 4539 2333 4605 Beelzebub
2365 4540 2406 4572 ⁸⁸
2442 4558 2454 4595 ;
2505 4559 2523 4591 ›
2558 4540 2834 4609 quomodo
2864 4555 3053 4594 verum
3087 4554 3198 4593 non
3235 4553 3359 4594 esse
3385 4552 3606 4608 compeo

345 4629 438 4682 καὶ
474 4627 941 4698 ψευδοδιδάσκαλοι
970 4644 1136 4690 τινες,
1170 4628 1373 4700 θηρίων
1418 4615 1726 4684 ἀτιθάσσων
1766 4629 1920 4700 δίκην

342 4723 455 4784 τοῖς
479 4719 571 4775 τοῦ
589 4721 837 4791 Σωτῆρος
855 4720 1269 4784 ἐπεισπεσόντες
1303 4719 1594 4792 ποιμνίοις,
1619 4705 1918 4793 τεθορυϐή-

346 4827 505 4864 κασιν
547 4811 606 4864 οὐ
654 4811 887 4882 μικρῶς,
947 4811 1055 4863 ἀπὸ
1099 4812 1325 4882 καρδίας
1383 4810 1562 4868 αὐτῶν
1611 4798 1918 4876 λαλοῦντες,

345 4901 487 4954 καθα
544 4890 870 4972 γέγραπται,
919 4903 1012 4954 καὶ
1065 4901 1166 4954 οὐκ
1218 4901 1326 4954 ἀπὸ
1376 4902 1644 4972 στόματος
1692 4903 1916 4972 Κυρίου·

349 4995 547 5064 μᾶλλον
575 4994 651 5056 δὲ,
679 4995 779 5047 οὐκ
815 4996 878 5046 ὲκ
908 4995 1075 5066 μόνης
1096 4994 1194 5068 τῆς
1225 4993 1429 5049 ἑαυτῶν
1453 4995 1698 5066 καρδίας,
1724 4996 1837 5048 ἀλλ’
1861 4997 1924 5049 ἐκ

344 5087 689 5158 διδαγμάτων
743 5087 840 5141 τοῦ
878 5087 1083 5142 οἰκείου
1144 5088 1369 5159 πατρὸς,
1401 5089 1496 5141 τοῦ
1540 5088 1786 5141 διαϐόλου
1831 5087 1922 5159 δη-

342 5177 501 5257 λαδή.
540 5196 557 5228 ι
582 5177 644 5230 El
673 5177 782 5248 γὰρ
797 5177 974 5241 οὐδεὶς
1001 5177 1225 5230 δύναται
1255 5178 1428 5230 εἰπεῖν
1445 5178 1693 5251 ἀνάθεμα
1723 5177 1921 5249 Ἰησοῦ,

346 5271 395 5329 εί
428 5267 500 5340 μὴ
529 5269 585 5320 ὲν
619 5267 967 5335 Βεελζεϐοὺλ,
1007 5287 1024 5317 ι
1060 5268 1175 5331 πῶς
1223 5268 1322 5320 οὐκ
1351 5268 1554 5339 ἀληθὴς
1582 5270 1713 5339 ἡμῖν
1742 5272 1770 5323 ὀ
1799 5272 1926 5341 περὶ

347 5361 554 5415 τούτων
592 5360 889 5432 ὀφθήσεται
936 5361 1124 5430 λόγος;
1177 5362 1309 5415 Τίνα
1356 5362 1536 5414 τοίνυν
1581 5363 1727 5415 ἐστὶν
1781 5363 1924 5434 ειπερ

348 5453 541 5505 ἐκεῖνοι
593 5453 734 5506 κατὰ
787 5455 886 5524 τῆς
929 5454 1138 5517 οἰκείας
1176 5453 1469 5522 ῆρεύγοντο
1518 5455 1784 5525 κεφαλῆς,
1831 5455 1922 5508 τὸν

349 5543 628 5614 Μονογενῆ
655 5544 748 5598 τοῦ
775 5544 908 5598 Θεοῦ
939 5545 1134 5614 Λόγον,
1165 5546 1225 5598 τὸ
1255 5546 1370 5614 φῶς
1398 5547 1457 5600 τὸ
1486 5547 1676 5606 ἀΐδιον,
1696 5550 1751 5601 ἐν
1775 5541 1820 5616 ᾦ
1858 5549 1921 5619 δὴ

351 5637 550 5698 πάντες
604 5637 696 5689 καὶ
737 5635 1035 5691 κινούμεθα
1083 5639 1174 5692 καὶ⁸
1205 5639 1394 5710 ἐσμεν,
1427 5640 1549 5694 τότε
1586 5641 1798 5711 πρῶτον
1831 5659 1919 5696 κε·

424 5787 466 5825 ³⁵
507 5786 659 5844 Jouu.
697 5808 740 5856 ι,
787 5793 840 5854 I,
872 5793 924 5845 :2.

2027 4633 2198 4686 rietur
2230 4631 2374 4702 quod
2415 4631 2482 4686 de
2525 4632 2612 4686 his
2643 4629 2922 4699 dicimus?
2961 4630 3224 4698 Quanam
3276 4641 3406 4694 sunt
3443 4631 3610 4703 igitur

2028 4739 2148 4792 quae
2179 4723 2232 4777 in
2266 4739 2427 4779 suum
2459 4724 2534 4778 illi
2566 4731 2731 4794 caput
2759 4733 3110 4792 eructarunt,
3141 4724 3234 4795 qui
3265 4725 3607 4795 unigenitum

2030 4817 2121 4872 Dei
2145 4814 2406 4880 Verbum,
2433 4817 2613 4870 lumen
2638 4816 3086 4883 illud,:eternttm,
3117 4818 3167 4871 in
3191 4832 3299 4888 quo
3320 4825 3468 4872 certe
3489 4831 3611 4871 om-

2030 4925 2128 4974 nes
2153 4917 2206 4964 et
2236 4923 2520 4974 movemur
2539 4915 2594 4962 et
2614 4923 2805 4970 sumus
2838 4910 2902 4970 η,
2928 4917 3040 4961 tum
3075 4909 3310 4977 primum
3340 4910 3393 4962 in
3425 4922 3606 4961 rerum

2030 5011 2280 5056 naturam
2313 5001 2579 5072 prodiisse
2611 5002 2828 5069 indocte
2864 5009 2918 5056 et
2940 5002 3103 5071 impie
3129 5007 3406 5066 asserunt,
3432 5013 3609 5068 quan-

2029 5093 2100 5148 do
2133 5107 2198 5148 ex
2228 5101 2415 5148 sancta
2452 5091 2678 5162 Virgine
2704 5093 2866 5147 homo
2893 5100 3056 5157 natus
3094 5100 3203 5156 est,
3245 5099 3300 5151 et
3331 5091 3606 5158 communi

2034 5183 2135 5236 hac
2177 5181 2349 5236 forma
2398 5191 2680 5252 assumpta
2717 5183 2772 5237 in
2819 5192 2967 5237 terra
3003 5182 3159 5247 visus
3213 5188 3318 5249 est,
3354 5190 3415 5236 ut
3470 5179 3610 5238 scri-

2031 5287 2184 5344 ptum
2215 5284 2328 5331 est:
2355 5293 2372 5326 ι
2403 5274 2466 5328 Et
2490 5292 2612 5329 cum
2647 5276 2961 5330 hominibus
2991 5282 3350 5330 conversatus
3372 5284 3457 5331 est
3475 5275 3561 5329 '°?
3582 5294 3600 5327 ι

2028 5363 2177 5430 Quos
2207 5364 2282 5419 ita
2318 5365 2640 5428 sentientes,
2673 5371 2728 5418 et
2763 5363 3093 5418 iuell‘abilem
3121 5378 3186 5418 ac
3214 5373 3480 5420 aeternam
3517 5363 3608 5420 Fi-

2022 5457 2078 5513 lii
2130 5459 2535 5527 generationem
2569 5459 2833 5512 vellicare
2867 5456 3153 5524 audentes,
3189 5458 3479 5529 prophetae
3518 5456 3604 5511 di-

2021 5558 2168 5604 ctum
2202 5552 2281 5605 sic
2304 5559 2456 5621 urget
2491 5571 2502 5604 :
2537 5571 2554 5606 _¢
2582 5549 2688 5604 Vos
2721 5558 2900 5604 autem
2937 5551 3180 5607 accedite
3215 5553 3343 5616 hnc,
3379 5552 3473 5606 filii
3508 5551 3610 5606 ini-

2029 5644 2145 5714 qui,
2211 5659 2394 5698 semen
2471 5644 2840 5697 adulterorum
2895 5653 2950 5699 et
3011 5643 3320 5699 fornicariae
3377 5662 3388 5698 :
3443 5657 3610 5716 super

1008 5795 1048 5823 ¹⁷
1087 5791 1194 5857 Jer.
1258 5808 1412 5855 sun,
1451 5795 1528 5848 lli.
1595 5797 1634 5825 ‘-“
1707 5795 1918 5851 Illum.

2046 5799 2095 5851 5.
2131 5799 2169 5828 ’³
2206 5798 2326 5855 Λεε.
2383 5813 2507 5859 nn,
2554 5796 2640 5854 '33.
2722 5799 2766 5827 “
2799 5797 3114 5862 Bnruclttn,
3157 5799 3246 5854 38.
