4168 6536
565 337 638 395 25
1573 342 1632 400 S'.
1675 341 1947 402 CYBlbLl
1980 341 2452 402 ALEXANDRINI
2493 341 2829 405 lltl‘lﬁlllEP.~
3025 326 3031 333 ’
3764 336 3844 396 24

563 467 728 526 quem
749 451 988 521 lusistis,
1019 466 1072 512 et
1093 471 1260 530 super
1281 472 1444 530 quem
1467 459 1766 530 aperuistis
1789 477 1851 516 os
1879 469 2145 525 vestrum,

2256 460 2481 531 κλῆσθαι
2508 459 2644 531 πρὸς
2673 458 2909 530 ὓπαρξιν
2938 457 3168 529 ἀμαθῶς
3201 474 3254 510 τε
3284 459 3374 510 καὶ
3395 455 3607 520 ἀσεϐῶς
3639 455 3842 525 διισχυ-

564 552 620 600 et
660 559 825 616 super
853 562 1016 619 quem
1049 547 1277 606 laxastis
1302 550 1541 622 linguam
1572 559 1812 612 vestram
1849 553 1932 604 u‘?
1969 572 1985 604 ›
2027 567 2149 622 quae

566 651 676 695 non
709 654 776 694 ex
809 640 977 696 corde
1005 640 1154 697 bono
1180 643 1393 699 scilicet
1439 643 1652 715 profert
1692 645 1856 709 bona,
1893 643 1988 699 sed
2018 661 2147 698 cru-

565 729 703 785 delis
733 733 1002 802 serpentis
1030 750 1301 791 venenum
1338 738 1580 808 exspuit,
1613 738 1681 797 de
1708 754 1820 809 quo
1859 736 2154 794 Psalmista

565 821 634 876 ad
664 838 834 878 unum
864 826 1107 883 universi
1141 827 1308 884 Deum
1338 831 1644 902 orationem
1676 841 2013 888 convertens
2037 832 2114 885 ait
2139 857 2154 896 ε

570 929 588 963 ι
621 911 703 967 Tu
735 915 1054 988 confregisti
1085 922 1270 991 capita
1292 922 1552 978 draconis
1579 927 1647 978 ”.
1677 943 1695 976 ι

2255 552 2514 624 ρίζονται,
2567 553 2655 606 ὅτε
2711 551 2805 604 καὶ
2835 549 3122 622 ἄνθρωπος
3161 549 3250 603 διὰ
3300 548 3398 618 τῆς
3436 549 3598 616 ἀγίας
3649 547 3840 618 ἐτέχθη

2257 644 2552 718 Παρθένου,
2588 643 2681 697 καὶ
2709 643 2770 696 τὸ
2809 643 2987 701 κοινὸν
3035 641 3099 713 δὴ
3129 642 3287 694 τοῦτο
3328 641 3514 710 σχῆμα
3537 636 3718 704 λαϐὼν
3747 639 3842 692 ἐπὶ

2256 736 2358 806 γῆς
2405 734 2582 804 ὢφθη,
2630 733 2773 787 καθά
2814 733 3146 803 γέγραπται,
3187 749 3204 782 ι
3236 732 3344 784 Καὶ
3376 735 3487 792 τοῖς
3534 727 3842 800 ἀνθρώποις

2264 828 2710 898 συνανεστράφη;
2737 846 2754 877 ι
2790 823 2914 889 Τοῖς
2936 824 3035 894 μὲν
3063 820 3156 878 οὖν
3184 824 3312 894 τῇδε
3337 823 3723 892 διακειμένοις,
3749 821 3843 875 καὶ

2260 920 2360 991 τήν
2393 919 2630 991 άῤῥητόν
2684 935 2743 971 τε
2793 917 2887 971 καὶ
2926 915 3254 988 προαιώνιον
3287 916 3380 977 τοῦ
3423 913 3554 969 Υίοῢ
3589 915 3840 983 γέννησιν

568 1009 973 1082 συκοφαντῆσαι
1003 1013 1365 1084 τολμήσασιν,
1409 1016 1440 1068 6
1479 1017 1814 1088 προφητικὸς
1844 1017 2173 1086 ἐπισκήπτει
2211 1015 2389 1082 λόγος,
2441 1013 2580 1084 ἔχων
2614 1012 2710 1068 ὡδί
2736 1027 2759 1048 ⁸-
2786 1030 2803 1063 ι
2851 1011 3039 1082 Ὑμεῖς
3073 1011 3128 1064 δὲ
3168 1009 3547 1080 προσαγάγετε
3580 1000 3705 1073 ὦδε,
3733 1005 3841 1058 υἱοὶ

566 1096 780 1172 ἄνομοῖ,
812 1102 1035 1175 σπέρμα
1067 1105 1268 1176 μοιχῶν
1305 1107 1398 1160 καὶ
1432 1107 1638 1177 πόρνης
1663 1123 1676 1137 °
1728 1110 1786 1162 ὲν
1818 1107 1923 1160 τίνι
1944 1108 2369 1179 ἐνετρυφήσατε,
2407 1106 2500 1158 καὶ
2552 1105 2646 1157 ἐπὶ
2721 1104 2844 1157 τίνα
2889 1103 3141 1173 ⁴ήνοίξατε
3173 1102 3232 1154 τὸ
3268 1102 3443 1171 στόμα
3510 1101 3688 1171 ὑμῶν,
3750 1096 3843 1151 καὶ

566 1191 662 1243 ἐπὶ
711 1192 833 1247 τίνα
887 1194 1187 1265 έχαλάσατε
1233 1197 1330 1269 τὴν
1378 1198 1628 1267 γλῶσσαν
1666 1199 1852 1270 ὑμῶν;
1897 1219 1913 1250 ι
1975 1201 2074 1254 οὑκ
2123 1199 2182 1264 ἐξ
2220 1198 2427 1268 ἀγαθῆς
2484 1196 2727 1268 δηλονότι
2783 1197 3010 1268 καρδίας
3043 1195 3408 1250 ἐκϐάλλουσαν
3440 1192 3640 1262 ἀγαθὰ,
3707 1190 3843 1244 ἀλλά

565 1280 660 1335 τὸν
707 1282 802 1336 τοῦ
867 1284 1152 1356 μιαιφόνου
1177 1287 1468 1358 δράκοντος
1503 1290 1578 1342 ξὺν
1622 1289 2022 1355 ἀναπτύουσαν,
2075 1289 2202 1360 περὶ
2239 1284 2299 1343 οὑ
2332 1305 2497 1360 φησιν
2531 1290 2559 1341 6
2587 1287 2840 1358 Μελιρδδς
2869 1288 2943 1352 ὡς
2979 1287 3116 1358 πρὸς
3149 1286 3239 1339 τὸν
3269 1286 3363 1338 ἕνα
3405 1284 3496 1347 καὶ
3547 1283 3641 1335 ἐπὶ
3707 1282 3843 1344 πάνθ

568 1389 678 1427 των
697 1373 830 1429 Θεόν
856 1391 870 1406 ·
907 1393 926 1428 ι
994 1377 1066 1431 Σὺ
1122 1379 1451 1450 συνέτριψας
1479 1382 1578 1445 τὰς
1630 1382 1872 1452 κεφαλὰς
1901 1382 1994 1443 τοῦ
2025 1381 2338 1452 δράκοντος.
2385 1402 2402 1431 ι

1247 1475 1400 1531 CAP.
1437 1476 1475 1532 Ι.

678 1559 835 1628 Ωιιοά
859 1573 1088 1620 azternus
1121 1567 1190 1620 sit
1232 1576 1282 1622 et
1316 1579 1440 1626 ante
1469 1570 1664 1622 sarcula
1702 1568 2037 1641 Unigeuitus.

639 1653 778 1708 Cum
824 1665 1004 1710 autem
1060 1673 1168 1713 non
1215 1675 1410 1729 parum
1443 1660 1497 1714 in
1538 1661 1624 1716 his
1659 1660 1902 1715 ﬁdeliqu
1935 1669 2149 1718 mentes

2870 1476 3120 1530 ΚΕΦΑΛ.
3157 1475 3240 1526 A'.

2259 1569 2390 1622 Ὅτι
2437 1567 2630 1634 ἀΐδιος
2687 1568 2785 1622 καὶ
2827 1566 2942 1635 πρὸ
2980 1564 3104 1620 τῶν
3137 1564 3368 1620 αίώνων
3402 1566 3435 1618 ό
3470 1561 3851 1632 Μονογενής.,

2344 1661 2563 1733 Ἐπειδὴ
2593 1661 2649 1715 δὲ
2692 1661 2754 1717 οὑ
2788 1660 2980 1732 μικρὸς
3025 1659 3154 1730 περὶ
3187 1657 3392 1716 τούτων
3433 1658 3491 1710 ἐν
3539 1657 3651 1718 τοῖς
3678 1671 3842 1713 stent-

565 1744 944 1813 turbarentur,
973 1757 1028 1804 et
1070 1750 1466 1823 simpliciorum
1507 1754 1726 1808 animos
1761 1755 1936 1810 instar
1979 1755 2150 1824 pestis

2258 1755 2542 1810 στευκόσιν
2573 1757 2601 1810 6
2633 1754 2862 1826 θόρυϐος
2896 1749 2964 1825 ἦν
2989 1791 3004 1817 ,
3034 1751 3128 1806 καὶ
3171 1750 3269 1814 τὰς
3317 1749 3428 1806 τῶν
3458 1746 3855 1818 ἁπλουστέρων,

566 1836 814 1892 scandali
867 1840 986 1896 lues
1029 1843 1421 1912 depasceretur
1470 1843 1762 1913 (putabant
1819 1846 1962 1900 enim
2011 1861 2151 1900 non.

567 1928 702 1983 nulli
734 1931 900 2002 nugis
923 1932 1144 1989 illorum
1185 1951 1215 1990 a
1247 1952 1374 1992 vera
1406 1935 1660 1999 doctrina
1687 1937 1933 2002 abducti,
1973 1937 2030 1993 in
2062 1953 2151 1994 re-

569 2036 688 2075 rum
725 2032 981 2079 naturam
1001 2034 1114 2084 tum
1133 2027 1221 2082 vix
1255 2029 1528 2098 prodiisse
1552 2028 1813 2094 Verbum,
1839 2045 1964 2088 cum
1986 2030 2150 2086 homo

565 2115 746 2173 factus
783 2117 930 2187 est):
964 2119 1056 2190 qui
1103 2121 1248 2176 inter
1270 2137 1364 2177 eos
1392 2124 1660 2194 sapientia
1697 2125 2055 2194 pmstabant,
2092 2125 2147 2179 in

564 2223 738 2262 unum
757 2213 1095 2283 congregati,
1126 2213 1230 2289 ιο
1255 2225 1524 2270 venerunt
1554 2216 1620 2270 ad
1648 2215 1953 2273 Salvatoris
1973 2217 2149 2272 disci-

565 2301 775 2371 pulum,
805 2303 983 2372 ipsum
1018 2320 1212 2376 nempe
1241 2304 1608 2373 Joannem,et
1633 2309 1885 2363 morbum
1917 2310 2009 2380 qui
2045 2309 2150 2368 ira.

564 2400 678 2448 tres
717 2394 994 2450 invaserat
1040 2398 1390 2466 nuntiarunt,
1423 2408 1588 2470 atque
1621 2401 2007 2456 hzereticorum
2048 2418 2148 2456 nu-

562 2499 661 2554 gas
708 2485 1056 2553 detexerunt,
1093 2497 1148 2544 et
1194 2491 1302 2545 sibi
1351 2491 1646 2547 confestim
1693 2492 1889 2548 adesse
1927 2492 2150 2561 spirita-

564 2576 711 2634 libus
760 2579 1220 2637 illustrationibus
1272 2591 1562 2654 rogarunt,
1595 2591 1650 2638 et
1692 2585 1806 2655 jam
1854 2584 2149 2640 diabolicis

561 2671 773 2728 retibus
813 2673 1078 2730 inuolutis
1105 2676 1401 2732 salutarem
1446 2692 1670 2732 manum
1712 2679 2014 2748 porrigere.
2045 2679 2148 2732 Eo-

559 2779 681 2819 rum
715 2766 886 2837 igitur
916 2768 1010 2838 qui
1055 2769 1331 2838 perierant
1362 2778 1416 2824 et
1466 2778 1660 2826 mente.
1682 2771 1927 2841 corrupti
1960 2779 2142 2836 erant,

559 2854 751 2911 dolore
783 2864 967 2916 lactus
997 2859 1333 2930 discipulus,
1367 2861 1671 2916 absurdum
1717 2862 1846 2917 item
1888 2877 2010 2916 esse
2057 2878 2136 2916 ra-

561 2957 651 3004 tus
702 2949 908 3005 nullam
949 2960 1294 3022 posterorum
1346 2968 1538 3008 curam
1589 2953 1812 3019 habere,
1851 2953 1924 3009 ad
1979 2955 2146 3024 hujus

561 3037 693 3092 libri
743 3039 1100 3110 scriptionem
1153 3058 1212 3097 se
1264 3043 1499 3097 contulit
1527 3061 1554 3101 ε,
1589 3050 1644 3098 et
1694 3059 2036 3113 quaecunque
2078 3044 2147 3099 ad

2253 1846 2428 1916 ψυχὰς
2458 1844 2648 1915 λοιμοῦ
2674 1843 2827 1914 δίκην
2856 1843 2917 1896 τὸ
2943 1843 3007 1896 ἐκ
3035 1840 3126 1896 τοῦ
3152 1838 3449 1900 σκανδάλου
3478 1835 3846 1894 κατεϋόσκετο

2255 1936 2450 2007 βλάὸος
2500 1933 2689 2004 (ᾤοντο
2721 1934 2827 2005 γὰρ
2855 1933 3024 1995 ὅντως
3055 1929 3220 1994 τινὲς,
3275 1930 3397 1991 ταῖς
3447 1930 3578 1997 παρ’
3618 1925 3842 1982 ἐκείνων

2254 2009 2561 2096 φλυαρίαις
2597 2026 2704 2078 τῶν
2763 2022 2977 2094 ἀληθῶν
3033 2019 3378 2090 ἐξελκόμενοι
3421 2018 3730 2090 δογμάτων,
3759 2019 3839 2080 είς

2253 2120 2428 2192 ἀρχὴν
2456 2119 2550 2172 τοῦ
2574 2113 2712 2171 εἶναι
2743 2118 2860 2169 τότε
2894 2115 3047 2186 μόλις
3078 2111 3377 2183 κεκλῆσθαι
3404 2111 3495 2164 τὸν
3524 2111 3720 2180 Λόγον,
3749 2109 3847 2172 ὅτε,

2251 2212 2472 2282 γέγονεν
2499 2209 2804 2281 ἄνθρωπος)
2835 2226 2846 2238 ·
2878 2205 3290 2278 συνενεχθέντες
3309 2247 3324 2270 ,
3361 2204 3455 2258 καὶ
3483 2203 3625 2256 κατά
3647 2201 3850 2260 ταυτὸν,

2250 2299 2531 2369 γενόμενοι
2560 2338 2575 2362 ,
2625 2297 2734 2350 τῶν
2790 2297 3201 2350 πιστευσάντων
3231 2295 3389 2364 οἵπερ
3429 2289 3564 2366 ἦσαν
3597 2291 3852 2366 νουνεχέ-.

2253 2411 2460 2463 στεροι,
2514 2391 2652 2463 πρὸς
2692 2391 2781 2445 τὸν
2828 2391 2921 2446 τοῦ
2952 2391 3205 2462 Σωτῆρος
3253 2391 3511 2459 ἀφίκοντο
3568 2385 3854 2458 μαθητὴν..

2251 2487 2414 2541 αὑτὸν
2449 2486 2507 2539 δὲ
2561 2486 2803 2557 δηλονότι
2832 2484 2925 2540 τὸν
2973 2485 3250 2556 Ἰωάννην,
3285 2482 3469 2554 φημὶ,
3502 2481 3597 2535 καὶ
3629 2479 3694 2550 δὴ
3745 2476 3841 2532 καὶ

2250 2578 2349 2649 τήν
2381 2580 2493 2642 τοῖς
2523 2577 2773 2646 ἀδελφοῖς
2802 2574 3190 2647 ἐπισκήψασαν
3233 2569 3609 2644 ἐξήγγελῐλ]ον
3662 2569 3849 2633 νόσον,

2250 2672 2351 2734 τάς
2395 2688 2453 2724 τε
2481 2669 2588 2724 τῶν
2623 2665 3244 2742 ἐτεροδιδασκαλοὺντων
3275 2663 3645 2732 ἐξεκάλυπτον
3677 2661 3840 2731 φλυα-

2255 2765 2374 2837 ρίας
2399 2803 2414 2828 ,
2446 2762 2724 2834 ἐπαμῦναί
2753 2779 2814 2815 τε
2841 2760 3059 2834 γοργῶς
3091 2759 3241 2830 σφίσι
3269 2775 3329 2811 τε
3365 2758 3551 2820 αὑτοῖς
3595 2753 3841 2826 παρεκά-

2250 2856 2374 2909 λουν
2400 2859 2520 2920 ταῖς
2551 2855 2638 2908 διὰ
2667 2853 2760 2908 τοῦ
2791 2853 3103 2921 πνεύματος
3132 2848 3553 2922 φωταγωγίαις,
3587 2846 3681 2900 καὶ
3726 2846 3840 2907 τοῖς

2250 2952 2353 3022 ήδη
2387 2945 2879 3021 σεσαγηνευμένοις
2901 2989 2917 3013 ,
2953 2946 3086 3001 εἴσω
3107 2963 3168 2999 τε
3201 2943 3432 2998 δικτύων
3457 2939 3704 3011 γεγονόσι
3721 2937 3838 2992 δια-

2252 3043 2502 3109 ϐολικῶν,
2563 3046 2722 3115 χεῖρα
2783 3040 3091 3114 προτείνειν
3137 3037 3423 3108 σωτήριον.
3491 3031 3842 3102 Ἐπαλγήσας

561 3129 973 3198 generationem
1035 3133 1310 3195 carnalem
1372 3140 1434 3190 et,
1493 3133 1798 3197 naturalem
1846 3134 2146 3203 pertinent,

2256 3136 2432 3190 τοίνυν
2462 3138 2577 3198 τοῖς
2609 3133 2914 3188 ἀπολωλόσι
2965 3132 3058 3187 καὶ
3084 3131 3176 3186 τὸν
3207 3128 3333 3183 νοῦν
3368 3123 3842 3196 κατεφθαρμένοις

562 3217 789 3288 reliquit
835 3221 974 3282 aliis
1008 3222 1363 3292 evangelistis
1415 3223 1582 3280 latius
1617 3223 1929 3283 enarranda
1958 3264 1977 3288 ,
2032 3225 2148 3293 ipse

2256 3227 2284 3280 6
2325 3226 2600 3298 μαθητὴς,
2633 3223 2772 3281 εἷναί
2816 3243 2876 3280 τε
2910 3225 3110 3297 ὁμοίως
3152 3221 3358 3294 οἰηθεὶς
3399 3216 3748 3274 ἀτοπώτατον
3781 3214 3842 3268 τὸ

562 3326 694 3366 vero
739 3312 934 3375 ardore
981 3315 1218 3384 quodam
1253 3314 1424 3369 animi
1467 3315 1520 3368 iu
1569 3329 1762 3370 eorum
1791 3315 1885 3386 qui
1925 3316 2055 3370 talia
2089 3316 2148 3372 in

2259 3319 2530 3390 μηδεμίαν
2569 3317 2681 3370 τῶν
2714 3316 2912 3387 ἐφεξῆς
2977 3315 3078 3369 καὶ¹
3121 3314 3236 3385 μετ’
3272 3310 3513 3372 ἐκείνους
3566 3304 3855 3378 ἐσομένων.

563 3406 802 3460 medium
827 3406 1062 3461 afferunt
1094 3407 1454 3476 petulantiam
1484 3408 1783 3472 invehitur,
1814 3407 2040 3464 dicens:

2265 3410 2597 3481 ποιήσασθαι
2643 3409 2900 3481 πρόνοιαν
2927 3448 2941 3473 ,
2981 3407 3075 3459 ἐπὶ
3121 3405 3224 3477 τὴν
3276 3403 3368 3457 τοῦ
3410 3399 3613 3473 βιϐλίου
3655 3397 3840 3470 τρέχει

566 3502 920 3572 συγγραφήν,”
947 3503 1049 3564 καὶ.
1069 3501 1135 3555 τὰ
1174 3501 1307 3572 μὲν,
1328 3503 1537 3573 ὅσαπερ
1563 3497 1643 3573 ἦν,
1664 3501 2149 3574 ἀνθρωπινώτερον
2188 3504 2383 3568 εἰπεῖν,
2415 3507 2758 3575 γενεαλογεῖν
2783 3504 2869 3557 τά
2890 3505 3021 3576 περὶ⁹
3047 3505 3147 3574 τῆς
3175 3501 3316 3556 κατά
3375 3499 3554 3570 σάρκα
3611 3494 3841 3566 νομικῆς

562 3611 623 3647 τε
663 3595 758 3648 καὶ
808 3597 1041 3664 φυσικῆς
1075 3597 1382 3668 γεννήσεως
1410 3599 1521 3662 τοῖς
1567 3597 1772 3667 ἐτέροις
1837 3597 2147 3666 ἐξηγεῖσθαι
2215 3599 2551 3672 πλατύτερον
2592 3597 3016 3670 συγκεχώρηκεν
3043 3593 3486 3664 εὑαγγελισταῖςσ
3517 3588 3737 3676 θερμῶς
3783 3585 3842 3653 δὲ

564 3691 685 3746 λίαν
709 3693 870 3756 αὑτὸς
897 3692 989 3745 καὶ
1017 3691 1220 3764 σφόδρα
1243 3691 1507 3757 νεανικῶς
1538 3696 1658 3757 ταῖς
1685 3694 1792 3747 τῶν
1821 3695 2003 3748 ἐκεῖνα
2030 3697 2478 3768 παρεισαγόντων
2520 3695 2812 3767 φλυαρίαις
2837 3693 3140 3754 ἐνάλλεται,
3185 3690 3381 3758 λέγωνῗ

723 3807 764 3864 Ι.
796 3806 847 3863 1.
884 3803 974 3858 IN
1003 3803 1410 3871 PRINCIPLO
1447 3806 1636 3861 ERAT
1670 3808 1994 3872 γιςιωωι.

636 3919 779 3986 Quid
825 3919 894 3974 ad
943 3919 1060 3980 haec
1104 3921 1309 3986 dicitis,
1347 3921 1441 3992 qui
1498 3937 1700 3976 novum
1756 3924 1916 3979 nobis
1956 3939 2021 3978 ac
2061 3940 2148 3980 re-

567 4023 780 4069 centem
816 4013 1076 4074 inducitis
1104 4013 1317 4077 Filium,
1355 4023 1412 4068 ut
1438 4031 1506 4069 ne
1529 4016 1754 4070 omnino
1783 4017 2004 4086 quidem
2038 4017 2150 4087 jam

570 4104 810 4175 amplius
829 4105 1089 4160 credatur
1118 4105 1302 4160 Deus?
1341 4125 1370 4160 ι.
1394 4105 1512 4161 Non
1543 4108 1689 4162 enim
1721 4109 1825 4164 erit
1848 4110 1901 4164 iu
1937 4119 1988 4165 te
2011 4109 2155 4166 lleus

567 4213 786 4262 recens,
821 4217 838 4251 ι
893 4199 972 4253 ait
1025 4197 1311 4275 Scriptura
1345 4201 1412 4254 ⁸⁸.
1463 4202 1750 4267 Quomodo
1803 4212 1985 4259 autem
2044 4221 2152 4260 non

567 4291 674 4344 c'ril.
707 4305 921 4357 recens,
975 4291 1022 4346 si
1072 4291 1389 4347 novissimis
1444 4299 1609 4348 natus
1647 4301 1733 4348 est
1777 4294 2155 4364 temporibus?

569 4385 856 4450 Quomodo
881 4401 1014 4440 vero
1047 4385 1447 4450 nonmentitus
1481 4385 1552 4440 sit
1586 4386 1652 4440 ad
1686 4383 2150 4446 Judaaosdicens:

578 4497 596 4526 ι
635 4479 806 4534 Amen
838 4480 962 4535 dico
996 4479 1176 4548 vobis,
1206 4489 1499 4550 antequam
1529 4479 1808 4536 Abraham
1847 4481 2018 4548 ﬁeret,
2050 4497 2164 4554 ego.

2611 3812 2711 3865 EN
2747 3810 2950 3879 ΑΡΧῌ
2989 3805 3096 3860 Im
3144 3809 3186 3859 ο
3227 3803 3492 3859 noras.

2323 3927 2390 3979 Τί
2430 3925 2566 3998 πρὸς
2593 3924 2750 3977 τοῦτό
2785 3940 2957 3992 φατε,
2986 3922 3036 3976 οἱ
3086 3920 3205 3976 νέον
3239 3920 3374 3989 ἡμῖν
3403 3917 3497 3971 καὶ⁸
3531 3915 3859 3986 πρόσφατοντ

2251 4020 2600 4090 εἰσφέροντες
2642 4017 2730 4070 τὸν
2762 4015 2890 4069 Tib»
2913 4053 2926 4078 ,
2967 4014 3055 4068 ἵνα
3110 4012 3246 4084 μηδέ
3277 4011 3414 4073 ὅλως
3447 4007 3711 4080 ὑπάρχειν
3763 4007 3844 4060 ἔτι

2256 4113 2580 4183 πιστεύηται
2608 4110 2778 4174 Θεός;
2816 4128 2834 4160 ι
2872 4109 2946 4161 Οὑ
2987 4106 3097 4176 γὰρ
3141 4105 3316 4167 ἐσται,
3346 4122 3364 4154 ι
3403 4103 3589 4173 φησὶν,
3623 4119 3641 4154 ι
3671 4102 3728 4153 ἐν
3761 4100 3843 4153 σοὶ

2257 4206 2391 4269 Θεὸς
2423 4204 2736 4277 πρόσφατος
2760 4242 2774 4263 ,
2806 4221 2824 4252 ι
2860 4202 2894 4271 ή
2925 4199 3045 4252 θεία
3070 4198 3285 4269 Γραφή.
3319 4195 3442 4260 Πῶς
3469 4190 3562 4248 οὑν
3592 4195 3654 4247 οὑ
3683 4193 3845 4265 πρόσ-

2263 4315 2460 4368 φατος,
2490 4299 2537 4359 εἰ
2568 4293 2902 4364 ἐνὺστέροις
2926 4277 3188 4361 ἐγεννήθη
3227 4290 3438 4360 καιροῖς
3463 4306 3476 4353 ;
3510 4285 3633 4349 Πῶς
3665 4285 3720 4338 δὲ
3745 4286 3845 4337 οὑκ

2261 4391 2514 4461 ἐψεύδετο
2568 4386 2743 4454 λέγων
2800 4384 2937 4455 πρὸς
2999 4380 3288 4444 Ἰουδαίους
3320 4395 3334 4409 ⁸
3395 4399 3412 4430 ι
3475 4378 3646 4447 Ἀμὴν
3699 4375 3844 4444 λέγω

2261 4486 2410 4556 ὑμῖν,
2443 4483 2572 4552 πρὶν
2619 4477 2873 4550 Ἀϐραάμ
2899 4473 3174 4545 γενέσθαι,
3197 4471 3308 4540 ἐγώ
3339 4473 3453 4540 εἰμι
3475 4489 3488 4502 ι
3521 4487 3539 4519 ι
3580 4466 3846 4539 πρόδηλον

574 4587 698 4625 sum
726 4570 815 4625 “‘3
839 4591 857 4623 ι
896 4569 1180 4626 Neminem
1218 4571 1364 4626 enim
1391 4570 1740 4643 fugitmultis
1769 4581 1892 4644 post
1932 4576 2150 4629 beatum

2260 4578 2370 4652 γὰρ
2408 4577 2580 4650 δήπου
2630 4573 2725 4634 καὶ
2776 4573 2944 4626 πᾶσιν
2987 4566 3452 4640 ὁμολογούμενον,
3491 4562 3566 4625 ὡς
3633 4559 3846 4621 πολλοῖς

573 4663 850 4720 Abraham
898 4665 1115 4720 saeculis
1148 4664 1424 4719 Christum
1475 4679 1540 4720 ex
1586 4673 1776 4720 sancta
1803 4665 2027 4735 Virgine
2061 4682 2154 4737 ge-

579 4758 774 4813 nitum.
803 4756 1089 4826 Quomodo
1111 4756 1553 4827 deniqueillud,«
1581 4757 1638 4811 ιιι
1659 4758 2095 4829 principioerat,
2127 4776 2146 4812 ι

576 4850 819 4906 manebit
855 4851 1147 4914 incolume,
1189 4857 1243 4905 et
1291 4855 1439 4905 recte
1490 4850 1822 4920 quadrabit,
1874 4850 1920 4906 si
1963 4851 2014 4904 in
2048 4850 2155 4905 fine

576 4944 904 5000 saeculorum
933 4951 1094 4998 natus
1119 4950 1204 5014 est
1236 4941 1605 5012 Uuigenitus?
1633 4941 1768 4998 Vide
1793 4943 1938 4997 enim
1977 4944 2060 4997 vel
2088 4960 2156 4999 ex

579 5040 645 5094 iis
671 5052 793 5109 quae
817 5043 1140 5107 sequuntur,
1159 5043 1381 5107 quanta:
1411 5037 1482 5092 sit
1505 5035 1870 5092 absurditatis
1895 5043 2159 5092 aeternam

577 5129 701 5187 Filii
741 5131 1126 5188 exsistcntiam
1163 5131 1441 5195 mutilare,
1484 5138 1539 5185 et
1578 5129 1900 5187 novissimis
1944 5138 2160 5198 tempo-

581 5226 735 5280 ribus
775 5225 955 5296 ipsum
997 5234 1183 5282 uatum
1237 5224 1538 5296 suspicari.
1569 5223 1709 5279 lllud
1741 5238 1873 5278 vero
1904 5223 2161 5279 subtilius

581 5333 779 5374 rursus
808 5318 1195 5389 explicandum
1227 5319 1386 5374 nobis
1417 5319 1567 5373 venit
1597 5315 1747 5389 quod
1794 5316 1934 5380 dixit
1967 5317 2160 5372 beatus

581 5411 912 5485 evangelista
945 5428 958 5464 :

973 5503 1037 5559 In
1068 5504 1330 5572 principio
1363 5510 1478 5556 erat
1521 5500 1769 5556 Verbum.

649 5599 934 5670 Principio
965 5598 1101 5652 nihil
1133 5607 1216 5652 est
1255 5595 1560 5666 antiquius,
1603 5595 1648 5650 si
1681 5593 1938 5665 principii
1971 5593 2163 5648 defini-

583 5696 786 5750 tionem
833 5693 888 5747 in
939 5707 998 5747 se
1039 5690 1299 5746 retineat.
1351 5689 1694 5760 Principium
1725 5688 1871 5743 enim
1903 5685 2158 5758 principii

2261 4673 2486 4744 ὕστερον
2516 4670 2731 4742 χρόνοις
2783 4663 2922 4737 μετά
2947 4664 3039 4717 τὸν
3091 4662 3362 4734 μακάριον
3405 4655 3655 4728 Ἀϐραὰμ
3693 4655 3845 4723 ἐγεν-

2262 4765 2402 4838 νήθη
2428 4761 2665 4835 Χριστὸς
2700 4758 2790 4813 διά
2835 4759 2932 4829 τῆς
2957 4757 3118 4826 ἀγίας
3142 4752 3441 4825 Παρθένου.
3469 4747 3576 4804 Ποῦ
3607 4748 3664 4802 δὲ
3708 4746 3844 4809 ὅλως

2255 4837 2337 4922 τὸ,
2375 4875 2392 4908 ι
2418 4857 2513 4909 Ἐν
2548 4855 2690 4925 ἀρχῇ
2722 4847 2812 4923 ἦν,
2843 4868 2860 4902 ι
2881 4848 3186 4921 σωθήσεται
3223 4845 3318 4899 καὶ
3363 4843 3605 4915 χωρήσει
3631 4837 3843 4903 καλῶς,

2263 4949 2422 5018 εἴπερ
2461 4945 2556 4998 ἐπὶ⁸
2585 4943 2726 4998 τέλει
2779 4942 2894 5007 τῶν¹
2914 4940 3125 4995 αἰώνων
3161 4938 3384 5006 γέγονεν
3428 4935 3457 4987 6
3489 4933 3842 5001 Μονογενής;

2261 5039 2405 5108 Ὅρα
2433 5035 2542 5107 γάρ
2588 5051 2678 5107 μοι
2727 5034 2822 5088 καὶ
2859 5033 2947 5088 διὰ
2995 5033 3106 5086 τῶν
3135 5028 3362 5099 ἐφεξῆς,
3397 5027 3530 5097 ὅσην
3587 5023 3700 5094 ἔχει
3743 5021 3857 5095 τὴν.

2255 5127 2487 5184 ἀτοπίαν
2520 5128 2578 5181 τὸ
2617 5125 2873 5186 κολοὸοὖν
2928 5123 3023 5178 τοῦ
3072 5120 3204 5182 Υἱοῦ
3243 5120 3342 5192 τήν
3384 5119 3551 5172 άῒδιον
3583 5112 3841 5186 ὓπαρξιν,

2259 5219 2354 5272 καὶ
2407 5219 2465 5271 ἐν
2499 5215 2745 5289 ὑστέροις
2795 5215 2959 5270 αὑτὸν
3005 5212 3261 5284 γενέσθαι
3302 5210 3517 5283 χρόνοις
3565 5208 3838 5261 ὑπονοεῖν.

2260 5312 2401 5368 Αὐτὸ
2444 5313 2501 5367 δὲ
2535 5311 2600 5385 δὴ
2642 5313 2806 5366 πάλιν
2853 5312 2983 5382 ἡμῖν
3026 5311 3104 5373 εἰς
3138 5306 3466 5378 λεπτοτέραν
3513 5302 3846 5375 παρακείσε-

2259 5426 2349 5471 ται
2392 5407 2646 5478 βάσανον,
2680 5408 2818 5477 ὅπερ
2853 5404 2958 5474 ἔφη
2989 5404 3018 5456 6
3047 5400 3316 5472 μακάριος
3348 5396 3768 5467 εὑαγγελιστής·

2696 5498 2799 5550 Ἐν
2835 5493 2993 5565 ἀρχῇ
3021 5489 3100 5566 ἦν
3141 5497 3173 5548 ὀ
3205 5493 3414 5562 Λόγος.
3846 5529 3850 5532 ρ

2332 5591 2444 5661 Τῆς
2468 5589 2644 5662 ἀρχῆς
2674 5587 2825 5642 οὐδέν
2855 5589 2972 5640 ἐστι
3004 5587 3065 5640 τὸ
3102 5584 3498 5657 πρεσϐύτατον,
3542 5583 3700 5654 εἴπερ
3729 5580 3842 5652 ἔχοι

2270 5683 2576 5752 σωζόμενον
2628 5681 2712 5748 ἐφ’
2769 5680 2935 5748 ἑαυτῇ
2975 5677 3066 5731 τὸν
3111 5677 3208 5748 τῆς
3263 5675 3442 5746 ἀρχῆς
3483 5675 3625 5747 ὅρον.
3673 5671 3853 5747 Ἀρχὴ

690 5831 740 5869 ’ί
770 5833 872 5893 ιω.
908 5846 1039 5898 Lvu,
1071 5831 1125 5896 '5,
1169 5832 1216 5886 «ί.
1302 5832 1344 5864 ’³
1369 5829 1514 5886 Psal.
1544 5846 1736 5900 usui,
1785 5830 1904 5903 Νη
1943 5827 2353 5901 "Psalsuu,
2393 5826 2472 5882 lO.
2553 5825 2596 5855 “
2637 5821 2794 5879 Joan.
2827 5820 3054 5886 “H.558.
