4168 6544
296 373 375 435 25;
1318 373 1385 428 IN
1417 372 1705 431 J‘OANNIS
1739 372 2191 432 EVANGELtUM
2239 374 2368 429 LIB.
2409 330 2453 432 ἰ.
3482 367 3553 423 26

296 494 408 567 γὰρ
444 492 619 563 ἀρχῆς
655 491 755 545 οὐκ
802 490 867 545 ἂν
908 492 991 561 εἴη
1041 491 1191 555 ποτὲ,
1255 493 1286 563 ἢ
1321 492 1539 557 πάντως
1576 491 1872 563 ἐκϐήσεται

1990 506 2245 561 iusquam
2293 490 2493 544 fuerit:
2528 495 2624 542 aut
2653 488 2697 542 si
2741 482 3187 558 quiddam-aliud
3210 492 3336 536 ante
3369 483 3551 552 ipsum

302 591 356 642 τὸ
385 584 526 641 εἶναι
547 588 688 641 κατὰ
722 585 972 656 ἀλήθειαν
1006 586 1168 657 ἀρχὴ,
1204 587 1700 659 προεπινοουμένου
1730 585 1873 650 τινὸς

298 680 486 751 ἑτέρου
535 681 627 733 καὶ
660 677 1077 750 πρωνίσχοντος
1125 679 1330 749 αύτῆς’
1390 681 1566 745 ἄλλως
1615 698 1674 733 τε
1710 682 1756 735 ει
1787 682 1874 734 ὲνο

298 770 515 840 δέχεταί
543 787 594 822 τι
618 768 989 840 προϋπάρχειν
1021 770 1121 838 τῆς
1146 770 1321 833 ὅντως,
1344 771 1517 843 ἀρχῆς
1542 813 1554 831 ,
1594 772 1680 825 ἐπ’
1720 773 1876 826 ἄπει-

303 880 395 932 ρον
425 864 553 932 ἡμῖν
579 864 607 914 6
636 861 765 930 περὶ
785 862 954 932 αὐτῆς
983 864 1259 933 οἰχήσεται
1287 863 1471 931 λόγος,
1502 865 1589 917 ἀεὶ
1632 882 1874 936 προανα-

301 953 590 1024 τελλούσης
616 953 809 1025 ἑτέρας
830 995 845 1018 ,
895 955 990 1007 καὶ
1042 954 1301 1025 δευτέραν
1341 954 1748 1025 ἀποφαινούσης
1777 956 1876 1025 τὴν

300 1047 386 1113 ἐφ’
418 1040 560 1119 ᾖπερ
587 1044 652 1099 ἂν
689 1046 722 1115 ἠ
760 1047 888 1115 παρ’
928 1044 1084 1115 ἡμῶν
1124 1045 1337 1112 γένοιτο
1369 1044 1617 1115 ζήτησις.
1668 1046 1875 1100 Οὐκοῦν

302 1138 443 1208 ἀρχὴ
470 1137 569 1207 μὲν
595 1138 773 1209 ἀρχῆς
802 1139 903 1190 οὐκ
932 1136 1106 1202 ἔσται,
1137 1137 1279 1191 κατά
1323 1137 1422 1192 τὸν.
1463 1138 1667 1209 ἀκριϐῆ
1697 1156 1757 1191 τε
1786 1140 1877 1192 καῖ⁹

300 1228 477 1297 ἀληθῆ
528 1227 825 1297 λογισμὸν,
892 1227 1009 1283 ἀλλ’
1050 1230 1129 1291 εἰς
1178 1230 1459 1300 ἀμήρυτον
1529 1230 1709 1300 μέντοι
1782 1229 1877 1283 καὶ

302 1320 685 1390 ἀκατάληπτον
718 1323 747 1374 6
786 1322 912 1391 περὶ
938 1321 1112 1390 αὐτῆς
1147 1322 1488 1393 ἀποδημήσει
1514 1322 1691 1391 λόγος.
1714 1322 1878 1386 Τέλος

300 1413 355 1466 δὲ
387 1414 488 1467 οὐκ
520 1414 751 1487 ἐχούσης
778 1415 877 1486 τῆς
902 1415 991 1469 ἀεὶ
1025 1415 1161 1485 πρὸς
1200 1415 1261 1469 τὸ
1292 1415 1485 1469 ἀνὰπιν
1519 1416 1697 1485 φυγῆς
1721 1453 1735 1478 ,
1782 1415 1879 1467 καὶ

301 1505 362 1557 τὸ
390 1505 497 1558 τῶν
536 1505 747 1561 αἰώνων
779 1506 1157 1578 ἀναφοιτώσης
1198 1506 1433 1577 μέτρον,
1461 1507 1561 1560 οὑκ
1604 1507 1664 1559 ὲν
1702 1506 1880 1576 χρόνῳ

303 1594 542 1664 γεγονὼς
587 1599 615 1651 6
651 1599 778 1660 Υἰὺς
802 1638 817 1662 ,
869 1598 1054 1661 ἀϊδίως
1095 1598 1151 1651 δὲ
1201 1597 1399 1668 μᾶλλον
1446 1596 1705 1667 ὑπάρχων
1742 1596 1882 1666 μετά

305 1688 518 1759 Πατρός
547 1690 922 1761 εὑρεθήσεται.
957 1685 1066 1742 Ἦν
1101 1689 1211 1760 γάρ
1237 1691 1294 1742 ὲν
1340 1688 1503 1759 ἀρχῇ.
1539 1689 1601 1741 Εἰ
1632 1687 1689 1740 δὲ
1719 1682 1787 1757 ἦν
1823 1688 1879 1739 ὲν

303 1780 441 1852 ἀρχῇ
470 1821 485 1843 ,
520 1784 703 1845 ποῖος.
735 1781 861 1834 εἰπέ
890 1798 1007 1851 μοι,
1031 1780 1319 1851 δυνήσεται
1356 1779 1478 1842 νοῦς
1520 1780 1619 1850 τὴν
1659 1777 1752 1836 τυῦ
1804 1774 1883 1847 ἦν

1980 586 2318 657 intelligatur
2358 585 2666 647 oriaturve,
2722 597 2849 637 vere
2907 578 3241 652 principium
3289 591 3407 632 esse
3454 575 3550 630 de-

1981 679 2143 734 sinet.
2186 678 2425 748 Alioqui,
2458 677 2500 731 si
2535 676 2646 731 ﬁeri
2679 683 2861 745 potest
2894 683 2953 729 ut
2996 672 3202 743 aliquid
3247 681 3373 725 ante
3415 668 3553 723 illud

1981 771 2126 840 quod
2178 785 2306 824 vere
2361 768 2687 839 principium
2728 775 2814 822 est
2864 766 3117 830 exsistat,
3170 764 3224 818 in
3272 763 3549 817 inﬁnitum

1982 870 2171 919 nostra
2207 860 2275 915 de
2305 861 2397 915 illo
2430 860 2642 914 abitura
2665 865 2749 914 est
2778 858 2981 920 oratio,
3019 858 3129 912 alio
3150 857 3304 927 prius
3335 868 3553 923 semper

1982 954 2287 1019 exoriente,
2304 963 2356 1009 et
2380 961 2502 1025 post
2525 968 2583 1009 se
2601 951 2887 1021 rejiciente
2903 951 3000 1019 ιι
3022 949 3153 1003 illud
3177 949 3318 1018 quod
3339 962 3553 1017 quaere-

1982 1055 2097 1101 tur.
2140 1047 2328 1116 Itaque
2369 1046 2703 1116 principium
2736 1044 2955 1114 quidem
3002 1042 3253 1113 principii
3288 1056 3397 1096 non
3424 1040 3553 1108 erit,

1984 1140 2029 1196 si
2061 1154 2186 1195 vere
2241 1149 2295 1195 et
2332 1145 2525 1194 eXacte
2573 1136 2891 1191 ratiocinari
2936 1136 3212 1200 volumus,
3254 1134 3345 1189 sed
3388 1133 3441 1187 in
3473 1132 3557 1187 in—

1985 1229 2197 1283 ﬁnitum
2237 1239 2292 1283 et
2332 1228 2887 1298 incomprelicnsibile
2932 1225 3197 1295 procedet
3230 1225 3281 1280 id
3313 1225 3463 1295 quod
3490 1224 3559 1280 de

1986 1321 2107 1390 ipso
2159 1321 2400 1379 dicetur.
2429 1322 2676 1390 Cumque
2712 1320 2816 1374 ﬁne
2873 1327 3059 1373 careat
3098 1318 3188 1371 illa
3237 1326 3391 1372 retro
3434 1323 3555 1369 acta

1987 1421 2252 1482 perpetuo
2290 1412 2597 1477 conversio,
2618 1419 2672 1466 et
2701 1411 2898 1468 saecula
2922 1418 3237 1480 percurrat,
3263 1424 3370 1467 non
3410 1406 3559 1462 exsi-

1986 1512 2134 1559 stere
2170 1504 2225 1557 in
2267 1510 2515 1574 tempore
2541 1501 2736 1570 Filius,
2768 1503 2864 1558 sed
2901 1503 2970 1557 ab
3004 1510 3210 1556 aeterno
3232 1500 3416 1571 potius
3441 1512 3563 1553 esse

1988 1611 2111 1651 cum
2160 1595 2321 1652 Patre
2374 1596 2767 1667 comperietur.
2804 1595 2932 1649 Erat
2980 1594 3125 1650 enim
3174 1596 3227 1649 in
3268 1592 3559 1663 principio.

1988 1684 2143 1751 Quod
2175 1686 2219 1740 si
2260 1697 2378 1740 erat
2422 1686 2476 1740 in
2510 1685 2808 1756 principio,
2849 1701 2970 1755 qua!
2995 1701 3169 1749 meus,
3204 1684 3419 1746 amabo,
3461 1700 3562 1753 pu-

1990 1778 2119 1832 terit
2148 1777 2255 1831 vim
2302 1777 2451 1832 illius
2496 1778 2682 1843 verbi,
2726 1788 2864 1843 erat,
2910 1777 3285 1832 transvo!are?
3332 1775 3564 1842 Quando

305 1872 772 1942 ύπτρανίπτασθαι
798 1872 1054 1944 δύναμιν;
1086 1872 1221 1925 Πότε
1248 1871 1306 1925 δὲ
1332 1872 1467 1934 ὅλως
1498 1871 1558 1923 τὸ
1586 1866 1668 1941 ἦν
1698 1870 1773 1934 ὡς
1826 1872 1884 1923 ὲν

1990 1870 2221 1939 denique
2260 1869 2415 1934 illud,
2462 1877 2595 1934 erat,
2632 1868 2783 1924 velut
2830 1870 2886 1923 in
2940 1869 3045 1924 ﬁne
3096 1870 3386 1935 consistet,
3435 1885 3562 1922 cum

305 1964 447 2016 τέλει
501 1964 789 2034 στήσεται,
836 1964 1242 2035 προανατρέχον
1300 1964 1388 2017 ἀεὶ
1445 1961 1538 2015 τοῦ
1595 1961 1884 2025 διώκοντος

308 2054 569 2125 λογισμοῦ
597 2097 611 2122 ,
670 2058 764 2110 καὶ
809 2055 911 2126 τῆς
962 2056 1234 2128 ἑπομένης
1285 2055 1436 2127 αὺτῷ
1487 2039 1885 2128 προαναπηδῶν

307 2148 552 2213 ὲννοίαςς
600 2149 722 2202 Ἐπὶ
770 2149 943 2220 τούτῳ
993 2150 1056 2221 δὴ
1115 2150 1224 2223 ἀρα
1283 2148 1810 2220 καταπεπληγμένος
1858 2149 1887 2201 6

307 2233 593 2310 προφήτης
627 2242 791 2311 φησιν
852 2242 1110 2305 Ἡσαΐας·
1166 2262 1188 2294 ι
1219 2243 1332 2313 Τὴν
1378 2241 1570 2311 γενεὰν
1603 2240 1768 2294 αὑτοῦ
1802 2239 1886 2304 τίς

303 2332 654 2403 διηγήσεταις
686 2336 767 2388 ὅτι
793 2334 1006 2408 αἴρεται
1034 2336 1141 2389 ἀπὸ
1173 2335 1271 2404 τῆς
1304 2336 1406 2406 γῆς
1431 2338 1464 2402 ἡ
1486 2334 1602 2404 ζωὴ
1630 2332 1821 2387 αὑτοῦ.
1861 2352 1883 2382 ι.

192 2446 195 2447 ν
304 2422 527 2492 Αἵρεται
554 2424 663 2495 γὰρ
684 2425 851 2488 ὅντως
872 2427 978 2479 ἀπὸ
1008 2426 1105 2496 τῆς
1128 2427 1232 2496 γῆς
1263 2427 1290 2478 6
1312 2428 1437 2497 περὶ
1458 2426 1559 2495 τῆς
1581 2425 1889 2494 γεννήσεως

303 2514 461 2582 λόγος
492 2514 586 2568 τοῦ
617 2518 952 2586 Μονογενοῦς
976 2560 990 2583 ,
1023 2519 1168 2572 τοῦτ’
1189 2510 1355 2583 ἔστιν,
1388 2518 1525 2589 ὑπὲρ
1558 2516 1737 2571 πᾶσάν
1770 2518 1893 2573 ἐστι

302 2604 547 2659 διάνοιαν
577 2606 685 2660 τῶν
729 2607 897 2661 ὄντων
949 2608 1043 2661 ἐπὶ
1080 2609 1177 2679 τῆς
1224 2609 1363 2678 γῆς,
1396 2608 1490 2661 καὶ
1535 2608 1675 2677 ὑπὲρ
1712 2608 1889 2661 πάντα

303 2698 462 2766 λόγον
486 2741 500 2765 ,
535 2698 610 2762 ὡς
637 2695 775 2753 εἶναι
805 2700 992 2754 λοιπὸν
1016 2700 1378 2771 ἀνεξήγητονσ
1411 2702 1460 2753 εἰ
1500 2699 1557 2752 δὲ
1592 2700 1732 2770 ὑπὲρ
1765 2699 1890 2752 νοῦν

306 2790 425 2842 ἐστι
470 2792 566 2843 καὶ
617 2791 807 2860 λόγους
830 2793 963 2869 τοὺς
996 2794 1055 2845 ὲν
1093 2794 1248 2862 ἡμῖν,
1286 2792 1402 2855 πῶς
1430 2791 1496 2845 ἂν
1530 2790 1614 2861 εἴη
1643 2790 1888 2859 γενητὸς,

306 2883 409 2934 οὐκ
436 2881 730 2953 ἀτονούσης
755 2884 855 2953 τῆς
884 2883 1108 2953 ἐνούσης
1134 2886 1269 2955 ἡμῖν
1305 2882 1565 2947 διανοίας,
1601 2883 1693 2935 καὶ
1714 2881 1893 2953 χρόνῳ

310 2974 405 3026 καὶ
430 2973 574 3045 λόγῳ
606 2974 939 3047 περιορίζειν
968 2975 1038 3028 τὰ
1067 2975 1307 3046 γενητά;

320 3064 573 3133 Ἑτέρως
614 3069 700 3131 εὶς
736 3066 801 3119 τὸ
842 3066 991 3190 αὺτὲ
1017 3066 1365 3191 θὲἵρητέον,
1401 3084 1421 3118 ι
1471 3066 1575 3120 Ἐν
1615 3064 1775 3134 ἀρχῇ
1814 3060 1894 3135 ἦν

1124 3154 1247 3191 τοο.
1278 3156 1296 3187 ι

1124 3154 1247 3205 γος-
1278 3156 1296 3187 ι

1986 1971 2408 2034 prosequentem
2472 1961 2862 2031 cogitationem
2937 1975 3154 2031 semper
3218 1959 3557 2021 antecedat,

1987 2061 2337 2123 mentemque
2376 2053 2724 2124 praecurrat?
2770 2052 2943 2119 Quam
2996 2053 3069 2107 ob
3121 2066 3237 2106 rem
3301 2050 3567 2105 attonitus

1990 2146 2259 2217 propheta
2296 2144 2468 2201 Isaias
2509 2144 2689 2215 inquit
2727 2163 2741 2199 :
2778 2162 2796 2194 ι
2835 2142 3257 2199 Generationem
3292 2141 3413 2212 ejus
3442 2141 3568 2210 quis

1989 2236 2469 2303 enarrabiti'Quia
2500 2238 2716 2291 tollitur
2743 2251 2771 2290 a
2802 2244 2949 2291 terra
2984 2239 3093 2288 vita
3126 2235 3248 2302 ejus
3274 2235 3344 2289 ".
3384 2252 3403 2286 ›
3441 2232 3569 2287 Tol-

1990 2326 2121 2381 litur
2156 2328 2303 2380 enim
2339 2326 2587 2397 profecto
2619 2341 2648 2379 a
2687 2333 2834 2381 terra
2872 2324 3247 2395 generationis
3286 2321 3569 2393 Unigeniti

1991 2419 2156 2483 ratio,
2188 2418 2291 2472 hoc
2318 2424 2425 2481 est,
2468 2419 2714 2472 omnium
2759 2416 3073 2471 mortalium
3118 2426 3355 2471 mentem
3407 2430 3571 2471 exce-

1990 2509 2092 2573 dit,
2122 2524 2454 2579 omnemque
2489 2514 2759 2564 rationem
2791 2519 3032 2578 superat,
3062 2508 3199 2563 adeo
3230 2515 3287 2561 ut
3319 2506 3570 2561 enarrari

1991 2610 2247 2672 nequeat.
2289 2601 2446 2668 Quod
2498 2601 2542 2657 si
2587 2610 2824 2657 mentem
2887 2609 2942 2655 et
2995 2600 3263 2656 rationem
3320 2604 3569 2653 nostram

1991 2696 2229 2760 excedit,
2271 2694 2551 2765 quomodo
2581 2701 2803 2749 creatus
2828 2695 2953 2761 erit,
2983 2708 3106 2748 cum
3150 2702 3205 2748 et
3240 2702 3484 2762 tempore
3515 2696 3573 2745 et

1996 2788 2208 2841 ratione
2243 2786 2704 2842 circumscribere
2750 2801 2839 2840 res
2883 2793 3101 2841 creatas
3143 2784 3349 2855 ingenii
3392 2782 3570 2839 nostri

1996 2878 2142 2933 vires
2174 2891 2285 2932 non
2320 2876 2593 2933 excedat?

2185 3055 2311 3110 Alia
2342 3053 2656 3116 observatio,
2685 3054 2739 3107 in
2769 3053 2928 3117 illud,
2972 3071 2990 3103 ‹
3027 3051 3091 3104 1η
3123 3050 3391 3121 principio

2556 3132 2672 3178 erat
2702 3123 2944 3178 Verbum.
2990 3141 3009 3173 ι

392 3227 593 3298 Ἀρχὴν
641 3227 778 3291 ὅλως
818 3228 918 3299 τὴν
953 3231 1011 3282 ὲν
1282 3228 1580 3300 νοουμένην
1623 3227 1724 3281 οὐκ
1774 3226 1885 3281 ἔστι

2066 3216 2405 3287 Principium
2458 3216 2650 3287 utique
2689 3215 2824 3270 illud
2853 3215 3001 3284 quod
3038 3214 3091 3268 in
3130 3222 3380 3284 tempore
3416 3212 3577 3269 intel-

307 3316 488 3377 λαϐεῖν
546 3317 639 3370 ἐπὶ
697 3317 791 3370 τοῦ
843 3317 1202 3387 Μονογενοῦς.
1254 3318 1404 3372 Ἐπεὶ
1463 3318 1572 3391 γάρ
1629 3320 1745 3372 ἐστι
1784 3317 1891 3389 πρὸ

308 3409 500 3480 χρόνου
558 3409 759 3472 παντὸς
781 3448 796 3472 ,
843 3409 937 3465 καὶ
971 3408 1297 3479 προαιώνιον
1344 3409 1457 3481 ἔχει
1502 3408 1601 3481 τὴν
1634 3407 1891 3482 ὕπαρξιν,

310 3502 388 3554 ἔτι
443 3519 502 3555 τε
534 3502 669 3574 πρὸς
696 3501 907 3565 τούτοις
943 3503 1004 3555 τὸ
1050 3502 1379 3574 καταλήγειν
1407 3505 1488 3567 εἰς
1517 3503 1669 3567 τέλος
1701 3505 1735 3573 ὴ
1771 3501 1894 3556 θεία

311 3595 654 3661 παραιτεῖται
687 3592 847 3662 φύσις
895 3593 1028 3665 (ἕξει
1056 3594 1165 3665 γὰρ
1197 3594 1459 3658 ὡσαύτως
1493 3594 1580 3647 ἀεὶ
1601 3633 1616 3658 ,
1649 3592 1794 3648 κατά
1831 3592 1892 3645 τὸ

313 3690 369 3740 ὲν
398 3685 646 3756 Ψαλμοῖς
684 3684 1110 3757 μελῳδούμενον,
1147 3704 1166 3737 ι
1194 3686 1266 3739 Σὺ
1300 3686 1357 3739 δὲ
1394 3688 1424 3739 6
1470 3684 1631 3749 αὐτὸς
1678 3682 1748 3749 εἷ,
1797 3685 1892 3738 καὶ

312 3776 378 3828 τὰ
407 3776 496 3846 ἔτη
531 3793 623 3829 σου
649 3777 750 3830 οὐκ
777 3775 1117 3847 ἐκλείψουσιν
1141 3777 1210 3850 ›)’
1237 3777 1345 3832 ἀπὸ
1370 3779 1530 3842 ποίας
1558 3779 1691 3849 ⁴Ιπμῖν
1716 3778 1891 3849 ἀρχῆς

310 3868 407 3936 τῆς
436 3872 492 3921 ὲν
518 3869 695 3939 χρόνῳ
728 3872 822 3923 καὶ
848 3869 1008 3942 ποσῷ.
1030 3870 1409 3943 μετρουμένης
1435 3873 1464 3925 6
1487 3870 1616 3933 Υἱὸς
1649 3870 1883 3942 ἐκϐήσε-

309 3980 399 4015 ται
425 4001 439 4021 ,
471 3962 684 4032 τρέχειν
715 3964 794 4025 εἰς
822 3962 973 4026 τέλος
1015 3963 1116 4017 οὐκ
1168 3962 1496 4034 ἀνεχόμενος
1521 4003 1535 4027 ,
1572 3961 1668 4015 ἆτε
1701 3961 1765 4033 δὴ
1795 3962 1891 4016 καὶ

311 4053 450 4107 κατά
503 4054 664 4123 φύσιν
724 4055 986 4127 ὑπάρχων
1019 4055 1149 4115 Θεὸς
1174 4099 1187 4120 ,
1243 4057 1339 4109 καὶ⁸
1395 4055 1482 4108 διὰ
1514 4054 1671 4108 τοῦτο
1707 4054 1846 4125 βοῶν
1871 4070 1885 4085 ·

315 4164 339 4198 ιΔ
373 4146 511 4215 Ἑγώ
542 4148 657 4217 εἰμι
689 4148 721 4217 ἡ
765 4147 876 4217 ζωή
908 4164 922 4211 ;
950 4167 968 4199 ι
1019 4147 1185 4217 Ἀρχὴ
1215 4146 1325 4217 γὰρ
1368 4146 1506 4219 αὑτὴ
1539 4146 1660 4200 καθ’
1689 4145 1888 4217 ἑαυτὴν

308 4240 408 4291 ούκ
428 4240 505 4298 ἂν
518 4238 653 4303 ὅλως
677 4238 940 4311 ὑπάρχειν
962 4240 1133 4292 νοοίτό
1163 4255 1316 4304 ποτε,
1349 4238 1424 4309 μὴ
1446 4238 1583 4309 πρὸς
1608 4238 1667 4291 τὸ
1692 4240 1889 4291 οἰκεῖον

311 4332 585 4401 βλέπουσα
615 4331 767 4395 τέλος
791 4347 805 4361 ⁸
842 4332 1074 4401 ἐπείπερ
1105 4332 1179 4394 ὠς
1215 4332 1351 4401 πρὸς
1394 4331 1555 4395 τέλος
1593 4330 1693 4402 μὲν
1723 4331 1887 4403 ἀρχὴν

306 4423 461 4486 τέλος
488 4422 532 4475 δ’
562 4418 630 4476 αὖ
687 4422 849 4476 πάλιν
891 4422 966 4486 ὡς
998 4424 1134 4495 πρὸς
1164 4422 1337 4493 ἀρχὴν
1370 4422 1716 4493 ὀνομάζεται.
1763 4426 1888 4495 Ἀρ-

1995 3311 2184 3382 ligitur
2221 3309 2538 3365 nullatenus
2566 3322 2765 3379 capere
2795 3307 2925 3363 licet
2970 3306 3038 3362 de
3079 3305 3398 3377 Uuigenito.
3437 3304 3574 3359 Nam

1993 3419 2120 3459 curn
2180 3402 2251 3458 sit
2307 3408 2435 3456 ante
2481 3416 2646 3456 omne
2693 3408 2911 3469 tempus
2961 3406 3017 3453 et
3067 3399 3285 3454 szeculis
3336 3398 3576 3467 priorem

1992 3496 2377 3553 exsistentiam
2432 3494 2653 3559 habeat,
2685 3509 2749 3548 ac
2787 3500 3050 3563 przeterea
3103 3490 3267 3546 ﬁnem
3303 3491 3578 3561 attingere

1993 3600 2194 3644 natura
2223 3587 2408 3642 divina
2438 3584 2655 3642 nesciat
2689 3584 2904 3655 (eodem
2945 3584 3090 3640 enim
3121 3582 3282 3639 modo
3326 3597 3387 3639 se
3426 3598 3577 3638 sem-

1993 3699 2090 3754 per
2121 3680 2362 3749 habebit,
2402 3679 2561 3751 juxta
2604 3677 2738 3734 illud
2783 3677 3132 3733 Psalmistae:
3187 3695 3205 3726 ι
3260 3675 3343 3731 Tu
3391 3683 3578 3731 autem

1991 3775 2134 3830 idem
2166 3775 2283 3844 ipse
2307 3787 2390 3837 es,
2426 3781 2482 3828 et
2509 3771 2638 3826 anni
2674 3771 2753 3824 tui
2791 3786 2901 3824 non
2947 3768 3205 3824 deﬁcient
3239 3768 3284 3801 "
3316 3768 3388 3839 ι),
3436 3785 3578 3838 quo-

1991 3884 2119 3924 nam
2187 3882 2219 3921 a
2290 3866 2567 3937 principio
2632 3872 2879 3933 tempore
2938 3869 2993 3917 et
3065 3860 3373 3931 quantitate
3436 3860 3579 3915 deﬁ-

1992 3962 2109 4016 nito
2158 3958 2332 4015 Filius
2378 3957 2660 4029 prodibit,
2720 3955 2813 4025 qui
2866 3954 2935 4009 ad
2985 3954 3145 4008 ﬁnem
3202 3954 3428 4008 tendere
3480 3969 3577 4009 ne—

1992 4052 2117 4115 scit,
2155 4059 2344 4119 utpote
2369 4048 2677 4104 secundum
2717 4057 2971 4101 naturam
3005 4047 3279 4103 exsistens
3310 4046 3472 4110 Deus,
3511 4063 3583 4101 ao

1991 4150 2283 4211 propterea
2343 4140 2622 4193 clamans:
2666 4156 2683 4188 ‹
2726 4136 2837 4209 Ego
2880 4152 3001 4192 sum
3034 4138 3146 4190 vita
3172 4137 3262 4190 "?
3301 4156 3321 4190 ι
3356 4136 3575 4190 Princi-

1994 4232 2140 4300 pium
2175 4230 2320 4285 enim
2356 4229 2412 4283 in
2446 4244 2507 4284 se
2542 4229 2862 4299 neutiquam
2906 4227 3247 4298 intelligetur
3281 4242 3421 4291 esse,
3473 4241 3583 4282 nec

1992 4322 2059 4377 ad
2090 4320 2255 4377 ﬁnem
2289 4335 2449 4376 suum
2478 4321 2773 4392 respicere,
2802 4334 2926 4373 cum
2961 4320 3291 4388 principium
3318 4327 3574 4391 respectu

1993 4413 2060 4468 ad
2094 4414 2278 4476 ﬁnem,
2312 4427 2508 4466 rursus
2555 4420 2735 4465 autem
2776 4409 2901 4464 ﬁnis
2938 4423 3194 4479 respectu
3247 4415 3312 4466 ad
3365 4414 3576 4482 princi-

309 4511 409 4582 χὴν
440 4511 497 4564 δὲ
530 4512 690 4565 πάλιν
725 4513 793 4565 ἐν,
811 4512 1023 4575 τούτοις
1056 4512 1154 4582 τὴν
1184 4511 1327 4566 κατά
1368 4512 1560 4583 χρόνον
1585 4553 1599 4578 ,
1627 4514 1746 4582 ἤτοι
1796 4530 1885 4565 πο-

1995 4507 2142 4577 pium
2174 4512 2547 4575 nuncupetur.
2574 4502 2910 4572 Principium
2935 4518 3065 4557 vero
3093 4503 3179 4558 hic
3216 4519 3411 4560 rursus
3436 4514 3577 4561 temn

311 4605 530 4676 σότητα,
554 4606 916 4676 σημαίνομεν.
957 4604 1165 4658 Οὐκοῦν
1212 4604 1511 4676 ἐπειδήπερ
1559 4605 1653 4657 καὶ
1710 4606 1885 4659 αὐτῶν

1994 4603 2166 4673 poris,
2204 4602 2324 4658 sive
2369 4599 2734 4672 quantitatem
2786 4598 3184 4669 signiﬁcamus.
3238 4599 3373 4654 Cum
3410 4602 3576 4672 igitur

308 4698 425 4749 ἐστι
458 4697 581 4750 τῶν
622 4696 835 4751 αἰώνων
892 4696 1263 4769 πρεσϐύτερος
1317 4699 1346 4750 6
1391 4697 1548 4762 Υἱὸς,
1580 4697 1641 4750 τὸ
1696 4698 1793 4768 μὲν
1833 4700 1885 4750 έν

1991 4693 2126 4763 ipsis
2152 4692 2319 4748 etiam
2359 4689 2576 4747 saeculis
2606 4687 2886 4758 antiquior
2914 4690 2986 4743 sit
3014 4686 3206 4753 Filius,
3240 4689 3294 4743 in
3326 4700 3573 4759 tempore

310 4786 486 4858 χρόνῳ
511 4788 839 4860 γεγενῆσθαι
863 4788 1210 4859 διαφεύξεται
1232 4807 1245 4820 ο
1270 4784 1338 4859 ἦν
1365 4789 1422 4843 δὲ
1451 4791 1545 4844 καὶ
1570 4790 1657 4844 διὰ
1689 4792 1891 4855 παντὸς

308 4879 383 4943 ὡς
410 4880 467 4932 ἐν
497 4882 647 4950 πηγῇ
677 4880 754 4950 τῷ
785 4882 980 4951 Πατρὶ,
1018 4881 1157 4935 κατά
1189 4882 1248 4934 τὸ
1272 4883 1400 4953 παρ’
1429 4879 1596 4934 αὐτοῦ
1630 4881 1891 4952 λελεγμέη

308 4984 417 5024 νον·
450 4989 468 5021 ι
500 4971 641 5039 Ἐγὼ
667 4973 731 5025 ὲκ
757 4973 851 5025 τοῦ
882 4973 1097 5043 Πατρὸς
1126 4973 1369 5043 ἐξῆλθον,
1393 4974 1484 5027 καί
1506 4974 1677 5043 ἦκω.»
1702 4973 1892 5043 Ιιηγῆς

308 5064 594 5132 τοιγαροῦν
617 5063 908 5134 νοουμένου
935 5065 1029 5118 τοῦ
1048 5064 1260 5136 Πατρὸς
1276 5105 1291 5129 ,
1314 5060 1382 5136 ἦν
1404 5067 1433 5118 6
1450 5066 1623 5133 Λόγος
1651 5067 1708 5118 ἐν
1739 5066 1887 5134 αύτῷ

310 5155 491 5222 σοφῖα,
519 5156 613 5207 καὶ
640 5155 867 5227 δύναμις
888 5196 904 5220 ,
935 5157 1029 5211 καὶ
1059 5157 1345 5229 χαρακτὴρ
1364 5196 1380 5221 ,
1404 5159 1498 5212 καὶ
1525 5157 1886 5228 ἀπαύγασμα,

308 5249 403 5301 καὶ
434 5247 598 5301 εἰκὼν
626 5249 887 5321 ὑπάρχων
920 5249 1105 5303 αὑτοῦ.
1133 5250 1243 5303 Καὶ
1290 5251 1337 5301 εἰ
1371 5248 1559 5319 χρόνος
1589 5244 1656 5319 ἦν
1690 5248 1885 5313 οὐδεὶς,

306 5341 393 5394 ὅτε
417 5340 591 5409 Λόγου
623 5342 791 5412 χωρὶς
811 5381 825 5405 ,
856 5343 950 5395 καὶ
994 5341 1187 5411 σοφίας
1207 5381 1221 5403 ,
1250 5342 1344 5395 καὶ
1376 5341 1723 5413 χαρακτῆρος
1746 5380 1761 5403 ,
1794 5343 1889 5395 καὶ

306 5432 737 5503 ἀπαυγάσματος
788 5428 855 5504 ἦν
910 5436 938 5487 6
971 5436 1193 5507 Πατήρ·
1248 5433 1461 5504 ἀνάγκη
1505 5433 1887 5504 συνομολογεῖν

306 5520 473 5575 ἀΐδιον
505 5523 772 5595 ὑπάρχειν
809 5525 900 5580 τὸν
940 5525 1069 5579 Υἱὸν
1094 5568 1108 5591 ,
1157 5526 1216 5588 ὃς
1258 5526 1433 5579 ταυτά
1465 5528 1581 5579 ἐστι
1614 5524 1694 5597 τῷ
1732 5526 1886 5597 ἀϊδίῳ

310 5613 505 5683 Πατρί.
539 5615 663 5679 Πῶς
687 5617 796 5688 γὰρ
828 5617 965 5681 ὅλως
996 5618 1113 5672 ἐστὶ
1146 5618 1454 5690 χαρακτὴρ,
1491 5619 1607 5682 πῶς
1641 5619 1697 5672 δὲ
1723 5618 1885 5671 εἰκὼν

304 5703 578 5775 ἀκριϐὴς,
614 5708 661 5759 εἰ
712 5708 788 5779 μὴ
830 5709 966 5779 πρὸς
1010 5711 1188 5762 ἐκεῖνο
1230 5712 1660 5782 μεμορφωμένος
1692 5713 1883 5782 ὁρᾶται

378 5814 427 5848 ³⁸
468 5815 570 5879 ιω.
616 5833 736 5885 Lttl,
772 5820 823 5875 δ.
900 5821 949 5904 ξδ
994 5819 1136 5879 I‘tal.
1179 5838 1250 5887 ω,
1293 5822 1384 5878 ‘28.
1466 5825 1507 5854 ³⁷
1540 5822 1697 5878 Juan.
1724 5840 1829 5887 xw,
1864 5824 1913 5878 ϐ.

1991 4786 2213 4857 genitus
2237 4798 2357 4840 esse
2388 4798 2497 4839 non
2525 4782 2751 4854 poterit,
2786 4782 2879 4838 sed
2920 4790 3039 4837 erat
3073 4797 3295 4853 semper
3322 4784 3377 4839 in
3408 4782 3573 4840 Patre

1992 4881 2141 4935 velut
2171 4879 2225 4933 in
2258 4877 2430 4942 fonte,
2460 4876 2622 4933 sicuti
2655 4876 2723 4932 ab
2753 4876 2873 4946 ipso
2907 4874 3114 4931 dictum
3147 4886 3264 4932 est:
3301 4894 3320 4928 ι
3360 4878 3471 4947 Ego
3504 4893 3572 4932 ex

1997 4973 2154 5028 Patre
2184 4972 2327 5028 exivi
2359 4980 2413 5026 et
2446 4969 2570 5026 veni
2604 4969 2670 5021 ³⁸.
2707 4988 2725 5019 ι
2784 4968 2921 5024 Cum
2951 4983 3082 5040 ergo
3114 4966 3279 5024 Pater
3320 4968 3443 5025 l‘ons
3481 4969 3571 5023 in-

1997 5064 2294 5133 telligatur,
2325 5069 2444 5114 erat
2477 5059 2715 5115 Verbum
2761 5059 2814 5113 in
2850 5060 2995 5129 ipso,
3031 5059 3324 5127 sapientia,
3372 5066 3426 5113 et
3457 5058 3572 5113 vir-

1995 5164 2109 5217 ttts,
2150 5162 2204 5208 et
2245 5153 2556 5217 character,
2585 5161 2638 5207 et
2670 5152 2954 5222 splendor,
2990 5161 3042 5205 et
3087 5152 3266 5219 imago
3308 5149 3428 5218 ejus
3475 5148 3574 5206 ex:

1996 5250 2219 5303 sistens.
2253 5247 2354 5315 12
2391 5245 2455 5299 Et
2486 5245 2533 5301 si
2565 5255 2780 5315 tempus
2808 5244 3016 5299 nullum
3049 5252 3165 5297 erat
3192 5242 3412 5312 quando
3445 5244 3572 5301 abs.-

1994 5357 2101 5410 que
2150 5338 2351 5401 Verbo,
2391 5349 2444 5394 et
2492 5337 2784 5407 sapientia,
2812 5345 2866 5390 et
2897 5335 3241 5402 charactere,
3282 5342 3335 5391 et
3384 5337 3571 5407 splen-

1994 5433 2128 5486 dore
2171 5438 2287 5485 erat
2318 5427 2501 5492 Pater,
2534 5428 2696 5483 simul
2722 5427 2885 5482 etiam
2918 5424 3079 5480 fateri
3111 5441 3340 5481 necesse
3383 5438 3468 5482 est
3496 5444 3569 5482 aa-

1995 5536 2208 5579 ternum
2261 5538 2384 5579 esse
2425 5520 2655 5586 Filium,
2697 5519 2793 5591 qui
2844 5518 3033 5572 eadem
3072 5527 3157 5574 est
3204 5536 3325 5573 cum
3361 5531 3575 5576 teterno

1994 5617 2175 5672 Patre.
2223 5615 2510 5682 Quomodo
2557 5613 2727 5679 enht,
2765 5612 2981 5675 amabo,
3017 5611 3306 5667 character
3332 5620 3437 5676 est,
3472 5620 3575 5668 aut:

1994 5710 2268 5780 quomodo
2295 5718 2486 5763 exacta
2522 5707 2720 5777 imago,
2758 5707 2861 5761 nisi
2912 5706 2976 5760 ad
3010 5706 3157 5759 illam
3196 5705 3566 5776 pulchritudic

1996 5826 2041 5856 "‘
2068 5822 2225 5879 Joau.
2256 5838 2370 5887 xw,
2399 5821 2491 5876 28.
