4168 6580
536 394 604 448 >27

1538 393 1594 449 S.
1638 388 1912 447 CYlilLLl
1962 383 2440 441 ALEXANDRlNl
2482 382 2801 455 Αιιᾳιιικιι.

3730 374 3800 427 28

541 523 666 563 nem
715 523 1012 579 expressus
1061 508 1315 563 videatur
1349 506 1509 575 cujus
1548 506 1711 560 etiam
1762 512 1848 558 est
1902 499 2150 571 imago?.

2254 498 2281 551 δ
2312 499 2504 561 κάλλος
2527 540 2542 563 ,
2578 492 2638 550 οὗ
2691 498 2782 551 καὶ
2814 496 2960 549 ἔστιν
3012 492 3210 558 εἰκών,
3257 489 3533 559 Ἀδικήσει
3570 489 3626 541 δὲ
3667 490 3802 550 ὅλως

540 598 685 653 Nihil
712 599 951 654 obstabit
974 614 1161 669 porro,
1187 598 1337 670 quod
1359 596 1559 652 Filium
1585 597 1639 650 in
1671 594 1830 650 Patre
1856 602 2119 664 tanquam

544 687 598 741 in
633 685 785 742 fonte
819 702 939 743 esse
981 688 1361 759 intelligimus.
1409 686 1620 741 Nomen
1654 684 1824 738 fontis
1853 682 2001 737 enim
2031 681 2121 735 hic

545 779 745 842 solum,
781 778 834 833 id
866 796 935 837 ex
965 796 1093 850 quo,
1127 781 1422 850 signiﬁcat.
1483 778 1579 834 Est
1621 786 1802 831 autem
1853 774 2025 829 Filius
2066 774 2119 827 in

544 868 726 936 Patre,
774 879 826 925 et
871 887 936 925 ex
970 872 1153 934 Patre,
1205 886 1314 925 non
1345 871 1718 932 extrinsecus,
1762 875 1858 920 aut
1888 866 1945 935 in
1980 873 2121 920 tem-

544 978 678 1034 pore
716 967 953 1034 genitus,
999 965 1095 1019 sed
1145 965 1204 1021 in
1252 964 1431 1018 Patris
1467 964 1747 1017 exsistens
1782 959 2118 1025 substantia,

543 1064 597 1109 et
641 1070 704 1109 ex
762 1058 879 1125 ipsa
928 1054 1219 1126 eﬁ‘ulgens,
1256 1057 1407 1111 velut
1446 1070 1514 1110 ex
1546 1054 1663 1110 sole
1696 1052 1982 1124 splendor,
2029 1060 2123 1105 aut

545 1156 810 1216 tauquam
846 1147 915 1201 ab
973 1146 1097 1217 igne
1146 1147 1369 1200 innatus
1418 1145 1468 1200 ei
1519 1145 1690 1199 calor.
1742 1141 1799 1197 ln
1850 1142 1937 1197 his
1976 1140 2122 1195 enim

544 1240 814 1308 exemplis
861 1256 1029 1293 unum
1080 1239 1302 1309 quidem
1335 1254 1400 1294 ex
1434 1239 1542 1294 alio
1574 1245 1896 1308 prognatum
1940 1232 2125 1286 videre

545 1340 650 1392 cst,
688 1340 1067 1385 verumtamen
1108 1345 1325 1400 semper
1373 1331 1737 1392 coexsistens,
1768 1336 1821 1380 et
1850 1328 2125 1393 insepara-

545 1426 732 1480 b.liter
766 1425 1018 1492 insitum,
1053 1425 1128 1479 ita
1178 1433 1237 1477 ut
1282 1424 1492 1492 absque
1537 1423 1710 1475 altero
1745 1421 1976 1474 alterum
2028 1431 2125 1487 per

516 1532 609 1572 se
659 1525 895 1586 nequeat
935 1532 1075 1581 esse,
1114 1523 1167 1571 et
1213 1529 1394 1569 veram
1434 1528 1547 1568 suae
1595 1519 1804 1565 natura;
1855 1509 2125 1564 rationem

550 1608 811 1662 retinere.
839 1606 1126 1673 Quomodo
1152 1607 1292 1659 enim
1326 1605 1544 1659 demum
1579 1603 1660 1659 sol
1692 1604 1819 1665 erit,
1849 1602 1895 1657 si
1947 1601 2130 1672 splen-

548 1698 683 1753 dore
722 1701 794 1754 sit
825 1699 1145 1763 destitutus,
1185 1704 1279 1751 aut
1309 1696 1586 1766 quomodo
1624 1694 1905 1766 splendor,
1940 1695 1985 1748 si
2016 1708 2137 1751 non,

544 1792 621 1847 sit
655 1791 736 1846 sol
770 1805 801 1844 a
838 1805 949 1861 quo
978 1790 1332 1844 illustretur?
1377 1788 1669 1855 Quomodo
1720 1801 1851 1841 vero
1881 1786 2047 1856 ignis,
2082 1785 2127 1839 si

549 1991 615 2029 ex
647 1976 790 2044 igne,
830 1984 923 2028 aut
953 1974 1021 2029 ab
1060 1974 1163 2027 alia
1206 1976 1440 2043 quadam
1473 1989 1533 2027 re
1566 1988 1687 2041 qua:
1721 1988 1749 2025 a
1781 1969 2141 2025 substantiali.

552 2068 822 2138 qualitate
850 2066 994 2137 ignis
1036 2065 1182 2120 haud
1216 2066 1407 2137 procul
1447 2066 1631 2121 absit?
1658 2062 2132 2131 Quemadmodum

554 2158 726 2228 igitur
763 2157 820 2212 in
846 2157 954 2223 his,
986 2157 1133 2228 quod
1161 2157 1322 2212 simul
1363 2157 1635 2210 exsistant
1667 2170 1729 2209 ea
1758 2169 1877 2223 qua:
1906 2160 2035 2207 sunt
2066 2168 2133 2206 ex

554 2250 718 2319 ipsis,
751 2264 941 2321 eqrum
996 2249 1391 2303 coexsistcntia
1424 2263 1534 2301 non
1590 2247 1820 2308 tollitur,
1855 2243 1949 2298 sed
1988 2241 2139 2313 quod

556 2357 776 2412 semper
799 2347 1140 2411 concurrant
1174 2356 1298 2393 cum
1328 2338 1753 2409 productoribus
1784 2337 1922 2399 suis,
1958 2336 2134 2405 palam

558 2434 619 2495 ﬁt
663 2449 789 2497 esse
824 2432 1089 2505 producta
1136 2440 1191 2488 et
1226 2448 1389 2486 unam
1426 2447 1548 2486 cum
1580 2431 1715 2501 ipsis
1740 2430 1944 2484 habere
1973 2437 2136 2483 natu-

558 2542 674 2580 ram
706 2542 719 2577 :
756 2526 829 2579 ita
867 2541 1088 2596 quoque
1132 2526 1186 2579 iu
1222 2523 1387 2591 Filio;
1424 2524 1549 2578 licet
1599 2523 1745 2577 enim
1804 2522 1859 2575 in
1895 2521 2054 2576 Patre
2083 2528 2140 2577 et

558 2636 625 2673 ex
669 2618 832 2673 Patre
876 2619 1220 2689 intelligatur
1254 2634 1316 2672 ac
1347 2617 1586 2681 dicatur,
1645 2632 1755 2670 non
1791 2616 2008 2669 alienus
2043 2628 2142 2668 no-

560 2713 645 2767 bis
685 2720 781 2765 aut
826 2722 1108 2775 externus,
1145 2719 1240 2764 aut
1288 2720 1551 2781 tanquam
1588 2709 1657 2764 ab
1699 2709 1819 2778 ipso
1863 2706 2140 2762 secundus

560 2805 824 2876 prodibit,
867 2805 964 2861 sed
997 2804 1279 2860 exsisteus
1311 2804 1368 2857 in
1414 2806 1556 2873 ipso,
1590 2808 1646 2855 et
1678 2815 1897 2869 semper
1924 2799 2141 2854 coexsi-

562 2907 737 2962 stens,
772 2904 824 2952 et
863 2912 930 2951 ex
981 2897 1100 2966 ipso
1140 2895 1410 2966 ell‘ulgens
1461 2892 1765 2949 secundum
1813 2890 2143 2947 ineffabilem

563 2991 763 3045 di\ill:B
796 2989 1174 3061 generationis
1206 2987 1446 3043 modum.
1499 2985 1656 3054 Quod
1706 2993 1887 3041 autem
1914 2985 2081 3039 etiam
2113 2998 2144 3037 a

566 3083 775 3137 sanctis
818 3080 961 3137 Deus
1002 3089 1057 3137 et
1087 3080 1248 3136 Pater
1292 3091 1559 3150 tanquam
1597 3079 1929 3149 principium
1967 3077 2143 3133 solum

655 1839 736 1846 ---
771 1839 801 1844 η
842 1839 943 1861 τη
980 1839 1326 1844 -
1388 1839 1661 1855 νην-η
1762 1839 1838 1841 τη
1884 1839 1933 1856 κυ
2011 1839 2047 1851 κ,

548 1882 907 1938 calefaciendi
939 1883 1141 1937 virtute
1169 1882 1391 1935 careat?
1420 1879 1580 1935 Unde
1608 1888 1791 1934 autem
1818 1879 1988 1943 calor,
2024 1877 2130 1931 nisi
2163 1839 2216 1897 θ’

2222 591 2393 654 οὐδὲν,
2430 592 2489 643 τὸ
2537 590 2611 653 ὡς
2642 592 2698 641 ὲν
2732 590 2883 658 πηγῇ
2901 586 2978 656 τῷ
3014 582 3189 653 Πατρὶ
3237 581 3328 634 τὸν
3370 580 3494 633 Υίὸν
3540 580 3805 649 ὑπάρχειν

2222 685 2421 736 ἐννοεῖν
2442 700 2455 712 θ
2487 683 2644 752 μόνον
2672 682 2778 751 γὰρ
2807 680 2888 742 τὸ,
2925 678 2985 742 ἐξ
3001 671 3086 739 οὑ,
3114 676 3176 728 τὸ
3203 677 3303 746 τῆς
3326 672 3506 742 πηγῆς
3528 673 3584 724 ὲν
3600 671 3805 734 τούτοις

2222 775 2391 845 ὄνομα
2426 773 2701 845 σημαίνει.
2738 773 2893 825 Ἔστι
2921 770 2977 823 δὲ
3028 771 3055 821 6
3114 766 3242 830 Υἱὸς
3297 768 3353 818 ἐν
3388 764 3561 834 Πατρὶ
3607 763 3701 815 καὶ
3744 765 3809 816 ὲκ

2224 867 2437 936 Πατρδς
2461 907 2472 929 ,
2526 865 2624 917 οὑκ
2666 862 2862 928 ἔξωθεν
2910 862 2943 932 ἢ
2996 861 3053 912 ἐν
3087 858 3268 931 χρόνῳ
3302 854 3540 925 γεγονὼς
3560 897 3574 918 ,
3607 853 3722 906 ἀλλ’
3752 854 3809 904 ὲν

2222 962 2288 1029 τῇ
2316 959 2408 1011 τοῦ
2440 957 2651 1028 Πατρδς
2684 956 2946 1027 ὑπάρχων
2980 952 3139 1023 οὑσίᾳ
3160 992 3175 1017 ,
3205 951 3299 1004 καὶ
3350 948 3411 1013 ἐξ
3463 946 3635 1014 αὑτῆς
3682 947 3811 998 ἀνα-

2225 1050 2449 1120 λάμψας
2476 1088 2489 1111 ,
2528 1048 2716 1117 ὥσπερ
2752 1046 2808 1112 ἐξ
2842 1044 2995 1115 ἡλίου
3029 1042 3190 1112 τυχὸν
3241 1041 3302 1093 τὸ
3335 1038 3677 1106 ἀπαύγασμα
3708 1035 3810 1087 αὑ-

2224 1142 2385 1212 τοῦ,ἢ
2410 1140 2661 1211 καθάπερ
2686 1142 2747 1192 ἐκ
2780 1138 2948 1208 πυρὸς
2977 1137 3011 1206 ἡ
3039 1135 3276 1205 ἔμφυτος
3308 1131 3474 1184 αὑτοῦ
3519 1128 3807 1199 θερμότης.

2239 1233 2329 1285 Ἐν
2356 1232 2464 1303 γὰρ
2489 1235 2601 1295 τοῖς
2628 1231 2889 1291 τοιούτοις
2924 1225 3382 1296 παραδείγμασιν,
3404 1222 3461 1274 ἒν
3491 1221 3586 1291 μὲν
3609 1219 3666 1283 ἐξ
3696 1219 3811 1280 ἐνὸς

2226 1322 2568 1393 γεννώμενον
2614 1321 2818 1374 ἔνεστιν
2852 1318 2977 1371 ἰδεῖν
2997 1356 3012 1381 ,
3045 1314 3131 1368 ἀεὶ
3156 1313 3199 1366 δ’
3221 1308 3312 1365 οὖν
3357 1313 3505 1382 ὅμως
3540 1308 3813 1378 συνυπάρ-

2227 1434 2339 1486 χον,
2375 1415 2467 1468 καὶ
2499 1412 2820 1483 ἀχωρίστως
2848 1406 3047 1481 προσὸν
3072 1445 3086 1470 ,
3115 1406 3190 1469 ὡς
3222 1405 3345 1475 δίχα
3373 1402 3465 1457 τοῦ
3518 1403 3704 1471 ἑτέρου
3735 1400 3809 1470 μὴ

2229 1504 2365 1560 εἶναι
2391 1505 2649 1559 δύνασθαι
2679 1503 2798 1555 καθ’
2832 1500 2990 1553 ἑαυτὸ
3041 1499 3103 1552 τὸ
3141 1497 3350 1568 ἕτερον,
3397 1493 3491 1546 καὶ⁵
3528 1490 3810 1555 διασώζειν

2230 1598 2403 1670 ἀληθῆ
2435 1598 2524 1651 τὸν
2555 1596 2652 1665 τῆς
2689 1593 2896 1655 οἰκείας
2926 1590 3141 1660 φύσεως
3172 1587 3349 1655 λόγον.
3387 1585 3511 1647 Πῶς
3538 1584 3647 1654 γὰρ
3675 1582 3809 1644 ὅλως

2230 1693 2380 1762 ἥλιος
2404 1691 2503 1743 οὑκ
2547 1689 2684 1758 ἔχων
2714 1684 3058 1752 ἀπαύγασμα
3088 1699 3102 1747 ;
3138 1681 3171 1751 ἦ
3204 1679 3321 1742 πῶς
3348 1676 3689 1744 ἀπαύγασμα
3736 1672 3809 1742 μὴ

2232 1782 2383 1845 ὄντος
2432 1780 2580 1849 ἡλίου
2632 1777 2729 1831 τοῦ
2784 1774 3197 1844 ἀπαυγάζοντος
3249 1770 3410 1834 αὑτό;
3472 1768 3593 1830 Πῶς
3631 1767 3686 1820 δὲ
3721 1765 3813 1819 καὶ

2234 1873 2367 1945 πῦρ,
2395 1876 2441 1926 εί
2468 1873 2527 1926 τὸ
2558 1870 2871 1942 θερμαίνειν
2900 1867 3000 1920 οὐκ
3035 1865 3179 1936 ἔχεις
3219 1862 3381 1916 πόθεν
3424 1862 3479 1914 δὲ
3508 1861 3565 1913 τὸ
3592 1858 3812 1930 θερμὸν,

2235 1967 2285 2019 εἰ
2317 1964 2390 2035 μὴ
2418 1967 2480 2016 ὲκ
2510 1963 2681 2032 πυρὸς
2706 2001 2721 2025 ,
2752 1960 2785 2030 ἦ
2822 1958 2975 2030 παρά
3002 1972 3143 2018 τινος
3167 1953 3354 2024 ἑτέρου
3378 1951 3559 2019 τυχὸν,
3594 1950 3693 2019 τῆς
3724 1947 3811 2001 τοῦ

2237 2060 2405 2128 πυρὸς
2434 2054 2725 2117 οὑσιώδους
2750 2052 3035 2121 ποιότητος
3064 2047 3125 2100 οὑ
3154 2044 3371 2117 μακράν
3400 2060 3500 2094 που
3531 2039 3814 2109 xatpévou;

2238 2150 2449 2219 ’Ὠσπερ
2477 2143 2568 2201 οὖν
2600 2148 2656 2198 ὲν
2693 2142 2924 2206 τούτοις,
2952 2140 3015 2192 τὸ
3044 2137 3370 2208 ἐνυπάρχειν
3422 2133 3488 2186 τά
3513 2132 3572 2195 ἐξ
3620 2128 3817 2194 αὑτῶν,

2236 2242 2338 2295 οὑκ
2388 2240 2600 2309 ἀναιρεῖ
2646 2235 2743 2306 τὴν
2806 2229 3183 2300 συνύπαρξιν,
3221 2227 3308 2281 ἀεὶ
3354 2223 3412 2277 δὲ
3462 2220 3821 2291 συντρέχοντα

2236 2332 2349 2392 τοῖς
2375 2326 2609 2396 γεννῶσι
2633 2322 2871 2383 δεικνύει
2926 2320 2995 2373 τὰ
3033 2315 3353 2387 γεννώμενα
3378 2354 3392 2377 ,
3421 2313 3515 2366 καὶ
3572 2309 3700 2380 μίαν
3747 2308 3822 2370 ὡς

2240 2422 2377 2493 πρὸς
2410 2419 2550 2472 αὑτά
2606 2418 2706 2489 τὴν
2737 2414 2897 2485 φύσιν
2946 2408 3349 2482 κληρωσάμενα
3375 2423 3389 2436 ο
3422 2403 3565 2456 οὕτω
3601 2400 3693 2453 καὶ
3737 2398 3820 2466 ἐφ’

2241 2486 2396 2568 Υῡίοῦ.
2431 2511 2546 2565 Κᾶν
2593 2486 2702 2579 γάρ
2732 2509 2789 2560 ὲν
2840 2503 3017 2575 Πατρὶ
3045 2501 3139 2554 καὶ
3182 2499 3245 2551 ὲκ
3275 2495 3488 2566 [ἰατρὸς
3516 2490 3703 2560 νοῆται
3732 2486 3826 2579 καὶΪ

2239 2604 2504 2674 λέγηται,
2538 2576 2637 2654 οὐκ
2674 2576 2918 2666 νέκφυλος
2947 2595 3079 2665 ἡμῖν
3126 2590 3223 2643 καὶ
3283 2588 3464 2654 ξένος,
3498 2584 3530 2653 ἢ
3583 2582 3658 2643 ὡς
3711 2576 3826 2674 μετ’

2243 2668 2404 2751 αὑτδν
2432 2691 2681 2763 δεύτερος
2723 2687 3036 2757 είσὸήσεται
3062 2723 3075 2746 ,
3119 2680 3235 2735 ἀλλ’
3269 2676 3346 2731 ὢν
3394 2677 3453 2728 ὲν
3505 2671 3655 2742 αὑτῷ
3679 2711 3692 2734 ,
3733 2668 3828 2723 καὶ

2246 2761 2603 2856 συνυπάρχων
2628 2781 2733 2844 ἀεὶ,
2774 2780 2867 2833 καὶ
2915 2776 2974 2841 ἐξ
3025 2771 3189 2831 αὑτοῦ
3240 2767 3533 2839 πεφηνὼς,
3564 2763 3708 2818 κατὰ
3738 2761 3829 2813 τὸν

2245 2852 2613 2952 ἀρρητονντῆς
2644 2873 2791 2936 θείας
2814 2871 3121 2942 γεννήσεως
3152 2864 3372 2937 τρόπον.
3392 2861 3525 2952 ζὈτι
3547 2858 3603 2910 δὲ
3640 2854 3731 2909 καὶ
3754 2852 3829 2952 ὡς

2422 2970 2514 3024 τοῦ
2554 2942 2685 3021 Ῠίοῦ
2736 2966 2876 3020 κατά
2926 2964 3085 3033 μόνον
3114 2960 3197 3023 τὸ,
3252 2955 3313 3021 ἐξ
3361 2948 3442 3020 οὑ,
3474 2949 3695 3044 λέγεται
3735 2942 3833 3044 sui.

2420 3066 2528 3125 τοῖς
2552 3061 2727 3129 ἁγίοις
2746 3061 2774 3111 ὁ
2802 3056 2934 3119 Θεὸς
2961 3054 3053 3107 καὶ
3082 3049 3293 3122 Πατὴρ,
3318 3045 3485 3100 ἄκουε
3512 3037 3606 3135 τοῦ
3639 3034 3835 3135 ιί¹ἀλμυ

566 3125 775 3137 ......-..-
818 3125 961 3137 νη..
1003 3125 1057 3137 ν-
1087 3125 1107 3134 -
1132 3125 1239 3136 ην,
1293 3125 1559 3150 --ην-,η
1597 3125 1929 3149 r...---,.-_.--
1967 3125 2143 3133 πη---

564 3190 629 3227 rx
672 3186 783 3242 quo
836 3170 958 3225 Filii
994 3172 1234 3235 dicatur,
1266 3171 1392 3224 audi
1430 3169 1786 3225 Psalmist'am
1836 3168 2142 3225 secundum

2251 3125 2385 3226 ῳδοῦ
2439 3154 2535 3221 τὴν
2578 3125 2836 3219 δευτέραν
2886 3142 2981 3199 τοῦ
3012 3140 3267 3212 Σωτῆρος
3310 3132 3468 3206 ἡμῶν
3512 3125 3836 3242 ὲπιιίίόινειῗν

569 3265 745 3319 nostri
779 3263 1093 3319 Servatoris
1146 3262 1437 3316 adventum
1476 3260 1960 3330 pricnuntiantem,
1995 3267 2049 3316 et
2080 3259 2147 3313 ad

570 3360 750 3426 ipsum
812 3355 1005 3411 Filium
1057 3357 1325 3411 dicentem
1359 3373 1371 3408 :
1413 3374 1430 3405 ς
1468 3353 1672 3409 Tecum
1721 3354 2051 3426 principium
2091 3352 2146 3405 in

570 3453 660 3507 die
728 3451 945 3505 virtutis
997 3458 1146 3509 tuae.
1211 3448 1264 3502 iu
1317 3447 1609 3517 splendore
1663 3453 1977 3502 sanctorum
2026 3454 2152 3498 tuo-

573 3559 694 3597 rum
727 3545 790 3597 ²⁹.
829 3562 846 3594 ι
898 3540 1025 3597 Dies
1061 3541 1205 3596 enim
1255 3539 1477 3593 virtutis
1513 3537 1632 3592 Filii
1667 3552 1729 3591 ea
1758 3545 1863 3601 est,
1898 3551 2003 3606 qua
2030 3535 2154 3589 uni-

572 3650 796 3691 versum
833 3634 1020 3688 orbem
1069 3630 1419 3700 iudicaturus
1449 3636 1555 3695 est,
1590 3635 1645 3684 et
1676 3626 1982 3697 unicuique
2013 3640 2153 3679 mer-

575 3726 763 3780 cedem
820 3721 1126 3779 secundum
1178 3734 1345 3790 opera
1409 3732 1506 3774 sua
1566 3716 1908 3773 redditurus.
1961 3714 2157 3770 Veniet

577 3825 762 3871 autem
810 3815 1041 3871 omnino
1093 3813 1259 3869 etiam
1309 3812 1427 3882 ipse
1472 3810 1755 3865 exsistens
1800 3810 1853 3863 in
1892 3809 2070 3871 Patre,
2104 3814 2157 3858 et

577 3910 786 3964 habens
832 3908 886 3960 in
942 3905 1125 3976 seipso
1178 3902 1421 3963 Patrem,
1472 3916 1587 3954 suae
1623 3908 1837 3953 naturae
1885 3894 2158 3965 quodam-

579 4001 742 4056 modo
777 3999 1030 4071 principii
1064 4012 1260 4066 expers
1307 3992 1665 4063 principium,
1701 3990 1917 4045 scilicet
1946 4002 2011 4041 ex
2044 4001 2153 4056 quo

581 4095 874 4151 duntaxat,
909 4100 1195 4161 propterea
1224 4084 1371 4156 quod
1400 4092 1483 4139 est
1508 4099 1573 4137 ex
1603 4080 1784 4136 Patre.

800 4202 901 4274 l3
946 4204 988 4266 ι,
1030 4202 1082 4255 l.
1129 4199 1195 4254 In
1232 4196 1491 4268 principio
1542 4202 1656 4248 erat
1703 4191 1949 4246 Verbum.

657 4295 924 4366 Principii
954 4294 1023 4350 de
1056 4307 1168 4364 quo
1202 4291 1292 4345 hic
1330 4288 1649 4359 qumrimus,
1690 4284 1875 4337 multa:
1908 4296 1971 4335 ac
2006 4281 2167 4334 variae

585 4372 1016 4453 signiﬁcationes
1037 4400 1095 4438 se
1129 4381 1290 4436 nobis
1312 4376 1552 4432 olferunt
1583 4373 1828 4441 undique
1854 4384 1977 4440 qua:
2008 4368 2167 4423 utilia

585 4483 699 4538 siut
739 4476 1225 4548 iuvestigantibus,
1254 4480 1309 4527 et
1351 4484 1549 4527 canum
1586 4468 1759 4520 instar
1794 4479 1980 4521 veram
2022 4463 2167 4517 divi-

586 4588 784 4628 norum
811 4571 1131 4641 dogmatum
1164 4563 1737 4635 comprehensionem,
1764 4566 1819 4612 et
1843 4566 2162 4611 accuratam
2199 4542 2245 4598 Ῑ)

588 4662 977 4734 mysteriorum
1000 4658 1270 4711 ratioxiem
1290 4651 1674 4722 indagantibus
1697 4667 1709 4703 :
1736 4667 1751 4697 ι
1777 4645 2118 4701 Serutamini
2143 4663 2160 4695 ι

590 4757 736 4814 cnim
772 4775 789 4807 ‹
825 4760 1051 4808 sanctas
1098 4747 1448 4816 Scripturas,
1481 4763 1499 4796 ι
1532 4741 1734 4797 alicubi
1789 4738 2043 4793 Salvator
2070 4738 2169 4800 ait,

597 4870 615 4900 ι
650 4849 779 4919 quia
812 4860 907 4900 vos
944 4838 1149 4915 putatis
1176 4840 1230 4894 in
1264 4834 1397 4908 ipsis
1425 4837 1591 4890 vitam
1625 4842 1888 4887 aeternam
1922 4829 2124 4884 habere
2155 4846 2169 4883 :

592 4949 647 4996 et
673 4940 779 4994 illa:
814 4944 943 4993 sunt
973 4949 1095 5006 quae
1119 4930 1498 4987 testimonium
1531 4926 1818 4997 perhibent
1848 4922 1915 4998 de
1948 4936 2036 4976 me
2055 4920 2122 4975 ³⁰.
2151 4938 2169 4972 ›

594 5031 827 5086 Videtur
860 5023 1046 5099 itaque
1080 5025 1278 5080 beatus
1309 5014 1646 5091 evangelista
1679 5009 1933 5085 principii
1958 5009 2180 5066 nomine

594 5126 690 5180 hic
732 5128 1061 5194 potestatem
1111 5129 1281 5186 supra
1323 5113 1505 5167 omnia
1556 5110 1794 5179 positam
1846 5104 2178 5174 signiﬁcare,

598 5221 815 5276 Patrem
874 5215 1171 5273 nimirum,
1235 5218 1293 5263 ut
1346 5214 1400 5262 et
1454 5219 1618 5274 supra
1675 5200 1859 5254 omnia
1914 5198 2181 5251 collocata

600 5321 796 5366 natura
826 5306 1011 5362 divina
1044 5307 1341 5373 appareat,
1373 5310 1494 5366 qua:
1536 5292 1903 5363 quodcunque
1934 5295 2181 5342 creatum

598 5411 687 5459 est
724 5401 829 5458 sub
880 5397 1112 5470 pedibus
1150 5392 1343 5455 habet,
1382 5396 1435 5441 et
1480 5385 1641 5440 rebus
1698 5397 1727 5434 a
1773 5398 1833 5435 se
1887 5380 1941 5433 in
1996 5392 2183 5431 rerum

604 5506 859 5551 naturam
889 5491 1055 5546 editis
1094 5470 1494 5556 propemodum
1536 5470 1753 5530 in'sidct.
1794 5473 1853 5525 ln
1888 5471 1992 5525 hoc
2019 5470 2186 5539 igitur

606 5586 880 5659 principio
913 5581 1059 5651 quod
1095 5587 1179 5635 est
1212 5577 1268 5630 iu
1300 5588 1493 5630 omnes
1523 5578 1589 5659 et
1621 5580 1787 5636 supra
1822 5579 2037 5627 omnes,
2069 5569 2187 5617 erat

608 5680 870 5744 Verbum,
898 5691 1007 5731 non
1047 5685 1173 5727 cum
1211 5666 1468 5723 omnibus
1508 5648 1613 5718 sm)
1650 5657 1881 5730 pedibus
1913 5655 2055 5727 ejus,
2090 5656 2182 5712 sed

690 5861 735 5897 "
775 5857 920 5914 Psal.
953 5868 1075 5917 τίκ,
1111 5851 1162 5905 5.
1243 5847 1285 5879 ³⁰
1320 5842 1480 5899 Joan.
1519 5858 1567 5889 ν.
1594 5840 1682 5893 59.

2254 3213 2344 3297 διὰ
2366 3242 2458 3295 τοῦ
2486 3213 2641 3309 ἀγίου
2676 3213 2995 3304 Πνεύματος
3021 3226 3492 3301 προκηρύττοντος
3516 3261 3530 3282 ,
3564 3216 3657 3270 καὶ
3700 3213 3837 3309 πρδς

2255 3335 2413 3389 αὑτὸν
2451 3305 2701 3400 λέγοντος
2755 3323 2846 3376 τὸν
2896 3321 3058 3374 Υἱόν’
3127 3339 3142 3370 ι
3181 3315 3338 3371 Μετὰ
3382 3311 3541 3377 σοῦή
3589 3306 3730 3376 ἁρχὴ
3771 3305 3839 3400 ἓν

2256 3425 2438 3497 ἡμέρα
2484 3390 2583 3488 si};
2629 3390 2909 3482 δυνάμεώς
2942 3425 3035 3461 σου
3064 3447 3076 3467 ,
3128 3407 3185 3456 ὲν
3231 3406 3297 3473 τῇ
3346 3397 3695 3470 λαμπρότητι
3727 3390 3838 3443 τῶν

2481 3481 2594 3564 σου.
2629 3528 2647 3560 ι
2679 3481 2897 3575 Ἡμέρα
2934 3500 3041 3570 γὰρ
3073 3497 3359 3566 δυνάμεως
3402 3490 3495 3544 τοῦ
3538 3486 3687 3550 Υἱοῡ,
3717 3481 3839 3587 καθ’

2259 3612 2325 3683 ἢν
2357 3607 2483 3675 ὅλην
2517 3603 2694 3670 κρινεί
2718 3596 2816 3668 τὴν
2846 3597 2993 3648 οἱκου
3008 3591 3196 3662 μένην,
3233 3585 3333 3639 καὶ
3361 3580 3687 3636 ἀποδίδωσιν
3713 3572 3839 3627 ἑκά-

2264 3665 2372 3770 στῳ
2411 3665 2650 3752 κάτὸιττά
2700 3665 2836 3761 ἔργα
2868 3683 3033 3740 αὑτοῦ
3054 3700 3065 3712 ·
3102 3682 3222 3752 ἥξει
3262 3678 3318 3731 δὲ
3352 3675 3569 3734 πάντως
3598 3670 3693 3723 καὶ⁸
3719 3665 3850 3725 τότε

2265 3758 2426 3853 αὑτός
2457 3804 2517 3841 τε
2562 3785 2635 3838 ὢν
2670 3758 2741 3836 ὲνή
2766 3778 2961 3849 “arpi,
3002 3775 3096 3829 καὶ
3131 3772 3268 3842 ἔχων
3297 3770 3353 3821 ὲν
3391 3762 3569 3834 ἑαυτῷ
3602 3761 3693 3814 τὸν
3731 3758 3843 3811 lla.-

2264 3886 2421 3953 τέρα,
2464 3877 2564 3947 τὴν
2598 3875 2835 3943 ἄναρχον
2866 3870 2962 3939 τῆς
3000 3865 3207 3926 οἰκείας
3259 3859 3475 3928 φύσεως
3517 3852 3677 3906 οἱονεί
3729 3864 3843 3953 πως

2268 3940 2463 4047 ἀρχὴν,
2492 3940 2633 4025 κατά
2675 3940 2831 4038 μόνον
2886 3960 2971 4024 τὸ,
3024 3957 3084 4021 ἐξ
3117 3951 3175 4009 οὗ
3201 3994 3215 4018 ,
3245 3953 3335 4006 διὰ
3378 3951 3437 4003 τὸ
3469 3947 3733 4014 ὑπάρχειν
3782 3940 3847 3991 εει

2272 4065 2506 4137 Πατρός.

2716 4169 2815 4222 Ἐν
2850 4160 3007 4233 ἀρχῇ
3030 4156 3109 4229 ἦν
3134 4158 3168 4211 ὸ
3188 4155 3398 4223 Λόγος.

2342 4271 2437 4332 Εἰς
2465 4262 2665 4324 πολλὰς
2696 4261 2826 4330 ἡμῖν
2862 4232 2956 4309 καὶ
2986 4249 3277 4321 διαφόρους
3304 4242 3511 4303 ἐννοίας
3536 4241 3564 4292 ὁ
3593 4236 3722 4307 περὶ
3750 4232 3851 4303 τῆς

2275 4327 2461 4418 ἐνθάδε
2497 4327 2900 4426 σημαινομένης
2945 4342 3121 4416 ἀρχῆς
3166 4332 3645 4426 καταποικίλ).εται
3673 4327 3851 4426 ξόγος,

2278 4417 2609 4520 πανταχόθεν
2666 4417 2935 4511 θηρᾶσθαι
2997 4428 3313 4493 σπουδάζων
3368 4425 3438 4477 τὰ
3488 4424 3567 4484 είς
3593 4417 3857 4520 ὼιρὲὶειαν

2272 4507 2633 4603 συντείςοντα,
2666 4507 2758 4588 καί
2783 4526 3087 4597 κατάληψιν
3120 4520 3294 4591 ἀληθῆ
3333 4516 3441 4569 τῶν
3468 4514 3625 4567 θείων
3654 4507 3878 4603 δογμά-ι.

2272 4654 2404 4698 των,
2459 4632 2553 4687 καὶ
2607 4630 2706 4698 τὴν
2753 4627 2808 4678 ὲν
2842 4624 2953 4683 τοῖς
3005 4613 3324 4688 μυστηρίοις
3366 4605 3653 4679 ἀκρίϐειαν
3699 4599 3862 4662 κυνὸς

2277 4690 2433 4797 δίκην
2496 4690 2827 4794 ἰχνηλατῶνο
2885 4732 2903 4764 ι
2950 4708 3258 4781 Ἐρευνᾶτεὶ
3276 4702 3384 4773 γάρ
3418 4717 3518 4752 που
3558 4696 3657 4759 τὰς
3701 4690 3864 4760 ἁγίας

2278 4785 2550 4889 Γραιφάςξί
2601 4785 2765 4880 ξρησὶν
2808 4808 2836 4859 ό
2899 4804 3109 4873 Σωτήρ·
3167 4800 3248 4852 ὅτι
3310 4796 3369 4847 ὲν
3428 4792 3619 4851 αὑταῖς
3704 4785 3863 4854 ὑμεῖς

2281 4880 2484 4965 δόκείτε
2513 4903 2657 4974 ζωὴν
2684 4898 2898 4953 αἰώνιον
2932 4895 3073 4966 ἔχειν
3095 4932 3108 4953 ,
3147 4892 3241 4943 καὶ
3272 4883 3431 4940 αὐταί
3465 4885 3604 4935 εἰσιν
3630 4880 3686 4932 αί
3723 4892 3864 4947 μαρ-

2278 4968 2541 5074 τυροῦσαί
2610 4968 2738 5064 περὶ
2801 4987 2956 5060 ἐμοῦ.
2995 5006 3012 5039 ι
3055 4983 3241 5036 Ἔοικε
3294 4977 3474 5031 τοίνυν
3520 4976 3549 5027 ό
3598 4968 3867 5044 μακάριος

2282 5061 2880 5161 εὑάγγελιστὴς-ἀρχὴν
2906 5077 3113 5139 ἐνθάδε,
3143 5072 3242 5145 τὴν
3272 5068 3412 5124 κατά
3441 5068 3660 5121 πάντων
3714 5061 3867 5127 ἐξου-

2288 5188 2427 5249 σίαν,
2463 5182 2606 5235 τοῦτ’
2653 5178 2789 5238 ἔστι,
2818 5176 2907 5228 τὸν
2941 5170 3165 5239 Πατέρα
3209 5164 3515 5236 σημαίνεινο
3555 5160 3644 5212 ἵνα
3672 5156 3737 5224 δὴ
3776 5152 3873 5207 καὶ

2282 5245 2467 5333 ἐπάνω
2492 5275 2707 5329 πάντων
2733 5272 2766 5340 ἡ
2800 5266 2921 5321 θεία
2950 5263 3207 5333 φαίνηται
3238 5258 3419 5328 φύσις,
3449 5254 3557 5306 πᾶν
3589 5252 3725 5319 ὅπερ
3757 5245 3873 5340 ἐστὶ

2284 5370 2508 5442 γενητὸν
2552 5366 2656 5420 ὑπὸ
2675 5338 2840 5425 πόδας
2860 5342 3086 5429 ἔχουσα,
3109 5351 3388 5424 μονονουχὶ
3414 5347 3508 5401 καί⁵
3535 5338 3877 5442 ἐποχουμένη

2282 5429 2490 5528 ’τοῖςιδι⁹
2515 5458 2685 5527 αὑτῆς
2728 5456 2809 5518 είς
2873 5451 2933 5503 τδ
2985 5444 3125 5501 εἶναι
3157 5441 3539 5512 κεκλημένοις.
3580 5437 3670 5487 Ἐν
3700 5429 3915 5525 ταύτῃί

2291 5524 2577 5630 τοιγαροῦν
2598 5524 2665 5624 τῇ
2699 5549 2864 5621 ἀρχῇ.
2899 5546 2966 5615 τῇ
2994 5539 3136 5595 κατὰ
3164 5541 3380 5591 πάντων
3412 5531 3504 5585 καὶ
3526 5528 3618 5580 ἐπὶ
3644 5524 3875 5630 πάνταῇ

2292 5650 2358 5725 ἦν
2388 5606 2414 5705 b
2443 5606 2719 5718 116705.06
2930 5606 3147 5689 πάντων
3185 5627 3289 5681 ὑπὸ
3338 5623 3501 5684 πόδας
3534 5617 3721 5686 αὑτῆς,
3760 5606 3880 5665 ἀλλ’
