4168 6582
357 380 425 438 9:9
1388 382 1457 438 IN
1490 384 1779 441 JOANNIS
1802 384 1911 441 EVA

2010 384 2251 443 :ELIUM
2297 386 2423 441 Ltu.
2454 342 2494 440 ἰ.
3522 388 3592 448 so

351 495 456 561 ἔξω
480 496 693 549 πάντων
719 495 776 549 ὲν
811 493 945 566 αὐτῇ
972 495 1234 564 φυσικῶς,
1277 496 1352 561 ὼς
1386 499 1593 570 καρπὸς
1625 501 1911 564 συναϊδιος.

2020 507 2174 554 extra
2202 501 2386 555 omnia
2418 504 2472 555 in
2502 500 2623 570 ipso
2654 501 3005 569 naturaliter,
3049 515 3151 580 ceu
3200 502 3413 558 n'uctus
3444 518 3589 559 coae-

349 585 512 638 τόπον
536 585 725 657 ὥσπερ
742 584 879 656 ἔχων
903 584 1010 638 τῶν
1053 586 1305 641 ἁπάντων
1329 589 1680 660 ἀρχαιότερον
1705 590 1803 660 τὴν
1825 589 1917 642 τοῦ

349 679 710 748 γεννήσαντος
738 677 916 748 φύσιν.
948 680 1038 733 Διὸ
1080 680 1145 751 δὴ
1192 682 1285 735 καὶ
1322 681 1607 754 ἐλεύθερος
1632 684 1918 754 ἐλευθέρου

352 765 564 841 Πάτρὸς
586 770 861 840 πεφυκὼς,
890 772 988 841 τὴν
1023 772 1161 826 κατὰ
1202 772 1420 827 πάντων
1448 774 1622 845 ἀρχὴν
1654 777 1750 829 σὺν
1774 774 1921 845 αὐτῷ

350 863 696 929 κεκτήσεται.
752 863 849 926 Τίς
900 859 993 916 οὖν
1041 864 1148 935 ἄρα
1201 865 1296 918 καὶ
1327 864 1423 917 νῦν
1467 867 1496 919 6
1524 866 1621 935 τῆς
1653 867 1710 919 ὲν
1743 865 1921 937 τούτῳ

352 952 693 1021 κατασκευῆς
719 956 1003 1024 γενήσεται
1033 955 1208 1023 λόγος,
1229 956 1520 1011 ἀκόλουθον
1546 958 1794 1011 συνιδεῖν.
1812 959 1921 1011 Ῥι-

347 1041 679 1110 ψοκινδύνως
710 1044 873 1108 τινὲς,
909 1045 1160 1117 καθάπερ
1184 1046 1394 1116 ἔφημεν
1424 1050 1481 1101 ὲν
1507 1052 1619 1112 τοῖς
1640 1048 1916 1120 ἀνωτέρω,

344 1134 436 1185 τὸν
460 1132 552 1185 τού
581 1133 715 1187 Θεοῦ
772 1134 943 1203 Λόγον
986 1136 1105 1190 τότε
1130 1137 1193 1207 δή
1218 1138 1433 1207 πρῶτον
1470 1141 1548 1202 είς
1567 1138 1629 1191 τὺ
1656 1134 1792 1191 εἶναι
1828 1158 1920 1193 κε-

347 1224 573 1295 κλῆσθαι
606 1224 1014 1297 διισχυρίζοντο,
1041 1229 1129 1281 ὅτε
1162 1228 1251 1283 τὸν
1289 1231 1354 1282 ἐκ
1386 1230 1488 1298 τῆς
1518 1229 1679 1297 ἁγίας
1706 1230 1917 1301 Παρθέ-

342 1332 436 1368 νου
489 1315 617 1369 ναδν
664 1316 865 1381 λαϐὼν,
898 1317 1183 1389 ἄνθρωπος
1210 1319 1399 1387 γέγονε
1441 1319 1505 1372 δι’
1529 1321 1678 1389 ἡμᾶς
1707 1320 1796 1373 Τ.ί
1825 1316 1917 1374 οὖν

344 1405 412 1458 ἂν
436 1406 523 1476 εἴη
574 1406 779 1470 λοιπὸν,
817 1408 975 1478 εἴπερ
1030 1405 1324 1480 ᾖγενητὸς
1379 1410 1472 1462 καὶ
1526 1410 1912 1480 πεποιημένος,

342 1498 436 1551 καὶ
462 1501 573 1562 τοῖς
600 1498 779 1562 ἄλλοις
808 1500 1011 1553 ἅπασιν
1052 1500 1314 1571 ὁμοφυὴς,
1348 1495 1427 1564 οἷς
1458 1500 1517 1564 ea
1548 1501 1647 1553 οὑκ
1683 1501 1851 1553 ὄντων
1880 1502 1913 1570 ή

342 1590 573 1658 γένεσις,
606 1591 698 1644 καὶ
736 1592 795 1643 τὸ
822 1592 923 1661 τῆς
950 1591 1191 1654 δουλείας
1224 1591 1395 1662 ὄνομά
1440 1609 1499 1644 τε
1550 1593 1645 1645 καὶ
1677 1594 1913 1662 πρᾶγμα

338 1681 565 1745 δικαίως
591 1682 1016 1753 ὲπαληθεύεται;
1050 1683 1113 1735 Τί
1138 1682 1247 1752 γὰρ
1275 1682 1382 1735 τῶν
1407 1682 1789 1754 πεποιημένων
1816 1682 1913 1754 τὴν

340 1774 445 1827 ὑπὸ
468 1774 545 1845 τῷ
580 1774 796 1828 πάντων
848 1773 1137 1844 κρατοῦντι
1178 1772 1295 1843 Θεῷ
1325 1774 1572 1828 δουλείαν
1619 1773 1913 1838 ἀκινδύνως

338 1864 739 1934 παραιτήσεται
764 1881 778 1928 ;
839 1864 890 1916 τί
922 1863 977 1916 δὲ
1002 1864 1099 1932 οὐχ
1124 1862 1391 1932 ὑποκύψει
1429 1866 1495 1935 τῇ
1523 1864 1667 1918 κατὰ
1698 1863 1914 1918 πάντων
1947 1846 1986 1899 Β

337 1958 482 2028 ἀρχῇ
510 1973 570 2008 τε
626 1956 721 2008 καὶ
772 1954 1012 2026 ἐξουσία,
1062 1955 1157 2008 καὶ
1187 1955 1486 2028 κυριότητι,
1526 1956 1592 2025 ἣν
1620 1956 1713 2009 καὶ
1754 1956 1913 2021 αὑτός

338 2064 440 2100 που
473 2044 729 2117 σημαίνει
755 2044 928 2112 λέγων
949 2046 977 2099 6
1007 2044 1256 2115 Σολομῶν
1276 2062 1289 2075 ·
1329 2065 1346 2096 t
1383 2045 1537 2099 Μετὰ
1568 2045 1676 2117 γὰρ
1714 2046 1915 2101 δικαιο-

338 2139 505 2206 σύνης
566 2137 912 2207 ὲτοιμάζεται
963 2135 1149 2207 θρόνος
1196 2137 1410 2209 ἀρχῆς
1448 2156 1465 2188 ι
1498 2138 1756 2208 Ἕτοιμος
1806 2136 1914 2209 γὰρ

338 2232 432 2285 καὶ
461 2230 594 2285 πολὺ
620 2229 739 2284 λίαν
775 2228 1056 2300 εὐπρεπὴς
1085 2231 1164 2293 είς
1192 2229 1580 2300 δικαιοσύνηνό
1609 2231 1708 2301 τῆς
1742 2231 1915 2301 ἀρχῆς

338 2322 544 2393 θρόνος,
566 2324 665 2393 τῆς
693 2322 787 2375 ὲπί
814 2322 1019 2385 πάντας
1050 2321 1269 2392 δηλαδή.
1294 2323 1404 2377 Καὶ
1434 2324 1515 2386 τίς
1532 2321 1557 2372 ό
1581 2308 1769 2394 θρόνος
1790 2322 1916 2393 περὶ

335 2402 397 2462 οὗ
435 2410 531 2465 νῦν
560 2412 588 2465 6
615 2410 790 2480 λόγος,
823 2410 987 2464 ἄκουε
1019 2410 1267 2477 λέγοντος
1297 2414 1391 2466 τοῦ
1423 2413 1557 2467 Θεοῦ
1576 2414 1643 2467 δι’
1665 2413 1782 2477 ἑνὸς
1809 2412 1914 2465 τῶν

335 2503 527 2570 ἁγίων·
568 2519 585 2553 t
634 2503 689 2555 Ὀ
747 2502 975 2573 οὐρανός
1037 2519 1125 2573 μοι
1156 2503 1362 2575 θρόνος.
1402 2524 1421 2557 ι
1452 2504 1660 2559 Οὐκοῦν
1699 2504 1915 2574 ’ἐτοιμος

333 2595 413 2657 είς
440 2593 781 2664 δικαιοσύνην
811 2595 840 2646 ὁ
866 2593 1112 2666 οὐρανὸς,
1135 2595 1279 2648 τοῦτ’
1310 2594 1445 2661 ἔστι,
1479 2597 1549 2651 τὰ
1586 2598 1646 2650 ὲν
1668 2599 1779 2659 τοῖς
1820 2596 1914 2649 οὺ-

335 2688 517 2755 ρανοῖς
550 2685 679 2755 ἅγια
734 2686 1037 2757 πνεύματα.
1096 2688 1312 2760 Ἐπειδὴ
1369 2689 1547 2742 τοίνυν
1590 2686 1658 2760 ἦν
1702 2689 1914 2761 ἀνάγκη

335 2776 735 2846 συνομολογεῖν,
766 2779 902 2847 μετὰ
923 2778 1031 2832 τῶν
1057 2779 1233 2833 ἄλλων
1261 2781 1580 2851 ποιημάτων
1596 2783 1914 2836 ὑποκεῖσθαι

333 2868 411 2937 τῷ
431 2867 550 2939 Θεῷ
582 2869 673 2922 καὶ
724 2870 899 2941 Ila-cpi.
936 2870 1026 2923 τὸν
1082 2871 1232 2933 Υίὸν,
1293 2871 1369 2935 ὡς
1416 2874 1687 2943 οἰκετικὴν
1726 2872 1917 2943 ἔχοντα

332 2960 507 3026 τάξιν,
566 2962 660 3015 καὶ
705 2962 810 3014 ὑπὸ
858 2962 957 3033 τὴν
1006 2962 1108 3031 τῆς
1175 2962 1349 3033 ἀρχῆς
1407 2963 1651 3029 ἐξουσίαν
1717 2964 1915 3035 ὁμοίως

332 3053 601 3106 πίπτοντα
628 3056 740 3116 τοῖς
774 3053 973 3117 ἄλλοις,
1027 3055 1186 3125 είπερ
1227 3056 1345 3108 ἐστὶ
1379 3055 1499 3108 κατ’
1529 3056 1769 3119 ἐκείνους
1792 3056 1913 3124 ὀψι-

2020 599 2247 658 ternus,
2285 593 2499 657 locum,
2542 600 2604 647 ut
2663 593 2737 647 ita
2798 592 3009 661 dicam,
3069 592 3277 650 habens
3332 593 3594 651 omnibus

2021 682 2414 752 antiquiorem,
2472 682 2655 737 Patris
2714 682 2972 738 nimirum
3041 691 3314 739 naturam.
3380 683 3592 739 Idcirco

2018 774 2183 829 etiam
2229 774 2365 830 liber
2415 775 2585 829 libero
2616 773 2778 830 Patre
2808 777 3060 847 genitus,
3114 776 3358 832 universi
3415 776 3591 844 impe-

2019 863 2160 918 rium
2198 880 2305 918 una
2344 879 2467 919 cum
2505 865 2628 935 ipso
2662 865 2846 922 habet.
2885 858 3141 932 Quaénam
3165 880 3296 936 ergo
3324 865 3397 919 sit
3432 864 3595 919 dein-

2019 969 2147 1025 ceps
2193 956 2385 1011 horum
2440 957 2731 1011 verborum
2767 964 3078 1020 structura,
3114 973 3293 1027 operae
3342 958 3587 1027 pretium

2017 1052 2103 1101 est
2146 1046 2603 1102 animadvertere.
2659 1046 2919 1102 Nonnulli
2967 1048 3263 1111 audacter.
3317 1057 3379 1102 ut
3426 1057 3589 1103 antea

2018 1136 2278 1200 diximus,
2310 1136 2402 1192 Dei
2428 1136 2670 1193 Verbum
2702 1148 2815 1192 tum
2852 1138 3089 1208 primum
3126 1139 3181 1193 in
3210 1155 3392 1195 rerum
3422 1149 3589 1193 natu-

2016 1243 2134 1282 ram
2184 1228 2392 1282 editum
2441 1228 2798 1292 asserebant,
2861 1243 2985 1282 cum
3041 1237 3326 1297 assumpto
3384 1237 3595 1285 sancta}

2017 1319 2260 1391 Virginis
2293 1320 2499 1390 templo
2526 1329 2751 1389 propter
2782 1333 2883 1374 nos
2915 1319 3095 1374 factus
3117 1319 3416 1374 esthomo.
3446 1319 3591 1386 Quid

2014 1423 2145 1478 ergo
2188 1407 2407 1462 demum
2458 1406 2600 1469 erit,
2638 1408 2685 1461 si
2737 1414 2831 1460 aut
2870 1416 3091 1462 creatus
3131 1416 3225 1461 aut
3274 1406 3482 1470 factus,
3534 1416 3590 1462 et

2014 1498 2261 1567 ejusdem
2302 1511 2426 1551 cum
2459 1497 2581 1550 aliis
2622 1496 2883 1551 omnibus
2919 1506 3146 1559 naturae,
3180 1497 3248 1551 de
3287 1497 3488 1566 quibus
3533 1505 3590 1551 et

2013 1604 2043 1642 e
2084 1587 2259 1640 nihilo
2306 1586 2546 1649 creatio,
2589 1597 2641 1639 et
2691 1586 2974 1641 servitutis
3014 1602 3213 1641 nomen
3248 1594 3303 1640 et
3352 1602 3440 1641 res
3470 1586 3589 1655 ipsa

2011 1679 2135 1748 jure
2172 1677 2472 1731 dicuntur?
2516 1676 2658 1741 Quid
2704 1677 2848 1732 enim
2896 1684 3140 1731 creatum
3190 1676 3589 1745 cunctipotenti

2017 1770 2125 1823 Deo
2155 1769 2366 1824 servire
2394 1768 2618 1837 impune
2656 1768 3023 1823 detrectabit?
3054 1769 3195 1834 Quid
3225 1779 3405 1824 autem
3451 1784 3587 1823 cun-

2016 1860 2301 1931 ctipotenti
2344 1859 2635 1929 principio.
2670 1860 2948 1928 potestati,
2988 1868 3042 1913 et
3081 1860 3444 1915 dominationi
3479 1876 3590 1915 non

2017 1954 2357 2023 subjarebit,
2413 1967 2577 2021 quam
2616 1952 2733 2022 ipse
2788 1951 2992 2006 alicubi
3044 1966 3265 2021 quoque
3314 1950 3589 2020 signiﬁcat

2017 2045 2276 2100 Salomon
2311 2046 2500 2101 dicens
2535 2063 2548 2099 :
2592 2062 2611 2095 ι
2652 2045 2787 2098 Cum
2813 2044 3033 2113 justitia
3061 2043 3591 2111 enimpraaparatur

2016 2136 2215 2192 solium
2256 2137 2546 2206 potestatis
2578 2136 2644 2187 ³¹.
2684 2155 2702 2187 ι
2740 2134 2975 2190 Paratus
3007 2134 3151 2189 enim
3200 2141 3284 2189 est
3327 2132 3591 2202 praeclare

2015 2228 2082 2283 ad
2107 2228 2381 2297 justitiam
2406 2228 2498 2282 ille
2535 2227 2769 2282 thronus
2806 2226 2928 2295 ejus
2961 2226 3221 2280 nimirum
3250 2236 3395 2294 quae;
3421 2239 3591 2294 supra

2015 2333 2207 2372 omnes
2243 2326 2325 2372 est
2364 2318 2676 2389 potestatis.
2732 2321 2800 2373 lit
2829 2318 2955 2388 quis
3004 2317 3093 2372 ille
3132 2317 3364 2373 thronus
3399 2316 3493 2382 sit,
3524 2315 3591 2370 de

2016 2425 2125 2480 quo
2153 2409 2244 2465 hic
2278 2409 2579 2481 loquimur,
2606 2410 2733 2466 audi
2760 2409 2931 2466 Deum
2958 2424 3057 2480 per
3077 2424 3246 2464 unum
3274 2417 3589 2465 sanctorum

2015 2501 2287 2557 dicentem
2336 2520 2351 2557 :
2409 2520 2427 2555 ι
2461 2501 2671 2558 Caelum
2722 2502 2854 2557 mihi
2900 2501 3213 2557 thronus!»
3258 2501 3445 2572 Itaque
3492 2516 3589 2570 pa-

2017 2600 2195 2647 ratum
2231 2600 2315 2648 est
2349 2592 2416 2647 ad
2449 2592 2721 2661 justitiam
2748 2593 2975 2655 coelum,
3008 2591 3115 2646 hoc
3147 2600 3249 2656 est,
3282 2592 3376 2662 qui
3419 2593 3596 2646 caelos

2016 2683 2265 2737 incolunt
2314 2683 2488 2739 sancti
2541 2684 2790 2753 spiritus.
2862 2682 3135 2749 Quoniam
3181 2697 3316 2752 ergo
3363 2696 3590 2738 necesse

2014 2784 2133 2830 erat
2164 2775 2414 2830 conﬁteri
2450 2790 2556 2829 una
2603 2790 2728 2828 cum
2764 2773 2889 2828 aliis
2919 2773 3207 2835 creaturis}
3234 2773 3433 2843 subjici
3479 2772 3591 2829 Deo

2016 2880 2081 2920 ac
2113 2863 2263 2921 Patri
2301 2864 2500 2918 Filium
2522 2905 2538 2929 ,
2576 2876 2833 2933 tanquam
2877 2863 3062 2918 servili
3098 2863 3413 2919 conditione
3446 2879 3590 2934 prae-

2015 2956 2219 3022 ditum,
2264 2966 2318 3012 et
2362 2956 2617 3026 principii
2667 2958 2922 3025 potestati
2967 2953 3072 3025 15.
3101 2955 3328 3024 perinde
3374 2970 3438 3010 ac
3484 2954 3590 3009 alia

2015 3048 2317 3107 subditum.
2346 3048 2415 3111 si,
2452 3055 2509 3101 ut
2540 3048 2617 3101 illi
2654 3047 2863 3108 volunt.
2894 3061 3021 3101 sero
3054 3046 3292 3117 genitus,
3314 3054 3368 3101 et
3396 3061 3587 3101 eorum

328 3143 519 3211 γενὴς,
550 3141 771 3195 καὶτῶν
798 3144 857 3196 ὲν
882 3145 1058 3214 χρόνῳ
1072 3145 1456 3214 πεποιημένων
1475 3142 1574 3207 εἷς’
1605 3146 1911 3212 ἀναγκαίως

2015 3142 2108 3212 qui
2163 3142 2217 3196 in
2268 3150 2511 3210 tempore
2561 3140 2689 3194 facti
2727 3148 2856 3194 sunt
2915 3154 3057 3195 unus
3106 3147 3189 3195 est
3225 3158 3239 3195 :
3275 3139 3593 3195 necessario

325 3238 357 3288 6
387 3235 654 3305 μακάριος
697 3234 1091 3306 εύαγγελιστὴς
1139 3236 1463 3307 δριμύτερον
1510 3240 1621 3300 τοῖς
1678 3239 1912 3308 ἑτεροδι-

325 3326 685 3381 δασκαλοῖηιν
714 3328 972 3400 ὲπιπηδᾷ·
1028 3330 1122 3382 καὶ
1165 3328 1409 3393 δουλείας
1458 3330 1554 3400 μὲν
1583 3330 1798 3405 ἁπάσης
1826 3332 1910 3397 ἐξ·

325 3419 589 3474 έλκειτδν
622 3420 786 3475 Υίόν·
847 3423 911 3475 ὲκ
956 3422 1013 3475 δὲ
1067 3424 1165 3495 τῆς
1218 3424 1506 3496 ἐλευθέρας
1538 3425 1633 3479 καὶ
1690 3426 1909 3481 πάντων

324 3512 601 3583 ἀρχούσης
653 3514 841 3578 οὐσίας
883 3516 1231 3587 ὲκπεφηνότα
1268 3518 1524 3580 δεικνύει,
1553 3520 1647 3573 καὶ
1680 3522 1739 3573 ὲν
1770 3521 1905 3592 αὐτῇ

276 3610 279 3613 ’
327 3603 577 3669 φυσικῶς
598 3605 862 3679 ὑπάρχειν
889 3608 1241 3681 ἰσχυρίζεται,
1272 3610 1465 3680 λέγων·
1486 3612 1590 3666 Ἐν
1624 3611 1781 3682 ἀρχῇ
1826 3610 1907 3682 ἦν

329 3697 361 3747 ό
394 3697 606 3763 Λόγος.

410 3784 723 3840 Ἐπιπλέκει
765 3788 823 3841 δὲ
881 3788 958 3858 τῷ
981 3791 1081 3859 τῆς
1128 3792 1321 3861 ἀρχῆς
1367 3792 1591 3865 ὀνόματι
1620 3796 1907 3867 χρησίμως

324 3875 385 3928 τὸ
416 3870 513 3945 ἦν,
544 3878 630 3930 ἵνα
659 3877 733 3949 μὴ
764 3878 926 3949 μόνον
955 3880 1202 3955 εὐκλεής,
1242 3883 1377 3939 ἀλλὰ
1415 3885 1605 3956 νοῆται
1628 3887 1747 3941 ικαὶ
1774 3904 1899 3957 προσ

324 3964 537 4031 αιὼνιος
561 3983 576 3998 °
597 3967 833 4023 τέθειται
857 3969 966 4043 γὰρ
1017 3974 1076 4026 ὲν
1097 3974 1308 4039 τούτοις
1348 3976 1406 4028 τὸ
1432 3972 1530 4045 ἦν,
1566 3978 1646 4041 εις
1680 3976 1903 4047 βαθεῖαν

321 4072 465 4117 τινα,
499 4057 592 4109 κα)⁵
624 4056 1027 4130 ἀκατάληπτον,
1058 4064 1152 4117 καὶ
1177 4063 1276 4135 τὴν
1306 4063 1410 4129 ἔξω
1437 4065 1643 4136 χρόνων
1666 4067 1905 4139 ἄρρητον

322 4144 576 4217 γέννησιν
597 4148 873 4203 ἀνατεῖνον
933 4152 1027 4206 τοῦ
1078 4154 1409 4226 θεωροῦντος
1438 4158 1537 4229 τήν
1575 4159 1801 4216 ἔννοιαν.
1832 4160 1905 4215 Τὸ

322 4239 431 4307 γὰρ
462 4234 560 4309 ἦν,
586 4239 908 4310 ἀδιορίστως
933 4245 1268 4318 ἐκφωνηθὲν,
1296 4252 1375 4314 είς
1406 4255 1557 4307 ποῖον
1577 4255 1711 4323 ήμῖν
1730 4272 1901 4308 κατα-

321 4329 472 4401 λήξει
552 4332 739 4395 τόπον,
782 4333 868 4386 ἀεὶ
920 4336 1270 4405 προελαύνειν
1326 4342 1419 4395 τοῦ
1463 4340 1747 4408 διώκοντος
1808 4345 1902 4400 νοῦ

323 4421 723 4517 nsquam-quaeat
748 4424 815 4517 ήν
843 4424 1020 4495 οἴηταί
1040 4446 1121 4493 τις
1150 4429 1295 4501 ἔχειν
1319 4433 1483 4488 αὑτοῦ
1500 4436 1599 4505 τὴν
1616 4436 1901 4490 κατάπαυ-

2014 3232 2207 3287 beatus
2246 3230 2585 3301 evangelista
2614 3231 2796 3284 acrius
2828 3230 3054 3285 insultat
3094 3230 3389 3296 haereticis.
3417 3239 3473 3286 et
3518 3231 3588 3286 ab

2010 3320 2161 3375 omni
2191 3319 2415 3390 quidem
2449 3317 2714 3375 servitute
2740 3318 2937 3373 Filium
2973 3319 3237 3387 vindicat,
3274 3328 3328 3375 et
3362 3320 3431 3375 ab
3464 3334 3586 3374 om—

2010 3411 2290 3481 nipotente
2342 3410 2651 3466 substantia
2704 3423 2929 3465 manare
2977 3409 3249 3475 ostendit,
3306 3410 3362 3464 in
3413 3425 3587 3479 eaque

2009 3502 2338 3555 naturaliter
2383 3500 2563 3571 ipsum
2620 3500 2892 3557 exsistere
2948 3501 3170 3568 asserit,
3226 3501 3417 3558 dicens
3458 3520 3472 3557 :
3518 3501 3589 3557 In.

2006 3593 2263 3661 principio
2294 3602 2409 3646 erat
2458 3590 2704 3645 Verbum.

2079 3770 2339 3840 Principii
2372 3780 2553 3827 autem
2589 3770 2858 3828 vocabulo
2918 3771 3075 3839 illud,
3103 3782 3240 3835 erat,
3276 3771 3588 3842 subjungit,

2005 3868 2065 3914 ut
2091 3876 2200 3915 non
2244 3860 2421 3917 solum
2461 3861 2760 3931 gloriosus,
2800 3877 2989 3918 verum
3018 3861 3181 3917 etiam
3206 3871 3332 3918 ante
3379 3854 3609 3919 saecula

2004 3952 2223 4024 genitus
2255 3952 2612 4025 intelligatur.
2649 3952 2785 4009 Illud
2817 3953 2997 4019 enim,
3042 3962 3192 4021 erat,
3225 3953 3315 4009 hic
3340 3955 3583 4024 positum

2006 4054 2126 4108 est,
2195 4058 2305 4114 quo
2369 4045 2794 4115 contemplantis
2855 4046 3074 4103 animus
3133 4045 3188 4100 in
3254 4046 3580 4117 profundam

2002 4136 2296 4205 quamdam
2345 4146 2399 4192 et
2437 4136 3079 4207 incomprehensibilem,
3131 4144 3186 4192 et
3251 4136 3581 4192 ineﬂ’abilem

2002 4244 2123 4297 quae
2154 4236 2356 4282 cuncta
2399 4240 2624 4299 superat
2656 4238 2903 4298 tempora
2950 4229 3361 4299 generationem
3396 4230 3585 4284 inten-

2001 4321 2187 4376 datur.
2226 4339 2244 4372 t
2282 4319 2412 4374 Erat
2444 4340 2461 4370 ι
2488 4320 2656 4385 enim,
2692 4318 2974 4373 indeﬁnite
3010 4318 3305 4387 prolatum,
3337 4334 3577 4388 quonam

2002 4411 2057 4463 in
2106 4409 2226 4463 loco
2278 4422 2379 4461 nos
2430 4407 2618 4471 sistet,
2680 4421 2804 4459 cum
2867 4412 3286 4475 prosequentem
3344 4398 3577 4462 mentem

323 4530 428 4578 σιν,
455 4490 660 4584 ταύτην
678 4490 781 4570 τού
798 4490 1053 4574 ἐπέκεινα
1082 4490 1283 4593 δρόμου
1323 4490 1644 4595 ποιούμενον
1677 4529 1854 4599 ἀρχήν
1878 4547 1891 4593 ;

2010 4508 2198 4554 natura
2225 4514 2324 4552 sua
2354 4513 2573 4567 semper
2602 4505 2924 4561 antevertat,
2956 4507 3011 4553 et
3040 4490 3205 4567 quam
3239 4499 3385 4553 illius
3420 4499 3579 4568 quie-

327 4626 343 4657 ι
383 4603 488 4661 Ἦν
541 4603 635 4661 οὖν
678 4611 706 4663 6
760 4610 933 4679 Λόγος
962 4613 1021 4665 ὲν
1060 4614 1223 4685 ἀρχῇ,
1258 4636 1277 4669 ι
1307 4617 1451 4671 τοῦτ’
1502 4618 1670 4683 ἔστιν,
1708 4619 1784 4683 ὡς
1839 4623 1898 4675 ὲν

319 4700 463 4770 ἀρχῇ
494 4703 559 4772 τῇ
586 4702 679 4754 ἐπὶ
708 4702 907 4768 πάντα,
934 4705 1031 4758 καὶ
1059 4705 1119 4771 ὲξ
1162 4708 1331 4779 αὐτῆς
1358 4710 1620 4782 ὑπάρχων
1649 4713 1893 4779 φυσικῶς

318 4792 380 4844 τὸ
404 4791 719 4847 δεσποτικὸν
747 4793 886 4864 ἔχων
925 4794 1163 4867 ἀξίωμα.
1192 4800 1255 4853 Εί
1273 4800 1329 4854 δὲ
1353 4801 1511 4856 τοῦτο
1538 4802 1755 4876 ἀληθὲς,
1779 4805 1895 4870 πῶς

317 4882 399 4935 ἔτι
451 4884 697 4954 γενητὸς,
732 4887 764 4958 ἢ
800 4888 1199 4960 πεποιημένος;
1239 4892 1412 4947 Ὅπου
1446 4895 1501 4948 δὲ
1542 4896 1764 4962 ὅλωςκτδ
1791 4897 1891 4966 ἦν,

320 4974 463 5030 κατὰ
483 4976 605 5029 τίνα
632 4978 831 5048 τρόπον
873 4980 935 5034 τὸ
994 4983 1113 5036 οὐκ
1167 4978 1243 5053 ἦν
1286 4986 1636 5060 είσὸήσεται;
1674 4989 1706 5061 ἢ
1743 4992 1898 5043 ποῖον

324 5061 435 5129 ἔξει
458 5064 642 5121 λοιπὸν
668 5068 759 5123 τὸν
787 5071 927 5126 κατὰ
951 5073 1047 5126 τοῦ
1076 5074 1205 5128 Υίοῦ
1240 5077 1431 5145 τόπον;
1683 5078 1688 5086 ’

914 5362 1166 5418 ΚΕΦΑΛ.
1209 5364 1287 5418 B'.

314 5444 566 5533 "ortv.ng
603 5448 1226 5533 G'sdq‘rfateupodmoc
1254 5453 1336 5533 τῷ
1387 5456 1893 5533 Πατριλύπᾴρχων

383 5516 419 5635 ἓ
439 5516 689 5654 magis
724 5518 844 5586 ιδίςι
866 5516 1039 5577 ἐστίν
1062 5516 1420 5594 ὑποάτάὶνει,
1453 5516 1671 5600 δροίως
1706 5516 1893 5590 sm:

604 5677 711 5731 Καὶ
741 5682 774 5732 ό
801 5681 990 5766 ᾼόγος
1012 5679 1088 5754 ἧν
1125 5688 1275 5755 πρὸς
1306 5690 1409 5745 τὸν
1440 5693 1607 5747 Θεόν.

383 5765 591 5819 Ἒωλον
640 5767 739 5839 ήδη
790 5772 882 5824 καὶ
939 5773 1035 5843 τῆς
1089 5777 1343 5848 ἀληθείας
1400 5782 1885 5860 ἀποσφαλλομένην

389 5898 429 5937 ⁸⁸
462 5899 621 5963 Prov.
651 5904 878 5968 “1,12.

1999 4599 2106 4647 tem
2146 4604 2269 4645 esse
2311 4590 2625 4659 putaveris,
2673 4589 2815 4643 hanc
2858 4588 3141 4643 ulterioris
3178 4603 3379 4645 cursus
3414 4588 3579 4645 faciat

1998 4680 2249 4739 initium?
2285 4698 2304 4733 ι
2336 4680 2464 4735 Erat
2502 4700 2520 4733 ι
2556 4680 2723 4751 igitur
2760 4699 2778 4731 ι
2810 4680 3049 4736 Verbum
3099 4681 3155 4736 in
3204 4683 3509 4752 principio,
3551 4703 3579 4735 ι

2001 4776 2107 4831 hoc
2137 4785 2251 4840 est,
2299 4774 2353 4827 in
2390 4780 2662 4843 potestate
2694 4788 2816 4843 quae
2853 4780 2937 4828 est
2982 4790 3147 4843 supra
3183 4775 3385 4838 omnia,
3429 4782 3481 4829 et
3509 4790 3577 4829 ex

1998 4870 2118 4941 ipsa
2163 4869 2436 4925 exsistens
2491 4865 2853 4931 naturaliter,
2909 4863 3235 4933 Dominique
3288 4866 3576 4932 majestate

1999 4961 2308 5031 praeditum.
2360 4958 2518 5026 Quod
2547 4958 2593 5011 si
2630 4958 2704 5011 ita
2736 4965 2855 5020 est,
2893 4958 3171 5025 quomodo
3206 4967 3427 5012 creatus
3478 4958 3573 5011 de-

2004 5062 2290 5108 mum'aut
2336 5053 2515 5106 Iactus
2540 5050 2683 5104 erit?
2715 5047 2819 5104 Uhi
2844 5048 3082 5119 denique
3134 5048 3264 5102 illud
3314 5058 3430 5101 erat
3468 5049 3570 5105 alie-

1999 5161 2113 5217 quo
2136 5144 2297 5201 modo
2323 5160 2425 5198 non
2454 5151 2590 5206 erat,
2621 5141 2800 5202 inibit.
2831 5147 2926 5195 aut
2952 5155 3113 5209 quem
3142 5137 3363 5192 tandem
3391 5139 3570 5194 locum

2002 5234 2226 5292 habebit
2256 5236 2309 5289 in
2342 5232 2519 5287 Filio?

2659 5319 2813 5375 CAP.
2848 5319 2912 5373 Il.

1998 5437 2246 5509 Quodhet
2288 5434 2465 5509 Deus,
2514 5441 2563 5509 et
2610 5426 3272 5509 consubstantialis'ﬂqtri
3312 5446 3427 5483 cum
3497 5432 3566 5483 sit

2066 5507 2267 5571 Filius,
2289 5506 2345 5559 in
2373 5504 2591 5573 propria
2619 5511 2696 5557 est
2727 5499 3021 5570 hypostasi,
3046 5499 3290 5553 similiter
3314 5511 3487 5553 autem
3517 5512 3563 5553 et

2064 5577 2254 5633 Pater.

2244 5686 2285 5753 Ι,
2328 5686 2380 5741 1.
2424 5688 2490 5739 Ει
2539 5681 2765 5737 Verbum
2796 5691 2913 5737 erat
2953 5681 3090 5753 apud
3130 5681 3319 5737 Deum.

2063 5782 2197 5837 Cum
2248 5780 2463 5836 inanem
2502 5783 2555 5831 et
2588 5775 2836 5834 veritatis
2875 5784 3151 5848 expertem
3206 5775 3422 5831 illorum
3471 5770 3563 5827 mli
