4168 6532
558 352 627 413 31
1594 359 1652 414 S.
1689 358 1965 415 CYRILLI
1996 355 2473 447 ALEXANDRlNl
2521 358 2841 416 ARCHIEP.
3765 349 3834 403 52

561 473 670 529 ista
716 474 964 529 sentiunt
1009 474 1346 531 ineruditam
1381 483 1621 532 mentem
1673 477 1809 533 satis
1866 489 2130 546 superque

2243 478 2527 544 ἀποδείξας
2567 479 2768 542 ἱκανῶς
2792 476 2895 551 τὴν
2920 474 3109 546 ἀμαθῆ
3141 472 3248 526 τῶν
3278 470 3461 524 ἐκεῖνα
3500 467 3830 533 δοξαζόντων

556 566 670 637 jam
700 566 1033 632 ostenderit,
1073 575 1128 623 et
1168 568 1252 624 his
1282 568 1528 633 vocibus,
1568 589 1586 622 ι
1625 568 1684 625 In
1713 569 1982 641 principio
2017 578 2130 624 eral

2248 565 2506 631 διάνοιαν,
2550 566 2644 621 καὶ
2697 565 2793 630 διὰ,
2836 562 2929 619 τοῦ
2986 564 3184 627 εἰπεῖν,
3225 581 3242 614 ι
3285 560 3374 613 Ἐν
3399 560 3542 630 ἀρχῇ
3573 553 3643 629 ἦν
3670 560 3698 611 6
3726 557 3829 611 A6-

562 654 828 721 Verbum,
876 676 895 710 ι
937 671 1155 712 omnem
1205 658 1417 715 aditum
1460 662 1796 730 praecluserit
1850 662 1918 717 iis
1964 662 2058 732 qui
2110 676 2130 717 ε

2246 676 2362 729 γος,
2413 678 2431 711 ι
2480 660 2661 714 πᾶσαν
2706 657 3040 720 ἀποκλείσας
3095 653 3446 727 παρείσδυσιν
3473 654 3587 715 τοῖς
3634 649 3695 715 ἐξ
3732 652 3831 704 οὑκ

562 748 737 803 nihilo
765 747 960 803 Filium
1006 766 1126 807 esse
1159 752 1371 814 dicunt,
1397 769 1729 825 omnemque
1763 770 1953 810 eorum
1983 755 2140 810 vani-

561 848 727 894 tatem
763 843 950 912 paucis
979 844 1260 907 everterit,
1287 843 1451 897 aliam
1487 844 1723 898 vicinam
1750 860 1814 900 ac
1842 844 2139 899 admodum

562 946 876 1000 perversam
913 933 1166 987 haeresim
1195 934 1513 1004 aggreditur
1544 952 1557 988 :
1590 945 1644 990 et
1678 936 2139 1005 quemadmodum

558 1020 738 1077 bonus
766 1037 829 1076 ac
858 1023 1170 1079 laboriosus
1204 1024 1533 1079 hortulanus
1563 1024 1744 1096 ligone
1772 1033 1827 1080 et
1863 1026 2142 1082 laboribus

448 1116 453 1121 '
559 1113 886 1175 oblectatur,
928 1116 1253 1185 lumbosque
1292 1118 1654 1188 praecinctus,
1690 1126 1745 1173 et
1793 1134 1903 1189 quo
1932 1134 2031 1189 par
2056 1126 2142 1175 est

559 1206 760 1274 agresti
801 1206 991 1261 habitu
1044 1208 1304 1271 indutus.
1359 1225 1579 1265 omnem
1637 1225 1795 1265 suam
1842 1226 2031 1266 curam
2084 1212 2137 1266 in

558 1297 846 1365 purgando
878 1297 1061 1363 horto,
1084 1307 1139 1354 et
1169 1298 1520 1355 eradicandis
1546 1301 1720 1371 spinis
1747 1302 1921 1370 ponit,
1950 1301 2140 1354 aliam-

557 1402 664 1458 que
691 1398 815 1460 post
848 1390 1013 1443 aliam
1055 1407 1249 1446 eruere
1289 1409 1396 1446 non
1429 1402 1628 1455 cessat,
1659 1402 1714 1447 et
1746 1392 2139 1448 circumeundo

555 1481 720 1536 rastri
748 1481 910 1538 dente
938 1498 1161 1538 versare
1192 1484 1238 1539 si
1268 1483 1400 1553 quid
1447 1493 1526 1540 est
1557 1485 1780 1539 noxium
1811 1504 1823 1540 :
1854 1486 1935 1541 sic
1966 1486 2132 1541 etiam

555 1572 749 1628 beatus
781 1572 1044 1640 Joannes,
1082 1575 1291 1639 vivens,
1326 1584 1380 1630 et
1413 1576 1626 1643 eilieax,
1662 1585 1717 1631 et
1753 1577 1853 1647 15
1881 1579 2138 1633 acutissi-

555 1679 705 1719 mum
738 1664 832 1721 Dei
864 1666 1094 1729 verbum
1144 1667 1201 1721 in
1237 1676 1423 1723 mente
1463 1684 1692 1739 gerens,
1725 1679 1779 1725 et
1823 1672 2139 1727 acutissime

2244 752 2410 806 ὄντων
2439 747 2578 806 εῖναι
2609 750 2827 820 λέγουσι⁹
2855 751 2947 804 τὸν
2980 748 3131 811 Υἱὸν,
3172 748 3265 801 καὶ
3299 747 3481 800 πᾶσαν
3514 743 3694 798 αὑτῶν
3735 744 3832 813 τὴν

2242 843 2302 901 ὲν
2331 842 2543 905 τούτοις
2561 841 2925 910 είκαιολογίαν
2947 839 3238 909 ἀποτόμως
3271 834 3563 907 περιελὼν,
3603 834 3686 903 ἐφ’
3716 833 3831 887 ἑτέ-

2244 951 2343 1005 ραν
2371 933 2586 1004 ἔρχεται
2625 932 2846 1002 γείτονά
2879 949 2940 985 τε
2974 930 3069 985 καὶ
3100 928 3560 1000 δυστροπωτάτην
3591 926 3825 997 αἵρεσιν

2241 1026 2336 1080 καὶ
2362 1024 2557 1098 ὥσπερ.
2579 1026 2646 1080 ἂν
2678 1024 2843 1089 εἴτις
2885 1022 3106 1095 ἄριστός
3156 1039 3217 1075 τε
3247 1020 3384 1091 ὁμοῦ
3422 1019 3514 1073 καὶ
3549 1016 3831 1089 τληπαθὴς

2241 1118 2562 1191 φυτουργὸς,
2592 1120 2704 1182 τοῖς
2724 1118 2827 1189 μὲν,
2854 1116 2948 1171 ἐπὶ
2980 1119 3047 1188 τῇ
3077 1115 3297 1188 δικέλλῃ
3340 1114 3436 1167 καὶ
3472 1111 3617 1184 μάλα
3643 1110 3707 1181 δὴ
3734 1111 3830 1163 πό-

2239 1227 2349 1274 νοις
2368 1210 2638 1281 ὲφήδοιτο,
2653 1207 3091 1281 περιεζωσμένος
3119 1207 3176 1260 δὲ
3198 1205 3295 1277 τὴν
3325 1204 3522 1274 ὀσφὺν,
3541 1203 3638 1257 καὶ
3654 1202 3728 1267 ὡς
3750 1200 3828 1254 ενι

2242 1302 2476 1372 μάλιστα
2506 1304 2619 1363 τοῖς
2652 1300 2804 1372 αὑτῷ
2851 1300 3169 1371 πρέπουσιν
3199 1297 3649 1370 ἀγροικιζόμενος
3693 1294 3828 1363 σχή-

2242 1410 2396 1465 μασι,
2421 1394 2601 1449 πᾶσαν
2628 1396 2833 1448 ποιοῖτο
2866 1392 3123 1463 σπουδὴν,
3149 1391 3247 1461 τῆς
3271 1389 3330 1458 ἐξ
3356 1387 3607 1445 ἀκανθῶν
3638 1385 3827 1457 ἀηδίας

2240 1485 2532 1557 ἐλευθέραν
2571 1484 2852 1550 ἀποδεῖξαι
2879 1483 2974 1538 τοῦ
3010 1483 3339 1554 παραδείσου
3361 1481 3459 1552 τὴν
3488 1479 3632 1549 ὑψιν,
3660 1476 3828 1546 ἄλλην

2238 1578 2295 1631 δὲ
2330 1579 2414 1632 ἐπ’
2438 1579 2604 1651 ἀλλην
2633 1577 3029 1649 καταστρέφων
3075 1575 3137 1629 οὑ
3180 1573 3436 1637 παύεται,
3490 1573 3586 1626 καὶ
3642 1568 3828 1639 κύκλῳ

2239 1675 2570 1744 περινοστῶν
2592 1676 2679 1727 ἀεὶ
2700 1674 2760 1726 τὸ
2789 1672 2994 1726 λυποῦν
3027 1668 3297 1741 ἀνοχλίζει
3329 1668 3507 1735 ξύλον,
3538 1665 3633 1720 τὸν
3670 1664 3833 1735 σκληοκ

555 1765 722 1827 atque
747 1760 1106 1830 sagacissime
1136 1761 1497 1832 malignitatis
1522 1762 1909 1818 haereticorum
1935 1763 2130 1819 acerba

2242 1766 2333 1837 ρὸν
2369 1766 2557 1820 ὀδόντα
2595 1767 2694 1836 τῆς
2737 1764 2987 1834 δικέλλης
3018 1761 3295 1824 ὑποτιθείς
3317 1780 3329 1791 ’
3367 1759 3510 1813 οὕτω
3540 1758 3638 1813 καὶ
3663 1760 3692 1812 6
3724 1773 3828 1828 μα-

555 1852 799 1920 germina
858 1853 1345 1924 circumspiciens,
1385 1854 1452 1910 ad
1503 1869 1567 1911 ea
1600 1860 1807 1913 cursim
1861 1858 2130 1928 quodam-

2239 1830 2428 1929 κάριος
2444 1830 2725 1929 Ἰωάννης,
2760 1856 2851 1910 τὸν
2887 1830 3087 1920 ζῶντα,
3112 1853 3205 1908 καὶ
3230 1852 3447 1925 ὲνεργῆ,
3467 1850 3564 1905 καὶ
3582 1850 3828 1921 τομώτα-

556 1944 721 1999 modo
754 1944 959 2010 fertur,
1007 1961 1071 2001 ac
1123 1947 1309 2002 statim
1357 1949 1508 2004 omni
1555 1966 1617 2005 ex
1666 1958 1824 2020 parte
1874 1951 2131 2016 succidit,

555 2037 968 2107 lectoribusque
1002 2038 1121 2094 suis
1154 2038 1374 2094 tuendae
1402 2048 1568 2095 rectae
1600 2040 1723 2097 fidei
1758 2041 1978 2097 modum
2005 2059 2137 2115 sup-

555 2128 785 2196 peditat.
818 2126 954 2183 Vide
982 2128 1129 2184 enim
1172 2145 1370 2184 rursus
1411 2130 1652 2187 hominis
1695 2142 1889 2187 sancto
1924 2132 2133 2203 Spiritu

556 2220 720 2274 aﬂlati
766 2221 1142 2292 prudentiam.
1193 2221 1392 2277 Docuit
1436 2230 1599 2277 antea
1642 2221 1882 2279 Verbum
1914 2238 2039 2280 esse
2075 2224 2135 2283 in

556 2312 855 2383 principio,
891 2313 998 2369 hoc
1049 2322 1133 2368 est
1188 2313 1241 2368 in
1274 2312 1385 2369 Deo
1423 2323 1476 2370 et
1515 2314 1706 2379 Patre,
1752 2325 1813 2371 ut
1865 2317 2130 2373 diximus.

555 2401 690 2455 Cum
754 2412 939 2456 autem
995 2411 1177 2458 mente
1232 2404 1748 2475 perspieaeissimus
1802 2415 1980 2474 esset,
2030 2423 2131 2464 nec

556 2493 856 2563 ignoraret,
883 2502 943 2549 ut
979 2495 1239 2551 credibile
1279 2505 1387 2563 est,
1412 2498 1761 2552 suborituros
1797 2499 2012 2570 aliquos
2036 2502 2131 2571 qui

556 2601 665 2656 praa
703 2588 875 2640 multa
912 2587 1222 2657 ignorantia
1262 2588 1510 2643 dicerent
1566 2605 1736 2643 unum
1786 2598 1839 2645 et
1877 2591 2127 2647 eumdem

557 2690 674 2731 esse
729 2674 950 2729 Patrem
998 2690 1061 2729 ac
1113 2674 1337 2739 Filium,
1387 2682 1441 2731 et
1494 2679 1817 2734 nominibus
1867 2680 2134 2737 duntaxat

557 2774 797 2822 sanctam
831 2764 1164 2822 Trinitatem
1195 2766 1624 2837 distinguerent,
1660 2785 1761 2825 nec
1796 2772 1849 2824 in
1890 2772 2139 2842 propriis,

2236 1965 2326 2002 τον
2353 1947 2447 2001 τοῦ
2476 1948 2611 2001 Θεοῦ
2643 1948 2800 2017 λόγον
2841 1950 2898 2000 ὲν
2937 1945 3147 2017 διανοίᾳ
3195 1944 3399 2014 φορῶν,
3436 1942 3827 2007 ὀξυωπέστατά

2231 2058 2291 2094 τε
2322 2041 2416 2093 καὶ
2441 2042 2837 2111 νουνεχέστατα
2870 2040 2967 2111 τῆς
2989 2038 3099 2092 τῶν
3133 2035 3591 2107 ἐτεροδοξοὺντων
3622 2034 3825 2098 κακίας

2233 2132 2301 2186 τά
2354 2134 2525 2204 πικρά
2575 2131 2888 2204 περιαθρῶν
2940 2130 3317 2201 βλαστήματα,
3368 2126 3650 2198 μονονουχὶ
3688 2124 3825 2196 πρὸς

2232 2225 2374 2280 αὑτὰ
2402 2224 2658 2295 δρομαῖος
2680 2223 2921 2294 ἔρχεται,
2946 2222 3041 2276 καὶ
3063 2221 3360 2291 ἀποτέμνει
3383 2218 3596 2291 γοργῶς
3617 2234 3825 2271 παντα-

2232 2320 2407 2390 χόθεν,
2437 2322 2549 2382 τοῖς
2602 2316 3009 2386 ἐντευξομένοις
3062 2317 3174 2377 τοῖς
3208 2310 3376 2366 αὑτοῦ
3426 2310 3822 2380 συγγράμμασι

2229 2412 2291 2465 τὸ
2312 2414 2370 2466 ὲν
2399 2411 2531 2483 ὀρθῇ
2576 2412 2643 2481 τῇ
2678 2409 2861 2462 πίστει
2919 2405 3283 2476 φυλάττεσθαι
3349 2401 3652 2475 προξενῶν.
3712 2400 3822 2453 Θέα

2230 2503 2338 2575 γάρ
2366 2504 2430 2574 δὴ
2452 2501 2613 2559 πάλιν
2628 2500 2724 2556 τοῦ
2751 2497 3203 2571 πνευματοφόρου
3227 2496 3321 2567 τὴν
3341 2495 3526 2564 ν’ἡψιν·
3552 2491 3820 2556 Ἐδίδαξεν

2229 2596 2287 2649 ὲν
2320 2596 2433 2657 τοῖς
2480 2589 2864 2663 προλαϐοὖσιν,
2914 2587 2991 2651 ὡς
3019 2582 3087 2658 ἦν
3117 2588 3145 2639 6
3170 2585 3342 2652 Λόγος
3380 2585 3439 2637 ὲν
3472 2582 3636 2652 ἀρχῇ,
3677 2577 3819 2633 τοῦτ’

2229 2686 2397 2749 ἐστιν,
2425 2688 2482 2738 ὲν
2510 2684 2588 2756 τῷ
2628 2683 2748 2754 Θεῷ
2798 2682 2892 2735 καὶ
2933 2680 3128 2747 Πατρὶ,
3178 2676 3431 2747 καθάπερ
3492 2676 3819 2745 εἰρήκαμεν.

2241 2780 2459 2851 Ἐπειδὴ
2474 2780 2529 2833 δὲ
2558 2777 2620 2832 τὸ
2642 2778 2741 2846 τῆς
2760 2773 2999 2836 διανοίας
3024 2771 3178 2842 όμμα
3203 2769 3614 2839 πεφωτισμένον
3649 2765 3816 2836 ἔχων,

552 2858 942 2930 nypostasibus
985 2874 1110 2915 esse
1156 2859 1557 2922 concederent.
1608 2868 1667 2916 ut
1708 2861 1870 2917 Pater
1905 2865 2128 2933 quidem

2233 2876 2326 2928 οὑκ
2350 2871 2557 2942 ἠγνόει,
2576 2869 2715 2923 κατά
2745 2867 2805 2921 τὸ
2841 2864 3010 2928 εἰκὸς,
3025 2863 3099 2926 ῶς
3127 2859 3523 2932 ἀναστήσονται
3552 2874 3722 2921 τινες,
3755 2858 3821 2910 ὲκ

552 2964 744 3004 revera
798 2950 1136 3021 intelligatur
1161 2950 1348 3015 Pater,
1386 2968 1495 3007 non
1537 2951 1711 3009 Filius
1742 2974 1754 3009 :
1789 2953 1963 3011 Filius
1998 2957 2126 3012 item

2233 2962 2429 3032 πολλῆς
2490 2958 2730 3030 ἀμαθίας
2762 2956 2861 3010 ἕνα
2906 2953 3001 3007 καὶ
3036 2951 3127 3005 τὸν
3187 2948 3348 3003 αὑτὸν
3389 2944 3526 3001 εἶναι
3568 2947 3821 3015 λέγοντος

548 3054 673 3095 esse
704 3040 926 3111 proprie
955 3039 1149 3103 Filius,
1170 3056 1234 3095 ac
1263 3058 1370 3097 non
1392 3040 1576 3106 Pater,
1609 3052 1667 3099 ut
1693 3061 1755 3099 ex
1785 3046 1861 3101 rei
1895 3047 2129 3104 veritate

2233 3054 2447 3125 Πατέρα
2509 3053 2603 3104 καὶ
2656 3049 2805 3113 Υἱὸν,
2856 3046 2950 3100 καὶ
3016 3045 3177 3116 μόνον
3228 3040 3458 3111 ὀνόμασι
3509 3038 3609 3110 τὴν
3658 3036 3821 3106 ἀγίιν

548 3134 866 3189 necessario
924 3133 1203 3189 fatendum
1270 3136 1432 3191 nobis
1478 3144 1584 3201 est,
1641 3138 1808 3193 etiam
1864 3141 2128 3199 adversus

2233 3148 2440 3218 Τριάδα
2465 3142 2887 3203 διαστέλλοντες,
2931 3141 2987 3192 ὲν
3017 3138 3076 3192 δὲ
3114 3134 3477 3190 ὑποστάσεσιν
3513 3132 3717 3233 ίδικαῖς
3753 3131 3818 3183 οὑ

549 3226 692 3280 hanc
723 3225 976 3281 haeresim
1019 3227 1176 3295 quasi
1205 3226 1318 3296 jam
1362 3239 1474 3283 tum
1517 3230 1835 3296 excitatam,
1870 3243 1964 3289 aut
1992 3235 2125 3290 olim

2234 3237 2643 3311 συγχωροῦντες
2662 3234 2950 3305 ὑπάρχειν,
2973 3231 3040 3285 ἵν’
3059 3231 3088 3283 6
3112 3228 3303 3299 Πατὴρ
3323 3229 3421 3296 μὲν
3437 3225 3605 3289 ὅντως
3627 3223 3822 3295 νοῆται

548 3316 792 3372 futuram
841 3327 1107 3381 armatur.
1158 3320 1406 3390 adeoque
1453 3321 1523 3376 ad
1566 3322 1713 3377 illam
1751 3327 2125 3395 evertendam,

2233 3335 2442 3405 Πατὴρ,
2473 3331 2568 3385 καὶ
2617 3329 2716 3399 οὑχ
2768 3326 2895 3389 Υἱός
2919 3341 2946 3364 ’ς
2988 3323 3119 3385 Υίὸς
3150 3321 3195 3375 δ’
3236 3316 3303 3381 αὖ
3350 3318 3512 3373 πάλιν
3551 3316 3819 3387 ὑπάρχειν

550 3405 637 3458 his
683 3404 887 3467 verbis,
920 3423 939 3455 ‹
996 3405 1052 3459 In
1100 3407 1374 3478 principio
1419 3418 1537 3465 erat
1576 3410 1836 3480 Verbum,
1886 3436 1905 3469 ι
1941 3419 2125 3476 statim

2234 3404 2399 3489 ἰδίως
2426 3426 2455 3478 6
2502 3422 2652 3486 Υἱὸς,
2704 3420 2799 3473 καὶ
2854 3417 2915 3471 οὑ
2949 3414 3173 3486 Πατὴρ,
3199 3413 3391 3482 ὥσπερ
3421 3407 3516 3465 οὖν
3540 3410 3636 3463 καὶ
3666 3411 3695 3462 6
3719 3408 3819 3477 τῆς

549 3494 824 3566 adiungit,
856 3514 875 3548 ι
910 3498 975 3551 Ει
1013 3496 1247 3554 Verbum
1296 3513 1412 3556 erat
1440 3503 1580 3574 apud
1623 3504 1827 3569 Deum,
1864 3527 1881 3559 ι
1921 3510 2127 3581 ubique

549 3587 708 3648 illud,
739 3597 874 3655 erat,
914 3592 1232 3646 necessario
1267 3592 1533 3656 inferens,
1567 3606 1791 3667 propter
1820 3604 2130 3669 generatio-

550 3696 674 3735 nem
710 3681 908 3751 ipsius,
939 3698 1064 3753 qua:
1090 3692 1175 3739 est
1200 3694 1329 3740 ante
1360 3689 1581 3741 saecula.
1614 3688 1695 3744 Ex
1720 3706 1787 3745 eo
1818 3708 1948 3749 vero
1978 3696 2127 3764 quod

548 3772 722 3827 dicit:
752 3791 772 3824 ι
808 3775 875 3829 Ει
905 3774 1143 3831 Verbum
1170 3785 1287 3832 erat
1318 3779 1460 3848 apud
1491 3779 1682 3847 Deum,
1722 3801 1741 3835 ι
1775 3800 1943 3839 unum
1966 3788 2130 3858 quid-

548 3864 673 3919 dam
698 3864 865 3936 idque
894 3882 991 3938 per
1013 3884 1072 3925 se
1100 3869 1415 3927 subsistens
1446 3870 1644 3929 Filium
1672 3876 1931 3942 ostendit,
1959 3880 2126 3936 alium

503 3970 507 3976 ·
548 3963 733 4013 autem
789 3975 986 4017 rursus
1021 3978 1147 4018 esse
1181 3962 1348 4018 Deum
1399 3981 1462 4021 ac
1502 3965 1742 4033 Patrem,
1789 3972 1931 4040 apud
1963 3989 2125 4043 quem

548 4060 667 4104 erat
722 4046 988 4107 Verbum.
1042 4054 1332 4121 Quomodo
1383 4058 1552 4122 enim,
1606 4063 1828 4125 amabo,
1877 4063 1931 4119 id
1979 4066 2128 4136 quod

551 4154 719 4194 unum
770 4156 999 4198 numero
1038 4153 1155 4207 est,
1212 4147 1390 4217 ipsum
1427 4149 1568 4220 apud
1614 4154 2005 4223 semetipsum,
2043 4159 2128 4214 vel

548 4230 606 4285 in
654 4234 954 4303 semetipso
1005 4236 1276 4293 exsistere
1327 4242 1691 4298 censebitur?
1734 4244 1840 4300 Sed
1895 4247 2129 4306 inscitia:

546 4324 707 4395 plena
737 4336 1083 4397 compertum
1110 4330 1177 4384 iri
1214 4346 1337 4401 qua:
1369 4334 1437 4388 de
1465 4334 1551 4390 his
1582 4335 1820 4392 haeretici
1852 4346 2125 4409 statuunt,

543 4418 790 4488 posthaec
824 4418 1055 4476 inferius
1091 4422 1439 4489 docebimus,
1465 4426 1557 4482 ubi
1584 4430 1815 4498 quaestio
1846 4433 1935 4487 illa
1958 4450 2127 4493 aecu-

543 4516 664 4562 rate
694 4510 1087 4580 perpendetur.

2229 3516 2486 3589 ἀληθείας
2515 3512 2626 3584 ἔχει
2653 3511 2830 3580 λόγος·
2855 3507 3166 3577 ἀναγκαίως
3184 3504 3280 3559 καὶ
3303 3504 3438 3573 πρὸς
3468 3501 3693 3571 ταύτην,
3741 3499 3818 3563 ὡς

2233 3606 2631 3679 έπισπαρεϊσαν
2687 3605 2786 3675 lat.
2842 3601 2937 3656 ἐπὶ
2996 3595 3300 3670 παροῦσαν]
3334 3596 3436 3666 ἥδη
3481 3594 3603 3647 κατ’
3639 3593 3819 3646 έκεῖνο

2231 3700 2447 3773 καιροῦ,
2474 3699 2568 3753 καὶ
2604 3695 2992 3765 κεκινημένην,
3033 3692 3079 3763 ἢν
3121 3693 3227 3746 καὶ
3269 3687 3487 3743 ἔσεσθαί
3520 3703 3650 3739 ποτε
3690 3684 3819 3755 μέλ-

2230 3791 2547 3863 λουσαντὴν
2571 3791 2780 3863 αἵρεσιν
2812 3784 3181 3852 ἐξοπλίζεται,
3196 3782 3293 3837 καὶ
3322 3782 3387 3851 δὴ
3427 3779 3565 3851 πρὸς
3594 3776 3819 3848 ἀναίρε-

2233 3902 2317 3939 σιν
2369 3884 2539 3954 αὑτῆς
2585 3879 2948 3953 παρατίθησιν
2979 3876 3141 3940 εὐθὺς
3166 3873 3266 3944 τῷ,
3304 3894 3321 3923 ι
3370 3874 3477 3925 Ἐν.
3507 3872 3648 3941 ἀρχῇ
3692 3864 3761 3939 ἦν
3789 3870 3819 3921 6

2230 3978 2423 4047 Λόγος,
2456 3996 2473 4028 ι
2503 3975 2583 4040 τὸ,
2619 3993 2636 4025 ι
2666 3973 2775 4026 Καὶ
2812 3974 2839 4025 6
2872 3971 3043 4038 Λόγος
3064 3965 3133 4040 ἦν
3160 3966 3294 4039 πρὸς
3329 3966 3418 4018 τὸν
3442 3964 3593 4017 Θεόν·
3631 3982 3663 4013 ι.
3685 3976 3821 4015 παν-

2229 4071 2366 4141 ταχῆ
2398 4068 2495 4139 μὲν
2530 4067 2591 4120 τὸ
2616 4062 2696 4136 ἦν
2723 4063 3033 4132 ἀναγκαίως
3063 4060 3358 4130 ἐπιφέρων,
3383 4056 3470 4110 διὰ
3499 4056 3598 4126 τὴν
3627 4071 3820 4125 προαι-

2228 4162 2387 4218 ὡνιον
2432 4160 2685 4230 γέννησιν
2733 4156 2918 4210 αὑτοῦ·
2983 4154 3072 4208 διὰ
3115 4153 3170 4207 δὲ
3198 4152 3293 4206 τοῦ
3328 4150 3492 4220 φάναι
3529 4149 3619 4203 τὸν
3648 4148 3820 4217 Λόγον

2229 4252 2359 4307 ὄντα
2396 4250 2533 4321 πρὸς
2555 4249 2707 4311 Θεὸν,
2758 4246 2816 4299 ἓν
2851 4245 2948 4316 μέν
2997 4261 3048 4297 τι
3091 4242 3186 4297 καὶ
3216 4239 3521 4311 ὑφεστηκὸς
3546 4238 3677 4291 αὑτὸ
3697 4237 3818 4291 καθ’

2230 4343 2389 4398 ἑαυτὸ
2417 4342 2508 4395 τὸν
2532 4340 2664 4393 Υίὸν
2686 4334 3167 4396 έπιδεικνὺων,ἓτε
3178 4350 3267 4405 ρον
3293 4333 3349 4385 δὲ
3374 4330 3533 4385 πάλιν
3552 4330 3645 4383 τὸν
3681 4328 3813 4382 Θεὸν

2230 4438 2325 4491 καὶ
2362 4432 2605 4504 Πατέρα,
2665 4429 2803 4501 πρὸς
2845 4428 2904 4481 ὃν
2932 4422 2999 4498 ἦν
3022 4427 3051 4479 6
3071 4424 3265 4494 Λόγος.
3305 4423 3429 4486 Πῶς
3456 4421 3571 4505 γὰρ
3590 4420 3727 4483 ὅλως
3758 4417 3819 4472 τὸ

2234 4528 2293 4583 ἒν
2323 4524 2563 4597 ἀριθμῷ,
2588 4521 2720 4577 αὑτὸ
2752 4518 2888 4590 πρὸς
2917 4516 3100 4578 ἑαυτὸ,
3128 4517 3245 4587 ἦτοι
3275 4531 3348 4566 πα
3361 4514 3405 4583 ρ’
3437 4511 3825 4582 έαυτῷ,νοοίτο,

543 4602 852 4672 ὑπάρχειν;
918 4604 1041 4659 Ὀτι
1098 4605 1154 4659 δὲ
1209 4608 1428 4677 ἀμαθὴς
1481 4615 1593 4677 τοῖς
1643 4615 1940 4687 αἱρετικοτς
2014 4621 2108 4675 καὶ
2173 4622 2202 4675 6
2240 4620 2369 4690 περὶ
2420 4608 2624 4670 τούτων
2669 4610 3025 4682 εὑρεθήσεται
3060 4608 3240 4677 λόγος,
3290 4605 3377 4659 διὰ
3440 4603 3537 4673 τῆς
3584 4604 3641 4654 ὲν
3705 4603 3797 4661 τοῐ.

544 4695 1001 4766 ὑποτεταγμένοις
1016 4697 1247 4770 θεωρίας
1277 4702 1577 4775 διδάξομεν,
1602 4706 1698 4777 τὴν
1724 4709 1829 4763 τῶν
1861 4709 2211 4785 ζητουμένων
2233 4713 2461 4784 βάσανον
2491 4706 2693 4779 ἀκριϐῆ
2726 4702 3107 4773 ποιησάμενοι.

543 4786 941 4870 Demonstratio
971 4805 1089 4842 cum
1117 4798 1443 4870 argumentis
1467 4808 1515 4851 et
1547 4798 1835 4869 Scriptura:
1877 4807 2116 4862 testimo-

2245 4802 2581 4867 ,Απόδειξις
2632 4798 2785 4870 μετὰ
2846 4791 3281 4870 συ.ὶ.ζογιᾳμῶν
3327 4791 3432 4870 aged
3479 4787 3819 4870 μαρτυριῶν

611 4857 716 4944 niis
740 4895 755 4917 .
789 4857 1009 4944 quibus
1039 4857 1346 4944 οέιςειὶίὶιιιν-
1380 4866 1597 4944 Patrem
1643 4857 1697 4925 iii
1723 4857 2118 4944 propriaves'se

612 4927 921 5011 hypostasi,
960 4939 1009 4983 et
1048 4929 1254 5011 Filium
1300 4938 1576 5011 similiter.
1618 4927 1954 5011 quib'uac'um
1979 4927 2118 5003 ὑέιὶξ

611 4998 854 5078 uidelicet
890 5003 1149 5079 deseritur
1180 5017 1394 5061 sanctus
1430 4998 1686 5079 Spiritu},
1723 4998 1842 5069 licet
1878 4998 2120 5073 uilli—(vde

613 5077 729 5135 ipso
756 5082 1028 5139 quwratur
1052 5077 1552 5140 imprmsentiaram.

612 5158 1114 5221 Consubstantialis
1139 5172 1357 5237 quidem
1385 5184 1469 5227 est
1489 5173 1666 5231 Filius
1690 5176 1858 5246 Patri,
1880 5191 1933 5236 et
1961 5181 2121 5239 Pater

542 5251 705 5308 Filio.
755 5254 967 5312 Idcirco
1024 5259 1075 5313 in
1125 5262 1544 5322 similitudinem
1591 5286 1826 5340 prorsus
1870 5276 2118 5332 eamdem

538 5352 766 5411 coeunt,
797 5346 870 5400 ita
916 5356 972 5402 ut
1015 5361 1278 5407 cernatur
1317 5355 1538 5425 quidem
1589 5359 1642 5413 in
1687 5358 1828 5415 Filio
1861 5362 2040 5429 Pater,
2067 5375 2120 5420 et

538 5436 615 5491 in-
632 5434 794 5493 Patre
826 5436 1022 5503 Filius,
1046 5450 1101 5497 et
1125 5445 1268 5499 alter
1297 5447 1352 5500 in
1389 5448 1562 5502 altero
1599 5450 1824 5522 fulgeat,
1854 5456 2116 5522 quemad-

543 5528 767 5583 modum
807 5531 924 5602 ipse
950 5551 1170 5607 quoque
1200 5538 1334 5593 dicit
1365 5541 1568 5595 alicubi
1606 5562 1618 5596 :
1659 5562 1677 5593 ι
1709 5544 1811 5609 Qui
1848 5548 1990 5601 videt
2017 5550 2121 5621 16

543 5637 649 5685 ine,
687 5622 828 5679 videt
862 5633 918 5679 et
952 5625 1192 5683 Patrem.
1233 5649 1251 5681 ι
1284 5628 1417 5685 Item
1455 5650 1466 5685 :
1506 5650 1524 5683 ι
1569 5632 1679 5704 Ego
1720 5635 1771 5688 in
1817 5635 2007 5705 Patre,
2063 5649 2119 5695 et

541 5712 705 5769 Pater
740 5715 793 5769 in
826 5733 911 5771 me
945 5724 1030 5771 est
1060 5718 1126 5772 ".
1169 5738 1186 5769 ›
1217 5718 1283 5771 At
1318 5722 1568 5791 quauivis
1597 5728 1667 5778 sit
1707 5724 1758 5778 in
1793 5722 1980 5791 Patre,
2016 5727 2113 5782 ha-

611 5852 656 5881 ⁸²
683 5849 842 5907 Joau.
875 5870 985 5920 xxv,
1023 5853 1076 5921 9,
1105 5856 1195 5909 “20.

2293 4860 2648 4943 Γραφιθὶὦνξ
2668 4868 2880 4943 ὄτι-καὶ
2972 4860 3175 4943 Πιιτὴρ
3208 4864 3277 4917 ἐν
3321 4861 3436 4943 ἰδίᾳ
3461 4860 3645 4943 ’ἐστὶν
3678 4860 3817 4943 ὑπο-

2295 4927 2645 5003 ἶγᾍὶᾶειλαὶ
2670 4943 2701 4994 ό
2734 4937 2868 5002 Υἱὸς
2886 4927 3193 5001 ὡσαύτιιῖς,
3219 4927 3818 5003 συνθεόλογρυμέιςου

2294 4997 2580 5082 δὴλονότι
2625 5010 2740 5082 τοῦ,
2780 4997 2984 5082 ἀγίοᾳ-
3004 4997 3370 5082 Πιςςῦματος,
3397 5004 3449 5082 εί
3482 5000 3579 5082 καὶ
3606 4997 3817 5081 μηδὲν

2292 5072 2390 5140 ἐπὶ
2439 5082 2544 5137 τοῦ
2587 5072 2885 5151 παρόντος
2916 5072 3248 5142 ἐξετάζοιτο
3290 5072 3422 5141 περὶ
3449 5072 3656 5126 αὐτοῦ.

2306 5173 2623 5246 Ὀμοούσιος
2663 5172 2760 5242 μὲν
2790 5172 2818 5222 6
2842 5168 2967 5231 Υἱὸς
3009 5184 3086 5237 τῳ
3117 5165 3311 5235 Πατρὶ,
3346 5163 3441 5216 καὶ
3465 5163 3492 5215 6
3527 5158 3819 5231 Πατὴρτῴ

2226 5266 2373 5338 Υἱῷ’
2406 5266 2488 5319 διὸ
2518 5264 2583 5336 δὴ
2621 5265 2699 5327 εἰς
2741 5259 3162 5332 ἀπαράλλακτον
3211 5254 3593 5309 ἀναϐαίνουσιν
3637 5251 3817 5321 ὁμοιό-

2224 5373 2385 5428 τητα·
2414 5356 2489 5421 ὡς
2526 5355 2755 5428 ὁρᾶσθαι
2796 5353 2896 5424 μὲν
2926 5353 2985 5405 ὲν
3012 5348 3128 5420 Υἱῷ
3158 5348 3250 5402 τὸν
3286 5345 3528 5417 Πατέρα,
3566 5347 3624 5397 ὲν
3654 5343 3711 5396 δὲ
3739 5342 3817 5413 τῷ

2228 5451 2403 5523 Πατρὶ
2430 5452 2523 5505 τὸν
2572 5450 2721 5513 Υἱὸν,
2747 5448 2842 5500 καὶ¹
2888 5445 2966 5517 τῷ
3008 5444 3180 5514 ἑτέρῳ
3217 5441 3310 5495 τὸν
3338 5440 3525 5510 ἕτερον
3552 5435 3830 5523 ἐναστράον

2227 5562 2409 5608 πτειν,
2434 5542 2577 5597 καθὰ
2599 5542 2692 5595 καὶ
2721 5539 2882 5602 αὑτός
2927 5537 3029 5591 πού
3061 5551 3245 5606 φησιν·
3277 5553 3294 5585 ι
3318 5533 3377 5587 ’0
3402 5530 3664 5604 ἑωρακὼς
3693 5529 3813 5600 ἐμὲ,

2225 5634 2435 5704 ἑώρακε
2476 5634 2565 5688 τὸν
2587 5630 2805 5702 Πατέρα
2833 5647 2955 5702 μου.
2999 5649 3015 5680 ι
3047 5628 3159 5681 Καὶ
3197 5626 3357 5680 πάλιν
3379 5643 3391 5655 ·
3430 5644 3448 5675 ι
3492 5621 3632 5691 Ἐγὼ
3658 5624 3714 5674 ὲν
3740 5620 3817 5692 τῷ

2228 5726 2421 5798 [Ia-:91.
2470 5727 2561 5781 καὶ
2593 5727 2620 5779 6
2656 5723 2848 5794 Πατὴρ
2878 5723 2934 5775 ὲν
2964 5722 3106 5793 ἐμοί.
3138 5741 3156 5773 ι
3200 5718 3340 5773 Ἀλλ’
3373 5719 3419 5771 εί
3456 5716 3548 5770 καὶ
3584 5714 3729 5769 ἔστιν
3759 5714 3815 5767 ὲν
