4168 6586
303 376 372 429 55
1350 371 1415 427 IN
1454 371 1740 430 JOANNIS
1780 366 2235 432 mansurum
2275 333 2484 435 Μαι.
3497 378 3570 433 3t

301 466 379 540 τῷ
412 470 604 542 Πατρὶ.
629 469 742 541 ἔχει
770 470 826 525 δὲ
861 472 1021 527 πάλιν
1045 473 1102 527 ἐν
1132 473 1310 544 ἑαυτῴ
1333 476 1424 527 τὸν
1444 474 1661 546 Πατέρα
1694 473 1885 547 (καλῶς

1996 473 2234 544 beatque
2277 473 2527 530 vicissim
2562 473 2617 527 in
2664 473 2852 544 scipso
2885 472 3131 535 Patrem,
3162 477 3313 526 recte
3342 467 3565 540 quidem

306 560 408 631 μὲν
440 562 600 626 αὑτὸς
620 601 635 627 ,
664 562 915 635 καθάπερ
948 564 1050 635 ήδη
1085 564 1429 637 προείρηται,
1470 567 1605 637 πρὸς
1653 567 1752 638 τὴν
1788 566 1881 621 τοῦ

305 654 666 725 γεννήσαντος
684 655 1148 728 ἀπηκριϐωμένος
1175 658 1391 730 μορφήν
1416 673 1429 688 ·
1454 659 1884 729 ἀπαραποιήτως

300 744 359 798 δὲ
392 745 575 810 πάλιν,
607 746 666 812 ἐξ
694 740 768 800 ὧν
798 750 947 801 ἐστιν
978 748 1139 811 αὐτὸς
1164 751 1221 802 ὲν
1245 750 1422 822 ἑαυτῷ
1441 751 1531 805 τὸν
1550 752 1885 822 γεννήσαντα

304 834 631 908 ζωγραφῶν)
666 854 680 870 ο
715 840 777 893 οὑ
823 839 912 894 διά
937 840 1094 895 τοῦτο
1120 842 1180 895 τὸ
1204 843 1469 915 ὑπάρχειν
1503 843 1649 909 ἰδίως
1683 843 1887 915 ζημιω-

304 925 547 998 θήσεται,
580 928 687 982 οὑδ’
717 925 783 984 αὖ
811 930 975 985 πάλιν
1003 933 1256 988 ἀπολέσει
1290 936 1318 988 6
1345 936 1536 1008 Πατὴρ
1566 936 1626 989 τὸ
1652 936 1886 1005 ὑφεστά-

301 1034 390 1074 ναι
422 1020 541 1074 καθ’
565 1020 757 1077 ἑαυτόν
777 1040 789 1053 ε
814 1024 929 1078 ἀλλ’
974 1024 1150 1097 οὑδὲή
1178 1027 1350 1099 πολλὴ
1377 1028 1497 1083 λίαν
1525 1029 1796 1101 ὲμφέρειά
1826 1047 1884 1084 τε

300 1113 394 1166 καὶ
431 1114 686 1185 ὁμοιότης
705 1116 967 1187 ἀνάχυσίν
1000 1136 1122 1173 τινα
1149 1120 1259 1173 τῶν
1281 1121 1632 1176 ὑποστάσεων
1655 1124 1885 1194 ἐργάσε-

296 1223 410 1272 ται,
438 1209 515 1271 ὡς
563 1207 622 1262 ἓν
652 1210 893 1265 νοεῖσθαι
931 1211 1010 1284 τῷ
1041 1212 1262 1285 ἀριθμῷ
1296 1214 1385 1268 τὸν
1406 1217 1743 1287 γεννήσαντα
1774 1218 1887 1270 Πα-

297 1299 453 1370 τέρα,
477 1302 572 1355 καὶ
602 1302 695 1356 τὸν
728 1303 786 1370 ἐξ
820 1304 984 1358 αὑτοῦ
1023 1305 1351 1378 γεννηθέντα
1382 1307 1509 1360 Υἰόν
1532 1325 1547 1339 ·
1577 1307 1692 1362 ἀλλ’
1720 1311 1753 1379 ή
1787 1309 1886 1380 μὲν

297 1393 567 1465 ταυτότης
591 1394 692 1466 τῆς
726 1396 941 1466 φύσεως
965 1399 1053 1453 ἐπ’
1077 1399 1281 1471 ἀμφοῖν
1306 1399 1792 1472 όμολογηθήσεται,
1827 1402 1886 1455 τὸ

298 1484 356 1540 δὲ
391 1485 536 1551 ἰδίως
575 1487 839 1561 ἑκάτερον
862 1490 1163 1559 ὑφεστάναι
1199 1492 1417 1556 πάντως
1455 1492 1772 1547 ἀκολουθεῖ·
1799 1495 1887 1549 ἵνα

300 1576 394 1631 καὶ
417 1580 445 1632 6
466 1579 657 1652 Πατὴρ
686 1582 856 1645 ὅντως
875 1582 1061 1653 νοῆται
1095 1584 1306 1656 Πατήρ,
1333 1584 1427 1637 καὶ
1454 1584 1483 1637 6
1505 1584 1630 1648 Υἰὸς
1650 1584 1706 1639 δὲ
1736 1585 1881 1649 Υίός.

313 1670 823 1742 Ἐπαριθμουμένου
884 1673 990 1744 γὰρ
1044 1673 1185 1727 οὑτω
1229 1674 1324 1727 καὶ
1363 1673 1883 1748 συνθεολογουμένου

298 1761 392 1816 τοῦ
435 1763 592 1832 ἀγίου
648 1763 964 1834 Πνεύματος
990 1805 1003 1827 ,
1039 1767 1071 1836 ἡ
1111 1766 1245 1834 ἀγία
1292 1766 1386 1822 καὶ
1434 1770 1882 1841 προσκυνουμὲνη

299 1850 467 1924 Τριὰς
481 1855 542 1907 τὸ
576 1856 772 1909 οἰκεῖον
808 1855 921 1923 ἕξει
954 1856 1246 1930 πλήρωμα.

376 1948 605 2003 'AAAO.
636 1948 697 2001 Εἰ
729 1947 895 2012 αὑτός
930 1951 1077 2005 ἐστιν
1108 1953 1137 2005 6
1165 1951 1295 2016 Υἱὸς
1341 1953 1432 2007 καὶ
1460 1953 1649 2026 Πατὴρ
1668 1994 1683 2020 ,
1734 1956 1887 2010 ποῖον

301 2037 414 2109 ἔχει
467 2040 689 2112 λόγονή
739 2041 848 2094 τῶν
885 2041 1165 2114 ὀνομάτων
1212 2043 1462 2118 διαστολή
1498 2063 1512 2112 ;
1544 2047 1606 2100 EI
1653 2049 1728 2118 μὴ
1778 2048 1888 2120 γάρ

297 2130 433 2195 ὅλως
460 2132 770 2204 ἐγέννησεν,
801 2134 885 2187 ἵνα
915 2134 967 2188 τί
991 2135 1237 2191 καλεῖται
1255 2137 1488 2210 Πατήρ;
1516 2139 1641 2201 Πῶς
1671 2139 1728 2193 δὲ
1750 2138 1888 2203 ὅλως

302 2225 447 2291 Υἱὸς,
482 2228 532 2280 εἰ
572 2229 646 2299 μὴ
686 2228 948 2301 ἐγεννήθη
988 2231 1141 2303 παρὰ
1190 2234 1401 2303 Πατρός
1435 2250 1450 2299 ;
1483 2235 1638 2287 Αἰτεῖ
1665 2235 1773 2305 γὰρ
1811 2234 1890 2299 ὡς

259 2317 359 2384 {EE
409 2320 657 2391 ἀνάγκης
705 2320 807 2394 τὴν
856 2321 1116 2395 τοιαύτην
1165 2323 1252 2393 ἐφ’
1300 2325 1512 2389 ἑαυτοῖς
1556 2325 1791 2396 θεωρίαν
1818 2325 1889 2379 τὰ

266 2410 555 2484 ιόνόματα.
598 2413 818 2486 Ἐπειδὴ
848 2414 905 2469 δὲ
938 2417 1298 2489 γεγεννῆσθαι
1343 2418 1434 2472 τὸν
1468 2418 1596 2472 Υἰὸν
1638 2421 1695 2473 αἰ
1745 2418 1887 2474 θεῖαι

297 2502 627 2574 κηρύττουσι
656 2506 891 2579 Γραφαὶ,
938 2512 1033 2564 καὶ
1066 2512 1095 2564 6
1135 2512 1234 2582 τῆς
1278 2511 1539 2583 ἀληθείας
1571 2511 1743 2576 οὑτως
1773 2511 1887 2584 ἔχει

296 2593 454 2663 λόγος
479 2635 495 2660 ,
532 2596 837 2669 ὑφέστηκεν
888 2601 998 2673 ἄρα
1040 2603 1163 2656 καθ’
1196 2604 1408 2659 ἑαυτόν.
1439 2605 1590 2657 Ἐστι
1628 2604 1685 2658 δὲ
1725 2604 1887 2659 πάλιν

299 2684 609 2751 ἰδιαζόντως
645 2690 739 2742 καὶ
766 2692 794 2743 6
822 2691 1035 2764 Πατὴρ,
1060 2694 1218 2764 εἴπερ
1245 2694 1430 2765 ἕτερον
1458 2694 1516 2761 ἐξ
1542 2696 1730 2765 ἑτέρου
1758 2695 1887 2765 φαί-

298 2795 447 2833 νεται
476 2780 539 2834 τὸ
572 2781 910 2853 γεννώμενον
933 2783 1007 2848 ὡς
1033 2784 1169 2856 πρὸς
1199 2785 1260 2838 τὸ
1286 2786 1511 2854 γεννῶν.

377 2962 607 3019 'AAAO.
650 2964 709 3017 '0
757 2964 1025 3036 μακάριος
1074 2964 1308 3032 Παῦλος,
1335 2967 1664 3022 ἐπιστέλλων
1700 2969 1888 3023 Φιλιπ-

300 3055 541 3125 πησίοις,
587 3056 717 3128 περὶ
733 3055 825 3111 τοῦ
862 3057 992 3111 Υἰοῦ
1020 3074 1224 3129 φησιν’
1266 3076 1284 3110 ι
1314 3060 1409 3122 Ὃς
1438 3062 1497 3112 ὲν
1531 3063 1714 3131 μορφῇ
1749 3059 1885 3114 Θεοῦ

298 3146 582 3246 ὑπάρξων,
617 3148 718 3218 οὑχ
747 3149 1039 3219 ἁρπαγμὸν
1063 3151 1308 3221 ἡγήσατο
1337 3150 1399 3202 τὸ
1428 3145 1570 3203 εἶναι
1593 3147 1684 3204 ῐσα
1710 3151 1882 3223 Θεῷ.»
1916 3188 1958 3246 C

297 3235 393 3299 Τίς
419 3232 512 3290 οὖν
551 3236 661 3306 ἀρα
692 3238 841 3291 ἐστὶν
867 3240 894 3290 6
914 3239 1209 3310 ἁρπαγμὸν
1231 3240 1292 3293 οὑ
1317 3239 1553 3312 θελήσας
1578 3243 1888 3314 ήγήσασθαι

296 3326 358 3380 τὸ
401 3321 542 3382 εἶναι
588 3323 683 3381 ἶσα
710 3327 866 3400 Θεῷ;
904 3329 976 3382 Ἢ
1028 3329 1140 3401 γὰρ
1169 3331 1269 3385 οὑκ
1302 3331 1516 3404 ἀνάγκη
1565 3332 1763 3403 λέγειν,
1790 3334 1887 3389 ἕνα

300 3419 400 3491 μέν
430 3438 553 3475 τινα
582 3421 850 3493 ὑπάρχειν
880 3421 974 3475 τὸν
999 3423 1059 3477 έν
1092 3425 1275 3495 μορφῇ
1298 3423 1456 3489 Θεοῦ,
1480 3424 1666 3497 ἕτερον
1695 3426 1751 3480 δὲ
1782 3426 1889 3481 πά-

296 3510 383 3565 λιν
434 3510 525 3566 τδν
557 3504 731 3584 οὗπερ
771 3508 839 3584 ἦν
876 3514 910 3584 ἡ
944 3514 1125 3584 μορφή
1154 3528 1168 3577 ;
1214 3512 1354 3567 Ἀλλ’
1384 3513 1499 3568 ἔστι
1531 3515 1688 3586 δῆλον
1715 3516 1887 3570 ἅπασι

298 3603 394 3657 καὶ
421 3603 877 3675 ὁμολογούμενον.
908 3604 1118 3659 Οὑκοῦν
1151 3605 1249 3676 οὑχ
1277 3605 1338 3659 ’ἐν
1363 3624 1415 3660 τι
1460 3610 1554 3662 καί⁵
1580 3609 1778 3663 ταυτὸν
1810 3609 1888 3681 τῷ

295 3693 517 3767 ἀριθμῷ
572 3697 762 3768 Πατὴρ
806 3697 904 3751 καὶ
948 3696 1097 3762 Υἱὸς,
1120 3697 1235 3752 ἀλλ’
1279 3698 1666 3767 ίδιοσύστατοι,
1694 3702 1789 3755 καὶ
1828 3703 1887 3757 ὲν

295 3785 549 3856 ἀλλήλοις
577 3786 976 3859 θεωρούμενοι,
1008 3788 1152 3844 κατά
1179 3790 1280 3862 τὴν
1327 3791 1637 3863 ταυτότητα
1661 3792 1762 3863 τῆς
1794 3794 1885 3847 οὑ-

296 3879 417 3941 σίας
441 3917 456 3943 ,
487 3880 535 3931 εἰ
570 3880 665 3932 καὶ
705 3873 786 3943 εἷς
828 3880 888 3945 ἐξ
920 3880 1036 3944 ἑνὸς
1057 3924 1070 3944 ,
1102 3883 1167 3935 ὲκ
1202 3882 1414 3953 Πατρὸς
1447 3885 1475 3936 6
1502 3884 1631 3948 Υἰὸς
1658 3884 1881 3958 δηλαδή.

374 4143 602 4198 ἈΛΛΟ.
631 4163 649 4196 ι
698 4144 839 4213 Ἐγὼ
862 4145 957 4198 καὶ
987 4147 1016 4199 6
1041 4146 1231 4217 Πατὴρ
1263 4145 1323 4200 ἓν
1360 4148 1550 4219 ὲσμεν,
1589 4168 1609 4202 ι
1644 4150 1885 4221 ἔφασκεν

291 4239 321 4291 6
360 4238 585 4309 Σωτήρ·
618 4238 693 4301 ὡς
724 4237 882 4304 εἰδὼς
912 4238 1155 4310 δηλονότι
1190 4240 1286 4294 καὶ
1336 4240 1531 4295 ἑαυτὸν
1593 4243 1738 4308 ἰδίως
1783 4245 1885 4315 ὑφ-

293 4331 586 4403 εστηκότα,
615 4332 710 4385 καὶ
742 4332 833 4386 τὸν
862 4332 1086 4403 Πατέρα
1108 4349 1121 4362 ο
1150 4333 1214 4387 Εἰ
1238 4333 1295 4387 δὲ
1331 4333 1408 4405 μὴ
1436 4333 1610 4400 οὕτως
1638 4335 1752 4407 ἔχει
1786 4337 1882 4391 τοῦ

296 4421 621 4493 πράγματος
672 4423 704 4494 ή
747 4421 992 4495 ἀλήθεια,
1018 4426 1073 4476 τί
1128 4422 1203 4495 μὴ
1244 4425 1492 4496 τηρήσας
1528 4428 1597 4497 τῇ
1643 4426 1789 4481 ἐνάδι
1823 4427 1884 4481 τὸ

1988 566 2127 637 ipse,
2158 577 2214 621 ut
2238 567 2396 637 prius
2430 567 2546 636 jam
2579 564 2786 621 dictum
2830 575 2941 633 est,
2969 574 3024 620 et
3059 562 3300 636 perfecte
3347 563 3414 617 ad
3449 561 3567 616 for-

1986 670 2130 711 mam
2166 655 2351 712 Patris
2396 671 2715 727 expressus,
2758 656 3018 727 idemque
3063 653 3474 725 simplicissime
3502 666 3569 706 es

1986 756 2185 802 natura
2218 764 2320 804 sua
2352 750 2469 819 ipse
2503 751 2556 804 in
2594 749 2780 820 seipse
2811 747 3025 803 Patrem
3058 747 3379 818 exprimens
3406 763 3418 799 :
3458 759 3569 799 non

1988 848 2174 896 tamen
2202 841 2414 898 idcirco
2444 844 2680 915 propriae
2703 842 3048 897 exsistentiaa
3070 841 3349 911 jacturam
3383 837 3569 903 faciet,

1988 949 2170 1004 neque
2217 936 2466 991 vicissim
2513 935 2673 991 Pater
2711 949 2809 1006 per
2852 948 2912 989 se
2960 936 3272 990 subsistere
3316 934 3570 998 desinet;
3612 962 3615 967 ‹

1988 1026 2082 1080 sed
2111 1042 2215 1082 nec
2253 1042 2467 1082 summa
2508 1027 2600 1082 illa
2634 1027 2945 1082 similitudo
2983 1025 3369 1083 confusionem
3402 1026 3572 1081 ullam

1990 1115 2388 1187 hypostasibus
2418 1116 2628 1182 sileret,
2667 1118 2741 1171 ita
2778 1125 2837 1171 ut
2874 1123 2985 1172 tina
3028 1132 3118 1172 res
3148 1132 3381 1171 numero
3410 1114 3573 1170 intel-

1988 1207 2189 1278 ligatur
2226 1209 2388 1265 Patcr
2422 1210 2516 1281 qui
2562 1210 2787 1281 genuit,
2823 1218 2879 1266 et
2927 1210 3023 1281 qui
3070 1225 3134 1265 ex
3192 1211 3314 1280 ipso
3349 1225 3380 1280 g
3417 1209 3572 1263 nitus

1988 1309 2075 1356 est
2096 1301 2268 1359 Filius
2301 1323 2315 1358 :
2351 1319 2541 1358 verum
2584 1302 2929 1358 identitatem
2978 1310 3195 1357 natura:
3242 1303 3295 1355 in
3340 1312 3573 1370 utroque

1988 1397 2417 1464 conﬁtebimur,
2482 1408 2538 1453 et
2599 1406 2898 1468 utrumque
2971 1397 3196 1467 proprie
3264 1395 3575 1450 subsistere

1989 1490 2180 1559 utique
2212 1490 2486 1560 sequitur,
2523 1500 2583 1544 ut
2603 1498 2658 1546 et
2677 1490 2842 1546 Pater
2869 1506 2997 1546 vere
3021 1490 3364 1560 intelligatur
3383 1486 3571 1551 Pater,

1988 1592 2041 1635 et
2078 1579 2256 1637 Filius
2303 1598 2431 1638 vere
2468 1580 2666 1638 Filius.
2717 1580 2811 1638 Sic
2857 1583 3004 1638 enim
3044 1589 3472 1647 connumerato,
3519 1586 3574 1635 et

1989 1671 2134 1727 inter
2165 1674 2483 1730 divinitatis
2530 1690 2801 1746 personas
2852 1675 3015 1730 simul
3062 1676 3334 1730 collocato
3379 1683 3574 1729 sancto

1992 1762 2222 1833 Spiritu,
2254 1771 2448 1819 sancta
2483 1772 2538 1819 et
2576 1764 2855 1821 adoranda
2883 1764 3134 1819 Trinitas
3172 1762 3571 1835 plenitudinem

1921 1842 1964 1898 Β
1994 1869 2151 1909 suam
2184 1854 2472 1910 obtinebit.

2061 1943 2293 2002 ALIUD.
2338 1948 2396 2001 Si
2426 1948 2520 2017 qui
2545 1955 2631 2002 est
2660 1944 2854 2012 Filius,
2882 1944 3002 2016 ipse
3022 1960 3246 2016 quoque
3268 1942 3432 1999 Pater
3451 1951 3531 1999 est
3555 1981 3572 2007 ,

1991 2053 2159 2108 quam
2205 2040 2480 2095 rationem
2510 2040 2735 2095 habebit
2775 2040 2868 2093 illa
2914 2040 3199 2094 nominum
3249 2036 3575 2094 distinctio?

1990 2128 2126 2186 Nam
2151 2132 2199 2187 si
2228 2132 2391 2203 plane
2421 2149 2529 2187 non
2564 2133 2773 2204 genuit,
2809 2147 3077 2206 quorsum
3121 2139 3353 2187 vocatur
3382 2128 3576 2185 Pater?

1991 2221 2284 2290 Quomodo
2322 2240 2453 2281 vero
2491 2223 2667 2280 Filius
2703 2237 2807 2290 est,
2841 2225 2885 2280 si
2917 2241 3026 2279 non
3055 2232 3140 2279 est
3170 2239 3200 2278 a
3232 2221 3395 2278 Patre
3416 2221 3573 2293 geni-

1994 2316 2123 2374 tus?
2153 2315 2369 2372 Habent
2398 2318 2545 2372 enim
2594 2319 2651 2372 in
2703 2318 2902 2387 seipsis
2937 2318 3029 2373 illa
3071 2315 3341 2372 vocabula
3371 2328 3575 2370 neces-

1993 2406 2144 2463 sario
2175 2407 2337 2462 talem
2368 2408 2726 2463 intellectum.
2754 2410 2890 2463 Cum
2933 2416 3115 2463 autem
3164 2408 3405 2479 genitum
3450 2420 3576 2462 esse

1990 2496 2190 2553 Filium
2224 2497 2429 2553 divina:
2458 2496 2756 2569 Scripturae
2792 2500 3115 2570 praedicent,
3140 2507 3194 2554 et
3230 2499 3303 2553 ita
3333 2513 3421 2553 res
3447 2511 3575 2552 vere

1991 2590 2065 2648 sit
2100 2608 2115 2645 :
2166 2590 2429 2646 subsistit
2457 2591 2649 2673 utique
2696 2591 2753 2645 in
2795 2592 3001 2662 seipso.
3044 2590 3111 2644 Et
3144 2591 3387 2646 vicissim
3438 2602 3576 2659 quo-

1990 2698 2101 2755 que
2142 2682 2503 2754 singulariter
2532 2690 2618 2738 est
2648 2682 2811 2738 Pater
2848 2701 2862 2737 :
2904 2682 3177 2752 siquidem
3227 2682 3462 2736 alterum
3504 2695 3575 2735 ex

1993 2773 2172 2827 altero
2199 2773 2546 2842 agnoscitur,
2572 2772 2626 2827 id
2650 2771 2798 2843 quod
2827 2783 2909 2827 est
2937 2775 3180 2843 genitum
3211 2772 3479 2828 relatione
3506 2771 3574 2825 ad

1992 2864 2045 2918 id
2073 2864 2220 2935 quod
2254 2864 2466 2935 genuit.

2059 2955 2289 3011 ALIUD.
2333 2957 2536 3013 Beatus
2568 2957 2774 3014 Paulus
2804 2958 2871 3012 ad
2907 2956 3293 3029 Philippenses
3321 2956 3577 3013 scribens

1992 3048 2070 3102 ait
2099 3048 2167 3104 de
2216 3048 2356 3104 Filio
2387 3066 2400 3101 :
2430 3067 2449 3100 ι
2485 3050 2589 3116 Qui
2617 3064 2743 3104 cum
2788 3051 2842 3104 in
2895 3050 3074 3106 I‘orma
3116 3049 3209 3104 Dei
3257 3060 3427 3115 esset,
3465 3063 3576 3103 non

1992 3141 2243 3211 rapinam
2282 3142 2592 3196 arbitratus
2618 3150 2703 3197 est
2746 3157 2869 3197 esse
2899 3157 2959 3196 se
2987 3142 3257 3211 aequalem
3296 3139 3412 3195 Deo
3439 3140 3506 3193 ³³.
3550 3160 3568 3191 ι

1991 3232 2130 3299 Quis
2171 3240 2258 3289 est
2304 3233 2476 3305 igitur
2522 3234 2613 3289 ille
2658 3235 2751 3305 qui
2800 3234 3052 3305 rapinam
3098 3234 3277 3289 noluit
3318 3233 3575 3287 arbitrari

1988 3339 2116 3382 esse
2162 3340 2222 3382 se
2260 3327 2526 3398 aequalem
2556 3325 2709 3381 Deo?
2740 3326 3016 3397 Numquid
3047 3329 3194 3381 enim
3237 3341 3465 3382 necesse
3493 3334 3578 3381 est

1989 3416 2217 3485 dicere,
2291 3435 2461 3474 unum
2520 3418 2816 3489 quemdam
2877 3424 3150 3476 exsistere
3213 3419 3311 3491 qui
3376 3420 3450 3477 sit
3518 3420 3577 3475 in

1990 3508 2168 3564 forma
2219 3509 2349 3578 Dei,
2407 3513 2577 3566 alium
2637 3527 2768 3567 vero
2822 3528 3018 3568 rursus
3078 3512 3235 3568 illum
3290 3514 3455 3584 cujus
3504 3513 3576 3569 sit

1990 3601 2206 3657 forma?
2236 3604 2401 3673 Atqui
2433 3612 2584 3674 patet
2615 3602 2749 3659 illud
2775 3614 2832 3659 et
2886 3605 2941 3660 in
2993 3604 3251 3662 confesso
3284 3616 3370 3661 est
3430 3608 3574 3677 apud

1988 3709 2206 3752 omnes.
2271 3694 2393 3751 Non
2452 3705 2586 3752 sunt
2626 3711 2756 3769 ergo
2818 3713 2992 3752 unum
3042 3709 3097 3754 et
3146 3699 3289 3755 idem
3341 3714 3576 3754 numero

1987 3787 2150 3844 Pater
2171 3799 2226 3846 et
2263 3788 2456 3857 Filius,
2491 3791 2586 3847 sed
2630 3791 2912 3862 propriam
2964 3792 3168 3847 habent
3207 3792 3572 3865 hypostasim,

1987 3890 2043 3936 et
2091 3882 2235 3938 alter
2271 3884 2325 3937 in
2351 3884 2526 3939 altero
2577 3885 2930 3955 conspicitur
2969 3883 3275 3941 secundum
3312 3883 3576 3940 identita-

1991 3981 2101 4026 tem
2128 3973 2481 4041 substantiae,
2509 3974 2640 4030 licet
2673 3991 2819 4032 unus
2844 3991 2910 4031 ex
2944 3992 3077 4042 uno,
3110 3992 3175 4032 ex
3204 3974 3365 4031 Patre
3398 3974 3573 4033 Filius

1988 4065 2263 4122 videlicet.

2058 4158 2291 4216 ALIUD.
2338 4178 2357 4212 ι
2401 4159 2584 4232 Egoet
2640 4162 2809 4219 Pater
2862 4179 3033 4218 unum
3076 4180 3269 4222 sumus
3301 4165 3368 4229 “,
3416 4186 3434 4218 ι
3484 4166 3570 4219 in-

1986 4254 2215 4323 quiebat
2246 4253 2524 4320 Salvator,
2563 4265 2755 4328 utpote
2787 4273 2911 4314 cum
2958 4258 3129 4312 sciret
3169 4260 3411 4328 seipsum
3445 4274 3575 4328 pro-

1986 4344 2104 4414 prie
2155 4358 2379 4415 quoque
2433 4346 2763 4411 subsistere,
2803 4360 2855 4403 et
2883 4350 3129 4403 Patrem.
3178 4346 3334 4416 Quod
3389 4350 3436 4405 si
3490 4352 3572 4406 rei

1987 4438 2197 4494 veritas
2251 4438 2327 4492 ita
2379 4454 2440 4494 se
2496 4455 2604 4495 non
2664 4440 2835 4497 habet
2867 4459 2880 4496 :
2911 4442 3109 4513 quidni
3152 4452 3374 4501 servato
3423 4445 3578 4516 quod

291 4514 502 4585 πρέπον
552 4514 791 4583 ἒςασκεν
817 4531 829 4543 ·
879 4514 1022 4583 Ἐγὼ
1068 4516 1162 4570 καὶ
1204 4518 1233 4570 6
1271 4516 1464 4589 Πατὴρ
1492 4517 1552 4571 ἓν
1584 4518 1741 4590 εἰμι;
1794 4516 1880 4572 ’E-

1988 4527 2190 4583 unitati
2244 4529 2549 4596 convenit,
2616 4531 2843 4599 aiebat,
2907 4532 3023 4604 Ego
3073 4544 3129 4590 et
3183 4533 3349 4590 Pater
3402 4514 3570 4591 unum

293 4606 452 4677 πειδὴ
487 4607 544 4661 δὲ
578 4608 658 4671 είς
704 4607 1065 4679 πληθυντικὸν
1093 4609 1327 4682 ἀριθμὸν
1373 4610 1436 4665 τὸ
1481 4609 1880 4683 σημαινόμενον

289 4699 532 4764 ἑξαπλοῖ,
565 4698 723 4768 δῆλος
749 4697 816 4752 ἂν
843 4700 929 4771 εἴη
956 4699 1163 4769 λοιπὸν,
1187 4701 1408 4775 τὴντῶν
1424 4701 1881 4775 ἐτεροδοξούντων

1981 4620 2150 4677 sum?
2207 4618 2346 4675 Cum
2412 4629 2595 4678 autem
2646 4624 2848 4695 plurali
2904 4641 3136 4682 numero
3185 4628 3237 4683 id
3290 4637 3568 4699 exponat,

1982 4712 2368 4769 haereticorum
2411 4714 2731 4785 opinionem
2773 4725 3025 4774 evertere
3073 4720 3175 4791 17
3210 4721 3567 4778 manifestum

289 4790 613 4862 ἀνατρέπων
666 4791 943 4847 ὑπόνοιαν.
996 4793 1129 4847 Οὑδὲ
1182 4793 1290 4865 γὰρ
1345 4796 1411 4850 ἂν
1474 4794 1596 4851 καθ’
1645 4796 1765 4862 ἑνὸς
1818 4797 1881 4851 τὸ

1987 4810 2083 4860 est.
2119 4803 2309 4878 Neque
2330 4806 2477 4862 enim
2513 4824 2718 4877 sumus,
2749 4809 2818 4867 de
2857 4827 2966 4867 uno
2996 4790 3145 4870 recte
3177 4813 3411 4875 dixeris.

286 4881 478 4953 ἐσμὲν
505 4883 824 4955 ἐπενεχθείη
853 4884 1110 4949 συνετῶς.

366 4975 595 5030 'AAAO.
654 4977 780 5031 Ἐπὶ
814 4980 879 5048 τῇ
928 4976 1021 5031 τοῦ
1054 4978 1345 5049 ἀνθρώπου
1379 4986 1691 5055 κατασκευῇ
1722 4985 1874 5057 φωνὴ

288 5068 515 5140 φέρεται
565 5066 722 5132 Θεοῦ,
776 5087 795 5121 ι
846 5071 1168 5141 Ποιήσωμεν
1202 5071 1508 5144 ἄνθρωπον,
1536 5095 1554 5127 ι
1597 5076 1875 5146 λέγοντος,

293 5177 312 5209 ι
349 5158 471 5213 κατ’
522 5159 707 5213 εἰκόνα
747 5160 1022 5232 ἡμετέραν
1063 5165 1157 5218 καὶ
1196 5163 1317 5217 καθ’
1343 5166 1621 5237 ὁμοίωσιν.
1654 5186 1672 5221 ι
1705 5168 1878 5241 Εἴπερ

284 5246 380 5305 οὖν
412 5251 492 5315 εἰς
525 5250 583 5305 ἓν
615 5268 666 5304 τι
697 5250 774 5322 τῷ
810 5250 1031 5324 ἀριθμῷ
1071 5253 1130 5307 τὸ
1157 5257 1258 5325 τῆς
1284 5255 1446 5323 ἁγίας
1480 5256 1708 5328 Τριάδος
1737 5259 1875 5314 πλά-

282 5361 395 5413 τος,
435 5344 524 5399 ἴνα
557 5344 731 5408 οὕτως
776 5345 935 5410 εἴπω,
956 5346 1323 5413 συστέλλεται,
1353 5350 1446 5402 καὶ
1487 5349 1875 5416 δυσσεϐοῦντες

283 5434 570 5507 ἀναιροῦσι
618 5435 678 5488 τὸ
712 5436 1008 5505 ὑφεστάναι
1055 5437 1177 5490 καθ’
1221 5439 1448 5503 ἑαυτοὺς
1493 5440 1734 5510 Πατέρα,
1780 5444 1873 5495 καὶ

285 5526 417 5579 Υἰόν
448 5544 461 5557 ο
489 5529 572 5593 τίς
607 5532 635 5583 6
669 5529 806 5601 πρὸς
831 5530 952 5584 τίνα
986 5522 1159 5598 λέγων
1189 5531 1327 5595 ἐστὶ,
1355 5551 1373 5582 ι
1422 5533 1740 5604 Ποιήσωμεν
1776 5534 1873 5589 ἆν-

285 5618 505 5690 θρωπον
532 5621 651 5677 κατ’
671 5623 853 5677 εἰκόνα
882 5623 982 5694 τήν
1007 5623 1281 5693 ἡμετέραν
1306 5640 1319 5689 ;
1343 5641 1360 5674 ›
1393 5623 1545 5695 Χρῆν
1566 5623 1675 5697 γὰρ
1702 5624 1871 5698 δήπου

351 5818 396 5849 ³³
427 5816 629 5889 Philip.
668 5836 727 5884 ιι,
754 5822 803 5875 ti.
887 5821 932 5852 ”
972 5818 1130 5874 Joan.
1158 5820 1319 5886 2,50.
1400 5823 1443 5854 ³⁸
1466 5822 1600 5881 Gen.
1633 5841 1671 5893 t,
1697 5825 1789 5880 26.

2052 4982 2286 5040 ALIUD.
2315 4986 2453 5043 Cum
2496 4988 2641 5046 Deus
2668 4991 2909 5049 condere
2939 4994 3106 5049 vellet
3142 4993 3447 5058 hominem,
3479 4992 3566 5047 di-

1983 5075 2133 5132 xisse
2167 5076 2384 5133 fertur:
2442 5097 2460 5130 (
2517 5078 2811 5140 Faciamus
2845 5084 3124 5140 hominem
3164 5084 3232 5138 ad
3269 5083 3566 5153 imaginem

1982 5174 2229 5224 nostram
2282 5178 2337 5224 et
2373 5171 2794 5230 similitudinem
2823 5175 2889 5226 ³⁵.
2931 5193 2948 5224 ι
3006 5173 3061 5228 Si
3103 5187 3235 5244 ergo
3285 5172 3352 5227 ad
3395 5189 3566 5228 unum

1977 5258 2247 5329 quiddam
2302 5278 2533 5320 numero
2576 5276 2783 5322 sanctae
2827 5265 3118 5321 Trinitatis
3146 5265 3469 5335 amplitudo,
3508 5277 3569 5321 ut

1980 5351 2054 5406 ita
2085 5351 2293 5419 dicam,
2340 5356 2712 5423 contrahitur,
2753 5368 2807 5413 et
2848 5358 3016 5428 impie
3051 5357 3297 5414 haeretici
3342 5356 3565 5412 Patrem

1981 5450 2034 5496 et
2084 5441 2287 5499 Filium
2336 5448 2562 5519 propria
2609 5449 2822 5503 nudant
2854 5447 3176 5519 hypostasi:
3204 5450 3332 5521 quis
3361 5459 3445 5505 est
3472 5448 3567 5505 ille

1983 5534 2078 5604 qui
2118 5536 2187 5592 ad
2218 5536 2389 5593 alium
2426 5538 2592 5595 dicit:
2634 5558 2651 5591 ι
2688 5538 2979 5598 Faciamus
3007 5542 3287 5599 hominem
3323 5541 3392 5597 ad
3422 5541 3564 5598 ima-

1982 5630 2166 5702 ginem
2221 5635 2513 5690 nostram?
2555 5656 2574 5688 ο
2617 5633 2811 5691 Dicere
2843 5636 2988 5691 enim
3026 5637 3333 5708 oportebat,
3381 5636 3429 5692 si
3487 5635 3565 5692 ita
