4168 6534
593 329 671 388 δεῖ
1617 331 1675 385 S.
1709 331 1989 385 CYRHLI
2032 329 2495 385 ALEXANDle
2537 328 2851 385 ARCHIEP.
3783 330 3854 385 36

594 479 682 518 res
717 470 861 519 esset
911 472 972 519 ut
1016 465 1094 519 illi
1138 473 1451 537 uagantur:
1491 484 1509 518 ι
1544 466 1840 522 Faciamus
1894 468 2168 522 hominem

2272 462 2470 536 λέγειν,
2499 472 2653 541 εἴπερ
2678 471 2852 536 οὕτως
2879 472 3013 544 ἔχει,
3046 472 3300 543 καθάπερ
3332 453 3530 527 ἐκείνοι
3564 470 3855 542 ληροῦντές

591 554 657 608 ad
706 555 997 626 imaginem
1047 572 1220 611 meam
1276 566 1330 611 et
1374 557 1440 611 ad
1494 559 1935 613 similitudinem
1976 579 1994 609 ι
2049 557 2168 610 .lam

590 658 773 702 autem
804 665 929 703 cum
983 651 1033 703 id
1086 665 1193 703 non
1232 650 1403 714 dicat,
1445 651 1541 705 sed
1580 651 1922 704 eiIectionem
1971 649 2169 718 plurali

589 757 820 795 numero
852 742 1079 806 tribuat,
1115 750 1169 796 et
1200 743 1266 796 ad
1303 762 1320 793 ‹
1364 743 1655 814 imaginem
1687 752 1934 797 nostram
1985 763 2003 793 ι
2045 741 2169 795 libri

589 836 830 904 scriptor
877 835 1146 903 adjiciat,
1202 837 1352 889 clara
1407 835 1818 906 quodammodo
1868 845 1921 890 et
1977 849 2170 904 magna

594 940 725 979 voce
755 926 959 979 clamat
994 934 1201 980 sant-ta:
1232 924 1520 980 Trinitatis
1562 939 1826 996 personas
1853 927 2039 994 plures
2069 939 2173 977 nu-

591 1018 788 1073 inerari
822 1033 984 1087 quam
1024 1035 1211 1071 unam.

660 1198 887 1254 ALIUD.
921 1197 977 1253 Si
1009 1199 1265 1269 splendor
1290 1213 1377 1253 est
1410 1199 1591 1253 Patris
1627 1198 1820 1261 Filius,
1856 1212 1954 1253 ceu
1985 1199 2169 1253 lumen

589 1295 657 1349 de
689 1295 921 1348 lumine:
957 1293 1232 1362 quomodo
1266 1308 1374 1345 non
1399 1291 1761 1361 distinguitur
1790 1292 1859 1345 ab
1889 1291 2009 1361 ipso
2038 1307 2171 1360 qua-

590 1394 753 1441 tenus
786 1387 1001 1455 proprie.
1041 1383 1335 1439 subsistit?
1358 1382 1518 1437 Certe
1556 1384 1700 1435 enim
1748 1383 1802 1437 id
1829 1383 1974 1452 quod
2007 1383 2170 1436 sicuti

592 1478 852 1549 splendor
890 1486 1111 1532 emanat
1146 1479 1215 1531 ab
1257 1477 1385 1537 alio,
1425 1476 1682 1529 nimirum
1716 1475 1873 1530 abeo
1903 1477 2048 1545 quod
2087 1476 2174 1530 lu-

589 1582 709 1623 cem
744 1567 878 1629 edit,
912 1582 1019 1621 non
1052 1582 1080 1619 a
1115 1566 1299 1635 seipse
1331 1564 1386 1618 id
1416 1565 1673 1634 accipiet.

658 1659 889 1715 ALIUD.
934 1658 1117 1714 Filius
1141 1658 1444 1714 ostendens
1477 1674 1536 1714 se
1567 1674 1632 1714 ex
1661 1659 1971 1714 substantia
1993 1659 2088 1714 Dei
2110 1675 2173 1714 at.

589 1751 774 1806 Patris
807 1768 968 1816 esse,
1006 1753 1206 1806 alicubi
1266 1768 1463 1807 rursus
1508 1753 1583 1805 ait
1619 1770 1632 1805 :
1671 1772 1689 1803 ι
1730 1752 1845 1823 Ego
1896 1769 1961 1807 ex
2011 1753 2172 1807 Patre

588 1845 756 1909 exivi,
795 1852 850 1900 et
874 1846 1073 1911 venio;
1108 1861 1306 1899 rursus
1362 1855 1611 1900 revertor
1661 1846 1729 1899 ad
1784 1845 2000 1900 Patrem
2032 1847 2096 1902 ³⁵.
2146 1866 2165 1899 ι

590 1938 883 2005 Quomodo
919 1939 1086 2009 igitur
1121 1954 1228 1993 non
1273 1939 1413 1992 alius
1445 1940 1551 1993 erit
1582 1940 1649 1993 ab
1682 1939 1800 2008 ipso
1831 1941 2042 1995 ratione
2074 1941 2171 2010 by-

592 2032 833 2100 postasis
867 2046 929 2085 ac
968 2033 1205 2095 numeri,
1237 2047 1362 2086 cum
1394 2032 1577 2085 omnis
1608 2032 1747 2086 ratio
1801 2048 1902 2088 nos
1949 2032 2167 2099 doceat,

592 2125 644 2177 id
691 2123 836 2194 quod
887 2125 953 2177 ab
1004 2124 1187 2193 aliquo
1239 2116 1477 2192 prodiit,
1512 2124 1660 2178 aliud
1712 2140 1836 2179 esse
1879 2125 2172 2194 concipere

593 2218 662 2270 ab
701 2233 766 2273 eo
800 2231 830 2270 a
854 2230 967 2286 quo
1007 2217 1252 2287 prodiit?
1287 2217 1473 2286 Itaque
1504 2232 1696 2271 verum
1748 2232 1856 2272 non
1897 2228 1982 2271 est
2024 2219 2170 2288 quod

594 2311 899 2366 adversarii
930 2309 1144 2365 dicunt.

662 2495 891 2551 ALIUD.
932 2497 994 2551 ln
1050 2496 1217 2551 Deum
1268 2496 1509 2559 Patrem,
1546 2506 1597 2551 et
1638 2497 1697 2552 in
1736 2496 1935 2552 Filium
1984 2499 2173 2568 unige-

597 2591 799 2655 litum,
835 2598 889 2644 et
928 2590 983 2644 in
1019 2598 1272 2644 sanctum
1307 2590 1577 2660 Spiritum
1630 2591 1925 2648 credentes
1968 2592 2175 2662 justiti-

590 2697 785 2735 camur
813 2702 825 2736 :
854 2683 1196 2753 proindeque
1229 2684 1393 2737 etiam
1431 2682 1686 2739 Salvator
1716 2684 1831 2755 ipse
1858 2686 1975 2741 suis
2007 2686 2174 2742 disci-

590 2774 732 2844 pmis
795 2775 1047 2845 praecipit
1104 2776 1296 2831 dicens
1350 2796 1362 2830 :
1410 2795 1429 2829 ι
1479 2775 1687 2833 Euntes
1742 2778 1937 2833 docete
1982 2794 2173 2835 omnes

587 2876 802 2939 gentes,
840 2869 1193 2939 baptizantes
1229 2885 1323 2924 eos
1357 2870 1411 2924 in
1454 2873 1679 2926 nomine
1707 2870 1905 2939 Patris,
1939 2880 1993 2926 et
2026 2871 2171 2939 Filii,

589 2968 646 3015 et
682 2960 924 3030 Spiritus
969 2962 1147 3017 sancti
1183 2962 1251 3018 ³⁷,
1304 2983 1322 3016 ι
1357 2960 1415 3016 Si
1456 2979 1585 3034 ergo
1620 2964 1755 3018 nihil
1805 2966 1965 3020 nobis
2011 2965 2175 3035 plane

589 3054 942 3123 cogitandum
979 3053 1177 3109 inferat
1213 3054 1303 3107 illa
1346 3056 1630 3109 nominum
1664 3058 1988 3121 diversitas,
2016 3072 2173 3111 cum-

2272 577 2439 628 φασι·
2475 581 2491 613 ι
2530 564 2857 634 Ποιήσωμεν
2881 564 3166 635 ἄνθρωπον
3214 566 3335 617 κατ’
3374 563 3559 617 εἰκόνα
3577 561 3718 635 ιμήν
3762 566 3856 618 καὶ

2272 651 2394 704 καθ’
2419 654 2697 723 ὁμοίωσιν.
2739 674 2756 705 ι
2793 656 2931 710 Νυνὶ
2957 657 3014 710 δέ
3042 656 3201 710 τοῦτο
3236 657 3334 727 μὲν
3360 656 3461 709 οὐκ
3491 654 3683 723 εἰπὼν,
3720 656 3856 728 πλη-

2272 742 2538 808 θυντικῶς
2584 745 2639 799 δὲ
2669 748 2840 811 διδοὺς
2867 747 3087 821 ἀριθμῷ
3109 748 3207 817 τὴν
3236 749 3456 819 ποίησιν
3475 790 3488 814 ,
3520 749 3635 813 καὶ,
3669 767 3689 800 ι
3720 749 3854 801 Κατ’

2270 837 2453 890 εἰκόνα
2502 837 2602 909 τὴν
2654 840 2948 910 ἡμετέραν,
3014 860 3032 892 ι
3080 839 3380 909 ἐπαγαγὼν
3434 843 3463 893 ὁ
3505 842 3599 895 τοῦ
3648 842 3854 911 βιϐλίου

2274 930 2656 999 συγγραφεὺς,
2688 932 2968 1001 μονονουχὶ
2998 931 3229 1004 λαμπρᾷ
3280 933 3374 987 καὶ
3418 932 3633 1007 μεγάλῃ
3661 933 3759 1004 βοᾷ
3790 936 3855 1005 τῇ

2273 1022 2422 1090 φωνῇ
2452 1020 2549 1090 τὴν
2582 1022 2723 1093 ὑπὲρ
2769 1024 2931 1077 ἑνάδα
2964 1026 3063 1095 τῆς
3094 1026 3257 1093 ἁγίας
3286 1025 3515 1096 Τριάδος
3543 1025 3859 1097 ἀπαρίθμη-

2273 1128 2377 1167 σιν.

2346 1207 2577 1260 ἈΛΛΟ.
2603 1208 2663 1260 Εἰ
2688 1207 3029 1279 ἀπαύγασμα
3058 1210 3176 1263 ἐστι
3203 1209 3298 1263 τοῦ
3330 1210 3586 1281 Πατρὸςὸ
3605 1209 3857 1274 Υἱὸς,οὼς

2272 1298 2389 1366 φῶς
2421 1300 2484 1350 ἐκ
2512 1299 2688 1367 φωτός
2708 1312 2722 1327 °
2751 1301 2870 1365 πῶς
2909 1302 3008 1372 οὐχ
3039 1303 3227 1373 ἕτερος
3259 1303 3393 1374 πρὸς
3414 1303 3595 1365 αὐτὸν,
3621 1302 3695 1366 ὡς
3730 1302 3857 1356 ἰδιοο

2275 1389 2540 1453 σύστατος
2566 1408 2580 1455 ;
2616 1392 2689 1444 Τὸ
2719 1394 2827 1465 γὰρ
2858 1394 2988 1458 ὅλως
3018 1395 3373 1463 ἁπαυγασθέν
3429 1395 3504 1458 ὡς
3533 1395 3623 1463 ὑφ’
3646 1395 3857 1465 ἐτέρου,

2273 1480 2514 1549 δηλονότι
2547 1482 2639 1535 τοῦ
2673 1483 3101 1551 ἀπαυγὰζοντος,
3136 1484 3231 1536 καὶ
3268 1484 3369 1535 οὐκ
3397 1483 3528 1536 αὐτὸ
3561 1482 3619 1548 ἐξ
3659 1482 3855 1533 ἐαυτοῦ

2273 1573 2432 1626 τοῦτο
2462 1575 2734 1630 πείσεται.

2355 1667 2584 1720 'AAAO.
2633 1667 2727 1720 Ἐκ
2773 1668 2874 1739 τῆς
2908 1668 3098 1731 ούσίας
3127 1668 3254 1720 ὄντα
3285 1667 3386 1738 τῆς
3434 1665 3528 1720 τοῦ
3576 1663 3713 1718 Θεοῦ
3765 1664 3860 1717 καὶ

2277 1760 2489 1831 Πατρὸς
2517 1760 2869 1815 ἐπιδεικνύων
2892 1762 3081 1813 ἐαυτὸν
3110 1763 3138 1813 ὁ
3164 1761 3313 1824 Υἱὸς,
3351 1761 3485 1831 φησί
3524 1777 3625 1812 που
3659 1758 3818 1813 πάλιν
3842 1773 3855 1786 ·

2282 1875 2299 1905 ο
2351 1855 2490 1922 Ἐγὼ
2531 1857 2594 1908 ἐκ
2645 1854 2737 1907 τοῦ
2789 1855 3002 1925 Πατρὺς
3054 1854 3297 1922 ἐξῆλθον,
3353 1853 3445 1906 καὶ
3494 1853 3616 1923 ἥκω
3656 1866 3671 1880 ·
3703 1850 3860 1904 πάλιν

2278 1948 2581 2018 πορεύομαι
2621 1948 2756 2019 πρὸς
2800 1949 2890 2001 τὸν
2937 1948 3174 2017 Πατέρα.
3202 1966 3220 1998 ι
3271 1945 3389 2008 Πῶς
3419 1941 3509 1997 οῦν
3552 1945 3650 2013 ούχ
3677 1943 3859 2013 ἕτερος

2276 2040 2443 2098 ἔσται.
2478 2043 2606 2113 παρ’
2660 2041 2860 2104 αὑτὸν,
2900 2040 2977 2103 ὡς
3013 2043 3070 2094 ἐν
3117 2039 3410 2092 ὑποστάσει
3463 2039 3554 2091 καὶ
3606 2034 3858 2107 ἀριθμῷ,

2274 2134 2472 2197 παντὸς
2496 2134 2642 2204 ἡμᾶς
2680 2131 3066 2194 ἁναπείθοντος
3094 2130 3276 2198 λόγου,
3308 2130 3369 2183 τὸ
3401 2129 3464 2181 ἔκ
3491 2144 3634 2190 τινος
3667 2126 3861 2197 προελ-

2275 2226 2365 2280 θὸν
2391 2266 2405 2289 ,
2441 2226 2626 2296 ἕτερον
2661 2221 2802 2279 εἶναι
2853 2224 2982 2296 παρ’
3010 2226 3184 2277 ἐκεῖνο
3231 2226 3369 2277 νοεῖν
3392 2263 3403 2284 ,
3430 2222 3525 2291 ἀφ’
3556 2216 3616 2275 οῦ
3659 2218 3725 2290 δὴ
3767 2219 3861 2273 καὶ

2273 2318 2641 2390 προελήλυθεν
2678 2336 2690 2384 ;
2728 2317 2940 2372 Οὐκοῦν
2974 2318 3074 2369 οὐκ
3129 2314 3334 2386 ἀληθὴς
3376 2316 3485 2377 τοῖς
3514 2313 3580 2366 δι’
3612 2309 3859 2372 ἐναντίας

2271 2414 2300 2465 ὸ
2329 2411 2506 2478 λόγος.
3348 2465 3352 2469 .

2350 2506 2576 2558 ἈΛΛΟ.
2614 2505 2707 2567 Εἰς
2734 2503 2866 2555 Θεὸν
2895 2504 3132 2574 Πατέρα,
3166 2506 3260 2555 καὶ
3296 2505 3373 2566 είς
3408 2502 3535 2555 Υἰόν
3571 2502 3855 2572 μονογενῆ,

2274 2598 2368 2650 καὶ
2403 2599 2479 2659 είς
2521 2596 2673 2665 ἅγιον
2708 2595 2932 2664 Πνεῦμα
2977 2594 3326 2657 πιστεύοντες
3358 2592 3732 2662 δικαιούμεθα.
3763 2594 3860 2647 Διά

2274 2706 2354 2741 τοι
2388 2688 2545 2741 τοῦτο
2587 2688 2678 2741 καὶ
2724 2688 2885 2751 αὐτὸς
2913 2690 2940 2740 ὁ
2972 2687 3161 2758 Σωτὴρ
3196 2688 3308 2750 τοῖς
3340 2686 3562 2748 οἰκείοις
3589 2684 3859 2756 μαθηταῖς

2276 2782 2553 2835 ἐπιτάττει
2587 2781 2762 2848 λέγων
2791 2797 2805 2811 ο
2831 2800 2848 2831 ι
2882 2780 3244 2852 Πορευθέντες
3273 2778 3653 2850 μαθητεύσατε
3682 2780 3859 2833 πάντα

2274 2877 2341 2943 τὰ
2387 2875 2535 2945 ἔθνη,
2576 2874 2930 2943 βαπτίζοντες
2969 2874 3166 2936 αὐτοὺς
3209 2874 3287 2937 εἰς
3318 2872 3378 2926 τὸ
3420 2872 3590 2942 ὄνομα
3618 2871 3712 2925 τοῦ
3748 2873 3859 2925 Πα-

2275 2967 2421 3040 τρός,
2469 2968 2563 3020 καὶ
2611 2966 2704 3020 τοῦ
2753 2966 2881 3041 Υίοῦ
2908 3007 2921 3031 ,
2957 2966 3050 3018 καὶ
3095 2964 3191 3018 τοῦ
3246 2964 3404 3034 ἁγίου
3453 2962 3789 3034 Πνεύματος.
3835 2984 3852 3016 ι

2279 3061 2450 3131 Εἴπερ
2502 3057 2594 3114 οὗν
2629 3060 2765 3121 ὅλως
2812 3058 2965 3112 οὐδὲν
3008 3059 3140 3128 ἡμῖν
3176 3057 3400 3110 εἰσοίσει
3448 3057 3583 3127 πρὸς
3613 3056 3858 3127 νόησινή

590 3159 698 3213 que
745 3142 960 3198 Patrem
1012 3144 1243 3209 dixeris,
1293 3145 1571 3214 signiﬁces
1628 3143 1868 3211 Filium,
1928 3156 1983 3201 et
2041 3164 2166 3202 eum

2275 3154 2383 3207 τῶν
2410 3152 2688 3222 ὀνομάτων
2718 3149 3199 3221 διαφορὰ,Πατέρα
3224 3148 3280 3201 δέ
3300 3164 3383 3210 τις
3411 3147 3579 3200 εἰπὼν
3607 3146 3860 3217 σημαίνει

591 3234 792 3290 Filium
818 3237 1212 3301 nominaveris,
1235 3237 1408 3307 ipsius
1427 3238 1757 3292 mentionem
1777 3238 1954 3294 Patris
1972 3240 2169 3297 facias:

590 3329 719 3398 quid
787 3344 954 3398 porro
1023 3344 1253 3383 necesse
1311 3338 1398 3384 est
1466 3330 1523 3384 in
1589 3329 1918 3385 Trinitatem
1988 3334 2173 3403 potius

590 3436 755 3491 quam
797 3422 850 3473 in
888 3421 1153 3475 unitatem
1202 3419 1391 3477 ﬁdeles
1439 3422 1635 3491 jubere
1687 3424 1995 3493 baptizari?
2037 3426 2172 3479 Cum

590 3521 773 3565 autem
801 3512 853 3564 in
891 3512 1058 3565 trium
1088 3528 1377 3567 numerum
1413 3523 1674 3567 excurrat
1702 3516 1848 3584 quod
1886 3516 1952 3570 de
1979 3525 2173 3571 natura

589 3604 778 3657 divina
830 3602 1069 3669 dicitur,
1127 3605 1383 3660 omnibus
1439 3607 1628 3676 utique
1681 3608 2033 3665 manifestum
2089 3621 2174 3667 est

592 3710 1042 3765 unumquemque
1088 3710 1282 3751 eorum
1328 3697 1421 3767 qui
1457 3708 1823 3753 numerantur
1848 3701 1900 3753 in
1953 3703 2174 3772 propria

588 3800 721 3841 esse.
766 3788 1046 3858 hypostasi
1088 3806 1102 3841 :
1145 3788 1411 3858 quoniam
1474 3797 1659 3843 autem
1710 3791 1817 3861 ιε
1855 3793 2174 3851 nullatenus

590 3878 895 3934 secundum
948 3892 1199 3935 naturam
1260 3882 1651 3953 distinguitur,
1709 3884 1764 3938 in
1820 3901 1985 3939 unam
2037 3904 2174 3941 cun--

590 3971 807 4026 scendit
848 3971 1143 4036 deitatem,
1181 3981 1234 4027 et
1274 3974 1647 4031 adorationem
1693 3976 1855 4031 habet
1901 3979 2170 4035 eamdem.

652 4060 889 4118 ALIUD.
926 4063 1006 4117 lra
1040 4064 1129 4119 Dei
1154 4063 1561 4121 Sodomitarum
1582 4068 1747 4124 urbes
1780 4069 2170 4141 conﬂagrasse,

590 4155 777 4209 divina
814 4154 1105 4227 Scriptura
1135 4157 1291 4213 dicit.
1332 4160 1612 4215 Euarrans
1653 4170 1838 4216 autem
1868 4180 1976 4232 quo
2011 4173 2173 4234 pacto

588 4246 812 4303 divinus
841 4249 923 4303 eis
956 4249 1109 4303 l'uror
1153 4251 1443 4321 ingruerit,
1483 4262 1539 4307 et
1588 4254 1859 4309 rationem
1915 4256 2172 4314 interitus

589 4342 739 4395 clare
770 4342 1011 4396 edocens
1040 4360 1052 4395 :
1084 4360 1102 4393 ι
1139 4341 1317 4409 Pluit,
1358 4364 1377 4396 ›
1414 4344 1623 4415 inquit,
1656 4364 1673 4398 ι
1716 4346 1981 4404 Dominus
2017 4365 2044 4402 a
2071 4349 2173 4403 Do-

592 4434 742 4486 mino
774 4449 939 4503 super
990 4435 1230 4489 Sodoma
1280 4436 1456 4507 ignem
1509 4447 1563 4492 et
1605 4440 1841 4510 sulphur
1872 4441 1951 4507 ‘3;
1989 4463 2007 4495 ι
2046 4459 2171 4498 eum

592 4527 706 4581 haec
744 4542 872 4596 pars
929 4528 1120 4584 calicis
1175 4531 1301 4583 talia
1350 4540 1668 4601 perpetrare
1714 4534 1891 4589 solitis
1923 4537 2171 4605 apprime

590 4628 938 4691 congrueret.
972 4620 1105 4687 Quis
1141 4637 1270 4693 ergo
1316 4622 1407 4676 ille
1444 4625 1727 4691 Dominus,
1759 4634 1813 4681 et
1839 4641 1870 4679 a
1900 4642 2011 4696 quo
2063 4624 2171 4681 Do-

592 4713 743 4767 mino
778 4713 955 4783 ignem
1003 4714 1270 4780 immittit,
1320 4725 1484 4787 atque
1537 4715 1945 4773 Sodomitarum
2006 4720 2169 4775 urbes

592 4805 879 4860 incendit?
911 4804 1257 4863 Manifestum
1296 4818 1383 4866 est
1420 4810 1631 4866 Patrem
1679 4814 1774 4882 qui
1824 4828 1920 4883 per
1970 4812 2169 4868 Filium

589 4906 855 4969 operatur
885 4899 1097 4963 omnia,
1134 4915 1261 4956 cum
1302 4903 1375 4957 sit
1414 4903 1537 4973 ejus
1570 4904 1747 4960 virtus
1775 4912 1829 4960 et
1859 4905 2170 4974 brachium,

589 4989 769 5059 ipsum
796 4988 1097 5048 Sodomitis
1126 4992 1304 5064 ignem
1331 4993 1646 5052 immisisse.
1680 4995 1817 5051 Cum
1844 5013 1974 5068 ergo
1990 4997 2172 5054 Domi-

591 5098 697 5138 nus
720 5099 749 5136 a
785 5084 1019 5141 Domino
1066 5086 1246 5157 ignem
1290 5086 1399 5143 illis
1445 5088 1725 5157 immittat,
1749 5091 2027 5161 quomodo
2058 5106 2170 5146 non

589 5175 990 5248 distinguetur,
1023 5181 1172 5251 qttod
1229 5180 1296 5236 ad
1332 5184 1615 5254 propriam
1647 5184 1989 5257 bypostasim
2043 5186 2173 5240 atti-

589 5275 706 5334 net,
736 5268 895 5325 Pater
916 5287 947 5327 a
970 5269 1133 5339 Filio,
1160 5281 1214 5329 et
1233 5274 1477 5331 vicissim
1509 5274 1681 5332 Filius
1706 5293 1735 5331 a
1759 5276 1960 5335 Patre?
1984 5278 2166 5336 Unum

587 5364 736 5419 enim
774 5366 921 5421 velut
948 5382 1015 5422 ex
1045 5384 1157 5425 uno
1191 5370 1282 5426 hic
1318 5371 1689 5443 signiﬁcatur.

662 5542 882 5600 ALIUD-
920 5543 1251 5618 Prophetico
1286 5558 1469 5607 motus
1504 5550 1727 5623 spiritu,
1762 5561 1815 5607 et
1847 5569 1945 5624 per
1984 5556 2165 5625 ipsum

588 5649 678 5691 res
703 5634 920 5694 futuras
944 5647 1070 5696 ante
1101 5656 1447 5711 cognoscens
1478 5644 1677 5701 beatus
1707 5643 2025 5712 Psalmista,
2055 5665 2163 5703 non

692 5842 735 5873 "
774 5841 932 5897 Joan.
973 5858 1080 5907 xvi,
1115 5844 1207 5900 28.

2274 3246 2367 3296 τὸν
2394 3243 2542 3306 Υἰὸν,
2591 3242 2682 3293 καὶ
2742 3240 2861 3292 Υίὸν
2893 3239 3169 3309 ὀνομάσας
3200 3236 3363 3290 αὑτοῦ
3399 3234 3726 3306 μνημονεύει
3763 3234 3858 3288 τοῦ

2277 3332 2509 3403 Πατρὸςε
2536 3331 2615 3394 τίς
2671 3327 2739 3401 ἦν
2783 3330 2875 3382 καὶ
2915 3329 3074 3400 χρεία
3118 3328 3192 3398 μὴ
3244 3329 3381 3396 πρὸς
3429 3325 3590 3378 ὲνάδα
3637 3324 3857 3394 μᾶλλον,

2276 3426 2391 3480 ἀλλ’
2427 3426 2506 3487 εἰς
2536 3423 2741 3492 Τριὰδα
2770 3421 3011 3475 κελεύειν
3046 3418 3401 3490 βαπτίζεσθαι
3422 3419 3547 3479 τοὺς
3581 3416 3859 3469 πιστεύον-

2276 3534 2409 3583 τας;
2467 3514 2774 3586 Ἐπειδὴδέ
2819 3515 2898 3577 εἰς
2940 3513 3029 3565 τὸν
3072 3514 3221 3581 τρεῖς
3269 3509 3499 3580 ἀριθμὸν
3543 3511 3570 3562 ὁ
3605 3508 3861 3578 περὶτῆς

2277 3608 2429 3671 θείας
2459 3606 2672 3677 φύσεως
2715 3606 2964 3677 ἐκτρέχει
2998 3604 3175 3671 λόγος,
3207 3600 3470 3673 πρόδηλον
3497 3600 3669 3670 δήπου
3695 3599 3860 3652 πᾶσίν

2276 3703 2443 3763 ἐστιν,
2466 3703 2523 3753 ἐν
2554 3700 2850 3753 ὑποστάσει
2889 3699 2986 3769 μὲν
3019 3696 3121 3766 ἰδία
3147 3693 3253 3747 τῶν
3290 3692 3705 3764 ἀριθμουμένων
3731 3691 3861 3743 ἐκα-

2279 3810 2401 3846 στον
2445 3789 2601 3846 εἶναι·
2637 3791 2715 3863 τῷ
2761 3791 2817 3844 δὲ
2866 3789 3175 3861 μηδαμόθεν
3226 3785 3552 3857 ἐξηλλάχθαι
3592 3782 3733 3837 κατὰ
3762 3782 3860 3852 τὴν

2277 3885 2462 3953 φύσιν,
2491 3887 2568 3949 εἰς
2603 3886 2731 3955 μίαν
2764 3883 3041 3938 ἀναϐαίνει
3063 3880 3311 3952 θεότητα,
3353 3880 3448 3931 καὶ
3490 3875 3859 3947 προσκύνησιν

2276 3979 2387 4049 ἔχει
2412 3979 2509 4048 τὴν
2538 3978 2730 4047 αὑτήν.

2348 4072 2576 4124 ἋΛΛΟ.
2613 4069 2701 4135 Ἐξ
2716 4069 2886 4139 ὀργῆς
2914 4065 3303 4138 ἐμπεπρῆσθαι
3333 4062 3469 4118 Θεοῦ
3495 4061 3595 4125 τὰς
3620 4061 3728 4113 τῶν
3746 4061 3843 4113 Σο-

2275 4164 2509 4235 δομιτῶν
2557 4163 2741 4227 πόλεις
2785 4165 2816 4233 ἡ
2872 4162 2988 4215 θεία
3030 4160 3180 4229 λέγει
3215 4160 3437 4231 Γραφή·
3467 4154 3780 4227 ἐξηγημένη
3802 4153 3857 4206 δὲ

2246 4294 2251 4303 ι
2275 4259 2421 4321 ὃπως
2450 4251 2630 4319 αὐτοῖς
2652 4256 2791 4318 θεῖος
2822 4256 3179 4324 ἐπενὴνεκται
3207 4252 3397 4322 θυμὸς,
3424 4250 3518 4304 καὶ
3542 4249 3631 4303 τὸν
3657 4248 3858 4318 τρόπον

2274 4354 2375 4424 τῆς
2432 4350 2708 4413 ἀπωλείας
2763 4348 3151 4403 ἐκδιδάσκουσα
3211 4346 3435 4415 σαφῶς,
3507 4362 3524 4395 ι
3588 4341 3856 4411 Ἔὸρεξε,

2276 4444 2435 4517 φησὶ,
2486 4443 2691 4515 Κύριος
2755 4441 2905 4511 παρὰ
2966 4440 3170 4511 Κυρίου
3226 4438 3317 4491 ἐπὶ
3366 4436 3571 4507 Σόδομα
3621 4434 3730 4505 πῦρ
3767 4433 3859 4485 καὶ

2203 4519 2249 4575 D
2278 4541 2419 4594 θεῖον
2439 4556 2453 4569 ο
2492 4557 2509 4590 ›
2547 4524 2670 4590 ἐπεὶ
2714 4536 2807 4590 καὶ⁸
2838 4535 2976 4605 αὕτη
3007 4536 3119 4597 τοῖς
3156 4534 3337 4586 ἐκεῖνα
3371 4528 3714 4600 πλημμελεῖν
3737 4528 3861 4578 είω-

2277 4632 2425 4686 θόσιν
2468 4632 2503 4703 ἡ
2542 4630 2699 4702 μερὶς
2746 4627 2841 4682 τοῦ
2894 4625 3157 4697 ποτηρίου
3216 4621 3666 4696 πρεπωδεστάτη.
3701 4620 3860 4680 noto;

2276 4722 2367 4778 οῦν
2394 4726 2502 4796 ἄρα
2532 4724 2737 4795 Κύριος
2770 4720 2920 4792 παρὰ
2942 4719 3095 4772 ποίου
3125 4719 3328 4789 Κυρίου
3353 4715 3413 4767 τὸ
3442 4713 3552 4784 πῦρ
3568 4712 3856 4781 ἐπαφίησι,

2276 4815 2371 4868 xui.
2424 4811 2523 4875 τὰς
2569 4811 2677 4864 τῶν
2732 4809 3039 4881 Σοδομιτῶν
3099 4805 3400 4876 κατέφλεξε
3441 4804 3672 4867 πόλεις;
3717 4800 3858 4853 Ἀλλ’

2273 4907 2389 4961 ἔστι
2439 4906 2615 4976 δῆλον,
2650 4904 2779 4968 ὠςὸ
2821 4903 3008 4975 Πατὴρ
3054 4902 3119 4956 δι’
3167 4900 3297 4954 Υίοῦ
3356 4899 3534 4953 πάντα
3582 4893 3853 4967 ἐνεργῶν,

2272 5001 2395 5053 ἐπεὶ
2427 4999 2521 5052 καὶ
2567 4996 2794 5068 δύναμις
2839 4995 3004 5050 αὐτοῦ
3026 5036 3039 5060 ,
3073 4995 3167 5048 καὶ
3220 4992 3460 5066 βραχίων
3488 4990 3656 5054 ἐστὶν,
3695 4986 3858 5049 αὐτὸς

2275 5090 2590 5163 Σοδομίταις
2620 5088 2735 5144 ὕειν
2778 5090 2953 5143 ἐποίει
2996 5088 3058 5141 τὸ
3110 5086 3239 5157 πῦρ.
3272 5086 3402 5139 Ὅτε
3440 5083 3620 5136 τοίνυν
3651 5080 3858 5150 Κύριος

2275 5184 2427 5254 παρὰ
2446 5183 2651 5254 Κυρίου
2674 5182 2734 5238 τὸ
2753 5182 2864 5255 πῦρ
2893 5180 3121 5244 ἐκείνοις
3141 5179 3357 5250 ἀφίησι,
3372 5176 3490 5240 πῶς
3521 5175 3619 5245 οὐχ
3647 5172 3736 5226 ἒτε
3745 5187 3857 5243 ρος,

2275 5278 2396 5331 ὅσον
2426 5278 2504 5339 εἰς
2540 5276 2601 5328 τὸ
2639 5276 2783 5339 ἰδίως
2827 5274 3113 5345 ὑπάρχειν,
3145 5272 3296 5341 παρὰ
3320 5269 3409 5324 τὸν
3442 5267 3571 5321 Υίὸν
3598 5269 3626 5319 ὁ
3646 5263 3857 5334 Πατὴρ,

2275 5371 2368 5423 καί¹
2391 5366 2457 5424 αὖ
2489 5369 2651 5424 πάλιν
2675 5370 2703 5421 ὁ
2724 5367 2851 5430 Υἱὸς
2875 5365 3027 5437 παρὰ
3052 5366 3141 5418 τὸν
3172 5362 3389 5434 Πατέρα
3417 5378 3431 5427 ;
3462 5360 3534 5414 Τὸ
3562 5358 3672 5430 γὰρ
3701 5358 3758 5410 ἓν
3783 5357 3861 5420 ὡς

2277 5461 2336 5528 ἐξ
2365 5461 2484 5525 ἐνὸς
2517 5462 2574 5513 ἐν
2604 5459 2779 5530 τούτῳ
2811 5457 3158 5529 σημαίνεται.
3812 5530 3815 5532 η

2351 5554 2580 5608 'AAAO.
2623 5550 2955 5623 Προφητικῷ
2985 5550 3302 5621 κινούμενος
3344 5545 3637 5617 πνεύματι,
3668 5543 3763 5597 καὶ
3791 5542 3858 5595 δι’

2275 5646 2439 5702 αὑτοῦ
2482 5648 2549 5699 τὰ
2577 5645 2810 5716 ἐσόμενα
2850 5642 3240 5715 προγινώσκων
3285 5644 3313 5695 ὁ
3352 5641 3622 5712 μακάριος
3653 5636 3866 5707 Ψαλμέ

1324 5846 1363 5876 ³⁷
1406 5844 1594 5900 Matth.
1640 5864 1827 5915 nvm,
1858 5849 1940 5905 l'J.
2023 5849 2069 5881 ³⁸
2105 5846 2240 5905 Gen.
2269 5866 2379 5917 nx,
2414 5848 2506 5904 2i.
