4168 6526
279 342 348 395 57
1284 339 1347 392 ΙΝ
1381 334 1672 393 JOANNIS
1712 332 1847 390 EVA

1952 330 2162 388 ELIUM
2209 329 2334 390 LIB.
2373 325 2434 388 ῐ.’
3467 327 3538 382 58

282 455 441 528 ῳδὸς,
469 455 566 526 οὐχ
590 455 792 524 ετέρως
822 453 1083 510 δύνασθαι
1124 453 1456 525 διασωθῆναι
1485 456 1546 508 τὸ
1586 454 1742 523 γένος
1783 454 1847 505 ὲν¹

1973 450 2129 504 aliter
2149 451 2361 506 servari
2392 465 2558 521 posse
2574 464 2750 521 genus
2771 449 3075 504 humanum
3103 441 3354 517 putabat,
3373 458 3534 514 quam

277 551 415 604 ενὸει
446 549 508 604 τὸ
535 547 897 619 ἀνθρώπινον,
928 548 975 600 εἰ
1013 545 1085 616 μὴ
1111 545 1199 598 διὰ
1226 544 1394 616 μόνης
1415 547 1512 612 τῆς
1547 543 1865 614 ἐπιφανείας

275 640 369 694 τοῦ
402 639 533 693 Υἱοῦ
559 639 653 693 τοῦ
698 638 855 702 Θεοῦ,
887 636 982 691 τοῦ
1024 636 1202 690 πάντα
1247 637 1462 709 ῥᾳδίως,
1495 636 1580 707 ἐφ’
1619 637 1758 708 ὅπερ
1799 637 1865 691 ἂν

277 732 518 803 βούλοιτο
573 727 1038 802 μεταρρυθμίζειν
1092 726 1384 799 ἰσχύοντος.
1435 729 1533 782 Διά
1577 744 1656 782 τοι
1704 725 1864 782 τοῦτο

277 822 590 894 πέμπεσθαι
643 821 778 892 πρὸς
833 820 982 891 ἡμᾶς
1027 820 1325 891 παρεκάλει
1376 819 1466 875 τὸν
1495 819 1643 883 Υίὸν,
1670 818 1764 875 ἀτε
1797 819 1860 891 δὴ

276 915 370 968 καὶ
418 915 574 985 μόνον
627 909 912 975 διασώζειν
955 911 1206 982 ἰσχύοντα
1250 913 1377 976 τοὺς
1410 909 1514 966 ὐπὸ
1563 912 1719 984 χεῖρα
1768 911 1861 966 καὶ

275 1004 585 1068 πλεονεξίαν
629 1002 958 1072 γενομένους
985 999 1331 1074 διαϐολικήνο
1374 1002 1466 1056 καὶ¹
1520 1003 1584 1073 δὴ
1623 1002 1859 1070 ἔφασκεν

272 1095 345 1159 ὼς
371 1095 506 1167 πρὸς
541 1095 632 1148 τὸν
685 1094 818 1146 Θεὸν
847 1095 943 1148 καὶ
980 1093 1235 1165 Πατέρα⁹
1278 1113 1295 1145 ι
1345 1091 1756 1158 Ἐξαπόστειλόν
1799 1093 1858 1147 τὸ

272 1185 387 1255 φῶς
439 1197 534 1240 σου
593 1184 688 1239 καὶ
738 1183 840 1255 τὴν
872 1183 1130 1256 ἀλήθειάν
1182 1201 1298 1237 σου.
1341 1203 1359 1235 ι
1417 1183 1575 1237 Ποῖον
1626 1178 1719 1236 οὖν
1749 1183 1858 1254 ἄρα

271 1278 387 1332 ἐστὶ
433 1276 495 1330 τὸ
543 1276 693 1346 φῶς,
724 1278 853 1330 ποία
905 1273 1030 1348 δὲή
1076 1276 1343 1347 ἀλήθεια,
1393 1275 1559 1328 αὐτοῦ
1608 1272 1856 1344 λέγοντος

270 1367 434 1422 ἄκουε
462 1367 555 1421 τοῦ
591 1367 753 1421 Υἰοῦ’
797 1386 815 1419 ι
848 1366 990 1436 Ἐγώ
1019 1368 1133 1437 είμι
1155 1367 1214 1420 τὸ
1239 1367 1372 1437 φῶς,
1407 1369 1497 1420 καὶ
1541 1366 1651 1435 ἐγώ
1679 1363 1794 1438 εἰμι
1821 1369 1853 1438 ἡ

271 1461 528 1532 ἀλήθεια⁸
561 1481 579 1512 ι
642 1461 704 1514 Et
738 1461 793 1514 δὲ
843 1460 1122 1532 πέμπεται
1167 1460 1301 1532 πρὸς
1335 1456 1479 1531 ἡμᾶς
1513 1456 1572 1513 τὸ
1609 1454 1723 1529 φῶς
1758 1460 1854 1514 καὶ

271 1552 557 1623 ἠάλήθεια
591 1548 682 1604 τοῦ
720 1547 965 1622 Πατρός,
999 1550 1143 1603 τοῦτ’
1172 1550 1318 1603 ἔστιν
1353 1551 1381 1602 ό
1412 1548 1562 1614 Υἱὸς,
1603 1549 1717 1614 πῶς
1754 1552 1852 1622 οὐχ

270 1644 452 1714 ἕτερός
503 1645 617 1695 ἐστι
653 1645 782 1715 παρ’
809 1642 989 1707 αὐτὸν,
1017 1642 1140 1694 ὅσον
1170 1644 1248 1705 είς
1281 1641 1340 1694 τὺ
1370 1641 1515 1706 ἰδίως
1563 1641 1847 1713 ὑπάρχειν,

269 1738 318 1790 εἰ
347 1738 437 1789 καὶ
467 1736 525 1790 ἓν
550 1736 698 1790 ἔστιν
742 1736 814 1799 ὡς
865 1736 1002 1806 πρὸς
1047 1733 1230 1795 αὐτὸν,
1264 1735 1390 1788 ὅσον
1416 1736 1493 1798 εἰς
1516 1735 1614 1806 τὴν
1641 1736 1739 1804 τῆς
1761 1736 1848 1788 οὐ·

270 1827 390 1891 σίας
413 1828 744 1897 ταυτότητα;
777 1826 837 1878 Εί
868 1824 977 1895 γὰρ
1008 1823 1083 1896 μὴ
1111 1822 1282 1888 οὕτως
1302 1825 1443 1896 ἔχειν
1459 1825 1658 1879 οἴονταί
1681 1844 1844 1892 τινες,

267 1921 297 1972 ὁ
321 1921 478 1982 αὐτὸς
508 1918 565 1972 δὲ
595 1918 691 1970 καὶ
720 1911 800 1980 εἷς
844 1917 960 1969 ἐστι
1007 1915 1196 1988 Πατὴρ
1232 1917 1328 1970 καὶ
1356 1916 1503 1981 Υἱὸς,
1539 1916 1594 1970 τί
1627 1915 1702 1989 μὴ
1734 1917 1850 1971 ’ἐτε-

274 2028 364 2083 ρον
405 2011 639 2063 ἐποιεῖτο
668 2007 757 2060 τὸν
798 2007 896 2077 τῆς
923 2006 1086 2078 εὐχῆς
1114 2007 1312 2079 τρόπον
1339 2005 1368 2060 ὁ
1406 2008 1850 2078 πνευματοφόρος

269 2100 427 2173 βοῶν’
469 2097 622 2152 Ἐλοὲ
652 2097 787 2169 πρὸς
816 2091 1044 2169 ἡμᾶς,ὦ
1068 2097 1202 2165 φῶς.
1223 2098 1314 2150 καὶ
1333 2096 1596 2168 ἀλήθεια;
1632 2097 1850 2169 Ἐπειδὴ

263 2192 322 2245 δὲ
362 2190 423 2244 τὸ
476 2191 914 2255 ἑξαετόστειλον
955 2187 1143 2256 λέγει,
1174 2189 1331 2260 δῆλος
1387 2189 1455 2243 ἀν
1507 2190 1592 2260 εἴη
1642 2189 1850 2253 λοιπὸν,

1967 555 2064 611 per
2111 543 2286 596 solum
2333 542 2628 596 adventum
2680 539 2804 596 Filii
2854 539 2982 606 Dei,
3041 537 3133 608 qui
3190 532 3350 590 facile
3404 533 3535 588 illud

1965 642 2154 703 posset
2189 633 2242 687 in
2266 634 2412 704 quod
2445 634 2609 689 vellet
2642 631 2964 688 reformare.
3000 629 3269 697 Quocirca
3300 627 3441 681 milli
3469 625 3536 680 ad

1962 740 2065 780 nos
2111 723 2310 779 Filium
2347 726 2597 796 rogabat,
2643 725 2877 779 maxime
2926 738 3049 777 cum
3112 721 3266 777 solus
3320 731 3538 773 servare

1960 823 2149 887 posset
2181 817 2380 871 diaboli
2418 818 2604 872 manui
2643 832 2707 871 ac
2733 815 3008 888 tyrannidi
3045 813 3296 870 subditos
3325 830 3337 866 :
3370 809 3538 864 adeo-

1960 925 2067 980 que
2095 910 2244 965 velut
2285 907 2354 963 ad
2398 908 2568 964 Deum
2619 924 2682 963 ac
2728 907 2946 963 Patrem
2995 905 3252 961 dicebat:
3283 921 3302 956 t
3340 901 3540 956 Etuitte
3590 943 3597 950 .

1959 1002 2136 1058 lucem
2196 1009 2368 1067 tuam,
2423 1011 2476 1056 et
2535 1003 2818 1056 veritatem
2874 1009 3021 1054 tuam
3061 997 3132 1052 ³⁹.
3183 1020 3204 1050 ι
3275 995 3535 1064 Qua-nam

1957 1092 2128 1164 igitur
2161 1093 2232 1147 sit
2272 1093 2363 1146 illa
2399 1093 2510 1156 lux,
2547 1102 2599 1147 et
2630 1107 2878 1162 quaenam
2922 1093 3164 1155 veritas,
3192 1090 3372 1160 ipsum
3407 1086 3534 1141 audi

1958 1183 2158 1240 Filium
2192 1187 2464 1242 dicentem
2494 1206 2506 1240 :
2547 1207 2564 1238 ι
2607 1188 2719 1258 Ego
2745 1203 2863 1242 smn
2900 1187 3014 1248 lux,
3046 1192 3100 1237 et
3137 1198 3240 1254 ego
3284 1197 3405 1238 sum
3439 1195 3536 1234 ve-

1957 1275 2182 1330 ritas“.
2219 1296 2238 1329 ι
2270 1277 2422 1342 Quod
2472 1277 2516 1331 si
2575 1277 2640 1332 ad
2678 1293 2778 1332 nos
2825 1276 3061 1330 mittitur
3102 1275 3191 1328 lux
3230 1280 3284 1327 et
3333 1269 3537 1339 veritas

1955 1367 2158 1432 Patris,
2188 1367 2294 1424 hoc
2328 1376 2412 1424 est
2449 1368 2646 1433 Filius,
2683 1369 2960 1440 quomodo
3018 1381 3129 1421 non
3163 1364 3304 1418 alitts
3355 1370 3440 1416 est
3469 1360 3539 1414 ab

1955 1460 2099 1530 ipso,
2125 1463 2270 1532 quod
2308 1461 2373 1516 ad
2424 1462 2703 1532 pr0priam
2749 1461 3074 1533 hyposlasin
3128 1456 3360 1516 attinet,
3407 1455 3537 1508 licet

1953 1569 2124 1607 unum
2158 1555 2225 1608 sit
2257 1570 2383 1608 cum
2432 1550 2552 1625 ipso
2599 1554 2888 1610 identitate
2934 1547 3293 1606 substantiae?
3324 1544 3459 1600 Nam
3489 1541 3535 1598 si

1953 1645 2174 1715 quidam
2211 1646 2286 1698 ita
2315 1661 2427 1700 rem
2458 1660 2580 1700 esse
2619 1661 2728 1699 non
2759 1642 3100 1704 existimant,
3126 1649 3181 1695 et
3204 1637 3344 1693 idem
3371 1643 3538 1706 atque

1953 1753 2095 1792 unus
2117 1745 2202 1792 est
2223 1736 2390 1792 Pater
2411 1752 2474 1790 ac
2495 1736 2670 1792 Filius
2696 1752 2710 1788 :
2738 1735 2930 1806 quidni
2951 1734 3059 1789 alio
3087 1732 3347 1804 precandi
3372 1728 3536 1784 modo

1953 1831 2208 1885 utebatur
2228 1830 2414 1884 divino
2443 1828 2650 1898 Spiritu
2677 1825 2890 1880 aﬂlatus
2941 1823 3230 1879 Psahnista
3251 1820 3531 1873 clamans:

1952 1919 2089 1976 Veni
2121 1921 2186 1975 ad
2239 1935 2359 1988 nos,
2393 1935 2426 1974 ο
2455 1921 2546 1973 lux
2591 1927 2645 1972 et
2694 1916 2938 1971 veritas?
2975 1913 3108 1969 Cum
3159 1921 3343 1965 autem
3388 1909 3536 1962 mitte

1953 2013 2132 2077 dicat,
2175 2013 2364 2082 utique
2413 2012 2581 2065 alium
2635 2008 2928 2080 quemdam
2969 2005 3123 2060 novit
3169 2003 3262 2073 qui
3325 1999 3531 2056 mittat.

1956 2105 2147 2172 alium,
2191 2104 2285 2175 qui
2325 2103 2596 2156 mittatur.
2631 2100 2736 2156 Sed
2785 2098 3066 2155 missionis
3111 2093 3310 2150 modus
3340 2104 3438 2162 pro
3469 2103 3532 2143 eo

1957 2212 2020 2251 ac
2053 2197 2220 2250 Deum
2253 2196 2411 2250 decet
2439 2195 2796 2264 intelligatur.

233 2282 450 2354 ,ἕτερον
496 2280 595 2350 μέν
635 2296 756 2334 τινα
785 2279 1180 2334 ἀποστέλλοντα
1220 2275 1374 2343 εἰδὼς
1398 2323 1412 2346 ,
1440 2281 1627 2353 ἓτερον
1664 2281 1721 2335 δὲ
1753 2282 1844 2336 τὸν
1881 2285 2344 2358 ἀποστελλόμενον
2366 2301 2378 2314 ·
2445 2287 2473 2338 ὁ
2504 2284 2561 2338 δὲ
2590 2283 2689 2354 τῆς
2752 2281 3054 2350 ἀποστολῆς
3081 2279 3278 2352 τρόπος
3309 2273 3532 2330 νοείσθω

249 2369 603 2464 ³θεοπρεπῶς.

337 2465 569 2519 ἈΛΛΟ.
609 2465 686 2518 Δι’
719 2465 848 2518 Υἱοῦ
882 2464 1308 2535 πεποιῆσθαιτά
1349 2466 1525 2519 πάντα
1570 2467 1734 2537 φασὶν
1784 2469 1842 2522 αἱ

263 2556 406 2612 θεῖαι
453 2557 665 2629 Γραφαὶ
715 2558 782 2610 τά
817 2557 988 2627 ὁρατά
1022 2560 1116 2611 καὶ
1155 2559 1222 2611 τά
1274 2558 1501 2628 ἀόρατα,
1535 2558 1600 2612 τά
1644 2560 1702 2613 ὲν
1741 2563 1852 2624 τοῖς

264 2647 513 2721 οὐρανοῖς
560 2649 654 2703 καὶ
681 2648 750 2702 τὰ
784 2650 876 2702 ἐπὶ
908 2649 1001 2720 τῆς
1043 2649 1166 2720 γῆς,
1208 2649 1300 2702 καὶ
1328 2647 1469 2702 οὕτω
1508 2650 1853 2716 πιστεύοντες

265 2742 322 2793 ὲν
357 2739 608 2812 ὀρθότητι
641 2740 940 2812 λογισμῶν,
960 2741 1054 2794 καὶ
1087 2742 1193 2794 τῶν
1223 2743 1320 2810 τῆς
1345 2740 1626 2806 εὐσεϐείας
1651 2743 1851 2814 δογμά-

265 2847 373 2885 των
408 2831 538 2884 εἴσω
584 2831 898 2902 βεϐήκαμεν
933 2833 981 2884 οἱ
1023 2831 1120 2901 τῆς
1153 2831 1410 2902 ἀληθείας
1453 2835 1845 2903 προσκυνηταί.

267 2921 475 2975 Οὐκοῦν
498 2922 838 2992 ἐξετάσωμεν
861 2922 922 2976 τὸ
958 2920 1055 2975 διὰ
1082 2923 1186 2977 τοῦ
1223 2924 1382 2988 Υἱοῦ,
1410 2925 1504 2977 καὶ
1529 2925 1688 2978 ποίαν
1712 2925 1847 2995 ἡμῖν

266 3010 510 3084 εἰσφέρει
536 3013 633 3083 τὴν
659 3010 896 3068 διάνοιαν
921 3014 1321 3087 ὲρευνήσωμεν.
1357 3014 1494 3067 Ἀλλ’
1525 3014 1638 3069 ἐστι
1669 3015 1845 3086 δῆλον,

261 3105 338 3164 ὡς
363 3108 547 3177 ἕτερον
577 3109 676 3177 μέν
708 3126 829 3162 τινα
851 3112 990 3162 νοεῖν
1018 3109 1298 3162 ἀναπείθει
1326 3109 1414 3163 τὸν
1445 3111 1700 3164 ποιοῦντα
1748 3113 1842 3164 καὶ

263 3197 650 3268 ἐργαζόμενον,
683 3199 866 3271 ἕτερον
893 3199 947 3252 δέ
986 3217 1105 3253 τινα
1131 3201 1220 3252 τὸν
1240 3201 1317 3253 δι’
1343 3197 1402 3255 οὗ
1439 3202 1505 3255 τά
1550 3202 1725 3256 πάντα
1751 3206 1843 3274 ἐρ-

261 3286 505 3356 γάζεται.
537 3287 642 3341 Δύο
671 3288 780 3360 γάρ
821 3289 1130 3360 προσώπων
1159 3290 1234 3354 ὡς
1282 3291 1340 3358 ἐξ
1382 3293 1627 3363 ἀνάγκης
1670 3293 1848 3365 παράο

265 3397 454 3433 στασιν
509 3381 622 3450 ἔχει
680 3380 766 3434 τὺ⁶
799 3381 874 3435 δι’
919 3382 1057 3436 Υἱοῦ
1100 3382 1132 3453 ἦ
1189 3382 1494 3452 λεγέτωσαν
1540 3385 1680 3438 κατά
1727 3386 1847 3441 τίνα

263 3470 462 3542 τρόπον
489 3471 549 3524 τὸ
577 3471 634 3524 ἒν
663 3472 737 3535 ὡς
771 3473 828 3526 ἐν
865 3472 1105 3544 ἀριθμῷ,
1131 3476 1223 3528 καὶ
1248 3477 1312 3547 τῇ
1343 3477 1464 3528 κατ’
1498 3477 1657 3530 αὐτὸν
1688 3479 1848 3532 ποσό-

262 3577 385 3634 τητι
426 3563 485 3616 ἐν
534 3563 608 3633 τῷ
659 3580 712 3616 τι
755 3567 930 3618 ποιεῖν
959 3565 1236 3634 λέγεσθαι,
1268 3565 1328 3619 τὸ
1357 3565 1430 3620 δι’
1468 3567 1602 3622 Υιοῦ
1647 3569 1850 3641 κυρίως

264 3656 358 3708 ita).
408 3655 620 3726 άληθῶς
659 3656 994 3724 ὲπιδέξεται,
1030 3657 1242 3722 οὐδενὸς
1272 3658 1460 3729 ἐτέρου
1501 3676 1845 3714 συνεπινοου-

268 3746 428 3818 μένου
478 3749 570 3800 καὶ
623 3750 1088 3818 συνειστρέχοντος
1130 3767 1143 3780 ·
1177 3750 1292 3803 ἀλλ’
1339 3744 1490 3821 οἶμαι
1567 3753 1848 3818 παντελῶς

263 3838 562 3909 ἀπορήσειν
591 3839 714 3904 τοὺς
745 3839 811 3892 δι’
839 3841 1102 3904 ἐναντίας.
1143 3841 1355 3914 Ἐπειδὴ
1387 3843 1442 3896 δὲ
1490 3843 1584 3896 τὸν
1629 3844 1846 3916 Πατέρα

261 3933 327 3987 δι’
359 3933 490 3987 Υἰοῦ
528 3933 595 3986 τά
637 3933 815 3988 πάντα
848 3933 1155 4004 εἰργάσθαι,
1175 3935 1269 3987 καὶ
1301 3934 1458 3988 αὐταὶ
1487 3934 1844 4006 κηρύττουσιν

260 4027 316 4080 αἱ
348 4025 490 4079 θεῖαι
515 4025 750 4098 Γραφαὶ,
785 4027 879 4078 καὶ
911 4027 1075 4097 ἡμεῖς
1108 4025 1433 4097 πιστεύομεν
1454 4069 1467 4090 ,
1497 4023 1650 4098 οἴμαι
1678 4028 1733 4081 δὲ
1763 4029 1844 4081 ὅτι

259 4118 510 4178 κακεῖνος
531 4131 543 4144 ·
574 4114 691 4177 πῶς
729 4115 828 4168 οὐκ
871 4115 1085 4185 ἀνάγκη
1131 4118 1270 4168 νοεῖν
1304 4117 1521 4188 Πατέρα
1549 4117 1646 4188 μὲν
1677 4114 1838 4184 ἰδίως,

257 4205 336 4268 ὡς
369 4203 491 4257 καθ’
525 4204 718 4258 ἑαυτὸν
775 4205 1094 4274 ὑφεστᾶναι.
1130 4203 1258 4256 Υἰὸν
1295 4205 1351 4258 δὲ
1404 4205 1565 4258 πάλιν
1617 4207 1839 4277 ὁμοίως,

255 4297 360 4350 οὐκ
390 4295 788 4367 ἀνατρέποντος
818 4295 1005 4349 τούτου
1036 4295 1096 4348 τὸ
1122 4297 1180 4348 ὲν
1208 4295 1492 4367 ταυτότητι
1525 4298 1625 4368 τῆς
1657 4298 1842 4362 οὐσίας

254 4387 356 4460 τὴν
377 4388 540 4456 ,ἀγίαν
571 4387 802 4456 ὁρᾶσθαι
835 4387 1036 4459 Τριάδα
1063 4404 1076 4454 ;
1396 4379 1402 4385 ’

851 4499 1124 4564 ,ΚΕΦΑΛ.
1166 4501 1239 4554 I".

253 4588 378 4660 Ὅτι
410 4588 551 4660 Θεὸς
584 4587 734 4660 κατὰ
757 4589 964 4660 φύσιν,
1001 4589 1096 4642 καί
1121 4588 1254 4660 κατῖ
1271 4587 1489 4660 οὐδένα
1528 4587 1768 4657 τρόπον,
1796 4590 1834 4660 ἢ

321 4658 608 4721 ἐλάττων,
636 4658 675 4723 ἦ
701 4657 982 4727 ἀνόμοιός
1005 4660 1134 4712 ἐστι
1161 4659 1267 4712 τοῦ
1292 4659 1524 4728 Πατρός
1546 4663 1578 4713 ό
1609 4660 1759 4726 Υἱός.

741 4751 847 4804 Καὶ
893 4751 1038 4816 Θεὸς
1071 4747 1148 4822 ἦν
1177 4754 1210 4805 ὀ
1240 4751 1447 4821 Λόγος.

322 4843 440 4896 Οὐκ
469 4843 736 4914 ἠγνόησεν
764 4845 792 4896 ὁ
823 4845 1296 4916 πνευματοφόρος,
1332 4844 1410 4908 ὡς
1446 4845 1839 4917 ἀναστήσονται

246 4949 399 4996 τινες
441 4933 499 4986 ὲν
541 4933 788 5008 ἐσχάτοις
828 4937 1041 5005 καιροῖς
1089 4935 1186 5005 τῆς
1217 4935 1310 4988 τοῦ
1347 4936 1682 5006 Μονογενοῦς
1708 4954 1841 4990 κατ-

248 5023 579 5097 ηγοροῦντες
605 5025 822 5090 οὐσίας,
876 5027 972 5079 καὶ
1012 5027 1102 5079 τὸν
1147 5027 1487 5098 ἀγοράσαντα
1516 5029 1713 5092 αὐτοὺς
1745 5033 1840 5082 Δε-

251 5116 462 5186 σπότην
495 5114 848 5186 ἀρνούμενοι,
891 5116 978 5170 διὰ
1015 5116 1108 5170 τοῦ
1140 5117 1282 5170 κατά
1315 5118 1476 5187 φύσιν
1518 5119 1726 5173 οἴεσθαι
1761 5119 1837 5192 μὴ

249 5205 394 5262 εἶναι
422 5205 552 5259 Θεὸν
583 5208 674 5260 τὸν
701 5208 764 5260 ὲκ
799 5205 933 5260 Θεοῦ
961 5208 1056 5261 καὶ
1087 5208 1299 5280 [ἰατρὸς
1332 5209 1609 5280 πεφηνότα
1639 5210 1830 5279 Λόγον,

247 5299 388 5354 ἀλλὰ
420 5298 571 5352 νόθον
602 5297 790 5366 ὥσπερ
821 5298 940 5352 τινά
988 5292 1082 5352 καὶ
1111 5297 1462 5370 ψευδώνυμον
1490 5300 1620 5369 ἡμῖν
1649 5302 1834 5353 ἐπεισ-

247 5389 542 5462 φέρεσθαι,
596 5389 656 5441 τὸ
710 5389 807 5459 μὲν
860 5389 963 5457 τῆς
1014 5389 1262 5460 υἱότητός
1320 5406 1381 5443 τε
1437 5389 1534 5442 καὶ
1579 5387 1832 5461 θεότητος

246 5482 422 5553 ὄνομα
466 5480 848 5551 περικείμενον
869 5521 882 5545 ,
929 5480 1123 5552 ἔχοντα
1148 5481 1205 5535 δὲ
1239 5482 1336 5553 οὐχ
1365 5481 1507 5534 οὕτω
1531 5480 1674 5534 κατά
1703 5479 1837 5550 ἀλή-

247 5573 424 5627 θειαν.
463 5573 686 5643 Ὅμοιόν
719 5590 770 5626 τι
797 5571 1044 5627 ποιοῦσιν
1081 5574 1130 5626 οξ
1163 5572 1483 5644 τὴνἎρείου
1515 5571 1833 5627 δυσσέϐειαν

319 5754 364 5785 ³⁹
409 5753 550 5810 P531.
595 5769 737 5814 XLII,
771 5753 824 5806 5.
904 5751 1123 5805 ⁵⁰.1();ιιι.
1170 5751 1405 5813 \‘ll',l"2',
1452 5769 1556 5816 τιν,
1589 5750 1640 5804 6.

2025 2459 2255 2516 ALIUD.
2320 2459 2423 2514 l’er
2475 2458 2678 2514 Filium
2742 2457 3036 2529 Scriptum
3095 2457 3292 2512 divinae
3347 2462 3528 2514 omnia

1951 2549 2095 2604 facta
2137 2564 2260 2604 esse
2306 2547 2522 2612 dicunt,
2567 2547 2804 2604 visibilia
2838 2556 2891 2602 et
2921 2548 3234 2611 invisibilia,
3285 2549 3529 2604 cmlestia

1952 2657 2015 2695 ac
2044 2649 2258 2695 terrena
2287 2653 2302 2692 :
2332 2646 2498 2710 atque
2527 2639 2601 2694 ita
2634 2639 2930 2694 credentes
2969 2638 3073 2709 19
3102 2640 3154 2692 in
3195 2639 3531 2695 rectitudine

1953 2732 2219 2786 doctrinre
2267 2740 2317 2785 et
2376 2731 2598 2800 pietatis
2645 2729 2962 2798 dogmatutn
3012 2729 3319 2784 incedimus
3371 2738 3530 2800 quot-

1953 2826 2086 2888 quot
2116 2819 2404 2872 veritatem
2445 2818 2699 2871 colimus.
2740 2816 3128 2886 lﬁxpendamus
3163 2817 3331 2886 igitur
3371 2817 3528 2883 illud,

1952 2924 2044 2978 per
2075 2907 2301 2971 Filium,
2335 2915 2390 2964 et
2421 2908 2640 2978 qualem
2675 2907 2836 2963 nobis
2867 2923 3090 2961 sensum
3137 2908 3337 2963 inferat
3370 2907 3530 2962 inda-

1954 3017 2165 3072 gemus.
2211 3002 2374 3071 Atqui
2413 2998 2766 3055 manifestum
2814 3008 2899 3054 est
2943 3001 3109 3054 alium
3146 3001 3363 3070 quidem
3397 3016 3530 3056 cen-

1954 3093 2187 3147 sendmn
2245 3108 2369 3148 esse
2427 3107 2551 3147 emn
2602 3092 2695 3161 qui
2753 3090 2883 3145 facit
2929 3101 2982 3146 et
3031 3101 3318 3162 operatur,
3361 3093 3526 3147 alium

1947 3199 2078 3238 vero
2113 3199 2235 3238 eum
2272 3199 2367 3254 per
2393 3198 2556 3253 quem
2594 3185 2852 3238 universa
2883 3192 3163 3253 operatur.
3199 3183 3349 3239 Duas
3380 3185 3524 3239 enim

1948 3291 2215 3346 personas
2253 3275 2570 3331 necessario
2621 3276 2782 3331 nobis
2829 3276 3054 3330 exhibet
3103 3276 3255 3338 illud,
3291 3293 3383 3347 per
3417 3275 3525 3330 Fi—

1950 3369 2124 3422 lium:
2153 3369 2451 3423 autdieant
2483 3383 2594 3438 quo
2632 3375 2796 3438 pacto
2830 3368 2986 3432 illttd,
3017 3385 3110 3436 per
3139 3368 3364 3431 Filium.
3399 3385 3527 3440 pro-

1947 3459 2064 3529 prie
2098 3475 2162 3514 ac
2190 3475 2318 3515 vere
2343 3461 2396 3514 in
2431 3475 2490 3515 re
2522 3460 2773 3514 facienda
2807 3475 2974 3515 unum
3009 3476 3239 3515 numero
3275 3470 3328 3515 et
3356 3477 3526 3531 quan-

1947 3549 2108 3604 tit'ate
2136 3549 2564 3619 cbmpleetetur,
2599 3549 2646 3604 si
2681 3548 2816 3602 nihil
2865 3548 3016 3602 aliud
3055 3550 3218 3604 simul
3249 3549 3524 3621 intelliga-

1949 3651 2038 3696 tur
2063 3649 2118 3696 et
2150 3640 2218 3695 ad
2253 3640 2597 3711 operandum
2647 3649 2982 3705 concurrat;
3031 3647 3086 3694 at
3137 3640 3228 3694 hic
3277 3641 3525 3697 haesuros

1947 3736 2111 3806 plane
2148 3733 2496 3789 adversarios
2544 3741 2700 3803 puto.
2747 3731 2884 3787 Cum
2936 3740 3121 3788 autem
3170 3734 3386 3789 Patrem
3427 3751 3524 3805 per

1947 3824 2143 3880 Filium
2199 3827 2382 3880 omnia
2438 3826 2637 3881 fecisse
2685 3834 2740 3880 et
2796 3827 2927 3896 ipsae
2969 3825 3169 3880 divinae
3227 3825 3524 3897 Scriptura!

1946 3915 2269 3987 praedicent,
2313 3923 2368 3968 et
2396 3930 2499 3970 nos
2529 3914 2842 3981 credamus,
2881 3915 3062 3984 itaque
3093 3929 3194 3985 ego
3224 3923 3467 3970 statuam
3504 3932 3518 3969 :

1947 4024 2132 4065 nonne
2171 4022 2395 4063 necesse
2437 4016 2522 4064 est
2556 4007 2859 4078 intelligere
2891 4005 3106 4062 Patrem
3143 4007 3362 4078 quidem
3393 4021 3522 4077 pro-

1945 4105 2061 4173 prie
2095 4103 2148 4156 in
2199 4117 2258 4157 se
2293 4101 2626 4164 subsistere,
2669 4113 2734 4154 ac
2781 4099 3033 4155 similiter
3074 4097 3303 4160 Filium,
3341 4113 3520 4169 neque

1946 4193 1998 4248 id
2049 4193 2272 4248 obstare
2323 4193 2625 4263 quominus
2677 4198 2870 4246 sancta
2907 4189 3146 4245 Trinitas
3178 4189 3520 4258 intelligatur

1946 4288 2000 4340 in
2033 4284 2319 4339 identitatc
2354 4283 2717 4338 substantia}?

2561 4481 2713 4536 CAP.
2769 4478 2860 4534 111.

1945 4574 2098 4640 Quod
2152 4573 2287 4629 Deus
2323 4575 2608 4629 secundum
2651 4583 2928 4634 naturam,
2973 4589 3064 4626 nec
3102 4573 3210 4626 ullo
3244 4574 3395 4628 modo
3422 4585 3516 4629 aut

2160 4647 2352 4706 minor.
2385 4654 2478 4698 aut
2505 4644 2786 4698 dissimilis
2822 4643 2982 4697 Patri
3008 4645 3078 4696 sit
3107 4643 3301 4697 Filius.

2292 4740 2347 4805 l,
2390 4741 2441 4793 1.
2485 4737 2552 4791 Et
2589 4738 2726 4792 Deus
2761 4747 2875 4792 erat
2918 4737 3160 4792 Verbum.

2013 4830 2130 4887 Non
2166 4830 2437 4903 ignoravit
2461 4829 2649 4883 divino
2683 4830 2893 4898 Spiritu
2931 4827 3145 4884 alﬂatus
3177 4828 3514 4896 evangelista

1944 4926 2236 4994 postremis
2267 4921 2606 4994 temporibus
2633 4922 2986 4978 suborituros
3015 4921 3232 4990 aliquos
3262 4918 3358 4988 qui
3383 4916 3515 4972 sub-

1943 5017 2160 5072 stantia:
2186 5016 2464 5089 Unigeuiti
2495 5017 2882 5079 detraherent,
2931 5021 2986 5068 et
3015 5012 3305 5066 Dominum
3339 5025 3368 5062 a
3401 5022 3514 5078 quo

1944 5109 2208 5178 redempti
2238 5119 2367 5163 sunt
2411 5117 2714 5178 negarent.
2758 5121 2880 5163 eum
2915 5103 3212 5162 secundum
3254 5109 3509 5154 naturam

1941 5218 2048 5256 non
2078 5216 2200 5256 esse
2226 5199 2390 5255 Deum
2419 5217 2484 5254 ex
2518 5201 2630 5255 Deo
2649 5209 2703 5254 et
2732 5200 2890 5253 Patre
2915 5196 3156 5267 genitum
3189 5193 3508 5254 asserenda,

1939 5295 2033 5352 sed
2062 5294 2310 5366 spurium
2350 5294 2507 5348 nobis
2537 5293 2703 5347 veluti
2727 5289 3016 5360 quemdam
3042 5291 3097 5340 et
3119 5283 3242 5339 falsi
3269 5282 3508 5338 nominis

1938 5389 2282 5453 invehendo,
2327 5387 2609 5443 liliationis
2661 5385 2880 5456 quidem
2923 5394 2988 5436 ac
3025 5378 3248 5435 deitatis
3284 5376 3509 5433 nomine

1937 5481 2272 5548 redimitum,
2307 5480 2402 5536 sed
2432 5479 2505 5534 ita
2539 5494 2598 5533 se
2628 5489 2817 5532 revera
2848 5489 2954 5529 non
2985 5473 3295 5527 habentem.
3318 5467 3509 5524 Simile

1937 5574 2198 5644 quiddam
2249 5572 2503 5637 faciunt,
2549 5569 2644 5639 qui
2695 5566 2976 5622 Iudaicam
3018 5565 3132 5620 Arii
3165 5562 3508 5634 impietatem
