  <div class='ocr_page' id='page_1' title='image "/cluster/home/n/w/nwhite01/storage/ocr_20150623/73/hvd.32044019207877/028.png"; bbox 0 0 4168 6532; ppageno 0'>
   <div class='ocr_carea' id='block_1_1' title="bbox 276 332 1847 403">
    <p class='ocr_par' dir='ltr' id='par_1_1' title="bbox 276 339 1843 403">
     <span class='ocr_line' id='line_1_1' title="bbox 276 339 1843 403; baseline -0.004 0"><span class='ocrx_word' id='word_1_1' title='bbox 276 351 345 403; x_wconf 81' lang='lat'><strong>57</strong></span> <span class='ocrx_word' id='word_1_2' title='bbox 1281 346 1344 400; x_wconf 76' lang='grc' dir='ltr'><strong>ΙΝ</strong></span> <span class='ocrx_word' id='word_1_3' title='bbox 1378 342 1668 400; x_wconf 77' lang='lat' dir='ltr'><strong>JOANNIS</strong></span> <span class='ocrx_word' id='word_1_4' title='bbox 1710 339 1843 397; x_wconf 80' lang='lat' dir='ltr'><strong>EVA</strong></span> 
     </span>
    </p>
   </div>
   <div class='ocr_carea' id='block_1_2' title="bbox 1951 332 3535 403">
    <p class='ocr_par' dir='ltr' id='par_1_2' title="bbox 1951 332 3535 396">
     <span class='ocr_line' id='line_1_2' title="bbox 1951 332 3535 396; baseline -0.005 -2"><span class='ocrx_word' id='word_1_5' title='bbox 1951 337 2159 395; x_wconf 78' lang='lat' dir='ltr'><strong>ELIUM</strong></span> <span class='ocrx_word' id='word_1_6' title='bbox 2206 336 2331 396; x_wconf 67' lang='grc' dir='ltr'><strong>ΜΒ.</strong></span> <span class='ocrx_word' id='word_1_7' title='bbox 2371 333 2431 394; x_wconf 68' lang='grc'><strong>1.’</strong></span> <span class='ocrx_word' id='word_1_8' title='bbox 3464 332 3535 387; x_wconf 76' lang='lat'><strong>38</strong></span> 
     </span>
    </p>
   </div>
   <div class='ocr_carea' id='block_1_3' title="bbox 280 447 1847 537">
    <p class='ocr_par' dir='ltr' id='par_1_3' title="bbox 280 461 1847 537">
     <span class='ocr_line' id='line_1_3' title="bbox 280 461 1847 537; baseline -0.005 -18"><span class='ocrx_word' id='word_1_9' title='bbox 280 465 438 537; x_wconf 79' lang='grc' dir='ltr'>ῳδὸς,</span> <span class='ocrx_word' id='word_1_10' title='bbox 467 464 564 535; x_wconf 88' lang='grc' dir='ltr'><strong>οὐχ</strong></span> <span class='ocrx_word' id='word_1_11' title='bbox 588 464 789 533; x_wconf 89' lang='grc' dir='ltr'>ετέρως</span> <span class='ocrx_word' id='word_1_12' title='bbox 820 462 1080 518; x_wconf 87' lang='grc' dir='ltr'>δύνασθαι</span> <span class='ocrx_word' id='word_1_13' title='bbox 1122 461 1453 532; x_wconf 80' lang='grc' dir='ltr'><strong>διασωθῆναι</strong></span> <span class='ocrx_word' id='word_1_14' title='bbox 1482 463 1544 515; x_wconf 84' lang='grc' dir='ltr'><strong>τὸ</strong></span> <span class='ocrx_word' id='word_1_15' title='bbox 1583 462 1739 530; x_wconf 86' lang='grc' dir='ltr'>γένος</span> <span class='ocrx_word' id='word_1_16' title='bbox 1780 462 1847 512; x_wconf 67' lang='lat' dir='ltr'><strong>ev.</strong></span> 
     </span>
    </p>
   </div>
   <div class='ocr_carea' id='block_1_4' title="bbox 1951 447 3532 537">
    <p class='ocr_par' dir='ltr' id='par_1_4' title="bbox 1970 447 3532 527">
     <span class='ocr_line' id='line_1_4' title="bbox 1970 447 3532 527; baseline -0.006 -18"><span class='ocrx_word' id='word_1_17' title='bbox 1970 457 2127 511; x_wconf 88' lang='lat' dir='ltr'><strong>aliter</strong></span> <span class='ocrx_word' id='word_1_18' title='bbox 2147 458 2358 513; x_wconf 86' lang='lat' dir='ltr'><strong>servari</strong></span> <span class='ocrx_word' id='word_1_19' title='bbox 2389 471 2554 527; x_wconf 82' lang='lat' dir='ltr'><strong>posse</strong></span> <span class='ocrx_word' id='word_1_20' title='bbox 2572 470 2747 527; x_wconf 84' lang='lat' dir='ltr'><strong>genus</strong></span> <span class='ocrx_word' id='word_1_21' title='bbox 2769 454 3072 509; x_wconf 89' lang='lat' dir='ltr'><strong>humanum</strong></span> <span class='ocrx_word' id='word_1_22' title='bbox 3100 447 3351 523; x_wconf 86' lang='lat' dir='ltr'><strong>putabat,</strong></span> <span class='ocrx_word' id='word_1_23' title='bbox 3370 463 3532 518; x_wconf 87' lang='lat' dir='ltr'><strong>quam</strong></span> 
     </span>
    </p>
   </div>
   <div class='ocr_carea' id='block_1_5' title="bbox 275 550 1863 628">
    <p class='ocr_par' dir='ltr' id='par_1_5' title="bbox 275 550 1863 628">
     <span class='ocr_line' id='line_1_5' title="bbox 275 550 1863 628; baseline -0.004 -17"><span class='ocrx_word' id='word_1_24' title='bbox 275 560 413 613; x_wconf 75' lang='lat' dir='ltr'><strong>avdet</strong></span> <span class='ocrx_word' id='word_1_25' title='bbox 444 558 505 612; x_wconf 77' lang='grc' dir='ltr'><strong>τὸ</strong></span> <span class='ocrx_word' id='word_1_26' title='bbox 532 556 895 628; x_wconf 82' lang='grc' dir='ltr'>ἀνθρώπινον,</span> <span class='ocrx_word' id='word_1_27' title='bbox 925 556 972 608; x_wconf 89' lang='grc' dir='ltr'>εἰ</span> <span class='ocrx_word' id='word_1_28' title='bbox 1009 553 1083 624; x_wconf 76' lang='grc' dir='ltr'>μὴ</span> <span class='ocrx_word' id='word_1_29' title='bbox 1109 553 1196 606; x_wconf 84' lang='grc' dir='ltr'><strong>διά</strong></span> <span class='ocrx_word' id='word_1_30' title='bbox 1224 552 1391 623; x_wconf 87' lang='grc' dir='ltr'>μόνης</span> <span class='ocrx_word' id='word_1_31' title='bbox 1412 555 1510 620; x_wconf 83' lang='grc' dir='ltr'><strong>τῆς</strong></span> <span class='ocrx_word' id='word_1_32' title='bbox 1545 550 1863 621; x_wconf 78' lang='grc' dir='ltr'><strong>ἐπιφανείας</strong></span> 
     </span>
    </p>
   </div>
   <div class='ocr_carea' id='block_1_6' title="bbox 273 644 1863 717">
    <p class='ocr_par' dir='ltr' id='par_1_6' title="bbox 273 644 1863 717">
     <span class='ocr_line' id='line_1_6' title="bbox 273 644 1863 717; baseline -0.004 -14"><span class='ocrx_word' id='word_1_33' title='bbox 273 649 367 703; x_wconf 76' lang='grc' dir='ltr'>τοῦ</span> <span class='ocrx_word' id='word_1_34' title='bbox 400 649 531 702; x_wconf 88' lang='grc' dir='ltr'>Υίοῦ</span> <span class='ocrx_word' id='word_1_35' title='bbox 557 649 651 702; x_wconf 76' lang='grc' dir='ltr'><strong>τού</strong></span> <span class='ocrx_word' id='word_1_36' title='bbox 696 647 852 710; x_wconf 82' lang='grc' dir='ltr'>Θεοῦ,</span> <span class='ocrx_word' id='word_1_37' title='bbox 884 644 979 699; x_wconf 78' lang='grc' dir='ltr'>τοῦ</span> <span class='ocrx_word' id='word_1_38' title='bbox 1021 644 1199 699; x_wconf 85' lang='grc' dir='ltr'>πάντα</span> <span class='ocrx_word' id='word_1_39' title='bbox 1244 644 1459 717; x_wconf 77' lang='grc' dir='ltr'><strong>ῥᾳδίως,</strong></span> <span class='ocrx_word' id='word_1_40' title='bbox 1493 644 1578 714; x_wconf 76' lang='grc' dir='ltr'><strong>ἐφ’</strong></span> <span class='ocrx_word' id='word_1_41' title='bbox 1617 644 1756 715; x_wconf 83' lang='grc' dir='ltr'>ὅπερ</span> <span class='ocrx_word' id='word_1_42' title='bbox 1797 644 1863 698; x_wconf 85' lang='grc' dir='ltr'>ἂν</span> 
     </span>
    </p>
   </div>
   <div class='ocr_carea' id='block_1_7' title="bbox 276 732 1861 813">
    <p class='ocr_par' dir='ltr' id='par_1_7' title="bbox 276 732 1861 813">
     <span class='ocr_line' id='line_1_7' title="bbox 276 732 1861 813; baseline -0.004 -18"><span class='ocrx_word' id='word_1_43' title='bbox 276 742 516 813; x_wconf 82' lang='grc' dir='ltr'>βούλοιτο</span> <span class='ocrx_word' id='word_1_44' title='bbox 572 736 1035 811; x_wconf 76' lang='grc' dir='ltr'>μεταρῤυθμίζειν</span> <span class='ocrx_word' id='word_1_45' title='bbox 1090 734 1381 806; x_wconf 84' lang='grc' dir='ltr'>ἰσχύοντος.</span> <span class='ocrx_word' id='word_1_46' title='bbox 1433 737 1531 789; x_wconf 89' lang='grc' dir='ltr'>Διά</span> <span class='ocrx_word' id='word_1_47' title='bbox 1575 751 1654 789; x_wconf 90' lang='grc' dir='ltr'><strong>τοι</strong></span> <span class='ocrx_word' id='word_1_48' title='bbox 1702 732 1861 789; x_wconf 79' lang='grc' dir='ltr'>τοῦτο</span> 
     </span>
    </p>
   </div>
   <div class='ocr_carea' id='block_1_8' title="bbox 275 825 1857 903">
    <p class='ocr_par' dir='ltr' id='par_1_8' title="bbox 275 825 1857 903">
     <span class='ocr_line' id='line_1_8' title="bbox 275 825 1857 903; baseline -0.005 -16"><span class='ocrx_word' id='word_1_49' title='bbox 275 831 588 903; x_wconf 78' lang='grc' dir='ltr'>πέμπεσθαι</span> <span class='ocrx_word' id='word_1_50' title='bbox 641 830 775 901; x_wconf 82' lang='grc' dir='ltr'>πρὸς</span> <span class='ocrx_word' id='word_1_51' title='bbox 831 828 979 899; x_wconf 82' lang='grc' dir='ltr'>ἡμᾶς</span> <span class='ocrx_word' id='word_1_52' title='bbox 1024 828 1323 899; x_wconf 84' lang='grc' dir='ltr'>παρεκάλει</span> <span class='ocrx_word' id='word_1_53' title='bbox 1374 826 1463 883; x_wconf 78' lang='grc' dir='ltr'><strong>τὸν</strong></span> <span class='ocrx_word' id='word_1_54' title='bbox 1494 826 1641 891; x_wconf 76' lang='grc' dir='ltr'>Υίὸν,</span> <span class='ocrx_word' id='word_1_55' title='bbox 1669 825 1763 882; x_wconf 84' lang='grc' dir='ltr'>ἆτε</span> <span class='ocrx_word' id='word_1_56' title='bbox 1795 826 1857 898; x_wconf 83' lang='grc' dir='ltr'><strong>δὴ</strong></span> 
     </span>
    </p>
   </div>
   <div class='ocr_carea' id='block_1_9' title="bbox 275 916 1859 994">
    <p class='ocr_par' dir='ltr' id='par_1_9' title="bbox 275 916 1859 994">
     <span class='ocr_line' id='line_1_9' title="bbox 275 916 1859 994; baseline -0.003 -17"><span class='ocrx_word' id='word_1_57' title='bbox 275 925 368 977; x_wconf 76' lang='grc' dir='ltr'><strong>καὶ</strong></span> <span class='ocrx_word' id='word_1_58' title='bbox 416 925 572 994; x_wconf 87' lang='grc' dir='ltr'>μόνον</span> <span class='ocrx_word' id='word_1_59' title='bbox 626 918 910 983; x_wconf 71' lang='grc' dir='ltr'>διασώζειν</span> <span class='ocrx_word' id='word_1_60' title='bbox 953 919 1203 990; x_wconf 80' lang='grc' dir='ltr'><strong>ἰσχύοντα</strong></span> <span class='ocrx_word' id='word_1_61' title='bbox 1248 921 1375 984; x_wconf 79' lang='grc' dir='ltr'>τοὺς</span> <span class='ocrx_word' id='word_1_62' title='bbox 1408 916 1512 974; x_wconf 80' lang='grc' dir='ltr'><strong>ὑπὸ</strong></span> <span class='ocrx_word' id='word_1_63' title='bbox 1561 920 1717 990; x_wconf 83' lang='grc' dir='ltr'>χεῖρα</span> <span class='ocrx_word' id='word_1_64' title='bbox 1766 918 1859 974; x_wconf 79' lang='grc' dir='ltr'><strong>καὶ</strong></span> 
     </span>
    </p>
   </div>
   <div class='ocr_carea' id='block_1_10' title="bbox 274 1009 1857 1081">
    <p class='ocr_par' dir='ltr' id='par_1_10' title="bbox 274 1009 1857 1081">
     <span class='ocr_line' id='line_1_10' title="bbox 274 1009 1857 1081; baseline -0.003 -15"><span class='ocrx_word' id='word_1_65' title='bbox 274 1013 583 1077; x_wconf 78' lang='grc' dir='ltr'>πλεονεξίαν</span> <span class='ocrx_word' id='word_1_66' title='bbox 628 1011 956 1080; x_wconf 86' lang='grc' dir='ltr'>γενομένους</span> <span class='ocrx_word' id='word_1_67' title='bbox 983 1009 1329 1081; x_wconf 77' lang='grc' dir='ltr'>διαϐολικήνο</span> <span class='ocrx_word' id='word_1_68' title='bbox 1372 1010 1464 1063; x_wconf 76' lang='grc' dir='ltr'><strong>καὶ</strong></span> <span class='ocrx_word' id='word_1_69' title='bbox 1518 1010 1582 1080; x_wconf 82' lang='grc' dir='ltr'>δὴ</span> <span class='ocrx_word' id='word_1_70' title='bbox 1622 1009 1857 1078; x_wconf 77' lang='grc' dir='ltr'>ἔφασκεν</span> 
     </span>
    </p>
   </div>
   <div class='ocr_carea' id='block_1_11' title="bbox 271 1098 1856 1175">
    <p class='ocr_par' dir='ltr' id='par_1_11' title="bbox 271 1098 1856 1175">
     <span class='ocr_line' id='line_1_11' title="bbox 271 1098 1856 1175; baseline -0.002 -18"><span class='ocrx_word' id='word_1_71' title='bbox 271 1105 343 1169; x_wconf 84' lang='grc' dir='ltr'>ὼς</span> <span class='ocrx_word' id='word_1_72' title='bbox 370 1105 504 1175; x_wconf 70' lang='grc' dir='ltr'>πρὸς</span> <span class='ocrx_word' id='word_1_73' title='bbox 540 1104 630 1157; x_wconf 84' lang='grc' dir='ltr'><strong>τὸν</strong></span> <span class='ocrx_word' id='word_1_74' title='bbox 684 1102 815 1155; x_wconf 80' lang='grc' dir='ltr'>Θεὸν</span> <span class='ocrx_word' id='word_1_75' title='bbox 846 1103 941 1155; x_wconf 70' lang='grc' dir='ltr'><strong>καὶ</strong></span> <span class='ocrx_word' id='word_1_76' title='bbox 978 1102 1197 1173; x_wconf 83' lang='grc' dir='ltr'>Πατέρα</span> <span class='ocrx_word' id='word_1_77' title='bbox 1219 1119 1233 1132; x_wconf 72' lang='grc' dir='ltr'><strong><em>ο</em></strong></span> <span class='ocrx_word' id='word_1_78' title='bbox 1276 1121 1293 1153; x_wconf 83' lang='grc' dir='ltr'><strong>ι</strong></span> <span class='ocrx_word' id='word_1_79' title='bbox 1343 1098 1754 1166; x_wconf 81' lang='grc' dir='ltr'>Ἑξαπόστειλον</span> <span class='ocrx_word' id='word_1_80' title='bbox 1798 1100 1856 1154; x_wconf 79' lang='grc' dir='ltr'>τὸ</span> 
     </span>
    </p>
   </div>
   <div class='ocr_carea' id='block_1_12' title="bbox 272 1185 1856 1265">
    <p class='ocr_par' dir='ltr' id='par_1_12' title="bbox 272 1185 1856 1265">
     <span class='ocr_line' id='line_1_12' title="bbox 272 1185 1856 1265; baseline -0.003 -16"><span class='ocrx_word' id='word_1_81' title='bbox 272 1195 385 1265; x_wconf 83' lang='grc' dir='ltr'>φῶς</span> <span class='ocrx_word' id='word_1_82' title='bbox 438 1207 533 1248; x_wconf 89' lang='grc' dir='ltr'><strong>σου</strong></span> <span class='ocrx_word' id='word_1_83' title='bbox 591 1192 685 1247; x_wconf 70' lang='grc' dir='ltr'>καὶ</span> <span class='ocrx_word' id='word_1_84' title='bbox 736 1192 837 1263; x_wconf 83' lang='grc' dir='ltr'><strong>τὴν</strong></span> <span class='ocrx_word' id='word_1_85' title='bbox 871 1192 1128 1263; x_wconf 78' lang='grc' dir='ltr'>ἀλήθειάν</span> <span class='ocrx_word' id='word_1_86' title='bbox 1180 1209 1296 1245; x_wconf 90' lang='grc' dir='ltr'>σου.</span> <span class='ocrx_word' id='word_1_87' title='bbox 1340 1211 1357 1243; x_wconf 76' lang='grc' dir='ltr'><strong>ι</strong></span> <span class='ocrx_word' id='word_1_88' title='bbox 1414 1191 1573 1245; x_wconf 81' lang='grc' dir='ltr'>Ποῖον</span> <span class='ocrx_word' id='word_1_89' title='bbox 1625 1185 1717 1243; x_wconf 73' lang='grc' dir='ltr'>οὖν</span> <span class='ocrx_word' id='word_1_90' title='bbox 1748 1190 1856 1260; x_wconf 83' lang='grc' dir='ltr'>ἄρα</span> 
     </span>
    </p>
   </div>
   <div class='ocr_carea' id='block_1_13' title="bbox 270 1282 1855 1356">
    <p class='ocr_par' dir='ltr' id='par_1_13' title="bbox 270 1282 1855 1356">
     <span class='ocr_line' id='line_1_13' title="bbox 270 1282 1855 1356; baseline -0.004 -15"><span class='ocrx_word' id='word_1_91' title='bbox 270 1287 385 1340; x_wconf 75' lang='grc' dir='ltr'>ἐστὶ</span> <span class='ocrx_word' id='word_1_92' title='bbox 431 1285 493 1339; x_wconf 79' lang='grc' dir='ltr'>τὸ</span> <span class='ocrx_word' id='word_1_93' title='bbox 541 1285 691 1354; x_wconf 78' lang='grc' dir='ltr'>φῶς,</span> <span class='ocrx_word' id='word_1_94' title='bbox 722 1286 851 1337; x_wconf 86' lang='grc' dir='ltr'>ποία</span> <span class='ocrx_word' id='word_1_95' title='bbox 903 1284 1028 1356; x_wconf 84' lang='grc' dir='ltr'><strong>δὲή</strong></span> <span class='ocrx_word' id='word_1_96' title='bbox 1075 1284 1341 1355; x_wconf 81' lang='grc' dir='ltr'>ἀλήθεια,</span> <span class='ocrx_word' id='word_1_97' title='bbox 1392 1283 1557 1336; x_wconf 77' lang='grc' dir='ltr'>αὐτοῦ</span> <span class='ocrx_word' id='word_1_98' title='bbox 1607 1282 1855 1351; x_wconf 82' lang='grc' dir='ltr'>λέγοντος</span> 
     </span>
    </p>
   </div>
   <div class='ocr_carea' id='block_1_14' title="bbox 268 1374 1852 1445">
    <p class='ocr_par' dir='ltr' id='par_1_14' title="bbox 268 1374 1852 1445">
     <span class='ocr_line' id='line_1_14' title="bbox 268 1374 1852 1445; baseline -0.003 -15"><span class='ocrx_word' id='word_1_99' title='bbox 268 1376 432 1430; x_wconf 82' lang='grc' dir='ltr'>ἄκουε</span> <span class='ocrx_word' id='word_1_100' title='bbox 460 1375 553 1430; x_wconf 79' lang='grc' dir='ltr'>τοῦ</span> <span class='ocrx_word' id='word_1_101' title='bbox 590 1375 719 1429; x_wconf 80' lang='grc' dir='ltr'>Υίοῦ</span> <span class='ocrx_word' id='word_1_102' title='bbox 738 1392 752 1407; x_wconf 75' lang='grc' dir='ltr'><strong>ο</strong></span> <span class='ocrx_word' id='word_1_103' title='bbox 795 1395 813 1427; x_wconf 81' lang='grc' dir='ltr'><strong>ι</strong></span> <span class='ocrx_word' id='word_1_104' title='bbox 847 1374 989 1444; x_wconf 86' lang='grc' dir='ltr'><strong>Ἐγώ</strong></span> <span class='ocrx_word' id='word_1_105' title='bbox 1018 1376 1131 1445; x_wconf 80' lang='grc' dir='ltr'>είμι</span> <span class='ocrx_word' id='word_1_106' title='bbox 1154 1374 1212 1427; x_wconf 81' lang='grc' dir='ltr'><strong>τὸ</strong></span> <span class='ocrx_word' id='word_1_107' title='bbox 1238 1374 1370 1444; x_wconf 78' lang='grc' dir='ltr'>φῶς,</span> <span class='ocrx_word' id='word_1_108' title='bbox 1405 1376 1496 1427; x_wconf 73' lang='grc' dir='ltr'><strong>καὶ</strong></span> <span class='ocrx_word' id='word_1_109' title='bbox 1540 1374 1650 1442; x_wconf 76' lang='grc' dir='ltr'>ἐγώ</span> <span class='ocrx_word' id='word_1_110' title='bbox 1678 1375 1793 1444; x_wconf 82' lang='grc' dir='ltr'>εἰμι</span> <span class='ocrx_word' id='word_1_111' title='bbox 1819 1376 1852 1445; x_wconf 79' lang='grc' dir='ltr'><strong>ἡ</strong></span> 
     </span>
    </p>
   </div>
   <div class='ocr_carea' id='block_1_15' title="bbox 268 1462 1852 1541">
    <p class='ocr_par' dir='ltr' id='par_1_15' title="bbox 268 1462 1852 1541">
     <span class='ocr_line' id='line_1_15' title="bbox 268 1462 1852 1541; baseline -0.002 -19"><span class='ocrx_word' id='word_1_112' title='bbox 268 1468 526 1541; x_wconf 57' lang='grc' dir='ltr'>ὀλήθειω</span> <span class='ocrx_word' id='word_1_113' title='bbox 561 1490 578 1520; x_wconf 80' lang='grc'><strong>»</strong></span> <span class='ocrx_word' id='word_1_114' title='bbox 640 1470 703 1523; x_wconf 77' lang='lat' dir='ltr'><strong>Ei</strong></span> <span class='ocrx_word' id='word_1_115' title='bbox 736 1470 792 1522; x_wconf 77' lang='grc' dir='ltr'>δὲ</span> <span class='ocrx_word' id='word_1_116' title='bbox 841 1468 1121 1540; x_wconf 80' lang='grc' dir='ltr'>πέμπεται</span> <span class='ocrx_word' id='word_1_117' title='bbox 1166 1468 1299 1540; x_wconf 74' lang='grc' dir='ltr'>πρὸς</span> <span class='ocrx_word' id='word_1_118' title='bbox 1334 1464 1477 1539; x_wconf 69' lang='grc' dir='ltr'>ἡμᾶς</span> <span class='ocrx_word' id='word_1_119' title='bbox 1512 1465 1570 1520; x_wconf 76' lang='grc' dir='ltr'>τὸ</span> <span class='ocrx_word' id='word_1_120' title='bbox 1608 1462 1722 1537; x_wconf 65' lang='grc' dir='ltr'><strong>φῶς</strong></span> <span class='ocrx_word' id='word_1_121' title='bbox 1757 1468 1852 1521; x_wconf 73' lang='grc' dir='ltr'><strong>καὶ</strong></span> 
     </span>
    </p>
   </div>
   <div class='ocr_carea' id='block_1_16' title="bbox 268 1557 1850 1632">
    <p class='ocr_par' dir='ltr' id='par_1_16' title="bbox 268 1557 1850 1632">
     <span class='ocr_line' id='line_1_16' title="bbox 268 1557 1850 1632; baseline -0.001 -19"><span class='ocrx_word' id='word_1_122' title='bbox 268 1562 301 1632; x_wconf 80' lang='grc' dir='ltr'>ὴ</span> <span class='ocrx_word' id='word_1_123' title='bbox 330 1561 556 1631; x_wconf 79' lang='grc' dir='ltr'>ἀλήθεια</span> <span class='ocrx_word' id='word_1_124' title='bbox 589 1557 681 1613; x_wconf 80' lang='grc' dir='ltr'>τοῦ</span> <span class='ocrx_word' id='word_1_125' title='bbox 719 1557 963 1630; x_wconf 77' lang='grc' dir='ltr'>Πατρὺς,</span> <span class='ocrx_word' id='word_1_126' title='bbox 998 1558 1142 1611; x_wconf 80' lang='grc' dir='ltr'>τοῦτ’</span> <span class='ocrx_word' id='word_1_127' title='bbox 1172 1558 1317 1611; x_wconf 77' lang='grc' dir='ltr'>ἔστιν</span> <span class='ocrx_word' id='word_1_128' title='bbox 1352 1559 1380 1609; x_wconf 86' lang='grc' dir='ltr'><strong>ό</strong></span> <span class='ocrx_word' id='word_1_129' title='bbox 1411 1558 1560 1621; x_wconf 70' lang='grc' dir='ltr'>Υἱὸς,</span> <span class='ocrx_word' id='word_1_130' title='bbox 1601 1557 1715 1621; x_wconf 81' lang='grc' dir='ltr'><strong>πῶς</strong></span> <span class='ocrx_word' id='word_1_131' title='bbox 1753 1559 1850 1629; x_wconf 89' lang='grc' dir='ltr'><strong>οὐχ</strong></span> 
     </span>
    </p>
   </div>
   <div class='ocr_carea' id='block_1_17' title="bbox 268 1648 1846 1724">
    <p class='ocr_par' dir='ltr' id='par_1_17' title="bbox 268 1648 1846 1724">
     <span class='ocr_line' id='line_1_17' title="bbox 268 1648 1846 1724; baseline -0.002 -20"><span class='ocrx_word' id='word_1_132' title='bbox 268 1653 451 1723; x_wconf 70' lang='grc' dir='ltr'>ἕτερός</span> <span class='ocrx_word' id='word_1_133' title='bbox 502 1654 616 1704; x_wconf 81' lang='grc' dir='ltr'>ἐστι</span> <span class='ocrx_word' id='word_1_134' title='bbox 652 1654 781 1724; x_wconf 76' lang='grc' dir='ltr'>παρ’</span> <span class='ocrx_word' id='word_1_135' title='bbox 808 1651 988 1715; x_wconf 82' lang='grc' dir='ltr'>αὐτὸν,</span> <span class='ocrx_word' id='word_1_136' title='bbox 1016 1650 1139 1703; x_wconf 82' lang='grc' dir='ltr'>ὅσον</span> <span class='ocrx_word' id='word_1_137' title='bbox 1169 1652 1247 1712; x_wconf 87' lang='grc' dir='ltr'><strong>είς</strong></span> <span class='ocrx_word' id='word_1_138' title='bbox 1280 1649 1339 1701; x_wconf 85' lang='grc' dir='ltr'>τὸ</span> <span class='ocrx_word' id='word_1_139' title='bbox 1369 1649 1514 1713; x_wconf 85' lang='grc' dir='ltr'>ίδίως</span> <span class='ocrx_word' id='word_1_140' title='bbox 1562 1648 1846 1721; x_wconf 77' lang='grc' dir='ltr'>ὑπάρχειν,</span> 
     </span>
    </p>
   </div>
   <div class='ocr_carea' id='block_1_18' title="bbox 268 1742 1847 1814">
    <p class='ocr_par' dir='ltr' id='par_1_18' title="bbox 268 1742 1847 1814">
     <span class='ocr_line' id='line_1_18' title="bbox 268 1742 1847 1814; baseline -0.001 -17"><span class='ocrx_word' id='word_1_141' title='bbox 268 1747 316 1799; x_wconf 86' lang='grc' dir='ltr'>εἰ</span> <span class='ocrx_word' id='word_1_142' title='bbox 346 1747 436 1798; x_wconf 71' lang='grc' dir='ltr'><strong>καὶ</strong></span> <span class='ocrx_word' id='word_1_143' title='bbox 466 1746 523 1798; x_wconf 76' lang='grc' dir='ltr'>ἓν</span> <span class='ocrx_word' id='word_1_144' title='bbox 550 1745 697 1799; x_wconf 63' lang='grc' dir='ltr'>ἐστιν</span> <span class='ocrx_word' id='word_1_145' title='bbox 741 1745 812 1807; x_wconf 84' lang='grc' dir='ltr'>ὼς</span> <span class='ocrx_word' id='word_1_146' title='bbox 863 1744 1001 1814; x_wconf 83' lang='grc' dir='ltr'>πρὸς</span> <span class='ocrx_word' id='word_1_147' title='bbox 1046 1742 1229 1802; x_wconf 83' lang='grc' dir='ltr'>αὐτὸν,</span> <span class='ocrx_word' id='word_1_148' title='bbox 1264 1743 1389 1795; x_wconf 80' lang='grc' dir='ltr'>ὅσον</span> <span class='ocrx_word' id='word_1_149' title='bbox 1416 1744 1492 1806; x_wconf 85' lang='grc' dir='ltr'>εἰς</span> <span class='ocrx_word' id='word_1_150' title='bbox 1515 1742 1612 1813; x_wconf 85' lang='grc' dir='ltr'>τὴν</span> <span class='ocrx_word' id='word_1_151' title='bbox 1640 1743 1738 1811; x_wconf 78' lang='grc' dir='ltr'>τῆς</span> <span class='ocrx_word' id='word_1_152' title='bbox 1759 1744 1847 1795; x_wconf 87' lang='grc' dir='ltr'>οὐ-</span> 
     </span>
    </p>
   </div>
   <div class='ocr_carea' id='block_1_19' title="bbox 269 1831 1843 1906">
    <p class='ocr_par' dir='ltr' id='par_1_19' title="bbox 269 1831 1843 1906">
     <span class='ocr_line' id='line_1_19' title="bbox 269 1831 1843 1906; baseline 0 -19"><span class='ocrx_word' id='word_1_153' title='bbox 269 1836 389 1900; x_wconf 88' lang='grc' dir='ltr'>σίας</span> <span class='ocrx_word' id='word_1_154' title='bbox 412 1837 743 1906; x_wconf 74' lang='grc' dir='ltr'>ταυτότητας</span> <span class='ocrx_word' id='word_1_155' title='bbox 776 1835 836 1886; x_wconf 81' lang='lat' dir='ltr'><strong>Ei</strong></span> <span class='ocrx_word' id='word_1_156' title='bbox 867 1832 976 1903; x_wconf 83' lang='grc' dir='ltr'>γὰρ</span> <span class='ocrx_word' id='word_1_157' title='bbox 1008 1832 1082 1904; x_wconf 82' lang='grc' dir='ltr'>μὴ</span> <span class='ocrx_word' id='word_1_158' title='bbox 1111 1831 1281 1896; x_wconf 77' lang='grc' dir='ltr'>οὕτως</span> <span class='ocrx_word' id='word_1_159' title='bbox 1301 1833 1442 1903; x_wconf 75' lang='grc' dir='ltr'>ἔχειν</span> <span class='ocrx_word' id='word_1_160' title='bbox 1457 1832 1657 1886; x_wconf 81' lang='grc' dir='ltr'>οἴονταί</span> <span class='ocrx_word' id='word_1_161' title='bbox 1680 1851 1843 1900; x_wconf 88' lang='grc' dir='ltr'>τινες,</span> 
     </span>
    </p>
   </div>
   <div class='ocr_carea' id='block_1_20' title="bbox 267 1921 1849 1997">
    <p class='ocr_par' dir='ltr' id='par_1_20' title="bbox 267 1921 1849 1997">
     <span class='ocr_line' id='line_1_20' title="bbox 267 1921 1849 1997; baseline -0.003 -16"><span class='ocrx_word' id='word_1_162' title='bbox 267 1931 296 1981; x_wconf 87' lang='lat'><strong>6</strong></span> <span class='ocrx_word' id='word_1_163' title='bbox 320 1930 477 1991; x_wconf 83' lang='grc' dir='ltr'>αὐτὸς</span> <span class='ocrx_word' id='word_1_164' title='bbox 507 1927 564 1980; x_wconf 74' lang='grc' dir='ltr'>δὲ</span> <span class='ocrx_word' id='word_1_165' title='bbox 595 1927 690 1979; x_wconf 74' lang='grc' dir='ltr'>καὶ</span> <span class='ocrx_word' id='word_1_166' title='bbox 719 1921 798 1988; x_wconf 75' lang='grc' dir='ltr'>εἷς</span> <span class='ocrx_word' id='word_1_167' title='bbox 844 1926 959 1977; x_wconf 78' lang='grc' dir='ltr'>ἐστι</span> <span class='ocrx_word' id='word_1_168' title='bbox 1007 1924 1195 1995; x_wconf 84' lang='grc' dir='ltr'>Πατὴρ</span> <span class='ocrx_word' id='word_1_169' title='bbox 1232 1924 1327 1977; x_wconf 70' lang='grc' dir='ltr'>καὶ</span> <span class='ocrx_word' id='word_1_170' title='bbox 1356 1924 1502 1988; x_wconf 85' lang='grc' dir='ltr'>Υίὸς,</span> <span class='ocrx_word' id='word_1_171' title='bbox 1538 1924 1592 1977; x_wconf 90' lang='grc' dir='ltr'><strong>τί</strong></span> <span class='ocrx_word' id='word_1_172' title='bbox 1627 1924 1700 1997; x_wconf 87' lang='grc' dir='ltr'>μὴ</span> <span class='ocrx_word' id='word_1_173' title='bbox 1733 1926 1849 1978; x_wconf 85' lang='grc' dir='ltr'>’ἐτε-</span> 
     </span>
    </p>
   </div>
   <div class='ocr_carea' id='block_1_21' title="bbox 273 2012 1850 2092">
    <p class='ocr_par' dir='ltr' id='par_1_21' title="bbox 273 2012 1850 2092">
     <span class='ocr_line' id='line_1_21' title="bbox 273 2012 1850 2092; baseline -0.003 -20"><span class='ocrx_word' id='word_1_174' title='bbox 273 2037 364 2092; x_wconf 88' lang='grc' dir='ltr'><strong>ρον</strong></span> <span class='ocrx_word' id='word_1_175' title='bbox 405 2021 638 2072; x_wconf 80' lang='grc' dir='ltr'>ἐποιεῖτο</span> <span class='ocrx_word' id='word_1_176' title='bbox 668 2016 756 2070; x_wconf 81' lang='grc' dir='ltr'><strong>τὸν</strong></span> <span class='ocrx_word' id='word_1_177' title='bbox 797 2016 895 2085; x_wconf 77' lang='grc' dir='ltr'>τῆς</span> <span class='ocrx_word' id='word_1_178' title='bbox 922 2015 1085 2086; x_wconf 81' lang='grc' dir='ltr'>εὐχῆς</span> <span class='ocrx_word' id='word_1_179' title='bbox 1114 2015 1312 2087; x_wconf 83' lang='grc' dir='ltr'>τρόπον</span> <span class='ocrx_word' id='word_1_180' title='bbox 1339 2012 1367 2068; x_wconf 97' lang='lat'><strong>6</strong></span> <span class='ocrx_word' id='word_1_181' title='bbox 1406 2015 1850 2086; x_wconf 73' lang='grc' dir='ltr'>πνευματοιρόρος</span> 
     </span>
    </p>
   </div>
   <div class='ocr_carea' id='block_1_22' title="bbox 269 2099 1849 2181">
    <p class='ocr_par' dir='ltr' id='par_1_22' title="bbox 269 2099 1849 2181">
     <span class='ocr_line' id='line_1_22' title="bbox 269 2099 1849 2181; baseline -0.004 -17"><span class='ocrx_word' id='word_1_182' title='bbox 269 2109 427 2181; x_wconf 82' lang='grc' dir='ltr'>βοῶν·</span> <span class='ocrx_word' id='word_1_183' title='bbox 468 2108 621 2161; x_wconf 59' lang='lat' dir='ltr'><strong>mea</strong></span> <span class='ocrx_word' id='word_1_184' title='bbox 652 2106 786 2178; x_wconf 88' lang='grc' dir='ltr'>πρὸς</span> <span class='ocrx_word' id='word_1_185' title='bbox 816 2099 1043 2177; x_wconf 73' lang='grc' dir='ltr'>ἡμᾶς-,ὧ</span> <span class='ocrx_word' id='word_1_186' title='bbox 1068 2105 1202 2174; x_wconf 78' lang='grc' dir='ltr'>φῶς.</span> <span class='ocrx_word' id='word_1_187' title='bbox 1222 2106 1313 2158; x_wconf 79' lang='grc' dir='ltr'>καὶ</span> <span class='ocrx_word' id='word_1_188' title='bbox 1333 2104 1595 2175; x_wconf 82' lang='grc' dir='ltr'>ὰλὴθεια;</span> <span class='ocrx_word' id='word_1_189' title='bbox 1632 2105 1849 2177; x_wconf 79' lang='grc' dir='ltr'>Ἐπειδὴ</span> 
     </span>
    </p>
   </div>
   <div class='ocr_carea' id='block_1_23' title="bbox 264 2196 1849 2268">
    <p class='ocr_par' dir='ltr' id='par_1_23' title="bbox 264 2196 1849 2268">
     <span class='ocr_line' id='line_1_23' title="bbox 264 2196 1849 2268; baseline -0.003 -13"><span class='ocrx_word' id='word_1_190' title='bbox 264 2202 321 2255; x_wconf 83' lang='grc' dir='ltr'>δὲ</span> <span class='ocrx_word' id='word_1_191' title='bbox 362 2199 423 2253; x_wconf 77' lang='grc' dir='ltr'><strong>τὸ</strong></span> <span class='ocrx_word' id='word_1_192' title='bbox 476 2200 913 2263; x_wconf 74' lang='grc' dir='ltr'>ἐξτιπόστειλον</span> <span class='ocrx_word' id='word_1_193' title='bbox 955 2196 1142 2263; x_wconf 81' lang='grc' dir='ltr'>λέγει,</span> <span class='ocrx_word' id='word_1_194' title='bbox 1174 2197 1331 2268; x_wconf 78' lang='grc' dir='ltr'>δῆλος</span> <span class='ocrx_word' id='word_1_195' title='bbox 1387 2198 1454 2251; x_wconf 85' lang='grc' dir='ltr'><strong>ἂν</strong></span> <span class='ocrx_word' id='word_1_196' title='bbox 1507 2198 1592 2268; x_wconf 80' lang='grc' dir='ltr'>εἴη</span> <span class='ocrx_word' id='word_1_197' title='bbox 1642 2197 1849 2261; x_wconf 80' lang='grc' dir='ltr'>λοιπὸν,</span> 
     </span>
    </p>
   </div>
   <div class='ocr_carea' id='block_1_24' title="bbox 1966 538 3532 618">
    <p class='ocr_par' dir='ltr' id='par_1_24' title="bbox 1966 538 3532 618">
     <span class='ocr_line' id='line_1_24' title="bbox 1966 538 3532 618; baseline -0.007 -15"><span class='ocrx_word' id='word_1_198' title='bbox 1966 563 2061 618; x_wconf 89' lang='lat' dir='ltr'><strong>per</strong></span> <span class='ocrx_word' id='word_1_199' title='bbox 2108 549 2284 603; x_wconf 90' lang='lat' dir='ltr'><strong>solum</strong></span> <span class='ocrx_word' id='word_1_200' title='bbox 2330 548 2625 603; x_wconf 85' lang='lat' dir='ltr'><strong>adventum</strong></span> <span class='ocrx_word' id='word_1_201' title='bbox 2677 544 2801 601; x_wconf 85' lang='lat' dir='ltr'><strong>Filii</strong></span> <span class='ocrx_word' id='word_1_202' title='bbox 2851 544 2979 611; x_wconf 86' lang='lat' dir='ltr'><strong>Dei,</strong></span> <span class='ocrx_word' id='word_1_203' title='bbox 3039 542 3130 614; x_wconf 87' lang='lat' dir='ltr'><strong>qui</strong></span> <span class='ocrx_word' id='word_1_204' title='bbox 3189 538 3347 595; x_wconf 78' lang='lat' dir='ltr'><strong>facile</strong></span> <span class='ocrx_word' id='word_1_205' title='bbox 3401 539 3532 593; x_wconf 90' lang='lat' dir='ltr'><strong>illud</strong></span> 
     </span>
    </p>
   </div>
   <div class='ocr_carea' id='block_1_25' title="bbox 1962 630 3533 710">
    <p class='ocr_par' dir='ltr' id='par_1_25' title="bbox 1962 630 3533 710">
     <span class='ocr_line' id='line_1_25' title="bbox 1962 630 3533 710; baseline -0.005 -18"><span class='ocrx_word' id='word_1_206' title='bbox 1962 649 2152 710; x_wconf 84' lang='lat' dir='ltr'><strong>posset</strong></span> <span class='ocrx_word' id='word_1_207' title='bbox 2186 639 2240 694; x_wconf 91' lang='lat' dir='ltr'><strong>in</strong></span> <span class='ocrx_word' id='word_1_208' title='bbox 2264 640 2410 710; x_wconf 85' lang='lat' dir='ltr'><strong>quod</strong></span> <span class='ocrx_word' id='word_1_209' title='bbox 2443 640 2607 695; x_wconf 92' lang='lat' dir='ltr'><strong>vellet</strong></span> <span class='ocrx_word' id='word_1_210' title='bbox 2639 637 2962 693; x_wconf 80' lang='lat' dir='ltr'><strong>reformare.</strong></span> <span class='ocrx_word' id='word_1_211' title='bbox 2997 635 3266 702; x_wconf 79' lang='lat' dir='ltr'><strong>Quocirca</strong></span> <span class='ocrx_word' id='word_1_212' title='bbox 3297 631 3438 685; x_wconf 89' lang='lat' dir='ltr'><strong>mitti</strong></span> <span class='ocrx_word' id='word_1_213' title='bbox 3467 630 3533 684; x_wconf 88' lang='lat' dir='ltr'><strong>ad</strong></span> 
     </span>
    </p>
   </div>
   <div class='ocr_carea' id='block_1_26' title="bbox 1961 726 3536 802">
    <p class='ocr_par' dir='ltr' id='par_1_26' title="bbox 1961 726 3536 802">
     <span class='ocr_line' id='line_1_26' title="bbox 1961 726 3536 802; baseline -0.007 -17"><span class='ocrx_word' id='word_1_214' title='bbox 1961 747 2063 787; x_wconf 89' lang='lat' dir='ltr'><strong>nos</strong></span> <span class='ocrx_word' id='word_1_215' title='bbox 2110 730 2307 785; x_wconf 89' lang='lat' dir='ltr'><strong>Filium</strong></span> <span class='ocrx_word' id='word_1_216' title='bbox 2345 732 2594 802; x_wconf 81' lang='lat' dir='ltr'><strong>rogabat,</strong></span> <span class='ocrx_word' id='word_1_217' title='bbox 2641 731 2875 784; x_wconf 81' lang='lat' dir='ltr'><strong>maxime</strong></span> <span class='ocrx_word' id='word_1_218' title='bbox 2924 744 3047 783; x_wconf 88' lang='lat' dir='ltr'><strong>cum</strong></span> <span class='ocrx_word' id='word_1_219' title='bbox 3110 726 3263 782; x_wconf 88' lang='lat' dir='ltr'><strong>solus</strong></span> <span class='ocrx_word' id='word_1_220' title='bbox 3317 736 3536 778; x_wconf 87' lang='lat' dir='ltr'><strong>servare</strong></span> 
     </span>
    </p>
   </div>
   <div class='ocr_carea' id='block_1_27' title="bbox 1959 814 3536 894">
    <p class='ocr_par' dir='ltr' id='par_1_27' title="bbox 1959 814 3536 894">
     <span class='ocr_line' id='line_1_27' title="bbox 1959 814 3536 894; baseline -0.006 -16"><span class='ocrx_word' id='word_1_221' title='bbox 1959 830 2147 894; x_wconf 79' lang='lat' dir='ltr'><strong>posset</strong></span> <span class='ocrx_word' id='word_1_222' title='bbox 2178 823 2378 878; x_wconf 88' lang='lat' dir='ltr'><strong>diaboli</strong></span> <span class='ocrx_word' id='word_1_223' title='bbox 2416 824 2601 877; x_wconf 90' lang='lat' dir='ltr'><strong>manui</strong></span> <span class='ocrx_word' id='word_1_224' title='bbox 2641 838 2704 877; x_wconf 90' lang='lat' dir='ltr'><strong>ac</strong></span> <span class='ocrx_word' id='word_1_225' title='bbox 2730 821 3006 894; x_wconf 85' lang='lat' dir='ltr'><strong>tyrannidi</strong></span> <span class='ocrx_word' id='word_1_226' title='bbox 3043 818 3292 875; x_wconf 91' lang='lat' dir='ltr'><strong>subditos</strong></span> <span class='ocrx_word' id='word_1_227' title='bbox 3322 835 3334 871; x_wconf 88' lang='lat'><strong>:</strong></span> <span class='ocrx_word' id='word_1_228' title='bbox 3368 814 3536 869; x_wconf 90' lang='lat' dir='ltr'><strong>adeo-</strong></span> 
     </span>
    </p>
   </div>
   <div class='ocr_carea' id='block_1_28' title="bbox 1958 906 3593 986">
    <p class='ocr_par' dir='ltr' id='par_1_28' title="bbox 1958 906 3593 986">
     <span class='ocr_line' id='line_1_28' title="bbox 1958 906 3593 986; baseline -0.006 -16"><span class='ocrx_word' id='word_1_229' title='bbox 1958 932 2065 986; x_wconf 88' lang='lat' dir='ltr'><strong>que</strong></span> <span class='ocrx_word' id='word_1_230' title='bbox 2092 917 2241 972; x_wconf 87' lang='lat' dir='ltr'><strong>velut</strong></span> <span class='ocrx_word' id='word_1_231' title='bbox 2283 914 2351 970; x_wconf 90' lang='lat' dir='ltr'><strong>ad</strong></span> <span class='ocrx_word' id='word_1_232' title='bbox 2396 914 2565 971; x_wconf 84' lang='lat' dir='ltr'><strong>Deum</strong></span> <span class='ocrx_word' id='word_1_233' title='bbox 2617 929 2679 969; x_wconf 92' lang='lat' dir='ltr'><strong>ac</strong></span> <span class='ocrx_word' id='word_1_234' title='bbox 2726 913 2943 968; x_wconf 85' lang='lat' dir='ltr'><strong>Patrem</strong></span> <span class='ocrx_word' id='word_1_235' title='bbox 2993 911 3249 966; x_wconf 89' lang='lat' dir='ltr'><strong>dicebat:</strong></span> <span class='ocrx_word' id='word_1_236' title='bbox 3281 927 3299 961; x_wconf 80' lang='grc' dir='ltr'><strong>ι</strong></span> <span class='ocrx_word' id='word_1_237' title='bbox 3338 906 3537 961; x_wconf 82' lang='lat' dir='ltr'><strong>Emitte</strong></span> <span class='ocrx_word' id='word_1_238' title='bbox 3590 948 3593 953; x_wconf 79' lang='lat'><strong>.</strong></span> 
     </span>
    </p>
   </div>
   <div class='ocr_carea' id='block_1_29' title="bbox 1958 1001 3534 1073">
    <p class='ocr_par' dir='ltr' id='par_1_29' title="bbox 1958 1001 3534 1073">
     <span class='ocr_line' id='line_1_29' title="bbox 1958 1001 3534 1073; baseline -0.007 -10"><span class='ocrx_word' id='word_1_239' title='bbox 1958 1010 2134 1063; x_wconf 90' lang='lat' dir='ltr'><strong>lucem</strong></span> <span class='ocrx_word' id='word_1_240' title='bbox 2194 1016 2366 1073; x_wconf 87' lang='lat' dir='ltr'><strong>tuam,</strong></span> <span class='ocrx_word' id='word_1_241' title='bbox 2420 1017 2474 1063; x_wconf 87' lang='lat' dir='ltr'><strong>et</strong></span> <span class='ocrx_word' id='word_1_242' title='bbox 2534 1008 2816 1062; x_wconf 74' lang='lat' dir='ltr'><strong>veritatem</strong></span> <span class='ocrx_word' id='word_1_243' title='bbox 2872 1016 3019 1059; x_wconf 87' lang='lat' dir='ltr'><strong>tuam</strong></span> <span class='ocrx_word' id='word_1_244' title='bbox 3058 1003 3129 1057; x_wconf 67' lang='grc'>³⁸.</span> <span class='ocrx_word' id='word_1_245' title='bbox 3181 1025 3201 1055; x_wconf 67' lang='grc' dir='ltr'><strong>ν</strong></span> <span class='ocrx_word' id='word_1_246' title='bbox 3273 1001 3534 1069; x_wconf 80' lang='lat' dir='ltr'><strong>Quaenam</strong></span> 
     </span>
    </p>
   </div>
   <div class='ocr_carea' id='block_1_30' title="bbox 1955 1091 3533 1170">
    <p class='ocr_par' dir='ltr' id='par_1_30' title="bbox 1955 1091 3533 1170">
     <span class='ocr_line' id='line_1_30' title="bbox 1955 1091 3533 1170; baseline -0.006 -17"><span class='ocrx_word' id='word_1_247' title='bbox 1955 1099 2125 1170; x_wconf 85' lang='lat' dir='ltr'><strong>igitur</strong></span> <span class='ocrx_word' id='word_1_248' title='bbox 2159 1100 2229 1154; x_wconf 88' lang='lat' dir='ltr'><strong>sit</strong></span> <span class='ocrx_word' id='word_1_249' title='bbox 2271 1100 2361 1153; x_wconf 87' lang='lat' dir='ltr'><strong>illa</strong></span> <span class='ocrx_word' id='word_1_250' title='bbox 2397 1100 2508 1162; x_wconf 81' lang='lat' dir='ltr'><strong>lux,</strong></span> <span class='ocrx_word' id='word_1_251' title='bbox 2545 1108 2597 1153; x_wconf 88' lang='lat' dir='ltr'><strong>et</strong></span> <span class='ocrx_word' id='word_1_252' title='bbox 2628 1113 2875 1168; x_wconf 63' lang='lat' dir='ltr'><strong>quaenam</strong></span> <span class='ocrx_word' id='word_1_253' title='bbox 2920 1099 3146 1159; x_wconf 80' lang='lat' dir='ltr'><strong>veritas,</strong></span> <span class='ocrx_word' id='word_1_254' title='bbox 3190 1096 3369 1165; x_wconf 92' lang='lat' dir='ltr'><strong>ipsum</strong></span> <span class='ocrx_word' id='word_1_255' title='bbox 3406 1091 3533 1146; x_wconf 90' lang='lat' dir='ltr'><strong>audi</strong></span> 
     </span>
    </p>
   </div>
   <div class='ocr_carea' id='block_1_31' title="bbox 1956 1190 3534 1263">
    <p class='ocr_par' dir='ltr' id='par_1_31' title="bbox 1956 1190 3534 1263">
     <span class='ocr_line' id='line_1_31' title="bbox 1956 1190 3534 1263; baseline -0.003 -20"><span class='ocrx_word' id='word_1_256' title='bbox 1956 1190 2156 1246; x_wconf 86' lang='lat' dir='ltr'><strong>Filium</strong></span> <span class='ocrx_word' id='word_1_257' title='bbox 2190 1193 2461 1248; x_wconf 83' lang='lat' dir='ltr'><strong>dicentem</strong></span> <span class='ocrx_word' id='word_1_258' title='bbox 2493 1212 2504 1246; x_wconf 94' lang='lat'>:</span> <span class='ocrx_word' id='word_1_259' title='bbox 2545 1212 2562 1243; x_wconf 76' lang='grc' dir='ltr'><strong>ι</strong></span> <span class='ocrx_word' id='word_1_260' title='bbox 2605 1194 2717 1263; x_wconf 84' lang='lat' dir='ltr'><strong>Ego</strong></span> <span class='ocrx_word' id='word_1_261' title='bbox 2743 1208 2861 1247; x_wconf 89' lang='lat' dir='ltr'><strong>sum</strong></span> <span class='ocrx_word' id='word_1_262' title='bbox 2898 1192 3012 1254; x_wconf 80' lang='lat' dir='ltr'><strong>lux,</strong></span> <span class='ocrx_word' id='word_1_263' title='bbox 3044 1198 3097 1243; x_wconf 84' lang='lat' dir='ltr'><strong>et</strong></span> <span class='ocrx_word' id='word_1_264' title='bbox 3135 1203 3238 1259; x_wconf 86' lang='lat' dir='ltr'><strong>ego</strong></span> <span class='ocrx_word' id='word_1_265' title='bbox 3282 1202 3403 1242; x_wconf 88' lang='lat' dir='ltr'><strong>Slllll</strong></span> <span class='ocrx_word' id='word_1_266' title='bbox 3438 1200 3534 1239; x_wconf 81' lang='lat' dir='ltr'><strong>vc-</strong></span> 
     </span>
    </p>
   </div>
   <div class='ocr_carea' id='block_1_32' title="bbox 1956 1275 3535 1349">
    <p class='ocr_par' dir='ltr' id='par_1_32' title="bbox 1956 1275 3535 1349">
     <span class='ocr_line' id='line_1_32' title="bbox 1956 1275 3535 1349; baseline -0.005 -13"><span class='ocrx_word' id='word_1_267' title='bbox 1956 1282 2092 1337; x_wconf 90' lang='lat' dir='ltr'><strong>ritas</strong></span> <span class='ocrx_word' id='word_1_268' title='bbox 2110 1283 2179 1337; x_wconf 70' lang='grc' dir='ltr'><strong>⁸ο.</strong></span> <span class='ocrx_word' id='word_1_269' title='bbox 2217 1303 2235 1336; x_wconf 79' lang='grc' dir='ltr'><strong>ι</strong></span> <span class='ocrx_word' id='word_1_270' title='bbox 2268 1284 2421 1349; x_wconf 86' lang='lat' dir='ltr'><strong>Quod</strong></span> <span class='ocrx_word' id='word_1_271' title='bbox 2470 1283 2514 1337; x_wconf 92' lang='lat' dir='ltr'><strong>si</strong></span> <span class='ocrx_word' id='word_1_272' title='bbox 2572 1283 2639 1337; x_wconf 90' lang='lat' dir='ltr'><strong>ad</strong></span> <span class='ocrx_word' id='word_1_273' title='bbox 2677 1298 2776 1337; x_wconf 91' lang='lat' dir='ltr'><strong>nos</strong></span> <span class='ocrx_word' id='word_1_274' title='bbox 2823 1282 3059 1335; x_wconf 88' lang='lat' dir='ltr'><strong>mittitur</strong></span> <span class='ocrx_word' id='word_1_275' title='bbox 3101 1280 3189 1333; x_wconf 82' lang='lat' dir='ltr'><strong>lux</strong></span> <span class='ocrx_word' id='word_1_276' title='bbox 3228 1285 3283 1332; x_wconf 91' lang='lat' dir='ltr'><strong>et</strong></span> <span class='ocrx_word' id='word_1_277' title='bbox 3331 1275 3535 1343; x_wconf 86' lang='lat' dir='ltr'><strong>veritas</strong></span> 
     </span>
    </p>
   </div>
   <div class='ocr_carea' id='block_1_33' title="bbox 1954 1366 3537 1445">
    <p class='ocr_par' dir='ltr' id='par_1_33' title="bbox 1954 1366 3537 1445">
     <span class='ocr_line' id='line_1_33' title="bbox 1954 1366 3537 1445; baseline -0.007 -17"><span class='ocrx_word' id='word_1_278' title='bbox 1954 1374 2155 1439; x_wconf 83' lang='lat' dir='ltr'><strong>Patris,</strong></span> <span class='ocrx_word' id='word_1_279' title='bbox 2186 1374 2293 1431; x_wconf 86' lang='lat' dir='ltr'><strong>hoc</strong></span> <span class='ocrx_word' id='word_1_280' title='bbox 2326 1383 2411 1431; x_wconf 86' lang='lat' dir='ltr'><strong>est</strong></span> <span class='ocrx_word' id='word_1_281' title='bbox 2447 1374 2644 1437; x_wconf 85' lang='lat' dir='ltr'><strong>Filius,</strong></span> <span class='ocrx_word' id='word_1_282' title='bbox 2682 1374 2959 1445; x_wconf 81' lang='lat' dir='ltr'><strong>quomodo</strong></span> <span class='ocrx_word' id='word_1_283' title='bbox 3016 1387 3127 1426; x_wconf 90' lang='lat' dir='ltr'><strong>non</strong></span> <span class='ocrx_word' id='word_1_284' title='bbox 3162 1369 3303 1423; x_wconf 88' lang='lat' dir='ltr'><strong>alius</strong></span> <span class='ocrx_word' id='word_1_285' title='bbox 3355 1375 3439 1421; x_wconf 90' lang='lat' dir='ltr'><strong>est</strong></span> <span class='ocrx_word' id='word_1_286' title='bbox 3468 1366 3537 1419; x_wconf 91' lang='lat' dir='ltr'><strong>ab</strong></span> 
     </span>
    </p>
   </div>
   <div class='ocr_carea' id='block_1_34' title="bbox 1954 1460 3536 1538">
    <p class='ocr_par' dir='ltr' id='par_1_34' title="bbox 1954 1460 3536 1538">
     <span class='ocr_line' id='line_1_34' title="bbox 1954 1460 3536 1538; baseline -0.006 -17"><span class='ocrx_word' id='word_1_287' title='bbox 1954 1467 2269 1537; x_wconf 86' lang='lat' dir='ltr'><strong>ipso,quod</strong></span> <span class='ocrx_word' id='word_1_288' title='bbox 2306 1468 2371 1522; x_wconf 90' lang='lat' dir='ltr'><strong>ad</strong></span> <span class='ocrx_word' id='word_1_289' title='bbox 2422 1469 2701 1538; x_wconf 85' lang='lat' dir='ltr'><strong>propriam</strong></span> <span class='ocrx_word' id='word_1_290' title='bbox 2747 1466 3073 1538; x_wconf 81' lang='lat' dir='ltr'><strong>hypostasin</strong></span> <span class='ocrx_word' id='word_1_291' title='bbox 3127 1462 3359 1522; x_wconf 87' lang='lat' dir='ltr'><strong>attinet,</strong></span> <span class='ocrx_word' id='word_1_292' title='bbox 3407 1460 3536 1513; x_wconf 87' lang='lat' dir='ltr'><strong>licet</strong></span> 
     </span>
    </p>
   </div>
   <div class='ocr_carea' id='block_1_35' title="bbox 1953 1547 3533 1631">
    <p class='ocr_par' dir='ltr' id='par_1_35' title="bbox 1953 1547 3533 1631">
     <span class='ocr_line' id='line_1_35' title="bbox 1953 1547 3533 1631; baseline -0.007 -19"><span class='ocrx_word' id='word_1_293' title='bbox 1953 1575 2122 1614; x_wconf 88' lang='lat' dir='ltr'><strong>unum</strong></span> <span class='ocrx_word' id='word_1_294' title='bbox 2157 1562 2223 1615; x_wconf 92' lang='lat' dir='ltr'><strong>sit</strong></span> <span class='ocrx_word' id='word_1_295' title='bbox 2256 1576 2381 1615; x_wconf 91' lang='lat' dir='ltr'><strong>cum</strong></span> <span class='ocrx_word' id='word_1_296' title='bbox 2430 1563 2551 1631; x_wconf 89' lang='lat' dir='ltr'><strong>ipso</strong></span> <span class='ocrx_word' id='word_1_297' title='bbox 2598 1560 2887 1615; x_wconf 89' lang='lat' dir='ltr'><strong>identitatc</strong></span> <span class='ocrx_word' id='word_1_298' title='bbox 2933 1552 3292 1612; x_wconf 75' lang='lat' dir='ltr'><strong>substantiae?</strong></span> <span class='ocrx_word' id='word_1_299' title='bbox 3323 1550 3458 1606; x_wconf 85' lang='lat' dir='ltr'><strong>Nam</strong></span> <span class='ocrx_word' id='word_1_300' title='bbox 3488 1547 3533 1603; x_wconf 87' lang='lat' dir='ltr'><strong>si</strong></span> 
     </span>
    </p>
   </div>
   <div class='ocr_carea' id='block_1_36' title="bbox 1952 1643 3537 1721">
    <p class='ocr_par' dir='ltr' id='par_1_36' title="bbox 1952 1643 3537 1721">
     <span class='ocr_line' id='line_1_36' title="bbox 1952 1643 3537 1721; baseline -0.006 -18"><span class='ocrx_word' id='word_1_301' title='bbox 1952 1651 2173 1721; x_wconf 88' lang='lat' dir='ltr'><strong>quidam</strong></span> <span class='ocrx_word' id='word_1_302' title='bbox 2210 1652 2284 1704; x_wconf 89' lang='lat' dir='ltr'><strong>ita</strong></span> <span class='ocrx_word' id='word_1_303' title='bbox 2314 1667 2426 1705; x_wconf 90' lang='lat' dir='ltr'><strong>rem</strong></span> <span class='ocrx_word' id='word_1_304' title='bbox 2457 1667 2579 1706; x_wconf 87' lang='lat' dir='ltr'><strong>esse</strong></span> <span class='ocrx_word' id='word_1_305' title='bbox 2618 1667 2727 1705; x_wconf 86' lang='lat' dir='ltr'><strong>non</strong></span> <span class='ocrx_word' id='word_1_306' title='bbox 2758 1648 3099 1710; x_wconf 83' lang='lat' dir='ltr'><strong>existimant,</strong></span> <span class='ocrx_word' id='word_1_307' title='bbox 3125 1654 3180 1700; x_wconf 91' lang='lat' dir='ltr'><strong>et</strong></span> <span class='ocrx_word' id='word_1_308' title='bbox 3203 1643 3344 1698; x_wconf 89' lang='lat' dir='ltr'><strong>idem</strong></span> <span class='ocrx_word' id='word_1_309' title='bbox 3370 1648 3537 1711; x_wconf 81' lang='lat' dir='ltr'><strong>atque</strong></span> 
     </span>
    </p>
   </div>
   <div class='ocr_carea' id='block_1_37' title="bbox 1952 1733 3535 1811">
    <p class='ocr_par' dir='ltr' id='par_1_37' title="bbox 1952 1733 3535 1811">
     <span class='ocr_line' id='line_1_37' title="bbox 1952 1733 3535 1811; baseline -0.008 -13"><span class='ocrx_word' id='word_1_310' title='bbox 1952 1760 2094 1799; x_wconf 89' lang='lat' dir='ltr'><strong>unus</strong></span> <span class='ocrx_word' id='word_1_311' title='bbox 2116 1752 2201 1799; x_wconf 86' lang='lat' dir='ltr'><strong>est</strong></span> <span class='ocrx_word' id='word_1_312' title='bbox 2222 1743 2389 1798; x_wconf 89' lang='lat' dir='ltr'><strong>Pater</strong></span> <span class='ocrx_word' id='word_1_313' title='bbox 2411 1758 2472 1797; x_wconf 86' lang='lat' dir='ltr'><strong>ac</strong></span> <span class='ocrx_word' id='word_1_314' title='bbox 2494 1742 2668 1798; x_wconf 87' lang='lat' dir='ltr'><strong>Filius</strong></span> <span class='ocrx_word' id='word_1_315' title='bbox 2696 1759 2708 1794; x_wconf 77' lang='grc' dir='ltr'><strong>ε</strong></span> <span class='ocrx_word' id='word_1_316' title='bbox 2737 1740 2929 1811; x_wconf 86' lang='lat' dir='ltr'><strong>quidni</strong></span> <span class='ocrx_word' id='word_1_317' title='bbox 2951 1740 3058 1795; x_wconf 88' lang='lat' dir='ltr'><strong>alio</strong></span> <span class='ocrx_word' id='word_1_318' title='bbox 3087 1738 3346 1809; x_wconf 81' lang='lat' dir='ltr'><strong>precandi</strong></span> <span class='ocrx_word' id='word_1_319' title='bbox 3372 1733 3535 1789; x_wconf 83' lang='lat' dir='ltr'><strong>modo</strong></span> 
     </span>
    </p>
   </div>
   <div class='ocr_carea' id='block_1_38' title="bbox 1952 1826 3530 1905">
    <p class='ocr_par' dir='ltr' id='par_1_38' title="bbox 1952 1826 3530 1905">
     <span class='ocr_line' id='line_1_38' title="bbox 1952 1826 3530 1905; baseline -0.011 -13"><span class='ocrx_word' id='word_1_320' title='bbox 1952 1838 2207 1892; x_wconf 87' lang='lat' dir='ltr'><strong>utebatur</strong></span> <span class='ocrx_word' id='word_1_321' title='bbox 2227 1837 2412 1890; x_wconf 85' lang='lat' dir='ltr'><strong>divino</strong></span> <span class='ocrx_word' id='word_1_322' title='bbox 2442 1834 2649 1905; x_wconf 82' lang='lat' dir='ltr'><strong>Spiritu</strong></span> <span class='ocrx_word' id='word_1_323' title='bbox 2677 1832 2889 1886; x_wconf 78' lang='lat' dir='ltr'><strong>amatus</strong></span> <span class='ocrx_word' id='word_1_324' title='bbox 2940 1829 3229 1884; x_wconf 75' lang='lat' dir='ltr'><strong>Ps:ihnista</strong></span> <span class='ocrx_word' id='word_1_325' title='bbox 3250 1826 3530 1879; x_wconf 87' lang='lat' dir='ltr'><strong>clamans:</strong></span> 
     </span>
    </p>
   </div>
   <div class='ocr_carea' id='block_1_39' title="bbox 1951 1914 3535 1994">
    <p class='ocr_par' dir='ltr' id='par_1_39' title="bbox 1951 1914 3535 1994">
     <span class='ocr_line' id='line_1_39' title="bbox 1951 1914 3535 1994; baseline -0.012 -11"><span class='ocrx_word' id='word_1_326' title='bbox 1951 1927 2088 1984; x_wconf 77' lang='lat' dir='ltr'><strong>Veni</strong></span> <span class='ocrx_word' id='word_1_327' title='bbox 2121 1928 2185 1982; x_wconf 90' lang='lat' dir='ltr'><strong>ad</strong></span> <span class='ocrx_word' id='word_1_328' title='bbox 2238 1942 2358 1994; x_wconf 91' lang='lat' dir='ltr'><strong>nos,</strong></span> <span class='ocrx_word' id='word_1_329' title='bbox 2392 1941 2425 1980; x_wconf 93' lang='grc' dir='ltr'><strong>ο</strong></span> <span class='ocrx_word' id='word_1_330' title='bbox 2454 1928 2545 1979; x_wconf 85' lang='lat' dir='ltr'><strong>lux</strong></span> <span class='ocrx_word' id='word_1_331' title='bbox 2591 1934 2645 1979; x_wconf 91' lang='lat' dir='ltr'><strong>et</strong></span> <span class='ocrx_word' id='word_1_332' title='bbox 2693 1922 2937 1977; x_wconf 89' lang='lat' dir='ltr'><strong>veritas?</strong></span> <span class='ocrx_word' id='word_1_333' title='bbox 2974 1920 3107 1975; x_wconf 87' lang='lat' dir='ltr'><strong>Cum</strong></span> <span class='ocrx_word' id='word_1_334' title='bbox 3158 1927 3342 1971; x_wconf 87' lang='lat' dir='ltr'><strong>autem</strong></span> <span class='ocrx_word' id='word_1_335' title='bbox 3388 1914 3535 1967; x_wconf 81' lang='lat' dir='ltr'><strong>mitte</strong></span> 
     </span>
    </p>
   </div>
   <div class='ocr_carea' id='block_1_40' title="bbox 1953 2005 3530 2090">
    <p class='ocr_par' dir='ltr' id='par_1_40' title="bbox 1953 2005 3530 2090">
     <span class='ocr_line' id='line_1_40' title="bbox 1953 2005 3530 2090; baseline -0.01 -14"><span class='ocrx_word' id='word_1_336' title='bbox 1953 2020 2132 2084; x_wconf 86' lang='lat' dir='ltr'><strong>dicat,</strong></span> <span class='ocrx_word' id='word_1_337' title='bbox 2174 2020 2363 2090; x_wconf 89' lang='lat' dir='ltr'><strong>utique</strong></span> <span class='ocrx_word' id='word_1_338' title='bbox 2413 2019 2581 2072; x_wconf 84' lang='lat' dir='ltr'><strong>alium</strong></span> <span class='ocrx_word' id='word_1_339' title='bbox 2634 2015 2927 2086; x_wconf 88' lang='lat' dir='ltr'><strong>quemdam</strong></span> <span class='ocrx_word' id='word_1_340' title='bbox 2968 2012 3122 2066; x_wconf 83' lang='lat' dir='ltr'><strong>novit</strong></span> <span class='ocrx_word' id='word_1_341' title='bbox 3169 2008 3262 2079; x_wconf 88' lang='lat' dir='ltr'><strong>qui</strong></span> <span class='ocrx_word' id='word_1_342' title='bbox 3324 2005 3530 2060; x_wconf 84' lang='lat' dir='ltr'><strong>mittat.</strong></span> 
     </span>
    </p>
   </div>
   <div class='ocr_carea' id='block_1_41' title="bbox 1955 2098 3532 2182">
    <p class='ocr_par' dir='ltr' id='par_1_41' title="bbox 1955 2098 3532 2182">
     <span class='ocr_line' id='line_1_41' title="bbox 1955 2098 3532 2182; baseline -0.013 -15"><span class='ocrx_word' id='word_1_343' title='bbox 1955 2113 2146 2179; x_wconf 86' lang='lat' dir='ltr'><strong>alium,</strong></span> <span class='ocrx_word' id='word_1_344' title='bbox 2191 2112 2285 2182; x_wconf 90' lang='lat' dir='ltr'><strong>qui</strong></span> <span class='ocrx_word' id='word_1_345' title='bbox 2326 2110 2595 2164; x_wconf 83' lang='lat' dir='ltr'><strong>mittatur.</strong></span> <span class='ocrx_word' id='word_1_346' title='bbox 2630 2107 2735 2163; x_wconf 86' lang='lat' dir='ltr'><strong>Sed</strong></span> <span class='ocrx_word' id='word_1_347' title='bbox 2784 2104 3065 2161; x_wconf 88' lang='lat' dir='ltr'><strong>missionis</strong></span> <span class='ocrx_word' id='word_1_348' title='bbox 3111 2098 3309 2156; x_wconf 87' lang='lat' dir='ltr'><strong>modus</strong></span> <span class='ocrx_word' id='word_1_349' title='bbox 3339 2110 3437 2168; x_wconf 88' lang='lat' dir='ltr'><strong>pro</strong></span> <span class='ocrx_word' id='word_1_350' title='bbox 3468 2108 3532 2148; x_wconf 85' lang='lat' dir='ltr'><strong>eo</strong></span> 
     </span>
    </p>
   </div>
   <div class='ocr_carea' id='block_1_42' title="bbox 1957 2202 2796 2271">
    <p class='ocr_par' dir='ltr' id='par_1_42' title="bbox 1957 2202 2796 2271">
     <span class='ocr_line' id='line_1_42' title="bbox 1957 2202 2796 2271; baseline -0.005 -14"><span class='ocrx_word' id='word_1_351' title='bbox 1957 2220 2019 2258; x_wconf 89' lang='lat' dir='ltr'><strong>ac</strong></span> <span class='ocrx_word' id='word_1_352' title='bbox 2053 2204 2219 2257; x_wconf 91' lang='lat' dir='ltr'><strong>Deum</strong></span> <span class='ocrx_word' id='word_1_353' title='bbox 2253 2203 2411 2257; x_wconf 90' lang='lat' dir='ltr'><strong>decet</strong></span> <span class='ocrx_word' id='word_1_354' title='bbox 2438 2202 2796 2271; x_wconf 89' lang='lat' dir='ltr'><strong>intelligatur.</strong></span> 
     </span>
    </p>
   </div>
   <div class='ocr_carea' id='block_1_43' title="bbox 232 2278 3531 2364">
    <p class='ocr_par' dir='ltr' id='par_1_43' title="bbox 232 2278 3531 2364">
     <span class='ocr_line' id='line_1_43' title="bbox 232 2278 3531 2364; baseline -0.005 -20"><span class='ocrx_word' id='word_1_355' title='bbox 232 2292 449 2363; x_wconf 51' lang='grc' dir='ltr'>ηέτερον</span> <span class='ocrx_word' id='word_1_356' title='bbox 497 2289 594 2359; x_wconf 85' lang='grc' dir='ltr'><strong>μέν</strong></span> <span class='ocrx_word' id='word_1_357' title='bbox 635 2305 756 2343; x_wconf 85' lang='grc' dir='ltr'>τινα</span> <span class='ocrx_word' id='word_1_358' title='bbox 784 2288 1179 2342; x_wconf 80' lang='grc' dir='ltr'>ἀποστέλλοντα</span> <span class='ocrx_word' id='word_1_359' title='bbox 1220 2282 1374 2351; x_wconf 82' lang='grc' dir='ltr'>εἰδὼς</span> <span class='ocrx_word' id='word_1_360' title='bbox 1398 2331 1412 2353; x_wconf 92' lang='grc'><strong>,</strong></span> <span class='ocrx_word' id='word_1_361' title='bbox 1440 2288 1627 2360; x_wconf 76' lang='grc' dir='ltr'>ἕτερον</span> <span class='ocrx_word' id='word_1_362' title='bbox 1664 2289 1721 2342; x_wconf 83' lang='grc' dir='ltr'><strong>δὲ</strong></span> <span class='ocrx_word' id='word_1_363' title='bbox 1752 2290 1843 2343; x_wconf 72' lang='grc' dir='ltr'>τὸν</span> <span class='ocrx_word' id='word_1_364' title='bbox 1881 2292 2344 2364; x_wconf 79' lang='grc' dir='ltr'>ἀποστελλόμενον</span> <span class='ocrx_word' id='word_1_365' title='bbox 2366 2308 2378 2321; x_wconf 89' lang='grc'><strong>·</strong></span> <span class='ocrx_word' id='word_1_366' title='bbox 2445 2294 2473 2345; x_wconf 92' lang='lat'><strong>6</strong></span> <span class='ocrx_word' id='word_1_367' title='bbox 2504 2291 2560 2345; x_wconf 83' lang='grc' dir='ltr'>δὲ</span> <span class='ocrx_word' id='word_1_368' title='bbox 2590 2291 2688 2361; x_wconf 80' lang='grc' dir='ltr'>τῆς</span> <span class='ocrx_word' id='word_1_369' title='bbox 2751 2287 3054 2357; x_wconf 77' lang='grc' dir='ltr'>ἀποστολῆς</span> <span class='ocrx_word' id='word_1_370' title='bbox 3080 2285 3277 2358; x_wconf 80' lang='grc' dir='ltr'>τρόπος</span> <span class='ocrx_word' id='word_1_371' title='bbox 3308 2278 3531 2335; x_wconf 78' lang='grc' dir='ltr'>νοείσθω</span> 
     </span>
    </p>
   </div>
   <div class='ocr_carea' id='block_1_44' title="bbox 249 2378 603 2473">
    <p class='ocr_par' dir='ltr' id='par_1_44' title="bbox 249 2378 603 2473">
     <span class='ocr_line' id='line_1_44' title="bbox 249 2378 603 2473; baseline -0.006 -41"><span class='ocrx_word' id='word_1_372' title='bbox 249 2378 603 2473; x_wconf 50' lang='grc' dir='ltr'>,θεοπρεπῶς</span> 
     </span>
    </p>
   </div>
   <div class='ocr_carea' id='block_1_45' title="bbox 337 2472 1841 2545">
    <p class='ocr_par' dir='ltr' id='par_1_45' title="bbox 337 2472 1841 2545">
     <span class='ocr_line' id='line_1_45' title="bbox 337 2472 1841 2545; baseline 0 -19"><span class='ocrx_word' id='word_1_373' title='bbox 337 2474 569 2528; x_wconf 77' lang='lat' dir='ltr'><strong>&#39;AAAO.</strong></span> <span class='ocrx_word' id='word_1_374' title='bbox 609 2473 685 2526; x_wconf 85' lang='grc' dir='ltr'><strong>Δι’</strong></span> <span class='ocrx_word' id='word_1_375' title='bbox 719 2474 847 2526; x_wconf 84' lang='grc' dir='ltr'><strong>Υἱοῦ</strong></span> <span class='ocrx_word' id='word_1_376' title='bbox 882 2472 1211 2543; x_wconf 77' lang='grc' dir='ltr'>πεποιῆσθαι</span> <span class='ocrx_word' id='word_1_377' title='bbox 1242 2474 1308 2526; x_wconf 79' lang='grc' dir='ltr'>τὰ</span> <span class='ocrx_word' id='word_1_378' title='bbox 1349 2474 1526 2527; x_wconf 84' lang='grc' dir='ltr'>πάντα</span> <span class='ocrx_word' id='word_1_379' title='bbox 1571 2475 1735 2545; x_wconf 74' lang='grc' dir='ltr'>φασὶν</span> <span class='ocrx_word' id='word_1_380' title='bbox 1784 2477 1841 2529; x_wconf 81' lang='grc' dir='ltr'>αἱ</span> 
     </span>
    </p>
   </div>
   <div class='ocr_carea' id='block_1_46' title="bbox 264 2566 1852 2637">
    <p class='ocr_par' dir='ltr' id='par_1_46' title="bbox 264 2566 1852 2637">
     <span class='ocr_line' id='line_1_46' title="bbox 264 2566 1852 2637; baseline 0 -17"><span class='ocrx_word' id='word_1_381' title='bbox 264 2566 406 2621; x_wconf 85' lang='grc' dir='ltr'>θεῖαι</span> <span class='ocrx_word' id='word_1_382' title='bbox 454 2566 665 2637; x_wconf 75' lang='grc' dir='ltr'>Γραιραὶ</span> <span class='ocrx_word' id='word_1_383' title='bbox 714 2567 782 2619; x_wconf 90' lang='grc' dir='ltr'><strong>τά</strong></span> <span class='ocrx_word' id='word_1_384' title='bbox 818 2566 987 2635; x_wconf 76' lang='grc' dir='ltr'>ὁρατὰ</span> <span class='ocrx_word' id='word_1_385' title='bbox 1022 2568 1115 2619; x_wconf 76' lang='grc' dir='ltr'><strong>καὶ</strong></span> <span class='ocrx_word' id='word_1_386' title='bbox 1155 2567 1222 2619; x_wconf 85' lang='grc' dir='ltr'><strong>τά</strong></span> <span class='ocrx_word' id='word_1_387' title='bbox 1274 2567 1502 2637; x_wconf 79' lang='grc' dir='ltr'>ἀόρατα,</span> <span class='ocrx_word' id='word_1_388' title='bbox 1535 2566 1601 2620; x_wconf 81' lang='grc' dir='ltr'>τὰ</span> <span class='ocrx_word' id='word_1_389' title='bbox 1644 2568 1703 2620; x_wconf 84' lang='grc' dir='ltr'><strong>έν</strong></span> <span class='ocrx_word' id='word_1_390' title='bbox 1741 2570 1852 2631; x_wconf 85' lang='grc' dir='ltr'>τοῖς</span> 
     </span>
    </p>
   </div>
   <div class='ocr_carea' id='block_1_47' title="bbox 264 2655 1853 2730">
    <p class='ocr_par' dir='ltr' id='par_1_47' title="bbox 264 2655 1853 2730">
     <span class='ocr_line' id='line_1_47' title="bbox 264 2655 1853 2730; baseline 0.001 -19"><span class='ocrx_word' id='word_1_391' title='bbox 264 2656 513 2730; x_wconf 74' lang='grc' dir='ltr'>οὐρανοῖς</span> <span class='ocrx_word' id='word_1_392' title='bbox 561 2657 750 2711; x_wconf 75' lang='grc' dir='ltr'>καὶτὰ</span> <span class='ocrx_word' id='word_1_393' title='bbox 784 2658 875 2710; x_wconf 72' lang='grc' dir='ltr'><strong>ἐπὶ</strong></span> <span class='ocrx_word' id='word_1_394' title='bbox 908 2658 1001 2728; x_wconf 80' lang='grc' dir='ltr'>τῆς</span> <span class='ocrx_word' id='word_1_395' title='bbox 1043 2658 1166 2727; x_wconf 77' lang='grc' dir='ltr'>γῆς,</span> <span class='ocrx_word' id='word_1_396' title='bbox 1208 2657 1300 2710; x_wconf 66' lang='grc' dir='ltr'>καὶ</span> <span class='ocrx_word' id='word_1_397' title='bbox 1328 2655 1469 2710; x_wconf 81' lang='grc' dir='ltr'>οὓτω</span> <span class='ocrx_word' id='word_1_398' title='bbox 1509 2658 1853 2723; x_wconf 78' lang='grc' dir='ltr'>πιστεύοντες</span> 
     </span>
    </p>
   </div>
   <div class='ocr_carea' id='block_1_48' title="bbox 265 2746 1852 2821">
    <p class='ocr_par' dir='ltr' id='par_1_48' title="bbox 265 2746 1852 2821">
     <span class='ocr_line' id='line_1_48' title="bbox 265 2746 1852 2821; baseline 0.001 -20"><span class='ocrx_word' id='word_1_399' title='bbox 265 2751 322 2802; x_wconf 82' lang='grc' dir='ltr'>ὲν</span> <span class='ocrx_word' id='word_1_400' title='bbox 358 2746 608 2821; x_wconf 79' lang='grc' dir='ltr'>ὀρθότητι</span> <span class='ocrx_word' id='word_1_401' title='bbox 642 2749 940 2820; x_wconf 82' lang='grc' dir='ltr'>λογισμῶν,</span> <span class='ocrx_word' id='word_1_402' title='bbox 960 2750 1054 2802; x_wconf 73' lang='grc' dir='ltr'><strong>καὶ</strong></span> <span class='ocrx_word' id='word_1_403' title='bbox 1088 2751 1193 2802; x_wconf 81' lang='grc' dir='ltr'>τῶν</span> <span class='ocrx_word' id='word_1_404' title='bbox 1224 2751 1321 2818; x_wconf 78' lang='grc' dir='ltr'>τῆς</span> <span class='ocrx_word' id='word_1_405' title='bbox 1345 2748 1626 2813; x_wconf 84' lang='grc' dir='ltr'>εὐσεϐείας</span> <span class='ocrx_word' id='word_1_406' title='bbox 1651 2750 1852 2820; x_wconf 79' lang='grc' dir='ltr'>δογμά-</span> 
     </span>
    </p>
   </div>
   <div class='ocr_carea' id='block_1_49' title="bbox 265 2839 1845 2911">
    <p class='ocr_par' dir='ltr' id='par_1_49' title="bbox 265 2839 1845 2911">
     <span class='ocr_line' id='line_1_49' title="bbox 265 2839 1845 2911; baseline 0.001 -20"><span class='ocrx_word' id='word_1_407' title='bbox 265 2856 374 2893; x_wconf 86' lang='grc' dir='ltr'><strong>των</strong></span> <span class='ocrx_word' id='word_1_408' title='bbox 409 2841 538 2893; x_wconf 84' lang='grc' dir='ltr'>είσω</span> <span class='ocrx_word' id='word_1_409' title='bbox 584 2840 898 2911; x_wconf 79' lang='grc' dir='ltr'>βεόήκαμεν</span> <span class='ocrx_word' id='word_1_410' title='bbox 934 2842 981 2893; x_wconf 91' lang='grc' dir='ltr'>οἱ</span> <span class='ocrx_word' id='word_1_411' title='bbox 1024 2840 1120 2909; x_wconf 78' lang='grc' dir='ltr'><strong>τῆς</strong></span> <span class='ocrx_word' id='word_1_412' title='bbox 1153 2839 1411 2910; x_wconf 78' lang='grc' dir='ltr'>ἀληθείας</span> <span class='ocrx_word' id='word_1_413' title='bbox 1453 2842 1845 2910; x_wconf 86' lang='grc' dir='ltr'>προσκυνηταί.</span> 
     </span>
    </p>
   </div>
   <div class='ocr_carea' id='block_1_50' title="bbox 268 2928 1847 3002">
    <p class='ocr_par' dir='ltr' id='par_1_50' title="bbox 268 2928 1847 3002">
     <span class='ocr_line' id='line_1_50' title="bbox 268 2928 1847 3002; baseline -0.001 -18"><span class='ocrx_word' id='word_1_414' title='bbox 268 2930 475 2984; x_wconf 76' lang='grc' dir='ltr'>Οὐκοῦν</span> <span class='ocrx_word' id='word_1_415' title='bbox 499 2931 838 3001; x_wconf 72' lang='grc' dir='ltr'>ἐξετάσωμεν</span> <span class='ocrx_word' id='word_1_416' title='bbox 862 2930 923 2983; x_wconf 82' lang='grc' dir='ltr'><strong>τὸ</strong></span> <span class='ocrx_word' id='word_1_417' title='bbox 959 2928 1055 2983; x_wconf 80' lang='grc' dir='ltr'><strong>διὰ</strong></span> <span class='ocrx_word' id='word_1_418' title='bbox 1082 2931 1186 2985; x_wconf 87' lang='grc' dir='ltr'>τοῦ</span> <span class='ocrx_word' id='word_1_419' title='bbox 1224 2932 1383 2995; x_wconf 80' lang='grc' dir='ltr'>Υίοῦ,</span> <span class='ocrx_word' id='word_1_420' title='bbox 1411 2933 1505 2984; x_wconf 75' lang='grc' dir='ltr'>καὶ</span> <span class='ocrx_word' id='word_1_421' title='bbox 1530 2932 1689 2985; x_wconf 88' lang='grc' dir='ltr'>ποίαν</span> <span class='ocrx_word' id='word_1_422' title='bbox 1713 2933 1847 3002; x_wconf 81' lang='grc' dir='ltr'>ἡμῖν</span> 
     </span>
    </p>
   </div>
   <div class='ocr_carea' id='block_1_51' title="bbox 266 3019 1846 3095">
    <p class='ocr_par' dir='ltr' id='par_1_51' title="bbox 266 3019 1846 3095">
     <span class='ocr_line' id='line_1_51' title="bbox 266 3019 1846 3095; baseline 0 -22"><span class='ocrx_word' id='word_1_423' title='bbox 266 3020 511 3093; x_wconf 71' lang='grc' dir='ltr'>εἰσφέρει</span> <span class='ocrx_word' id='word_1_424' title='bbox 537 3022 634 3091; x_wconf 79' lang='grc' dir='ltr'><strong>τὴν</strong></span> <span class='ocrx_word' id='word_1_425' title='bbox 659 3019 897 3076; x_wconf 83' lang='grc' dir='ltr'>διάνοιαν</span> <span class='ocrx_word' id='word_1_426' title='bbox 922 3022 1322 3095; x_wconf 83' lang='grc' dir='ltr'>ὲρευνήσωμεν.</span> <span class='ocrx_word' id='word_1_427' title='bbox 1358 3022 1495 3075; x_wconf 86' lang='grc' dir='ltr'>Ἀλλ’</span> <span class='ocrx_word' id='word_1_428' title='bbox 1526 3022 1639 3076; x_wconf 78' lang='grc' dir='ltr'>ἔστι</span> <span class='ocrx_word' id='word_1_429' title='bbox 1669 3022 1846 3092; x_wconf 77' lang='grc' dir='ltr'>δῆλον,</span> 
     </span>
    </p>
   </div>
   <div class='ocr_carea' id='block_1_52' title="bbox 262 3115 1843 3186">
    <p class='ocr_par' dir='ltr' id='par_1_52' title="bbox 262 3115 1843 3186">
     <span class='ocr_line' id='line_1_52' title="bbox 262 3115 1843 3186; baseline 0.003 -19"><span class='ocrx_word' id='word_1_430' title='bbox 262 3115 338 3173; x_wconf 73' lang='grc' dir='ltr'>ὡς</span> <span class='ocrx_word' id='word_1_431' title='bbox 364 3117 548 3186; x_wconf 76' lang='grc' dir='ltr'>ἕτερον</span> <span class='ocrx_word' id='word_1_432' title='bbox 578 3118 677 3186; x_wconf 90' lang='grc' dir='ltr'><strong>μέν</strong></span> <span class='ocrx_word' id='word_1_433' title='bbox 708 3135 830 3170; x_wconf 84' lang='grc' dir='ltr'>τινα</span> <span class='ocrx_word' id='word_1_434' title='bbox 853 3120 990 3171; x_wconf 82' lang='grc' dir='ltr'>νοεῖν</span> <span class='ocrx_word' id='word_1_435' title='bbox 1019 3118 1299 3170; x_wconf 76' lang='grc' dir='ltr'>ἀναπείθει</span> <span class='ocrx_word' id='word_1_436' title='bbox 1328 3117 1415 3170; x_wconf 81' lang='grc' dir='ltr'>τὸν</span> <span class='ocrx_word' id='word_1_437' title='bbox 1446 3118 1701 3171; x_wconf 79' lang='grc' dir='ltr'>ποιοῦντα</span> <span class='ocrx_word' id='word_1_438' title='bbox 1750 3120 1843 3171; x_wconf 70' lang='grc' dir='ltr'><strong>καὶ</strong></span> 
     </span>
    </p>
   </div>
   <div class='ocr_carea' id='block_1_53' title="bbox 2026 2463 3528 2535">
    <p class='ocr_par' dir='ltr' id='par_1_53' title="bbox 2026 2463 3528 2535">
     <span class='ocr_line' id='line_1_53' title="bbox 2026 2463 3528 2535; baseline -0.004 -12"><span class='ocrx_word' id='word_1_439' title='bbox 2026 2466 2254 2523; x_wconf 84' lang='lat' dir='ltr'><strong>ALIUD.</strong></span> <span class='ocrx_word' id='word_1_440' title='bbox 2320 2465 2423 2521; x_wconf 75' lang='lat' dir='ltr'><strong>l‘er</strong></span> <span class='ocrx_word' id='word_1_441' title='bbox 2475 2464 2677 2520; x_wconf 81' lang='lat' dir='ltr'><strong>Filium</strong></span> <span class='ocrx_word' id='word_1_442' title='bbox 2741 2464 3036 2535; x_wconf 71' lang='lat' dir='ltr'><strong>Scriptura:</strong></span> <span class='ocrx_word' id='word_1_443' title='bbox 3094 2463 3291 2518; x_wconf 75' lang='lat' dir='ltr'><strong>divinae.</strong></span> <span class='ocrx_word' id='word_1_444' title='bbox 3346 2466 3528 2519; x_wconf 88' lang='lat' dir='ltr'><strong>omnia</strong></span> 
     </span>
    </p>
   </div>
   <div class='ocr_carea' id='block_1_54' title="bbox 1952 2554 3528 2618">
    <p class='ocr_par' dir='ltr' id='par_1_54' title="bbox 1952 2554 3528 2618">
     <span class='ocr_line' id='line_1_54' title="bbox 1952 2554 3528 2618; baseline -0.002 -7"><span class='ocrx_word' id='word_1_445' title='bbox 1952 2557 2096 2611; x_wconf 87' lang='lat' dir='ltr'><strong>facta</strong></span> <span class='ocrx_word' id='word_1_446' title='bbox 2138 2571 2260 2610; x_wconf 88' lang='lat' dir='ltr'><strong>esse</strong></span> <span class='ocrx_word' id='word_1_447' title='bbox 2306 2554 2522 2618; x_wconf 87' lang='lat' dir='ltr'><strong>dicunt,</strong></span> <span class='ocrx_word' id='word_1_448' title='bbox 2567 2554 2803 2609; x_wconf 86' lang='lat' dir='ltr'><strong>visibilia</strong></span> <span class='ocrx_word' id='word_1_449' title='bbox 2838 2562 2891 2608; x_wconf 87' lang='lat' dir='ltr'><strong>et</strong></span> <span class='ocrx_word' id='word_1_450' title='bbox 2921 2554 3233 2616; x_wconf 82' lang='lat' dir='ltr'><strong>invisibilia,</strong></span> <span class='ocrx_word' id='word_1_451' title='bbox 3285 2555 3528 2609; x_wconf 79' lang='lat' dir='ltr'><strong>ctriestia</strong></span> 
     </span>
    </p>
   </div>
   <div class='ocr_carea' id='block_1_55' title="bbox 1952 2644 3531 2716">
    <p class='ocr_par' dir='ltr' id='par_1_55' title="bbox 1952 2644 3531 2716">
     <span class='ocr_line' id='line_1_55' title="bbox 1952 2644 3531 2716; baseline -0.003 -14"><span class='ocrx_word' id='word_1_452' title='bbox 1952 2663 2015 2702; x_wconf 89' lang='lat' dir='ltr'><strong>ac</strong></span> <span class='ocrx_word' id='word_1_453' title='bbox 2044 2656 2258 2701; x_wconf 89' lang='lat' dir='ltr'><strong>terrena</strong></span> <span class='ocrx_word' id='word_1_454' title='bbox 2287 2660 2302 2699; x_wconf 89' lang='lat'><strong>:</strong></span> <span class='ocrx_word' id='word_1_455' title='bbox 2332 2653 2497 2716; x_wconf 90' lang='lat' dir='ltr'><strong>atque</strong></span> <span class='ocrx_word' id='word_1_456' title='bbox 2527 2646 2601 2700; x_wconf 86' lang='lat' dir='ltr'><strong>ita</strong></span> <span class='ocrx_word' id='word_1_457' title='bbox 2634 2644 2929 2700; x_wconf 87' lang='lat' dir='ltr'><strong>credentes</strong></span> <span class='ocrx_word' id='word_1_458' title='bbox 2968 2644 3073 2715; x_wconf 79' lang='lat'><strong>19</strong></span> <span class='ocrx_word' id='word_1_459' title='bbox 3102 2645 3153 2697; x_wconf 92' lang='lat' dir='ltr'><strong>in</strong></span> <span class='ocrx_word' id='word_1_460' title='bbox 3194 2644 3531 2699; x_wconf 76' lang='lat' dir='ltr'><strong>rectitudine</strong></span> 
     </span>
    </p>
   </div>
   <div class='ocr_carea' id='block_1_56' title="bbox 1954 2734 3530 2806">
    <p class='ocr_par' dir='ltr' id='par_1_56' title="bbox 1954 2734 3530 2806">
     <span class='ocr_line' id='line_1_56' title="bbox 1954 2734 3530 2806; baseline -0.003 -14"><span class='ocrx_word' id='word_1_461' title='bbox 1954 2738 2219 2792; x_wconf 81' lang='lat' dir='ltr'><strong>doctrinae</strong></span> <span class='ocrx_word' id='word_1_462' title='bbox 2267 2747 2317 2791; x_wconf 91' lang='lat' dir='ltr'><strong>ct</strong></span> <span class='ocrx_word' id='word_1_463' title='bbox 2376 2738 2598 2806; x_wconf 88' lang='lat' dir='ltr'><strong>pietatis</strong></span> <span class='ocrx_word' id='word_1_464' title='bbox 2645 2736 2961 2803; x_wconf 81' lang='lat' dir='ltr'><strong>dogmatum</strong></span> <span class='ocrx_word' id='word_1_465' title='bbox 3012 2734 3319 2789; x_wconf 89' lang='lat' dir='ltr'><strong>incedimus</strong></span> <span class='ocrx_word' id='word_1_466' title='bbox 3370 2743 3530 2804; x_wconf 82' lang='lat' dir='ltr'><strong>quot-</strong></span> 
     </span>
    </p>
   </div>
   <div class='ocr_carea' id='block_1_57' title="bbox 1953 2822 3528 2894">
    <p class='ocr_par' dir='ltr' id='par_1_57' title="bbox 1953 2822 3528 2894">
     <span class='ocr_line' id='line_1_57' title="bbox 1953 2822 3528 2894; baseline 0.001 -19"><span class='ocrx_word' id='word_1_467' title='bbox 1953 2833 2087 2894; x_wconf 87' lang='lat' dir='ltr'><strong>quot</strong></span> <span class='ocrx_word' id='word_1_468' title='bbox 2116 2826 2404 2878; x_wconf 75' lang='lat' dir='ltr'><strong>veritatem</strong></span> <span class='ocrx_word' id='word_1_469' title='bbox 2445 2824 2699 2877; x_wconf 90' lang='lat' dir='ltr'><strong>colimus.</strong></span> <span class='ocrx_word' id='word_1_470' title='bbox 2740 2822 3128 2892; x_wconf 74' lang='lat' dir='ltr'><strong>Expendamus</strong></span> <span class='ocrx_word' id='word_1_471' title='bbox 3163 2823 3330 2891; x_wconf 84' lang='lat' dir='ltr'><strong>igitur</strong></span> <span class='ocrx_word' id='word_1_472' title='bbox 3370 2822 3528 2887; x_wconf 89' lang='lat' dir='ltr'><strong>illud,</strong></span> 
     </span>
    </p>
   </div>
   <div class='ocr_carea' id='block_1_58' title="bbox 1953 2912 3531 2984">
    <p class='ocr_par' dir='ltr' id='par_1_58' title="bbox 1953 2912 3531 2984">
     <span class='ocr_line' id='line_1_58' title="bbox 1953 2912 3531 2984; baseline -0.001 -15"><span class='ocrx_word' id='word_1_473' title='bbox 1953 2931 2045 2984; x_wconf 87' lang='lat' dir='ltr'><strong>per</strong></span> <span class='ocrx_word' id='word_1_474' title='bbox 2076 2913 2302 2977; x_wconf 81' lang='lat' dir='ltr'><strong>Filium,</strong></span> <span class='ocrx_word' id='word_1_475' title='bbox 2336 2921 2390 2970; x_wconf 83' lang='lat' dir='ltr'><strong>et</strong></span> <span class='ocrx_word' id='word_1_476' title='bbox 2422 2915 2640 2983; x_wconf 86' lang='lat' dir='ltr'><strong>qualem</strong></span> <span class='ocrx_word' id='word_1_477' title='bbox 2676 2914 2835 2968; x_wconf 90' lang='lat' dir='ltr'><strong>nobis</strong></span> <span class='ocrx_word' id='word_1_478' title='bbox 2868 2928 3091 2967; x_wconf 89' lang='lat' dir='ltr'><strong>sensum</strong></span> <span class='ocrx_word' id='word_1_479' title='bbox 3138 2913 3337 2968; x_wconf 90' lang='lat' dir='ltr'><strong>inferat</strong></span> <span class='ocrx_word' id='word_1_480' title='bbox 3371 2912 3531 2967; x_wconf 86' lang='lat' dir='ltr'><strong>inda-</strong></span> 
     </span>
    </p>
   </div>
   <div class='ocr_carea' id='block_1_59' title="bbox 1955 3004 3529 3079">
    <p class='ocr_par' dir='ltr' id='par_1_59' title="bbox 1955 3004 3529 3079">
     <span class='ocr_line' id='line_1_59' title="bbox 1955 3004 3529 3079; baseline -0.002 -16"><span class='ocrx_word' id='word_1_481' title='bbox 1955 3024 2165 3079; x_wconf 88' lang='lat' dir='ltr'><strong>gemus.</strong></span> <span class='ocrx_word' id='word_1_482' title='bbox 2212 3008 2375 3077; x_wconf 87' lang='lat' dir='ltr'><strong>Atqui</strong></span> <span class='ocrx_word' id='word_1_483' title='bbox 2414 3004 2767 3061; x_wconf 88' lang='lat' dir='ltr'><strong>manifestmn</strong></span> <span class='ocrx_word' id='word_1_484' title='bbox 2815 3014 2899 3060; x_wconf 87' lang='lat' dir='ltr'><strong>est</strong></span> <span class='ocrx_word' id='word_1_485' title='bbox 2944 3006 3109 3059; x_wconf 90' lang='lat' dir='ltr'><strong>alium</strong></span> <span class='ocrx_word' id='word_1_486' title='bbox 3146 3006 3363 3075; x_wconf 87' lang='lat' dir='ltr'><strong>quidem</strong></span> <span class='ocrx_word' id='word_1_487' title='bbox 3397 3021 3529 3060; x_wconf 85' lang='lat' dir='ltr'><strong>cen-</strong></span> 
     </span>
    </p>
   </div>
   <div class='ocr_carea' id='block_1_60' title="bbox 1955 3096 3526 3167">
    <p class='ocr_par' dir='ltr' id='par_1_60' title="bbox 1955 3096 3526 3167">
     <span class='ocr_line' id='line_1_60' title="bbox 1955 3096 3526 3167; baseline -0.001 -13"><span class='ocrx_word' id='word_1_488' title='bbox 1955 3100 2188 3154; x_wconf 90' lang='lat' dir='ltr'><strong>sendmn</strong></span> <span class='ocrx_word' id='word_1_489' title='bbox 2246 3115 2369 3154; x_wconf 90' lang='lat' dir='ltr'><strong>esse</strong></span> <span class='ocrx_word' id='word_1_490' title='bbox 2428 3114 2551 3153; x_wconf 88' lang='lat' dir='ltr'><strong>emn</strong></span> <span class='ocrx_word' id='word_1_491' title='bbox 2602 3098 2696 3167; x_wconf 88' lang='lat' dir='ltr'><strong>qui</strong></span> <span class='ocrx_word' id='word_1_492' title='bbox 2754 3096 2883 3151; x_wconf 81' lang='lat' dir='ltr'><strong>facit</strong></span> <span class='ocrx_word' id='word_1_493' title='bbox 2930 3107 2982 3151; x_wconf 92' lang='lat' dir='ltr'><strong>et</strong></span> <span class='ocrx_word' id='word_1_494' title='bbox 3032 3106 3318 3167; x_wconf 83' lang='lat' dir='ltr'><strong>operatur,</strong></span> <span class='ocrx_word' id='word_1_495' title='bbox 3361 3098 3526 3152; x_wconf 87' lang='lat' dir='ltr'><strong>alium</strong></span> 
     </span>
    </p>
   </div>
   <div class='ocr_carea' id='block_1_61' title="bbox 263 3178 1847 3281">
    <p class='ocr_par' dir='ltr' id='par_1_61' title="bbox 263 3178 1844 3281">
     <span class='ocr_line' id='line_1_61' title="bbox 263 3178 1844 3281; baseline 0.003 -23"><span class='ocrx_word' id='word_1_496' title='bbox 263 3178 651 3277; x_wconf 78' lang='grc' dir='ltr'>ἐργαζόμενον,</span> <span class='ocrx_word' id='word_1_497' title='bbox 684 3207 867 3279; x_wconf 77' lang='grc' dir='ltr'>ἕτερον</span> <span class='ocrx_word' id='word_1_498' title='bbox 894 3208 948 3260; x_wconf 89' lang='grc' dir='ltr'><strong>δέ</strong></span> <span class='ocrx_word' id='word_1_499' title='bbox 987 3226 1106 3261; x_wconf 89' lang='grc' dir='ltr'>τινα</span> <span class='ocrx_word' id='word_1_500' title='bbox 1132 3209 1221 3260; x_wconf 84' lang='grc' dir='ltr'><strong>τὸν</strong></span> <span class='ocrx_word' id='word_1_501' title='bbox 1241 3209 1318 3261; x_wconf 86' lang='grc' dir='ltr'>δι’</span> <span class='ocrx_word' id='word_1_502' title='bbox 1344 3204 1404 3263; x_wconf 75' lang='grc' dir='ltr'>οὗ</span> <span class='ocrx_word' id='word_1_503' title='bbox 1440 3209 1506 3262; x_wconf 90' lang='grc' dir='ltr'><strong>τά</strong></span> <span class='ocrx_word' id='word_1_504' title='bbox 1552 3209 1726 3263; x_wconf 87' lang='grc' dir='ltr'>πάντα</span> <span class='ocrx_word' id='word_1_505' title='bbox 1753 3214 1844 3281; x_wconf 85' lang='grc' dir='ltr'><strong>ὲρ-</strong></span> 
     </span>
    </p>
   </div>
   <div class='ocr_carea' id='block_1_62' title="bbox 1951 3178 3525 3281">
    <p class='ocr_par' dir='ltr' id='par_1_62' title="bbox 1951 3188 3525 3260">
     <span class='ocr_line' id='line_1_62' title="bbox 1951 3188 3525 3260; baseline -0.001 -16"><span class='ocrx_word' id='word_1_506' title='bbox 1951 3206 2078 3244; x_wconf 87' lang='lat' dir='ltr'><strong>vcro</strong></span> <span class='ocrx_word' id='word_1_507' title='bbox 2114 3206 2236 3245; x_wconf 90' lang='lat' dir='ltr'><strong>eum</strong></span> <span class='ocrx_word' id='word_1_508' title='bbox 2273 3205 2368 3260; x_wconf 88' lang='lat' dir='ltr'><strong>per</strong></span> <span class='ocrx_word' id='word_1_509' title='bbox 2395 3204 2557 3259; x_wconf 90' lang='lat' dir='ltr'><strong>quem</strong></span> <span class='ocrx_word' id='word_1_510' title='bbox 2595 3191 2852 3243; x_wconf 86' lang='lat' dir='ltr'><strong>universa</strong></span> <span class='ocrx_word' id='word_1_511' title='bbox 2884 3198 3163 3258; x_wconf 78' lang='lat' dir='ltr'><strong>operatur.</strong></span> <span class='ocrx_word' id='word_1_512' title='bbox 3200 3188 3349 3244; x_wconf 88' lang='lat' dir='ltr'><strong>Duas</strong></span> <span class='ocrx_word' id='word_1_513' title='bbox 3380 3190 3525 3244; x_wconf 87' lang='lat' dir='ltr'><strong>enitn</strong></span> 
     </span>
    </p>
   </div>
   <div class='ocr_carea' id='block_1_63' title="bbox 261 3295 1849 3371">
    <p class='ocr_par' dir='ltr' id='par_1_63' title="bbox 261 3295 1849 3371">
     <span class='ocr_line' id='line_1_63' title="bbox 261 3295 1849 3371; baseline 0.002 -20"><span class='ocrx_word' id='word_1_514' title='bbox 261 3295 506 3365; x_wconf 81' lang='grc' dir='ltr'>γάζεται.</span> <span class='ocrx_word' id='word_1_515' title='bbox 538 3296 643 3350; x_wconf 89' lang='grc' dir='ltr'>Δύο</span> <span class='ocrx_word' id='word_1_516' title='bbox 672 3297 781 3369; x_wconf 88' lang='grc' dir='ltr'><strong>γάρ</strong></span> <span class='ocrx_word' id='word_1_517' title='bbox 822 3298 1130 3369; x_wconf 82' lang='grc' dir='ltr'>προσώπων</span> <span class='ocrx_word' id='word_1_518' title='bbox 1161 3298 1235 3361; x_wconf 82' lang='grc' dir='ltr'>ὼς</span> <span class='ocrx_word' id='word_1_519' title='bbox 1284 3299 1341 3366; x_wconf 76' lang='grc' dir='ltr'><strong>ἐξ</strong></span> <span class='ocrx_word' id='word_1_520' title='bbox 1384 3301 1628 3370; x_wconf 87' lang='grc' dir='ltr'>ἀνάγκης</span> <span class='ocrx_word' id='word_1_521' title='bbox 1671 3301 1849 3371; x_wconf 85' lang='grc' dir='ltr'>παρά-</span> 
     </span>
    </p>
   </div>
   <div class='ocr_carea' id='block_1_64' title="bbox 266 3389 1848 3461">
    <p class='ocr_par' dir='ltr' id='par_1_64' title="bbox 266 3389 1848 3461">
     <span class='ocr_line' id='line_1_64' title="bbox 266 3389 1848 3461; baseline 0.003 -18"><span class='ocrx_word' id='word_1_522' title='bbox 266 3406 454 3443; x_wconf 88' lang='grc' dir='ltr'>στασιν</span> <span class='ocrx_word' id='word_1_523' title='bbox 511 3390 623 3459; x_wconf 79' lang='grc' dir='ltr'>ἔχει</span> <span class='ocrx_word' id='word_1_524' title='bbox 681 3389 767 3443; x_wconf 84' lang='grc' dir='ltr'>τὸ·</span> <span class='ocrx_word' id='word_1_525' title='bbox 800 3390 874 3443; x_wconf 83' lang='grc' dir='ltr'>δι’</span> <span class='ocrx_word' id='word_1_526' title='bbox 920 3391 1058 3445; x_wconf 81' lang='grc' dir='ltr'>Υίοῦ</span> <span class='ocrx_word' id='word_1_527' title='bbox 1101 3390 1133 3461; x_wconf 82' lang='grc' dir='ltr'>ἢ</span> <span class='ocrx_word' id='word_1_528' title='bbox 1190 3390 1495 3460; x_wconf 74' lang='grc' dir='ltr'>λεγέτωσαν</span> <span class='ocrx_word' id='word_1_529' title='bbox 1542 3392 1681 3446; x_wconf 84' lang='grc' dir='ltr'>κατὰ</span> <span class='ocrx_word' id='word_1_530' title='bbox 1728 3393 1848 3448; x_wconf 78' lang='grc' dir='ltr'>τίνα</span> 
     </span>
    </p>
   </div>
   <div class='ocr_carea' id='block_1_65' title="bbox 263 3480 1850 3555">
    <p class='ocr_par' dir='ltr' id='par_1_65' title="bbox 263 3480 1850 3555">
     <span class='ocr_line' id='line_1_65' title="bbox 263 3480 1850 3555; baseline 0.004 -23"><span class='ocrx_word' id='word_1_531' title='bbox 263 3480 463 3551; x_wconf 78' lang='grc' dir='ltr'>τρόπον</span> <span class='ocrx_word' id='word_1_532' title='bbox 490 3480 550 3533; x_wconf 71' lang='grc' dir='ltr'>τὸ</span> <span class='ocrx_word' id='word_1_533' title='bbox 578 3480 635 3533; x_wconf 83' lang='grc' dir='ltr'><strong>ἒν</strong></span> <span class='ocrx_word' id='word_1_534' title='bbox 664 3481 738 3544; x_wconf 85' lang='grc' dir='ltr'><strong>ὡς</strong></span> <span class='ocrx_word' id='word_1_535' title='bbox 772 3482 829 3534; x_wconf 77' lang='grc' dir='ltr'><strong>ἐν</strong></span> <span class='ocrx_word' id='word_1_536' title='bbox 867 3481 1106 3553; x_wconf 79' lang='grc' dir='ltr'>ἀριθμῷ,</span> <span class='ocrx_word' id='word_1_537' title='bbox 1132 3484 1224 3536; x_wconf 78' lang='grc' dir='ltr'><strong>καὶ</strong></span> <span class='ocrx_word' id='word_1_538' title='bbox 1250 3485 1313 3555; x_wconf 79' lang='grc' dir='ltr'>τῇ</span> <span class='ocrx_word' id='word_1_539' title='bbox 1345 3484 1466 3536; x_wconf 87' lang='grc' dir='ltr'>κατ’</span> <span class='ocrx_word' id='word_1_540' title='bbox 1500 3484 1658 3537; x_wconf 85' lang='grc' dir='ltr'>αὐτὸν</span> <span class='ocrx_word' id='word_1_541' title='bbox 1689 3486 1850 3539; x_wconf 85' lang='grc' dir='ltr'>ποσό-</span> 
     </span>
    </p>
   </div>
   <div class='ocr_carea' id='block_1_66' title="bbox 262 3572 1851 3648">
    <p class='ocr_par' dir='ltr' id='par_1_66' title="bbox 262 3572 1851 3648">
     <span class='ocr_line' id='line_1_66' title="bbox 262 3572 1851 3648; baseline 0.003 -24"><span class='ocrx_word' id='word_1_542' title='bbox 262 3587 385 3643; x_wconf 87' lang='grc' dir='ltr'>τητι</span> <span class='ocrx_word' id='word_1_543' title='bbox 428 3573 486 3624; x_wconf 87' lang='grc' dir='ltr'><strong>ὲν</strong></span> <span class='ocrx_word' id='word_1_544' title='bbox 536 3572 609 3642; x_wconf 82' lang='grc' dir='ltr'>τῷ</span> <span class='ocrx_word' id='word_1_545' title='bbox 661 3589 713 3624; x_wconf 86' lang='grc' dir='ltr'><strong>τι</strong></span> <span class='ocrx_word' id='word_1_546' title='bbox 757 3576 931 3626; x_wconf 86' lang='grc' dir='ltr'>ποιεῖν</span> <span class='ocrx_word' id='word_1_547' title='bbox 961 3574 1237 3643; x_wconf 86' lang='grc' dir='ltr'>λέγεσθαι,</span> <span class='ocrx_word' id='word_1_548' title='bbox 1269 3574 1329 3627; x_wconf 81' lang='grc' dir='ltr'><strong>τὸ</strong></span> <span class='ocrx_word' id='word_1_549' title='bbox 1358 3573 1431 3627; x_wconf 85' lang='grc' dir='ltr'>δι’</span> <span class='ocrx_word' id='word_1_550' title='bbox 1469 3575 1603 3630; x_wconf 84' lang='grc' dir='ltr'><strong>Υιοῦ</strong></span> <span class='ocrx_word' id='word_1_551' title='bbox 1648 3577 1851 3648; x_wconf 80' lang='grc' dir='ltr'>κυρίως</span> 
     </span>
    </p>
   </div>
   <div class='ocr_carea' id='block_1_67' title="bbox 264 3663 1847 3737">
    <p class='ocr_par' dir='ltr' id='par_1_67' title="bbox 264 3663 1847 3737">
     <span class='ocr_line' id='line_1_67' title="bbox 264 3663 1847 3737; baseline 0.001 -19"><span class='ocrx_word' id='word_1_552' title='bbox 264 3665 359 3718; x_wconf 74' lang='grc' dir='ltr'>καὶ</span> <span class='ocrx_word' id='word_1_553' title='bbox 410 3663 621 3735; x_wconf 80' lang='grc' dir='ltr'>ἀληθῶς</span> <span class='ocrx_word' id='word_1_554' title='bbox 661 3665 995 3732; x_wconf 81' lang='grc' dir='ltr'>ἐπιδέξεται,</span> <span class='ocrx_word' id='word_1_555' title='bbox 1032 3666 1243 3730; x_wconf 87' lang='grc' dir='ltr'>οὐδενὸς</span> <span class='ocrx_word' id='word_1_556' title='bbox 1273 3666 1462 3737; x_wconf 78' lang='grc' dir='ltr'>ἑτέρου</span> <span class='ocrx_word' id='word_1_557' title='bbox 1503 3684 1847 3722; x_wconf 66' lang='grc' dir='ltr'>συνεπινοουυ</span> 
     </span>
    </p>
   </div>
   <div class='ocr_carea' id='block_1_68' title="bbox 269 3753 1849 3828">
    <p class='ocr_par' dir='ltr' id='par_1_68' title="bbox 269 3753 1849 3828">
     <span class='ocr_line' id='line_1_68' title="bbox 269 3753 1849 3828; baseline 0.003 -20"><span class='ocrx_word' id='word_1_558' title='bbox 269 3755 429 3827; x_wconf 77' lang='grc' dir='ltr'>μένου</span> <span class='ocrx_word' id='word_1_559' title='bbox 479 3758 571 3809; x_wconf 73' lang='grc' dir='ltr'><strong>καὶ</strong></span> <span class='ocrx_word' id='word_1_560' title='bbox 624 3758 1089 3827; x_wconf 82' lang='grc' dir='ltr'>συνειστρέχοντος</span> <span class='ocrx_word' id='word_1_561' title='bbox 1131 3776 1144 3789; x_wconf 89' lang='grc'><strong>·</strong></span> <span class='ocrx_word' id='word_1_562' title='bbox 1178 3758 1293 3811; x_wconf 87' lang='grc' dir='ltr'>ἀλλ’</span> <span class='ocrx_word' id='word_1_563' title='bbox 1340 3753 1492 3828; x_wconf 76' lang='grc' dir='ltr'>οἶμαι</span> <span class='ocrx_word' id='word_1_564' title='bbox 1570 3760 1849 3825; x_wconf 80' lang='grc' dir='ltr'>παντελῶς</span> 
     </span>
    </p>
   </div>
   <div class='ocr_carea' id='block_1_69' title="bbox 264 3848 1848 3923">
    <p class='ocr_par' dir='ltr' id='par_1_69' title="bbox 264 3848 1848 3923">
     <span class='ocr_line' id='line_1_69' title="bbox 264 3848 1848 3923; baseline 0.001 -22"><span class='ocrx_word' id='word_1_565' title='bbox 264 3848 563 3918; x_wconf 69' lang='grc' dir='ltr'>ἀπορήσειν</span> <span class='ocrx_word' id='word_1_566' title='bbox 592 3849 716 3913; x_wconf 80' lang='grc' dir='ltr'>τοὺς</span> <span class='ocrx_word' id='word_1_567' title='bbox 746 3848 812 3901; x_wconf 76' lang='grc' dir='ltr'>δι’</span> <span class='ocrx_word' id='word_1_568' title='bbox 841 3850 1104 3912; x_wconf 76' lang='grc' dir='ltr'>ἐναντίας.</span> <span class='ocrx_word' id='word_1_569' title='bbox 1144 3849 1356 3921; x_wconf 83' lang='grc' dir='ltr'>Ἐπειδὴ</span> <span class='ocrx_word' id='word_1_570' title='bbox 1389 3851 1443 3904; x_wconf 81' lang='grc' dir='ltr'>δὲ</span> <span class='ocrx_word' id='word_1_571' title='bbox 1492 3852 1585 3904; x_wconf 76' lang='grc' dir='ltr'><strong>τὸν</strong></span> <span class='ocrx_word' id='word_1_572' title='bbox 1631 3852 1848 3923; x_wconf 80' lang='grc' dir='ltr'>Πατέρα</span> 
     </span>
    </p>
   </div>
   <div class='ocr_carea' id='block_1_70' title="bbox 262 3941 1846 4014">
    <p class='ocr_par' dir='ltr' id='par_1_70' title="bbox 262 3941 1846 4014">
     <span class='ocr_line' id='line_1_70' title="bbox 262 3941 1846 4014; baseline -0.001 -18"><span class='ocrx_word' id='word_1_573' title='bbox 262 3943 328 3996; x_wconf 81' lang='grc' dir='ltr'>δι’</span> <span class='ocrx_word' id='word_1_574' title='bbox 361 3943 491 3996; x_wconf 80' lang='grc' dir='ltr'>Υἱού</span> <span class='ocrx_word' id='word_1_575' title='bbox 531 3942 597 3995; x_wconf 83' lang='grc' dir='ltr'><strong>τὰ</strong></span> <span class='ocrx_word' id='word_1_576' title='bbox 639 3942 817 3997; x_wconf 85' lang='grc' dir='ltr'>πάντα</span> <span class='ocrx_word' id='word_1_577' title='bbox 850 3941 1156 4012; x_wconf 80' lang='grc' dir='ltr'>εἰργάσθαι,</span> <span class='ocrx_word' id='word_1_578' title='bbox 1177 3943 1271 3995; x_wconf 76' lang='grc' dir='ltr'><strong>καὶ</strong></span> <span class='ocrx_word' id='word_1_579' title='bbox 1303 3942 1459 3995; x_wconf 73' lang='grc' dir='ltr'>αὐταὶ</span> <span class='ocrx_word' id='word_1_580' title='bbox 1489 3942 1846 4014; x_wconf 79' lang='grc' dir='ltr'>κηρύττουσιν</span> 
     </span>
    </p>
   </div>
   <div class='ocr_carea' id='block_1_71' title="bbox 263 4031 1845 4107">
    <p class='ocr_par' dir='ltr' id='par_1_71' title="bbox 263 4031 1845 4107">
     <span class='ocr_line' id='line_1_71' title="bbox 263 4031 1845 4107; baseline -0.001 -18"><span class='ocrx_word' id='word_1_581' title='bbox 263 4037 318 4090; x_wconf 86' lang='grc' dir='ltr'><strong>αί</strong></span> <span class='ocrx_word' id='word_1_582' title='bbox 350 4035 492 4089; x_wconf 88' lang='grc' dir='ltr'>θεῖαι</span> <span class='ocrx_word' id='word_1_583' title='bbox 516 4035 752 4107; x_wconf 72' lang='grc' dir='ltr'>Γραφαὶ,</span> <span class='ocrx_word' id='word_1_584' title='bbox 786 4035 881 4087; x_wconf 78' lang='grc' dir='ltr'><strong>καὶ</strong></span> <span class='ocrx_word' id='word_1_585' title='bbox 913 4036 1076 4105; x_wconf 83' lang='grc' dir='ltr'>ἡμεῖς</span> <span class='ocrx_word' id='word_1_586' title='bbox 1110 4033 1435 4105; x_wconf 85' lang='grc' dir='ltr'>πιστεύομεν</span> <span class='ocrx_word' id='word_1_587' title='bbox 1456 4077 1469 4097; x_wconf 87' lang='grc'><strong>,</strong></span> <span class='ocrx_word' id='word_1_588' title='bbox 1499 4031 1651 4106; x_wconf 73' lang='grc' dir='ltr'>οἶμαι</span> <span class='ocrx_word' id='word_1_589' title='bbox 1681 4036 1735 4088; x_wconf 84' lang='grc' dir='ltr'>δὲ</span> <span class='ocrx_word' id='word_1_590' title='bbox 1764 4037 1845 4088; x_wconf 77' lang='grc' dir='ltr'>ὅτι</span> 
     </span>
    </p>
   </div>
   <div class='ocr_carea' id='block_1_72' title="bbox 264 4121 1839 4195">
    <p class='ocr_par' dir='ltr' id='par_1_72' title="bbox 264 4121 1839 4195">
     <span class='ocr_line' id='line_1_72' title="bbox 264 4121 1839 4195; baseline 0 -17"><span class='ocrx_word' id='word_1_591' title='bbox 264 4128 512 4187; x_wconf 84' lang='grc' dir='ltr'>κακεῖνος</span> <span class='ocrx_word' id='word_1_592' title='bbox 533 4140 545 4153; x_wconf 89' lang='grc'><strong>·</strong></span> <span class='ocrx_word' id='word_1_593' title='bbox 576 4123 693 4186; x_wconf 85' lang='grc' dir='ltr'><strong>πῶς</strong></span> <span class='ocrx_word' id='word_1_594' title='bbox 731 4125 829 4177; x_wconf 86' lang='grc' dir='ltr'><strong>οὐκ</strong></span> <span class='ocrx_word' id='word_1_595' title='bbox 872 4124 1087 4193; x_wconf 80' lang='grc' dir='ltr'>ἀνάγκη</span> <span class='ocrx_word' id='word_1_596' title='bbox 1133 4126 1272 4176; x_wconf 85' lang='grc' dir='ltr'>νοεῖν</span> <span class='ocrx_word' id='word_1_597' title='bbox 1306 4125 1524 4195; x_wconf 84' lang='grc' dir='ltr'>Πατέρα</span> <span class='ocrx_word' id='word_1_598' title='bbox 1551 4125 1648 4195; x_wconf 84' lang='grc' dir='ltr'><strong>μὲν</strong></span> <span class='ocrx_word' id='word_1_599' title='bbox 1679 4121 1839 4191; x_wconf 72' lang='grc' dir='ltr'>ἰδίως,</span> 
     </span>
    </p>
   </div>
   <div class='ocr_carea' id='block_1_73' title="bbox 262 4212 1841 4285">
    <p class='ocr_par' dir='ltr' id='par_1_73' title="bbox 262 4212 1841 4285">
     <span class='ocr_line' id='line_1_73' title="bbox 262 4212 1841 4285; baseline -0.001 -18"><span class='ocrx_word' id='word_1_600' title='bbox 262 4215 338 4278; x_wconf 83' lang='grc' dir='ltr'>ὡς</span> <span class='ocrx_word' id='word_1_601' title='bbox 371 4213 494 4267; x_wconf 79' lang='grc' dir='ltr'>καθ’</span> <span class='ocrx_word' id='word_1_602' title='bbox 527 4213 720 4267; x_wconf 75' lang='grc' dir='ltr'>ἑαυτὸν</span> <span class='ocrx_word' id='word_1_603' title='bbox 778 4214 1096 4283; x_wconf 79' lang='grc' dir='ltr'>ὑφεστᾶναι,</span> <span class='ocrx_word' id='word_1_604' title='bbox 1132 4212 1260 4265; x_wconf 81' lang='grc' dir='ltr'>Υἱὸν</span> <span class='ocrx_word' id='word_1_605' title='bbox 1296 4213 1353 4266; x_wconf 86' lang='grc' dir='ltr'>δὲ</span> <span class='ocrx_word' id='word_1_606' title='bbox 1407 4213 1567 4266; x_wconf 85' lang='grc' dir='ltr'>πάλιν</span> <span class='ocrx_word' id='word_1_607' title='bbox 1620 4214 1841 4285; x_wconf 85' lang='grc' dir='ltr'>ὁμοίως,</span> 
     </span>
    </p>
   </div>
   <div class='ocr_carea' id='block_1_74' title="bbox 262 4304 1844 4376">
    <p class='ocr_par' dir='ltr' id='par_1_74' title="bbox 262 4304 1844 4376">
     <span class='ocr_line' id='line_1_74' title="bbox 262 4304 1844 4376; baseline 0 -18"><span class='ocrx_word' id='word_1_608' title='bbox 262 4306 361 4359; x_wconf 89' lang='grc' dir='ltr'><strong>οὐκ</strong></span> <span class='ocrx_word' id='word_1_609' title='bbox 392 4304 790 4376; x_wconf 82' lang='grc' dir='ltr'>ἀνατρέποντος</span> <span class='ocrx_word' id='word_1_610' title='bbox 820 4304 1007 4357; x_wconf 79' lang='grc' dir='ltr'>τούτου</span> <span class='ocrx_word' id='word_1_611' title='bbox 1038 4304 1099 4356; x_wconf 83' lang='grc' dir='ltr'><strong>τὸ</strong></span> <span class='ocrx_word' id='word_1_612' title='bbox 1125 4306 1182 4357; x_wconf 86' lang='grc' dir='ltr'>ὲν</span> <span class='ocrx_word' id='word_1_613' title='bbox 1210 4304 1495 4375; x_wconf 83' lang='grc' dir='ltr'>ταυτότητι</span> <span class='ocrx_word' id='word_1_614' title='bbox 1528 4306 1627 4376; x_wconf 81' lang='grc' dir='ltr'>τῆς</span> <span class='ocrx_word' id='word_1_615' title='bbox 1660 4306 1844 4369; x_wconf 90' lang='grc' dir='ltr'>οὐσίας</span> 
     </span>
    </p>
   </div>
   <div class='ocr_carea' id='block_1_75' title="bbox 262 4387 1404 4469">
    <p class='ocr_par' dir='ltr' id='par_1_75' title="bbox 262 4387 1404 4469">
     <span class='ocr_line' id='line_1_75' title="bbox 262 4387 1404 4469; baseline -0.001 -20"><span class='ocrx_word' id='word_1_616' title='bbox 262 4397 359 4469; x_wconf 75' lang='grc' dir='ltr'>τὴν</span> <span class='ocrx_word' id='word_1_617' title='bbox 382 4397 542 4465; x_wconf 84' lang='grc' dir='ltr'>ἁγίαν</span> <span class='ocrx_word' id='word_1_618' title='bbox 573 4396 803 4465; x_wconf 82' lang='grc' dir='ltr'>ὁρᾶσθαι</span> <span class='ocrx_word' id='word_1_619' title='bbox 838 4396 1039 4468; x_wconf 82' lang='grc' dir='ltr'>Τριάδα</span> <span class='ocrx_word' id='word_1_620' title='bbox 1065 4413 1079 4463; x_wconf 89' lang='grc'><strong>;</strong></span> <span class='ocrx_word' id='word_1_621' title='bbox 1399 4387 1404 4392; x_wconf 69' lang='grc'><em>’</em></span> 
     </span>
    </p>
   </div>
   <div class='ocr_carea' id='block_1_76' title="bbox 854 4509 1241 4573">
    <p class='ocr_par' dir='ltr' id='par_1_76' title="bbox 854 4509 1241 4573">
     <span class='ocr_line' id='line_1_76' title="bbox 854 4509 1241 4573; baseline 0.003 -11"><span class='ocrx_word' id='word_1_622' title='bbox 854 4509 1127 4573; x_wconf 75' lang='grc' dir='ltr'><strong>,ΚΕΦᾹΛ.</strong></span> <span class='ocrx_word' id='word_1_623' title='bbox 1169 4510 1241 4563; x_wconf 70' lang='grc' dir='ltr'>Γ.</span> 
     </span>
    </p>
   </div>
   <div class='ocr_carea' id='block_1_77' title="bbox 263 4594 1835 4667">
    <p class='ocr_par' dir='ltr' id='par_1_77' title="bbox 263 4594 1835 4667">
     <span class='ocr_line' id='line_1_77' title="bbox 263 4594 1835 4667; baseline 0 -18"><span class='ocrx_word' id='word_1_624' title='bbox 263 4596 381 4649; x_wconf 81' lang='grc' dir='ltr'>’Ὁτι</span> <span class='ocrx_word' id='word_1_625' title='bbox 414 4597 553 4663; x_wconf 84' lang='grc' dir='ltr'>Θεὸς</span> <span class='ocrx_word' id='word_1_626' title='bbox 587 4596 737 4650; x_wconf 84' lang='grc' dir='ltr'>κατὰ</span> <span class='ocrx_word' id='word_1_627' title='bbox 759 4598 966 4665; x_wconf 69' lang='grc' dir='ltr'>φύσιν,</span> <span class='ocrx_word' id='word_1_628' title='bbox 1003 4598 1099 4650; x_wconf 74' lang='grc' dir='ltr'>καὶ</span> <span class='ocrx_word' id='word_1_629' title='bbox 1124 4596 1253 4667; x_wconf 52' lang='grc' dir='ltr'>κατέ</span> <span class='ocrx_word' id='word_1_630' title='bbox 1274 4595 1491 4651; x_wconf 78' lang='grc' dir='ltr'>οὐδένα</span> <span class='ocrx_word' id='word_1_631' title='bbox 1530 4594 1770 4664; x_wconf 78' lang='grc' dir='ltr'>τρόπον,</span> <span class='ocrx_word' id='word_1_632' title='bbox 1799 4597 1835 4667; x_wconf 77' lang='grc' dir='ltr'>ἢ</span> 
     </span>
    </p>
   </div>
   <div class='ocr_carea' id='block_1_78' title="bbox 329 4666 1761 4735">
    <p class='ocr_par' dir='ltr' id='par_1_78' title="bbox 329 4666 1761 4735">
     <span class='ocr_line' id='line_1_78' title="bbox 329 4666 1761 4735; baseline 0.001 -16"><span class='ocrx_word' id='word_1_633' title='bbox 329 4667 611 4730; x_wconf 77' lang='grc' dir='ltr'>ἐλάττων,</span> <span class='ocrx_word' id='word_1_634' title='bbox 639 4668 677 4732; x_wconf 83' lang='grc' dir='ltr'><strong><em>ἣ</em></strong></span> <span class='ocrx_word' id='word_1_635' title='bbox 704 4666 984 4735; x_wconf 78' lang='grc' dir='ltr'>ἀνόμοιός</span> <span class='ocrx_word' id='word_1_636' title='bbox 1007 4668 1137 4721; x_wconf 78' lang='grc' dir='ltr'>ἐστι</span> <span class='ocrx_word' id='word_1_637' title='bbox 1164 4666 1269 4720; x_wconf 87' lang='grc' dir='ltr'>τοῦ</span> <span class='ocrx_word' id='word_1_638' title='bbox 1295 4667 1527 4735; x_wconf 79' lang='grc' dir='ltr'>Πατρός</span> <span class='ocrx_word' id='word_1_639' title='bbox 1549 4671 1580 4721; x_wconf 87' lang='grc' dir='ltr'><strong>ό</strong></span> <span class='ocrx_word' id='word_1_640' title='bbox 1612 4668 1761 4733; x_wconf 71' lang='grc' dir='ltr'>Υἱός.</span> 
     </span>
    </p>
   </div>
   <div class='ocr_carea' id='block_1_79' title="bbox 743 4756 1450 4830">
    <p class='ocr_par' dir='ltr' id='par_1_79' title="bbox 743 4756 1450 4830">
     <span class='ocr_line' id='line_1_79' title="bbox 743 4756 1450 4830; baseline 0 -18"><span class='ocrx_word' id='word_1_641' title='bbox 743 4760 850 4813; x_wconf 82' lang='lat' dir='ltr'><strong>Kal</strong></span> <span class='ocrx_word' id='word_1_642' title='bbox 896 4760 1040 4825; x_wconf 74' lang='grc' dir='ltr'>Θεὸς</span> <span class='ocrx_word' id='word_1_643' title='bbox 1074 4756 1151 4830; x_wconf 79' lang='grc' dir='ltr'><strong>ἦν</strong></span> <span class='ocrx_word' id='word_1_644' title='bbox 1181 4762 1213 4813; x_wconf 86' lang='grc' dir='ltr'><strong>ό</strong></span> <span class='ocrx_word' id='word_1_645' title='bbox 1243 4760 1450 4829; x_wconf 76' lang='grc' dir='ltr'>Λόγος.</span> 
     </span>
    </p>
   </div>
   <div class='ocr_carea' id='block_1_80' title="bbox 330 4852 1841 4925">
    <p class='ocr_par' dir='ltr' id='par_1_80' title="bbox 330 4852 1841 4925">
     <span class='ocr_line' id='line_1_80' title="bbox 330 4852 1841 4925; baseline 0.001 -20"><span class='ocrx_word' id='word_1_646' title='bbox 330 4852 443 4905; x_wconf 83' lang='grc' dir='ltr'>Οὐκ</span> <span class='ocrx_word' id='word_1_647' title='bbox 472 4852 739 4923; x_wconf 80' lang='grc' dir='ltr'>ἠγνόησεν</span> <span class='ocrx_word' id='word_1_648' title='bbox 767 4853 794 4905; x_wconf 89' lang='grc' dir='ltr'>ὁ</span> <span class='ocrx_word' id='word_1_649' title='bbox 826 4853 1266 4924; x_wconf 76' lang='grc' dir='ltr'>πνευματοφόρος</span> <span class='ocrx_word' id='word_1_650' title='bbox 1285 4895 1298 4918; x_wconf 98' lang='grc'><strong>,</strong></span> <span class='ocrx_word' id='word_1_651' title='bbox 1335 4852 1412 4915; x_wconf 83' lang='grc' dir='ltr'>ὠς</span> <span class='ocrx_word' id='word_1_652' title='bbox 1449 4853 1841 4925; x_wconf 83' lang='grc' dir='ltr'>ἀναστήσονταί</span> 
     </span>
    </p>
   </div>
   <div class='ocr_carea' id='block_1_81' title="bbox 256 4941 1843 5013">
    <p class='ocr_par' dir='ltr' id='par_1_81' title="bbox 256 4941 1843 5013">
     <span class='ocr_line' id='line_1_81' title="bbox 256 4941 1843 5013; baseline 0.002 -19"><span class='ocrx_word' id='word_1_653' title='bbox 256 4958 403 5005; x_wconf 88' lang='grc' dir='ltr'>τινες</span> <span class='ocrx_word' id='word_1_654' title='bbox 445 4942 502 4994; x_wconf 82' lang='grc' dir='ltr'>ὲν</span> <span class='ocrx_word' id='word_1_655' title='bbox 544 4941 792 5012; x_wconf 77' lang='grc' dir='ltr'>ἐσχάτοις</span> <span class='ocrx_word' id='word_1_656' title='bbox 832 4945 1045 5013; x_wconf 85' lang='grc' dir='ltr'>καιροῖς</span> <span class='ocrx_word' id='word_1_657' title='bbox 1092 4944 1188 5013; x_wconf 78' lang='grc' dir='ltr'>τῆς</span> <span class='ocrx_word' id='word_1_658' title='bbox 1220 4943 1312 4995; x_wconf 78' lang='grc' dir='ltr'>τοῦ</span> <span class='ocrx_word' id='word_1_659' title='bbox 1350 4944 1685 5013; x_wconf 80' lang='grc' dir='ltr'>Μονογενοῦς</span> <span class='ocrx_word' id='word_1_660' title='bbox 1712 4962 1843 4997; x_wconf 82' lang='grc' dir='ltr'>κατ-</span> 
     </span>
    </p>
   </div>
   <div class='ocr_carea' id='block_1_82' title="bbox 258 5033 1842 5105">
    <p class='ocr_par' dir='ltr' id='par_1_82' title="bbox 258 5033 1842 5105">
     <span class='ocr_line' id='line_1_82' title="bbox 258 5033 1842 5105; baseline 0.002 -19"><span class='ocrx_word' id='word_1_661' title='bbox 258 5033 583 5105; x_wconf 79' lang='grc' dir='ltr'>ηγοροῦντες</span> <span class='ocrx_word' id='word_1_662' title='bbox 608 5033 825 5099; x_wconf 84' lang='grc' dir='ltr'>οὐσίας,</span> <span class='ocrx_word' id='word_1_663' title='bbox 880 5036 975 5087; x_wconf 77' lang='grc' dir='ltr'><strong>καὶ</strong></span> <span class='ocrx_word' id='word_1_664' title='bbox 1016 5034 1104 5087; x_wconf 86' lang='grc' dir='ltr'><strong>τὸν</strong></span> <span class='ocrx_word' id='word_1_665' title='bbox 1150 5035 1491 5104; x_wconf 84' lang='grc' dir='ltr'>ἀγοράσαντα</span> <span class='ocrx_word' id='word_1_666' title='bbox 1520 5037 1716 5099; x_wconf 84' lang='grc' dir='ltr'>αὐτοὺς</span> <span class='ocrx_word' id='word_1_667' title='bbox 1748 5041 1842 5089; x_wconf 89' lang='grc' dir='ltr'><strong>Δε-</strong></span> 
     </span>
    </p>
   </div>
   <div class='ocr_carea' id='block_1_83' title="bbox 262 5123 1840 5198">
    <p class='ocr_par' dir='ltr' id='par_1_83' title="bbox 262 5123 1840 5198">
     <span class='ocr_line' id='line_1_83' title="bbox 262 5123 1840 5198; baseline 0.003 -22"><span class='ocrx_word' id='word_1_668' title='bbox 262 5124 465 5195; x_wconf 82' lang='grc' dir='ltr'>σπότην</span> <span class='ocrx_word' id='word_1_669' title='bbox 498 5123 851 5195; x_wconf 81' lang='grc' dir='ltr'>ἀρνούμενοι,</span> <span class='ocrx_word' id='word_1_670' title='bbox 894 5125 981 5178; x_wconf 85' lang='grc' dir='ltr'>διὰ</span> <span class='ocrx_word' id='word_1_671' title='bbox 1019 5124 1111 5178; x_wconf 80' lang='grc' dir='ltr'>τοῦ</span> <span class='ocrx_word' id='word_1_672' title='bbox 1144 5124 1285 5177; x_wconf 85' lang='grc' dir='ltr'>κατὰ</span> <span class='ocrx_word' id='word_1_673' title='bbox 1318 5126 1479 5195; x_wconf 84' lang='grc' dir='ltr'>φύσιν</span> <span class='ocrx_word' id='word_1_674' title='bbox 1522 5127 1729 5180; x_wconf 79' lang='grc' dir='ltr'>οἴεσθαι</span> <span class='ocrx_word' id='word_1_675' title='bbox 1765 5126 1840 5198; x_wconf 76' lang='grc' dir='ltr'>μὴ</span> 
     </span>
    </p>
   </div>
   <div class='ocr_carea' id='block_1_84' title="bbox 259 5213 1833 5288">
    <p class='ocr_par' dir='ltr' id='par_1_84' title="bbox 259 5213 1833 5288">
     <span class='ocr_line' id='line_1_84' title="bbox 259 5213 1833 5288; baseline 0.002 -20"><span class='ocrx_word' id='word_1_676' title='bbox 259 5213 397 5269; x_wconf 84' lang='grc' dir='ltr'>εἶναι</span> <span class='ocrx_word' id='word_1_677' title='bbox 426 5215 556 5268; x_wconf 80' lang='grc' dir='ltr'>Θεὸν</span> <span class='ocrx_word' id='word_1_678' title='bbox 587 5217 677 5267; x_wconf 83' lang='grc' dir='ltr'><strong>τὸν</strong></span> <span class='ocrx_word' id='word_1_679' title='bbox 705 5217 768 5269; x_wconf 76' lang='grc' dir='ltr'>ἐκ</span> <span class='ocrx_word' id='word_1_680' title='bbox 803 5214 937 5268; x_wconf 80' lang='grc' dir='ltr'>Θεοῦ</span> <span class='ocrx_word' id='word_1_681' title='bbox 964 5216 1059 5269; x_wconf 79' lang='grc' dir='ltr'><strong>καὶ</strong></span> <span class='ocrx_word' id='word_1_682' title='bbox 1091 5216 1302 5288; x_wconf 84' lang='grc' dir='ltr'>Πατρὸς</span> <span class='ocrx_word' id='word_1_683' title='bbox 1336 5217 1612 5287; x_wconf 83' lang='grc' dir='ltr'>πεφηνότα</span> <span class='ocrx_word' id='word_1_684' title='bbox 1643 5217 1833 5286; x_wconf 89' lang='grc' dir='ltr'>Λόγον,</span> 
     </span>
    </p>
   </div>
   <div class='ocr_carea' id='block_1_85' title="bbox 257 5304 1837 5377">
    <p class='ocr_par' dir='ltr' id='par_1_85' title="bbox 257 5304 1837 5377">
     <span class='ocr_line' id='line_1_85' title="bbox 257 5304 1837 5377; baseline -0.001 -17"><span class='ocrx_word' id='word_1_685' title='bbox 257 5308 391 5361; x_wconf 81' lang='grc' dir='ltr'>ἀλλὰ</span> <span class='ocrx_word' id='word_1_686' title='bbox 423 5307 575 5361; x_wconf 80' lang='grc' dir='ltr'>νόθον</span> <span class='ocrx_word' id='word_1_687' title='bbox 606 5306 794 5375; x_wconf 81' lang='grc' dir='ltr'>ὥσπερ</span> <span class='ocrx_word' id='word_1_688' title='bbox 825 5306 943 5360; x_wconf 84' lang='grc' dir='ltr'>τινὰ</span> <span class='ocrx_word' id='word_1_689' title='bbox 992 5304 1085 5360; x_wconf 80' lang='grc' dir='ltr'><strong>καὶ</strong></span> <span class='ocrx_word' id='word_1_690' title='bbox 1115 5305 1465 5377; x_wconf 80' lang='grc' dir='ltr'>ψευδώνυμον</span> <span class='ocrx_word' id='word_1_691' title='bbox 1494 5308 1624 5376; x_wconf 76' lang='grc' dir='ltr'>ἡμῖν</span> <span class='ocrx_word' id='word_1_692' title='bbox 1652 5309 1837 5359; x_wconf 78' lang='grc' dir='ltr'>ἐπεισ-</span> 
     </span>
    </p>
   </div>
   <div class='ocr_carea' id='block_1_86' title="bbox 257 5394 1835 5470">
    <p class='ocr_par' dir='ltr' id='par_1_86' title="bbox 257 5394 1835 5470">
     <span class='ocr_line' id='line_1_86' title="bbox 257 5394 1835 5470; baseline -0.001 -19"><span class='ocrx_word' id='word_1_693' title='bbox 257 5398 546 5470; x_wconf 73' lang='grc' dir='ltr'>φέρεσθαι,</span> <span class='ocrx_word' id='word_1_694' title='bbox 600 5398 659 5449; x_wconf 80' lang='grc' dir='ltr'>τὸ</span> <span class='ocrx_word' id='word_1_695' title='bbox 714 5398 811 5468; x_wconf 81' lang='grc' dir='ltr'><strong>μὲν</strong></span> <span class='ocrx_word' id='word_1_696' title='bbox 864 5397 966 5466; x_wconf 80' lang='grc' dir='ltr'>τῆς</span> <span class='ocrx_word' id='word_1_697' title='bbox 1017 5397 1265 5468; x_wconf 87' lang='grc' dir='ltr'>υίότητός</span> <span class='ocrx_word' id='word_1_698' title='bbox 1324 5414 1385 5450; x_wconf 90' lang='grc' dir='ltr'><strong>τε</strong></span> <span class='ocrx_word' id='word_1_699' title='bbox 1442 5397 1537 5449; x_wconf 79' lang='grc' dir='ltr'><strong>καὶ</strong></span> <span class='ocrx_word' id='word_1_700' title='bbox 1583 5394 1835 5467; x_wconf 85' lang='grc' dir='ltr'>θεότητος</span> 
     </span>
    </p>
   </div>
   <div class='ocr_carea' id='block_1_87' title="bbox 255 5487 1840 5561">
    <p class='ocr_par' dir='ltr' id='par_1_87' title="bbox 255 5487 1840 5561">
     <span class='ocr_line' id='line_1_87' title="bbox 255 5487 1840 5561; baseline -0.003 -19"><span class='ocrx_word' id='word_1_701' title='bbox 255 5490 426 5561; x_wconf 81' lang='grc' dir='ltr'>ὖνομα</span> <span class='ocrx_word' id='word_1_702' title='bbox 470 5489 852 5560; x_wconf 86' lang='grc' dir='ltr'>περικείμενον</span> <span class='ocrx_word' id='word_1_703' title='bbox 872 5530 886 5553; x_wconf 91' lang='grc'><strong>,</strong></span> <span class='ocrx_word' id='word_1_704' title='bbox 934 5488 1127 5560; x_wconf 77' lang='grc' dir='ltr'>ἔχοντα</span> <span class='ocrx_word' id='word_1_705' title='bbox 1152 5489 1208 5542; x_wconf 81' lang='grc' dir='ltr'><strong>δὲ</strong></span> <span class='ocrx_word' id='word_1_706' title='bbox 1243 5490 1339 5560; x_wconf 89' lang='grc' dir='ltr'><strong>οὐχ</strong></span> <span class='ocrx_word' id='word_1_707' title='bbox 1369 5488 1511 5542; x_wconf 73' lang='grc' dir='ltr'>οὕτω</span> <span class='ocrx_word' id='word_1_708' title='bbox 1535 5488 1677 5541; x_wconf 87' lang='grc' dir='ltr'>κατὰ</span> <span class='ocrx_word' id='word_1_709' title='bbox 1706 5487 1840 5557; x_wconf 86' lang='grc' dir='ltr'>ἀλή-</span> 
     </span>
    </p>
   </div>
   <div class='ocr_carea' id='block_1_88' title="bbox 256 5578 1836 5652">
    <p class='ocr_par' dir='ltr' id='par_1_88' title="bbox 256 5578 1836 5652">
     <span class='ocr_line' id='line_1_88' title="bbox 256 5578 1836 5652; baseline -0.003 -17"><span class='ocrx_word' id='word_1_710' title='bbox 256 5581 428 5635; x_wconf 86' lang='grc' dir='ltr'>θειαν.</span> <span class='ocrx_word' id='word_1_711' title='bbox 467 5582 690 5651; x_wconf 74' lang='grc' dir='ltr'>ὐμοιόν</span> <span class='ocrx_word' id='word_1_712' title='bbox 724 5598 775 5635; x_wconf 88' lang='grc' dir='ltr'><strong>τι</strong></span> <span class='ocrx_word' id='word_1_713' title='bbox 802 5580 1047 5635; x_wconf 83' lang='grc' dir='ltr'>ποιοῦσιν</span> <span class='ocrx_word' id='word_1_714' title='bbox 1084 5582 1133 5633; x_wconf 77' lang='lat' dir='ltr'><strong>oi</strong></span> <span class='ocrx_word' id='word_1_715' title='bbox 1166 5580 1266 5651; x_wconf 77' lang='grc' dir='ltr'>τὴν</span> <span class='ocrx_word' id='word_1_716' title='bbox 1280 5580 1487 5652; x_wconf 80' lang='grc' dir='ltr'>Ἀρείου</span> <span class='ocrx_word' id='word_1_717' title='bbox 1519 5578 1836 5634; x_wconf 79' lang='grc' dir='ltr'>δυσσέϐειαν</span> 
     </span>
    </p>
   </div>
   <div class='ocr_carea' id='block_1_89' title="bbox 326 5758 1644 5823">
    <p class='ocr_par' dir='ltr' id='par_1_89' title="bbox 326 5758 1644 5823">
     <span class='ocr_line' id='line_1_89' title="bbox 326 5758 1644 5823; baseline -0.006 -6"><span class='ocrx_word' id='word_1_718' title='bbox 326 5762 370 5793; x_wconf 80' lang='grc'><strong>³⁹</strong></span> <span class='ocrx_word' id='word_1_719' title='bbox 413 5762 553 5819; x_wconf 76' lang='grc' dir='ltr'><strong>Ρ5;·1.</strong></span> <span class='ocrx_word' id='word_1_720' title='bbox 598 5777 742 5823; x_wconf 74' lang='lat' dir='ltr'><strong>XLII,</strong></span> <span class='ocrx_word' id='word_1_721' title='bbox 776 5762 829 5815; x_wconf 75' lang='lat'><strong>5.</strong></span> <span class='ocrx_word' id='word_1_722' title='bbox 909 5760 949 5789; x_wconf 68' lang='grc' dir='ltr'><strong>³ο</strong></span> <span class='ocrx_word' id='word_1_723' title='bbox 970 5759 1127 5813; x_wconf 73' lang='lat' dir='ltr'><strong>.lonn.</strong></span> <span class='ocrx_word' id='word_1_724' title='bbox 1174 5759 1409 5821; x_wconf 65' lang='grc' dir='ltr'>ιη’,ΙΞς</span> <span class='ocrx_word' id='word_1_725' title='bbox 1457 5776 1560 5823; x_wconf 62' lang='grc' dir='ltr'>τιν,</span> <span class='ocrx_word' id='word_1_726' title='bbox 1594 5758 1644 5810; x_wconf 80' lang='lat'>6.</span> 
     </span>
    </p>
   </div>
   <div class='ocr_carea' id='block_1_90' title="bbox 1949 3280 3526 3352">
    <p class='ocr_par' dir='ltr' id='par_1_90' title="bbox 1949 3280 3526 3352">
     <span class='ocr_line' id='line_1_90' title="bbox 1949 3280 3526 3352; baseline -0.001 -15"><span class='ocrx_word' id='word_1_727' title='bbox 1949 3298 2215 3352; x_wconf 89' lang='lat' dir='ltr'><strong>personas</strong></span> <span class='ocrx_word' id='word_1_728' title='bbox 2253 3282 2570 3337; x_wconf 88' lang='lat' dir='ltr'><strong>necessario</strong></span> <span class='ocrx_word' id='word_1_729' title='bbox 2622 3282 2783 3336; x_wconf 92' lang='lat' dir='ltr'><strong>nobis</strong></span> <span class='ocrx_word' id='word_1_730' title='bbox 2830 3282 3054 3336; x_wconf 81' lang='lat' dir='ltr'><strong>exhlbct</strong></span> <span class='ocrx_word' id='word_1_731' title='bbox 3104 3281 3256 3345; x_wconf 90' lang='lat' dir='ltr'><strong>illud,</strong></span> <span class='ocrx_word' id='word_1_732' title='bbox 3292 3299 3383 3352; x_wconf 89' lang='lat' dir='ltr'><strong>per</strong></span> <span class='ocrx_word' id='word_1_733' title='bbox 3418 3280 3526 3335; x_wconf 83' lang='lat' dir='ltr'><strong>Fi-</strong></span> 
     </span>
    </p>
   </div>
   <div class='ocr_carea' id='block_1_91' title="bbox 1951 3373 3528 3444">
    <p class='ocr_par' dir='ltr' id='par_1_91' title="bbox 1951 3373 3528 3444">
     <span class='ocr_line' id='line_1_91' title="bbox 1951 3373 3528 3444; baseline 0.001 -16"><span class='ocrx_word' id='word_1_734' title='bbox 1951 3376 2124 3429; x_wconf 84' lang='lat' dir='ltr'><strong>lium:</strong></span> <span class='ocrx_word' id='word_1_735' title='bbox 2155 3376 2452 3429; x_wconf 87' lang='lat' dir='ltr'><strong>autdieant</strong></span> <span class='ocrx_word' id='word_1_736' title='bbox 2484 3390 2595 3444; x_wconf 89' lang='lat' dir='ltr'><strong>quo</strong></span> <span class='ocrx_word' id='word_1_737' title='bbox 2632 3382 2797 3444; x_wconf 89' lang='lat' dir='ltr'><strong>pacto</strong></span> <span class='ocrx_word' id='word_1_738' title='bbox 2831 3373 2987 3437; x_wconf 86' lang='lat' dir='ltr'><strong>illud,</strong></span> <span class='ocrx_word' id='word_1_739' title='bbox 3019 3390 3111 3441; x_wconf 79' lang='lat' dir='ltr'><strong>per</strong></span> <span class='ocrx_word' id='word_1_740' title='bbox 3140 3373 3365 3436; x_wconf 85' lang='lat' dir='ltr'><strong>Filium,</strong></span> <span class='ocrx_word' id='word_1_741' title='bbox 3400 3390 3528 3444; x_wconf 86' lang='lat' dir='ltr'><strong>pro-</strong></span> 
     </span>
    </p>
   </div>
   <div class='ocr_carea' id='block_1_92' title="bbox 1948 3466 3527 3536">
    <p class='ocr_par' dir='ltr' id='par_1_92' title="bbox 1948 3466 3527 3536">
     <span class='ocr_line' id='line_1_92' title="bbox 1948 3466 3527 3536; baseline 0.001 -17"><span class='ocrx_word' id='word_1_742' title='bbox 1948 3466 2065 3535; x_wconf 90' lang='lat' dir='ltr'><strong>prie</strong></span> <span class='ocrx_word' id='word_1_743' title='bbox 2100 3482 2163 3521; x_wconf 87' lang='lat' dir='ltr'><strong>ac</strong></span> <span class='ocrx_word' id='word_1_744' title='bbox 2190 3482 2319 3521; x_wconf 89' lang='lat' dir='ltr'><strong>vere</strong></span> <span class='ocrx_word' id='word_1_745' title='bbox 2344 3468 2397 3519; x_wconf 93' lang='lat' dir='ltr'><strong>in</strong></span> <span class='ocrx_word' id='word_1_746' title='bbox 2433 3481 2491 3521; x_wconf 90' lang='lat' dir='ltr'><strong>re</strong></span> <span class='ocrx_word' id='word_1_747' title='bbox 2523 3466 2774 3520; x_wconf 87' lang='lat' dir='ltr'><strong>facienda</strong></span> <span class='ocrx_word' id='word_1_748' title='bbox 2808 3481 2975 3520; x_wconf 90' lang='lat' dir='ltr'><strong>unum</strong></span> <span class='ocrx_word' id='word_1_749' title='bbox 3010 3481 3239 3520; x_wconf 87' lang='lat' dir='ltr'><strong>numero</strong></span> <span class='ocrx_word' id='word_1_750' title='bbox 3276 3475 3329 3520; x_wconf 92' lang='lat' dir='ltr'><strong>et</strong></span> <span class='ocrx_word' id='word_1_751' title='bbox 3357 3482 3527 3536; x_wconf 89' lang='lat' dir='ltr'><strong>quan-</strong></span> 
     </span>
    </p>
   </div>
   <div class='ocr_carea' id='block_1_93' title="bbox 1949 3554 3525 3626">
    <p class='ocr_par' dir='ltr' id='par_1_93' title="bbox 1949 3554 3525 3626">
     <span class='ocr_line' id='line_1_93' title="bbox 1949 3554 3525 3626; baseline 0.001 -18"><span class='ocrx_word' id='word_1_752' title='bbox 1949 3555 2108 3610; x_wconf 88' lang='lat' dir='ltr'><strong>titate</strong></span> <span class='ocrx_word' id='word_1_753' title='bbox 2137 3555 2565 3625; x_wconf 80' lang='lat' dir='ltr'><strong>cbmplectetur,</strong></span> <span class='ocrx_word' id='word_1_754' title='bbox 2600 3555 2647 3610; x_wconf 88' lang='lat' dir='ltr'><strong>si</strong></span> <span class='ocrx_word' id='word_1_755' title='bbox 2682 3554 2817 3607; x_wconf 91' lang='lat' dir='ltr'><strong>nihil</strong></span> <span class='ocrx_word' id='word_1_756' title='bbox 2867 3554 3017 3607; x_wconf 80' lang='lat' dir='ltr'><strong>aliud</strong></span> <span class='ocrx_word' id='word_1_757' title='bbox 3057 3555 3220 3609; x_wconf 88' lang='lat' dir='ltr'><strong>simul</strong></span> <span class='ocrx_word' id='word_1_758' title='bbox 3250 3555 3525 3626; x_wconf 87' lang='lat' dir='ltr'><strong>intelliga-</strong></span> 
     </span>
    </p>
   </div>
   <div class='ocr_carea' id='block_1_94' title="bbox 1951 3646 3526 3717">
    <p class='ocr_par' dir='ltr' id='par_1_94' title="bbox 1951 3646 3526 3717">
     <span class='ocr_line' id='line_1_94' title="bbox 1951 3646 3526 3717; baseline -0.001 -15"><span class='ocrx_word' id='word_1_759' title='bbox 1951 3658 2039 3702; x_wconf 88' lang='lat' dir='ltr'><strong>tur</strong></span> <span class='ocrx_word' id='word_1_760' title='bbox 2064 3655 2119 3702; x_wconf 90' lang='lat' dir='ltr'><strong>et</strong></span> <span class='ocrx_word' id='word_1_761' title='bbox 2151 3647 2219 3701; x_wconf 92' lang='lat' dir='ltr'><strong>ad</strong></span> <span class='ocrx_word' id='word_1_762' title='bbox 2254 3646 2598 3717; x_wconf 89' lang='lat' dir='ltr'><strong>operandum</strong></span> <span class='ocrx_word' id='word_1_763' title='bbox 2648 3655 2983 3710; x_wconf 89' lang='lat' dir='ltr'><strong>concurrat;</strong></span> <span class='ocrx_word' id='word_1_764' title='bbox 3033 3652 3088 3699; x_wconf 92' lang='lat' dir='ltr'><strong>at</strong></span> <span class='ocrx_word' id='word_1_765' title='bbox 3139 3646 3229 3699; x_wconf 91' lang='lat' dir='ltr'><strong>hic</strong></span> <span class='ocrx_word' id='word_1_766' title='bbox 3278 3646 3526 3702; x_wconf 83' lang='lat' dir='ltr'><strong>haesuros</strong></span> 
     </span>
    </p>
   </div>
   <div class='ocr_carea' id='block_1_95' title="bbox 1949 3738 3526 3813">
    <p class='ocr_par' dir='ltr' id='par_1_95' title="bbox 1949 3738 3526 3813">
     <span class='ocr_line' id='line_1_95' title="bbox 1949 3738 3526 3813; baseline 0.001 -19"><span class='ocrx_word' id='word_1_767' title='bbox 1949 3743 2112 3813; x_wconf 87' lang='lat' dir='ltr'><strong>plane</strong></span> <span class='ocrx_word' id='word_1_768' title='bbox 2149 3739 2497 3795; x_wconf 81' lang='lat' dir='ltr'><strong>adversarios</strong></span> <span class='ocrx_word' id='word_1_769' title='bbox 2546 3748 2701 3809; x_wconf 88' lang='lat' dir='ltr'><strong>puto.</strong></span> <span class='ocrx_word' id='word_1_770' title='bbox 2749 3738 2885 3793; x_wconf 89' lang='lat' dir='ltr'><strong>Cum</strong></span> <span class='ocrx_word' id='word_1_771' title='bbox 2937 3746 3122 3792; x_wconf 88' lang='lat' dir='ltr'><strong>autem</strong></span> <span class='ocrx_word' id='word_1_772' title='bbox 3172 3739 3387 3793; x_wconf 84' lang='lat' dir='ltr'><strong>Patrem</strong></span> <span class='ocrx_word' id='word_1_773' title='bbox 3430 3756 3526 3810; x_wconf 84' lang='lat' dir='ltr'><strong>per</strong></span> 
     </span>
    </p>
   </div>
   <div class='ocr_carea' id='block_1_96' title="bbox 1949 3830 3526 3902">
    <p class='ocr_par' dir='ltr' id='par_1_96' title="bbox 1949 3830 3526 3902">
     <span class='ocr_line' id='line_1_96' title="bbox 1949 3830 3526 3902; baseline -0.001 -15"><span class='ocrx_word' id='word_1_774' title='bbox 1949 3832 2144 3887; x_wconf 84' lang='lat' dir='ltr'><strong>Filium</strong></span> <span class='ocrx_word' id='word_1_775' title='bbox 2201 3833 2383 3886; x_wconf 90' lang='lat' dir='ltr'><strong>omnia</strong></span> <span class='ocrx_word' id='word_1_776' title='bbox 2439 3832 2638 3887; x_wconf 87' lang='lat' dir='ltr'><strong>fecisse</strong></span> <span class='ocrx_word' id='word_1_777' title='bbox 2687 3840 2742 3885; x_wconf 91' lang='lat' dir='ltr'><strong>et</strong></span> <span class='ocrx_word' id='word_1_778' title='bbox 2798 3832 2929 3901; x_wconf 70' lang='lat' dir='ltr'><strong>ipsa:</strong></span> <span class='ocrx_word' id='word_1_779' title='bbox 2971 3830 3171 3885; x_wconf 51' lang='lat' dir='ltr'><strong>divinae</strong></span> <span class='ocrx_word' id='word_1_780' title='bbox 3229 3830 3526 3902; x_wconf 72' lang='lat' dir='ltr'><strong>Scriptura:</strong></span> 
     </span>
    </p>
   </div>
   <div class='ocr_carea' id='block_1_97' title="bbox 1948 3919 3520 3994">
    <p class='ocr_par' dir='ltr' id='par_1_97' title="bbox 1948 3919 3520 3994">
     <span class='ocr_line' id='line_1_97' title="bbox 1948 3919 3520 3994; baseline -0.003 -17"><span class='ocrx_word' id='word_1_781' title='bbox 1948 3922 2270 3994; x_wconf 68' lang='lat' dir='ltr'><strong>praedicent,</strong></span> <span class='ocrx_word' id='word_1_782' title='bbox 2314 3930 2369 3975; x_wconf 90' lang='lat' dir='ltr'><strong>et</strong></span> <span class='ocrx_word' id='word_1_783' title='bbox 2398 3936 2501 3975; x_wconf 88' lang='lat' dir='ltr'><strong>nos</strong></span> <span class='ocrx_word' id='word_1_784' title='bbox 2530 3919 2843 3987; x_wconf 90' lang='lat' dir='ltr'><strong>credamus,</strong></span> <span class='ocrx_word' id='word_1_785' title='bbox 2882 3920 3064 3990; x_wconf 89' lang='lat' dir='ltr'><strong>itaque</strong></span> <span class='ocrx_word' id='word_1_786' title='bbox 3095 3934 3196 3990; x_wconf 82' lang='lat' dir='ltr'><strong>ego</strong></span> <span class='ocrx_word' id='word_1_787' title='bbox 3226 3928 3469 3975; x_wconf 89' lang='lat' dir='ltr'><strong>statuam</strong></span> <span class='ocrx_word' id='word_1_788' title='bbox 3506 3937 3520 3974; x_wconf 85' lang='lat'><strong>:</strong></span> 
     </span>
    </p>
   </div>
   <div class='ocr_carea' id='block_1_98' title="bbox 1949 4010 3524 4083">
    <p class='ocr_par' dir='ltr' id='par_1_98' title="bbox 1949 4010 3524 4083">
     <span class='ocr_line' id='line_1_98' title="bbox 1949 4010 3524 4083; baseline -0.003 -13"><span class='ocrx_word' id='word_1_789' title='bbox 1949 4031 2133 4072; x_wconf 88' lang='lat' dir='ltr'><strong>nonne</strong></span> <span class='ocrx_word' id='word_1_790' title='bbox 2173 4028 2396 4069; x_wconf 90' lang='lat' dir='ltr'><strong>necesse</strong></span> <span class='ocrx_word' id='word_1_791' title='bbox 2438 4022 2523 4069; x_wconf 88' lang='lat' dir='ltr'><strong>est</strong></span> <span class='ocrx_word' id='word_1_792' title='bbox 2558 4012 2861 4083; x_wconf 79' lang='lat' dir='ltr'><strong>intelligere</strong></span> <span class='ocrx_word' id='word_1_793' title='bbox 2894 4010 3109 4067; x_wconf 85' lang='lat' dir='ltr'><strong>Patrem</strong></span> <span class='ocrx_word' id='word_1_794' title='bbox 3145 4012 3364 4083; x_wconf 84' lang='lat' dir='ltr'><strong>quidem</strong></span> <span class='ocrx_word' id='word_1_795' title='bbox 3395 4027 3524 4082; x_wconf 86' lang='lat' dir='ltr'><strong>pro-</strong></span> 
     </span>
    </p>
   </div>
   <div class='ocr_carea' id='block_1_99' title="bbox 1947 4103 3523 4180">
    <p class='ocr_par' dir='ltr' id='par_1_99' title="bbox 1947 4103 3523 4180">
     <span class='ocr_line' id='line_1_99' title="bbox 1947 4103 3523 4180; baseline -0.004 -17"><span class='ocrx_word' id='word_1_796' title='bbox 1947 4113 2063 4180; x_wconf 87' lang='lat' dir='ltr'><strong>prie</strong></span> <span class='ocrx_word' id='word_1_797' title='bbox 2096 4109 2149 4162; x_wconf 91' lang='lat' dir='ltr'><strong>in</strong></span> <span class='ocrx_word' id='word_1_798' title='bbox 2200 4124 2259 4163; x_wconf 91' lang='lat' dir='ltr'><strong>se</strong></span> <span class='ocrx_word' id='word_1_799' title='bbox 2294 4106 2627 4169; x_wconf 86' lang='lat' dir='ltr'><strong>subsistere,</strong></span> <span class='ocrx_word' id='word_1_800' title='bbox 2672 4119 2736 4159; x_wconf 86' lang='lat' dir='ltr'><strong>ac</strong></span> <span class='ocrx_word' id='word_1_801' title='bbox 2783 4104 3035 4160; x_wconf 91' lang='lat' dir='ltr'><strong>similiter</strong></span> <span class='ocrx_word' id='word_1_802' title='bbox 3076 4103 3305 4165; x_wconf 82' lang='lat' dir='ltr'><strong>Filium,</strong></span> <span class='ocrx_word' id='word_1_803' title='bbox 3343 4119 3523 4174; x_wconf 88' lang='lat' dir='ltr'><strong>neque</strong></span> 
     </span>
    </p>
   </div>
   <div class='ocr_carea' id='block_1_100' title="bbox 1948 4194 3522 4269">
    <p class='ocr_par' dir='ltr' id='par_1_100' title="bbox 1948 4194 3522 4269">
     <span class='ocr_line' id='line_1_100' title="bbox 1948 4194 3522 4269; baseline -0.006 -14"><span class='ocrx_word' id='word_1_804' title='bbox 1948 4200 1999 4255; x_wconf 93' lang='lat' dir='ltr'><strong>id</strong></span> <span class='ocrx_word' id='word_1_805' title='bbox 2050 4201 2273 4255; x_wconf 87' lang='lat' dir='ltr'><strong>obstare</strong></span> <span class='ocrx_word' id='word_1_806' title='bbox 2325 4199 2627 4269; x_wconf 90' lang='lat' dir='ltr'><strong>quominus</strong></span> <span class='ocrx_word' id='word_1_807' title='bbox 2679 4203 2872 4251; x_wconf 88' lang='lat' dir='ltr'><strong>sancta</strong></span> <span class='ocrx_word' id='word_1_808' title='bbox 2909 4194 3148 4250; x_wconf 86' lang='lat' dir='ltr'><strong>Trinitas</strong></span> <span class='ocrx_word' id='word_1_809' title='bbox 3181 4194 3522 4263; x_wconf 81' lang='lat' dir='ltr'><strong>intelligatur</strong></span> 
     </span>
    </p>
   </div>
   <div class='ocr_carea' id='block_1_101' title="bbox 1948 4289 2719 4346">
    <p class='ocr_par' dir='ltr' id='par_1_101' title="bbox 1948 4289 2719 4346">
     <span class='ocr_line' id='line_1_101' title="bbox 1948 4289 2719 4346; baseline -0.006 0"><span class='ocrx_word' id='word_1_810' title='bbox 1948 4295 2001 4346; x_wconf 92' lang='lat' dir='ltr'><strong>in</strong></span> <span class='ocrx_word' id='word_1_811' title='bbox 2034 4291 2320 4346; x_wconf 87' lang='lat' dir='ltr'><strong>identitate</strong></span> <span class='ocrx_word' id='word_1_812' title='bbox 2356 4289 2719 4344; x_wconf 56' lang='lat' dir='ltr'><strong>substantia)?</strong></span> 
     </span>
    </p>
   </div>
   <div class='ocr_carea' id='block_1_102' title="bbox 2563 4484 2863 4542">
    <p class='ocr_par' dir='ltr' id='par_1_102' title="bbox 2563 4484 2863 4542">
     <span class='ocr_line' id='line_1_102' title="bbox 2563 4484 2863 4542; baseline -0.017 0"><span class='ocrx_word' id='word_1_813' title='bbox 2563 4486 2715 4542; x_wconf 75' lang='lat' dir='ltr'><strong>CAP.</strong></span> <span class='ocrx_word' id='word_1_814' title='bbox 2772 4484 2863 4538; x_wconf 90' lang='lat' dir='ltr'><strong>lll.</strong></span> 
     </span>
    </p>
   </div>
   <div class='ocr_carea' id='block_1_103' title="bbox 1947 4578 3518 4648">
    <p class='ocr_par' dir='ltr' id='par_1_103' title="bbox 1947 4578 3518 4648">
     <span class='ocr_line' id='line_1_103' title="bbox 1947 4578 3518 4648; baseline 0 -14"><span class='ocrx_word' id='word_1_815' title='bbox 1947 4581 2100 4648; x_wconf 84' lang='lat' dir='ltr'><strong>Quod</strong></span> <span class='ocrx_word' id='word_1_816' title='bbox 2154 4579 2289 4636; x_wconf 83' lang='lat' dir='ltr'><strong>Deus</strong></span> <span class='ocrx_word' id='word_1_817' title='bbox 2325 4580 2611 4635; x_wconf 82' lang='lat' dir='ltr'><strong>secundum</strong></span> <span class='ocrx_word' id='word_1_818' title='bbox 2654 4588 2931 4639; x_wconf 81' lang='lat' dir='ltr'><strong>naturam,</strong></span> <span class='ocrx_word' id='word_1_819' title='bbox 2976 4594 3067 4631; x_wconf 86' lang='lat' dir='ltr'><strong>nec</strong></span> <span class='ocrx_word' id='word_1_820' title='bbox 3105 4578 3213 4631; x_wconf 78' lang='lat' dir='ltr'><strong>ullo</strong></span> <span class='ocrx_word' id='word_1_821' title='bbox 3247 4579 3398 4633; x_wconf 76' lang='lat' dir='ltr'><strong>modo</strong></span> <span class='ocrx_word' id='word_1_822' title='bbox 3425 4590 3518 4634; x_wconf 79' lang='lat' dir='ltr'><strong>aut</strong></span> 
     </span>
    </p>
   </div>
   <div class='ocr_carea' id='block_1_104' title="bbox 2162 4648 3304 4713">
    <p class='ocr_par' dir='ltr' id='par_1_104' title="bbox 2162 4648 3304 4713">
     <span class='ocr_line' id='line_1_104' title="bbox 2162 4648 3304 4713; baseline -0.002 -9"><span class='ocrx_word' id='word_1_823' title='bbox 2162 4654 2354 4713; x_wconf 82' lang='lat' dir='ltr'><strong>minor,</strong></span> <span class='ocrx_word' id='word_1_824' title='bbox 2387 4660 2481 4703; x_wconf 90' lang='lat' dir='ltr'><strong>aut</strong></span> <span class='ocrx_word' id='word_1_825' title='bbox 2508 4650 2789 4704; x_wconf 77' lang='lat' dir='ltr'><strong>dissimilis</strong></span> <span class='ocrx_word' id='word_1_826' title='bbox 2826 4648 2984 4701; x_wconf 83' lang='lat' dir='ltr'><strong>Patri</strong></span> <span class='ocrx_word' id='word_1_827' title='bbox 3011 4650 3080 4701; x_wconf 76' lang='lat' dir='ltr'><strong>sit</strong></span> <span class='ocrx_word' id='word_1_828' title='bbox 3111 4648 3304 4702; x_wconf 82' lang='lat' dir='ltr'><strong>Filius.</strong></span> 
     </span>
    </p>
   </div>
   <div class='ocr_carea' id='block_1_105' title="bbox 2295 4742 3163 4811">
    <p class='ocr_par' dir='ltr' id='par_1_105' title="bbox 2295 4742 3163 4811">
     <span class='ocr_line' id='line_1_105' title="bbox 2295 4742 3163 4811; baseline -0.007 -11"><span class='ocrx_word' id='word_1_829' title='bbox 2295 4747 2349 4811; x_wconf 91' lang='lat' dir='ltr'><strong>l,</strong></span> <span class='ocrx_word' id='word_1_830' title='bbox 2393 4747 2444 4799; x_wconf 80' lang='grc'>1.</span> <span class='ocrx_word' id='word_1_831' title='bbox 2488 4743 2555 4797; x_wconf 81' lang='lat' dir='ltr'><strong>Et</strong></span> <span class='ocrx_word' id='word_1_832' title='bbox 2592 4743 2729 4797; x_wconf 78' lang='lat' dir='ltr'><strong>Deus</strong></span> <span class='ocrx_word' id='word_1_833' title='bbox 2764 4752 2878 4797; x_wconf 84' lang='lat' dir='ltr'><strong>erat</strong></span> <span class='ocrx_word' id='word_1_834' title='bbox 2921 4742 3163 4796; x_wconf 83' lang='lat' dir='ltr'><strong>Verbum.</strong></span> 
     </span>
    </p>
   </div>
   <div class='ocr_carea' id='block_1_106' title="bbox 2014 4832 3516 4910">
    <p class='ocr_par' dir='ltr' id='par_1_106' title="bbox 2014 4832 3516 4910">
     <span class='ocr_line' id='line_1_106' title="bbox 2014 4832 3516 4910; baseline -0.005 -19"><span class='ocrx_word' id='word_1_835' title='bbox 2014 4838 2132 4894; x_wconf 84' lang='lat' dir='ltr'><strong>Non</strong></span> <span class='ocrx_word' id='word_1_836' title='bbox 2169 4836 2439 4910; x_wconf 81' lang='lat' dir='ltr'><strong>ignoravit</strong></span> <span class='ocrx_word' id='word_1_837' title='bbox 2464 4835 2652 4889; x_wconf 83' lang='lat' dir='ltr'><strong>divino</strong></span> <span class='ocrx_word' id='word_1_838' title='bbox 2687 4834 2896 4904; x_wconf 89' lang='lat' dir='ltr'><strong>Spiritu</strong></span> <span class='ocrx_word' id='word_1_839' title='bbox 2935 4832 3148 4889; x_wconf 85' lang='lat' dir='ltr'><strong>alllatus</strong></span> <span class='ocrx_word' id='word_1_840' title='bbox 3181 4833 3516 4902; x_wconf 86' lang='lat' dir='ltr'><strong>evangelista</strong></span> 
     </span>
    </p>
   </div>
   <div class='ocr_carea' id='block_1_107' title="bbox 1946 4922 3518 5001">
    <p class='ocr_par' dir='ltr' id='par_1_107' title="bbox 1946 4922 3518 5001">
     <span class='ocr_line' id='line_1_107' title="bbox 1946 4922 3518 5001; baseline -0.008 -17"><span class='ocrx_word' id='word_1_841' title='bbox 1946 4933 2239 5001; x_wconf 87' lang='lat' dir='ltr'><strong>postremis</strong></span> <span class='ocrx_word' id='word_1_842' title='bbox 2270 4927 2609 5000; x_wconf 88' lang='lat' dir='ltr'><strong>temporibus</strong></span> <span class='ocrx_word' id='word_1_843' title='bbox 2636 4927 2989 4984; x_wconf 84' lang='lat' dir='ltr'><strong>suborituros</strong></span> <span class='ocrx_word' id='word_1_844' title='bbox 3019 4926 3235 4995; x_wconf 84' lang='lat' dir='ltr'><strong>aliquos</strong></span> <span class='ocrx_word' id='word_1_845' title='bbox 3266 4924 3360 4992; x_wconf 89' lang='lat' dir='ltr'><strong>qui</strong></span> <span class='ocrx_word' id='word_1_846' title='bbox 3386 4922 3518 4976; x_wconf 82' lang='lat' dir='ltr'><strong>sub-</strong></span> 
     </span>
    </p>
   </div>
   <div class='ocr_carea' id='block_1_108' title="bbox 1946 5017 3516 5095">
    <p class='ocr_par' dir='ltr' id='par_1_108' title="bbox 1946 5017 3516 5095">
     <span class='ocr_line' id='line_1_108' title="bbox 1946 5017 3516 5095; baseline -0.009 -16"><span class='ocrx_word' id='word_1_847' title='bbox 1946 5025 2162 5079; x_wconf 80' lang='lat' dir='ltr'><strong>stantiae</strong></span> <span class='ocrx_word' id='word_1_848' title='bbox 2189 5023 2466 5095; x_wconf 86' lang='lat' dir='ltr'><strong>Unigeniti</strong></span> <span class='ocrx_word' id='word_1_849' title='bbox 2498 5023 2885 5084; x_wconf 89' lang='lat' dir='ltr'><strong>detraherent,</strong></span> <span class='ocrx_word' id='word_1_850' title='bbox 2935 5026 2989 5072; x_wconf 90' lang='lat' dir='ltr'><strong>et</strong></span> <span class='ocrx_word' id='word_1_851' title='bbox 3019 5017 3308 5072; x_wconf 89' lang='lat' dir='ltr'><strong>Dominum</strong></span> <span class='ocrx_word' id='word_1_852' title='bbox 3342 5029 3371 5066; x_wconf 86' lang='lat' dir='ltr'><strong>a</strong></span> <span class='ocrx_word' id='word_1_853' title='bbox 3405 5027 3516 5082; x_wconf 87' lang='lat' dir='ltr'><strong>quo</strong></span> 
     </span>
    </p>
   </div>
   <div class='ocr_carea' id='block_1_109' title="bbox 1947 5108 3512 5185">
    <p class='ocr_par' dir='ltr' id='par_1_109' title="bbox 1947 5108 3512 5185">
     <span class='ocr_line' id='line_1_109' title="bbox 1947 5108 3512 5185; baseline -0.008 -16"><span class='ocrx_word' id='word_1_854' title='bbox 1947 5117 2210 5185; x_wconf 89' lang='lat' dir='ltr'><strong>redempti</strong></span> <span class='ocrx_word' id='word_1_855' title='bbox 2240 5126 2369 5169; x_wconf 89' lang='lat' dir='ltr'><strong>sunt</strong></span> <span class='ocrx_word' id='word_1_856' title='bbox 2413 5122 2717 5184; x_wconf 84' lang='lat' dir='ltr'><strong>negarent.</strong></span> <span class='ocrx_word' id='word_1_857' title='bbox 2762 5127 2884 5167; x_wconf 89' lang='lat' dir='ltr'><strong>eum</strong></span> <span class='ocrx_word' id='word_1_858' title='bbox 2918 5108 3215 5166; x_wconf 90' lang='lat' dir='ltr'><strong>secundum</strong></span> <span class='ocrx_word' id='word_1_859' title='bbox 3257 5114 3512 5158; x_wconf 88' lang='lat' dir='ltr'><strong>naturam</strong></span> 
     </span>
    </p>
   </div>
   <div class='ocr_carea' id='block_1_110' title="bbox 1944 5198 3510 5272">
    <p class='ocr_par' dir='ltr' id='par_1_110' title="bbox 1944 5198 3510 5272">
     <span class='ocr_line' id='line_1_110' title="bbox 1944 5198 3510 5272; baseline -0.007 -10"><span class='ocrx_word' id='word_1_860' title='bbox 1944 5225 2051 5263; x_wconf 91' lang='lat' dir='ltr'><strong>non</strong></span> <span class='ocrx_word' id='word_1_861' title='bbox 2082 5223 2202 5263; x_wconf 89' lang='lat' dir='ltr'><strong>esse</strong></span> <span class='ocrx_word' id='word_1_862' title='bbox 2228 5206 2392 5262; x_wconf 89' lang='lat' dir='ltr'><strong>Deum</strong></span> <span class='ocrx_word' id='word_1_863' title='bbox 2422 5223 2487 5261; x_wconf 82' lang='lat' dir='ltr'><strong>ex</strong></span> <span class='ocrx_word' id='word_1_864' title='bbox 2522 5207 2632 5260; x_wconf 89' lang='lat' dir='ltr'><strong>Deo</strong></span> <span class='ocrx_word' id='word_1_865' title='bbox 2653 5215 2706 5260; x_wconf 89' lang='lat' dir='ltr'><strong>et</strong></span> <span class='ocrx_word' id='word_1_866' title='bbox 2735 5206 2894 5259; x_wconf 87' lang='lat' dir='ltr'><strong>Patre</strong></span> <span class='ocrx_word' id='word_1_867' title='bbox 2918 5202 3160 5272; x_wconf 90' lang='lat' dir='ltr'><strong>genitum</strong></span> <span class='ocrx_word' id='word_1_868' title='bbox 3193 5198 3510 5259; x_wconf 85' lang='lat' dir='ltr'><strong>asserendo,</strong></span> 
     </span>
    </p>
   </div>
   <div class='ocr_carea' id='block_1_111' title="bbox 1942 5287 3511 5373">
    <p class='ocr_par' dir='ltr' id='par_1_111' title="bbox 1942 5287 3511 5373">
     <span class='ocr_line' id='line_1_111' title="bbox 1942 5287 3511 5373; baseline -0.01 -15"><span class='ocrx_word' id='word_1_869' title='bbox 1942 5302 2036 5358; x_wconf 87' lang='lat' dir='ltr'><strong>sed</strong></span> <span class='ocrx_word' id='word_1_870' title='bbox 2065 5301 2312 5373; x_wconf 88' lang='lat' dir='ltr'><strong>spurium</strong></span> <span class='ocrx_word' id='word_1_871' title='bbox 2353 5300 2509 5353; x_wconf 90' lang='lat' dir='ltr'><strong>nobis</strong></span> <span class='ocrx_word' id='word_1_872' title='bbox 2540 5299 2705 5353; x_wconf 83' lang='lat' dir='ltr'><strong>veluti</strong></span> <span class='ocrx_word' id='word_1_873' title='bbox 2730 5294 3020 5365; x_wconf 89' lang='lat' dir='ltr'><strong>quemdam</strong></span> <span class='ocrx_word' id='word_1_874' title='bbox 3046 5297 3101 5345; x_wconf 86' lang='lat' dir='ltr'><strong>et</strong></span> <span class='ocrx_word' id='word_1_875' title='bbox 3123 5289 3246 5344; x_wconf 89' lang='lat' dir='ltr'><strong>falsi</strong></span> <span class='ocrx_word' id='word_1_876' title='bbox 3273 5287 3511 5343; x_wconf 87' lang='lat' dir='ltr'><strong>nominis</strong></span> 
     </span>
    </p>
   </div>
   <div class='ocr_carea' id='block_1_112' title="bbox 1941 5381 3511 5461">
    <p class='ocr_par' dir='ltr' id='par_1_112' title="bbox 1941 5381 3511 5461">
     <span class='ocr_line' id='line_1_112' title="bbox 1941 5381 3511 5461; baseline -0.009 -11"><span class='ocrx_word' id='word_1_877' title='bbox 1941 5395 2286 5459; x_wconf 88' lang='lat' dir='ltr'><strong>invehendo,</strong></span> <span class='ocrx_word' id='word_1_878' title='bbox 2331 5394 2612 5449; x_wconf 86' lang='lat' dir='ltr'><strong>ﬁliationis</strong></span> <span class='ocrx_word' id='word_1_879' title='bbox 2664 5390 2883 5461; x_wconf 81' lang='lat' dir='ltr'><strong>quidem</strong></span> <span class='ocrx_word' id='word_1_880' title='bbox 2927 5400 2991 5441; x_wconf 88' lang='lat' dir='ltr'><strong>ac</strong></span> <span class='ocrx_word' id='word_1_881' title='bbox 3029 5384 3252 5440; x_wconf 88' lang='lat' dir='ltr'><strong>deitatis</strong></span> <span class='ocrx_word' id='word_1_882' title='bbox 3288 5381 3511 5437; x_wconf 89' lang='lat' dir='ltr'><strong>nomine</strong></span> 
     </span>
    </p>
   </div>
   <div class='ocr_carea' id='block_1_113' title="bbox 1940 5472 3512 5554">
    <p class='ocr_par' dir='ltr' id='par_1_113' title="bbox 1940 5472 3512 5554">
     <span class='ocr_line' id='line_1_113' title="bbox 1940 5472 3512 5554; baseline -0.009 -13"><span class='ocrx_word' id='word_1_883' title='bbox 1940 5488 2276 5554; x_wconf 86' lang='lat' dir='ltr'><strong>redimitum,</strong></span> <span class='ocrx_word' id='word_1_884' title='bbox 2310 5487 2405 5543; x_wconf 92' lang='lat' dir='ltr'><strong>sed</strong></span> <span class='ocrx_word' id='word_1_885' title='bbox 2435 5486 2508 5540; x_wconf 91' lang='lat' dir='ltr'><strong>ita</strong></span> <span class='ocrx_word' id='word_1_886' title='bbox 2542 5500 2602 5539; x_wconf 90' lang='lat' dir='ltr'><strong>se</strong></span> <span class='ocrx_word' id='word_1_887' title='bbox 2631 5495 2820 5538; x_wconf 87' lang='lat' dir='ltr'><strong>revera</strong></span> <span class='ocrx_word' id='word_1_888' title='bbox 2852 5494 2957 5534; x_wconf 93' lang='lat' dir='ltr'><strong>non</strong></span> <span class='ocrx_word' id='word_1_889' title='bbox 2989 5478 3299 5532; x_wconf 87' lang='lat' dir='ltr'><strong>habentem.</strong></span> <span class='ocrx_word' id='word_1_890' title='bbox 3322 5472 3512 5529; x_wconf 89' lang='lat' dir='ltr'><strong>Simile</strong></span> 
     </span>
    </p>
   </div>
   <div class='ocr_carea' id='block_1_114' title="bbox 1941 5567 3510 5652">
    <p class='ocr_par' dir='ltr' id='par_1_114' title="bbox 1941 5567 3510 5652">
     <span class='ocr_line' id='line_1_114' title="bbox 1941 5567 3510 5652; baseline -0.01 -16"><span class='ocrx_word' id='word_1_891' title='bbox 1941 5581 2202 5652; x_wconf 86' lang='lat' dir='ltr'><strong>quiddam</strong></span> <span class='ocrx_word' id='word_1_892' title='bbox 2253 5578 2506 5642; x_wconf 88' lang='lat' dir='ltr'><strong>faciunt,</strong></span> <span class='ocrx_word' id='word_1_893' title='bbox 2553 5575 2647 5645; x_wconf 87' lang='lat' dir='ltr'><strong>qui</strong></span> <span class='ocrx_word' id='word_1_894' title='bbox 2698 5572 2979 5628; x_wconf 69' lang='lat' dir='ltr'><strong>Iudaicam</strong></span> <span class='ocrx_word' id='word_1_895' title='bbox 3022 5570 3136 5625; x_wconf 82' lang='lat' dir='ltr'><strong>Arii</strong></span> <span class='ocrx_word' id='word_1_896' title='bbox 3169 5567 3510 5639; x_wconf 79' lang='lat' dir='ltr'><strong>impietatem</strong></span> 
     </span>
    </p>
   </div>
  </div>
