4168 6562
608 398 678 460 39
1632 400 1689 454 s.
1734 387 2009 455 CYRILLI
2044 380 2513 450 ALEXANDRINI
2548 386 2865 453 ARCHIEP.
3820 392 3897 449 aa

612 520 823 575 inlimis
851 518 1174 590 praecordiis
1220 528 1606 590 susceperunt,
1637 518 1984 590 proindeque
2020 528 2074 574 et
2118 516 2185 572 de

2302 514 2598 587 Ἰουδαῖκὴν
2638 520 2715 583 εἰς
2752 520 2845 571 τὸν
2876 518 3084 571 ἑαυτῶν
3116 516 3499 581 είσοικίζοντες
3534 514 3679 580 νοῦν,
3713 515 3797 570 διὸ
3824 516 3897 587 δὴ

613 619 834 666 mortuo
869 610 1036 666 corde
1081 611 1374 682 proferunt
1423 628 1533 667 non
1579 612 1855 667 viviﬁcum
1909 612 2012 683 pia:
2054 627 2188 668 con-

613 701 991 770 templationis
1018 703 1267 769 verbum,
1303 702 1399 758 sed
1437 701 1803 773 quodcunque
1828 702 1901 758 ad
1956 711 2185 758 mortem

614 791 792 847 tendit
832 807 897 846 ac
932 791 1159 863 respicit
1187 812 1199 847 :
1237 811 1255 845 ‹
1301 791 1511 864 Sagitta
1542 792 1743 864 quippe
1773 802 1857 849 est
1889 793 2187 849 vulnerans

615 884 800 955 lingua
824 899 1048 948 eorum;
1077 883 1268 939 dolosa
1292 886 1459 940 verba
1491 887 1606 940 oris
1635 900 1826 940 eorum
1861 885 1927 938 “.
1971 905 1988 937 ι
2020 883 2187 952 Quasi

614 992 746 1047 ergo
773 977 885 1045 jam
920 976 975 1029 in
1026 975 1283 1043 veritatis
1314 975 1482 1030 verba
1523 982 1845 1046 exsurgeret
1880 974 2102 1043 aliquis,
2135 982 2189 1028 et

614 1074 864 1122 sanctum
915 1066 1313 1136 evangelistam
1348 1066 1421 1120 ita
1456 1066 1849 1135 propemodum
1900 1063 2192 1134 compella—

614 1166 699 1214 ret
737 1166 899 1214 :erat
942 1159 1163 1228 quidem
1212 1156 1475 1222 Verbum,
1520 1173 1553 1213 o
1585 1158 1746 1221 bone,
1794 1157 1936 1226 apud
1990 1156 2187 1222 Deum;

613 1260 769 1306 esto:
811 1250 908 1305 tibi
937 1252 1081 1305 enim
1114 1251 1217 1305 ista
1246 1249 1511 1306 scribenti
1540 1248 1837 1304 credimus.
1883 1247 1965 1301 Sit
2006 1257 2186 1302 autem

614 1352 669 1397 et
712 1343 984 1399 subsistat
1017 1341 1180 1396 Pater
1212 1343 1457 1411 proprie,
1498 1341 1739 1410 itemque
1788 1338 1963 1394 Filius
1993 1339 2190 1393 simili-

617 1442 699 1489 ter
725 1450 737 1485 :
765 1434 1039 1503 quodnam
1064 1434 1323 1504 ergogo
1348 1433 1647 1488 secundum
1678 1438 1931 1486 naturam
1952 1428 2189 1485 Verbum

613 1538 734 1579 esse
772 1523 1075 1593 putandum
1110 1524 1237 1577 est?
1278 1522 1412 1577 illud
1446 1522 1613 1588 enim,
1641 1537 1760 1577 esse
1810 1520 1955 1591 apud
1995 1521 2188 1589 Deum,

613 1617 841 1671 omnino
889 1616 1257 1671 substantiam
1307 1630 1417 1669 non
1470 1614 1764 1685 significat.
1815 1614 1953 1669 (lum
2003 1623 2189 1669 autem

615 1725 784 1763 unum
838 1707 1009 1763 Deum
1053 1706 1353 1778 Scriptura:
1398 1706 1596 1762 divinae
1648 1706 1989 1777 praadicent,
2040 1705 2189 1759 Patri

2290 610 2386 660 καὶ
2426 609 2531 661 ἀπὸ
2579 610 2777 679 νεκρᾶς
2844 608 3183 681 προφέρουσι
3225 607 3487 679 καρδίας,
3530 608 3591 661 οὐ
3622 608 3712 663 τὸν
3748 607 3897 674 ζωο-

2290 700 2445 753 ποιὸν
2476 700 2575 769 τῆς
2606 700 2863 765 εὐσεϐοῦς
2896 701 3129 771 Θεωρίας
3161 700 3316 769 λόγον
3337 740 3352 763 ,
3405 698 3520 752 ἀλλ’
3561 700 3612 752 εί
3648 717 3703 752 τι
3748 699 3897 771 πρὸς

2291 794 2520 849 θάνατον
2537 797 2639 867 ὁρᾷ
2653 813 2712 848 τε
2737 795 2827 849 λαὶ
2852 795 3070 864 βλέπεις
3106 796 3288 858 «Βολὶς
3312 794 3482 856 ὅντως
3505 793 3894 863 τιτρώσκουσα

2291 886 2325 955 ή
2353 886 2573 953 γλῶσσα
2602 886 2799 949 αὐτῶν,
2833 887 2985 940 δόλια
3013 886 3084 939 τὰ
3115 888 3336 957 ῥήματα
3360 884 3453 937 τοῦ
3488 884 3757 953 στόματος
3787 885 3892 937 αῦ-

2291 976 2454 1029 τῶν.›
2486 978 2693 1049 Ὠσπερ
2721 974 2811 1031 οῦν
2833 978 2935 1048 ἥδη
2963 977 3104 1042 τινὸς
3133 980 3243 1039 τοῖς
3267 976 3325 1041 ἐξ
3354 975 3613 1046 ἀληθείας
3642 976 3890 1029 ἀντιτεί-

2291 1084 2475 1130 νοντος
2520 1068 2761 1138 ῥήμασι,
2818 1070 2914 1122 καὶ
2969 1068 3250 1139 μονονουχὶ
3301 1068 3552 1135 λέγοντος
3607 1068 3743 1137 πρὸς
3794 1068 3893 1118 τὸν

2294 1157 2888 1230 ἆγιον.εὑαγγελιστήν·
2922 1154 3031 1212 Ἦν
3058 1160 3154 1230 μὲν
3180 1161 3208 1212 6
3237 1159 3427 1226 Λόγος,
3460 1153 3505 1209 ῶ
3531 1153 3707 1221 οὗτος,
3750 1157 3893 1227 πρὸς

2292 1248 2383 1301 τὸν
2403 1250 2556 1314 Θεὸν,
2576 1250 2671 1303 καὶ
2687 1250 2859 1322 ἐχέτω
2880 1250 3028 1321 τῇδεο
3060 1250 3317 1319 πείθομαι
3344 1249 3451 1321 γὰρ
3474 1252 3588 1313 τοῖς
3620 1252 3734 1312 σοῖς
3758 1250 3893 1320 περὶ

2292 1340 2483 1394 τούτου
2520 1342 2951 1413 συγγράμμασιν
2972 1358 2988 1375 ’
3038 1341 3178 1395 ἔστω
3210 1342 3289 1406 δὲ,
3322 1342 3416 1394 καὶ
3449 1341 3745 1410 ὑπαρχέτω
3776 1341 3894 1393 Πα-

2292 1432 2401 1504 τὴρ
2433 1436 2532 1504 μὲν
2566 1434 2745 1497 ἰδίως,
2794 1434 2923 1497 Υίὸς
2961 1434 3017 1487 δὲ
3052 1434 3213 1487 πάλιν
3246 1434 3469 1503 ὁμοίως.
3525 1432 3660 1485 Τίνα
3696 1431 3761 1500 δὴ
3788 1427 3893 1483 ὀῦν

2297 1526 2561 1599 ὑπάρχειν
2604 1526 2812 1580 οἴεσθαι
2854 1529 3120 1599 προσήκει
3161 1527 3299 1580 κατά
3324 1525 3513 1595 ¹φύσιν
3550 1525 3641 1578 τὸν
3669 1525 3889 1591 Λόγον;

2297 1618 2371 1671 Τὸ
2410 1618 2517 1689 γάρ
2556 1614 2859 1690 εἶναιπρὸς
2905 1620 3067 1684 Θεὸν,
3123 1620 3182 1671 οὑ
3219 1619 3437 1682 πάντως
3480 1617 3591 1688 ἔχει
3639 1617 3735 1670 καὶ
3784 1615 3893 1684 τῆς

2297 1709 2483 1773 οὐσίας
2509 1711 2606 1781 τὴν
2638 1711 2893 1781 δήλωσιν.
2928 1712 3141 1782 Ἐπειδὴ
3164 1712 3216 1764 δὲ
3233 1711 3365 1764 Θεὸν
3395 1712 3491 1763 ἕνα
3520 1708 3891 1780 κηρύττουσιν

613 1801 715 1855 soli
751 1801 856 1854 hoc
877 1800 1204 1865 tribuemus,
1242 1799 1385 1871 apud
1420 1815 1583 1870 quem
1611 1810 1730 1854 erat
1763 1798 2021 1853 Verbum.
2050 1796 2189 1863 Quid

2302 1803 2354 1853 αί
2394 1801 2532 1856 θεῖαι
2562 1804 2793 1873 Γραφαὶ.
2826 1804 3167 1874 ἀναθήσομεν
3203 1802 3360 1855 τοῦτο
3404 1802 3548 1872 μόνῳ
3577 1800 3654 1869 τῷ
3685 1802 3886 1870 Πατρὶ.

614 1894 681 1949 ad
715 1895 829 1949 haec
854 1894 1021 1964 igitur
1048 1896 1124 1948 ait
1149 1910 1330 1964 praeco
1354 1892 1640 1950 veritatis?
1660 1892 1780 1947 Non
1808 1892 1986 1948 solum
2015 1911 2033 1943 ι
2065 1891 2193 1945 Erat

2302 1894 2437 1962 πρὸς
2469 1895 2526 1947 ὃν
2551 1890 2619 1966 ἦν
2648 1898 2675 1950 6
2696 1895 2884 1964 Λόγος.
2915 1896 2979 1948 Τί
3011 1892 3101 1950 οῦν
3130 1896 3237 1966 ἄρα
3266 1896 3356 1949 καὶ
3389 1895 3522 1964 πρὸς
3554 1894 3715 1947 τοῦτό
3750 1908 3890 1963 φησι⁹

614 1984 857 2043 Verbum
886 1988 1028 2057 apud
1063 1986 1254 2049 Deum,
1295 2008 1312 2037 ι
1354 1988 1450 2043 sed
1481 1996 1599 2043 erat
1627 1988 1792 2042 etiam
1828 1986 1993 2052 Deus,
2036 1993 2095 2041 ut
2128 2001 2190 2041 ex

614 2094 683 2135 eo
723 2077 871 2149 quod
926 2086 1010 2134 est
1057 2078 1200 2149 apud
1255 2078 1451 2144 Deum,
1487 2078 1627 2133 alius
1679 2092 1801 2133 esse
1840 2092 1869 2131 a
1907 2077 2069 2133 Patre
2103 2092 2195 2131 co—

617 2178 940 2240 gnoscatur,
992 2180 1045 2224 et
1075 2169 1247 2225 Filius
1282 2170 1503 2240 proprie
1542 2170 1855 2224 subsistere
1896 2176 1951 2222 et
1987 2185 2087 2240 per
2135 2183 2194 2224 se

617 2260 903 2326 credatur;
954 2275 1022 2314 ex
1051 2274 1117 2315 eo
1146 2275 1278 2314 vero
1317 2258 1463 2329 quod
1501 2266 1585 2314 est
1621 2258 1787 2324 Deus,
1827 2259 2193 2313 consubstan-

618 2352 787 2416 tialis,
817 2358 872 2406 et
903 2367 969 2406 ex
1011 2352 1133 2421 ipso
1177 2350 1519 2420 intelligatur
1546 2365 1665 2404 esse
1700 2349 1999 2404 secundum
2033 2359 2193 2403 natu—

617 2458 757 2508 ram,
792 2450 979 2512 utpote
1013 2441 1175 2507 Deus,
1218 2448 1272 2497 et
1312 2457 1377 2496 ex
1409 2440 1516 2495 Deo
1546 2440 1839 2495 exsistens.
1874 2438 2016 2493 Fieri
2048 2440 2193 2493 enim

620 2532 808 2603 nequit
845 2540 925 2598 ut,
966 2548 1091 2586 cum
1140 2546 1246 2587 una
1279 2532 1487 2603 liquido
1524 2531 1597 2585 sit
1626 2530 1769 2600 apud
1805 2529 2058 2584 homines
2107 2528 2194 2582 di-

618 2627 847 2690 vinitas,
875 2625 931 2678 in
964 2623 1305 2679 identitatem
1363 2621 1685 2679 substantiae
1732 2629 1924 2675 sancta
1956 2619 2195 2675 Trinitas

620 2731 732 2771 non
758 2717 1057 2779 coalescat,
1094 2722 1258 2785 atque
1289 2716 1361 2769 ita
1402 2714 1458 2768 in
1485 2729 1652 2769 unam
1680 2714 1903 2769 deitatis
1925 2713 2195 2767 rationem

619 2805 913 2863 referatur.
966 2808 1095 2861 Erat
1140 2806 1337 2877 igitur,
1378 2815 1434 2860 et
1485 2806 1629 2860 Deus
1681 2813 1868 2876 postea
1923 2804 2191 2867 nonfuit,

619 2900 714 2956 sed
745 2901 877 2955 olim
905 2907 1048 2961 erat.
1084 2898 1319 2953 maxime
1354 2913 1480 2952 cum
1530 2897 1701 2953 Deum
1732 2913 1853 2953 esse
1882 2898 1951 2951 ab
1991 2906 2198 2953 aeterno

620 3007 841 3062 quoque
872 3007 991 3047 esse
1025 3000 1416 3063 consequatur,
1452 2990 1906 3062 quandoquidem
1946 2991 1999 3044 id
2049 2990 2195 3059 quod

624 3083 679 3137 in
712 3093 956 3153 tempore
1001 3083 1205 3137 factum
1240 3093 1343 3147 est,
1374 3092 1469 3139 aut
1517 3100 1548 3140 e
1594 3084 1765 3139 nihilo
1798 3085 1853 3139 in
1885 3099 2070 3139 rerum
2104 3099 2200 3137 na-

2296 1987 2399 2057 τῆς
2423 1986 2681 2058 ἀληθείας
2703 1990 2732 2041 6
2760 1987 2935 2058 κῆρυξ
2964 2004 2977 2051 ;
3007 1987 3080 2040 Οὐ
3117 1986 3273 2057 μόνον
3311 2006 3328 2035 ι
3360 1981 3466 2038 Ἦν
3494 1988 3521 2038 6
3546 1985 3722 2051 Λόγος
3748 1983 3891 2055 πρὸς

2292 2080 2451 2142 Θεὸν,
2489 2100 2507 2132 ι
2545 2080 2658 2134 ἀλλ’
2691 2076 2759 2151 ἦν
2784 2080 2877 2134 καὶ
2904 2080 3056 2144 Θεὸς,
3092 2080 3177 2133 ἵνα
3203 2079 3290 2132 διὰ
3320 2079 3418 2148 μὲν
3444 2076 3536 2130 τοῦ
3574 2073 3713 2130 εἶναι
3747 2077 3892 2146 πρὸς

2296 2172 2450 2235 Θεὸν,
2486 2171 2670 2241 ἕτερος
2700 2171 2776 2224 ὢν
2822 2172 2972 2243 παρά
3016 2171 3108 2224 τὸν
3138 2171 3357 2237 Πατέρα
3392 2169 3749 2240 γνωρίξηται,
3788 2168 3893 2220 καὶ⁹

2299 2262 2427 2324 Υἱὸς
2463 2262 2729 2333 ὑπάρχειν
2768 2262 2871 2332 ἰδίᾳ
2910 2263 3003 2314 καὶ
3030 2260 3149 2314 καθ’
3179 2258 3371 2313 ἑαυτὸν
3408 2259 3755 2329 πιστεύηται·
3795 2259 3892 2311 διὰ

2296 2353 2354 2405 δὲ
2386 2352 2480 2405 τοῦ
2517 2348 2659 2405 εἶναι
2694 2354 2847 2415 Θεὸς,
2884 2352 3168 2422 ὁμοοόσιός
3197 2368 3254 2403 τε
3282 2351 3374 2403 καὶ
3405 2350 3463 2414 ἐξ
3495 2349 3659 2403 αὑτοῦ
3699 2351 3893 2419 νοῆται

2298 2442 2439 2495 κατὰ
2468 2442 2657 2510 φύσιν,
2686 2444 2778 2496 ἆτε
2808 2443 2871 2512 δὴ
2898 2444 2987 2496 καὶ
3014 2443 3173 2506 Θεὸς,
3208 2445 3303 2495 καὶ
3331 2444 3393 2494 ὲκ
3421 2441 3557 2495 Θεοῦ
3582 2441 3889 2512 προελθών.

2312 2536 2615 2605 Ἀμήχανον
2632 2535 2760 2605 γὰρ,
2782 2536 2908 2604 μιᾶς
2929 2530 3064 2587 εἶναι
3088 2534 3236 2605 παρά
3260 2537 3422 2587 πᾶσιν
3446 2533 3893 2605 όμολογουμένης

2300 2625 2583 2697 θεότητος,
2635 2627 2710 2697 μὴ
2759 2627 2974 2689 πάντως
3024 2628 3102 2692 είς
3166 2627 3471 2696 ταυτότητα
3519 2625 3735 2694 φύσεως
3787 2625 3892 2695 τὴν

2301 2720 2463 2788 ἁγίαν
2491 2719 2800 2774 ἀναϐαίνειν
2836 2720 3071 2791 Τριάδα,
3128 2716 3297 2783 οὕτως
3324 2737 3379 2773 τε
3421 2722 3499 2783 εἰς
3535 2717 3623 2773 τὸν
3663 2720 3759 2773 ἕνα
3786 2723 3891 2789 τῆς

2300 2812 2551 2882 θεότητος
2584 2811 2949 2884 ἀναφέρεσθαι
2978 2812 3152 2875 λόγον.
3208 2809 3315 2865 Ἦν
3348 2808 3440 2865 οῦν
3463 2851 3477 2874 ,
3534 2811 3629 2865 καὶ
3656 2811 3791 2875 Θεὸς
3821 2814 3887 2864 οὐ

2300 2907 2519 2974 γέγονεν
2546 2905 2803 2976 ὕστερον,
2833 2906 2971 2959 ἀλλὰ
3002 2905 3167 2959 πάλαι
3197 2900 3295 2975 ἦν,
3333 2906 3380 2957 εἰ
3412 2906 3504 2958 καὶ
3538 2906 3619 2959 ὅτι
3650 2904 3892 2975 μάλιστα

2299 2997 2377 3068 τῷ
2413 2994 2552 3050 εἷναι
2601 2997 2732 3049 Θεὸν
2777 2996 3131 3066 ἀκολουθήσει
3186 2997 3400 3058 πάντως
3450 2996 3539 3049 καὶ
3584 2996 3647 3049 τὸ
3698 2996 3894 3060 ἀϊδίως

2302 3086 2442 3143 εἶναι
2467 3106 2482 3121 ⁸
2519 3090 2640 3143 ἐπεὶ
2676 3090 2736 3143 τὸ
2784 3092 2841 3143 ὲν
2871 3089 3047 3161 χρόνῳ
3078 3088 3319 3157 γεγονὸς,
3353 3090 3385 3158 ἢ
3420 3089 3513 3140 καὶ
3543 3088 3678 3150 ὅλως
3715 3090 3780 3141 ὲκ
3812 3089 3893 3160 μὴ

623 3183 805 3227 turam
854 3174 1091 3240 editum,
1142 3184 1339 3229 natura
1389 3175 1534 3230 Deus
1591 3190 1702 3229 non
1738 3183 1845 3231 cst.
1882 3174 2023 3230 Cum
2069 3189 2196 3245 ergo

2305 3182 2456 3246 όντος
2488 3183 2566 3247 εἰς
2598 3183 2659 3235 τὸ
2685 3178 2819 3235 εἶναι
2838 3180 3188 3252 παρενεχθὲν,
3211 3181 3309 3233 οὐκ
3338 3179 3403 3233 ἄν
3428 3180 3511 3251 εἴη
3546 3179 3704 3248 φύσει
3728 3179 3889 3245 Θεός.

622 3268 716 3321 Dei
748 3266 982 3321 Verbum
1025 3282 1123 3338 per
1147 3268 1302 3332 illud,
1328 3277 1463 3333 erat,
1481 3269 1843 3323 aeternitatem
1867 3268 2085 3333 habeat,
2106 3284 2201 3340 per

622 3359 755 3413 illud
779 3370 982 3424 autem,
1020 3376 1135 3414 esse
1167 3359 1349 3424 Deum,
1380 3375 1507 3414 cum
1533 3359 1697 3416 Patre
1720 3360 2205 3416 consubstantiali-

629 3462 820 3515 latem,
851 3453 1047 3523 quanti
1078 3453 1328 3522 supplicii
1356 3468 1420 3507 ac
1443 3468 1617 3523 ptenae
1650 3468 1776 3509 reos
1810 3454 2094 3509 inventum
2132 3456 2198 3510 iri

624 3543 929 3611 putandum
950 3551 1055 3607 est,
1077 3543 1170 3612 qui
1190 3544 1459 3598 minorem
1484 3543 1893 3614 quodammodo
1916 3546 2197 3600 autetiam

624 3632 945 3689 dissimilem
999 3632 1145 3687 Patri
1206 3636 1385 3704 ipsum
1435 3650 1556 3690 esse
1607 3636 1966 3704 arbitrantur,
2026 3652 2202 3707 eoque

624 3724 934 3796 impietatis
965 3725 1222 3796 progredi
1255 3742 1366 3780 non
1398 3726 1645 3790 horrent,
1667 3735 1727 3781 ut
1750 3728 1928 3798 palam
1964 3728 2198 3799 idipsum

625 3834 847 3891 quoque
878 3817 1131 3889 proferre
1159 3819 1417 3883 audeant,
1447 3835 1547 3875 nec
1570 3836 1692 3891 qua:
1717 3821 1907 3876 dicunt
1938 3822 2199 3887 scientes,

626 3927 808 3981 neque
849 3912 916 3965 de
948 3912 1149 3980 quibus
1199 3913 1554 3966 asseverant?
1587 3912 1742 3967 Nulla
1771 3915 1915 3967 enim
1948 3930 2014 3969 ex
2050 3922 2202 3985 parte

627 4004 899 4060 minorem
946 4018 1070 4058 esse
1106 4003 1267 4059 Patre
1304 4004 1499 4059 Filium
1548 4022 1615 4060 ex
1662 4006 1783 4077 ipso
1831 4016 1885 4061 et
1932 4023 2060 4063 vere
2104 4024 2199 4080 ge-

629 4096 831 4159 nitum,
883 4110 948 4150 ex
989 4096 1252 4166 subjectis
1306 4097 1610 4154 rationibus
1659 4113 1881 4154 rursum
1933 4114 2198 4171 agnosce-

700 4278 933 4336 ALIUD.
1005 4279 1187 4335 Multis
1259 4280 1539 4352 variisque
1605 4282 1923 4338 nominibus
2004 4282 2203 4339 divinae

2315 3274 2567 3344 Ἔχοντος
2596 3275 2773 3327 τοίνυν
2813 3272 2905 3327 τοῦ
2935 3273 3069 3326 Θεοῦ
3097 3272 3268 3340 Λόγου
3310 3271 3397 3325 διὰ
3435 3272 3533 3341 μὲν
3574 3270 3666 3325 τοῦ
3709 3271 3793 3340 ἦν
3828 3273 3895 3325 τὸ

2309 3366 2513 3432 ἀΐδιον,
2559 3365 2647 3418 διά
2682 3365 2739 3418 δὲ
2767 3365 2860 3419 τοῦ
2900 3356 3051 3419 εἶναι
3087 3364 3236 3418 Θεὸν
3276 3364 3337 3416 τὸ
3377 3364 3514 3434 πρὸς
3544 3363 3632 3417 τὸν
3662 3363 3894 3435 Πατέρα

2307 3456 2610 3526 όμοούσιον,
2638 3455 2808 3526 πόσης
2830 3454 3034 3508 οἴεσθαι
3057 3455 3161 3526 χρὴ
3192 3452 3465 3516 κολάσεως
3490 3471 3548 3507 τε
3593 3454 3685 3507 καὶ
3711 3471 3894 3524 τιμω-

2314 3548 2431 3619 ρίας
2473 3548 2690 3618 ἐνόχους
2724 3545 3145 3618 εὑρεθήσεσθαι,
3200 3546 3327 3609 τοὺς
3365 3546 3623 3599 ἐλάττονα
3662 3549 3806 3601 κατά
3836 3565 3895 3599 τι

2308 3633 2511 3707 γοῦν,ἥ
2544 3637 2637 3689 καὶ
2665 3636 2915 3707 ἀνόμοιον
2941 3634 3034 3687 τοῦ
3066 3636 3451 3705 γεγεννηκότος
3476 3634 3757 3704 οἰομένους
3783 3636 3894 3689 ὐπ-

2307 3728 2495 3799 ἀρχειν
2522 3727 2702 3792 αὐτὸν,
2738 3728 2831 3780 καὶ
2854 3728 2931 3791 είς
2954 3725 3111 3779 τοῦτο
3134 3726 3414 3796 προελθεῖν
3442 3726 3762 3791 δυσσεϐείας
3785 3728 3893 3783 οὐκ

2307 3818 2758 3889 ἀποφρίττοντας,
2776 3817 2851 3881 ὼς
2876 3817 2974 3889 ήδη
2996 3816 3196 3887 τολμᾷν
3222 3818 3315 3871 καὶ
3337 3818 3543 3889 ἑτέροις
3566 3817 3635 3871 τά
3663 3818 3893 3874 τοιαῦτα

2310 3910 2657 3984 προσλαλεῖν,
2692 3910 2767 3981 μὴ
2806 3909 3078 3975 νοοῦντας,
3107 3908 3305 3979 μήτεμᾶ
3325 3909 3562 3979 λέγουσι,
3600 3913 3737 3982 μήτε
3760 3913 3896 3983 περ)⁹

2309 4004 2469 4058 τίνων
2502 4001 2953 4056 διαϐεϐαιοῦνται.
3006 4000 3125 4053 ’Ὁτι
3170 4000 3279 4071 γὰρ
3313 4001 3611 4072 οὐδαμόθεν
3650 4003 3893 4058 ἐλάττων

2309 4097 2428 4150 ἐστὶ
2469 4095 2562 4149 τοῦ
2613 4094 2849 4165 Πατρὸςι
2892 4096 2920 4146 6
2974 4092 3032 4157 ἐξ
3088 4092 3249 4147 αὑτοῦ
3305 4096 3398 4148 καλ⁹
3466 4097 3586 4147 κατ’
3629 4095 3895 4167 ἀλήθειαν

2311 4188 2537 4251 Υἱὸς,ὲκ
2557 4186 2663 4239 τῶν
2691 4184 3133 4255 συνεζευγμένων
3160 4184 3376 4237 ἐννοιῶν
3414 4185 3675 4255 εἰσόμεθα
3704 4186 3890 4243 πάλιν.

2386 4278 2613 4333 ’ΛΛΛο.
2669 4278 2888 4341 Πολλοῖς
2929 4278 3021 4330 καὶ
3062 4276 3335 4348 διαφόροις
3369 4276 3594 4346 ὀνόμασι
3639 4279 3733 4332 τὸν
3762 4279 3895 4332 Υίὸν

629 4372 929 4441 Scriptura:
979 4371 1174 4426 Filium
1221 4375 1518 4444 appellant.
1570 4374 1909 4445 Sapientiam
1956 4377 2099 4429 enim
2151 4385 2196 4431 el

2313 4373 2369 4425 al.
2401 4371 2541 4425 θεῖαι
2562 4370 2784 4424 καλοῦσι
2818 4368 3049 4439 Γραφαί.
3084 4368 3283 4437 Σοφίαν
3316 4369 3415 4441 μὲν
3465 4369 3575 4437 γὰρ
3618 4371 3714 4423 καὶ
3739 4370 3897 4424 δύναο

628 4460 886 4515 virtutem
935 4460 1112 4517 Patris
1144 4443 1323 4533 ipsum
1352 4479 1473 4519 esse
1506 4443 1684 4531 aiunt,
1724 4466 1883 4537 juxta
1937 4466 2091 4522 Pauli
2124 4468 2196 4522 di-

2314 4479 2404 4534 μιν
2431 4459 2524 4514 τοῦ
2552 4459 2763 4531 Πατρὸς
2789 4451 2928 4510 εἶναι
2960 4472 3121 4525 φασιν
3148 4456 3326 4517 αὑτὸν,
3352 4457 3491 4509 κατά
3515 4458 3577 4508 τὸ
3599 4457 3895 4528 εἰρημένον

630 4560 819 4605 ctum:
863 4571 881 4604 ι
926 4552 1183 4609 Christus
1215 4554 1310 4609 Dei
1345 4557 1521 4612 virtus
1545 4566 1599 4613 et
1644 4557 1737 4614 Dei
1774 4560 2044 4630 sapientia
2075 4561 2142 4615 “.
2180 4582 2197 4613 ι

630 4644 822 4701 Dictus
863 4654 947 4701 est
983 4662 1205 4703 rursum
1242 4648 1335 4703 lux
1367 4650 1487 4718 ejus
1542 4658 1596 4706 et
1649 4652 1855 4709 veritas
1881 4696 1896 4717 ,
1941 4654 2098 4723 juxta
2149 4654 2204 4708 id

630 4736 780 4808 quod
827 4752 856 4790 a
908 4738 1146 4807 quodam
1197 4748 1514 4796 sanctorum
1565 4743 1621 4797 in
1666 4741 1901 4799 Psalmis
1952 4747 2201 4802 canitur:

635 4849 653 4881 ι
704 4829 901 4886 Emitte
935 4830 1115 4887 lucem
1160 4839 1310 4887 tuam
1348 4842 1405 4889 et
1453 4835 1735 4890 veritatem
1768 4844 1916 4891 tuam
1949 4838 2013 4891 ⁸³.
2056 4858 2073 4890 ι
2107 4839 2205 4894 Ju-

628 4922 778 4978 stitia
820 4937 1040 4994 quoque
1085 4924 1401 4981 nominatus
1434 4936 1537 4988 est,
1562 4928 1718 4997 juxta
1763 4930 1937 4985 illud:
1969 4948 1987 4981 ι
2026 4932 2082 4986 1η
2112 4941 2204 4987 tua

625 5014 841 5083 justitia
890 5016 1109 5072 viviﬁea
1161 5034 1245 5072 me
1284 5019 1347 5073 ⁵⁸.
1387 5039 1404 5071 ι
1442 5019 1696 5076 Vivificat
1743 5023 1887 5077 enim
1941 5022 2103 5079 Pater
2149 5024 2205 5077 in

630 5105 853 5161 Christo
898 5108 1196 5165 credentes
1244 5110 1297 5165 in
1357 5111 1557 5181 ipsum.
1607 5112 1750 5178 Quin
1807 5120 1861 5168 et
1910 5114 2205 5169 consilium

635 5208 983 5269 nuncupatus
1029 5212 1116 5257 est
1161 5199 1362 5269 Patris,
1407 5204 1563 5273 juxta
1614 5205 1786 5261 illud:
1831 5224 1849 5257 ι
1886 5206 1942 5260 In
1974 5207 2208 5263 consilio

635 5293 730 5339 tuo
762 5286 1037 5347 deduxisti
1061 5309 1147 5350 me
1178 5295 1247 5350 ".
1283 5314 1302 5346 ι
1341 5294 1403 5349 Et
1433 5312 1656 5353 rursus:
1698 5319 1714 5349 ι
1757 5299 2066 5355 Consilium
2102 5300 2208 5353 Dn«

637 5376 768 5429 mini
800 5390 982 5436 manet
1017 5383 1070 5438 in
1116 5395 1381 5441 aeternum
1412 5388 1473 5439 ".
1512 5408 1528 5440 ι
1566 5388 1702 5443 Cum
1742 5391 1905 5460 igitur
1939 5391 2052 5447 haec
2087 5407 2207 5445 om-

636 5467 728 5520 nia
761 5467 933 5525 Filius
970 5473 1040 5527 sit
1068 5474 1176 5532 Deo
1209 5492 1273 5532 ac
1302 5476 1476 5542 Patri,
1528 5481 1723 5535 dicant
1769 5482 1928 5535 nobis
1967 5483 2058 5551 qui
2092 5484 2204 5536 Arii

635 5558 811 5612 errori
863 5571 1219 5622 assentantur
1271 5578 1326 5625 et
1375 5572 1470 5640 qui
1527 5572 1678 5629 illius
1730 5572 2006 5628 dementia
2061 5575 2206 5642 pleni

637 5656 786 5715 sunt,
815 5656 1088 5722 quomodo
1117 5658 1187 5714 sit
1219 5662 1399 5717 minor
1431 5664 1570 5734 ipso.
1606 5662 1663 5718 Si
1694 5664 1840 5719 enim
1875 5664 1950 5719 ita
1982 5680 2072 5720 res
2101 5674 2207 5731 est,

710 5766 751 5795 “
780 5766 889 5849 def:
920 5788 994 5839 Ix,
1020 5774 1073 5829 8.
1179 5778 1221 5808 ’δ’
1252 5777 1268 5830 l
1305 5776 1430 5835 Cor.
1468 5796 1506 5849 ι,
1535 5780 1625 5835 24.
1705 5779 1750 5811 ⁸³
1782 5778 1923 5835 Psal.
1963 5797 2092 5847 mi,

636 5838 918 5903 xxxu,il.

2305 4555 2385 4622 τῷ
2409 4551 2608 4622 Παύλῳ
2629 4567 2644 4583 ο
2674 4570 2691 4601 ο
2720 4547 2953 4621 Χριστὸς
2975 4546 3109 4600 Θεοῦ
3131 4546 3466 4617 δύναμιςκαὶ
3495 4547 3631 4601 Θεοῦ
3663 4549 3845 4617 σοφία.
3864 4569 3882 4600 ι

2308 4646 2537 4717 Εἴρηται
2564 4646 2618 4699 δὲ
2651 4644 2813 4697 πάλιν
2844 4644 2936 4696 καὶ
2966 4640 3081 4710 φῶς
3108 4640 3270 4694 αὐτοῦ
3306 4641 3399 4693 καὶ
3428 4640 3656 4712 ἀλήθεια
3676 4683 3689 4706 ,
3751 4644 3897 4697 κατά

2306 4741 2366 4794 τὸ
2413 4742 2470 4792 ὲν
2504 4738 2751 4807 Ψαλμοῖς
2804 4733 2909 4787 ὑπό
2952 4750 3045 4786 του
3096 4733 3204 4785 τῶν
3242 4733 3411 4801 ἁγίων
3457 4736 3895 4808 μελῳδούμενον.

2314 4850 2332 4882 ι
2358 4827 2767 4895 Ἐξαπόστειλον
2796 4825 2855 4877 τὸ
2887 4822 3001 4892 φῶς
3026 4840 3141 4887 σου,
3175 4823 3267 4876 καὶ
3296 4824 3393 4893 τὴν
3428 4826 3689 4897 ἀλήθειάν
3724 4846 3841 4883 σου.
3871 4848 3890 4879 ι

2311 4923 2537 4993 Εἴρηται
2562 4918 2656 4973 xa'l.
2680 4916 3011 4984 δικαιοσύνη,
3038 4916 3176 4969 κατά
3210 4916 3289 4979 τὸ,
3319 4936 3335 4968 ι
3364 4917 3450 4969 Ἐν
3481 4919 3545 4988 τῇ
3577 4918 3897 4992 δικαιοσυνῃ

2314 5032 2404 5067 σου
2459 5010 2622 5081 ζῆσόν
2658 5026 2743 5080 με.
2779 5026 2795 5059 ι
2847 5008 3106 5060 Ζωοποιεῖ
3138 5008 3245 5079 γὰρ
3291 5009 3319 5060 6
3358 5008 3548 5080 Πατὴρ
3582 5012 3639 5063 ὲν
3672 5011 3901 5084 Χριστῷ

2309 5107 2434 5168 τοὺς
2476 5101 2828 5163 πιστεύοντας
2878 5100 2957 5162 εἰς
2995 5100 3174 5154 αὐτόν.
3244 5100 3570 5171 Ὠνόμασται
3602 5104 3697 5156 καὶ
3728 5103 3901 5176 βουλὴ

2312 5198 2404 5251 τοῦ
2430 5196 2659 5267 Πατρὸς,
2686 5191 2826 5246 κατὰ
2849 5191 2909 5243 τὸ
2934 5190 3243 5262 εἰρημένονο
3299 5208 3317 5241 ι
3353 5191 3442 5244 Ἑν
3472 5193 3537 5262 τῇ
3580 5192 3747 5265 βουλῇ
3803 5210 3901 5246 σου

2312 5287 2601 5361 ὼδὴγησάς
2633 5302 2720 5357 με·
2753 5303 2772 5337 ι
2804 5282 2897 5337 καὶ
2931 5282 3113 5345 πάλιν,
3150 5302 3167 5332 ι
3191 5284 3252 5336 Ἡ
3278 5282 3334 5335 δὲ
3367 5282 3531 5355 βουλὴ
3557 5283 3653 5337 τοῦ
3684 5286 3900 5356 Κυρίου

2311 5386 2388 5446 εἰς
2414 5382 2503 5435 τὸν
2529 5379 2701 5433 αἰῶνα
2725 5377 2898 5447 μένει.
2928 5394 2946 5425 ι
2990 5373 3121 5429 Ὅτε
3137 5373 3315 5427 τοίνυν
3334 5374 3509 5428 ταῦτα
3543 5376 3724 5429 πάντα
3746 5377 3903 5431 ἐστὶν

2310 5478 2337 5529 ό
2368 5476 2490 5540 Υἱὸς
2529 5473 2607 5542 τῷ
2645 5469 2762 5541 Θεῷ
2796 5470 2889 5523 καὶ
2936 5469 3143 5537 Πατρὶ,
3188 5469 3498 5537 λεγέτωσαν
3537 5472 3670 5542 ἡμῖν
3718 5474 3767 5531 οί
3801 5474 3906 5542 τὴν

2324 5566 2533 5639 Ἀρείου
2561 5560 2943 5623 κολακεύοντες
2972 5560 3203 5630 πλάνην,
3232 5561 3446 5633 καὶτῆς
3476 5563 3688 5618 ἐκείνου
3720 5582 3910 5636 παρα-

2315 5660 2460 5722 νοίας
2493 5653 3007 5725 ὰναπεπλησμένοι,
3058 5652 3173 5716 πῶς
3224 5654 3371 5706 ἐστιν
3424 5654 3665 5710 ὲλάττων
3710 5659 3903 5712 αὐτοῦ.

2294 5783 2335 5813 ιι
2384 5772 2529 5835 psal.
2575 5767 2878 5833 curinio.
2991 5766 3201 5824 "Psal.
3260 5783 3433 5835 Lxxn,
3466 5769 3559 5824 25.
3678 5770 3905 5829 "Psal.
