4168 6562
317 429 379 488 II
1367 422 1429 479 IN
1467 422 1749 481 JOANNIS
1780 419 2241 479 EVANGELIUM
2282 419 2408 477 LIB.
2451 419 2492 474 1.
3484 419 3555 475 4⁸2

318 549 464 619 ’Ὦρα
488 546 597 617 γὰρ
622 542 803 614 λέγειν
825 585 840 611 ,
874 544 1033 615 εἴπερ
1061 541 1232 607 οὕτως
1260 543 1373 615 ἔχοι
1403 545 1524 598 κατ’
1556 546 1782 609 αὐτοὺς,
1812 545 1892 597 ὅτι

2002 551 2057 595 ιιι
2088 541 2165 595 illi
2206 540 2419 604 volunt,
2452 539 2698 610 sequitur
2728 538 2945 594 Patrem
2973 537 3077 607 21
3124 553 3229 592 non
3269 552 3392 592 esse
3431 552 3557 607 per-

320 656 425 712 περ
447 640 510 693 οὗ
543 637 762 701 τελείως
794 636 954 705 σοφὸς
997 639 1027 690 ό
1059 638 1278 707 Πατὴρ,
1307 637 1367 689 οὐ
1396 637 1619 702 τελείως
1646 638 1889 702 δυνατὸς,

318 732 382 784 οὐ
408 726 626 792 τελείως
672 727 818 797 φῶς,
850 727 911 779 οὺ
939 726 1157 790 τελείως
1184 728 1407 799 ἀλήθεια
1426 771 1440 795 ,
1481 729 1544 781 οὺ
1573 729 1792 792 τελείως
1816 730 1896 782 δίε

323 838 478 884 καιος
499 859 513 883 ,
560 818 672 872 ἀλλ’
700 818 821 871 οὐδὲ
851 817 1052 883 τέλειος
1096 820 1153 872 ἐν
1184 819 1343 891 βουλῇ
1369 861 1384 886 ,
1432 820 1590 891 εῖπερ
1616 821 1783 884 ὅντως
1808 821 1899 875 διὰ

320 910 381 964 τὸ
411 910 626 962 ἔλαττον
655 908 819 980 ἔχειν,
837 911 897 962 οὐ
926 913 1171 979 φανεῖται
1196 911 1399 976 τέλειος
1423 914 1451 965 6
1468 912 1612 975 Υἱὸς,
1643 912 1701 975 ὃς
1722 912 1899 981 πάντα

323 999 496 1056 ταῦτά
541 1003 687 1055 ἐστιν
730 1001 896 1074 αὐτῷ.
963 1002 1121 1056 Ἀλλὰ
1159 1004 1263 1074 μὴν
1306 1005 1367 1057 τὸ
1400 1004 1542 1057 οὕτω
1584 1007 1801 1075 φρονεῖν
1861 1003 1896 1074 ἦ

322 1092 505 1161 λέγειν
551 1092 840 1157 δυσσεϐές·
886 1094 1091 1158 τέλειος
1140 1096 1245 1150 δὲό
1280 1098 1466 1167 Πατὴρ
1496 1096 1584 1149 διὰ
1625 1096 1689 1148 τὸ
1723 1098 1900 1151 πάντα

322 1179 468 1251 ἔχειν
513 1180 572 1234 ὲν
599 1181 778 1252 ἑαυτῷ
814 1182 1030 1246 τελείως
1051 1198 1066 1214 ·
1120 1183 1320 1248 τέλειος
1349 1186 1454 1256 ἄρα
1482 1186 1721 1255 δηλονότι
1752 1188 1845 1239 καὶ
1872 1189 1900 1240 6

322 1271 527 1344 Υίὸς,ή
562 1274 743 1343 σοφία,
774 1274 867 1326 καὶ
890 1276 923 1344 ἡ
944 1274 1191 1344 δύναμις,
1213 1278 1275 1329 τὸ
1301 1276 1438 1344 φῶς,
1463 1279 1553 1329 καὶ
1572 1280 1606 1347 ἡ
1649 1277 1896 1347 ἀλήθεια,

324 1363 359 1433 ἡ
387 1364 723 1434 δικαιοσύνη,
758 1364 852 1417 καὶ
884 1366 917 1435 ὴ
952 1364 1114 1435 βουλὴ
1152 1362 1245 1418 τοῦ
1274 1366 1504 1438 Πατρός.
1550 1367 1606 1420 ’0
1634 1368 1689 1419 δὲ
1716 1370 1813 1438 τὴν
1841 1370 1899 1420 ἐν

322 1454 403 1524 τῷ
447 1457 630 1527 οἰκείῳ
667 1459 949 1528 γεννήτορι
997 1458 1308 1528 τελειότητα
1354 1458 1611 1530 πληρῶν,
1664 1460 1779 1523 πῶς
1833 1460 1898 1513 ἂν

327 1545 563 1601 ἐλάττων
585 1550 754 1600 νοοῖτο
776 1566 792 1614 ;

398 1639 602 1693 ΑΛΛΟ.
656 1640 720 1694 El
760 1641 821 1694 τὸ
850 1638 1070 1695 ἔλαττον
1103 1642 1241 1711 ἔχων
1267 1644 1295 1695 6
1335 1642 1461 1705 Υίὸς
1500 1644 1576 1705 ὡς
1606 1642 1739 1713 πρὸς
1767 1642 1898 1695 Θεὸν

327 1730 421 1784 καὶ
454 1731 702 1800 Πατέρα,
736 1735 1119 1803 προσκυνεῖται
1164 1733 1315 1805 παρά
1345 1751 1405 1786 τε
1442 1734 1602 1804 ἡμῶν
1662 1736 1757 1787 καὶ
1792 1735 1899 1788 τῶν

327 1822 499 1889 ἁγίων
538 1823 783 1892 ἀγγέλων
802 1861 817 1887 ,
860 1823 953 1876 δύο
978 1823 1328 1893 λατρεύοντες
1369 1825 1687 1895 ωωσόμεθα
1709 1825 1894 1889 Θεοὺς,

328 1914 488 1983 εἴπερ
516 1914 814 1985 οὐδαμόθεν
855 1918 933 1977 εἰς
972 1915 1273 1986 ταυτότητα
1310 1915 1522 1984 φύσεως
1564 1917 1896 1985 ἀναϐήσεται

326 2001 407 2072 τῷ
434 2002 622 2073 τελείῳ
661 2004 720 2057 τὸ
753 2007 826 2075 μὴ
859 2003 1031 2067 οὕτως
1057 2006 1200 2075 ἕχον.
1259 2006 1436 2077 Πολλὴ
1480 2006 1538 2059 δέ
1566 2005 1649 2069 τίς
1687 2007 1835 2059 ὲστιν
1861 2009 1894 2076 ἡ

324 2094 559 2166 διαφορὰ
584 2094 650 2148 τὰ
675 2096 748 2166 μὴ
771 2095 1030 2160 ὡσαύτως
1051 2097 1240 2167 ἔχοντα
1271 2098 1412 2152 κατά
1441 2098 1529 2150 τὸν
1560 2098 1660 2167 τῆς
1685 2097 1898 2167 φύσεως

327 2186 486 2254 λόγον
533 2188 613 2249 είς
653 2187 1037 2259 ἀλλοτριότητα
1081 2186 1459 2260 διατέμνουσα.
1527 2189 1666 2242 Ἀλλ’
1695 2190 1793 2242 οὐκ
1820 2190 1899 2252 εἰς

327 2278 585 2331 πολύθεον
603 2279 832 2351 ἀριθμὸν
857 2282 891 2351 ἡ
913 2280 1115 2346 πίστις,
1141 2279 1220 2344 εἷς
1246 2282 1302 2335 δὲ
1324 2282 1454 2344 Θεὸς
1477 2284 1505 2335 6
1531 2283 1738 2352 Πατὴρ,
1765 2284 1897 2336 ἁνα-

328 2366 604 2432 ϐαίνοντος
630 2372 710 2433 είς
755 2371 979 2440 ἑνότητα
1007 2373 1104 2443 τὴν
1135 2375 1271 2443 πρὸς
1304 2374 1467 2428 αὐτὸν
1498 2373 1589 2427 τοῦ
1620 2373 1773 2439 Υίοῦ,
1799 2374 1897 2443 δῆ-

326 2456 414 2511 λον
435 2458 492 2511 δὲ
535 2458 615 2514 ὅτι
648 2462 741 2514 καὶ
770 2462 862 2515 τοῦ
924 2464 1079 2533 ἁγίου
1116 2465 1429 2536 Πνεύματος
1453 2482 1466 2495 ’
1507 2467 1659 2520 οὐδὲν
1703 2466 1811 2537 ἄρα
1839 2468 1900 2521 τὸ

328 2550 690 2623 κατηγόρημα
715 2553 897 2607 λοιπὸν
926 2557 983 2609 ἐν
1012 2557 1144 2627 Υίῷ.
1198 2558 1320 2622 Πῶς
1351 2560 1460 2631 γὰρ
1488 2560 1566 2614 ἔτι
1592 2560 1652 2614 τὸ
1678 2561 1897 2615 ἔλαττον

325 2640 627 2707 ὲπιδέξεται
654 2646 735 2708 είς
772 2646 995 2715 ἑνότητα
1024 2647 1099 2718 τῷ
1140 2649 1328 2720 τελείῳ
1358 2652 1550 2723 Πατρὶ,
1580 2654 1673 2706 καὶ
1701 2655 1781 2717 είς
1806 2655 1899 2709 οὐ·

328 2731 445 2794 σίας
473 2730 789 2805 ταυτότητα
813 2737 1097 2808 ἑνούμενος
1129 2738 1371 2806 φυσικῶς
1399 2759 1413 2806 ;

396 2821 599 2876 AAAU.
655 2826 719 2879 Εί
749 2826 1021 2898 πλήρωμά
1052 2832 1196 2883 ἐστιν
1227 2833 1255 2884 6
1284 2832 1409 2894 Υἱός
1429 2850 1442 2864 ·
1478 2853 1495 2884 ι
1525 2835 1632 2887 ἀπὸ
1661 2836 1767 2906 γὰρ
1806 2838 1899 2890 τοῦ

330 2912 691 2985 πληρώματος
709 2918 871 2971 αὑτοῦ
897 2921 1088 2983 πάντες
1103 2922 1541 2993 ἡμεῖς’ὲλάϐομεν
1558 2940 1570 2954 ·
1584 2945 1601 2975 ι
1630 2926 1769 2979 κατὰ
1780 2927 1901 2979 τίνα

328 3005 529 3075 τρόπον
574 3006 634 3059 τὸ
658 3007 877 3061 ἔλαττον
915 3008 1251 3077 ὲπιδέξεται;
1298 3013 1612 3083 Ἀσὺμϐατα
1638 3016 1748 3087 γὰρ
1777 3017 1897 3070 καθ’

327 3094 388 3149 ἓν
416 3114 466 3149 τι
500 3096 559 3149 τὸ
589 3098 945 3168 ὑποκείμενον
978 3103 1035 3153 ἐν
1070 3087 1253 3173 ,τἀυτῷ
1284 3104 1352 3156 τὰ
1388 3105 1637 3176 ἀλλήλοις
1659 3108 1896 3161 ἐναντία.

2000 634 2143 689 l'ecte
2183 634 2511 704 sapientem,
2552 647 2661 686 non
2707 632 2943 702 perfecte
2971 639 3270 701 potentem,
3304 645 3414 685 non
3442 646 3564 700 per-

1999 725 2140 780 fecte
2183 725 2380 788 lucem,
2412 739 2520 778 non
2552 724 2787 793 perfecte
2826 725 3134 787 veritatem,
3170 738 3280 777 non
3324 719 3569 791 perfecte

1995 819 2234 887 justum,
2278 818 2373 873 sed
2418 832 2519 872 nec
2555 817 2779 887 perfecti
2813 818 3063 883 consilii,
3096 818 3143 873 si
3195 815 3442 887 profecto
3495 829 3563 869 ex

1996 926 2064 966 eo
2105 910 2252 981 quod
2294 910 2475 964 minor
2504 909 2598 973 sit,
2636 924 2745 964 non
2777 910 3024 963 videatur
3054 908 3225 964 Filius
3264 906 3563 978 perfectus,

1999 1003 2093 1073 qui
2119 1002 2299 1056 omnia
2329 1003 2441 1057 haec
2463 1010 2549 1057 est
2575 1002 2698 1071 ipsi.
2719 1002 2883 1071 Atqui
2913 1002 3014 1055 hoc
3035 1000 3221 1056 dicere
3242 1009 3335 1055 aut
3361 1000 3565 1055 sentire

1998 1100 2083 1145 est
2117 1092 2366 1161 impium.
2399 1091 2682 1147 Perfectus
2712 1100 2892 1146 autent
2939 1100 3026 1145 est
3079 1089 3265 1154 Pater,
3315 1098 3567 1161 propter-

1999 1198 2062 1237 ea
2120 1183 2265 1252 quod
2312 1183 2474 1237 habet
2530 1183 2716 1237 omnia
2766 1184 2819 1236 in
2863 1183 3047 1252 seipse
3079 1183 3357 1253 perfecte:
3388 1181 3568 1251 perfe-

2001 1288 2124 1333 ctus
2178 1279 2343 1347 igitur
2388 1288 2472 1333 est
2519 1294 2738 1347 quoque
2769 1275 2961 1341 Filius,
2994 1277 3259 1347 sapientia
3289 1284 3344 1330 et
3370 1275 3564 1339 virtus,

2003 1371 2093 1423 lux
2140 1378 2196 1425 et
2249 1372 2469 1429 veritas.
2505 1370 2717 1439 justitia
2764 1379 2819 1424 et
2872 1368 3162 1423 consiliutn
3212 1367 3411 1422 Patris.
3461 1366 3567 1432 Qui

2002 1471 2182 1516 autem
2221 1465 2273 1517 in
2307 1479 2407 1517 suo
2435 1461 2595 1516 Patre
2628 1460 3021 1531 perfectionem
3053 1460 3262 1531 implet,
3291 1457 3568 1530 quomodo

2004 1558 2180 1609 minor
2208 1556 2585 1625 intelligatur?

2070 1644 2302 1701 ALIUD.
2342 1647 2400 1700 Si
2438 1647 2623 1701 minor
2653 1661 2781 1702 cum
2814 1646 2888 1701 sit
2927 1644 3039 1699 Deo
3072 1658 3135 1699 ac
3166 1641 3324 1698 Patre
3350 1642 3567 1708 Filius,

2002 1736 2267 1791 adoratur
2293 1751 2323 1790 a
2358 1736 2516 1791 nobis
2558 1746 2611 1790 et
2646 1737 2853 1789 sanctis
2878 1735 3107 1805 angelis,
3137 1734 3276 1787 duos
3308 1733 3445 1787 Deos
3476 1746 3568 1788 ro-

2002 1829 2113 1882 lere
2146 1828 2638 1898 deprchendemur,
2667 1827 2935 1896 siquidem
2973 1827 3026 1879 in
3060 1834 3271 1879 natura:
3309 1825 3572 1879 identita-

2003 1931 2108 1973 tem
2140 1934 2419 1988 nunquam
2444 1919 2717 1974 coalescet
2743 1917 3125 1987 imperfectum
3156 1932 3277 1970 cum
3304 1917 3566 1986 perfecto.

1999 2008 2231 2062 Maxima
2258 2016 2547 2063 autemest
2577 2007 2886 2061 dilTerentia
2924 2022 3043 2074 ιιιιίο
3076 2020 3164 2059 res
3199 2005 3341 2058 inter
3372 2020 3431 2058 se
3475 2020 3572 2057 na-

1999 2108 2122 2151 tura
2157 2098 2407 2152 diversas
2441 2105 2681 2167 separat.
2717 2098 2885 2166 Atqui
2922 2097 3057 2150 fides
3099 2103 3284 2149 nostra
3320 2095 3569 2148 multitu-

1998 2188 2195 2252 dinem,
2216 2188 2451 2243 Deorum
2492 2205 2599 2242 non
2626 2188 2907 2250 admittit,
2960 2188 3053 2241 sed
3104 2203 3247 2240 unus
3292 2194 3378 2240 est
3428 2185 3571 2240 Deus

2000 2279 2193 2345 Pater,
2219 2282 2272 2334 in
2304 2283 2566 2335 unitatem
2596 2297 2718 2335 cum
2745 2282 2863 2351 ipso
2893 2280 3229 2335 ascendente
3253 2279 3393 2333 Filio
3417 2280 3574 2333 nimi-

2000 2390 2120 2427 rum
2146 2415 2159 2439 ,
2194 2382 2248 2427 et
2293 2384 2488 2429 sancto
2517 2374 2745 2443 Spiritu.
2780 2372 2923 2426 Nihil
2949 2386 3080 2441 ergo
3120 2372 3365 2425 deterius
3399 2378 3483 2425 est
3517 2369 3571 2423 in

2000 2464 2161 2520 Filio.
2196 2464 2482 2531 Quomodo
2514 2466 2657 2519 enim
2693 2465 2911 2518 tandem
2945 2465 3126 2517 minor
3154 2464 3289 2525 erit,
3322 2462 3415 2532 qui
3450 2462 3573 2516 uni-

2001 2566 2114 2612 tate
2149 2558 2391 2627 perl‘ecto
2427 2558 2573 2611 Patri
2626 2563 2679 2611 et
2734 2556 3021 2611 identitate
3052 2554 3376 2611 substantia:
3412 2562 3572 2609 natu-

2003 2647 2192 2701 raliter
2226 2647 2455 2701 unitur?

2072 2823 2298 2878 ALIUD.
2340 2823 2396 2877 Si
2431 2823 2713 2892 plenitudo
2747 2831 2830 2877 est
2856 2820 3029 2876 Filius
3063 2822 3108 2893 (ι
3133 2823 3201 2877 de
3234 2820 3581 2891 plenitudine-

2003 2916 2148 2970 enim
2170 2915 2291 2984 ejus
2320 2931 2510 2970 omnes
2531 2916 2847 2985 accepimus
2865 2916 2942 2967 “o
2968 2919 3007 2980 l,
3029 2930 3266 2984 quonam
3285 2914 3449 2970 modo
3470 2916 3573 2970 mi-

2004 3023 2109 3062 nus
2142 3007 2357 3078 capiet?
2392 3007 2681 3062 Contraria
2712 3007 2859 3061 enim
2895 3007 2949 3059 in
2980 3021 3090 3059 uno
3119 3007 3372 3076 subjecto
3405 3007 3571 3062 simul

2002 3109 2055 3154 et
2087 3100 2279 3154 eodem
2307 3108 2553 3168 tempore
2585 3098 2891 3154 consistere
2920 3110 3219 3166 nequeunt.

395 3186 597 3241 AAAO.
650 3190 715 3241 Εἰ
744 3188 804 3241 τὸ
826 3189 1046 3244 ἔλαττον
1075 3192 1214 3262 ἔχων
1242 3196 1271 3247 6
1301 3193 1426 3259 Υίὸς
1455 3197 1523 3249 τὰ
1550 3197 1727 3251 πάντα
1758 3200 1895 3269 πλη-

2071 3188 2300 3244 ALIUD.
2334 3188 2391 3243 Si
2415 3204 2537 3244 cum
2567 3188 2750 3243 minus
2776 3190 2972 3243 habeat
3004 3188 3197 3255 Filius,
3230 3190 3419 3261 implet
3448 3191 3569 3245 ιιιιί-

330 3279 435 3349 poi,
466 3277 568 3331 ποῦ
598 3280 834 3351 χωρήσει
879 3282 930 3334 τὸ
965 3283 1146 3351 μεῖζον
1176 3284 1269 3337 τοῦ
1303 3287 1554 3357 Πατρόςς
1606 3290 1900 3361 Εἰρήσεται

327 3370 435 3443 γὰρ
459 3372 549 3424 καὶ
573 3371 1049 3443 σωματικώτερον,
1067 3375 1142 3436 ὼς
1164 3377 1220 3430 ὲν
1241 3378 1680 3449 παραδείγματος
1696 3382 1897 3455 τρόπῳ,

328 3460 621 3532 νοουμένης
651 3462 848 3533 ἑτέρως
874 3463 969 3534 τῆς
991 3466 1049 3518 ἐν
1075 3466 1386 3536 ἀσωμάτοις
1413 3470 1682 3542 ὑπεροχῆς
1714 3490 1770 3526 τε
1810 3478 1903 3529 καὶ

329 3551 691 3617 ἐλαττώσεως.

402 3643 603 3697 ΔΛΛΟ.
644 3643 707 3697 Ei
741 3643 803 3697 τὸ
830 3646 971 3717 ὑπὲρ
1017 3649 1123 3701 πᾶν
1150 3648 1321 3720 ὄνομα
1348 3651 1496 3706 ἐστιν
1546 3656 1573 3707 6
1602 3654 1753 3720 Θεὸς,
1784 3652 1902 3709 εἶτα

330 3732 519 3786 τούτου
562 3734 891 3806 κληρονόμος
924 3737 1183 3809 ὑπάρχων
1209 3743 1237 3794 6
1271 3742 1395 3807 Υἱὸς
1440 3746 1541 3798 οὐκ
1577 3746 1692 3817 ἔχει
1722 3748 1783 3800 τὸ
1813 3750 1903 3802 τέ·

331 3824 471 3888 λειος
502 3820 638 3878 εἶναι
665 3826 753 3881 διὰ
779 3829 840 3880 τὸ
866 3828 1086 3884 ἔλαττον
1104 3873 1118 3896 ,
1166 3833 1286 3886 οὐδὲ
1312 3836 1369 3887 ὲν
1402 3836 1501 3907 [αι.
1529 3839 1679 3893 οὐδὲν
1709 3840 1789 3913 ἐν]
1827 3841 1902 3911 τῷ

332 3916 472 3987 ὑπὲρ
512 3917 687 3972 πάντα
727 3919 789 3973 τὸ
820 3921 961 3991 μέγα
991 3938 1005 3952 ⁸
1047 3924 1206 3977 τοῦτο
1248 3924 1307 3978 δέ
1356 3928 1472 3981 ἐστι
1522 3930 1673 3993 Θεός.
1744 3933 1903 3986 Ἀλλὰ

329 4007 486 4061 τοῦτο
513 4009 711 4064 ἄτοπον
735 4011 767 4081 ἢ
797 4016 1011 4083 φρονεῖν
1054 4014 1087 4084 ἢ
1112 4014 1287 4083 λέγειν
1307 4032 1323 4047 ο
1354 4018 1561 4084 τέλειος
1606 4022 1714 4092 ἄρα
1755 4024 1901 4077 ἐστὶν

330 4102 360 4153 6
392 4100 538 4164 Υἱὸς,
564 4102 637 4166 ὡς
672 4104 810 4175 ὑπὲρ
839 4107 945 4158 πᾶν
968 4107 1159 4177 ὄνομα,
1198 4109 1289 4163 καὶ
1316 4105 1466 4174 Θεός.

401 4192 603 4248 ΑΛΛυ.
632 4194 695 4246 Εἰ
731 4196 763 4265 ἡ
793 4195 909 4248 θεία
938 4196 1099 4266 φύσις
1123 4200 1185 4252 οὐ
1216 4205 1551 4263 πεπόσωται,
1587 4204 1901 4273 συμϐαίνειν

328 4282 387 4337 δὲ
413 4280 519 4338 οἶδε
551 4285 611 4337 τὸ
637 4284 850 4338 ἔλαττον
878 4288 935 4341 ὲν
970 4291 1186 4353 ποσοῖς,
1230 4291 1346 4354 πῶς
1374 4291 1440 4345 ἂν
1469 4293 1702 4348 ἐλάττων
1732 4299 1903 4349 νοοῖτο

333 4370 473 4429 κατὰ
499 4373 658 4445 φύσιν
684 4376 942 4447 ὑπάρχων
966 4378 1099 4444 Θεὸς
1139 4383 1167 4434 6
1194 4380 1322 4444 Υἱός
1348 4398 1362 4446 ;
1408 4384 1469 4435 οὐ
1516 4385 1625 4453 γὰρ
1660 4385 1765 4451 ἔξω
1808 4387 1902 4440 τοῦ

332 4468 500 4521 ποσοῦ
546 4470 817 4533 κείσεται,
871 4469 975 4524 κᾶν
1021 4472 1097 4536 ὼς
1147 4473 1283 4545 πρὸς
1320 4475 1539 4547 Πατέρα
1585 4478 1646 4530 τὸ
1686 4478 1904 4533 ἔλαττον

331 4556 561 4627 λέγωσιν
586 4557 731 4629 ἔχειν
768 4559 946 4616 αὐτόν.

404 4734 604 4788 ΛΛΛΟ.
640 4734 698 4787 '0
718 4734 986 4807 μακάριος
1010 4737 1260 4811 Ἰωάννης
1287 4742 1411 4813 περὶ
1442 4742 1533 4796 τοῦ
1557 4743 1685 4797 Υίοῦ
1713 4763 1896 4817 φησιν,

332 4826 415 4879 ὅτι
463 4846 482 4877 ι
506 4828 627 4881 Οὐκ
644 4829 706 4881 ὲκ
743 4829 941 4900 μέτρου
968 4830 1148 4884 δίδωσι
1172 4832 1232 4885 τὸ
1265 4834 1511 4905 Πνεῦμα,
1540 4856 1558 4888 ι
1600 4841 1711 4901 τοῖς
1734 4839 1903 4904 ἀξίοις

329 4916 550 4988 δηλαδή.
599 4918 729 4972 Ὅτε
772 4920 948 4975 τοίνυν
984 4921 1186 4992 μέτρον
1226 4923 1326 4977 οὐκ
1370 4924 1514 4978 ἔστιν
1550 4928 1608 4979 ἐν
1656 4928 1734 4997 τῷ
1766 4928 1899 5000 Υιῷ,

331 5007 640 5079 ἀμέτρητος
676 5010 782 5081 ἄρα
808 5010 925 5064 ἐστὶ
945 5053 960 5074 ,
1006 5013 1102 5066 καὶ
1132 5015 1311 5067 πᾶσαν
1337 5017 1639 5071 ἀναϐαίνων
1666 5020 1903 5089 κατάλη-

330 5098 426 5169 ψιν
451 5098 548 5171 τὴν
573 5101 631 5153 ὲν
652 5099 800 5171 ποσῷ
827 5103 1120 5175 νοουμένην
1140 5102 1217 5168 ὡς
1237 5104 1386 5168 Θεός.
1412 5107 1531 5170 Πῶς
1548 5103 1641 5161 οὖν
1665 5110 1901 5165 ἐλάττων

330 5192 361 5243 6
390 5191 465 5261 μὴ
508 5191 872 5264 μετρούμενος
892 5209 907 5257 ;

402 5280 604 5333 AAAU.
666 5280 729 5333 El
773 5281 1011 5335 ἐλάττων
1060 5282 1206 5337 ἐστὶν
1251 5286 1279 5338 ό
1312 5285 1473 5349 Υἱὸς,
1527 5288 1725 5357 μείζων
1773 5290 1828 5343 δὲ
1873 5292 1903 5344 ό

332 5371 552 5441 Πατὴρ,
599 5371 869 5441 διαφόροις
920 5372 1158 5443 δηλονότι
1208 5375 1314 5443 ,καὶ
1367 5376 1770 5444 ἀναλογούντως
1822 5374 1903 5441 οἷς

330 5464 559 5528 ἕκαστος
596 5464 709 5536 ἔχει
746 5467 965 5538 μέτροις
995 5471 1348 5541 ὲνεργὴσουσι
1378 5473 1507 5543 περὶ
1537 5473 1626 5525 τὸν
1655 5476 1733 5537 είς
1757 5477 1905 5546 ἡμᾶς

335 5556 622 5625 ἁγιασμόν.
662 5556 768 5611 Καὶ
792 5560 1007 5627 ἀγιάσει
1041 5562 1137 5631 μὲν
1169 5562 1429 5632 μειζόνως
1450 5566 1479 5617 6
1512 5565 1721 5637 Πατὴρ,
1750 5567 1903 5622 ἐλατ-

333 5646 499 5711 τόνως
535 5648 591 5702 δὲ
614 5652 708 5705 καὶ
740 5648 862 5704 καθ’
910 5654 1099 5707 ἑαυτὸν
1120 5658 1148 5708 6
1178 5654 1323 5719 Υἱός.
1361 5654 1552 5710 Ἔσται
1610 5660 1897 5731 τοιγαροῦν

436 5824 486 5857 δ’
510 5824 669 5883 Joan.
697 5845 735 5890 ι.
773 5831 862 5886 16.
943 5833 989 5864 δ’
1012 5832 1147 5888 Joan
1198 5850 1280 5896 ιιι,
1314 5837 1402 5891 54.

646 5924 912 5989 ΡΑΤιιοι..
961 5928 1074 5989 Gn.
1125 5926 1377 5992 LXXIII.

2004 3298 2163 3338 versa
2192 3302 2204 3337 :
2244 3282 2463 3337 ubinam
2491 3282 2668 3351 major
2696 3280 2996 3347 illa_Patris
3021 3283 3301 3351 capacitas
3330 3284 3569 3337 colloca-

2004 3375 2191 3429 hitur?
2237 3372 2446 3428 Licebit
2474 3373 2621 3427 enim
2646 3372 2879 3443 exempli
2918 3387 3085 3428 causa
3115 3374 3275 3444 quasi
3304 3374 3373 3428 de
3406 3375 3570 3430 rebus

2004 3466 2285 3535 corporeis
2316 3465 2388 3519 ita
2419 3464 2590 3533 loqui,
2612 3478 2941 3518 cumrerum
2969 3463 3422 3532 incorporearum
3452 3478 3567 3518 ma-

2004 3559 2235 3628 guitudo
2262 3566 2315 3612 et
2345 3556 2660 3612 imminutio
2687 3556 2848 3610 aliter
2878 3556 3239 3625 intelligatur.

2075 3645 2307 3703 ALIUD.
2340 3649 2396 3703 Si
2418 3648 2564 3718 quod
2591 3660 2677 3703 est
2704 3662 2870 3717 super
2890 3661 3051 3701 omne
3073 3662 3269 3709 nomen
3293 3646 3438 3702 Deus
3463 3658 3565 3710 εει,

2002 3751 2057 3797 ει
2090 3742 2253 3811 hujus
2297 3741 2471 3795 ltaares
2514 3755 2639 3795 cum
2670 3738 2743 3792 sit
2768 3737 2938 3792 Filius
2958 3779 2972 3802 ,
3000 3736 3278 3807 perfectus
3306 3754 3430 3794 esse
3460 3756 3567 3794 non

2005 3841 2183 3902 potest
2205 3831 2332 3901 quia
2370 3831 2549 3885 minor
2582 3846 2594 3880 :
2646 3844 2768 3883 esse
2801 3844 2969 3897 super
2999 3829 3183 3883 omnia
3220 3829 3356 3883 nihil
3387 3833 3568 3899 magni

2002 3936 2085 3979 est
2112 3963 2126 3987 ,
2176 3924 2281 3976 hoc
2326 3931 2505 3976 autem
2546 3928 2631 3976 est
2676 3920 2841 3975 Deus.
2885 3920 2992 3974 Sed
3030 3922 3337 3975 absurdum
3371 3932 3455 3977 est
3492 3922 3568 3976 ita

2003 4016 2209 4071 sentire
2231 4022 2325 4067 aut
2350 4012 2534 4083 loqui:
2564 4012 2839 4081 perfectus
2873 4013 3039 4082 igitur
3058 4021 3142 4068 cst
3160 4010 3357 4077 Filius,
3382 4022 3571 4085 utpote

2005 4122 2170 4176 super
2200 4120 2362 4158 omne
2398 4119 2593 4158 nomen
2617 4141 2631 4164 ,
2664 4112 2719 4157 ct
2749 4102 2916 4157 Deus.

2072 4196 2301 4253 ALIUD.
2331 4196 2387 4250 Si
2406 4204 2601 4251 natura
2624 4194 2807 4249 divina
2826 4194 3151 4263 quantitatis
3173 4202 3256 4249 est
3271 4208 3490 4263 expers.
3513 4203 3568 4248 et

2005 4294 2060 4347 in
2096 4292 2258 4346 rebus
2289 4289 2584 4356 aliquantis
2615 4287 2797 4341 minus
2824 4287 3048 4355 reperiri
3081 4287 3259 4341 solet:
3293 4286 3569 4355 quomodo

2004 4384 2185 4437 minor
2206 4380 2548 4448 intelligatur
2571 4376 2875 4432 secundum
2907 4384 3158 4429 naturam
3190 4373 3361 4431 Filius
3381 4415 3396 4440 ,
3426 4375 3571 4431 Deus

2005 4489 2129 4528 cum
2186 4472 2312 4526 sit?
2378 4469 2494 4524 Non
2550 4469 2696 4523 enim
2754 4468 3079 4537 quantitatis
3138 4482 3335 4536 expers
3409 4468 3513 4522 erit
3549 4508 3567 4532 ,

2006 4565 2259 4635 quamvis
2303 4572 2551 4632 respectu
2590 4559 2768 4615 Patris
2804 4558 2986 4613 minus
3021 4558 3224 4614 habere
3266 4559 3444 4629 ipsum
3485 4559 3569 4614 di-

2004 4666 2151 4712 cant.

2075 4743 2306 4800 ALIUD.
2339 4744 2535 4800 Beatus
2562 4742 2803 4798 Joannes
2836 4742 2904 4797 dc
2929 4739 3069 4796 Filio
3107 4741 3213 4811 32
3253 4742 3363 4808 ait,
3400 4760 3421 4793 ι
3456 4756 3568 4796 non

2006 4837 2073 4890 ad
2098 4849 2410 4890 mensuram
2442 4835 2573 4888 dare
2603 4832 2871 4904 Spiritum
2891 4832 2935 4863 ⁵⁷
2965 4851 2985 4884 ι
3010 4871 3026 4896 ,
3052 4831 3252 4903 ldignis
3281 4832 3563 4886 nimirum.

2004 4928 2141 4982 Cum
2187 4941 2317 4996 ergo
2364 4940 2624 4980 mensura
2668 4938 2778 4978 non
2834 4923 2907 4979 sit
2947 4922 3004 4976 in
3044 4921 3219 4989 Filio,
3263 4923 3566 4976 immensus

2002 5028 2090 5074 est
2120 5018 2307 5088 igitur,
2339 5024 2393 5070 et
2418 5031 2636 5070 onmem
2672 5016 2997 5084 quantitatis
3016 5012 3562 5083 comprehensionem

2003 5119 2227 5182 superat
2276 5116 2460 5179 utpote
2511 5107 2654 5162 Deus
2698 5124 2712 5161 :
2754 5106 3031 5176 quomodo
3070 5118 3203 5174 ergo
3249 5102 3430 5157 minor
3483 5112 3570 5156 est

2002 5207 2095 5261 ille
2123 5205 2214 5273 qui
2246 5216 2504 5257 mensura
2546 5214 2653 5254 non
2688 5201 2943 5269 capitur?

2074 5292 2306 5348 ALIUD.
2335 5291 2394 5346 Si
2427 5292 2606 5346 ntinor
2637 5290 2832 5353 Filius,
2859 5288 3033 5357 major
3059 5294 3241 5341 autem
3271 5284 3434 5341 Pater
3460 5296 3567 5350 est,

2004 5388 2222 5442 diverse
2252 5384 2511 5439 nimirum
2540 5398 2639 5437 nec
2663 5381 2830 5436 simili
2856 5380 3073 5433 ratione
3099 5392 3196 5447 pro
3218 5393 3321 5433 suo
3335 5378 3569 5449 quisque

2005 5477 2166 5533 modo
2199 5474 2690 5530 sanctiﬁcationem
2725 5481 2969 5526 nostram
3000 5471 3285 5541 perficient
3314 5488 3328 5525 :
3371 5474 3426 5524 et
3456 5485 3574 5523 ma-

2002 5570 2085 5641 gis
2126 5567 2345 5638 quidem
2398 5564 2559 5619 Pater
2599 5560 2995 5626 sanctificahit,
3034 5562 3218 5617 minus
3255 5570 3471 5622 autem,
3504 5574 3569 5613 ac

2006 5676 2102 5733 pro
2134 5674 2236 5715 suo
2258 5656 2480 5714 modulo
2506 5654 2703 5711 Filius.
2739 5651 2853 5708 Erit
2881 5654 3049 5727 igitur
3086 5650 3325 5725 Spiritus
3348 5664 3569 5724 quoque

3132 5925 3171 5987 2
