4168 6572
602 383 671 439 ιιὸ
1588 373 1643 427 S.
1675 367 1955 428 CYRllJJ
1989 362 2464 419 AL-EXANDRlNl
2501 362 2825 419 ARCHIEP.
3777 362 3851 418 ιι

603 497 839 564 dup.ex,
890 502 941 548 et
990 492 1171 548 minor
1205 489 1424 561 quidem
1460 487 1513 540 in
1560 485 1698 539 Filio
1724 524 1737 548 ,
1784 483 1880 538 sed
1921 483 1976 535 in
2016 479 2182 533 Patre

2312 478 2379 531 :al.
2408 477 2468 531 τὸ
2493 478 2716 547 Πνεῦμα
2743 474 2980 541 διπλοῦν,
3019 476 3111 528 καὶ
3149 477 3299 546 μεῖον
3335 474 3436 546 μὲν
3467 475 3524 529 ἐν
3558 474 3692 546 Υίῷ,
3731 479 3856 546 μεῖ*

608 587 806 655 major.
857 584 921 637 lit
971 583 1209 654 perfecte
1238 580 1459 651 quidem
1494 575 1989 632 sanctiﬁcabuntur
2018 572 2107 640 qui
2148 584 2179 621 a

607 676 801 740 Patre,
851 689 912 728 ac
952 674 1189 727 vicissim
1243 687 1348 724 non
1390 668 1631 739 perfecte
1677 666 1773 736 qui
1818 678 1915 734 per
1960 662 2176 716 Filium.

609 766 772 835 Atqui
805 764 970 817 multa
1003 771 1086 816 est
1134 761 1187 813 in
1226 760 1314 813 his
1352 759 1627 811 rationum
1660 753 1993 810 absurditas.
2025 750 2182 806 Unus

609 858 753 912 enim
778 866 862 909 est
889 860 1116 908 sanctus
1146 848 1407 920 Spiritus.
1439 862 1544 900 uua
1579 856 1634 900 et
1660 844 1905 915 perfecta
1936 841 2181 897 sanctifi-

609 952 787 1011 catio,
817 962 937 1017 qua:
983 962 1013 998 a
1061 946 1218 998 Patre
1255 960 1352 1014 per
1383 942 1582 995 Filium
1617 938 1942 993 naturaliter
1970 934 2181 1006 pnebe-

609 1051 720 1094 tur.
758 1040 872 1092 Non
917 1053 1047 1107 ergo
1090 1036 1267 1089 minor
1307 1035 1511 1102 estqui
1560 1030 1808 1085 eamdem
1844 1028 2004 1082 habet
2057 1039 2182 1079 cum

609 1130 852 1200 perfecto
876 1127 1036 1180 Patre
1055 1124 1455 1195 operationem,
1484 1120 1688 1190 quique
1717 1118 1894 1171 Patris
1920 1115 2183 1185 Spiritum

611 1221 813 1284 habet,
843 1226 1054 1273 natura:
1087 1232 1199 1270 sua:
1232 1216 1459 1275 bouum,
1487 1214 1758 1266 virentem
1794 1225 1856 1263 ac
1882 1208 2185 1263 subsisten-

614 1325 743 1377 tem,
786 1308 1240 1381 quemadmodum
1276 1320 1470 1375 nempe
1493 1314 1545 1357 et
1576 1301 1760 1354 Pater.

684 1401 917 1458 ALIUD.
975 1419 993 1452 ι
1029 1399 1087 1454 Si
1130 1400 1184 1454 in
1231 1398 1405 1453 forma
1451 1404 1505 1449 et
1547 1392 1859 1461 :equalitate
1896 1386 2134 1442 Patris“
2161 1403 2181 1437 ι

615 1504 730 1551 erat
786 1494 1001 1555 Filius,
1054 1492 1208 1561 juxta
1270 1488 1423 1542 Pauli
1487 1484 1856 1543 sententiam,
1913 1478 2188 1550 quomodo

618 1590 797 1642 minor
823 1587 942 1657 ipso
968 1585 1085 1638 est?
1109 1582 1228 1637 Non
1258 1582 1403 1636 enim
1433 1588 1580 1634 certe
1606 1573 2003 1631 incarnationis
2027 1571 2187 1632 ratio,

2287 569 2379 633 ζον
2411 568 2466 621 δὲ
2514 569 2572 621 ἐν
2601 568 2795 638 Πατρί.
2854 566 2964 620 Καὶ
2993 566 3212 630 τελείως
3244 567 3340 636 μὲν
3382 568 3429 619 oi
3468 566 3618 636 παρᾶ
3647 565 3861 637 Πατρδς

2282 660 2705 730 ἁγιασθήσονται
2722 702 2744 724 ο
2771 658 2832 711 ού
2852 657 3071 721 τελείως
3096 658 3153 710 δὲ
3172 656 3334 710 πάλιν
3356 657 3405 708 oi
3433 657 3499 709 δι’
3522 655 3673 709 Υἰοῦ.
3700 653 3860 709 Ἀλλὰ

2284 750 2451 820 πολλή
2483 750 2567 813 τίς
2600 750 2746 801 ἐστιν
2782 749 2839 800 ὲν
2877 749 3088 811 τούτοις
3130 747 3295 819 ἡτῶν
3342 746 3617 816 λογισμῶν
3639 746 3857 799 ἀτοπία.

2289 841 2387 895 Ἐν
2437 841 2546 913 γὰρ
2589 841 2649 893 τὸ
2696 840 2918 910 Πνεῦμα
2954 839 3012 893 τὸ
3048 840 3201 907 ἅγιόν
3240 841 3422 901 ἔστιν,
3470 835 3549 902 εἷς
3577 840 3630 892 δὲ
3659 839 3861 901 τέλειος

2284 931 2585 999 ἁγιασμὸς,
2630 930 2781 1000 παρὰ
2812 929 3023 997 Πατρὺς
3054 930 3121 981 δι’
3146 929 3275 981 Υίοῦ
3322 929 3565 997 φυσικῶς
3599 928 3864 998 χορηγούς

2289 1039 2446 1093 μενος
2472 1042 2483 1054 -
2511 1024 2612 1076 οὐκ
2639 1021 2747 1092 ἄρα
2777 1022 3015 1074 ἐλάττων
3037 1021 3183 1073 ἐστὶν
3212 1023 3240 1073 6
3267 1021 3365 1091 τὴν
3390 1020 3557 1090 αὐτὴν
3588 1020 3864 1089 ἐνέργειαν

2286 1113 2422 1183 ἔχων
2468 1112 2545 1184 τῷ
2589 1113 2781 1184 τελείῳ
2834 1115 3044 1185 Πατρὶ,
3102 1114 3195 1166 καὶ
3249 1112 3311 1164 τὸ
3364 1110 3458 1166 τοῦ
3508 1111 3867 1179 γεννήσαντος

2287 1202 2513 1274 Πνεῦμα
2541 1204 2757 1272 φύσεως
2785 1205 2917 1268 ἰδίας
2948 1204 3086 1274 ἔχων
3125 1204 3354 1272 ἀγαθὸν,
3388 1203 3525 1267 ζῶν,
3554 1202 3649 1255 καὶ
3674 1202 3869 1255 ὲνυπό-

2290 1313 2506 1361 στατον,
2533 1295 2724 1367 ὥσπερ
2747 1292 2838 1350 οῦν
2867 1296 3057 1366 ἀμέλει
3089 1296 3183 1350 καὶ
3217 1298 3246 1349 6
3278 1296 3487 1366 Πατήρ.

2359 1388 2563 1441 ΑΛΛΟ.
2598 1388 2659 1439 Εἰ
2702 1406 2720 1438 ι
2749 1389 2806 1441 ὲν
2840 1390 3022 1459 μορφῇ
3090 1388 3184 1440 καὶ
3230 1388 3436 1457 ἰσότητι
3462 1384 3555 1439 τοῦ
3596 1385 3805 1457 Πατρὸς
3840 1405 3859 1435 ι

2291 1476 2537 1548 ὑπῆρχεν
2573 1476 2601 1528 6
2650 1475 2775 1539 Υἱὸς
2813 1475 2955 1529 κατὰ
2994 1476 3093 1548 τὴν
3130 1474 3223 1528 τοῦ
3254 1474 3464 1527 Παύλου
3495 1475 3709 1551 (εωνὴν,
3751 1475 3870 1537 πῶς

2291 1566 2529 1619 ἐλάττων
2557 1565 2722 1619 αὐτοῦ
2752 1567 2934 1633 ὲστινς
2963 1568 3036 1620 Οὐ
3073 1567 3183 1638 γὰρ
3221 1567 3284 1638 δή
3322 1584 3424 1620 που
3455 1568 3552 1638 τῆς
3577 1567 3714 1638 μετὰ
3744 1584 3872 1637 σαρο

592 1691 667 1735 .et
720 1695 782 1735 ea
830 1693 951 1749 qua:
999 1676 1207 1731 dicitur
1264 1670 1578 1727 humiliatio
1633 1665 1903 1737 dignitate
1951 1661 2189 1717 naturali

2312 1659 2387 1721 ιὺς
2423 1658 2736 1749 οἰκονομίας
2767 1658 2797 1710 6
2823 1658 3014 1729 λόγος,
3064 1661 3159 1713 καὶ
3205 1661 3240 1730 ή
3273 1660 3359 1713 διὰ
3403 1660 3560 1713 τοῦτο
3600 1660 3869 1730 λεγομένη

618 1768 812 1826 Filium
848 1748 1099 1824 laudabit
1146 1780 1272 1821 cum
1323 1761 1571 1820 secundo
1621 1759 1860 1813 adventu
1913 1761 2191 1810 cessatura

2312 1748 2651 1814 ταπείνωσις,
2701 1748 2798 1802 τοῦ
2830 1751 2970 1804 κατὰ
3020 1750 3181 1820 φύσιν
3220 1751 3512 1822 προσόντος
3552 1750 3872 1819 ἀξιώματος

616 1868 706 1921 sit.
755 1886 773 1916 ι
818 1862 1012 1918 Veniet
1050 1879 1068 1911 ι
1127 1859 1273 1913 enim
1322 1855 1591 1916 omnino,
1639 1858 1699 1904 ut
1745 1864 1870 1904 eum
1921 1847 2191 1901 dicentem

2312 1840 2684 1911 ὶπογυμνὼσει
2736 1842 2826 1895 τδν
2861 1815 3214 1908 Υἱονξλύσιν
3253 1815 3450 1913 έχουσα
3480 1842 3580 1913 τὴν
3615 1815 3870 1911 δευτέραν

620 1956 931 2024 accepimus
957 1990 972 2015 ,
1026 1967 1047 2001 ι
1085 1948 1142 2002 in
1178 1946 1356 2018 gloria
1407 1943 1586 1996 Patris
1631 1939 1717 1996 sui
1742 1940 1809 1991 δ’.
1846 1956 1863 1989 ι
1909 1934 2193 2003 Quomodo

620 2049 787 2117 igitur
832 2046 889 2099 in
940 2041 1111 2115 gloria
1154 2047 1239 2095 est
1289 2036 1383 2091 Dei
1426 2034 1651 2096 Patris,
1701 2030 1799 2101 qui
1848 2029 2027 2083 minor
2077 2026 2195 2095 ipso

624 2137 737 2191 sit?

694 2308 922 2366 ALIUD.
956 2304 1241 2361 Invenitur
1282 2299 1484 2354 alicubi
1525 2312 1619 2367 per
1660 2309 1833 2348 unum
1876 2291 2196 2361 prophetam

628 2404 771 2459 Deus
795 2415 858 2455 ac
880 2400 1042 2452 Pater
1072 2396 1297 2451 dicere:
1334 2411 1351 2444 ι
1388 2390 1628 2446 Gloriam
1672 2401 1851 2442 meam
1891 2383 2048 2437 alteri
2089 2396 2197 2434 non

628 2496 771 2549 dabo
796 2495 866 2546 ⁵ο.
908 2510 926 2543 ι
968 2484 1340 2557 lnterrogandi
1368 2490 1496 2538 sunt
1526 2481 1694 2552 igitur
1719 2479 2030 2547 quicunque
2062 2472 2201 2525 Filio

630 2585 793 2657 impie
817 2581 1139 2643 detrahunt,
1173 2580 1283 2631 imo
1312 2591 1442 2630 vero
1476 2574 1623 2627 Patri
1660 2586 1756 2640 per
1779 2569 1958 2639 ipsum
1998 2583 2011 2618 :
2049 2585 2065 2616 ι
2100 2564 2201 2630 Qui

629 2656 775 2731 enim
810 2674 1008 2729 Filium
1045 2686 1152 2726 non
1192 2670 1462 2732 honorat,
1511 2666 1559 2720 is
1598 2678 1697 2718 nec
1727 2663 1946 2713 Patrem
1979 2656 2203 2727 quidem

645 2771 879 2823 honorat
901 2766 977 2831 In;
1010 2782 1028 2814 ι
1069 2772 1253 2816 utrum
1287 2758 1528 2819 tandem,
1550 2754 1709 2810 sicuti
1734 2752 2052 2808 existimant
2079 2748 2204 2818 ipsi,

640 2860 750 2913 Deo
793 2870 859 2910 ac
900 2854 1061 2908 Patre
1093 2852 1274 2905 minor
1305 2848 1580 2903 exsistens
1609 2842 1783 2897 Filius
1803 2882 1816 2906 ,
1846 2840 2209 2894 consubstan-

638 2950 790 3003 tialis
824 2948 899 3002 sit
946 2943 1094 3014 ipsi,
1131 2957 1198 2994 an
1237 2954 1369 2994 non.
1419 2938 1476 2993 Si
1514 2933 2035 2991 consubstantialem
2085 2946 2209 2986 esse

635 3042 826 3094 dlcunt
847 3076 861 3101 ,
891 3034 1023 3106 quid
1057 3034 1261 3088 frustra
1292 3030 1475 3086 minus
1504 3029 1553 3083 ei
1590 3024 1874 3081 tribuunt?
1903 3025 2033 3091 Quae
2062 3024 2207 3078 enim

2296 1933 2355 1997 ἐξ
2377 1932 2607 2003 ούρανοῦ
2632 1933 2951 2004 παρουσίαν.
2975 1933 3163 2000 «Ἥξει
3183 1953 3201 1986 ι
3230 1935 3338 2005 γὰρ
3362 1935 3596 1998 πάντως,
3613 1933 3689 1996 ὠς
3708 1933 3873 2001 ἡκού-

2300 2040 2475 2093 σαμεν
2506 2022 2781 2092 λέγοντος,
2822 2043 2840 2075 ι
2874 2025 2932 2078 ὲν
2954 2026 3020 2095 τῇ
3053 2024 3180 2096 δόξῃ
3221 2024 3315 2077 τοῦ
3359 2025 3569 2096 Πατρὸς
3620 2023 3803 2078 αὐτοῦ.
3840 2043 3863 2074 ι

2300 2115 2425 2177 Πῶς
2466 2110 2557 2169 οὖν
2600 2116 2737 2179 ὃλως
2780 2116 2839 2169 ὲν
2879 2118 2946 2187 τῇ
2998 2116 3125 2188 δόξῃ
3175 2116 3270 2170 τοῦ
3311 2116 3522 2189 Πατρὸς
3567 2117 3595 2169 6
3636 2115 3871 2169 ἐλάττων

2299 2206 2464 2260 αὑτοῦ
2493 2224 2507 2271 ;

2369 2299 2574 2352 AAAO.
2605 2298 2931 2369 Εύρίσκεταί
2981 2315 3077 2352 που
3123 2298 3293 2367 λέγων
3341 2298 3408 2352 δι’
3438 2299 3557 2363 ἐνὸς
3598 2300 3703 2352 τῶν
3738 2317 3872 2371 προ-

2303 2390 2489 2461 φητῶν
2506 2392 2533 2443 ό
2552 2390 2681 2453 Θεὸς
2704 2391 2797 2443 καὶ
2824 2391 3012 2462 Πατήρ
3039 2407 3052 2420 ·
3086 2410 3104 2441 ι
3132 2391 3240 2460 Τὴν
3271 2390 3428 2454 δόξαν
3468 2408 3569 2461 μου
3610 2391 3777 2462 ἑτέρῳ
3812 2392 3876 2443 οὐ

2303 2484 2481 2537 δώσω.
2525 2503 2545 2536 ι
2596 2483 2929 2554 Ἐρωτητὲον
2970 2481 3257 2553 τοιγαροῦν
3304 2482 3429 2545 τοὺς
3468 2483 3580 2535 ὅσοι
3622 2483 3712 2534 τὸν
3750 2480 3879 2534 Υἱδν

2304 2576 2660 2646 ἀτιμάζουσιν
2705 2574 2913 2639 ἁσεῦῶς
2939 2614 2953 2639 ,
3008 2573 3209 2645 μᾶλλον
3252 2573 3307 2625 δὲ
3348 2574 3415 2627 δι’
3454 2574 3620 2627 αὐτοῦ
3651 2576 3743 2628 καὶ
3788 2575 3882 2626 τὸν

2307 2670 2530 2741 Πατέρα
2551 2684 2564 2697 ·
2590 2688 2608 2720 ι
2632 2670 2688 2722 Ὀ
2706 2668 2811 2738 γὰρ
2840 2666 2915 2739 μὴ
2943 2667 3115 2733 τιμῶν
3134 2667 3226 2720 τὸν
3243 2667 3390 2734 Υἰὸν,
3408 2667 3525 2719 οὐδὲ
3548 2667 3635 2719 τὸν
3664 2666 3883 2738 Πατέρα

2308 2764 2443 2834 τιμᾷ
2473 2780 2518 2814 ἰ
2556 2761 2784 2830 πότερόν
2827 2777 2956 2813 ποτε
2978 2799 2995 2827 ,
3031 2759 3281 2830 καθάπερ
3325 2758 3685 2828 ὑπειλήφασιν
3709 2760 3882 2821 αὐτοὶ,

2318 2857 2413 2911 τοῦ
2444 2856 2579 2910 Θεοῦ
2630 2858 2723 2910 καὶ
2756 2855 2966 2925 Πατρδς
3012 2856 3247 2908 ἐλάττων
3274 2852 3348 2907 ῶν
3375 2855 3403 2907 ὁ
3429 2854 3574 2919 Υἱὸς,
3602 2853 3885 2925 ὁμοούσιός

2320 2950 2489 3011 ἐστιν,
2520 2946 2595 3008 ὡς
2621 2946 2757 3015 πρὸς
2788 2946 2947 2998 αὐτὸν
2967 2987 2981 3012 ,
3014 2945 3045 3015 ἢ
3080 2944 3216 3014 οὐχί.
3282 2944 3344 2996 Ei
3383 2946 3480 3015 μὲν
3523 2939 3616 2997 οῦν
3648 2943 3882 3013 ἐροῦσιν,

2311 3040 2387 3101 ὡς
2415 3037 2560 3091 ἔστιν
2591 3038 2892 3108 ὁμοούσιος,
2920 3037 2973 3089 τί
2998 3037 3174 3106 μάτην
3199 3034 3259 3088 τὸ
3286 3035 3504 3088 ἔλαττον
3535 3035 3887 3105 ἐπιφέρουσιν

638 3129 881 3200 ejusdem
910 3134 1039 3181 sunt
1069 3123 1395 3180 substantiae
1438 3135 1501 3174 ac
1546 3129 1784 3182 naturae,
1826 3117 2009 3170 minus
2052 3115 2106 3169 in
2145 3127 2204 3169 se

2312 3129 2499 3200 αύτῷ;
2558 3129 2639 3183 Τὰ
2669 3129 2776 3199 γὰρ
2811 3129 2909 3199 τῆς
2951 3128 3119 3198 αὐτῆς
3155 3127 3342 3190 οὐσίας
3379 3127 3506 3179 ὄντα
3533 3126 3626 3179 καὶ
3653 3126 3888 3195 φύσεως,

643 3221 888 3291 profecto
926 3234 1035 3274 non
1088 3216 1292 3271 habent
1333 3211 1515 3284 quoad
1563 3210 1827 3265 rationem
1863 3205 2203 3262 substantia.

643 3313 756 3368 lloc
787 3322 966 3366 autem
999 3306 1247 3378 estquod
1274 3304 1595 3376 quaerimus.
1631 3300 1737 3355 Sed
1770 3314 1877 3354 non
1904 3299 2209 3353 assentien-

643 3415 736 3458 tur
756 3403 964 3468 forsan,
986 3416 1165 3470 neque
1203 3394 1732 3453 consubstantialem
1764 3407 1887 3447 esse
1910 3391 2212 3446 concedent

645 3496 792 3550 Patri
824 3494 1042 3558 Filium,
1077 3506 1199 3547 cum
1231 3490 1410 3543 minor
1458 3488 1552 3549 sit,
1592 3494 1650 3538 ut
1677 3484 1781 3553 ipsi
1803 3484 2010 3537 volunt.
2046 3482 2213 3552 igitur

646 3590 897 3641 diversus
934 3584 1039 3640 erit
1067 3583 1292 3637 omnino
1328 3588 1382 3635 et
1417 3578 1630 3632 alienus
1664 3592 1693 3628 a
1725 3574 1902 3629 Patre.
1931 3572 2213 3639 Quomodo

649 3682 833 3747 itaque
860 3677 1084 3746 gloriam
1112 3673 1232 3742 ejus
1264 3670 1467 3725 habet?
1502 3688 1518 3719 ι
1559 3668 1615 3721 Ei
1651 3667 1795 3722 enim
1840 3666 2002 3721 datus
2038 3674 2155 3729 est,
2190 3685 2209 3717 ι

653 3779 711 3823 ut
740 3771 816 3824 ait
843 3770 1034 3822 beatus
1068 3764 1290 3829 Daniel,
1340 3780 1358 3813 ι
1392 3767 1598 3825 honor,
1637 3770 1689 3813 et
1722 3760 2036 3828 regnent".
2065 3776 2083 3808 ›
2120 3756 2214 3811 V'el

650 3862 794 3916 enim
834 3858 938 3928 23
969 3856 1260 3911 mentietur
1294 3853 1435 3908 Deus
1469 3858 1522 3905 et
1555 3850 1716 3904 Pater
1755 3850 1989 3904 dicens:
2040 3868 2057 3899 ι
2090 3847 2218 3902 Glo-

654 3953 788 4006 riam
815 3964 991 4004 meam
1026 3947 1188 4001 alteri
1224 3961 1332 4000 non
1374 3944 1514 3998 dabo
1537 3943 1582 3973 ⁸³
1610 3960 1623 4008 ;
1655 3961 1673 3993 ι
1715 3942 1792 3996 vel
1825 3942 1869 3996 si
1900 3955 2063 3995 verax
2093 3948 2175 3994 est
2200 3978 2215 4003 ,

596 4082 599 4085 ‹
656 4059 922 4113 suamque
963 4041 1196 4112 gloriam
1229 4038 1377 4093 dedit
1404 4036 1570 4097 Filio,
1609 4050 1717 4088 non
1752 4036 1890 4088 alius
1924 4033 2113 4102 utique
2137 4039 2222 4087 est

655 4138 727 4191 ab
768 4136 925 4206 ipso,
977 4148 1101 4188 cum
1150 4132 1225 4185 sit
1268 4129 1479 4183 fruetus
1527 4128 1848 4183 substantia:
1894 4126 2103 4197 ipsius,
2157 4138 2223 4179 ac

658 4243 844 4282 verum
871 4226 1143 4297 genimen.
1179 4221 1282 4288 Qui
1312 4232 1489 4274 autem
1524 4219 1714 4274 eodem
1762 4218 1924 4272 modo
1964 4233 2023 4273 se
2060 4216 2224 4271 habet

654 4334 779 4374 cum
823 4317 1011 4382 Patre,
1042 4312 1346 4370 secundum
1383 4320 1590 4365 natura:
1622 4311 1910 4375 rationem,
1946 4309 2223 4378 quomodo

659 4415 778 4480 ipso
805 4409 1023 4464 demum
1051 4407 1156 4461 erit
1191 4406 1371 4458 minor
1397 4403 1419 4455 ?

1030 4498 1153 4551 Alia
1179 4496 1440 4563 simplicia
1465 4504 1512 4548 et
1536 4495 1845 4548 inconnera.

734 4591 791 4646 Si
816 4590 1160 4660 omnipotens
1187 4597 1270 4643 est
1292 4587 1470 4651 Pater,
1496 4597 1545 4641 et
1569 4587 1826 4641 similiter
1847 4585 2020 4641 Filius
2044 4586 2225 4641 omni-

662 4693 876 4756 potens,
926 4680 1203 4751 quomodo
1256 4680 1438 4735 minor
1488 4687 1572 4734 est
1623 4678 1783 4749 ipso?
1820 4678 1937 4732 Non
1984 4679 2129 4733 enim
2178 4679 2226 4733 si

663 4783 811 4830 recte
845 4770 1318 4842 philosophamur,
1348 4768 1573 4839 perfecti
1619 4768 1991 4824 conditionem
2025 4769 2227 4838 imper—

648 4868 865 4921 fectum
903 4870 1253 4933 assequetur.
1291 4861 1374 4923 Et,
1404 4863 1448 4916 si
1487 4861 1753 4917 Dominus
1792 4869 1874 4914 est
1904 4861 2084 4924 Pater.
2123 4860 2229 4915 Do-

665 4957 960 5023 minusque
1003 4952 1259 5007 similiter
1277 4959 1361 5007 est
1384 4950 1577 5012 Filius,
1603 4950 1879 5019 quomodo
1910 4950 2027 5019 ipso
2055 4951 2235 5003 minor

662 5049 785 5099 est?
834 5044 952 5098 Erit
990 5042 1139 5097 enim
1188 5056 1297 5096 non
1348 5040 1591 5110 perfecte
1644 5040 1804 5100 liber,
1860 5038 2129 5107 siquidem
2177 5038 2232 5091 in

664 5136 1039 5191 dominatione
1079 5133 1259 5187 minor
1304 5140 1407 5199 est,
1443 5147 1547 5187 nec
1592 5131 1757 5186 habet
1787 5130 1842 5184 in
1872 5131 2053 5199 seipso
2099 5144 2234 5185 con-

666 5236 993 5283 summatam
1041 5226 1384 5296 dignitatem.
1433 5224 1521 5287 Et,
1576 5224 1621 5278 si
1669 5223 1759 5276 lux
1812 5232 1894 5277 est
1933 5221 2109 5284 Pater,
2141 5223 2234 5276 lux

667 5323 792 5373 item
833 5318 1027 5381 Filius,
1079 5316 1356 5387 quomodo
1402 5315 1587 5369 minor
1623 5322 1709 5369 est
1740 5315 1895 5383 ipso?
1927 5313 2041 5367 Erit
2087 5315 2233 5368 enim

665 5426 775 5464 uou
826 5407 1067 5477 perfecte
1116 5408 1229 5469 lux,
1274 5406 1367 5463 sed
1411 5423 1475 5461 ex
1510 5414 1663 5476 parte
1710 5407 1950 5461 tenebris
1985 5421 2234 5475 compre-

667 5500 953 5566 hendetur,
1006 5501 1414 5569 mentieturque
1447 5499 1812 5569 evangelista,
1844 5499 2032 5554 dicens
2068 5518 2080 5553 :
2123 5518 2140 5551 ι
2169 5499 2232 5553 Et

663 5592 901 5646 tenebrae
935 5607 1062 5647 eum
1086 5606 1194 5645 non
1221 5589 1751 5660 comprehenderunt
1774 5590 1840 5641 ³³.
1866 5610 1882 5641 ι
1917 5590 2004 5651 Ει.
2038 5592 2081 5645 si
2122 5593 2227 5646 vita

776 5707 1073 5780 u‘Philipp.
1112 5724 1190 5780 u._
1212 5707 1264 5759 6.
1379 5707 1423 5780 δέ
1444 5708 1609 5764 Marc.
1643 5724 1759 5773 vm,
1793 5709 1880 5763 ⁸58.

665 5792 851 5843 xum,
886 5776 1036 5833 ll."
1086 5780 1131 5809 ⁵³
1163 5776 1387 5843 Joan.1,
1410 5779 1457 5833 5.

1996 5711 2040 5741 ⁵ο
2074 5710 2383 5781 lsa.xr.vm,
2422 5714 2506 5769 ll.

2310 3222 2410 3274 οὐκ
2436 3219 2502 3273 ἂν
2528 3220 2663 3282 ὅλως
2694 3219 2806 3289 ἔχοι
2840 3218 2962 3272 καθ’
2992 3218 3198 3270 ἑαυτῶν
3223 3219 3284 3271 τὸ
3311 3217 3512 3289 μεῖζον,
3544 3219 3684 3271 κατά
3712 3234 3773 3284 γε
3795 3218 3890 3270 τὸν

2308 3310 2402 3364 τοῦ
2430 3311 2547 3375 πῶς
2579 3306 2717 3363 εῖναι
2744 3311 2917 3378 λόγον.
2943 3308 3112 3363 Τοῦτο
3142 3310 3196 3363 δὲ
3228 3310 3442 3373 πάντως
3468 3312 3581 3363 ἐστὶ
3610 3310 3671 3362 τὸ
3699 3308 3892 3379 ζητού-

2315 3420 2496 3473 μενον.
2564 3402 2698 3455 Ἀλλ’
2732 3402 2792 3454 ού
2822 3402 3172 3471 συνθήσονται
3205 3402 3395 3471 τυχὸν,
3451 3402 3567 3454 οὐδὲ
3609 3403 3892 3471 ὁμοούσιον

2313 3490 2453 3548 εἶναι
2482 3494 2709 3547 δώσουσι
2735 3493 2813 3565 τῷ
2840 3495 3014 3564 Πατρ¹ι
3042 3495 3132 3546 τὸν
3162 3494 3291 3547 Υίὸν
3314 3533 3328 3557 ,
3384 3493 3459 3557 ὡς
3482 3492 3737 3546 ἐλάττονα
3772 3493 3892 3545 κατ’

2315 3586 2542 3648 αὐτούς’
2578 3585 2767 3639 οὐκοῦν
2800 3586 2985 3656 ἕτερος
3008 3586 3160 3639 ἔσται
3195 3585 3469 3648 παντελῶς
3502 3585 3593 3637 καὶ
3618 3584 3893 3656 ἀλλότριος

2316 3677 2408 3730 τοῦ
2452 3677 2684 3748 Πατρός.
2740 3677 2865 3740 Πῶς
2893 3672 2985 3730 οὖν
3010 3677 3121 3747 ἔχει
3147 3677 3245 3748 τὴν
3269 3676 3421 3741 δόξαν
3451 3674 3613 3729 αὑτοῦ
3642 3693 3655 3741 ;
3693 3696 3711 3726 ι
3736 3675 3894 3744 Αὐτῷ

2318 3768 2425 3838 γὰρ
2448 3767 2622 3837 ὲδόοη,
2654 3786 2671 3819 ι
2693 3768 2836 3821 καθά
2858 3782 3019 3839 φησιν
3051 3772 3079 3822 6
3096 3770 3361 3839 μακάριος
3388 3767 3607 3837 Δανιὴλ,
3631 3786 3649 3819 ι
3673 3768 3704 3836 ἡ
3731 3768 3886 3836 τιμὴ,

2320 3858 2413 3911 καὶ
2446 3856 2480 3928 ἡ
2515 3858 2779 3928 βασιλεία.
2807 3879 2826 3912 ι
2867 3862 2937 3913 Ἢ
2966 3860 3073 3932 γὰρ
3104 3859 3452 3930 διαψεύσεται
3482 3859 3652 3926 λέγων
3690 3859 3719 3909 6
3755 3856 3893 3917 Θεὸς

2321 3950 2414 4002 καὶ
2444 3948 2636 4018 Πατήρ
2665 3965 2677 3977 ’
2710 3966 2729 4000 ι
2757 3949 2867 4021 Τὴν
2924 3950 3077 4016 δόξαν
3121 3968 3221 4021 μου
3265 3951 3433 4021 ἑτέρῳ
3481 3950 3539 4001 ού
3582 3947 3735 4000 δώσω
3757 3963 3772 3978 ⁸
3798 3966 3815 3998 ι
3860 3947 3894 4015 ἢ

2322 4042 2479 4112 εἴπερ
2511 4043 2656 4094 ὲστίν
2688 4039 2911 4111 ἀληθὴς,
2940 4040 3138 4094 δέδωκε
3175 4041 3231 4093 δὲ
3278 4041 3379 4111 τὴν
3404 4037 3593 4093 ἑαυτοῦ
3636 4037 3789 4104 δόξαν
3818 4037 3896 4105 τῷ

2326 4134 2475 4204 Υίῷ,
2517 4135 2617 4204 οὐχ
2644 4134 2831 4203 ἕτερος
2864 4134 2970 4204 ἄρα
3002 4135 3116 4187 ἐστὶ
3144 4136 3272 4206 παρ’
3307 4134 3499 4199 αὑτὸν,
3556 4131 3765 4203 καρπὸς
3792 4130 3897 4182 ὑπ-

2327 4223 2507 4294 άρχων
2535 4227 2633 4294 τῆς
2661 4224 2846 4286 οὐσίας
2871 4226 3055 4290 αὑτοῦ,
3090 4227 3183 4278 καὶ
3208 4226 3427 4296 γνήσιον
3455 4225 3719 4294 γέννημα.
3757 4223 3815 4274 Ὀ
3841 4221 3899 4273 δὲ

2325 4314 2587 4379 ὡσαύτως
2613 4315 2750 4384 ἔχων
2776 4315 2853 4386 τῷ
2873 4316 3047 4387 Πατρὶ
3078 4316 3217 4369 κατὰ
3240 4316 3329 4369 τὸν
3354 4316 3451 4385 τῆς
3479 4313 3691 4383 φύσεως
3721 4311 3899 4378 λόγον,

2330 4406 2447 4469 πῶς
2478 4406 2542 4459 ἂν
2570 4407 2655 4478 εἴη
2680 4407 2866 4461 λοιπὸν
2894 4407 3131 4461 ἐλάττων
3154 4408 3318 4461 αὐτοῦ
3346 4424 3361 4472 ;

2700 4500 2884 4552 Ἄλλοι
2921 4498 3084 4553 ἁπλᾶ
3108 4501 3205 4552 καὶ
3234 4498 3557 4554 ἀσύνδετα.

2405 4591 2466 4643 Ei
2500 4591 2890 4661 παντοκράτωρ
2934 4592 3079 4644 ἐστὶν
3104 4594 3131 4644 ὁ
3161 4592 3348 4663 Πατὴρ
3370 4631 3383 4653 ,
3427 4588 3819 4661 παντοκράτωρ
3845 4584 3902 4641 δὲ

2333 4682 2531 4751 ὁμοίιος
2571 4683 2665 4735 καὶ
2710 4685 2738 4735 6
2780 4682 2928 4747 Υἱὸς,
2965 4682 3078 4745 πῶς
3121 4683 3358 4736 ἐλάττων
3392 4679 3556 4734 αὑτοῦ
3591 4682 3777 4745 tactv;
3828 4679 3903 4730 υύ

2333 4772 2443 4842 γὰρ
2487 4772 2681 4843 δήπου,
2714 4774 2857 4826 κατά
2876 4791 2937 4842 γε
2985 4774 3075 4826 τὸν
3120 4773 3219 4843 τῆς
3264 4772 3575 4835 ἀκολουθίας
3607 4771 3796 4839 λόγον,
3828 4771 3907 4830 είς

2334 4864 2394 4915 τὸ
2423 4863 2514 4916 τοῦ
2538 4864 2739 4917 τελείου
2764 4864 2960 4935 μέτρον
2982 4865 3041 4918 τὸ
3070 4865 3144 4937 μὴ
3163 4866 3363 4917 τέλειον
3390 4864 3741 4933 ἀναϐήσεται.
3775 4862 3904 4922 Καὶ,

2336 4956 2384 5007 εἰ
2419 4955 2620 5026 Κύριός
2667 4958 2813 5008 ἐστιν
2862 4958 2890 5009 6
2923 4956 3148 5029 Πατὴρ,
3192 4956 3395 5027 Κύριος
3445 4956 3500 5008 δὲ
3530 4954 3726 5025 ὁμοίως
3758 4954 3849 5007 καὶ
3878 4954 3909 5005 6

2337 5046 2483 5110 Υἱὸς,
2530 5046 2646 5109 πῶς
2691 5048 2926 5101 ἐλάττων
2961 5048 3123 5101 αύτοῦ
3165 5051 3346 5113 tactv;
3395 5046 3586 5100 Ἔσται
3607 5047 3712 5116 γὰρ
3737 5045 3797 5095 ού
3824 5061 3910 5096 τε·

2335 5138 2493 5201 λείως
2530 5139 2845 5211 ἐλεύθερος,
2880 5142 3036 5212 εἴπερ
3081 5141 3228 5194 ἐστὶν
3260 5141 3495 5194 ἐλάττων
3520 5141 3576 5192 ὲν
3607 5138 3908 5208 κυριότητι,

2339 5230 2431 5281 καὶ
2453 5229 2512 5281 ού
2545 5231 2746 5302 πλῆρες
2776 5232 2915 5301 ἔχων
2941 5234 2997 5284 ὲν
3027 5231 3205 5302 ἑαυτῷ
3229 5232 3289 5284 τὸ
3314 5231 3548 5301 ἀξίωμα.
3579 5230 3688 5282 Καὶ
3718 5230 3766 5281 εί
3795 5227 3911 5297 φῶς

2340 5322 2487 5374 ἐστιν
2508 5323 2534 5374 6
2563 5323 2771 5393 Πατὴρ,
2805 5324 2920 5392 φῶς
2947 5325 3003 5377 δὲ
3032 5324 3231 5394 ὁμοίως
3259 5324 3351 5376 καὶ
3382 5325 3410 5375 ὁ
3434 5322 3581 5387 Υἱὸς,
3617 5321 3734 5383 πῶς
3767 5319 3915 5373 ἐλάτ-

2339 5430 2444 5465 των
2469 5413 2633 5467 αύτοῦ
2667 5416 2845 5479 ὲστιν;
2879 5416 3072 5468 Ἔσται
3104 5416 3213 5487 γὰρ
3236 5415 3296 5467 οὐ
3326 5412 3545 5474 τελείως
3573 5410 3707 5480 φῶς,
3745 5425 3913 5462 κατα-

2338 5505 2673 5577 ληφθήσεται
2716 5508 2771 5561 δὲ
2813 5508 2919 5561 ἀπὸ
2978 5508 3176 5580 μέρους
3224 5510 3329 5564 ὑπὸ
3368 5510 3462 5583 τῆς
3521 5509 3771 5575 σκοτίας,
3820 5505 3915 5559 καὶ

2334 5596 2592 5666 ψεύσεται
2633 5599 2806 5667 λέγων
2850 5601 2878 5653 6
2911 5600 3335 5673 εύαγγελιστής·
3383 5620 3403 5653 ι
3443 5603 3507 5655 ’Π
3537 5604 3724 5657 σκοτία
3754 5602 3917 5657 αὐτὸν

2620 5718 2661 5749 ³⁸
2686 5715 2843 5773 Joan.
2878 5733 2930 5781 γ,
2955 5717 3045 5774 9.3.
3160 5717 3204 5750 ⁸²
3239 5716 3372 5772 Dan.
3411 5734 3506 5785 VII,
3537 5717 3621 5771 14.
3727 5716 3773 5749 ⁵³
3805 5717 3910 5772 Isa.
