4168 6582
332 420 402 491 ιε
1383 423 1448 476 1N
1479 419 1763 478 J0.\l\'.\"lS
1802 417 2250 474 EVANGELIUM
2293 418 2419 473 un.
2466 422 2501 473 ι.
3498 425 3564 480 ιδ

331 559 393 609 οὐ
428 538 714 609 κατέλαϐε.
743 570 761 601 ι
814 549 924 603 Καὶ
957 548 1005 600 εἰ
1050 547 1159 616 ζωή
1193 546 1337 597 ἐστιν
1377 547 1403 597 6
1438 544 1658 615 Πατήρ,
1705 542 1818 613 ζωὴ
1845 542 1886 595 δὲ

2002 550 2083 597 est
2140 540 2322 607 Pater,
2359 542 2467 594 vita
2505 541 2629 594 item
2678 539 2873 603 Filius,
2908 541 3184 611 qumnudo
3235 543 3413 598 minor
3445 546 3562 616 ipso

329 644 532 713 ὁμοίως
576 642 668 695 καὶ
695 641 724 691 6
753 638 877 700 Υἱὸς
898 676 912 698 ,
964 635 1080 697 πῶς
1112 634 1347 687 ἐλάττων
1378 631 1539 689 αὐτοῦ
1590 634 1769 697 sat-tv;
1825 631 1899 682 Οὐ

329 734 441 803 γάρ
480 736 595 786 ἐστι
637 730 856 791 τελείως
890 727 947 778 ὲν
993 728 1124 796 ἡμῖν
1149 726 1182 794 ἠ
1228 723 1370 794 ζωὴ,
1427 723 1530 777 κᾶν
1561 723 1640 785 εἰς
1676 722 1765 775 τὸν
1795 722 1900 774 ἔσω

331 824 614 895 ἄνθρωπον
647 818 958 889 κατοικήσει
991 816 1228 886 Χριστός
1253 831 1267 843 ·
1316 817 1498 887 νεκροὶ
1534 816 1591 868 δέ
1621 832 1735 878 πως
1762 816 1901 868 κατά

328 932 383 967 τι
417 915 579 985 μέρος
623 912 672 964 οί
717 909 1133 970 πιστεύσαντες.
1186 906 1344 978 εἴπερ
1389 908 1535 960 ἐστιν
1580 908 1639 959 οὐ
1683 906 1901 968 τελείως

330 1005 465 1075 ζωὴ,
490 1001 553 1056 τδ
581 1001 799 1054 ἔλαττον
829 998 965 1069 ἔχων
987 1000 1016 1052 ό
1048 998 1193 1061 Υἱός.
1256 997 1474 1067 Ἐπειδὴ
1496 997 1551 1049 δὲ
1584 997 1690 1067 χρὴ
1721 996 1817 1067 τὴν
1844 999 1901 1050 ἐν

327 1095 537 1159 τούτοις
568 1093 798 1148 ἀτοπίαν
833 1091 907 1153 ὡς
957 1090 1292 1160 πορρωτάτω
1341 1087 1641 1148 ποιεῖσθαι,
1696 1087 1899 1139 τέλειον

327 1182 467 1240 εἷναί
497 1200 675 1255 φαμεν
698 1182 789 1236 τὸν
812 1181 938 1235 Υίδν
968 1183 1024 1234 ὲν
1047 1178 1139 1235 τὸν
1154 1178 1343 1249 τελείῳ
1369 1179 1543 1248 Πατρὶ
1564 1176 1792 1246 παρισού
1803 1194 1897 1245 με·

327 1294 415 1330 νον
446 1275 535 1330 διὰ
565 1276 629 1328 τὸ
657 1275 757 1344 τῆς
782 1272 968 1335 οὐσίας
1001 1269 1436 1340 ἀπαράλλακτον.

396 1368 598 1421 ΑΛΛΟι
637 1367 699 1420 Et
723 1365 960 1419 ἐλάττων
986 1363 1101 1415 ἐστὶ
1133 1361 1227 1414 τοῦ
1254 1360 1465 1431 Πατρδς
1496 1361 1524 1411 6
1557 1359 1700 1421 Υἱὸς,
1731 1358 1816 1411 διά
1839 1374 1897 1412 τε

324 1459 484 1511 τοῦτο
513 1458 610 1526 οὐχ
655 1453 976 1527 όμοούσιος⁸
1026 1452 1211 1523 ἕτερος
1254 1451 1362 1522 ἄρα
1401 1451 1517 1505 ἐστὶ
1558 1450 1699 1502 κατὰ
1739 1449 1898 1517 φύσιν

325 1549 423 1603 καὶ
459 1547 740 1619 ἀλλότριος
772 1543 1051 1607 παντελῶς
1070 1560 1082 1573 ·
1107 1542 1302 1596 οὐκοῦν
1334 1543 1430 1611 οὐχ
1458 1541 1605 1604 Υἱὸς,
1636 1540 1749 1594 ἀλλ’
1776 1540 1897 1593 οὐδὲ

325 1636 461 1699 ὅλως
498 1636 651 1699 Θεός.
706 1634 831 1697 Πῶς
866 1632 976 1702 γὰρ
1017 1632 1083 1686 ἂν
1133 1632 1226 1684 καὶ
1258 1631 1474 1685 καλοῖτο
1511 1632 1639 1694 Υἱὸς
1680 1634 1707 1684 6
1735 1632 1808 1702 μὴ
1834 1632 1897 1685 ἐκ

326 1726 568 1799 Πατρὸς,
602 1724 636 1794 ἢ
662 1722 786 1799 πῶς
819 1721 898 1775 ἔτι
928 1722 1089 1784 Θεὸς.
1119 1721 1148 1773 6
1185 1720 1259 1790 μὴ
1286 1722 1350 1773 ἐκ
1373 1719 1507 1773 Θεοῦ
1529 1720 1669 1774 κατὰ
1697 1718 1855 1787 φύσιν
1880 1736 1893 1783 ;

325 1820 391 1872 Τί
417 1786 583 1887 (pacti:
606 1786 843 1869 ένξαῦθα
873 1813 923 1866 οἱ
948 1813 1075 1876 τούς
1108 1786 1309 1882 μὴγτῆν
1340 1811 1419 1873 είς
1448 1809 1539 1863 τδν
1563 1811 1687 1863 Υίδν
1713 1786 1896 1881 παρα-

2003 634 2121 689 est?
2152 633 2266 687 Non
2299 635 2444 688 enim
2476 642 2559 687 est
2590 631 2828 702 perfecte
2869 634 2921 687 in
2956 635 3116 689 nobis
3156 636 3290 698 vita,
3313 640 3565 704 quamvis

2004 723 2057 776 in
2091 722 2341 778 interiori
2370 722 2591 777 nomine
2635 721 2889 777 Christus
2940 723 3168 783 habitet.
3205 725 3297 777 sed
3328 724 3563 792 quadam

2001 828 2067 867 ex
2092 821 2249 882 parte
2280 813 2481 866 mortui
2524 823 2654 867 sunt
2700 814 3010 874 credentes,
3040 814 3309 883 siquidem
3344 830 3451 869 non
3482 824 3566 870 est

2003 902 2111 956 vita
2138 901 2395 971 perfecte,
2423 914 2546 955 cum
2577 901 2757 956 minus
2786 901 2983 955 habeat
3005 902 3350 957 Filius.Cum
3381 914 3561 957 autem

2001 992 2398 1046 absurditatem
2459 992 2606 1047 illam
2663 992 2716 1045 in
2768 992 2856 1046 bis
2905 993 3223 1062 longissime
3277 994 3565 1065 proﬂigare

1999 1092 2274 1153 oporteat,
2308 1083 2609 1153 perfectqu
2642 1099 2767 1138 esse
2804 1084 3041 1138 dicimus
3069 1084 3269 1138 Filium
3323 1088 3564 1155 perfecto

2001 1174 2149 1229 Patri
2212 1176 2515 1244 aequalem,
2575 1185 2798 1245 propter
2859 1175 3155 1244 perfectam
3221 1176 3560 1229 identitateiu

2001 1266 2342 1319 substantim.
2984 1336 2985 1339 η

2069 1355 2296 1411 ALIUD.
2327 1356 2381 1409 Si
2418 1357 2597 1411 minor
2623 1366 2709 1411 est
2748 1356 2909 1411 Patre
2948 1353 3143 1421 Filius,
3182 1371 3243 1411 ac
3280 1364 3562 1426 propterea

2000 1464 2108 1502 nou
2150 1447 2661 1513 consubstantialis,
2699 1448 2842 1501 alius
2886 1449 3076 1516 utique
3117 1450 3421 1501 secundum
3472 1465 3563 1500 na-

2001 1546 2203 1602 turam,
2237 1552 2299 1591 ac
2332 1538 2490 1607 plane
2520 1538 2756 1592 alienus.
2789 1536 2959 1607 Igitur
2992 1553 3101 1592 non
3126 1536 3320 1600 Filius,
3347 1539 3440 1592 sed
3471 1554 3563 1592 ne—

1997 1644 2104 1697 que
2137 1643 2365 1698 prorsus
2410 1627 2575 1685 Deus.
2608 1628 2893 1695 Quomodo
2919 1629 3063 1683 enim
3110 1638 3339 1684 vocetur
3368 1628 3561 1691 Filius,

1997 1719 2090 1789 qui
2126 1736 2235 1774 non
2272 1728 2446 1774 estex
2491 1719 2675 1785 Patre,
2714 1728 2809 1775 aut
2839 1722 3114 1790 quomodo
3146 1720 3364 1775 tamletn
3399 1721 3560 1783 Deus,

1996 1811 2089 1881 qui
2122 1826 2231 1866 non
2262 1820 2349 1866 est
2380 1828 2445 1867 ex
2490 1810 2600 1866 Deo
2648 1812 2949 1867 secundum
2983 1814 3273 1867 naturam?
3299 1812 3438 1878 Quid
3476 1815 3561 1867 hie

324 1909 651 1979 δεξαμένους
703 1908 907 1968 πίστιν.
950 1903 1316 1967 ἀπεκτονότας
1350 1903 1407 1957 δὲ
1452 1902 1652 1973 μᾶλλον
1683 1902 1886 1963 τοῦτον1

1995 1903 2189 1958 dicunt
2232 1904 2326 1974 qui
2375 1912 2630 1959 asserunt
2675 1903 2729 1957 in
2764 1901 2979 1959 Patrem
3027 1905 3253 1959 credere
3296 1922 3405 1960 non
3466 1921 3561 1960 cus

329 1998 409 2060 είς
424 1996 515 2050 τὸν
531 1995 751 2067 Πατέρα
767 1991 1455 2063 πιστεύεινίσχυριζόμενοι
1473 2009 1487 2057 ;
1514 1991 1729 2063 Ἐπειδὴ
1740 1991 1795 2044 δὲ
1817 1992 1896 2054 είς

331 2087 457 2141 Υίόν
477 2088 625 2141 ἔστιν
642 2087 675 2157 ἡ
695 2086 895 2150 πίστις,
908 2084 988 2138 ἔτι
1010 2084 1151 2138 κατὰ
1177 2084 1238 2137 τὸ
1265 2083 1411 2147 εἰκὸς
1433 2082 1784 2153 πλανώμεθα,
1805 2083 1896 2136 τὸν

324 2177 579 2249 ἀληθινὸν
597 2176 696 2232 οὐκ
722 2177 1095 2245 ἐπεγνωκότες
1112 2174 1264 2229 Θεόν.
1302 2174 1462 2229 Ἀλλὰ
1489 2174 1648 2229 τοῦτο
1674 2175 1893 2229 ἄτοπον.

276 2332 299 2341 ί
325 2268 687 2332 Πιστεύοντες
707 2267 752 2321 δ’
783 2269 862 2331 είς
889 2266 1036 2330 Υίδν,
1065 2265 1159 2320 καὶ
1181 2267 1259 2329 είς
1289 2266 1381 2319 τὸν
1401 2266 1621 2337 Πατέρα
1650 2265 1895 2319 πιστεύο-

326 2376 446 2429 μεν,
480 2359 573 2412 καὶ
601 2359 681 2421 είς
705 2357 766 2410 τὸ
798 2356 955 2425 ἅγιον
979 2355 1206 2425 Πνεῦμα
1241 2354 1464 2426 δηλαδή.
1512 2356 1625 2410 Οὐκ
1646 2355 1753 2426 ἄρα
1782 2358 1896 2409 ἐστὶ

319 2448 415 2501 τοῦ
445 2446 580 2501 Θεοῦ
601 2446 695 2501 καὶ
722 2445 955 2517 Πατρὸς,
983 2446 1061 2510 ὡς
1092 2446 1350 2505 ἐλάττων,
1384 2445 1662 2515 ἀλλότριος
1688 2445 1718 2497 6
1745 2445 1892 2508 Υἱὸς.

321 2536 437 2590 ἀλλ’
461 2535 519 2589 ἓν
545 2537 621 2600 ὡς
651 2537 788 2607 πρὸς
817 2535 999 2600 αὐτὸν,
1055 2536 1143 2590 διὰ
1168 2536 1229 2589 τὸ
1255 2537 1313 2602 ἐξ
1338 2535 1502 2589 αὐτοῦ
1537 2538 1679 2589 κατά
1712 2537 1892 2605 φύσιν,

322 2624 435 2689 ῖσος
460 2642 518 2677 τε
551 2625 639 2679 διὰ
665 2625 823 2679 τοῦτο
855 2626 955 2678 καὶ
981 2624 1206 2688 τέλειος.

392 2820 591 2873 ΑΛΛΟ.
625 2821 687 2873 El
723 2821 820 2890 μὲν
848 2820 973 2883 Υἱός
1005 2820 1119 2873 ἐστι
1150 2819 1290 2873 κατὰ
1321 2819 1576 2892 ἀλήθειαν
1613 2822 1641 2874 6
1672 2823 1735 2874 ἐκ
1759 2819 1893 2874 Θεοῦ

320 2910 533 2981 Πατρός
576 2909 897 2980 ἀναλάμψας
920 2909 1054 2972 Θεὸς
1093 2909 1297 2977 Λόγος,
1348 2910 1559 2980 ἀνάγκη
1605 2912 1761 2963 πᾶσα
1802 2912 1896 2963 καὶ

319 3000 420 3070 οὐχ
456 3002 680 3064 ἑκόντας
723 3004 849 3064 τοὺς
878 3000 947 3070 διξ
977 2999 1225 3062 ἐναντίας
1253 3000 1533 3069 ὁμολογεῖν
1583 3002 1647 3054 ἐκ
1677 3000 1776 3070 τῆς
1802 3001 1893 3052 ού-

319 3092 442 3154 σίας
490 3090 649 3144 αὐτὸν
684 3091 953 3160 ὑπάρχειν
976 3090 1077 3158 τῆς
1119 3090 1212 3142 τοῦ
1241 3091 1472 3159 Πατρός.
1520 3089 1690 3144 Τοῦτο
1718 3091 1826 3162 γὰρ
1856 3093 1889 3161 ή

324 3178 469 3233 κατὰ
498 3178 760 3250 ἀλήθειαν
813 3179 997 3248 υἱότης
1030 3178 1301 3249 σημαίνει.
1332 3173 1465 3233 Εἶτα
1519 3180 1637 3243 πῶς
1659 3182 1688 3233 6
1714 3180 1890 3233 τοιοῦο
1917 3216 1961 3275 c

288 3282 402 3333 ,τος
435 3269 672 3323 ἐλάττων
710 3269 827 3322 ἐστὶ
855 3268 948 3322 τοῦ
985 3269 1196 3339 Πατρὸς
1228 3269 1355 3333 Υἱὸς
1376 3308 1392 3334 ,
1438 3270 1595 3340 εἴπερ
1623 3271 1770 3323 ἐστὶν
1795 3271 1889 3323 οὐ-

314 3361 434 3425 σίας
464 3360 695 3432 καρπὸς,
731 3359 1028 3430 οὐδαμόθεν
1061 3360 1122 3412 τὸ
1182 3359 1401 3414 ἔλαττον
1435 3360 1522 3429 ἐφ’
1544 3363 1710 3432 ἑαυτῇ
1741 3362 1888 3432 δεχοο

317 3456 514 3525 μένηςς
566 3455 750 3507 Πάντα
793 3453 902 3524 γὰρ
946 3452 1164 3517 τελείως
1208 3454 1267 3506 ἐν
1309 3453 1388 3525 τῷ
1419 3454 1555 3525 Θεῷ.
1601 3456 1663 3508 Ei
1700 3456 1756 3509 δὲ
1789 3457 1887 3509 οὐκ

312 3547 458 3600 ἔστιν
495 3548 560 3600 ὲκ
600 3547 698 3617 τῆς
728 3546 912 3611 οὐσίας
954 3546 1046 3600 τοῦ
1070 3546 1284 3617 Πατρὸς
1328 3546 1447 3599 οὐδὲ
1480 3546 1606 3608 Υἱὸς
1638 3547 1762 3617 ἄρα·
1805 3550 1887 3600 νό-

311 3636 404 3697 θος
433 3635 490 3687 δὲ
520 3634 707 3708 ὥσπερ
735 3653 816 3699 τις
847 3636 940 3689 καὶ
972 3635 1338 3706 ψευδώνυμος.
1402 3636 1539 3689 Ἀλλ’
1565 3638 1684 3690 οὐδὲ
1727 3640 1886 3701 αὐτὸς

309 3729 340 3781 6
368 3729 573 3797 Πατὴρ,
601 3728 790 3799 Πατὴρ
824 3727 890 3783 ἂν
916 3728 1130 3782 καλοῖτο
1159 3709 1490 3793 δικαίωξτε,
1520 3731 1615 3783 καί
1644 3729 1882 3800 ἀληθῶς.

313 3821 440 3874 Υἱοῦ
473 3820 581 3891 γὰρ
605 3821 705 3875 οὐκ
735 3822 889 3885 ὄντος
919 3820 1013 3874 τοῦ
1047 3820 1187 3873 κατὰ
1221 3820 1406 3889 φύσιν,
1439 3821 1506 3873 δι’
1533 3822 1591 3873 ὅν
1619 3822 1733 3874 ἐστι
1774 3822 1885 3874 Πα-

306 3910 430 3980 τὴρ.
454 3910 570 3973 πῶς
584 3910 648 3964 ἂν
670 3912 837 3963 νοοῖτο
856 3910 1074 3980 Πατήρς
1103 3908 1260 3963 Ἀλλὰ
1280 3910 1436 3964 τοῦτο
1462 3909 1681 3964 ἄτοπον.
1730 3912 1883 3965 Ἔστι

302 4000 361 4052 δὲ
389 3999 573 4071 Πατὴρ
598 3999 849 4070 ἀληθινὸς
890 4003 919 4053 6
946 3999 1078 4062 Θεός
1104 4015 1119 4029 '
1178 3999 1337 4052 τοῦτο
1386 4000 1494 4070 γὰρ
1523 4001 1586 4071 δὴ
1626 4002 1719 4054 καὶ
1761 4001 1879 4054 ὅλαι

306 4090 501 4161 βοῶσιν
524 4092 579 4145 αἱ
601 4091 746 4145 θεῖαι
773 4090 988 4161 Γραφαί
1006 4106 1021 4121 ’
1047 4090 1175 4154 Υίδς
1196 4090 1301 4161 ἄρα
1330 4091 1546 4155 πάντως
1567 4093 1595 4144 6
1625 4091 1686 4157 ἐξ
1713 4091 1878 4145 αὐτοῦ

306 4180 568 4250 φυσικῶς.
611 4182 673 4235 Εί
705 4181 762 4235 δὲ
793 4179 983 4247 τοῦτο,
1026 4180 1126 4235 οὐκ
1152 4180 1389 4235 ἐλάττων
1413 4194 1429 4209 ⁸
1460 4182 1745 4253 όμοούσιος
1770 4183 1878 4253 γὰρ

300 4270 381 4333 ὡς
410 4270 556 4332 Υίός.

382 4362 587 4416 ΔΛΛΟ.
648 4361 722 4415 T6
761 4364 863 4434 τῆς
888 4364 1121 4434 πατριᾶς
1165 4363 1284 4433 ἦτοι
1325 4365 1660 4434 πατρότητος
1705 4364 1874 4437 ὄνομα

302 4453 403 4506 οὐκ
424 4453 497 4529 ηὲξ
526 4454 684 4524 ἡμῶν
708 4454 820 4525 ἔχει
842 4455 973 4518 Θεὸς
993 4493 1009 4519 ,
1054 4454 1169 4508 ἀλλ’
1199 4455 1359 4530 ἡμεῖς
1394 4456 1594 4527 μᾶλλον
1623 4457 1681 4523 ἐξ
1710 4457 1871 4511 αὐτοῦ

1997 1993 2090 2061 qui
2148 1992 2307 2047 fidem
2364 2001 2729 2063 susceperunt
2773 1994 2827 2047 in
2875 1991 3097 2057 Filium,
3127 1992 3223 2047 sed
3274 1994 3368 2063 qui
3416 1994 3561 2048 hunc

1998 2085 2182 2152 potius
2220 2083 2650 2139 interfecerunt?
2689 2084 2827 2139 Cum
2875 2092 3057 2139 autem
3106 2084 3239 2140 fides
3281 2085 3352 2140 sit
3385 2086 3437 2139 in
3472 2084 3562 2137 Fi-

1998 2175 2152 2239 lium,
2187 2175 2388 2241 adhuc,
2419 2185 2478 2230 ut
2504 2175 2769 2231 credibile
2794 2183 2898 2240 est,
2926 2189 3200 2242 erramus,
3229 2192 3417 2231 verum
3453 2191 3559 2230 non

1996 2275 2357 2338 agnoscentes
2405 2266 2594 2323 Deum.
2636 2267 2707 2321 At
2735 2267 2840 2323 hoc
2882 2266 3201 2323 absurdum.
3262 2269 3561 2324 Credentes

1996 2368 2177 2415 autem
2209 2360 2264 2414 in
2306 2358 2531 2425 Filium,
2571 2362 2623 2414 in
2675 2359 2889 2415 Patrem
2939 2376 3157 2430 quoque
3194 2361 3471 2417 credimus
3508 2372 3563 2416 et

1997 2453 2050 2506 in
2103 2453 2368 2523 Spiritum
2424 2462 2678 2509 sanctum
2732 2455 3019 2509 nimirum.
3095 2454 3210 2509 Non
3259 2463 3344 2510 est
3394 2455 3562 2525 igitur

1994 2546 2151 2614 quasi
2184 2545 2293 2601 Deo
2318 2561 2381 2600 ac
2411 2534 2570 2600 Patre
2601 2547 2779 2600 minor
2806 2548 3020 2602 alienus
3050 2546 3245 2613 Filius,
3270 2547 3366 2603 sed
3391 2564 3559 2602 unum

1993 2638 2124 2707 quid
2155 2652 2279 2693 cum
2312 2638 2451 2708 ipso,
2483 2647 2772 2708 propterea
2803 2638 2952 2709 quod
2998 2654 3064 2695 ex
3094 2640 3212 2710 ipso
3238 2649 3325 2694 est
3366 2654 3556 2694 secun-

1994 2728 2124 2780 dmn
2161 2736 2433 2793 naturam,
2464 2737 2518 2781 et
2550 2728 2673 2782 ideo
2707 2729 2937 2799 aequalis
2972 2743 3035 2783 ac
3061 2730 3357 2799 perfectus.

2065 2815 2296 2871 ALIUD.
2328 2816 2383 2870 Si
2414 2815 2588 2871 Filius
2640 2832 2763 2872 vere
2797 2826 2881 2873 est
2926 2818 2973 2874 is
3017 2819 3110 2888 qui
3148 2833 3214 2874 ex
3250 2818 3358 2874 Deo
3400 2817 3562 2871 Patre

1994 2904 2199 2961 effulsit
2244 2904 2389 2964 Deus
2431 2905 2690 2970 Verbum,
2728 2922 2955 2964 necesse
2992 2908 3217 2963 omnino
3251 2915 3334 2963 est
3365 2908 3561 2963 adver-

1994 2997 2173 3053 sarios
2222 2997 2307 3052 vel
2355 2997 2607 3053 nolentes
2660 2997 2941 3062 conﬁteri,
2988 2996 3098 3068 24
3138 3013 3206 3053 ex
3252 2999 3558 3052 substantia

1994 3088 2173 3142 Patris
2227 3088 2407 3157 ipsum
2467 3088 2784 3143 exsistere:
2833 3086 2935 3142 hoc
2984 3090 3131 3142 enim
3190 3103 3317 3143 vera
3370 3089 3560 3142 tiliatio

1992 3178 2286 3250 signiﬁcat.
2320 3180 2388 3231 At
2416 3177 2695 3247 quomodo
2726 3177 2776 3232 is
2810 3177 2984 3234 minor
3022 3185 3108 3234 est
3149 3178 3312 3234 Patre
3360 3179 3552 3239 Filius.

1990 3265 2260 3336 siquidem
2313 3267 2388 3321 sit
2435 3267 2755 3323 substantia:
2798 3266 3036 3335 fructus,
3079 3284 3199 3339 qua:
3241 3270 3542 3326 nullatenus

1990 3356 2136 3411 inse
2178 3355 2361 3411 minus
2399 3357 2668 3428 suscipit?
2693 3357 2906 3414 Cuncta
2953 3360 3099 3414 enim
3148 3360 3385 3429 perfecte
3427 3376 3559 3417 sunt

1990 3447 2043 3500 in
2082 3446 2209 3501 Deo.
2243 3447 2399 3513 Quod
2440 3450 2485 3502 si
2517 3464 2626 3503 non
2665 3457 2843 3505 estex
2877 3451 3191 3505 substantia
3229 3450 3429 3516 Patris,
3461 3469 3558 3508 ne-

1986 3552 2094 3605 que
2146 3535 2319 3593 Filius
2362 3548 2451 3593 est
2496 3540 2681 3608 igitur,
2718 3541 2814 3596 sed
2860 3541 3084 3611 spurius
3123 3543 3289 3599 veluti
3334 3544 3555 3614 quidam

1985 3647 2052 3687 ac
2084 3632 2203 3686 falsi
2235 3633 2495 3690 nominis.
2525 3635 2631 3691 Sed
2665 3652 2843 3708 neque
2872 3636 3035 3693 Pater
3066 3640 3184 3710 ipse
3206 3639 3371 3696 Pater
3398 3642 3553 3712 juste

1985 3738 2049 3777 ac
2074 3738 2202 3778 vere
2232 3736 2455 3781 vocetur
2490 3744 2503 3781 :
2537 3728 2583 3781 si
2613 3728 2759 3782 enim
2786 3726 2960 3785 Filius
2988 3745 3097 3785 non
3132 3739 3217 3786 est
3246 3734 3550 3789 secundum

1984 3822 2242 3868 naturam
2274 3825 2501 3886 propter
2542 3832 2706 3888 quem
2745 3820 2817 3875 sit
2847 3818 3043 3885 Pater,
3075 3824 3351 3892 quomodo
3390 3824 3555 3880 Pater

1984 3906 2362 3976 intelligatur?
2396 3906 2506 3964 Sed
2535 3910 2637 3964 hoc
2678 3910 3000 3987 absurdum.
3050 3912 3143 3970 Est
3176 3924 3359 3971 autem
3390 3915 3554 3971 Pater

1984 4012 2144 4052 verus
2199 3997 2339 4055 Deus
2384 4000 2511 4071 (hoc
2556 4003 2704 4057 enim
2755 4004 2959 4074 ubique
3010 4004 3310 4077 Scriptura:
3354 4010 3552 4066 divina:

1981 4089 2315 4161 clamitant),
2347 4091 2519 4171 Filius
2554 4108 2685 4165 ergo
2718 4101 2802 4151 est
2824 4098 2984 4166 plane
3016 4099 3109 4169 qui
3142 4115 3207 4155 ex
3239 4101 3359 4171 ipso
3393 4114 3551 4157 natu-

1979 4182 2188 4237 raliter.
2222 4182 2378 4250 Quod
2425 4186 2471 4239 si
2505 4184 2701 4248 Filius,
2739 4203 2849 4242 non
2894 4196 3025 4260 ergo
3068 4192 3263 4246 minor.
3297 4192 3549 4249 Consub—

1978 4274 2259 4350 stautialis
2296 4276 2440 4329 enim
2482 4285 2568 4331 est
2604 4287 2797 4348 utpote
2836 4278 3031 4336 Filius.

2046 4362 2277 4418 ALIUD.
2313 4363 2668 4420 Paternitatis
2713 4382 2913 4421 nomen
2950 4384 3061 4422 non
3107 4369 3268 4425 liabet
3306 4370 3445 4429 Deus
3479 4389 3547 4430 ex

1975 4445 2159 4531 nobis,
2195 4455 2287 4509 sed
2326 4471 2429 4510 nos
2464 4457 2647 4526 potius
2688 4458 2757 4511 ab
2793 4457 2912 4527 ipso
2949 4461 3230 4531 accepisse
3270 4464 3538 4521 videmur.

303 4541 557 4627 λαϐόντες
587 4540 862 4615 όρώμεθα.
900 4543 1096 4607 Πιστὸς
1123 4543 1180 4596 δὲ
1210 4544 1239 4595 6
1272 4542 1429 4611 λόγος
1459 4543 1674 4597 Παύλου
1706 4542 1875 4613 βοῶν-

1986 4530 2184 4603 Fidelis
2230 4548 2434 4619 quippe
2482 4556 2567 4603 est
2613 4564 2797 4605 sermo
2848 4534 3001 4605 Pauli
3041 4530 3329 4612 clamantis
3366 4576 3379 4611 :
3417 4576 3435 4609 ι
3470 4557 3545 4611 Ex

299 4651 391 4698 τος
427 4632 557 4687 ὡδί·
592 4651 610 4685 ι
652 4632 740 4700 Ἐξ
776 4628 838 4688 οὗ
886 4637 1034 4687 πᾶσα
1089 4636 1292 4707 πατριὰ
1324 4635 1392 4713 ,ἐν
1425 4653 1483 4688 τε
1519 4636 1729 4713 οὐρανῷ
1778 4639 1873 4690 καὶ

297 4728 391 4779 ἐπὶ
423 4726 525 4797 γῆς
571 4726 915 4797 ὀνομάζεται.
950 4745 968 4777 ι
1033 4727 1245 4799 Ἐπειδὴ
1288 4710 1345 4781 δὲ
1378 4728 1512 4792 Θεὸς
1550 4710 1610 4780 τὸ
1655 4729 1871 4782 πάντων

296 4818 416 4870 ἐστὶ
442 4817 815 4889 πρεσϐύτατον
838 4857 852 4877 .
899 4819 1041 4871 κατὰ
1089 4820 1319 4889 μίμησιν
1352 4819 1593 4889 δηλονότι
1636 4818 1870 4895 πατέρες

296 4907 477 4977 ἡμεῖς,
497 4906 545 4957 οί
580 4905 714 4976 πρὸς
741 4905 803 4958 τὸ
830 4906 1038 4959 ἐκείνου
1089 4908 1272 4978 σχῆμα
1301 4907 1387 4959 διὰ
1417 4907 1509 4959 τοῦ
1542 4907 1870 4977 πεποιῆσθαι

295 4997 417 5049 κατ’
445 4995 651 5061 εἰκόνα,
679 4996 1024 5068 κεκλημένοι.
1052 4992 1187 5051 Εἶτα
1218 4997 1356 5062 πῶς,
1385 4998 1507 5050 είπέ
1536 5014 1646 5068 μοι,
1684 4998 1868 5051 λοιπόν

292 5090 342 5140 οἱ
375 5087 498 5141 καθ’
541 5087 799 5158 ὁμοίωσιν
826 5072 1110 5157 γεγονότες
1137 5074 1313 5159 αὐτῷ,
1345 5090 1483 5143 κατὰ
1512 5091 1675 5159 φύσιν
1698 5091 1865 5161 ἐσμὲν

290 5178 401 5231 τῶν
424 5178 637 5231 οίκείων
675 5178 879 5232 τέκνων
908 5179 1141 5250 πατέρες
1163 5219 1178 5243 ,
1228 5181 1276 5233 εί
1309 5180 1383 5251 μὴ
1420 5182 1675 5251 πρόσεστι
1709 5181 1863 5235 τοῦτο

290 5273 355 5339 τῇ
392 5269 684 5340 ἀρχετύπῳ
736 5269 935 5334 είκόνι,
990 5271 1125 5342 πρὸς
1167 5272 1232 5342 ἢν
1265 5272 1359 5325 καὶ
1407 5272 1857 5344 μεμορφώμε6α;

292 5359 416 5422 Πῶς
461 5360 506 5414 δ’
544 5360 610 5414 ἂν
655 5360 791 5423 ὅλως
830 5361 891 5415 τὸ
932 5362 1030 5432 τῆς
1070 5366 1306 5435 πατριᾶς
1352 5366 1471 5435 ἦτοι
1530 5366 1866 5436 πατρότητος

288 5449 458 5521 ὄνομα
508 5451 603 5504 καὶ
631 5453 711 5515 εἰς
754 5453 879 5515 τούς
912 5452 1102 5517 ἄλλους
1142 5455 1365 5526 ἐκϐῆναι
1397 5456 1546 5528 παρὰ
1588 5456 1722 5509 Θεοῦ
1750 5455 1867 5526 δοίη

289 5554 372 5601 τις
403 5540 495 5603 ἂν,
543 5540 598 5594 εἴ
625 5557 687 5608 γε
712 5541 879 5606 ὅντως
907 5544 1005 5596 οὐκ
1032 5545 1147 5598 ἔστι
1183 5548 1371 5619 Πατήρ
1394 5564 1409 5611 ;
1456 5546 1708 5610 Φαίνεται
1735 5549 1862 5619 γὰρ,

290 5625 357 5678 ἂν
400 5627 570 5691 οὕτως
617 5628 752 5701 ἔχῃ,
793 5630 1070 5696 παντελῶς
1110 5634 1528 5707 ἁνεστραμμένη
1576 5636 1676 5690 τσῦ
1724 5638 1865 5709 πρά-

289 5734 494 5787 γματος
521 5722 554 5789 ἡ
585 5720 745 5788 φύσις
766 5760 782 5784 ,
822 5722 980 5793 ἡμεῖς
1004 5722 1058 5775 δὲ
1092 5724 1288 5795 μᾶλλον
1324 5727 1470 5797 αὐτῷ
1512 5727 1631 5782 καθ’
1665 5729 1863 5799 ὁμοίω-

391 5831 438 5862 ⁸⁵
468 5829 667 5901 Ephcs.
691 5847 770 5899 III,
813 5833 899 5888 i5.

1982 4655 2090 4710 quo
2120 4640 2303 4695 omnis
2342 4640 2644 4711 patcrnitas
2675 4641 2728 4695 in
2756 4642 2912 4698 cmlis
2941 4652 2993 4698 et
3024 4644 3075 4699 in
3108 4654 3252 4700 terra
3293 4649 3546 4703 nomina-

1980 4739 2067 4783 tur
2099 4730 2169 4785 ⁸⁸.
2200 4748 2217 4780 ι
2255 4731 2392 4785 Cum
2451 4724 2630 4785 autem
2672 4728 2813 4788 Dcus
2848 4734 2918 4788 sit
2975 4750 3062 4789 res
3102 4737 3344 4792 omnium
3401 4742 3544 4794 anti-

1977 4818 2270 4890 quissima,
2307 4821 2615 4878 imitatione
2672 4823 2913 4893 quadam
2943 4836 2997 4881 et
3040 4830 3399 4888 similitudine
3440 4849 3542 4888 nos

1982 4922 2165 4981 patres
2200 4900 2560 4983 appellantur,
2598 4916 2745 4986 quod
2798 4918 2865 4972 ad
2913 4916 3036 4989 ejus
3076 4920 3366 4991 imaginem
3412 4925 3538 4975 facti

1969 5019 2181 5057 smnus.
2207 5003 2275 5057 At
2310 5006 2605 5074 quomodo,
2636 5018 2844 5077 quaest),
2863 5009 2929 5063 ad
2963 5010 3082 5079 ejus
3120 5011 3247 5065 facti
3276 5013 3534 5066 similitu«

1968 5091 2147 5146 dinem
2180 5100 2498 5148 nostrorum
2535 5093 2769 5149 filiorqu
2802 5106 2983 5167 patres
3018 5115 3209 5153 sumus
3235 5101 3535 5156 secundum

1967 5194 2242 5246 naturam,
2274 5184 2319 5239 si
2367 5186 2689 5255 exemplari,
2725 5189 2882 5257 cujus
2924 5190 3225 5245 imitatione
3271 5191 3322 5245 id
3364 5194 3531 5251 liabe-

1964 5288 2109 5336 mus,
2132 5273 2233 5327 hoc
2269 5289 2377 5329 non
2412 5277 2589 5330 inest?
2620 5275 2907 5342 Quomodo
2933 5280 3165 5348 denique
3188 5286 3531 5351 paternitatis

1969 5379 2165 5418 nomen
2193 5362 2359 5419 etiam
2389 5364 2456 5419 ad
2485 5366 2622 5420 alios
2641 5385 2667 5419 a
2696 5364 2803 5421 Deo
2829 5382 3155 5437 permanare
3179 5375 3529 5439 concedetur,

1968 5458 2013 5511 si
2048 5456 2210 5511 Pater
2240 5471 2368 5511 vere
2393 5473 2499 5511 non
2534 5459 2658 5513 est?
2683 5458 2815 5512 Nam
2851 5460 2899 5515 si
2928 5460 3002 5514 ita
3033 5477 3092 5517 se
3129 5460 3312 5532 habet,
3339 5482 3530 5523 eversa

1968 5563 2199 5618 prorsus
2233 5548 2449 5605 videtur
2487 5551 2562 5605 rei
2608 5561 2826 5616 natura,
2855 5562 2910 5608 et
2934 5569 3033 5610 nos
3060 5556 3107 5611 ei
3134 5554 3313 5614 Patris
3346 5562 3531 5631 appel-

1965 5642 2227 5697 lationem
2266 5642 2334 5698 ad
2373 5642 2790 5699 similitudinem
2824 5656 3068 5703 nostram
3107 5653 3287 5719 potius
3327 5654 3533 5711 tribue-

1971 5748 2113 5798 mus,
2151 5748 2314 5805 quam
2344 5733 2460 5804 ipse
2486 5734 2666 5790 nobis.
2695 5734 2807 5793 Hoc
2840 5741 2984 5797 enim
3016 5743 3155 5798 ratio
3186 5744 3342 5801 fateri
3373 5759 3529 5818 coget
