4168 6550
620 394 689 447 47
1634 386 1689 440 S.
1716 384 1992 441 CYRILIJ
2028 385 2499 441 ALEXANDRINI
2541 388 2867 446 ARCHiEP.

3802 397 3884 455 48

624 506 948 561 haereticum
992 502 1077 557 vel
1114 501 1378 556 invitum.
1414 500 1602 570 Itaque
1633 500 1899 555 mentitur
1932 501 2089 556 testis
2116 501 2204 556 ille

2310 519 2394 556 σιν
2446 502 2545 573 τὴν
2588 503 2722 573 πρὸς
2772 505 2920 575 ἡμᾶς
2952 505 3013 557 τὸ
3063 506 3252 578 Πατὴρ
3294 505 3575 562 καλεῖσθαι
3613 508 3879 583 δώσομεν.

621 597 895 659 veritatis,
940 595 1035 665 qui
1086 609 1156 650 ex
1203 596 1326 664 ipso
1371 593 1760 663 paternitatem
1812 608 2034 647 omnem
2077 608 2200 649 esse

620 692 780 756 dicit,
818 689 873 744 in
918 689 1061 743 cmlo
1093 697 1148 742 et
1183 699 1350 742 terra.
1386 687 1456 741 At
1499 686 1605 740 hoc
1648 685 1832 740 dicere
1882 695 1967 740 est
2006 685 2200 740 absur-

623 785 940 839 dissimum.
976 781 1154 835 Verax
1188 780 1336 835 enim
1384 789 1472 834 est
1515 778 1608 848 qui
1645 793 1842 849 magna
1884 777 2082 832 ﬁducia
2112 777 2200 831 di-

623 876 702 930 cit
730 895 744 930 :
780 893 798 926 ι
817 874 897 927 An
924 873 1359 942 experimentum
1381 868 1628 938 quaeritis
1654 868 1776 937 ejus
1800 868 1892 938 qui
1926 869 1979 922 iu
2014 884 2100 923 me
2123 868 2200 924 lo-

622 968 811 1036 quitur
843 965 1103 1019 Christus
1130 963 1211 1016 "‘2
1236 980 1253 1014 ›
1286 961 1352 1015 Et
1384 976 1450 1015 ex
1478 960 1591 1015 Deo
1620 961 1969 1030 paternitatis
1999 975 2196 1015 nomen

620 1060 787 1114 etiam
822 1058 874 1111 in
904 1072 1007 1111 nos
1039 1054 1250 1110 deﬂuit.
1287 1053 1459 1124 Igitur
1494 1052 1797 1107 secundum
1830 1060 2088 1107 naturam
2114 1060 2197 1107 est

622 1152 783 1207 Pater
800 1151 964 1205 Verbi
986 1168 1002 1214 ;
1027 1149 1122 1205 sed
1151 1148 1338 1219 genuit
1374 1162 1482 1201 non
1507 1146 1831 1202 dissimilem
1870 1145 1997 1206 sibi,
2030 1144 2106 1197 ita
2138 1151 2195 1197 ut

625 1243 835 1314 aliquid
873 1243 927 1296 in
968 1242 1071 1295 hoc
1107 1240 1292 1294 minus
1320 1238 1392 1293 sit
1430 1252 1595 1307 quam
1641 1236 1696 1288 in
1727 1236 1870 1304 ipso.
1904 1232 2015 1288 Nos
2048 1234 2192 1287 enim

625 1338 693 1392 ad
724 1335 1086 1391 imitationem
1118 1334 1239 1399 ejus
1271 1330 1422 1392 facti,
1453 1330 1695 1383 minores
1729 1330 1825 1382 illo
1858 1342 2071 1389 sumus,
2097 1328 2191 1380 sed

575 1456 580 1460 -
625 1430 719 1499 qui
752 1443 781 1481 a
810 1427 973 1481 nobis
1001 1427 1241 1479 eduntur
1269 1423 1507 1493 aequales
1533 1420 1697 1475 nobis
1725 1428 1855 1473 sunt
1890 1419 2192 1474 secundum

626 1531 836 1575 naturas
874 1519 1163 1572 rationem.

2305 595 2447 666 ἢπερ
2480 594 2642 657 αὐτὸς
2686 598 2840 665 ἡμῖν.
2890 595 3060 649 Τοῦτο
3091 596 3200 668 γὰρ
3236 600 3264 651 6
3305 598 3465 665 λόγος
3505 600 3886 671 συνομολογεῖν

2305 686 2605 753 ἀναγκάσει
2642 687 2737 739 καὶ
2770 686 2971 740 ἄκοντα
3006 688 3097 739 τὸν
3127 690 3423 758 αἱρετικόν.
3456 690 3668 745 Οὐκοῦν
3691 692 3886 762 ψεύδε-

2306 793 2395 829 ται
2435 777 2535 847 τῆς
2570 777 2830 849 ἀληθείας
2863 779 2891 830 ό
2923 779 3153 849 μάρτυς,
3192 779 3253 844 ἐξ
3300 780 3465 834 αὐτοῦ
3503 780 3676 850 λέγων
3705 786 3887 837 πᾶσαν

2308 862 2446 920 εἶναι
2474 869 2734 939 πατριὰν,
2773 868 2829 923 ἔν
2854 886 2915 921 τε
2944 870 3158 942 οὐρανῷ
3188 872 3282 925 καὶ
3306 873 3397 925 ἐπὶ
3430 874 3554 943 γῆς.
3600 874 3738 926 Ἀλλ’
3768 875 3883 928 ἐστι

2302 958 2462 1011 τοῦτο
2492 959 2656 1027 φάναι
2679 960 2790 1013 τῶν
2823 960 3214 1018 ἀτοπωτάτων.
3261 964 3537 1034 Ἀληθεύει
3564 967 3672 1035 γὰρ
3697 968 3726 1020 ό
3752 968 3885 1039 θαρ-

2304 1052 2476 1121 σήσας
2509 1054 2683 1106 εἰπεῖν
2712 1069 2725 1083 ·
2770 1072 2788 1105 ι
2831 1052 2893 1106 Εἰ
2930 1054 3158 1126 δοκιμὴν
3186 1056 3399 1126 ζητεῖτε
3425 1058 3517 1112 τοῦ
3562 1062 3620 1113 ὲν
3642 1059 3764 1129 ἐμοὶ
3791 1059 3884 1113 λα-

2302 1142 2520 1207 λοῦντος
2572 1145 2845 1217 Χριστοῦ;
2883 1166 2901 1197 ι
2956 1148 3064 1201 Καὶ
3110 1151 3174 1202 ὲκ
3216 1150 3351 1203 Θεοῦ
3403 1148 3466 1204 τὸ
3503 1150 3602 1222 τῆς
3646 1152 3882 1219 πατριᾶς

2301 1237 2471 1307 ὸνομα
2522 1240 2614 1292 καὶ
2640 1242 2719 1303 είς
2745 1242 2775 1311 ἡ
2786 1242 2891 1311 μᾶς
2919 1242 3202 1311 καταρρεῖ.
3233 1242 3445 1295 Οὐκοῦν
3470 1245 3585 1296 ἐστι
3617 1243 3755 1296 κατὰ
3784 1241 3888 1310 φύ-

2305 1348 2389 1383 σιν
2432 1332 2526 1384 τοῦ
2578 1333 2751 1400 Λόγου
2800 1334 3025 1405 Πατήρο
3065 1328 3251 1387 τέτοκε
3296 1334 3352 1387 δὲ
3391 1336 3610 1399 πάντως
3655 1337 3754 1389 οὐκ
3790 1335 3887 1388 ἀνε-

2302 1422 2487 1492 όμοιον
2510 1424 2687 1494 ἐαυτῷ
2704 1466 2719 1490 ,
2744 1424 2830 1478 διὰ
2855 1424 2948 1478 τοῦ
2977 1424 3037 1477 τὸ
3064 1426 3279 1480 ἔλαττον
3308 1428 3451 1497 ἔχειν
3472 1466 3486 1489 ,
3512 1427 3547 1497 ἢ
3589 1428 3647 1480 ὲν
3682 1422 3836 1488 οἴςπέ
3847 1444 3879 1496 ρ

2303 1514 2451 1565 ἐστὶν
2493 1514 2654 1576 αὐτός
2681 1531 2693 1543 ⁸
2742 1516 2790 1566 οἱ
2830 1515 2940 1585 γὰρ
2972 1515 3108 1584 πρὸς
3142 1516 3371 1586 μίμησιν
3389 1515 3690 1583 ,γεγονότες
3722 1516 3881 1585 ἡμεῖς

623 1614 724 1683 τὴν
776 1612 1027 1677 ἐκείνου,
1064 1608 1260 1678 ἔχομεν
1306 1607 1404 1678 οὐχ
1431 1607 1573 1660 οὕτω
1598 1606 1666 1659 τὰ
1734 1604 1795 1670 ἐξ
1862 1603 2070 1656 ἑαυτῶν
2136 1602 2476 1674 γεννώμενα,
2535 1606 2624 1660 ἴσα
2663 1608 2718 1660 δὲ
2771 1608 3050 1672 παντελῶς
3093 1610 3234 1663 κατά
3276 1627 3341 1679 γε
3381 1610 3475 1664 τὸν
3519 1611 3622 1681 τῆς
3666 1608 3881 1679 φύσεως

621 1707 798 1775 λόγον.

690 1760 918 1853 ALIUD.
942 1795 1023 1851 Ne
1049 1796 1331 1851 veritatem
1352 1794 1507 1849 vafer
1533 1794 1831 1849 ltzercticus
1858 1794 2192 1857 ludilicetur,

2378 1788 2582 1840 ΛΛΛυ.
2618 1787 2709 1858 Μὴ
2752 1788 3056 1857 σοφιζέσθω
3077 1788 3175 1857 τὴν
3202 1760 3515 1859 ἀλήθειανῖ
3541 1791 3782 1855 ποικίλος
3801 1794 3883 1857 είς

622 1906 805 1961 neque
826 1890 1024 1944 Filium
1050 1888 1142 1945 Dei
1168 1888 1274 1958 25
1300 1886 1539 1942 Verbum
1573 1887 1794 1942 fatendo
1833 1886 2036 1942 nudum
2066 1887 2114 1939 ei
2146 1894 2199 1938 et

622 1983 814 2037 verbis
855 1992 1016 2037 tenus
1044 1982 1312 2035 honorem
1341 1981 1569 2042 tribuat,
1597 1994 1707 2034 non
1728 1974 1731 1979 ’
1754 1995 1879 2035 esse
1922 1980 2099 2048 ipsum
2132 1993 2198 2030 ex

624 2074 937 2129 substantia
981 2072 1161 2127 Patris
1209 2086 1491 2127 asserens.
1528 2069 1816 2136 Quomodo
1846 2072 1991 2125 enim
2039 2071 2200 2139 plane

622 2164 802 2221 Filius
853 2176 959 2228 est,
994 2164 1041 2219 si
1090 2171 1291 2218 natura
1338 2162 1419 2216 ita
1459 2176 1568 2216 non
1613 2162 1736 2217 est?
1776 2162 1885 2215 Aut
1927 2174 2059 2228 ergo
2108 2160 2202 2214 de-

623 2266 802 2313 tracta
838 2256 1151 2329 hypocrisis
1181 2270 1422 2326 persona
1457 2255 1638 2324 palam
1665 2253 2069 2323 blaSphement,
2100 2268 2200 2307 nec

624 2346 798 2401 Deum
832 2360 935 2403 nec
966 2343 1164 2398 Filium
1201 2358 1325 2399 esse
1355 2343 1593 2396 latentes
1620 2358 1634 2395 :
1658 2346 1755 2393 aut
1789 2340 1834 2394 si
1875 2340 2199 2394 auctoritate

629 2441 1042 2513 Scripturarutn
1111 2439 1384 2501 convicti,
1450 2446 1505 2492 et
1567 2446 1883 2490 sanctorum
1951 2434 2198 2489 doctrina

625 2535 783 2599 tacti,
832 2533 1113 2588 veritatem
1165 2536 1505 2592 reverentur,
1548 2534 1603 2582 et
1644 2526 1841 2580 Filium
1898 2525 2086 2580 dicunt
2137 2538 2199 2578 ac

627 2626 820 2690 Deum,
852 2640 919 2679 ne
948 2622 1112 2677 Patre
1152 2621 1418 2675 minorem
1461 2633 1583 2673 esse
1628 2617 1886 2687 cogitent.
1918 2613 2201 2680 Quomodo

625 2718 779 2774 enim
828 2715 1011 2770 minus
1066 2711 1298 2782 accipiet
1328 2715 1575 2779 respectu
1612 2706 1788 2761 Patris
1824 2704 1937 2769 Dei,
1966 2719 2090 2758 cum
2130 2704 2202 2758 sit

623 2809 773 2865 Deus
803 2804 1076 2863 Verbum?
1104 2802 1241 2857 Nam
1292 2809 1346 2856 et
1393 2801 1556 2855 homo
1603 2796 1843 2853 hominis
1894 2795 2116 2858 dicitur,
2150 2804 2204 2849 et

627 2908 735 2964 est,
763 2899 928 2963 illius,
962 2894 1058 2953 sed
1092 2910 1203 2949 non
1230 2893 1336 2949 erit
1378 2891 1589 2947 idcirco
1633 2896 1786 2959 patre
1829 2888 2029 2951 minor,
2062 2903 2201 2957 qua-

627 3003 792 3049 tenus
841 2996 928 3044 est
969 2987 1154 3041 homo.
1177 2981 1355 3038 nomo
1381 2982 1528 3037 enim
1577 2979 1818 3042 homine,
1849 2979 1906 3032 in
1939 2986 2202 3048 quantum

628 3084 795 3137 homo
846 3085 952 3141 est,
982 3090 1093 3129 non
1138 3083 1223 3129 est
1272 3072 1448 3141 major
1498 3077 1590 3124 aut
1644 3071 1845 3136 minor,
1878 3069 1973 3125 sed
2028 3083 2204 3138 neque

2300 1879 2489 1947 λόγους
2533 1880 2824 1949 αἱρετικὸς,
2860 1880 2994 1949 μηδὲ
3044 1880 3172 1933 Υίὸν
3202 1880 3478 1950 ὁμολογῶν
3506 1882 3597 1934 τὸν
3624 1881 3718 1935 τοῦ
3743 1882 3881 1937 Θεοῦ

2301 1973 2472 2039 Λόγον
2497 2014 2511 2036 ,
2540 1972 2702 2042 ψιλὴν
2734 1972 2882 2042 αὐτῷ
2923 1973 3017 2025 xui.
3054 1976 3155 2044 τὴν
3179 1975 3235 2026 ὲν
3280 1974 3487 2045 ῥήμασι
3521 1975 3702 2044 μόνοις
3726 1992 3880 2046 χαρι-

2300 2064 2476 2128 ζέσθω
2510 2065 2676 2134 τιμὴν
2698 2104 2712 2128 ,
2757 2065 2857 2118 οὐκ
2888 2060 3028 2118 εἶναι
3056 2066 3230 2133 λέγων
3258 2066 3419 2119 αὐτὸν
3457 2068 3525 2120 ἐκ
3558 2068 3659 2135 τῆς
3685 2068 3876 2132 οὐσίας

2299 2156 2396 2226 τῆς
2447 2155 2540 2207 τοῦ
2573 2155 2804 2226 Πατρός.
2870 2154 2995 2219 Πῶς
3045 2156 3154 2226 γὰρ
3195 2156 3332 2219 ὅλως
3379 2156 3542 2222 Υἱὸς,
3595 2160 3644 2209 εἰ
3678 2156 3753 2228 μὴ
3787 2156 3880 2211 οὖ-

2299 2263 2407 2310 τως
2457 2246 2570 2317 ἔχοι
2598 2247 2740 2300 κατὰ
2767 2247 2928 2316 φύσιν
2955 2264 2968 2312 ;
3022 2248 3090 2300 Ἢ
3121 2247 3301 2301 τοίνυν
3324 2249 3386 2299 τὸ
3412 2246 3513 2317 τῆς
3541 2247 3915 2319 ὑποκρίσεως

2301 2337 2644 2409 περιελόντες
2719 2340 3060 2408 προσωπεῖον
3113 2337 3564 2407 δυσφημείτωσαν
3640 2339 3880 2406 ἀναφαν-

2298 2424 2424 2489 δὸν,
2480 2427 2615 2495 μήτε
2668 2425 2798 2479 Θεὸν
2844 2426 2981 2497 μήτε
3025 2427 3154 2479 Υίὸν
3185 2426 3609 2501 ὁμολογοῦντες·
3656 2428 3689 2496 ἢ
3720 2426 3883 2498 εἴπερ

2300 2521 2364 2573 ὲκ
2398 2520 2575 2588 πάσης
2620 2520 2962 2591 ἐλεγχόμενοι
3001 2520 3100 2590 τῆς
3134 2520 3284 2584 θείας
3318 2521 3570 2592 Γραφῆς,
3622 2520 3719 2575 καὶ
3765 2520 3881 2584 τοῖς

2299 2606 2408 2658 τῶν
2473 2606 2643 2674 ἁγίων
2689 2607 2866 2675 λόγοις
2936 2609 3520 2680 κατασφενδονούμενοι
3572 2609 3883 2664 δυσωποῦν-

2300 2713 2390 2750 ται
2420 2695 2516 2767 τὴν
2549 2695 2824 2767 ἀλήθειαν,
2855 2698 2949 2750 καὶ
2994 2697 3121 2751 Υἰὸν
3160 2694 3300 2751 εἶναι
3338 2699 3558 2767 λέγουσι
3598 2700 3692 2753 καὶ
3726 2700 3881 2767 Θεὸν,

2306 2784 2380 2855 μὴ
2407 2784 2775 2855 φρονείτωσαν
2806 2786 2881 2849 ὡς
2910 2786 3057 2839 ἔστιν
3089 2786 3327 2841 ἐλάττων
3353 2788 3448 2842 τοῦ
3468 2789 3878 2859 γεγεννηκότος.

2304 2876 2426 2940 Πῶς
2461 2877 2568 2948 γὰρ
2595 2877 2733 2941 ὅλως
2773 2878 3073 2942 ὲπιδέξεται
3114 2879 3177 2932 τὸ
3222 2878 3441 2934 ἔλαττον
3493 2881 3569 2945 ὼς
3613 2882 3750 2953 πρὸς
3792 2881 3885 2935 τὸν

2305 2969 2522 3041 Πατέρα
2551 2968 2705 3032 Θεὸν,
2735 2969 2868 3033 Θεὸς
2896 2969 2973 3024 ὢν
3004 2973 3032 3024 6
3058 2971 3228 3039 Λόγος
3252 2987 3268 3038 ;
3304 2973 3497 3026 Καίτοι
3546 2975 3640 3027 καὶ
3669 2973 3882 3046 ἄνθρω-

2305 3077 2406 3124 πος
2435 3060 2722 3131 ἀνθρώπου
2771 3064 3101 3133 χρηματίζει
3141 3080 3201 3117 τε
3255 3065 3351 3117 καὶ
3402 3064 3549 3117 ἔστιν
3586 3065 3737 3129 Υἱὸς,
3766 3064 3887 3119 ἀλλ’

629 3174 818 3230 forsan
868 3168 1093 3241 angelus
1141 3166 1356 3236 angelo,
1403 3171 1677 3234 quatenus
1730 3163 1979 3231 angelus,
2028 3175 2205 3231 neque

2310 3154 2407 3206 οὐκ
2436 3153 2674 3207 ἐλάττων
2719 3154 2872 3208 ἔσται
2902 3155 2996 3208 τοῦ
3024 3156 3241 3228 Πατρὸς
3271 3158 3414 3210 κατά
3442 3174 3507 3225 γε
3536 3156 3597 3209 τὸ
3626 3153 3764 3211 εἶναι
3789 3158 3886 3211 άν-

630 3281 723 3322 res
747 3263 855 3319 ulla
887 3266 1135 3331 respectu
1175 3256 1397 3312 alterius
1426 3268 1548 3325 quae
1578 3254 1650 3309 sit
1687 3253 1932 3322 ejusdem
1972 3258 2200 3315 naturae,

629 3366 686 3415 et
741 3354 987 3427 ejusdem
1038 3350 1288 3408 essentiae
1340 3348 1606 3401 rationem
1665 3345 1876 3400 sortita.
1916 3342 2103 3412 Itaque
2158 3340 2204 3398 si

631 3462 823 3506 revera
851 3454 936 3501 est
960 3443 1151 3509 Filius,
1178 3455 1403 3497 necesse
1434 3448 1518 3495 est
1557 3438 1741 3492 dicere
1774 3438 1954 3507 ipsum
1986 3450 2107 3490 esse
2135 3449 2205 3489 ex

630 3534 816 3590 Patris
880 3531 1209 3595 substantia,
1275 3543 1466 3583 omnes
1534 3526 1655 3597 ejus
1712 3527 2075 3597 proprietates
2148 3523 2204 3577 in

633 3628 818 3697 seipso
846 3625 1110 3679 terentem
1149 3622 1516 3676 naturaliter:
1552 3620 1682 3675 etsi
1718 3627 1912 3672 natura
1950 3618 2091 3672 Deus
2122 3623 2207 3671 est

631 3720 818 3783 Pater,
850 3717 993 3772 Deus
1042 3716 1232 3784 utique
1275 3714 1577 3769 secundum
1632 3721 1884 3765 naturam
1928 3708 2092 3763 etiam
2124 3713 2208 3761 est

638 3809 874 3866 Verbum
920 3822 988 3863 ex
1046 3805 1166 3876 ipso
1213 3805 1476 3876 genitum.
1514 3800 1800 3868 Quomodo
1850 3811 1978 3868 ergo
2030 3798 2209 3851 minor

632 3902 742 3958 erit
794 3899 938 3955 Deus
997 3897 1130 3966 Deo,
1169 3910 1233 3952 ea
1302 3908 1497 3965 nempe
1560 3894 1771 3948 ratione
1819 3905 1925 3963 qua
1982 3898 2210 3954 uterque

637 3995 779 4052 Deus
808 3994 923 4050 est?

706 4297 935 4354 ALIUD.
983 4294 1140 4351 Unde
1188 4293 1362 4355 vobis,
1391 4303 1598 4361 quaeso,
1650 4295 1799 4342 tanta
1856 4288 2104 4353 audacia,
2155 4297 2213 4342 ut

640 4390 835 4445 dicatis
889 4383 1170 4442 inferioris
1223 4378 1555 4437 conditionis
1606 4392 1729 4434 esse
1788 4374 1986 4430 Filium
2047 4392 2212 4447 quam

638 4476 896 4535 Patrem?
926 4472 1202 4546 quomodo
1235 4483 1365 4525 vero
1393 4468 1575 4523 minus
1605 4463 1868 4534 accipiet?
1897 4461 2211 4519 Exsistendi
2246 4489 2290 4546 υ

638 4576 787 4627 certe
816 4578 1082 4639 tempore,
1101 4577 1268 4619 nemo
1298 4561 1383 4617 vel
1409 4559 1649 4615 maxime
1678 4556 1886 4614 delirus
1916 4555 2210 4627 putaverit.

639 4663 737 4718 Est
769 4660 916 4718 enim
952 4667 1080 4715 ante
1130 4654 1333 4714 saecula
1380 4651 1575 4716 Filius,
1617 4661 1670 4706 et
1715 4650 1832 4720 ipse
1886 4648 2213 4705 saeculorum

638 4763 724 4812 est
764 4752 1019 4810 conditor
1067 4769 1082 4806 :
1136 4762 1315 4818 neque
1360 4741 1746 4800 circumscribi
1800 4750 2043 4811 tempore
2091 4738 2215 4809 jure

640 4847 959 4905 censebitur
991 4842 1086 4915 qui
1130 4850 1375 4911 tempore
1404 4837 1599 4908 quovis
1638 4834 2040 4905 generationem
2074 4832 2217 4885 anti-

640 4942 891 5013 qu’iorem
917 4937 1103 4993 habet.
1133 4932 1239 4989 Sed
1275 4946 1454 5001 neque
1485 4927 1880 4999 magnitudinis
1910 4924 2217 4997 quantitate

641 5034 763 5104 ipso
813 5030 918 5087 erit
958 5026 1187 5083 inferior
1228 5042 1241 5079 :
1274 5019 1668 5092 magnitudinis
1701 5018 1868 5082 enim,
1903 5025 1958 5072 ct
1992 5015 2214 5086 quanti-

642 5122 794 5188 tatis,
829 5130 882 5177 et
920 5117 1170 5188 corporis
1205 5128 1403 5184 expers
1427 5120 1623 5168 natura
1657 5110 1841 5165 divina
1868 5107 2213 5178 intelligitur,

640 5224 696 5271 et
743 5223 849 5271 est.
902 5208 1189 5279 Quomodo
1237 5220 1368 5277 ergo
1428 5202 1726 5258 minoratio
1782 5198 2105 5256 ostendetur
2163 5199 2217 5252 in

640 5303 820 5362 Filio?
854 5302 914 5356 In
951 5299 1123 5373 gloria
1164 5296 1328 5359 forte,
1365 5295 1507 5350 dicet
1537 5293 1760 5364 aliquis,
1801 5292 1857 5345 in
1896 5291 2122 5355 virtute,
2164 5289 2219 5343 iu

645 5393 951 5466 sapientia;
986 5391 1172 5445 dicant
1207 5401 1360 5458 ergo,
1385 5393 1625 5456 quantus
1657 5386 1729 5440 sit
1772 5383 1827 5437 in
1859 5382 1944 5438 his
1975 5388 2029 5436 et
2058 5394 2219 5451 quam

647 5484 874 5556 grandis
914 5482 1096 5544 Pater,
1148 5487 1208 5535 ut
1262 5480 1339 5534 ita
1396 5477 1600 5545 dicam,
1657 5488 1712 5531 ut
1768 5475 1949 5531 minor
1999 5472 2222 5529 demum

648 5573 824 5630 Filius
850 5571 1188 5641 intelligatur
1216 5568 1283 5623 ad
1309 5567 1454 5624 illius
1485 5581 1800 5623 mensuram
1823 5572 2177 5635 comparatus
2204 5583 2217 5617 :

652 5669 746 5716 aut
783 5662 829 5717 si
859 5658 1508 5729 incomprehensibilibus
1539 5664 1592 5713 et
1625 5656 1912 5715 immensis
1946 5656 2105 5714 bonis
2137 5663 2221 5713 est

754 5837 803 5871 “
824 5834 868 5892 ll
896 5837 1020 5896 Cor.
1057 5853 1174 5904 χιιι,
1210 5838 1261 5894 5.

2308 3244 2523 3319 θρωπος
2546 3264 2559 3277 ·
2594 3246 2880 3318 ἄνθρωπος
2905 3247 3013 3318 γὰρ
3038 3246 3325 3319 ἀνθρώπου
3347 3289 3361 3313 ,
3413 3248 3551 3302 καθὸ
3577 3248 3889 3320 ἄνθρωπος,

2308 3338 2410 3391 οὐκ
2440 3338 2507 3391 ἂν
2546 3339 2630 3407 εἴη
2684 3336 2887 3408 μείζων
2942 3338 2974 3409 ἢ
3021 3339 3257 3393 ἐλάττων
3280 3379 3296 3405 ,
3357 3340 3472 3393 ἀλλ’
3502 3340 3626 3393 οὐδὲ
3657 3340 3886 3411 ἄγγελος

2309 3429 2542 3497 ἀγγέλου
2571 3430 2733 3499 τυχὸν
2781 3430 2916 3483 καθὸ
2960 3430 3209 3500 ἄγγελος,
3238 3432 3270 3501 ἢ
3296 3431 3479 3501 ἕτερόν
3502 3449 3557 3484 τι
3586 3431 3695 3486 τῶν
3717 3433 3891 3487 ὄντων

2307 3521 2447 3592 πρὸς
2470 3523 2580 3575 πᾶν
2613 3522 2790 3575 ὁτιούν
2822 3524 2850 3576 6
2860 3524 3084 3594 μοφυὲς,
3149 3524 3243 3577 καὶ
3271 3525 3361 3579 τὸν
3386 3524 3484 3595 τῆς
3505 3524 3677 3595 αὐτῆς
3700 3526 3887 3589 οὐσίας

2312 3612 2470 3681 λόγον
2515 3614 3063 3700 ἀποκεκληρωμένον.
3119 3615 3326 3669 Οὐκοῦν
3360 3616 3408 3668 εί
3447 3617 3590 3670 κατά
3628 3616 3889 3687 ἀλήθειάν

2310 3704 2458 3757 ἐστιν
2492 3704 2620 3768 Υἱὸς
2640 3746 2655 3770 ,
2702 3705 2914 3775 ἀνάγκη
2950 3705 3163 3772 λέγειν,
3198 3705 3273 3768 ὼς
3306 3704 3451 3758 ἔστιν
3482 3706 3546 3758 ὲκ
3575 3706 3674 3776 τῆς
3698 3705 3886 3769 οὐσίας

2310 3793 2644 3867 τοῦἩατρὸς
2663 3835 2677 3857 ,
2712 3798 2891 3849 πάντα
2920 3795 2989 3848 τὰ
3023 3796 3239 3866 ἐκείνης
3269 3797 3374 3849 ἴδια
3402 3797 3582 3867 φέρων
3628 3797 3685 3849 ἐν
3713 3796 3889 3866 ἑαυτῷ

2313 3887 2557 3957 φυσικῶς
2580 3905 2595 3919 ·
2631 3886 2727 3939 καὶ
2756 3889 2804 3939 εί
2834 3886 2993 3956 φύσει
3025 3886 3157 3949 Θεὸς
3184 3889 3212 3940 6
3240 3888 3453 3959 Πατὴρ,
3480 3887 3613 3950 Θεὸς
3648 3887 3889 3957 δηλονότι

2313 3978 2458 4032 κατὰ
2482 3978 2643 4047 φύσιν
2670 3979 2766 4032 καὶ
2795 3980 2823 4030 6
2850 3979 3021 4046 Λόγος
3054 3981 3082 4032 ό
3125 3978 3184 4043 ἐξ
3223 3980 3390 4050 αὐτῆς
3418 3981 3719 4051 γεννηθείς.
3764 3982 3889 4045 Πῶς

2314 4066 2407 4124 οὖν
2436 4070 2672 4125 ἐλάττων
2697 4071 2849 4124 ἔσται
2879 4071 3011 4134 Θεὸς
3036 4070 3171 4125 Θεοῦ
3190 4108 3207 4134 ,
3257 4073 3351 4126 καὶ
3372 4072 3535 4126 ταύτὸ
3559 4073 3625 4143 δὴ
3648 4073 3805 4127 τοῦτο
3829 4073 3895 4128 τὸ

2316 4159 2453 4216 εἶναι
2485 4164 2614 4227 Θεός
2641 4180 2656 4230 ;

2386 4275 2596 4329 ΑΛΛΟ.
2636 4273 2809 4327 Πόθεν
2834 4275 2964 4345 ὑμῖν
2984 4315 3001 4339 ,
3046 4268 3091 4327 ὦ
3118 4267 3294 4337 οὗτοι,
3337 4273 3570 4345 πάρεστι
3605 4274 3812 4347 τολμᾷν
3833 4274 3896 4328 τὸ

2318 4367 2375 4418 ἐν
2404 4365 2652 4420 ἐλάττοσι
2681 4364 2895 4419 κεῖσθαι
2930 4364 3111 4433 λέγειν
3151 4365 3242 4418 τὸν
3273 4364 3400 4419 Υίὸν
3419 4405 3434 4429 ,
3484 4366 3517 4435 ἢ
3549 4366 3607 4419 ὲν
3634 4358 3715 4429 οἷς
3747 4368 3897 4420 ἑστιν

2316 4459 2344 4509 ό
2363 4456 2630 4525 γεννήσας
2657 4457 2858 4523 αὐτόν;
2909 4457 3051 4510 κατὰ
3080 4456 3199 4510 τίνα
3236 4456 3292 4510 δὲ
3340 4458 3538 4527 τρόπον
3566 4458 3627 4511 τὸ
3675 4456 3895 4511 ἔλαττον

2320 4547 2663 4613 ὲπιδέξεται;
2732 4547 2890 4601 Κατά
2932 4548 3045 4617 μὲνζ
3072 4543 3164 4601 οὖν
3211 4548 3300 4601 τὸν
3329 4549 3385 4601 ὲν
3410 4544 3489 4619 τῷ
3521 4543 3661 4601 εἶναι
3684 4548 3896 4621 χρόνον,

2320 4640 2420 4693 οὐκ
2445 4642 2510 4695 ἄν
2538 4657 2641 4704 τις,
2680 4634 2854 4710 οἶμαι,
2883 4639 2978 4693 καὶ
3004 4639 3204 4711 σφόδρα
3236 4639 3418 4711 ληρῶν
3446 4640 3728 4696 ὑπολάϐοι.
3756 4641 3899 4713 Προ-

2324 4732 2540 4796 αιώνιος
2584 4733 2692 4802 γὰρ
2717 4734 2745 4786 6
2785 4732 2940 4795 Υἱὸς,
2988 4733 3081 4787 καὶ
3127 4734 3287 4797 αὐτός
3326 4735 3443 4787 ἐστι
3490 4733 3600 4787 τῶν
3627 4734 3839 4787 αἰώνων
3866 4733 3897 4784 6

2325 4824 2575 4893 ποιητὴς,
2606 4823 2701 4877 καὶ
2720 4823 2801 4876 ὅτι
2832 4823 2931 4875 οὐκ
2961 4822 3029 4876 ἂν
3056 4821 3192 4887 ὃλως
3222 4820 3583 4894 περιορίζοιτο
3630 4821 3805 4894 χρόνῳ
3838 4822 3899 4874 τὸ

2323 4917 2514 4989 χρόνου
2546 4917 2745 4980 παντὸς
2776 4915 3153 4987 πρεσὸυτέραν
3180 4915 3303 4986 ἔχον
3348 4915 3447 4985 τὴν
3472 4916 3745 4984 γέννησιν,
3775 4932 3898 4984 νοη-

2325 5009 2443 5079 θείη
2473 5008 2719 5072 εὶκότως.
2786 5008 2925 5061 Ἀλλ’
2965 5008 3086 5061 οὐδὲ
3113 5010 3169 5060 ὲν
3200 5006 3351 5076 ποσῷ
3381 5006 3461 5077 τῷ
3494 5008 3633 5061 κατά
3673 5006 3899 5079 μέγεθος

2329 5098 2565 5151 ἐλάττων
2610 5098 2773 5152 αὐτοῦ
2796 5111 2811 5126 ⁸
2835 5095 3111 5169 ἀμεγέθης
3144 5096 3281 5167 γὰρ,
3305 5095 3507 5160 άποσός
3530 5112 3589 5149 τε
3627 5097 3723 5150 καὶ
3754 5095 3898 5149 ἀσώ-

2334 5206 2498 5259 ματος
2531 5191 2565 5261 tl)
2600 5188 2718 5242 θεία
2748 5191 2945 5242 νοεῖται
2993 5190 3088 5242 καὶ
3127 5186 3242 5239 ἔστι
3292 5186 3471 5256 φύσις.
3524 5187 3648 5251 Πῶς
3673 5183 3767 5241 οὖν
3795 5186 3903 5257 ἄρα

2325 5282 2388 5335 τὸ
2436 5281 2653 5336 ἔλαττον
2702 5282 2796 5334 ἐπὶ
2836 5280 2932 5333 τοῦ
2981 5278 3332 5349 γεννηθέντος
3377 5279 3759 5351 (Saxonas-rut;
3811 5277 3900 5330 Ἐν

2324 5376 2452 5448 δόξῃ
2480 5376 2663 5429 λοιπὸν
2688 5417 2703 5441 ,
2732 5374 2849 5443 ἐρεῖ
2878 5391 2960 5436 τις
2986 5372 3180 5443 τυχὸν,
3234 5374 3292 5425 ὲν
3329 5371 3591 5442 δυνάμει,
3631 5372 3687 5424 ὲν
3718 5370 3897 5441 σοφία.

2327 5469 2652 5538 Λεγέτωσαν
2686 5466 2867 5519 τοίνυν
2888 5508 2902 5534 ,
2932 5465 3095 5528 πόσος
3120 5465 3266 5517 ἐστὶν
3291 5465 3349 5518 ὲν
3382 5463 3591 5529 τούτοις
3624 5462 3715 5516 καὶ
3741 5460 3902 5529 πηλί-

2326 5579 2423 5626 κος
2443 5564 2471 5615 6
2496 5562 2705 5632 Πατὴρ,
2745 5560 2799 5613 εί
2815 5576 2876 5628 γε
2904 5558 3010 5631 χρὴ
3037 5558 3133 5611 καὶ
3158 5556 3322 5611 τοῦτο
3354 5558 3528 5610 εἰπεῖν
3556 5594 3571 5619 ,
3604 5555 3690 5607 ἵνα
3716 5554 3905 5623 νοῆται

2328 5656 2512 5711 λοιπὸν
2534 5655 2771 5711 ἐλάττων
2802 5655 2829 5706 6
2864 5652 3022 5721 Υἱὸς,
3053 5651 3129 5716 ὠς
3154 5649 3289 5723 πρὸς
3323 5650 3499 5703 ἐκεῖνο
3529 5644 3893 5718 ἐκμετρούμενη
