4168 6560
292 364 368 427 ω
1370 354 1433 410 ΙΝ
1472 350 1753 409 JOANNIS
1783 346 2230 405 EVANGELIUM
2275 345 2402 401 LIB.
2442 337 2482 399 Ι.
3468 341 3538 398 50

304 499 391 546 voc
414 497 426 510 '
458 478 492 551 ἢ
526 477 685 550 εἴπερ
722 476 870 532 ἐστὶν
894 475 951 529 ὲν
974 474 1376 543 ἀκαταλήπτοις
1406 474 1498 527 καὶ
1523 470 1865 542 ἀνεκμετρή-
1892 520 1898 532 ι

1998 466 2249 529 .rzeditus,
2278 472 2333 521 et
2367 472 2569 543 nostra:
2613 458 2811 514 mentis
2839 461 3059 527 captum
3104 454 3337 509 mellam
3378 469 3541 510 exce-

299 590 414 637 τοις
453 573 483 626 ὁ
514 570 704 641 Πατὴρ
747 567 991 637 ἀγαθοῖς,
1039 566 1130 619 καὶ
1169 564 1303 619 πολύ
1345 566 1406 618 τὸ
1447 566 1546 634 τῆς
1600 562 1872 634 ἡμετέρας

295 659 540 723 διανοίας
562 657 915 730 ἀνατρέχουσι
939 655 1140 727 μέτρον
1159 693 1176 719 ,
1197 654 1359 709 πόθεν
1379 652 1636 709 ἐλάττονα
1658 652 1874 721 λέγουσι

303 753 396 804 τὸν
436 749 564 803 Υιὸν
612 750 659 802 oi
712 749 890 803 πάντα
935 746 1243 817 τολμῶντες
1293 745 1525 816 ἑτοίμως
1574 745 1873 815 Ἀρειανοὶ,

308 840 445 912 πρὸς
495 838 804 910 ἀνατροπὴν
852 836 946 891 τοῦ
997 839 1288 909 προσόντος
1336 836 1485 907 αὐτῷ
1530 836 1671 890 κατά
1716 834 1876 905 φύσιν

309 931 647 1001 ἀξιώματος;
707 929 1018 999 Ἐλέγχεται
1047 928 1155 999 γὰρ
1194 926 1617 998 ἀντιπαραθέσει
1642 928 1709 996 τῇ
1740 924 1877 996 πρὸς

308 1022 370 1074 τὸ
401 1021 582 1093 μεῖζον
631 1021 691 1073 τὸ
729 1020 946 1074 ἔλαττον
970 1063 983 1075 .
1032 1020 1131 1073 οὐκ
1178 1018 1626 1089 ὲκμετρουμένης
1664 1016 1721 1069 δὲ
1779 1015 1877 1085 τῆς

305 1110 464 1175 ἀξίας
490 1110 581 1164 τοῦ
604 1111 835 1183 Πατρὺς,
862 1110 989 1164 ποία
1020 1110 1184 1174 δεῖξις
1215 1111 1272 1164 ὲν
1300 1108 1416 1180 Υίῷ
1439 1107 1532 1162 τοῦ
1566 1106 1877 1179 μειονεκτή-

314 1217 481 1271 ματος
502 1218 518 1268 ;

380 1334 585 1387 ΔΛΛΟ.
644 1334 767 1388 Ἐπὶ
802 1337 866 1405 τῇ
910 1333 1157 1407 βδελυρίᾳ
1190 1333 1297 1387 τῶν
1329 1334 1556 1387 ἀνοσίων
1591 1332 1879 1400 αίρετικῶν

310 1423 520 1489 ἔξεστιν
563 1423 731 1487 ὅντως
773 1426 944 1478 εἰπεῖν
982 1423 1344 1493 ἀληθεύοντας
1382 1438 1396 1453 ο
1452 1440 1471 1474 ι
1499 1422 1562 1474 Ui
1610 1422 1667 1474 δὲ
1698 1421 1881 1491 ἐχθροὶ

313 1514 472 1585 ἡμῶν
500 1515 737 1583 ἀνόητοι.
767 1535 786 1568 ι
853 1515 976 1579 Πῶς
1007 1515 1115 1586 γάρ
1143 1516 1241 1569 οὐκ
1281 1514 1347 1568 ἀν
1386 1510 1495 1567 εἷεν
1528 1513 1708 1582 πάσης
1738 1513 1883 1581 ἀμαυ

320 1605 442 1669 θίας
483 1606 771 1678 ἀνάπλεῳ,
809 1624 828 1659 ι
863 1608 937 1677 μὴ
983 1606 1182 1670 εἰδότες
1221 1607 1356 1676 μήτε
1389 1604 1426 1658 ἃ
1453 1604 1706 1672 λέγουσι,
1747 1604 1881 1673 μήτε

313 1698 446 1769 περὶ
470 1696 632 1752 τίνων
650 1696 1110 1761 διαϐεϐαιοῦνται;
1146 1716 1164 1748 ι
1200 1696 1452 1766 καθάπερ
1482 1696 1511 1747 ὁ
1534 1694 1745 1755 nam:
1776 1711 1882 1763 φη-

316 1807 424 1844 σιν.
450 1791 612 1844 Ὅτου
655 1789 713 1842 δὲ
749 1789 814 1861 δὴ
855 1789 1014 1859 χάριν
1039 1789 1396 1858 ἐπισκήπτειν
1438 1788 1621 1850 αὐτοῖς
1663 1786 1887 1855 οίόμεθα

1975 558 2232 614 dentibus
2262 598 2278 623 ,
2324 542 2598 609 undenam
2641 551 2909 605 minorem
2948 547 3140 602 dicunt
3173 560 3294 601 csse
3341 542 3538 600 Filium

1975 650 2066 719 qui
2116 647 2301 702 omnia
2348 652 2551 699 temere
2591 640 2794 695 audent
2834 638 3046 703 Ariani,
3078 635 3145 691 ad
3187 631 3540 690 evertendam
3645 624 3653 633 ’

1976 748 2097 804 qum
2118 732 2167 787 ei
2204 730 2526 785 naturaliter
2552 727 2698 782 inest
2740 724 3099 796 dignitatem?
3124 720 3543 791 Comparatione

1978 824 2085 894 26
2110 822 2257 878 enim
2301 819 2528 890 majoris
2559 819 2740 873 minus
2778 814 3073 871 innotescit
3099 832 3112 868 :
3139 810 3318 866 Patris
3359 817 3542 863 autem

1979 915 2298 985 dignitatem
2357 927 2466 967 non
2515 909 2770 977 dimensi,
2805 906 3077 979 quomodo
3124 901 3541 963 diminutionem

1979 1004 2280 1062 ostendatis
2305 1003 2358 1057 in
2383 1001 2557 1057 Filio?-

2050 1311 2278 1367 ALIUD.
2325 1309 2399 1365 De
2456 1305 2783 1363 exsecrabili
2835 1307 3112 1372 .mptetate
3163 1298 3543 1358 haceticorum

1983 1413 2132 1459 certe
2161 1412 2293 1459 etex
2328 1400 2407 1456 rei
2434 1399 2664 1455 veritate
2692 1396 2875 1453 dicere
2897 1405 3193 1463 possumus
3225 1408 3238 1445 :
3274 1408 3292 1441 ι
3334 1388 3546 1443 lnimici

1985 1492 2159 1546 nostri
2206 1489 2403 1544 insani.
2448 1508 2466 1539 ›
2509 1485 2794 1551 Quomodo
2824 1483 2969 1538 enim
3023 1480 3172 1534 omni
3209 1492 3406 1550 genere
3453 1475 3549 1530 de-

1985 1582 2201 1635 mentiar
2230 1595 2337 1633 non
2368 1577 2508 1647 pleni
2538 1578 2669 1639 sint,
2699 1575 2791 1644 qui
2827 1592 2846 1623 ι
2884 1587 3058 1641 neque
3079 1585 3200 1640 qua?
3224 1570 3547 1639 loquuntur,

1986 1685 2162 1738 neque
2210 1668 2277 1722 de
2321 1666 2521 1737 quibus
2557 1664 2826 1723 aﬂirmant
2855 1660 3203 1732 intelligunt?
3243 1677 3260 1710 ι
3296 1656 3553 1727 quemad-

1988 1760 2204 1813 modum
2236 1758 2440 1811 Paulus
2489 1759 2565 1809 ait
2599 1756 2667 1806 ⁵⁷.
2695 1754 2874 1809 Causa
2908 1761 3089 1806 autem
3136 1760 3358 1821 propter
3386 1762 3550 1818 quam

310 1882 446 1941 δεῖν.
478 1881 651 1939 ἐκεῖνό
689 1837 889 1934 ἐστίνῖ
918 1837 978 1933 [Et

1998 1851 2110 1903 illos
2143 1845 2622 1917 reprehendendos
2667 1851 2948 1913 putamus,
2981 1857 3045 1896 ea
3079 1849 3199 1895 est:
3230 1837 3287 1892 Si
3333 1853 3393 1892 re
3422 1850 3552 1891 vera

1998 1940 2026 1950 ιι
2316 1938 2351 1950 -ι
2456 1937 2494 1950 τι
2538 1945 2547 1950 .
2772 1936 2801 1950 ·-
2955 1949 2958 1950 ,
3041 1947 3056 1950 _
3111 1931 3289 1950 AI!-,__.n
3331 1927 3525 1950 Fili“-..

317 1974 411 2028 τοῦ
446 1974 656 2045 Πατρὸς
684 1972 1037 2043 γεγεννῆσθαι
1068 1971 1284 2039 λέγουσι
1310 1968 1402 2024 τὸν
1424 1970 1582 2032 Υίὸν,
1620 1970 1713 2022 καὶ
1747 1968 1889 2021 οὓτω

317 2065 664 2125 πιστεύουσι,
723 2063 840 2126 πῶς
864 2063 1102 2116 ἐλάττων
1141 2062 1257 2114 ἐστὶ
1285 2062 1378 2114 τοῦ
1407 2060 1657 2134 Πατρός;
1714 2059 1890 2130 Πολλὴ

316 2154 427 2225 γὰρ
455 2154 699 2207 ἐντεῦθεν
726 2152 1155 2225 ἀποτεχθήσεται
1180 2152 1457 2222 λογισμῶν
1477 2152 1709 2215 ἀτοπία,
1750 2169 1889 2203 παν-

308 2247 453 2317 ταχῆ
485 2246 546 2299 τὸ
570 2245 849 2316 δύσφημον
889 2245 1087 2315 ἔχουσα
1110 2286 1125 2310 ,
1181 2245 1275 2298 καὶ
1324 2246 1530 2314 ὅσαπερ
1579 2244 1644 2297 ἄν
1685 2262 1767 2307 τις
1800 2245 1892 2298 καὶ

314 2337 479 2407 μόνον
503 2337 731 2391 ἀκοῦσαι
758 2340 1175 2409 παραιτήσεται.
1205 2338 1266 2390 Εἰ
1296 2337 1402 2407 γὰρ
1431 2337 1566 2400 ὅλως
1599 2336 1731 2400 Θεὸς
1753 2336 1893 2389 κατά

302 2427 479 2497 φύσιν
525 2429 783 2500 ὑπάρχων
811 2432 840 2483 ὁ
878 2430 1005 2494 Υίὸς
1030 2429 1333 2496 ἐπιδείξεται
1377 2430 1517 2484 κατά
1564 2447 1616 2482 τι
1645 2428 1774 2496 γοῦν
1807 2416 1891 2495 ἐφ’

308 2520 497 2590 ἑαυτῷ
516 2520 578 2573 τὸ
611 2520 850 2585 ἔλαττον,
895 2521 1106 2591 ἀνάγκη
1134 2520 1321 2573 λοιπὸν
1339 2522 1560 2583 ἐννοεῖν,
1587 2520 1662 2582 ὡς
1698 2518 1813 2573 ἐστι
1839 2536 1892 2571 τι

313 2609 506 2680 μεῖζον
534 2610 690 2665 Θεοῦ.
738 2611 947 2664 Οὐκοῦν
973 2607 1075 2663 οὐκ
1101 2612 1158 2663 ὲν
1189 2610 1486 2680 τελειότητι
1524 2613 1588 2681 τῇ
1620 2610 1762 2664 κατά
1785 2611 1893 2665 πᾶν

299 2700 492 2755 ὁτιοῦν
520 2701 553 2770 ἡ
581 2700 675 2753 τοῦ
704 2699 919 2770 Πατρὸς
942 2700 1097 2752 οὐσία
1120 2700 1355 2764 νοεῖται,
1401 2699 1504 2751 κᾶν
1538 2698 1757 2769 ὑπάρχῃ
1795 2697 1894 2765 φύε

313 2806 400 2842 σει
438 2791 570 2853 θεός
595 2807 611 2821 °
644 2790 908 2861 προκόψει
935 2789 993 2842 δέ
1030 2807 1121 2843 ποι
1164 2789 1256 2842 καί
1290 2789 1452 2851 αὐτὸς
1480 2790 1573 2842 ἐπὶ
1601 2788 1660 2841 τὸ
1688 2787 1891 2858 μεῖζον,

306 2878 696 2949 ἐλεγχόμενος,
727 2879 915 2950 ῶσπερ
947 2879 1115 2934 είκόνι
1137 2879 1215 2949 τῷ
1246 2877 1382 2949 Υἱῷ,
1417 2879 1499 2931 ὅτι
1534 2877 1641 2948 πέρ
1667 2877 1896 2930 ἐστικαὶ

313 2971 482 3034 αὐτὸς
512 2972 613 3040 τῆς
641 2971 703 3024 τὸ
739 2971 962 3024 ἔλαττον
988 2970 1378 3042 ἐπιδεχομένης
1409 2969 1618 3033 οὐσίας.
1671 2968 1895 3040 Φορὲσει

306 3062 371 3114 δὲ
398 3062 531 3114 αὐτὸ
557 3062 805 3133 δυνάμει,
836 3063 930 3115 καὶ
954 3064 1003 3115 εί
1037 3063 1109 3132 μή
1141 3079 1227 3115 πω
1258 3062 1600 3133 πεφόρεκεν·
1639 3059 1759 3113 ἐπεί
1790 3075 1896 3130 περ

310 3150 385 3243 τὰ
416 3150 637 3243 δεκτικά
660 3168 803 3213 τινος
830 3151 980 3243 ὄντα,
996 3151 1203 3215 δέξεται
1223 3150 1442 3214 πάντως
1472 3149 1566 3203 καὶ
1589 3149 1658 3202 τὰ
1675 3143 1748 3202 ὧν
1777 3150 1892 3201 ἐστι
1920 3184 1964 3243 c

305 3240 560 3304 δεκτικὰ,
594 3243 686 3295 καὶ
710 3242 902 3312 καιροῦ
927 3242 1217 3306 καλοῦντος
1247 3243 1329 3304 είς
1356 3242 1416 3295 τὸ
1440 3241 1630 3295 παθεῖν
1662 3243 1722 3296 οὐ
1751 3257 1892 3311 παρ-

316 3333 619 3402 αιτήσεται.
680 3331 841 3384 Ἀλλά
874 3332 1041 3402 πολλή
1089 3349 1172 3395 τις
1212 3333 1270 3385 ἐν
1301 3331 1513 3394 τούτοις
1553 3331 1894 3402 ήδυσφημία

317 3424 590 3492 φαίνεται.
644 3422 783 3477 Οὐτε
811 3423 919 3494 γάρ
957 3422 1291 3494 προϐήσεται
1317 3439 1408 3476 ποι
1438 3423 1576 3493 πρὸς
1618 3422 1680 3475 τὸ
1710 3421 1895 3492 μεῖζον

310 3517 348 3568 ὁ
384 3516 599 3587 Πατὴρ,
652 3515 767 3569 ἀλλ’
812 3516 932 3569 οὐδὲ
960 3515 1022 3568 τὸ
1063 3515 1284 3569 ἔλαττον
1326 3514 1653 3579 ὲπιδέξεται,
1701 3513 1790 3567 διὰ
1834 3512 1897 3565 τὸ

319 3604 460 3661 εἶναι
490 3608 629 3662 κατά
657 3606 816 3676 φύσιν
842 3607 995 3668 Θεός.
1015 3606 1222 3660 Οὐκοῦν
1243 3606 1303 3659 τὸ
1328 3605 1548 3659 ἔλαττον
1573 3604 1693 3657 οὐδὲ
1722 3606 1750 3657 ὁ
1770 3603 1898 3664 Υἱὸς

314 3696 410 3766 ἐφ’
445 3698 618 3769 ἑαυτῷ
655 3698 1009 3764 καταδέξεται
1034 3738 1050 3761 ,
1099 3697 1231 3761 Θεὸς
1283 3698 1379 3752 καὶ
1425 3698 1586 3760 αὐτὸς
1614 3696 1898 3767 νύπάρχων

322 3790 466 3846 κατά
496 3790 677 3859 φύσιν,
707 3790 794 3843 ἵνα
819 3788 893 3859 μὴ
921 3792 1018 3858 τῆς
1043 3789 1305 3843 ἀνωτάτω
1335 3789 1524 3842 πασῶν
1554 3788 1745 3851 οὐσίας
1764 3805 1899 3841 κατ-

310 3881 578 3953 ηγόρημα
604 3882 791 3952 νοῆται
836 3880 896 3933 τὸ
923 3878 982 3945 ἐξ
1018 3880 1255 3951 ἀμαθίας
1296 3879 1405 3933 τῶν
1454 3878 1745 3951 αἱρετικῶν
1777 3880 1900 3931 ἐπι-

329 3972 524 4041 νοηθὲν
558 3972 845 4043 ῥημάτιον.

394 4123 597 4177 ΔΛΛΟ.
628 4122 690 4175 Εἰ
718 4121 846 4184 Υἱὸς
872 4120 1009 4173 κατά
1038 4119 1197 4189 φύσιν
1226 4121 1484 4191 ὑπάρχων
1516 4119 1611 4173 τοῦ
1640 4120 1776 4175 Θεοῦ
1808 4121 1903 4175 καὶ

314 4214 543 4284 Harpe;
569 4215 598 4266 ὁ
645 4213 704 4279 ἐξ
752 4212 914 4271 αὐτοῦ
946 4213 1118 4280 Λόγος
1152 4212 1388 4265 ἐλάττων
1431 4213 1577 4265 ἐστὶν
1606 4212 1769 4266 αὐτοῦ
1794 4252 1807 4276 ,
1867 4212 1901 4283 ἢ

316 4303 474 4358 κατά
517 4303 605 4356 τὸν
636 4304 737 4373 τῆς
764 4301 1098 4374 θεοπρεποῦς
1140 4302 1297 4367 ἀξίας
1336 4302 1528 4371 λόγον,
1583 4301 1718 4371 ἢὼς
1765 4303 1907 4354 κοιτᾶ

324 4392 493 4463 φύσιν
522 4392 623 4444 οὐκ
657 4390 793 4460 ἔχων
820 4391 1277 4462 ἀπαραλλάκτως,
1327 4390 1359 4461 ἢ
1388 4391 1529 4444 κατά
1564 4408 1617 4442 τι
1644 4391 1774 4459 γοῦν
1799 4391 1905 4442 τῶν

1991 1940 2157 1998 Deum
2206 1956 2271 1994 ex
2316 1938 2424 1994 Deo
2456 1937 2617 1993 Patre
2662 1936 2905 2006 genitum
2940 1947 3063 1991 esse
3100 1931 3294 1985 dicunt
3331 1927 3552 1990 Filium,

1991 2039 2152 2101 atque
2204 2031 2280 2086 ita
2337 2031 2597 2095 credunt,
2641 2026 2919 2100 quomodo
2975 2025 3156 2083 minor
3220 2026 3307 2076 est
3355 2016 3556 2072 Patre?

1991 2121 2130 2176 liine
2181 2121 2324 2175 enim
2379 2120 2621 2189 prodibit
2671 2118 2839 2172 multa
2891 2115 3167 2169 rationum
3216 2106 3553 2169 absurditas,

1992 2223 2212 2269 scatens
2265 2212 2468 2281 ubique
2507 2208 2892 2283 hlaspltemiis,
2934 2215 2988 2262 et
3027 2219 3165 2275 quas
3216 2199 3561 2259 auresrefu:

1991 2306 2161 2376 giant.
2195 2304 2328 2357 Nam
2364 2303 2411 2359 si
2451 2302 2593 2359 Deus
2627 2300 2925 2359 secundum
2982 2306 3234 2351 naturam
3300 2305 3424 2344 cum
3482 2290 3583 2344 sit.

1994 2396 2187 2459 Filius,
2228 2395 2625 2463 quadamtenus
2672 2394 2725 2446 in
2772 2408 2830 2448 se
2862 2389 3045 2444 minus
3096 2385 3300 2455 capiat,
3328 2396 3559 2443 necesse

1992 2496 2079 2544 est
2143 2488 2360 2541 tandem
2414 2487 2660 2556 cogitare
2724 2481 2930 2552 aliquid
3004 2494 3128 2534 esse
3186 2475 3363 2546 majus
3424 2472 3561 2527 Deo.

1993 2578 2163 2650 Igitur
2215 2594 2324 2633 non
2381 2578 2434 2631 in
2504 2576 2839 2647 perfectione
2886 2570 3200 2627 omnimoda
3251 2565 3582 2624 substantia.

1994 2672 2179 2728 Patris
2211 2670 2535 2740 intelligitur
2563 2682 2709 2731 esse,
2734 2665 2985 2736 quamvis
3013 2670 3211 2717 natura
3253 2659 3326 2715 sit
3361 2657 3504 2712 Deus
3541 2673 3555 2709 :

1995 2763 2091 2821 sed
2139 2764 2256 2833 ipse
2290 2777 2510 2831 quoque
2545 2762 2601 2814 in
2633 2759 2812 2827 majus
2860 2754 3128 2825 proﬁciet,
3159 2752 3215 2807 in
3244 2750 3384 2805 Filio
3419 2749 3564 2804 sicut

1996 2855 2232 2924 imagine
2299 2853 2597 2909 ostendens
2666 2864 2727 2904 se
2787 2861 3005 2918 quoque
3061 2858 3183 2899 esse
3248 2837 3561 2897 substantia

1996 2948 2283 3018 praeditum
2313 2959 2434 3014 quae
2464 2944 2647 2997 minus
2672 2938 2925 3008 suscipit.
2951 2935 3069 2991 iloe
3103 2942 3283 2988 autem
3317 2928 3563 3001 potentia

1996 3040 2155 3102 feret,
2187 3038 2315 3092 licet
2358 3036 2537 3090 adhuc
2582 3047 2690 3088 non
2739 3031 2928 3085 tulerit
2962 3046 2976 3082 :
3009 3041 3134 3081 nam
3170 3037 3290 3095 qua:
3323 3019 3563 3089 alicujus

1997 3138 2122 3183 sunt
2154 3125 2401 3196 capacia,
2441 3139 2505 3178 ea
2555 3123 2745 3192 utique
2798 3117 3098 3188 suscipicnt
3149 3126 3384 3184 quorum
3434 3117 3564 3165 sunt

1995 3218 2241 3290 capacia,
2275 3225 2329 3273 et
2360 3226 2605 3285 tempore
2627 3213 2694 3269 ad
2725 3206 3139 3281 suscipiendum
3169 3214 3426 3267 vocante,
3454 3216 3563 3257 non

1996 3312 2353 3369 recusabunt.
2381 3307 2488 3363 Sed
2522 3306 2692 3361 multa
2728 3305 2783 3359 in
2818 3303 2903 3358 bis
2932 3297 3269 3371 blasphemia
3297 3294 3562 3351 cernitur.

1994 3402 2185 3472 Neque
2232 3401 2380 3457 enim
2420 3400 2477 3456 in
2512 3397 2692 3467 majus
2734 3394 2899 3449 Pater
2931 3392 3119 3462 utique
3165 3386 3562 3460 progredietur,

1996 3496 2094 3553 sed
2143 3510 2244 3551 nec
2299 3493 2482 3548 minus
2524 3488 2807 3554 suscipiet,
2852 3492 3138 3557 propterea
3180 3478 3326 3552 quod
3368 3491 3566 3533 secun—

1998 3590 2129 3645 dum
2185 3594 2439 3641 naturam
2506 3590 2592 3637 est
2638 3579 2803 3635 Deus.
2855 3576 2997 3647 Ergo
3050 3587 3228 3644 neque
3284 3568 3457 3624 Filius
3509 3568 3567 3621 in

2000 3682 2185 3751 seipso
2223 3680 2408 3734 minus
2441 3673 2701 3744 accipiet,
2735 3670 2879 3725 Deus
2917 3680 3044 3721 cum
3092 3665 3165 3722 sit
3197 3664 3314 3734 ipse
3349 3674 3569 3732 quoque

2000 3772 2306 3829 secundum
2334 3779 2611 3830 naturam,
2647 3778 2718 3818 ne
2753 3772 3066 3831 supremam
3105 3753 3351 3810 omnium
3380 3766 3568 3807 essen-

2000 3866 2136 3920 tiam
2193 3864 2391 3919 laedere
2443 3867 2737 3916 censeatur
2792 3853 2883 3907 illa
2936 3865 3002 3905 ex
3058 3846 3440 3903 haereticorum
3474 3858 3570 3897 vc-

2002 3956 2191 4012 cordia
2223 3954 2530 4023 excogitata
2561 3948 2775 4005 vocula.

2075 4113 2306 4170 ALIUD.
2351 4110 2409 4165 Si
2476 4107 2648 4163 Filius
2714 4101 3018 4161 secundum
3086 4106 3340 4156 naturam
3414 4106 3569 4149 suam

2005 4207 2280 4263 exsistens
2340 4199 2435 4255 Dei
2489 4213 2553 4252 ac
2585 4196 2763 4251 Patris
2802 4194 3066 4256 Verbum,
3112 4191 3293 4243 minus
3338 4192 3421 4239 cst
3470 4198 3570 4243 eo,

2007 4301 2121 4354 sive
2169 4295 2369 4351 divinae
2420 4288 2727 4360 maiestatis
2773 4284 3009 4348 ratione,
3046 4280 3159 4336 sive
3184 4276 3330 4349 quod
3373 4289 3574 4330 secun-

2008 4391 2135 4443 dum
2176 4394 2430 4441 naturam
2480 4396 2635 4437 suam
2688 4392 2796 4432 non
2844 4374 3020 4446 possit
3048 4386 3170 4427 esse
3202 4370 3361 4441 plane
3404 4365 3572 4424 idem.

325 4488 387 4542 ὲν
432 4489 548 4551 τοῖς
593 4487 1024 4556 μειονεκτήμασι
1056 4487 1295 4557 τρόπων,
1331 4487 1431 4539 οὐκ
1458 4486 1622 4539 αὐτοῦ
1652 4484 1898 4538 τοσοῦτον

2011 4488 2105 4535 aut
2146 4484 2294 4532 certe
2336 4474 2444 4529 alio
2513 4470 2710 4543 quovis
2771 4462 3152 4522 diminutionis
3221 4459 3421 4522 modo,
3467 4471 3576 4511 non

2154 4571 2164 4577 ‘
2248 4568 2259 4577 ‘
2330 4565 2343 4577 '
2387 4575 2394 4577 λ
2644 4575 2655 4577 ~
2686 4575 2715 4577 κ-
2781 4572 2829 4577 AA
2887 4571 2945 4577 --—
3014 4568 3113 4577 -η-
3174 4550 3416 4577 Α-λσιέι..-
3456 4562 3576 4577 ηροη

326 4578 485 4633 ἔσται
512 4577 572 4632 τὸ
600 4577 962 4649 κατηγόρημα
993 4578 1219 4647 μᾶλλον,
1269 4578 1392 4630 ὅσον
1420 4576 1519 4646 τῆς
1554 4576 1740 4637 οὐσίας
1762 4575 1819 4640 ἐξ
1842 4570 1907 4647 ἧς

319 4666 472 4726 εἶναι
501 4668 891 4730 πεπίστευται,
950 4670 1106 4740 εἴπερ
1144 4668 1279 4732 ὅλως
1310 4668 1370 4721 τὸ
1400 4667 1617 4721 ἔλαττον
1641 4706 1653 4729 ,
1706 4668 1823 4738 ἦτοι
1850 4667 1910 4720 τὸ

327 4765 539 4834 χεῖρον,
560 4763 635 4827 ὡς
664 4760 800 4830 πρὸς
827 4759 956 4813 αὐτὸ
974 4779 1000 4814 ν
1030 4760 1379 4830 ἀπογεννῶσα
1408 4759 1653 4829 φαίνεται
1672 4800 1687 4826 ,
1736 4759 1914 4812 καίτοι

334 4854 440 4923 τῆς
472 4851 705 4921 γενητῆς
737 4850 832 4903 καὶ
867 4850 1240 4922 πεποιημένης
1267 4852 1367 4904 οὐκ
1392 4850 1728 4921 ἀνεχομένης
1757 4849 1913 4903 τοῦτο

328 4943 554 4999 παθεῖν.
613 4942 797 4995 Τίκτει
845 4942 951 5014 γάρ
993 4944 1213 5006 πάντως
1238 4942 1298 4996 τὸ
1344 4944 1526 5014 ὅμοιον
1576 4940 1754 5012 ἐαυτῷ
1804 4943 1913 4994 πᾶν

326 5036 474 5104 ὅπερ
519 5033 634 5089 ἐστὶ
672 5035 1029 5104 καρπογόνον.
1083 5034 1144 5088 Εἰ
1193 5035 1250 5088 δὲ
1294 5035 1404 5087 ἄνω
1450 5035 1651 5098 παντὸς
1707 5032 1917 5087 κεῖσθαι

326 5125 546 5190 πάθους
573 5124 670 5195 τὴν
700 5124 850 5179 θείαν
887 5124 983 5179 τοῦ
1014 5126 1227 5198 Πατρὸς
1262 5126 1447 5196 ὲροῦσι
1480 5126 1663 5195 φύσιν,
1699 5126 1802 5192 ἔξω
1825 5124 1919 5194 δη-

326 5215 516 5271 λονότι
546 5216 641 5270 καὶ
669 5216 767 5286 τῆς
800 5217 891 5270 ἐπὶ
915 5217 1070 5271 τοῦτο
1098 5218 1435 5288 κατηγορίας
1459 5218 1731 5280 κείσεται,
1758 5217 1832 5279 ὡς
1863 5215 1919 5268 δὲ

331 5307 651 5379 ἁρχέτυπος
679 5302 814 5360 οὖσα
843 5307 950 5361 τῶν
997 5310 1055 5361 ὲν
1089 5310 1222 5379 ἡμῖν
1252 5308 1472 5377 ἀγαθῶν
1495 5347 1509 5372 ,
1539 5309 1638 5361 οὐκ
1666 5308 1921 5362 ἐλάττονα
1964 5332 1971 5338 ·

332 5398 435 5451 τὸν
480 5397 609 5451 Υίδν
651 5398 1007 5463 ἀποτὲξεται,
1056 5401 1171 5456 ἀλλ’
1197 5396 1314 5455 ἶσόν
1348 5417 1406 5455 τε
1464 5400 1556 5453 καὶ
1604 5397 1910 5469 ὁμοούσιον,

339 5488 433 5540 ἵνα
458 5489 532 5561 μὴ
552 5488 646 5542 καὶ
665 5488 821 5561 ἡμῶν
843 5490 1285 5564 ἀπολιμπάνηται
1304 5491 1435 5557 Θεὸς
1455 5493 1483 5546 ὁ
1505 5489 1753 5546 τοσοῦτον
1783 5490 1922 5561 ὑπὲρ

338 5580 515 5630 tua;

370 5596 515 5651 ἱμαςι

453 5759 501 5790 ⁸⁷
538 5757 714 5817 Ιῗΐὶιη.
755 5775 793 5827 1.
818 5760 868 5817 7.

2012 4580 2121 4625 tam
2154 4571 2199 4624 is
2248 4565 2508 4629 laedetur,
2559 4575 2721 4632 quam
2773 4572 2836 4613 ea
2881 4571 2947 4612 ex
3010 4568 3117 4623 qua
3170 4550 3416 4608 creditur
3454 4562 3580 4603 esse

2012 4659 2363 4723 substantia,
2412 4654 2683 4726 siquidem
2738 4666 2853 4705 rem
2916 4647 3097 4718 seipso
3158 4644 3425 4699 minorem
3484 4648 3580 4694 aut

2012 4754 2342 4812 deteriorem
2400 4750 2622 4821 gignere
2683 4744 2924 4808 videtur,
2969 4741 3093 4796 licet
3146 4737 3199 4793 id
3266 4744 3453 4792 creata
3526 4740 3581 4788 ct

2011 4850 2154 4904 facta
2206 4843 2519 4901 substantia
2574 4855 2685 4897 non
2747 4834 3118 4904 fcrat.Gignit
3153 4831 3299 4887 enim
3353 4842 3581 4899 prorsus

2013 4942 2116 4997 sibi
2151 4938 2348 5002 simile,
2376 4934 2750 5006 quodcunque
2809 4926 3154 4983 fructiferum
3198 4929 3302 4978 est.
3336 4918 3493 4986 Quod
3534 4917 3581 4971 si

2013 5032 2162 5089 omni
2216 5029 2472 5101 passione
2530 5022 2868 5094 superiorem
2928 5033 3050 5075 esse
3103 5016 3288 5070 dicent
3342 5009 3582 5064 divinam

2014 5098 2519 5179 Patris'natnram,
2574 5127 2772 5185 expers
2829 5110 3018 5180 utique
3068 5105 3215 5160 illius
3269 5099 3408 5154 labis
3453 5098 3581 5159 erit,

2018 5225 2253 5282 cumque
2309 5202 2634 5279 primigenia
2689 5204 2763 5258 sit
2809 5199 3056 5256 omnium
3108 5191 3269 5247 nobis
3314 5190 3583 5244 bonorum

2019 5305 2124 5374 27
2167 5281 2450 5363 essentia,
2496 5313 2603 5352 non
2676 5296 2941 5350 minorem
2991 5289 3177 5359 gignet
3221 5282 3441 5346 Filium,
3488 5281 3583 5335 sed

2018 5396 2280 5468 aqualem
2329 5403 2384 5449 et
2428 5384 2976 5447 consubstantialem,
3012 5394 3082 5437 ne
3129 5377 3298 5442 Deus,
3344 5374 3436 5447 qui
3471 5382 3588 5428 tan-

2020 5499 2207 5562 topere
2239 5502 2339 5544 nos
2371 5483 2608 5552 excedit,
2643 5479 2804 5536 nobis
2840 5489 3058 5547 quoque
3088 5472 3158 5532 sit
3197 5469 3445 5528 inferior.
