  <div class='ocr_page' id='page_1' title='image "/cluster/home/n/w/nwhite01/storage/ocr_20150623/73/hvd.32044019207877/035.png"; bbox 0 0 4168 6558; ppageno 0'>
   <div class='ocr_carea' id='block_1_1' title="bbox 610 354 3842 427">
    <p class='ocr_par' dir='ltr' id='par_1_1' title="bbox 610 354 3842 427">
     <span class='ocr_line' id='line_1_1' title="bbox 610 354 3842 427; baseline 0.004 -18"><span class='ocrx_word' id='word_1_1' title='bbox 610 366 668 421; x_wconf 75' lang='grc' dir='ltr'>δι</span> <span class='ocrx_word' id='word_1_2' title='bbox 1631 358 1688 414; x_wconf 90' lang='lat' dir='ltr'><strong>s.</strong></span> <span class='ocrx_word' id='word_1_3' title='bbox 1720 357 2001 414; x_wconf 68' lang='lat' dir='ltr'><strong>CYJtlLLl</strong></span> <span class='ocrx_word' id='word_1_4' title='bbox 2039 356 2509 416; x_wconf 70' lang='lat' dir='ltr'><strong>ALEXANDRINI</strong></span> <span class='ocrx_word' id='word_1_5' title='bbox 2547 361 2865 421; x_wconf 75' lang='lat' dir='ltr'><strong>ARCIIIL&#39;P.</strong></span> <span class='ocrx_word' id='word_1_6' title='bbox 3778 354 3842 427; x_wconf 71' lang='lat'><strong>52</strong></span> 
     </span>
    </p>
   </div>
   <div class='ocr_carea' id='block_1_2' title="bbox 674 482 2165 567">
    <p class='ocr_par' dir='ltr' id='par_1_2' title="bbox 674 482 2165 554">
     <span class='ocr_line' id='line_1_2' title="bbox 674 482 2165 554; baseline -0.001 -16"><span class='ocrx_word' id='word_1_7' title='bbox 674 482 904 551; x_wconf 81' lang='lat' dir='ltr'><strong>ALIUD,</strong></span> <span class='ocrx_word' id='word_1_8' title='bbox 943 498 1032 551; x_wconf 84' lang='lat' dir='ltr'><strong>per</strong></span> <span class='ocrx_word' id='word_1_9' title='bbox 1061 486 1409 539; x_wconf 82' lang='lat' dir='ltr'><strong>reductiouem</strong></span> <span class='ocrx_word' id='word_1_10' title='bbox 1455 484 1523 537; x_wconf 80' lang='lat' dir='ltr'><strong>ad</strong></span> <span class='ocrx_word' id='word_1_11' title='bbox 1576 484 1889 550; x_wconf 82' lang='lat' dir='ltr'><strong>absurdum.</strong></span> <span class='ocrx_word' id='word_1_12' title='bbox 1922 483 2165 554; x_wconf 76' lang='lat' dir='ltr'><strong>Seipsutr</strong></span> 
     </span>
    </p>
   </div>
   <div class='ocr_carea' id='block_1_3' title="bbox 2265 482 3841 567">
    <p class='ocr_par' dir='ltr' id='par_1_3' title="bbox 2364 488 3841 567">
     <span class='ocr_line' id='line_1_3' title="bbox 2364 488 3841 567; baseline 0.007 -27"><span class='ocrx_word' id='word_1_13' title='bbox 2364 488 2572 555; x_wconf 80' lang='grc' dir='ltr'>ΑΛΛΟ,</span> <span class='ocrx_word' id='word_1_14' title='bbox 2613 490 2710 543; x_wconf 78' lang='grc' dir='ltr'>διὰ</span> <span class='ocrx_word' id='word_1_15' title='bbox 2754 491 2866 559; x_wconf 81' lang='grc' dir='ltr'>τῆς</span> <span class='ocrx_word' id='word_1_16' title='bbox 2898 494 2983 557; x_wconf 82' lang='grc' dir='ltr'>εις</span> <span class='ocrx_word' id='word_1_17' title='bbox 3028 491 3257 548; x_wconf 79' lang='grc' dir='ltr'>ἄτοπον</span> <span class='ocrx_word' id='word_1_18' title='bbox 3306 496 3646 567; x_wconf 69' lang='grc' dir='ltr'>ἀπαγωγῆς.</span> <span class='ocrx_word' id='word_1_19' title='bbox 3708 498 3841 554; x_wconf 68' lang='grc' dir='ltr'>Ἶσιν</span> 
     </span>
    </p>
   </div>
   <div class='ocr_carea' id='block_1_4' title="bbox 604 573 2174 644">
    <p class='ocr_par' dir='ltr' id='par_1_4' title="bbox 604 573 2174 644">
     <span class='ocr_line' id='line_1_4' title="bbox 604 573 2174 644; baseline 0.001 -15"><span class='ocrx_word' id='word_1_20' title='bbox 604 577 868 644; x_wconf 76' lang='lat' dir='ltr'><strong>mqualem</strong></span> <span class='ocrx_word' id='word_1_21' title='bbox 932 573 1041 631; x_wconf 86' lang='lat' dir='ltr'><strong>Deo</strong></span> <span class='ocrx_word' id='word_1_22' title='bbox 1096 591 1158 631; x_wconf 86' lang='lat' dir='ltr'><strong>ac</strong></span> <span class='ocrx_word' id='word_1_23' title='bbox 1222 576 1379 630; x_wconf 88' lang='lat' dir='ltr'><strong>Patri</strong></span> <span class='ocrx_word' id='word_1_24' title='bbox 1443 575 1765 639; x_wconf 91' lang='lat' dir='ltr'><strong>ostendens,</strong></span> <span class='ocrx_word' id='word_1_25' title='bbox 1797 576 1873 629; x_wconf 83' lang='lat' dir='ltr'><strong>ait</strong></span> <span class='ocrx_word' id='word_1_26' title='bbox 1921 575 2174 630; x_wconf 74' lang='lat' dir='ltr'><strong>Christus</strong></span> 
     </span>
    </p>
   </div>
   <div class='ocr_carea' id='block_1_5' title="bbox 604 664 2174 743">
    <p class='ocr_par' dir='ltr' id='par_1_5' title="bbox 604 664 2174 743">
     <span class='ocr_line' id='line_1_5' title="bbox 604 664 2174 743; baseline 0.003 -26"><span class='ocrx_word' id='word_1_27' title='bbox 604 664 809 730; x_wconf 81' lang='lat' dir='ltr'><strong>alicubi</strong></span> <span class='ocrx_word' id='word_1_28' title='bbox 857 664 923 719; x_wconf 88' lang='lat' dir='ltr'><strong>ad</strong></span> <span class='ocrx_word' id='word_1_29' title='bbox 956 681 1087 721; x_wconf 91' lang='lat' dir='ltr'><strong>suos</strong></span> <span class='ocrx_word' id='word_1_30' title='bbox 1116 666 1417 736; x_wconf 85' lang='lat' dir='ltr'><strong>discipulos</strong></span> <span class='ocrx_word' id='word_1_31' title='bbox 1455 684 1469 720; x_wconf 89' lang='lat'><strong>:</strong></span> <span class='ocrx_word' id='word_1_32' title='bbox 1518 686 1535 718; x_wconf 82' lang='grc' dir='ltr'><strong>ι</strong></span> <span class='ocrx_word' id='word_1_33' title='bbox 1567 667 1685 743; x_wconf 55' lang='lat' dir='ltr'><strong>Qui,</strong></span> <span class='ocrx_word' id='word_1_34' title='bbox 1715 667 1849 722; x_wconf 87' lang='lat' dir='ltr'><strong>vidit</strong></span> <span class='ocrx_word' id='word_1_35' title='bbox 1898 683 2004 733; x_wconf 90' lang='lat' dir='ltr'><strong>me,</strong></span> <span class='ocrx_word' id='word_1_36' title='bbox 2041 667 2174 721; x_wconf 88' lang='lat' dir='ltr'><strong>vidit</strong></span> 
     </span>
    </p>
   </div>
   <div class='ocr_carea' id='block_1_6' title="bbox 604 756 2170 828">
    <p class='ocr_par' dir='ltr' id='par_1_6' title="bbox 604 756 2170 828">
     <span class='ocr_line' id='line_1_6' title="bbox 604 756 2170 828; baseline 0.001 -19"><span class='ocrx_word' id='word_1_37' title='bbox 604 756 820 812; x_wconf 90' lang='lat' dir='ltr'><strong>Patrem</strong></span> <span class='ocrx_word' id='word_1_38' title='bbox 852 773 1029 812; x_wconf 89' lang='lat' dir='ltr'><strong>meum</strong></span> <span class='ocrx_word' id='word_1_39' title='bbox 1068 758 1133 811; x_wconf 82' lang='grc'><strong>⁸⁸.</strong></span> <span class='ocrx_word' id='word_1_40' title='bbox 1177 776 1194 809; x_wconf 77' lang='grc' dir='ltr'><strong>ι</strong></span> <span class='ocrx_word' id='word_1_41' title='bbox 1232 759 1300 811; x_wconf 84' lang='lat' dir='ltr'><strong>At</strong></span> <span class='ocrx_word' id='word_1_42' title='bbox 1331 757 1609 828; x_wconf 88' lang='lat' dir='ltr'><strong>quomodo</strong></span> <span class='ocrx_word' id='word_1_43' title='bbox 1654 758 1701 814; x_wconf 91' lang='lat' dir='ltr'><strong>is</strong></span> <span class='ocrx_word' id='word_1_44' title='bbox 1734 760 1826 828; x_wconf 85' lang='lat' dir='ltr'><strong>qui</strong></span> <span class='ocrx_word' id='word_1_45' title='bbox 1867 758 2170 813; x_wconf 90' lang='lat' dir='ltr'><strong>secundmn</strong></span> 
     </span>
    </p>
   </div>
   <div class='ocr_carea' id='block_1_7' title="bbox 606 849 2174 919">
    <p class='ocr_par' dir='ltr' id='par_1_7' title="bbox 606 849 2174 919">
     <span class='ocr_line' id='line_1_7' title="bbox 606 849 2174 919; baseline 0.004 -19"><span class='ocrx_word' id='word_1_46' title='bbox 606 856 857 902; x_wconf 84' lang='lat' dir='ltr'><strong>naturam</strong></span> <span class='ocrx_word' id='word_1_47' title='bbox 890 849 1017 905; x_wconf 90' lang='lat' dir='ltr'><strong>talis</strong></span> <span class='ocrx_word' id='word_1_48' title='bbox 1046 859 1152 915; x_wconf 88' lang='lat' dir='ltr'><strong>est,</strong></span> <span class='ocrx_word' id='word_1_49' title='bbox 1179 850 1394 919; x_wconf 90' lang='lat' dir='ltr'><strong>qualem</strong></span> <span class='ocrx_word' id='word_1_50' title='bbox 1427 866 1487 905; x_wconf 90' lang='lat' dir='ltr'><strong>se</strong></span> <span class='ocrx_word' id='word_1_51' title='bbox 1519 866 1644 906; x_wconf 82' lang='lat' dir='ltr'><strong>vere</strong></span> <span class='ocrx_word' id='word_1_52' title='bbox 1672 851 1890 916; x_wconf 75' lang='lat' dir='ltr'><strong>asserit,</strong></span> <span class='ocrx_word' id='word_1_53' title='bbox 1916 852 2174 906; x_wconf 88' lang='lat' dir='ltr'><strong>imminu-</strong></span> 
     </span>
    </p>
   </div>
   <div class='ocr_carea' id='block_1_8' title="bbox 607 940 2175 1007">
    <p class='ocr_par' dir='ltr' id='par_1_8' title="bbox 607 940 2175 1007">
     <span class='ocr_line' id='line_1_8' title="bbox 607 940 2175 1007; baseline 0.003 -15"><span class='ocrx_word' id='word_1_54' title='bbox 607 940 806 995; x_wconf 86' lang='lat' dir='ltr'><strong>tionem</strong></span> <span class='ocrx_word' id='word_1_55' title='bbox 858 940 1147 997; x_wconf 87' lang='lat' dir='ltr'><strong>habiturus</strong></span> <span class='ocrx_word' id='word_1_56' title='bbox 1192 950 1298 1007; x_wconf 90' lang='lat' dir='ltr'><strong>est,</strong></span> <span class='ocrx_word' id='word_1_57' title='bbox 1335 950 1394 995; x_wconf 91' lang='lat' dir='ltr'><strong>ut</strong></span> <span class='ocrx_word' id='word_1_58' title='bbox 1422 942 1592 998; x_wconf 86' lang='lat' dir='ltr'><strong>stulte</strong></span> <span class='ocrx_word' id='word_1_59' title='bbox 1636 942 1887 997; x_wconf 87' lang='lat' dir='ltr'><strong>nonnulli</strong></span> <span class='ocrx_word' id='word_1_60' title='bbox 1942 943 2175 997; x_wconf 88' lang='lat' dir='ltr'><strong>volunt?</strong></span> 
     </span>
    </p>
   </div>
   <div class='ocr_carea' id='block_1_9' title="bbox 606 1030 2175 1104">
    <p class='ocr_par' dir='ltr' id='par_1_9' title="bbox 606 1030 2175 1104">
     <span class='ocr_line' id='line_1_9' title="bbox 606 1030 2175 1104; baseline 0.003 -20"><span class='ocrx_word' id='word_1_61' title='bbox 606 1030 740 1085; x_wconf 88' lang='lat' dir='ltr'><strong>Nam</strong></span> <span class='ocrx_word' id='word_1_62' title='bbox 775 1033 820 1088; x_wconf 91' lang='lat' dir='ltr'><strong>si</strong></span> <span class='ocrx_word' id='word_1_63' title='bbox 850 1035 1029 1093; x_wconf 88' lang='lat' dir='ltr'><strong>minor</strong></span> <span class='ocrx_word' id='word_1_64' title='bbox 1060 1033 1359 1099; x_wconf 78' lang='lat' dir='ltr'><strong>exsistens,</strong></span> <span class='ocrx_word' id='word_1_65' title='bbox 1392 1035 1444 1088; x_wconf 93' lang='lat' dir='ltr'><strong>in</strong></span> <span class='ocrx_word' id='word_1_66' title='bbox 1477 1034 1663 1104; x_wconf 89' lang='lat' dir='ltr'><strong>seipso</strong></span> <span class='ocrx_word' id='word_1_67' title='bbox 1694 1033 1907 1089; x_wconf 83' lang='lat' dir='ltr'><strong>Patrem</strong></span> <span class='ocrx_word' id='word_1_68' title='bbox 1932 1035 2175 1090; x_wconf 85' lang='lat' dir='ltr'><strong>ostendit</strong></span> 
     </span>
    </p>
   </div>
   <div class='ocr_carea' id='block_1_10' title="bbox 605 1125 2171 1192">
    <p class='ocr_par' dir='ltr' id='par_1_10' title="bbox 605 1125 2171 1192">
     <span class='ocr_line' id='line_1_10' title="bbox 605 1125 2171 1192; baseline 0.002 -15"><span class='ocrx_word' id='word_1_69' title='bbox 605 1125 759 1187; x_wconf 86' lang='lat' dir='ltr'><strong>nullo</strong></span> <span class='ocrx_word' id='word_1_70' title='bbox 824 1125 1198 1182; x_wconf 84' lang='lat' dir='ltr'><strong>intercedente</strong></span> <span class='ocrx_word' id='word_1_71' title='bbox 1229 1125 1574 1192; x_wconf 88' lang='lat' dir='ltr'><strong>discriminc,</strong></span> <span class='ocrx_word' id='word_1_72' title='bbox 1602 1126 1670 1181; x_wconf 89' lang='lat' dir='ltr'><strong>ad</strong></span> <span class='ocrx_word' id='word_1_73' title='bbox 1728 1125 1942 1181; x_wconf 79' lang='lat' dir='ltr'><strong>Patrem</strong></span> <span class='ocrx_word' id='word_1_74' title='bbox 1992 1126 2171 1180; x_wconf 82' lang='lat' dir='ltr'><strong>inuni-</strong></span> 
     </span>
    </p>
   </div>
   <div class='ocr_carea' id='block_1_11' title="bbox 604 1217 2173 1288">
    <p class='ocr_par' dir='ltr' id='par_1_11' title="bbox 604 1217 2173 1288">
     <span class='ocr_line' id='line_1_11' title="bbox 604 1217 2173 1288; baseline -0.001 -18"><span class='ocrx_word' id='word_1_75' title='bbox 604 1218 759 1272; x_wconf 85' lang='lat' dir='ltr'><strong>nutio</strong></span> <span class='ocrx_word' id='word_1_76' title='bbox 796 1219 1117 1288; x_wconf 82' lang='lat' dir='ltr'><strong>pertinebit,</strong></span> <span class='ocrx_word' id='word_1_77' title='bbox 1148 1218 1239 1288; x_wconf 89' lang='lat' dir='ltr'><strong>qui</strong></span> <span class='ocrx_word' id='word_1_78' title='bbox 1282 1220 1337 1273; x_wconf 92' lang='lat' dir='ltr'><strong>in</strong></span> <span class='ocrx_word' id='word_1_79' title='bbox 1388 1218 1718 1273; x_wconf 86' lang='lat' dir='ltr'><strong>immutabili</strong></span> <span class='ocrx_word' id='word_1_80' title='bbox 1765 1225 1990 1287; x_wconf 82' lang='lat' dir='ltr'><strong>apparet</strong></span> <span class='ocrx_word' id='word_1_81' title='bbox 2039 1217 2173 1270; x_wconf 89' lang='lat' dir='ltr'><strong>ima-</strong></span> 
     </span>
    </p>
   </div>
   <div class='ocr_carea' id='block_1_12' title="bbox 602 1307 2173 1379">
    <p class='ocr_par' dir='ltr' id='par_1_12' title="bbox 602 1307 2173 1379">
     <span class='ocr_line' id='line_1_12' title="bbox 602 1307 2173 1379; baseline -0.001 -18"><span class='ocrx_word' id='word_1_82' title='bbox 602 1311 751 1378; x_wconf 71' lang='lat' dir='ltr'><strong>gine,</strong></span> <span class='ocrx_word' id='word_1_83' title='bbox 802 1308 940 1363; x_wconf 86' lang='lat' dir='ltr'><strong>Filio</strong></span> <span class='ocrx_word' id='word_1_84' title='bbox 1021 1310 1303 1364; x_wconf 86' lang='lat' dir='ltr'><strong>nimirum.</strong></span> <span class='ocrx_word' id='word_1_85' title='bbox 1354 1311 1425 1363; x_wconf 84' lang='lat' dir='ltr'><strong>At</strong></span> <span class='ocrx_word' id='word_1_86' title='bbox 1483 1310 1589 1364; x_wconf 88' lang='lat' dir='ltr'><strong>hoc</strong></span> <span class='ocrx_word' id='word_1_87' title='bbox 1642 1308 1963 1363; x_wconf 89' lang='lat' dir='ltr'><strong>absurdum.</strong></span> <span class='ocrx_word' id='word_1_88' title='bbox 2005 1307 2173 1379; x_wconf 79' lang='lat' dir='ltr'><strong>Igitur</strong></span> 
     </span>
    </p>
   </div>
   <div class='ocr_carea' id='block_1_13' title="bbox 605 1400 2172 1472">
    <p class='ocr_par' dir='ltr' id='par_1_13' title="bbox 605 1400 2172 1472">
     <span class='ocr_line' id='line_1_13' title="bbox 605 1400 2172 1472; baseline 0.001 -18"><span class='ocrx_word' id='word_1_89' title='bbox 605 1418 713 1455; x_wconf 84' lang='lat' dir='ltr'><strong>non</strong></span> <span class='ocrx_word' id='word_1_90' title='bbox 772 1401 954 1457; x_wconf 89' lang='lat' dir='ltr'><strong>minor</strong></span> <span class='ocrx_word' id='word_1_91' title='bbox 1007 1412 1092 1458; x_wconf 89' lang='lat' dir='ltr'><strong>est</strong></span> <span class='ocrx_word' id='word_1_92' title='bbox 1138 1402 1333 1468; x_wconf 81' lang='lat' dir='ltr'><strong>Filius,</strong></span> <span class='ocrx_word' id='word_1_93' title='bbox 1397 1403 1450 1456; x_wconf 90' lang='lat' dir='ltr'><strong>in</strong></span> <span class='ocrx_word' id='word_1_94' title='bbox 1510 1417 1617 1472; x_wconf 90' lang='lat' dir='ltr'><strong>quo</strong></span> <span class='ocrx_word' id='word_1_95' title='bbox 1671 1400 1832 1457; x_wconf 86' lang='lat' dir='ltr'><strong>Pater</strong></span> <span class='ocrx_word' id='word_1_96' title='bbox 1898 1400 2172 1471; x_wconf 80' lang='lat' dir='ltr'><strong>perfectus</strong></span> 
     </span>
    </p>
   </div>
   <div class='ocr_carea' id='block_1_14' title="bbox 603 1495 1251 1565">
    <p class='ocr_par' dir='ltr' id='par_1_14' title="bbox 603 1495 1251 1565">
     <span class='ocr_line' id='line_1_14' title="bbox 603 1495 1251 1565; baseline 0.003 -18"><span class='ocrx_word' id='word_1_97' title='bbox 603 1495 877 1550; x_wconf 77' lang='lat' dir='ltr'><strong>exsistens</strong></span> <span class='ocrx_word' id='word_1_98' title='bbox 910 1496 1251 1565; x_wconf 79' lang='lat' dir='ltr'><strong>exprimitur.</strong></span> 
     </span>
    </p>
   </div>
   <div class='ocr_carea' id='block_1_15' title="bbox 674 1585 2173 1657">
    <p class='ocr_par' dir='ltr' id='par_1_15' title="bbox 674 1585 2173 1657">
     <span class='ocr_line' id='line_1_15' title="bbox 674 1585 2173 1657; baseline 0.002 -20"><span class='ocrx_word' id='word_1_99' title='bbox 674 1585 901 1642; x_wconf 80' lang='lat' dir='ltr'><strong>ALIUD.</strong></span> <span class='ocrx_word' id='word_1_100' title='bbox 931 1587 1214 1652; x_wconf 88' lang='lat' dir='ltr'><strong>Quomodo</strong></span> <span class='ocrx_word' id='word_1_101' title='bbox 1238 1586 1408 1643; x_wconf 83' lang='lat' dir='ltr'><strong>Filius</strong></span> <span class='ocrx_word' id='word_1_102' title='bbox 1435 1587 1620 1643; x_wconf 89' lang='lat' dir='ltr'><strong>minus</strong></span> <span class='ocrx_word' id='word_1_103' title='bbox 1656 1602 1818 1657; x_wconf 90' lang='lat' dir='ltr'><strong>quam</strong></span> <span class='ocrx_word' id='word_1_104' title='bbox 1841 1587 2002 1642; x_wconf 87' lang='lat' dir='ltr'><strong>Pater</strong></span> <span class='ocrx_word' id='word_1_105' title='bbox 2027 1587 2173 1640; x_wconf 83' lang='lat' dir='ltr'><strong>acci-</strong></span> 
     </span>
    </p>
   </div>
   <div class='ocr_carea' id='block_1_16' title="bbox 605 1676 2173 1749">
    <p class='ocr_par' dir='ltr' id='par_1_16' title="bbox 605 1676 2173 1749">
     <span class='ocr_line' id='line_1_16' title="bbox 605 1676 2173 1749; baseline 0.002 -20"><span class='ocrx_word' id='word_1_106' title='bbox 605 1677 736 1744; x_wconf 88' lang='lat' dir='ltr'><strong>piat,</strong></span> <span class='ocrx_word' id='word_1_107' title='bbox 772 1679 862 1747; x_wconf 89' lang='lat' dir='ltr'><strong>qui</strong></span> <span class='ocrx_word' id='word_1_108' title='bbox 908 1679 1044 1732; x_wconf 90' lang='lat' dir='ltr'><strong>citra</strong></span> <span class='ocrx_word' id='word_1_109' title='bbox 1097 1679 1315 1749; x_wconf 88' lang='lat' dir='ltr'><strong>culpam</strong></span> <span class='ocrx_word' id='word_1_110' title='bbox 1363 1679 1440 1733; x_wconf 90' lang='lat' dir='ltr'><strong>ait</strong></span> <span class='ocrx_word' id='word_1_111' title='bbox 1472 1697 1485 1734; x_wconf 91' lang='lat'>:</span> <span class='ocrx_word' id='word_1_112' title='bbox 1517 1697 1538 1731; x_wconf 77' lang='grc' dir='ltr'><strong>ι</strong></span> <span class='ocrx_word' id='word_1_113' title='bbox 1580 1676 1776 1734; x_wconf 88' lang='lat' dir='ltr'><strong>Omnia</strong></span> <span class='ocrx_word' id='word_1_114' title='bbox 1829 1692 2173 1749; x_wconf 63' lang='lat' dir='ltr'><strong>quaecunque</strong></span> 
     </span>
    </p>
   </div>
   <div class='ocr_carea' id='block_1_17' title="bbox 2276 579 3842 657">
    <p class='ocr_par' dir='ltr' id='par_1_17' title="bbox 2276 579 3842 657">
     <span class='ocr_line' id='line_1_17' title="bbox 2276 579 3842 657; baseline 0.008 -26"><span class='ocrx_word' id='word_1_115' title='bbox 2276 579 2467 632; x_wconf 78' lang='grc' dir='ltr'>ἑαυτὸν</span> <span class='ocrx_word' id='word_1_116' title='bbox 2510 580 2861 635; x_wconf 79' lang='grc' dir='ltr'><strong>ἐπιδεικνύων</strong></span> <span class='ocrx_word' id='word_1_117' title='bbox 2904 583 2984 653; x_wconf 83' lang='grc' dir='ltr'>τῷ</span> <span class='ocrx_word' id='word_1_118' title='bbox 3030 584 3150 654; x_wconf 86' lang='grc' dir='ltr'><strong>Θεῷ</strong></span> <span class='ocrx_word' id='word_1_119' title='bbox 3194 584 3290 639; x_wconf 69' lang='grc' dir='ltr'>καὶ</span> <span class='ocrx_word' id='word_1_120' title='bbox 3339 586 3533 657; x_wconf 73' lang='grc' dir='ltr'>Πατρὶ,</span> <span class='ocrx_word' id='word_1_121' title='bbox 3561 588 3694 656; x_wconf 85' lang='grc' dir='ltr'>φησί</span> <span class='ocrx_word' id='word_1_122' title='bbox 3738 605 3842 650; x_wconf 80' lang='grc' dir='ltr'><strong>που</strong></span> 
     </span>
    </p>
   </div>
   <div class='ocr_carea' id='block_1_18' title="bbox 2274 669 3843 750">
    <p class='ocr_par' dir='ltr' id='par_1_18' title="bbox 2274 669 3843 750">
     <span class='ocr_line' id='line_1_18' title="bbox 2274 669 3843 750; baseline 0.008 -29"><span class='ocrx_word' id='word_1_123' title='bbox 2274 669 2506 740; x_wconf 84' lang='grc' dir='ltr'>Χριστὸς</span> <span class='ocrx_word' id='word_1_124' title='bbox 2539 672 2676 744; x_wconf 78' lang='grc' dir='ltr'>πρὸς</span> <span class='ocrx_word' id='word_1_125' title='bbox 2702 675 2827 737; x_wconf 77' lang='grc' dir='ltr'>τοὺς</span> <span class='ocrx_word' id='word_1_126' title='bbox 2850 675 3081 739; x_wconf 74' lang='grc' dir='ltr'><strong>οἰκείους</strong></span> <span class='ocrx_word' id='word_1_127' title='bbox 3110 675 3352 747; x_wconf 84' lang='grc' dir='ltr'>μαθητάς</span> <span class='ocrx_word' id='word_1_128' title='bbox 3375 692 3391 709; x_wconf 76' lang='grc' dir='ltr'><strong>ο</strong></span> <span class='ocrx_word' id='word_1_129' title='bbox 3433 698 3451 729; x_wconf 76' lang='grc' dir='ltr'><strong>ι</strong></span> <span class='ocrx_word' id='word_1_130' title='bbox 3492 677 3549 731; x_wconf 91' lang='lat'><strong>&#39;0</strong></span> <span class='ocrx_word' id='word_1_131' title='bbox 3581 679 3843 750; x_wconf 81' lang='grc' dir='ltr'>ἑωρακὼς</span> 
     </span>
    </p>
   </div>
   <div class='ocr_carea' id='block_1_19' title="bbox 2275 761 3844 839">
    <p class='ocr_par' dir='ltr' id='par_1_19' title="bbox 2275 761 3844 839">
     <span class='ocr_line' id='line_1_19' title="bbox 2275 761 3844 839; baseline 0.009 -26"><span class='ocrx_word' id='word_1_132' title='bbox 2275 761 2395 831; x_wconf 78' lang='grc' dir='ltr'>ἐμὲ,</span> <span class='ocrx_word' id='word_1_133' title='bbox 2428 762 2639 834; x_wconf 80' lang='grc' dir='ltr'>ἑώρακε</span> <span class='ocrx_word' id='word_1_134' title='bbox 2676 765 2764 818; x_wconf 78' lang='grc' dir='ltr'>τὸν</span> <span class='ocrx_word' id='word_1_135' title='bbox 2808 766 3024 838; x_wconf 79' lang='grc' dir='ltr'><strong>Πατέρα</strong></span> <span class='ocrx_word' id='word_1_136' title='bbox 3060 786 3182 839; x_wconf 91' lang='grc' dir='ltr'>μου.</span> <span class='ocrx_word' id='word_1_137' title='bbox 3216 788 3233 819; x_wconf 73' lang='grc' dir='ltr'><strong>ι</strong></span> <span class='ocrx_word' id='word_1_138' title='bbox 3280 765 3411 823; x_wconf 76' lang='grc' dir='ltr'>Εἶτα</span> <span class='ocrx_word' id='word_1_139' title='bbox 3463 769 3580 833; x_wconf 84' lang='grc' dir='ltr'><strong>πῶς</strong></span> <span class='ocrx_word' id='word_1_140' title='bbox 3626 773 3656 825; x_wconf 96' lang='lat'><strong>6</strong></span> <span class='ocrx_word' id='word_1_141' title='bbox 3700 773 3844 827; x_wconf 79' lang='grc' dir='ltr'>κατὰ</span> 
     </span>
    </p>
   </div>
   <div class='ocr_carea' id='block_1_20' title="bbox 2275 851 3844 935">
    <p class='ocr_par' dir='ltr' id='par_1_20' title="bbox 2275 851 3844 935">
     <span class='ocr_line' id='line_1_20' title="bbox 2275 851 3844 935; baseline 0.01 -32"><span class='ocrx_word' id='word_1_142' title='bbox 2275 851 2435 920; x_wconf 78' lang='grc' dir='ltr'>φύσιν</span> <span class='ocrx_word' id='word_1_143' title='bbox 2458 855 2714 920; x_wconf 82' lang='grc' dir='ltr'>τοιοῦτος,</span> <span class='ocrx_word' id='word_1_144' title='bbox 2745 856 2886 911; x_wconf 72' lang='grc' dir='ltr'>οὕτω</span> <span class='ocrx_word' id='word_1_145' title='bbox 2910 875 2969 912; x_wconf 90' lang='grc' dir='ltr'><strong>τε</strong></span> <span class='ocrx_word' id='word_1_146' title='bbox 2999 860 3256 932; x_wconf 77' lang='grc' dir='ltr'><strong>ὑπάρχων</strong></span> <span class='ocrx_word' id='word_1_147' title='bbox 3278 862 3353 926; x_wconf 86' lang='grc' dir='ltr'><strong>ὡς</strong></span> <span class='ocrx_word' id='word_1_148' title='bbox 3382 863 3544 927; x_wconf 71' lang='grc' dir='ltr'>αὐτὸς</span> <span class='ocrx_word' id='word_1_149' title='bbox 3566 863 3844 935; x_wconf 76' lang='grc' dir='ltr'><strong>ἀληθεύων</strong></span> 
     </span>
    </p>
   </div>
   <div class='ocr_carea' id='block_1_21' title="bbox 2272 937 3841 1027">
    <p class='ocr_par' dir='ltr' id='par_1_21' title="bbox 2272 937 3841 1027">
     <span class='ocr_line' id='line_1_21' title="bbox 2272 937 3841 1027; baseline 0.01 -33"><span class='ocrx_word' id='word_1_150' title='bbox 2272 942 2675 1014; x_wconf 78' lang='grc' dir='ltr'>διισχυρίζεται,</span> <span class='ocrx_word' id='word_1_151' title='bbox 2706 949 2767 1001; x_wconf 85' lang='grc' dir='ltr'>τὸ</span> <span class='ocrx_word' id='word_1_152' title='bbox 2794 949 3010 1005; x_wconf 78' lang='grc' dir='ltr'>ἔλαττον</span> <span class='ocrx_word' id='word_1_153' title='bbox 3039 952 3148 1020; x_wconf 75' lang='grc' dir='ltr'>ἔξει</span> <span class='ocrx_word' id='word_1_154' title='bbox 3177 937 3319 1007; x_wconf 44' lang='grc' dir='ltr'>’κατά</span> <span class='ocrx_word' id='word_1_155' title='bbox 3349 955 3449 1027; x_wconf 81' lang='grc' dir='ltr'><strong>τήν</strong></span> <span class='ocrx_word' id='word_1_156' title='bbox 3490 972 3651 1009; x_wconf 87' lang='grc' dir='ltr'>τινων</span> <span class='ocrx_word' id='word_1_157' title='bbox 3678 956 3841 1010; x_wconf 77' lang='grc' dir='ltr'>ἁϐου-</span> 
     </span>
    </p>
   </div>
   <div class='ocr_carea' id='block_1_22' title="bbox 2273 1035 3841 1116">
    <p class='ocr_par' dir='ltr' id='par_1_22' title="bbox 2273 1035 3841 1116">
     <span class='ocr_line' id='line_1_22' title="bbox 2273 1035 3841 1116; baseline 0.009 -28"><span class='ocrx_word' id='word_1_158' title='bbox 2273 1035 2427 1100; x_wconf 86' lang='grc' dir='ltr'>λίαν;</span> <span class='ocrx_word' id='word_1_159' title='bbox 2476 1038 2539 1091; x_wconf 84' lang='grc' dir='ltr'><strong>Εί</strong></span> <span class='ocrx_word' id='word_1_160' title='bbox 2572 1039 2679 1109; x_wconf 82' lang='grc' dir='ltr'>γὰρ</span> <span class='ocrx_word' id='word_1_161' title='bbox 2712 1040 2969 1111; x_wconf 79' lang='grc' dir='ltr'><strong>ὑπάρχων</strong></span> <span class='ocrx_word' id='word_1_162' title='bbox 2999 1042 3235 1097; x_wconf 77' lang='grc' dir='ltr'>ἐλάττων</span> <span class='ocrx_word' id='word_1_163' title='bbox 3278 1045 3336 1097; x_wconf 80' lang='grc' dir='ltr'>ὲν</span> <span class='ocrx_word' id='word_1_164' title='bbox 3385 1044 3561 1116; x_wconf 80' lang='grc' dir='ltr'>ἑαυτῷ</span> <span class='ocrx_word' id='word_1_165' title='bbox 3610 1046 3841 1102; x_wconf 83' lang='grc' dir='ltr'><strong>δεικνύει</strong></span> 
     </span>
    </p>
   </div>
   <div class='ocr_carea' id='block_1_23' title="bbox 2271 1127 3841 1207">
    <p class='ocr_par' dir='ltr' id='par_1_23' title="bbox 2271 1127 3841 1207">
     <span class='ocr_line' id='line_1_23' title="bbox 2271 1127 3841 1207; baseline 0.009 -29"><span class='ocrx_word' id='word_1_166' title='bbox 2271 1127 2363 1180; x_wconf 82' lang='grc' dir='ltr'>τὸν</span> <span class='ocrx_word' id='word_1_167' title='bbox 2418 1128 2657 1199; x_wconf 89' lang='grc' dir='ltr'>Πατέρα,</span> <span class='ocrx_word' id='word_1_168' title='bbox 2688 1131 2955 1201; x_wconf 78' lang='grc' dir='ltr'><strong>μηδεμιᾶς</strong></span> <span class='ocrx_word' id='word_1_169' title='bbox 2998 1132 3397 1204; x_wconf 79' lang='grc' dir='ltr'>μεσολαδούσης</span> <span class='ocrx_word' id='word_1_170' title='bbox 3453 1135 3841 1207; x_wconf 83' lang='grc' dir='ltr'>παραλλαγῆς,</span> 
     </span>
    </p>
   </div>
   <div class='ocr_carea' id='block_1_24' title="bbox 2273 1207 3841 1297">
    <p class='ocr_par' dir='ltr' id='par_1_24' title="bbox 2273 1207 3841 1297">
     <span class='ocr_line' id='line_1_24' title="bbox 2273 1207 3841 1297; baseline 0.007 -27"><span class='ocrx_word' id='word_1_171' title='bbox 2273 1218 2363 1271; x_wconf 76' lang='grc' dir='ltr'><strong>ἐπὶ</strong></span> <span class='ocrx_word' id='word_1_172' title='bbox 2389 1219 2480 1271; x_wconf 79' lang='grc' dir='ltr'>τὸν</span> <span class='ocrx_word' id='word_1_173' title='bbox 2502 1221 2719 1292; x_wconf 83' lang='grc' dir='ltr'><strong>Πατέρα</strong></span> <span class='ocrx_word' id='word_1_174' title='bbox 2744 1223 2805 1275; x_wconf 83' lang='lat'><strong>16</strong></span> <span class='ocrx_word' id='word_1_175' title='bbox 2837 1223 3053 1278; x_wconf 76' lang='grc' dir='ltr'>ἔλαττον</span> <span class='ocrx_word' id='word_1_176' title='bbox 3077 1224 3427 1295; x_wconf 73' lang='grc' dir='ltr'>ἀναϐήσεται,</span> <span class='ocrx_word' id='word_1_177' title='bbox 3453 1226 3529 1289; x_wconf 82' lang='grc' dir='ltr'><strong>ὡς</strong></span> <span class='ocrx_word' id='word_1_178' title='bbox 3554 1228 3613 1280; x_wconf 82' lang='grc' dir='ltr'><strong>έν</strong></span> <span class='ocrx_word' id='word_1_179' title='bbox 3633 1207 3841 1297; x_wconf 76' lang='grc' dir='ltr'>ἀμετα-</span> 
     </span>
    </p>
   </div>
   <div class='ocr_carea' id='block_1_25' title="bbox 2274 1311 3840 1387">
    <p class='ocr_par' dir='ltr' id='par_1_25' title="bbox 2274 1311 3840 1387">
     <span class='ocr_line' id='line_1_25' title="bbox 2274 1311 3840 1387; baseline 0.004 -24"><span class='ocrx_word' id='word_1_180' title='bbox 2274 1311 2483 1382; x_wconf 86' lang='grc' dir='ltr'>ποιήτῳ</span> <span class='ocrx_word' id='word_1_181' title='bbox 2518 1314 2838 1382; x_wconf 84' lang='grc' dir='ltr'>φαινόμενον</span> <span class='ocrx_word' id='word_1_182' title='bbox 2867 1315 3035 1368; x_wconf 74' lang='grc' dir='ltr'>εἰκόνι</span> <span class='ocrx_word' id='word_1_183' title='bbox 3068 1314 3146 1386; x_wconf 84' lang='grc' dir='ltr'><strong>τῷ</strong></span> <span class='ocrx_word' id='word_1_184' title='bbox 3175 1314 3309 1387; x_wconf 82' lang='grc' dir='ltr'>Υιῷ.</span> <span class='ocrx_word' id='word_1_185' title='bbox 3353 1316 3512 1371; x_wconf 81' lang='grc' dir='ltr'>Ἀλλὰ</span> <span class='ocrx_word' id='word_1_186' title='bbox 3534 1316 3693 1371; x_wconf 84' lang='grc' dir='ltr'>τοῦτο</span> <span class='ocrx_word' id='word_1_187' title='bbox 3723 1318 3840 1372; x_wconf 55' lang='lat' dir='ltr'><strong>i10-</strong></span> 
     </span>
    </p>
   </div>
   <div class='ocr_carea' id='block_1_26' title="bbox 2273 1403 3840 1480">
    <p class='ocr_par' dir='ltr' id='par_1_26' title="bbox 2273 1403 3840 1480">
     <span class='ocr_line' id='line_1_26' title="bbox 2273 1403 3840 1480; baseline 0.001 -24"><span class='ocrx_word' id='word_1_188' title='bbox 2273 1419 2393 1457; x_wconf 87' lang='grc' dir='ltr'>πον.</span> <span class='ocrx_word' id='word_1_189' title='bbox 2443 1405 2651 1461; x_wconf 80' lang='grc' dir='ltr'>Οὐκοῦν</span> <span class='ocrx_word' id='word_1_190' title='bbox 2679 1406 2778 1460; x_wconf 81' lang='grc' dir='ltr'>οὐκ</span> <span class='ocrx_word' id='word_1_191' title='bbox 2809 1406 3044 1462; x_wconf 79' lang='grc' dir='ltr'>ἐλάττων</span> <span class='ocrx_word' id='word_1_192' title='bbox 3073 1410 3101 1462; x_wconf 97' lang='lat'><strong>6</strong></span> <span class='ocrx_word' id='word_1_193' title='bbox 3130 1408 3276 1476; x_wconf 76' lang='grc' dir='ltr'>Υἱὸς,</span> <span class='ocrx_word' id='word_1_194' title='bbox 3313 1410 3373 1463; x_wconf 82' lang='grc' dir='ltr'><strong>έν</strong></span> <span class='ocrx_word' id='word_1_195' title='bbox 3401 1403 3555 1480; x_wconf 72' lang='grc' dir='ltr'>ᾧπερ</span> <span class='ocrx_word' id='word_1_196' title='bbox 3582 1408 3840 1471; x_wconf 63' lang='grc' dir='ltr'>είκονίζεη</span> 
     </span>
    </p>
   </div>
   <div class='ocr_carea' id='block_1_27' title="bbox 2271 1493 2993 1569">
    <p class='ocr_par' dir='ltr' id='par_1_27' title="bbox 2271 1493 2993 1569">
     <span class='ocr_line' id='line_1_27' title="bbox 2271 1493 2993 1569; baseline 0.014 -24"><span class='ocrx_word' id='word_1_197' title='bbox 2271 1510 2361 1548; x_wconf 83' lang='grc' dir='ltr'><strong>ται</strong></span> <span class='ocrx_word' id='word_1_198' title='bbox 2389 1495 2596 1559; x_wconf 82' lang='grc' dir='ltr'>τέλειος</span> <span class='ocrx_word' id='word_1_199' title='bbox 2624 1493 2700 1548; x_wconf 84' lang='grc' dir='ltr'>ὢν</span> <span class='ocrx_word' id='word_1_200' title='bbox 2727 1497 2756 1549; x_wconf 87' lang='lat'><strong>6</strong></span> <span class='ocrx_word' id='word_1_201' title='bbox 2784 1497 2993 1569; x_wconf 85' lang='grc' dir='ltr'>Πατήρ.</span> 
     </span>
    </p>
   </div>
   <div class='ocr_carea' id='block_1_28' title="bbox 2340 1584 3840 1660">
    <p class='ocr_par' dir='ltr' id='par_1_28' title="bbox 2340 1584 3840 1660">
     <span class='ocr_line' id='line_1_28' title="bbox 2340 1584 3840 1660; baseline 0.003 -21"><span class='ocrx_word' id='word_1_202' title='bbox 2340 1587 2543 1642; x_wconf 77' lang='grc' dir='ltr'>ΑΛΛΟ.</span> <span class='ocrx_word' id='word_1_203' title='bbox 2585 1587 2695 1641; x_wconf 73' lang='grc' dir='ltr'><strong>Καὶ</strong></span> <span class='ocrx_word' id='word_1_204' title='bbox 2720 1589 2838 1652; x_wconf 87' lang='grc' dir='ltr'><strong>πῶς</strong></span> <span class='ocrx_word' id='word_1_205' title='bbox 2869 1589 2934 1643; x_wconf 81' lang='grc' dir='ltr'>ἂν</span> <span class='ocrx_word' id='word_1_206' title='bbox 2965 1590 3027 1643; x_wconf 86' lang='lat'><strong>16</strong></span> <span class='ocrx_word' id='word_1_207' title='bbox 3053 1590 3292 1653; x_wconf 78' lang='grc' dir='ltr'>ἔλαττον,</span> <span class='ocrx_word' id='word_1_208' title='bbox 3320 1590 3353 1659; x_wconf 84' lang='grc' dir='ltr'><strong>ἢ</strong></span> <span class='ocrx_word' id='word_1_209' title='bbox 3386 1590 3447 1644; x_wconf 81' lang='grc' dir='ltr'>ὲν</span> <span class='ocrx_word' id='word_1_210' title='bbox 3472 1584 3669 1660; x_wconf 65' lang='grc' dir='ltr'>οἷσπερ</span> <span class='ocrx_word' id='word_1_211' title='bbox 3690 1590 3840 1644; x_wconf 75' lang='grc' dir='ltr'>ἔστιν</span> 
     </span>
    </p>
   </div>
   <div class='ocr_carea' id='block_1_29' title="bbox 2271 1678 3839 1751">
    <p class='ocr_par' dir='ltr' id='par_1_29' title="bbox 2271 1678 3839 1751">
     <span class='ocr_line' id='line_1_29' title="bbox 2271 1678 3839 1751; baseline 0.004 -22"><span class='ocrx_word' id='word_1_212' title='bbox 2271 1678 2300 1729; x_wconf 94' lang='lat'><strong>6</strong></span> <span class='ocrx_word' id='word_1_213' title='bbox 2344 1678 2550 1749; x_wconf 77' lang='grc' dir='ltr'>Πατὴρ,</span> <span class='ocrx_word' id='word_1_214' title='bbox 2583 1680 2613 1732; x_wconf 93' lang='lat'><strong>6</strong></span> <span class='ocrx_word' id='word_1_215' title='bbox 2652 1679 2780 1742; x_wconf 81' lang='grc' dir='ltr'>Υίδς</span> <span class='ocrx_word' id='word_1_216' title='bbox 2828 1679 3134 1750; x_wconf 80' lang='grc' dir='ltr'>ὲπιδέξηται</span> <span class='ocrx_word' id='word_1_217' title='bbox 3156 1720 3172 1744; x_wconf 92' lang='grc'><strong>,</strong></span> <span class='ocrx_word' id='word_1_218' title='bbox 3224 1680 3397 1749; x_wconf 89' lang='grc' dir='ltr'>λέγων</span> <span class='ocrx_word' id='word_1_219' title='bbox 3452 1680 3797 1751; x_wconf 80' lang='grc' dir='ltr'><strong>ἀνεγκλήτως</strong></span> <span class='ocrx_word' id='word_1_220' title='bbox 3821 1697 3839 1715; x_wconf 68' lang='grc' dir='ltr'><strong>θ</strong></span> 
     </span>
    </p>
   </div>
   <div class='ocr_carea' id='block_1_30' title="bbox 603 1766 2165 1841">
    <p class='ocr_par' dir='ltr' id='par_1_30' title="bbox 603 1766 2165 1835">
     <span class='ocr_line' id='line_1_30' title="bbox 603 1766 2165 1835; baseline 0.003 -16"><span class='ocrx_word' id='word_1_221' title='bbox 603 1766 766 1822; x_wconf 84' lang='lat' dir='ltr'><strong>habet</strong></span> <span class='ocrx_word' id='word_1_222' title='bbox 796 1767 956 1823; x_wconf 85' lang='lat' dir='ltr'><strong>Pater</strong></span> <span class='ocrx_word' id='word_1_223' title='bbox 988 1785 1109 1824; x_wconf 90' lang='lat' dir='ltr'><strong>mea</strong></span> <span class='ocrx_word' id='word_1_224' title='bbox 1148 1780 1277 1825; x_wconf 88' lang='lat' dir='ltr'><strong>sunt</strong></span> <span class='ocrx_word' id='word_1_225' title='bbox 1305 1770 1391 1825; x_wconf 72' lang='lat' dir='ltr'><strong>“i</strong></span> <span class='ocrx_word' id='word_1_226' title='bbox 1417 1790 1435 1823; x_wconf 77' lang='grc' dir='ltr'><strong>ι</strong></span> <span class='ocrx_word' id='word_1_227' title='bbox 1468 1769 1538 1825; x_wconf 85' lang='lat' dir='ltr'><strong>Et</strong></span> <span class='ocrx_word' id='word_1_228' title='bbox 1573 1785 1791 1835; x_wconf 85' lang='lat' dir='ltr'><strong>rursus,</strong></span> <span class='ocrx_word' id='word_1_229' title='bbox 1819 1769 2071 1826; x_wconf 89' lang='lat' dir='ltr'><strong>oratione</strong></span> <span class='ocrx_word' id='word_1_230' title='bbox 2100 1768 2165 1823; x_wconf 91' lang='lat' dir='ltr'><strong>ad</strong></span> 
     </span>
    </p>
   </div>
   <div class='ocr_carea' id='block_1_31' title="bbox 2265 1766 3837 1841">
    <p class='ocr_par' dir='ltr' id='par_1_31' title="bbox 2278 1767 3837 1841">
     <span class='ocr_line' id='line_1_31' title="bbox 2278 1767 3837 1841; baseline 0.003 -24"><span class='ocrx_word' id='word_1_231' title='bbox 2278 1784 2297 1817; x_wconf 81' lang='grc' dir='ltr'><strong>ι</strong></span> <span class='ocrx_word' id='word_1_232' title='bbox 2328 1767 2511 1822; x_wconf 85' lang='grc' dir='ltr'>Πάντα</span> <span class='ocrx_word' id='word_1_233' title='bbox 2531 1770 2629 1822; x_wconf 84' lang='grc' dir='ltr'>ὅσα</span> <span class='ocrx_word' id='word_1_234' title='bbox 2654 1768 2765 1837; x_wconf 73' lang='grc' dir='ltr'>ἔχει</span> <span class='ocrx_word' id='word_1_235' title='bbox 2789 1769 2817 1821; x_wconf 95' lang='lat'><strong>6</strong></span> <span class='ocrx_word' id='word_1_236' title='bbox 2845 1769 3034 1841; x_wconf 85' lang='grc' dir='ltr'>Πατὴρ</span> <span class='ocrx_word' id='word_1_237' title='bbox 3070 1769 3180 1840; x_wconf 80' lang='grc' dir='ltr'>ὲμά</span> <span class='ocrx_word' id='word_1_238' title='bbox 3202 1771 3337 1823; x_wconf 73' lang='grc' dir='ltr'>ὲστιο</span> <span class='ocrx_word' id='word_1_239' title='bbox 3375 1789 3395 1821; x_wconf 74' lang='grc' dir='ltr'><strong>ι</strong></span> <span class='ocrx_word' id='word_1_240' title='bbox 3436 1769 3531 1822; x_wconf 74' lang='grc' dir='ltr'>καὶ</span> <span class='ocrx_word' id='word_1_241' title='bbox 3557 1768 3741 1833; x_wconf 77' lang='grc' dir='ltr'>πάλιν,</span> <span class='ocrx_word' id='word_1_242' title='bbox 3761 1768 3837 1832; x_wconf 82' lang='grc' dir='ltr'><strong>ὡς</strong></span> 
     </span>
    </p>
   </div>
   <div class='ocr_carea' id='block_1_32' title="bbox 600 1858 2164 1925">
    <p class='ocr_par' dir='ltr' id='par_1_32' title="bbox 600 1858 2164 1925">
     <span class='ocr_line' id='line_1_32' title="bbox 600 1858 2164 1925; baseline 0.001 -14"><span class='ocrx_word' id='word_1_243' title='bbox 600 1858 768 1914; x_wconf 78' lang='lat' dir='ltr'><strong>Deum</strong></span> <span class='ocrx_word' id='word_1_244' title='bbox 801 1871 853 1914; x_wconf 89' lang='lat' dir='ltr'><strong>et</strong></span> <span class='ocrx_word' id='word_1_245' title='bbox 877 1859 1094 1916; x_wconf 85' lang='lat' dir='ltr'><strong>Patrem</strong></span> <span class='ocrx_word' id='word_1_246' title='bbox 1120 1876 1385 1921; x_wconf 88' lang='lat' dir='ltr'><strong>conversa</strong></span> <span class='ocrx_word' id='word_1_247' title='bbox 1418 1881 1430 1917; x_wconf 94' lang='lat'>:</span> <span class='ocrx_word' id='word_1_248' title='bbox 1463 1880 1482 1915; x_wconf 78' lang='grc' dir='ltr'><strong>ι</strong></span> <span class='ocrx_word' id='word_1_249' title='bbox 1518 1862 1713 1917; x_wconf 90' lang='lat' dir='ltr'><strong>Omnia</strong></span> <span class='ocrx_word' id='word_1_250' title='bbox 1744 1877 1865 1918; x_wconf 85' lang='lat' dir='ltr'><strong>mea</strong></span> <span class='ocrx_word' id='word_1_251' title='bbox 1898 1870 1988 1915; x_wconf 91' lang='lat' dir='ltr'><strong>tua</strong></span> <span class='ocrx_word' id='word_1_252' title='bbox 2013 1868 2164 1925; x_wconf 91' lang='lat' dir='ltr'><strong>sunt,</strong></span> 
     </span>
    </p>
   </div>
   <div class='ocr_carea' id='block_1_33' title="bbox 598 1952 2167 2018">
    <p class='ocr_par' dir='ltr' id='par_1_33' title="bbox 598 1952 2167 2018">
     <span class='ocr_line' id='line_1_33' title="bbox 598 1952 2167 2018; baseline -0.001 -9"><span class='ocrx_word' id='word_1_253' title='bbox 598 1962 648 2009; x_wconf 90' lang='lat' dir='ltr'><strong>et</strong></span> <span class='ocrx_word' id='word_1_254' title='bbox 681 1960 773 2005; x_wconf 88' lang='lat' dir='ltr'><strong>tua</strong></span> <span class='ocrx_word' id='word_1_255' title='bbox 815 1967 936 2007; x_wconf 90' lang='lat' dir='ltr'><strong>mea</strong></span> <span class='ocrx_word' id='word_1_256' title='bbox 961 1954 1025 2007; x_wconf 80' lang='lat'><strong>“.</strong></span> <span class='ocrx_word' id='word_1_257' title='bbox 1066 1973 1085 2005; x_wconf 73' lang='grc' dir='ltr'><strong>ι</strong></span> <span class='ocrx_word' id='word_1_258' title='bbox 1117 1952 1173 2007; x_wconf 91' lang='lat' dir='ltr'><strong>Si</strong></span> <span class='ocrx_word' id='word_1_259' title='bbox 1205 1954 1385 2018; x_wconf 89' lang='lat' dir='ltr'><strong>enim,</strong></span> <span class='ocrx_word' id='word_1_260' title='bbox 1422 1962 1483 2007; x_wconf 92' lang='lat' dir='ltr'><strong>ut</strong></span> <span class='ocrx_word' id='word_1_261' title='bbox 1505 1960 1708 2009; x_wconf 86' lang='lat' dir='ltr'><strong>temere</strong></span> <span class='ocrx_word' id='word_1_262' title='bbox 1739 1954 1987 2008; x_wconf 89' lang='lat' dir='ltr'><strong>nonnulli</strong></span> <span class='ocrx_word' id='word_1_263' title='bbox 2014 1966 2167 2009; x_wconf 89' lang='lat' dir='ltr'><strong>assc-</strong></span> 
     </span>
    </p>
   </div>
   <div class='ocr_carea' id='block_1_34' title="bbox 600 2041 2169 2113">
    <p class='ocr_par' dir='ltr' id='par_1_34' title="bbox 600 2041 2169 2113">
     <span class='ocr_line' id='line_1_34' title="bbox 600 2041 2169 2113; baseline 0.002 -18"><span class='ocrx_word' id='word_1_264' title='bbox 600 2050 751 2106; x_wconf 84' lang='lat' dir='ltr'><strong>rnnt,</strong></span> <span class='ocrx_word' id='word_1_265' title='bbox 785 2057 979 2096; x_wconf 87' lang='lat' dir='ltr'><strong>revera</strong></span> <span class='ocrx_word' id='word_1_266' title='bbox 1032 2044 1211 2097; x_wconf 85' lang='lat' dir='ltr'><strong>minor</strong></span> <span class='ocrx_word' id='word_1_267' title='bbox 1260 2051 1346 2098; x_wconf 88' lang='lat' dir='ltr'><strong>est</strong></span> <span class='ocrx_word' id='word_1_268' title='bbox 1399 2041 1598 2109; x_wconf 89' lang='lat' dir='ltr'><strong>Filius,</strong></span> <span class='ocrx_word' id='word_1_269' title='bbox 1628 2044 1888 2113; x_wconf 84' lang='lat' dir='ltr'><strong>quoniam</strong></span> <span class='ocrx_word' id='word_1_270' title='bbox 1920 2057 2045 2099; x_wconf 81' lang='lat' dir='ltr'><strong>vere</strong></span> <span class='ocrx_word' id='word_1_271' title='bbox 2089 2043 2169 2098; x_wconf 89' lang='lat' dir='ltr'><strong>lo-</strong></span> 
     </span>
    </p>
   </div>
   <div class='ocr_carea' id='block_1_35' title="bbox 600 2133 2168 2205">
    <p class='ocr_par' dir='ltr' id='par_1_35' title="bbox 600 2133 2168 2205">
     <span class='ocr_line' id='line_1_35' title="bbox 600 2133 2168 2205; baseline 0.001 -18"><span class='ocrx_word' id='word_1_272' title='bbox 600 2135 791 2205; x_wconf 83' lang='lat' dir='ltr'><strong>quitur</strong></span> <span class='ocrx_word' id='word_1_273' title='bbox 818 2133 946 2188; x_wconf 85' lang='lat' dir='ltr'><strong>dum</strong></span> <span class='ocrx_word' id='word_1_274' title='bbox 982 2134 1115 2188; x_wconf 84' lang='lat' dir='ltr'><strong>dicit</strong></span> <span class='ocrx_word' id='word_1_275' title='bbox 1152 2134 1220 2188; x_wconf 81' lang='lat' dir='ltr'><strong>ad</strong></span> <span class='ocrx_word' id='word_1_276' title='bbox 1266 2134 1484 2190; x_wconf 82' lang='lat' dir='ltr'><strong>Patrem</strong></span> <span class='ocrx_word' id='word_1_277' title='bbox 1522 2153 1535 2189; x_wconf 93' lang='lat'><strong>:</strong></span> <span class='ocrx_word' id='word_1_278' title='bbox 1573 2153 1592 2185; x_wconf 72' lang='grc' dir='ltr'><strong>ι</strong></span> <span class='ocrx_word' id='word_1_279' title='bbox 1632 2133 1749 2191; x_wconf 87' lang='lat' dir='ltr'><strong>Mea</strong></span> <span class='ocrx_word' id='word_1_280' title='bbox 1794 2142 1886 2189; x_wconf 90' lang='lat' dir='ltr'><strong>tua</strong></span> <span class='ocrx_word' id='word_1_281' title='bbox 1939 2142 2087 2199; x_wconf 81' lang='lat' dir='ltr'><strong>sunt,</strong></span> <span class='ocrx_word' id='word_1_282' title='bbox 2112 2142 2168 2189; x_wconf 89' lang='lat' dir='ltr'><strong>et</strong></span> 
     </span>
    </p>
   </div>
   <div class='ocr_carea' id='block_1_36' title="bbox 600 2223 2168 2295">
    <p class='ocr_par' dir='ltr' id='par_1_36' title="bbox 600 2223 2168 2295">
     <span class='ocr_line' id='line_1_36' title="bbox 600 2223 2168 2295; baseline 0.001 -18"><span class='ocrx_word' id='word_1_283' title='bbox 600 2233 692 2279; x_wconf 88' lang='lat' dir='ltr'><strong>tua</strong></span> <span class='ocrx_word' id='word_1_284' title='bbox 717 2239 870 2289; x_wconf 89' lang='lat' dir='ltr'><strong>mea;</strong></span> <span class='ocrx_word' id='word_1_285' title='bbox 912 2244 930 2277; x_wconf 75' lang='grc' dir='ltr'><strong>ι</strong></span> <span class='ocrx_word' id='word_1_286' title='bbox 963 2224 1143 2279; x_wconf 89' lang='lat' dir='ltr'><strong>minus</strong></span> <span class='ocrx_word' id='word_1_287' title='bbox 1175 2224 1227 2277; x_wconf 89' lang='lat' dir='ltr'><strong>in</strong></span> <span class='ocrx_word' id='word_1_288' title='bbox 1261 2223 1477 2280; x_wconf 87' lang='lat' dir='ltr'><strong>Patrem</strong></span> <span class='ocrx_word' id='word_1_289' title='bbox 1504 2223 1678 2292; x_wconf 90' lang='lat' dir='ltr'><strong>cadet,</strong></span> <span class='ocrx_word' id='word_1_290' title='bbox 1708 2234 1762 2280; x_wconf 87' lang='lat' dir='ltr'><strong>et</strong></span> <span class='ocrx_word' id='word_1_291' title='bbox 1796 2228 1977 2295; x_wconf 86' lang='lat' dir='ltr'><strong>majus</strong></span> <span class='ocrx_word' id='word_1_292' title='bbox 2011 2225 2168 2280; x_wconf 90' lang='lat' dir='ltr'><strong>simi-</strong></span> 
     </span>
    </p>
   </div>
   <div class='ocr_carea' id='block_1_37' title="bbox 602 2315 2165 2388">
    <p class='ocr_par' dir='ltr' id='par_1_37' title="bbox 602 2315 2165 2388">
     <span class='ocr_line' id='line_1_37' title="bbox 602 2315 2165 2388; baseline 0.002 -19"><span class='ocrx_word' id='word_1_293' title='bbox 602 2315 729 2371; x_wconf 90' lang='lat' dir='ltr'><strong>liter</strong></span> <span class='ocrx_word' id='word_1_294' title='bbox 755 2316 810 2370; x_wconf 93' lang='lat' dir='ltr'><strong>in</strong></span> <span class='ocrx_word' id='word_1_295' title='bbox 837 2315 1055 2382; x_wconf 89' lang='lat' dir='ltr'><strong>Filium,</strong></span> <span class='ocrx_word' id='word_1_296' title='bbox 1089 2320 1405 2387; x_wconf 88' lang='lat' dir='ltr'><strong>promiscuo</strong></span> <span class='ocrx_word' id='word_1_297' title='bbox 1431 2332 1613 2372; x_wconf 87' lang='lat' dir='ltr'><strong>rerum</strong></span> <span class='ocrx_word' id='word_1_298' title='bbox 1646 2316 1863 2381; x_wconf 89' lang='lat' dir='ltr'><strong>ordine,</strong></span> <span class='ocrx_word' id='word_1_299' title='bbox 1894 2316 2165 2388; x_wconf 82' lang='lat' dir='ltr'><strong>siquidem</strong></span> 
     </span>
    </p>
   </div>
   <div class='ocr_carea' id='block_1_38' title="bbox 598 2409 2164 2481">
    <p class='ocr_par' dir='ltr' id='par_1_38' title="bbox 598 2409 2164 2481">
     <span class='ocr_line' id='line_1_38' title="bbox 598 2409 2164 2481; baseline 0.001 -18"><span class='ocrx_word' id='word_1_300' title='bbox 598 2410 653 2463; x_wconf 92' lang='lat' dir='ltr'><strong>in</strong></span> <span class='ocrx_word' id='word_1_301' title='bbox 684 2409 859 2465; x_wconf 84' lang='lat' dir='ltr'><strong>altero</strong></span> <span class='ocrx_word' id='word_1_302' title='bbox 901 2425 1021 2480; x_wconf 75' lang='lat' dir='ltr'><strong>qua:</strong></span> <span class='ocrx_word' id='word_1_303' title='bbox 1067 2411 1224 2466; x_wconf 89' lang='lat' dir='ltr'><strong>alteri</strong></span> <span class='ocrx_word' id='word_1_304' title='bbox 1271 2410 1466 2467; x_wconf 89' lang='lat' dir='ltr'><strong>insunt</strong></span> <span class='ocrx_word' id='word_1_305' title='bbox 1514 2410 1884 2481; x_wconf 88' lang='lat' dir='ltr'><strong>reperiuntur,</strong></span> <span class='ocrx_word' id='word_1_306' title='bbox 1924 2419 1978 2466; x_wconf 89' lang='lat' dir='ltr'><strong>et</strong></span> <span class='ocrx_word' id='word_1_307' title='bbox 2018 2410 2164 2481; x_wconf 89' lang='lat' dir='ltr'><strong>quod</strong></span> 
     </span>
    </p>
   </div>
   <div class='ocr_carea' id='block_1_39' title="bbox 599 2492 2167 2573">
    <p class='ocr_par' dir='ltr' id='par_1_39' title="bbox 599 2492 2167 2573">
     <span class='ocr_line' id='line_1_39' title="bbox 599 2492 2167 2573; baseline 0.002 -21"><span class='ocrx_word' id='word_1_308' title='bbox 599 2500 775 2555; x_wconf 83' lang='lat' dir='ltr'><strong>Patris</strong></span> <span class='ocrx_word' id='word_1_309' title='bbox 818 2509 922 2564; x_wconf 91' lang='lat' dir='ltr'><strong>est,</strong></span> <span class='ocrx_word' id='word_1_310' title='bbox 958 2500 1064 2557; x_wconf 87' lang='lat' dir='ltr'><strong>hoc</strong></span> <span class='ocrx_word' id='word_1_311' title='bbox 1113 2502 1280 2556; x_wconf 88' lang='lat' dir='ltr'><strong>etiam</strong></span> <span class='ocrx_word' id='word_1_312' title='bbox 1312 2511 1396 2556; x_wconf 88' lang='lat' dir='ltr'><strong>est</strong></span> <span class='ocrx_word' id='word_1_313' title='bbox 1427 2500 1573 2555; x_wconf 85' lang='lat' dir='ltr'><strong>Filii.</strong></span> <span class='ocrx_word' id='word_1_314' title='bbox 1613 2499 1680 2555; x_wconf 86' lang='lat' dir='ltr'><strong>Et</strong></span> <span class='ocrx_word' id='word_1_315' title='bbox 1729 2492 1955 2566; x_wconf 79' lang='lat' dir='ltr'><strong>rursus.</strong></span> <span class='ocrx_word' id='word_1_316' title='bbox 1990 2502 2167 2573; x_wconf 84' lang='lat' dir='ltr'><strong>quod-</strong></span> 
     </span>
    </p>
   </div>
   <div class='ocr_carea' id='block_1_40' title="bbox 596 2588 2167 2661">
    <p class='ocr_par' dir='ltr' id='par_1_40' title="bbox 596 2588 2167 2661">
     <span class='ocr_line' id='line_1_40' title="bbox 596 2588 2167 2661; baseline 0.002 -19"><span class='ocrx_word' id='word_1_317' title='bbox 596 2604 816 2660; x_wconf 85' lang='lat' dir='ltr'><strong>cunque</strong></span> <span class='ocrx_word' id='word_1_318' title='bbox 879 2588 998 2645; x_wconf 84' lang='lat' dir='ltr'><strong>Filii</strong></span> <span class='ocrx_word' id='word_1_319' title='bbox 1059 2591 1342 2661; x_wconf 90' lang='lat' dir='ltr'><strong>proprium</strong></span> <span class='ocrx_word' id='word_1_320' title='bbox 1384 2606 1509 2647; x_wconf 88' lang='lat' dir='ltr'><strong>esse</strong></span> <span class='ocrx_word' id='word_1_321' title='bbox 1561 2591 1813 2657; x_wconf 89' lang='lat' dir='ltr'><strong>videtur,</strong></span> <span class='ocrx_word' id='word_1_322' title='bbox 1882 2591 2030 2647; x_wconf 91' lang='lat' dir='ltr'><strong>istud</strong></span> <span class='ocrx_word' id='word_1_323' title='bbox 2081 2599 2167 2647; x_wconf 86' lang='lat' dir='ltr'><strong>est</strong></span> 
     </span>
    </p>
   </div>
   <div class='ocr_carea' id='block_1_41' title="bbox 595 2682 2167 2761">
    <p class='ocr_par' dir='ltr' id='par_1_41' title="bbox 595 2682 2167 2761">
     <span class='ocr_line' id='line_1_41' title="bbox 595 2682 2167 2761; baseline 0.003 -25"><span class='ocrx_word' id='word_1_324' title='bbox 595 2683 794 2738; x_wconf 86' lang='lat' dir='ltr'><strong>Patris.</strong></span> <span class='ocrx_word' id='word_1_325' title='bbox 861 2682 1007 2738; x_wconf 83' lang='lat' dir='ltr'><strong>Nihil</strong></span> <span class='ocrx_word' id='word_1_326' title='bbox 1053 2698 1184 2761; x_wconf 78' lang='lat' dir='ltr'><strong>ergo</strong></span> <span class='ocrx_word' id='word_1_327' title='bbox 1232 2684 1419 2739; x_wconf 82' lang='lat' dir='ltr'><strong>dicere</strong></span> <span class='ocrx_word' id='word_1_328' title='bbox 1464 2684 1670 2739; x_wconf 86' lang='lat' dir='ltr'><strong>vetabit</strong></span> <span class='ocrx_word' id='word_1_329' title='bbox 1719 2684 1986 2740; x_wconf 87' lang='lat' dir='ltr'><strong>minorem</strong></span> <span class='ocrx_word' id='word_1_330' title='bbox 2042 2699 2167 2740; x_wconf 90' lang='lat' dir='ltr'><strong>esse</strong></span> 
     </span>
    </p>
   </div>
   <div class='ocr_carea' id='block_1_42' title="bbox 593 2773 2166 2845">
    <p class='ocr_par' dir='ltr' id='par_1_42' title="bbox 593 2773 2166 2845">
     <span class='ocr_line' id='line_1_42' title="bbox 593 2773 2166 2845; baseline 0.001 -16"><span class='ocrx_word' id='word_1_331' title='bbox 593 2773 735 2830; x_wconf 86' lang='lat' dir='ltr'><strong>Filio</strong></span> <span class='ocrx_word' id='word_1_332' title='bbox 779 2775 1021 2839; x_wconf 85' lang='lat' dir='ltr'><strong>Patrem,</strong></span> <span class='ocrx_word' id='word_1_333' title='bbox 1062 2785 1118 2831; x_wconf 87' lang='lat' dir='ltr'><strong>et</strong></span> <span class='ocrx_word' id='word_1_334' title='bbox 1166 2776 1428 2845; x_wconf 86' lang='lat' dir='ltr'><strong>majorem</strong></span> <span class='ocrx_word' id='word_1_335' title='bbox 1478 2774 1641 2831; x_wconf 91' lang='lat' dir='ltr'><strong>Patre</strong></span> <span class='ocrx_word' id='word_1_336' title='bbox 1673 2774 1892 2831; x_wconf 85' lang='lat' dir='ltr'><strong>Filium.</strong></span> <span class='ocrx_word' id='word_1_337' title='bbox 1942 2774 2050 2831; x_wconf 83' lang='lat' dir='ltr'><strong>Sed</strong></span> <span class='ocrx_word' id='word_1_338' title='bbox 2079 2776 2166 2831; x_wconf 82' lang='lat' dir='ltr'><strong>vel</strong></span> 
     </span>
    </p>
   </div>
   <div class='ocr_carea' id='block_1_43' title="bbox 593 2865 2162 2939">
    <p class='ocr_par' dir='ltr' id='par_1_43' title="bbox 593 2865 2162 2939">
     <span class='ocr_line' id='line_1_43' title="bbox 593 2865 2162 2939; baseline 0 -18"><span class='ocrx_word' id='word_1_339' title='bbox 593 2867 837 2939; x_wconf 83' lang='lat' dir='ltr'><strong>cogitatu</strong></span> <span class='ocrx_word' id='word_1_340' title='bbox 868 2867 1011 2922; x_wconf 86' lang='lat' dir='ltr'><strong>istud</strong></span> <span class='ocrx_word' id='word_1_341' title='bbox 1054 2876 1135 2922; x_wconf 86' lang='lat' dir='ltr'><strong>est</strong></span> <span class='ocrx_word' id='word_1_342' title='bbox 1161 2866 1639 2923; x_wconf 81' lang='lat' dir='ltr'><strong>absurdissimum.</strong></span> <span class='ocrx_word' id='word_1_343' title='bbox 1691 2865 1945 2938; x_wconf 64' lang='lat' dir='ltr'><strong>Equalis</strong></span> <span class='ocrx_word' id='word_1_344' title='bbox 1975 2867 2162 2937; x_wconf 78' lang='lat' dir='ltr'><strong>igitur,</strong></span> 
     </span>
    </p>
   </div>
   <div class='ocr_carea' id='block_1_44' title="bbox 594 2959 2165 3029">
    <p class='ocr_par' dir='ltr' id='par_1_44' title="bbox 594 2959 2165 3029">
     <span class='ocr_line' id='line_1_44' title="bbox 594 2959 2165 3029; baseline 0.001 -14"><span class='ocrx_word' id='word_1_345' title='bbox 594 2969 652 3015; x_wconf 87' lang='lat' dir='ltr'><strong>et</strong></span> <span class='ocrx_word' id='word_1_346' title='bbox 684 2975 791 3014; x_wconf 92' lang='lat' dir='ltr'><strong>non</strong></span> <span class='ocrx_word' id='word_1_347' title='bbox 822 2960 999 3013; x_wconf 89' lang='lat' dir='ltr'><strong>minor</strong></span> <span class='ocrx_word' id='word_1_348' title='bbox 1033 2969 1118 3014; x_wconf 85' lang='lat' dir='ltr'><strong>est</strong></span> <span class='ocrx_word' id='word_1_349' title='bbox 1162 2960 1255 3029; x_wconf 90' lang='lat' dir='ltr'><strong>qui</strong></span> <span class='ocrx_word' id='word_1_350' title='bbox 1285 2973 1605 3016; x_wconf 89' lang='lat' dir='ltr'><strong>communes</strong></span> <span class='ocrx_word' id='word_1_351' title='bbox 1648 2959 1812 3015; x_wconf 86' lang='lat' dir='ltr'><strong>habet</strong></span> <span class='ocrx_word' id='word_1_352' title='bbox 1842 2974 1968 3015; x_wconf 91' lang='lat' dir='ltr'><strong>cum</strong></span> <span class='ocrx_word' id='word_1_353' title='bbox 2003 2959 2165 3016; x_wconf 86' lang='lat' dir='ltr'><strong>Patre</strong></span> 
     </span>
    </p>
   </div>
   <div class='ocr_carea' id='block_1_45' title="bbox 596 3050 1287 3119">
    <p class='ocr_par' dir='ltr' id='par_1_45' title="bbox 596 3050 1287 3119">
     <span class='ocr_line' id='line_1_45' title="bbox 596 3050 1287 3119; baseline -0.006 -14"><span class='ocrx_word' id='word_1_354' title='bbox 596 3051 849 3105; x_wconf 60' lang='lat' dir='ltr'><strong>essentia</strong></span> <span class='ocrx_word' id='word_1_355' title='bbox 876 3050 1287 3119; x_wconf 70' lang='lat' dir='ltr'><strong>prazrogativas.</strong></span> 
     </span>
    </p>
   </div>
   <div class='ocr_carea' id='block_1_46' title="bbox 665 3228 2161 3301">
    <p class='ocr_par' dir='ltr' id='par_1_46' title="bbox 665 3228 2161 3301">
     <span class='ocr_line' id='line_1_46' title="bbox 665 3228 2161 3301; baseline 0.003 -18"><span class='ocrx_word' id='word_1_356' title='bbox 665 3228 895 3295; x_wconf 83' lang='lat' dir='ltr'><strong>ALIUD,</strong></span> <span class='ocrx_word' id='word_1_357' title='bbox 926 3245 991 3284; x_wconf 77' lang='lat' dir='ltr'><strong>ea:</strong></span> <span class='ocrx_word' id='word_1_358' title='bbox 1026 3228 1227 3285; x_wconf 82' lang='lat' dir='ltr'><strong>eodem.</strong></span> <span class='ocrx_word' id='word_1_359' title='bbox 1268 3228 1325 3286; x_wconf 91' lang='lat' dir='ltr'><strong>Si</strong></span> <span class='ocrx_word' id='word_1_360' title='bbox 1363 3246 1707 3301; x_wconf 63' lang='lat' dir='ltr'><strong>quascunque</strong></span> <span class='ocrx_word' id='word_1_361' title='bbox 1767 3231 1929 3287; x_wconf 80' lang='lat' dir='ltr'><strong>habet</strong></span> <span class='ocrx_word' id='word_1_362' title='bbox 1979 3230 2161 3297; x_wconf 87' lang='lat' dir='ltr'><strong>Pater,</strong></span> 
     </span>
    </p>
   </div>
   <div class='ocr_carea' id='block_1_47' title="bbox 597 3319 2163 3392">
    <p class='ocr_par' dir='ltr' id='par_1_47' title="bbox 597 3319 2163 3392">
     <span class='ocr_line' id='line_1_47' title="bbox 597 3319 2163 3392; baseline 0.003 -18"><span class='ocrx_word' id='word_1_363' title='bbox 597 3322 711 3375; x_wconf 76' lang='lat' dir='ltr'><strong>haec</strong></span> <span class='ocrx_word' id='word_1_364' title='bbox 738 3321 921 3376; x_wconf 90' lang='lat' dir='ltr'><strong>omnia</strong></span> <span class='ocrx_word' id='word_1_365' title='bbox 939 3329 1067 3377; x_wconf 92' lang='lat' dir='ltr'><strong>sunt</strong></span> <span class='ocrx_word' id='word_1_366' title='bbox 1096 3319 1242 3385; x_wconf 85' lang='lat' dir='ltr'><strong>Filii,</strong></span> <span class='ocrx_word' id='word_1_367' title='bbox 1263 3329 1349 3378; x_wconf 90' lang='lat' dir='ltr'><strong>est</strong></span> <span class='ocrx_word' id='word_1_368' title='bbox 1379 3330 1560 3378; x_wconf 90' lang='lat' dir='ltr'><strong>autem</strong></span> <span class='ocrx_word' id='word_1_369' title='bbox 1588 3322 1642 3376; x_wconf 89' lang='lat' dir='ltr'><strong>in</strong></span> <span class='ocrx_word' id='word_1_370' title='bbox 1672 3321 1832 3377; x_wconf 89' lang='lat' dir='ltr'><strong>Patre</strong></span> <span class='ocrx_word' id='word_1_371' title='bbox 1860 3321 2124 3392; x_wconf 81' lang='lat' dir='ltr'><strong>perfectio</strong></span> <span class='ocrx_word' id='word_1_372' title='bbox 2149 3342 2163 3378; x_wconf 91' lang='lat'><strong>:</strong></span> 
     </span>
    </p>
   </div>
   <div class='ocr_carea' id='block_1_48' title="bbox 596 3411 2168 3485">
    <p class='ocr_par' dir='ltr' id='par_1_48' title="bbox 596 3411 2168 3485">
     <span class='ocr_line' id='line_1_48' title="bbox 596 3411 2168 3485; baseline 0.001 -17"><span class='ocrx_word' id='word_1_373' title='bbox 596 3411 868 3484; x_wconf 83' lang='lat' dir='ltr'><strong>perlectus</strong></span> <span class='ocrx_word' id='word_1_374' title='bbox 897 3414 1001 3469; x_wconf 90' lang='lat' dir='ltr'><strong>erit</strong></span> <span class='ocrx_word' id='word_1_375' title='bbox 1032 3424 1083 3469; x_wconf 90' lang='lat' dir='ltr'><strong>et</strong></span> <span class='ocrx_word' id='word_1_376' title='bbox 1118 3413 1313 3479; x_wconf 88' lang='lat' dir='ltr'><strong>Filius,</strong></span> <span class='ocrx_word' id='word_1_377' title='bbox 1344 3414 1439 3484; x_wconf 90' lang='lat' dir='ltr'><strong>qui</strong></span> <span class='ocrx_word' id='word_1_378' title='bbox 1479 3414 1643 3469; x_wconf 88' lang='lat' dir='ltr'><strong>habet</strong></span> <span class='ocrx_word' id='word_1_379' title='bbox 1675 3430 1795 3485; x_wconf 70' lang='lat' dir='ltr'><strong>quae</strong></span> <span class='ocrx_word' id='word_1_380' title='bbox 1828 3414 2006 3471; x_wconf 88' lang='lat' dir='ltr'><strong>Patris</strong></span> <span class='ocrx_word' id='word_1_381' title='bbox 2040 3430 2168 3485; x_wconf 88' lang='lat' dir='ltr'><strong>pro-</strong></span> 
     </span>
    </p>
   </div>
   <div class='ocr_carea' id='block_1_49' title="bbox 595 3507 2165 3579">
    <p class='ocr_par' dir='ltr' id='par_1_49' title="bbox 595 3507 2165 3579">
     <span class='ocr_line' id='line_1_49' title="bbox 595 3507 2165 3579; baseline 0.003 -20"><span class='ocrx_word' id='word_1_382' title='bbox 595 3509 711 3574; x_wconf 70' lang='grc' dir='ltr'><strong>ιη’ἰὸ</strong></span> <span class='ocrx_word' id='word_1_383' title='bbox 760 3516 889 3579; x_wconf 80' lang='lat' dir='ltr'><strong>sunt</strong></span> <span class='ocrx_word' id='word_1_384' title='bbox 924 3517 978 3562; x_wconf 89' lang='lat' dir='ltr'><strong>et</strong></span> <span class='ocrx_word' id='word_1_385' title='bbox 1030 3508 1252 3562; x_wconf 85' lang='lat' dir='ltr'><strong>eximia.</strong></span> <span class='ocrx_word' id='word_1_386' title='bbox 1302 3507 1473 3578; x_wconf 79' lang='lat' dir='ltr'><strong>Igitur</strong></span> <span class='ocrx_word' id='word_1_387' title='bbox 1522 3523 1629 3563; x_wconf 92' lang='lat' dir='ltr'><strong>non</strong></span> <span class='ocrx_word' id='word_1_388' title='bbox 1678 3516 1763 3564; x_wconf 90' lang='lat' dir='ltr'><strong>est</strong></span> <span class='ocrx_word' id='word_1_389' title='bbox 1810 3508 2050 3570; x_wconf 80' lang='lat' dir='ltr'><strong>inferior,</strong></span> <span class='ocrx_word' id='word_1_390' title='bbox 2104 3518 2165 3564; x_wconf 86' lang='lat' dir='ltr'><strong>ut</strong></span> 
     </span>
    </p>
   </div>
   <div class='ocr_carea' id='block_1_50' title="bbox 593 3594 1317 3669">
    <p class='ocr_par' dir='ltr' id='par_1_50' title="bbox 593 3594 1317 3669">
     <span class='ocr_line' id='line_1_50' title="bbox 593 3594 1317 3669; baseline -0.004 -14"><span class='ocrx_word' id='word_1_391' title='bbox 593 3594 758 3669; x_wconf 81' lang='lat' dir='ltr'><strong>impie</strong></span> <span class='ocrx_word' id='word_1_392' title='bbox 794 3600 1028 3655; x_wconf 87' lang='lat' dir='ltr'><strong>haeretici</strong></span> <span class='ocrx_word' id='word_1_393' title='bbox 1057 3599 1317 3655; x_wconf 88' lang='lat' dir='ltr'><strong>sentiunt.</strong></span> 
     </span>
    </p>
   </div>
   <div class='ocr_carea' id='block_1_51' title="bbox 664 3690 2163 3763">
    <p class='ocr_par' dir='ltr' id='par_1_51' title="bbox 664 3690 2163 3763">
     <span class='ocr_line' id='line_1_51' title="bbox 664 3690 2163 3763; baseline 0.002 -19"><span class='ocrx_word' id='word_1_394' title='bbox 664 3690 893 3757; x_wconf 85' lang='lat' dir='ltr'><strong>ALIUD,</strong></span> <span class='ocrx_word' id='word_1_395' title='bbox 924 3707 1014 3759; x_wconf 82' lang='lat' dir='ltr'><strong>per</strong></span> <span class='ocrx_word' id='word_1_396' title='bbox 1051 3691 1398 3746; x_wconf 80' lang='lat' dir='ltr'><strong>reductionem</strong></span> <span class='ocrx_word' id='word_1_397' title='bbox 1436 3693 1486 3746; x_wconf 84' lang='lat' dir='ltr'><strong>iu</strong></span> <span class='ocrx_word' id='word_1_398' title='bbox 1516 3691 1824 3757; x_wconf 78' lang='lat' dir='ltr'><strong>absurdum,</strong></span> <span class='ocrx_word' id='word_1_399' title='bbox 1849 3709 1965 3746; x_wconf 87' lang='lat' dir='ltr'><strong>cum</strong></span> <span class='ocrx_word' id='word_1_400' title='bbox 1997 3694 2163 3763; x_wconf 79' lang='lat' dir='ltr'><strong>syllo-</strong></span> 
     </span>
    </p>
   </div>
   <div class='ocr_carea' id='block_1_52' title="bbox 593 3782 2163 3855">
    <p class='ocr_par' dir='ltr' id='par_1_52' title="bbox 593 3782 2163 3855">
     <span class='ocr_line' id='line_1_52' title="bbox 593 3782 2163 3855; baseline 0.002 -20"><span class='ocrx_word' id='word_1_401' title='bbox 593 3782 751 3850; x_wconf 82' lang='lat' dir='ltr'><strong>gismi</strong></span> <span class='ocrx_word' id='word_1_402' title='bbox 805 3784 1182 3853; x_wconf 75' lang='lat' dir='ltr'><strong>complexione.</strong></span> <span class='ocrx_word' id='word_1_403' title='bbox 1215 3782 1409 3839; x_wconf 88' lang='lat' dir='ltr'><strong>Dicant</strong></span> <span class='ocrx_word' id='word_1_404' title='bbox 1458 3785 1616 3840; x_wconf 89' lang='lat' dir='ltr'><strong>nobis</strong></span> <span class='ocrx_word' id='word_1_405' title='bbox 1649 3784 1741 3854; x_wconf 90' lang='lat' dir='ltr'><strong>qui</strong></span> <span class='ocrx_word' id='word_1_406' title='bbox 1802 3785 2163 3855; x_wconf 78' lang='lat' dir='ltr'><strong>inexstingui-</strong></span> 
     </span>
    </p>
   </div>
   <div class='ocr_carea' id='block_1_53' title="bbox 596 3868 2162 3943">
    <p class='ocr_par' dir='ltr' id='par_1_53' title="bbox 596 3868 2162 3943">
     <span class='ocr_line' id='line_1_53' title="bbox 596 3868 2162 3943; baseline -0.001 -15"><span class='ocrx_word' id='word_1_407' title='bbox 596 3868 757 3928; x_wconf 80' lang='lat' dir='ltr'><strong>bilem</strong></span> <span class='ocrx_word' id='word_1_408' title='bbox 795 3875 1068 3929; x_wconf 81' lang='lat' dir='ltr'><strong>ﬂammam</strong></span> <span class='ocrx_word' id='word_1_409' title='bbox 1106 3876 1161 3929; x_wconf 92' lang='lat' dir='ltr'><strong>in</strong></span> <span class='ocrx_word' id='word_1_410' title='bbox 1209 3882 1373 3943; x_wconf 89' lang='lat' dir='ltr'><strong>caput</strong></span> <span class='ocrx_word' id='word_1_411' title='bbox 1418 3889 1576 3929; x_wconf 89' lang='lat' dir='ltr'><strong>suum</strong></span> <span class='ocrx_word' id='word_1_412' title='bbox 1632 3880 1941 3935; x_wconf 81' lang='lat' dir='ltr'><strong>arcessunt,</strong></span> <span class='ocrx_word' id='word_1_413' title='bbox 1982 3881 2037 3928; x_wconf 92' lang='lat' dir='ltr'><strong>et</strong></span> <span class='ocrx_word' id='word_1_414' title='bbox 2076 3889 2162 3927; x_wconf 87' lang='lat' dir='ltr'><strong>re-</strong></span> 
     </span>
    </p>
   </div>
   <div class='ocr_carea' id='block_1_54' title="bbox 593 3965 2163 4037">
    <p class='ocr_par' dir='ltr' id='par_1_54' title="bbox 593 3965 2163 4037">
     <span class='ocr_line' id='line_1_54' title="bbox 593 3965 2163 4037; baseline 0 -18"><span class='ocrx_word' id='word_1_415' title='bbox 593 3975 738 4019; x_wconf 86' lang='lat' dir='ltr'><strong>ctam</strong></span> <span class='ocrx_word' id='word_1_416' title='bbox 765 3965 1073 4020; x_wconf 89' lang='lat' dir='ltr'><strong>divinorum</strong></span> <span class='ocrx_word' id='word_1_417' title='bbox 1094 3966 1407 4037; x_wconf 78' lang='lat' dir='ltr'><strong>dogmatum</strong></span> <span class='ocrx_word' id='word_1_418' title='bbox 1433 3965 1698 4019; x_wconf 88' lang='lat' dir='ltr'><strong>rationem</strong></span> <span class='ocrx_word' id='word_1_419' title='bbox 1724 3971 2072 4027; x_wconf 80' lang='lat' dir='ltr'><strong>aversantur,</strong></span> <span class='ocrx_word' id='word_1_420' title='bbox 2099 3978 2163 4019; x_wconf 87' lang='lat' dir='ltr'><strong>ac</strong></span> 
     </span>
    </p>
   </div>
   <div class='ocr_carea' id='block_1_55' title="bbox 593 4056 2159 4132">
    <p class='ocr_par' dir='ltr' id='par_1_55' title="bbox 593 4056 2159 4132">
     <span class='ocr_line' id='line_1_55' title="bbox 593 4056 2159 4132; baseline 0.001 -22"><span class='ocrx_word' id='word_1_421' title='bbox 593 4058 869 4127; x_wconf 70' lang='lat' dir='ltr'><strong>variarum</strong></span> <span class='ocrx_word' id='word_1_422' title='bbox 926 4057 1261 4130; x_wconf 76' lang='lat' dir='ltr'><strong>argutiarum</strong></span> <span class='ocrx_word' id='word_1_423' title='bbox 1303 4056 1413 4132; x_wconf 68' lang='lat'><strong>28</strong></span> <span class='ocrx_word' id='word_1_424' title='bbox 1447 4056 1739 4119; x_wconf 78' lang='lat' dir='ltr'><strong>versutias,</strong></span> <span class='ocrx_word' id='word_1_425' title='bbox 1788 4057 1855 4111; x_wconf 88' lang='lat' dir='ltr'><strong>ad</strong></span> <span class='ocrx_word' id='word_1_426' title='bbox 1912 4056 2159 4112; x_wconf 82' lang='lat' dir='ltr'><strong>fraudem</strong></span> 
     </span>
    </p>
   </div>
   <div class='ocr_carea' id='block_1_56' title="bbox 594 4146 2160 4225">
    <p class='ocr_par' dir='ltr' id='par_1_56' title="bbox 594 4146 2160 4225">
     <span class='ocr_line' id='line_1_56' title="bbox 594 4146 2160 4225; baseline 0.001 -24"><span class='ocrx_word' id='word_1_427' title='bbox 594 4147 988 4219; x_wconf 81' lang='lat' dir='ltr'><strong>simpliciorum</strong></span> <span class='ocrx_word' id='word_1_428' title='bbox 1041 4154 1096 4201; x_wconf 90' lang='lat' dir='ltr'><strong>et</strong></span> <span class='ocrx_word' id='word_1_429' title='bbox 1144 4146 1557 4206; x_wconf 80' lang='lat' dir='ltr'><strong>subversionem</strong></span> <span class='ocrx_word' id='word_1_430' title='bbox 1605 4147 1941 4225; x_wconf 73' lang='lat' dir='ltr'><strong>excogitant,</strong></span> <span class='ocrx_word' id='word_1_431' title='bbox 1976 4156 2160 4203; x_wconf 90' lang='lat' dir='ltr'><strong>utrum</strong></span> 
     </span>
    </p>
   </div>
   <div class='ocr_carea' id='block_1_57' title="bbox 593 4238 2158 4311">
    <p class='ocr_par' dir='ltr' id='par_1_57' title="bbox 593 4238 2158 4311">
     <span class='ocr_line' id='line_1_57' title="bbox 593 4238 2158 4311; baseline 0 -17"><span class='ocrx_word' id='word_1_432' title='bbox 593 4240 811 4303; x_wconf 81' lang='lat' dir='ltr'><strong>tandem</strong></span> <span class='ocrx_word' id='word_1_433' title='bbox 849 4241 1039 4295; x_wconf 90' lang='lat' dir='ltr'><strong>melior</strong></span> <span class='ocrx_word' id='word_1_434' title='bbox 1068 4240 1140 4295; x_wconf 90' lang='lat' dir='ltr'><strong>sit</strong></span> <span class='ocrx_word' id='word_1_435' title='bbox 1180 4238 1336 4293; x_wconf 87' lang='lat' dir='ltr'><strong>Pater</strong></span> <span class='ocrx_word' id='word_1_436' title='bbox 1370 4238 1531 4304; x_wconf 81' lang='lat' dir='ltr'><strong>Filio,</strong></span> <span class='ocrx_word' id='word_1_437' title='bbox 1561 4254 1683 4294; x_wconf 90' lang='lat' dir='ltr'><strong>cum</strong></span> <span class='ocrx_word' id='word_1_438' title='bbox 1712 4240 1887 4310; x_wconf 83' lang='lat' dir='ltr'><strong>major</strong></span> <span class='ocrx_word' id='word_1_439' title='bbox 1915 4242 1986 4297; x_wconf 91' lang='lat' dir='ltr'><strong>sit</strong></span> <span class='ocrx_word' id='word_1_440' title='bbox 2019 4242 2158 4311; x_wconf 91' lang='lat' dir='ltr'><strong>ipso,</strong></span> 
     </span>
    </p>
   </div>
   <div class='ocr_carea' id='block_1_58' title="bbox 592 4331 2159 4403">
    <p class='ocr_par' dir='ltr' id='par_1_58' title="bbox 592 4331 2159 4403">
     <span class='ocr_line' id='line_1_58' title="bbox 592 4331 2159 4403; baseline 0.002 -18"><span class='ocrx_word' id='word_1_441' title='bbox 592 4338 636 4386; x_wconf 82' lang='lat' dir='ltr'><strong>si</strong></span> <span class='ocrx_word' id='word_1_442' title='bbox 685 4331 853 4389; x_wconf 88' lang='lat' dir='ltr'><strong>Filius</strong></span> <span class='ocrx_word' id='word_1_443' title='bbox 889 4336 1067 4387; x_wconf 92' lang='lat' dir='ltr'><strong>minor</strong></span> <span class='ocrx_word' id='word_1_444' title='bbox 1097 4339 1207 4397; x_wconf 90' lang='lat' dir='ltr'><strong>est,</strong></span> <span class='ocrx_word' id='word_1_445' title='bbox 1236 4339 1296 4401; x_wconf 85' lang='lat' dir='ltr'><strong>ut</strong></span> <span class='ocrx_word' id='word_1_446' title='bbox 1343 4332 1418 4385; x_wconf 92' lang='lat' dir='ltr'><strong>illi</strong></span> <span class='ocrx_word' id='word_1_447' title='bbox 1463 4341 1756 4403; x_wconf 85' lang='lat' dir='ltr'><strong>nugantur,</strong></span> <span class='ocrx_word' id='word_1_448' title='bbox 1798 4349 1866 4388; x_wconf 90' lang='lat' dir='ltr'><strong>an</strong></span> <span class='ocrx_word' id='word_1_449' title='bbox 1909 4349 2041 4388; x_wconf 90' lang='lat' dir='ltr'><strong>non.</strong></span> <span class='ocrx_word' id='word_1_450' title='bbox 2069 4335 2159 4401; x_wconf 75' lang='lat' dir='ltr'><strong>At,</strong></span> 
     </span>
    </p>
   </div>
   <div class='ocr_carea' id='block_1_59' title="bbox 592 4408 2160 4497">
    <p class='ocr_par' dir='ltr' id='par_1_59' title="bbox 592 4408 2160 4497">
     <span class='ocr_line' id='line_1_59' title="bbox 592 4408 2160 4497; baseline 0.003 -21"><span class='ocrx_word' id='word_1_451' title='bbox 592 4408 815 4495; x_wconf 73' lang='lat' dir='ltr'><strong>opinor,</strong></span> <span class='ocrx_word' id='word_1_452' title='bbox 868 4425 1145 4479; x_wconf 86' lang='lat' dir='ltr'><strong>meliorem</strong></span> <span class='ocrx_word' id='word_1_453' title='bbox 1203 4440 1324 4480; x_wconf 88' lang='lat' dir='ltr'><strong>esse</strong></span> <span class='ocrx_word' id='word_1_454' title='bbox 1383 4424 1716 4481; x_wconf 79' lang='lat' dir='ltr'><strong>fatebuntur.</strong></span> <span class='ocrx_word' id='word_1_455' title='bbox 1768 4424 1959 4480; x_wconf 88' lang='lat' dir='ltr'><strong>Dicant</strong></span> <span class='ocrx_word' id='word_1_456' title='bbox 2030 4441 2160 4497; x_wconf 81' lang='lat' dir='ltr'><strong>ergo</strong></span> 
     </span>
    </p>
   </div>
   <div class='ocr_carea' id='block_1_60' title="bbox 2270 1858 3838 1931">
    <p class='ocr_par' dir='ltr' id='par_1_60' title="bbox 2270 1858 3838 1931">
     <span class='ocr_line' id='line_1_60' title="bbox 2270 1858 3838 1931; baseline 0.005 -21"><span class='ocrx_word' id='word_1_457' title='bbox 2270 1858 2406 1930; x_wconf 82' lang='grc' dir='ltr'>πρὸς</span> <span class='ocrx_word' id='word_1_458' title='bbox 2449 1858 2541 1911; x_wconf 77' lang='lat' dir='ltr'>16v</span> <span class='ocrx_word' id='word_1_459' title='bbox 2574 1860 2706 1913; x_wconf 77' lang='grc' dir='ltr'>Θεὸν</span> <span class='ocrx_word' id='word_1_460' title='bbox 2737 1861 2830 1914; x_wconf 71' lang='grc' dir='ltr'>καὶ</span> <span class='ocrx_word' id='word_1_461' title='bbox 2860 1860 3099 1931; x_wconf 83' lang='grc' dir='ltr'><strong>Πατέρα,</strong></span> <span class='ocrx_word' id='word_1_462' title='bbox 3140 1862 3222 1915; x_wconf 78' lang='grc' dir='ltr'>ὅτι</span> <span class='ocrx_word' id='word_1_463' title='bbox 3277 1878 3295 1913; x_wconf 80' lang='grc' dir='ltr'><strong>ι</strong></span> <span class='ocrx_word' id='word_1_464' title='bbox 3324 1861 3508 1916; x_wconf 70' lang='grc' dir='ltr'>Πάντα</span> <span class='ocrx_word' id='word_1_465' title='bbox 3534 1859 3605 1914; x_wconf 85' lang='grc' dir='ltr'><strong>τὰ</strong></span> <span class='ocrx_word' id='word_1_466' title='bbox 3635 1859 3744 1930; x_wconf 75' lang='grc' dir='ltr'>ἐμά</span> <span class='ocrx_word' id='word_1_467' title='bbox 3772 1860 3838 1918; x_wconf 60' lang='grc' dir='ltr'><strong>σιξ</strong></span> 
     </span>
    </p>
   </div>
   <div class='ocr_carea' id='block_1_61' title="bbox 2268 1948 3841 2024">
    <p class='ocr_par' dir='ltr' id='par_1_61' title="bbox 2268 1948 3841 2024">
     <span class='ocr_line' id='line_1_61' title="bbox 2268 1948 3841 2024; baseline 0 -22"><span class='ocrx_word' id='word_1_468' title='bbox 2268 1950 2434 2017; x_wconf 72' lang='grc' dir='ltr'>ἐστιν,</span> <span class='ocrx_word' id='word_1_469' title='bbox 2464 1951 2559 2004; x_wconf 72' lang='grc' dir='ltr'>καὶ</span> <span class='ocrx_word' id='word_1_470' title='bbox 2582 1950 2652 2005; x_wconf 78' lang='grc' dir='ltr'>τὰ</span> <span class='ocrx_word' id='word_1_471' title='bbox 2688 1951 2755 2005; x_wconf 78' lang='grc' dir='ltr'><strong>σὰ</strong></span> <span class='ocrx_word' id='word_1_472' title='bbox 2792 1952 2934 2022; x_wconf 73' lang='grc' dir='ltr'>ἐμάς</span> <span class='ocrx_word' id='word_1_473' title='bbox 2966 1971 2986 2005; x_wconf 72' lang='grc' dir='ltr'><strong>ι</strong></span> <span class='ocrx_word' id='word_1_474' title='bbox 3022 1952 3084 2005; x_wconf 83' lang='lat' dir='ltr'><strong>El</strong></span> <span class='ocrx_word' id='word_1_475' title='bbox 3114 1952 3221 2024; x_wconf 78' lang='grc' dir='ltr'>γὰρ</span> <span class='ocrx_word' id='word_1_476' title='bbox 3245 1952 3412 2014; x_wconf 75' lang='grc' dir='ltr'>ὅντως</span> <span class='ocrx_word' id='word_1_477' title='bbox 3436 1950 3552 2004; x_wconf 66' lang='grc' dir='ltr'>ἐστὶ</span> <span class='ocrx_word' id='word_1_478' title='bbox 3578 1948 3718 2004; x_wconf 79' lang='grc' dir='ltr'>κατὰ</span> <span class='ocrx_word' id='word_1_479' title='bbox 3738 1949 3841 2019; x_wconf 86' lang='grc' dir='ltr'><strong>τήν</strong></span> 
     </span>
    </p>
   </div>
   <div class='ocr_carea' id='block_1_62' title="bbox 2268 2039 3840 2114">
    <p class='ocr_par' dir='ltr' id='par_1_62' title="bbox 2268 2039 3840 2114">
     <span class='ocr_line' id='line_1_62' title="bbox 2268 2039 3840 2114; baseline -0.002 -19"><span class='ocrx_word' id='word_1_480' title='bbox 2268 2058 2427 2095; x_wconf 86' lang='grc' dir='ltr'>τινων</span> <span class='ocrx_word' id='word_1_481' title='bbox 2454 2042 2709 2103; x_wconf 72' lang='grc' dir='ltr'>ἀϐουλίαν</span> <span class='ocrx_word' id='word_1_482' title='bbox 2740 2042 2979 2098; x_wconf 74' lang='grc' dir='ltr'>ἐλάττων</span> <span class='ocrx_word' id='word_1_483' title='bbox 3003 2044 3032 2098; x_wconf 92' lang='lat'><strong>6</strong></span> <span class='ocrx_word' id='word_1_484' title='bbox 3056 2042 3205 2109; x_wconf 84' lang='grc' dir='ltr'>Υἱὸς,</span> <span class='ocrx_word' id='word_1_485' title='bbox 3252 2043 3550 2114; x_wconf 74' lang='grc' dir='ltr'>ἐπειδήπερ</span> <span class='ocrx_word' id='word_1_486' title='bbox 3586 2039 3840 2112; x_wconf 79' lang='grc' dir='ltr'>ἀληθεύει</span> 
     </span>
    </p>
   </div>
   <div class='ocr_carea' id='block_1_63' title="bbox 2268 2126 3840 2203">
    <p class='ocr_par' dir='ltr' id='par_1_63' title="bbox 2268 2126 3840 2203">
     <span class='ocr_line' id='line_1_63' title="bbox 2268 2126 3840 2203; baseline -0.001 -21"><span class='ocrx_word' id='word_1_487' title='bbox 2268 2129 2441 2198; x_wconf 80' lang='grc' dir='ltr'>λέγων</span> <span class='ocrx_word' id='word_1_488' title='bbox 2474 2131 2609 2203; x_wconf 81' lang='grc' dir='ltr'>πρὸς</span> <span class='ocrx_word' id='word_1_489' title='bbox 2640 2131 2732 2186; x_wconf 84' lang='grc' dir='ltr'>τὸν</span> <span class='ocrx_word' id='word_1_490' title='bbox 2760 2131 2979 2203; x_wconf 80' lang='grc' dir='ltr'>Πατέρα</span> <span class='ocrx_word' id='word_1_491' title='bbox 3000 2148 3015 2163; x_wconf 78' lang='grc' dir='ltr'><strong>ο</strong></span> <span class='ocrx_word' id='word_1_492' title='bbox 3074 2150 3091 2184; x_wconf 82' lang='grc' dir='ltr'><strong>ι</strong></span> <span class='ocrx_word' id='word_1_493' title='bbox 3119 2131 3199 2185; x_wconf 82' lang='grc' dir='ltr'>Τά</span> <span class='ocrx_word' id='word_1_494' title='bbox 3243 2131 3353 2201; x_wconf 82' lang='grc' dir='ltr'>ὲμὰ</span> <span class='ocrx_word' id='word_1_495' title='bbox 3382 2132 3450 2186; x_wconf 91' lang='grc' dir='ltr'><strong>σά</strong></span> <span class='ocrx_word' id='word_1_496' title='bbox 3476 2131 3615 2193; x_wconf 61' lang='grc' dir='ltr'>ἐστι,</span> <span class='ocrx_word' id='word_1_497' title='bbox 3644 2129 3738 2182; x_wconf 74' lang='grc' dir='ltr'>καὶ</span> <span class='ocrx_word' id='word_1_498' title='bbox 3768 2126 3840 2182; x_wconf 66' lang='grc' dir='ltr'>τὰ</span> 
     </span>
    </p>
   </div>
   <div class='ocr_carea' id='block_1_64' title="bbox 2270 2221 3835 2296">
    <p class='ocr_par' dir='ltr' id='par_1_64' title="bbox 2270 2221 3835 2296">
     <span class='ocr_line' id='line_1_64' title="bbox 2270 2221 3835 2296; baseline -0.002 -20"><span class='ocrx_word' id='word_1_499' title='bbox 2270 2223 2340 2277; x_wconf 82' lang='grc' dir='ltr'><strong>σὰ</strong></span> <span class='ocrx_word' id='word_1_500' title='bbox 2388 2222 2519 2294; x_wconf 76' lang='grc' dir='ltr'>ἐμὰ,</span> <span class='ocrx_word' id='word_1_501' title='bbox 2550 2243 2570 2279; x_wconf 73' lang='grc' dir='ltr'><strong>ι</strong></span> <span class='ocrx_word' id='word_1_502' title='bbox 2618 2225 2857 2296; x_wconf 82' lang='grc' dir='ltr'>χωρήσει</span> <span class='ocrx_word' id='word_1_503' title='bbox 2886 2224 2982 2278; x_wconf 67' lang='grc' dir='ltr'>καὶ</span> <span class='ocrx_word' id='word_1_504' title='bbox 3008 2224 3100 2277; x_wconf 73' lang='grc' dir='ltr'><strong>ἐπὶ</strong></span> <span class='ocrx_word' id='word_1_505' title='bbox 3121 2223 3212 2279; x_wconf 78' lang='grc' dir='ltr'>τὸν</span> <span class='ocrx_word' id='word_1_506' title='bbox 3244 2224 3462 2293; x_wconf 78' lang='grc' dir='ltr'>Πατέρα</span> <span class='ocrx_word' id='word_1_507' title='bbox 3496 2223 3556 2276; x_wconf 91' lang='lat'><strong>16</strong></span> <span class='ocrx_word' id='word_1_508' title='bbox 3596 2221 3835 2282; x_wconf 76' lang='grc' dir='ltr'>ἔλαττον.</span> 
     </span>
    </p>
   </div>
   <div class='ocr_carea' id='block_1_65' title="bbox 2267 2307 3838 2387">
    <p class='ocr_par' dir='ltr' id='par_1_65' title="bbox 2267 2307 3838 2387">
     <span class='ocr_line' id='line_1_65' title="bbox 2267 2307 3838 2387; baseline -0.005 -17"><span class='ocrx_word' id='word_1_509' title='bbox 2267 2316 2362 2370; x_wconf 79' lang='grc' dir='ltr'>καὶ</span> <span class='ocrx_word' id='word_1_510' title='bbox 2386 2316 2448 2369; x_wconf 90' lang='lat'><strong>16</strong></span> <span class='ocrx_word' id='word_1_511' title='bbox 2478 2315 2660 2387; x_wconf 79' lang='grc' dir='ltr'>μεῖζον</span> <span class='ocrx_word' id='word_1_512' title='bbox 2684 2316 2888 2387; x_wconf 85' lang='grc' dir='ltr'>ὁμοίως</span> <span class='ocrx_word' id='word_1_513' title='bbox 2915 2315 3005 2368; x_wconf 74' lang='grc' dir='ltr'><strong>ἐπὶ</strong></span> <span class='ocrx_word' id='word_1_514' title='bbox 3030 2314 3122 2368; x_wconf 79' lang='grc' dir='ltr'>τὸν</span> <span class='ocrx_word' id='word_1_515' title='bbox 3144 2313 3293 2377; x_wconf 79' lang='grc' dir='ltr'>Υἱδν,</span> <span class='ocrx_word' id='word_1_516' title='bbox 3324 2309 3715 2383; x_wconf 75' lang='grc' dir='ltr'>ἀδιαφορούσης</span> <span class='ocrx_word' id='word_1_517' title='bbox 3738 2307 3838 2377; x_wconf 77' lang='grc' dir='ltr'>τῆς</span> 
     </span>
    </p>
   </div>
   <div class='ocr_carea' id='block_1_66' title="bbox 2265 2402 3834 2479">
    <p class='ocr_par' dir='ltr' id='par_1_66' title="bbox 2265 2402 3834 2479">
     <span class='ocr_line' id='line_1_66' title="bbox 2265 2402 3834 2479; baseline -0.003 -18"><span class='ocrx_word' id='word_1_518' title='bbox 2265 2408 2374 2468; x_wconf 77' lang='grc' dir='ltr'><strong>τῶν</strong></span> <span class='ocrx_word' id='word_1_519' title='bbox 2405 2409 2744 2479; x_wconf 73' lang='grc' dir='ltr'>πραγμάτων</span> <span class='ocrx_word' id='word_1_520' title='bbox 2774 2408 3002 2475; x_wconf 79' lang='grc' dir='ltr'>τάξεως,</span> <span class='ocrx_word' id='word_1_521' title='bbox 3036 2407 3193 2478; x_wconf 76' lang='grc' dir='ltr'>εἰπερ</span> <span class='ocrx_word' id='word_1_522' title='bbox 3232 2408 3289 2459; x_wconf 82' lang='grc' dir='ltr'>ὲν</span> <span class='ocrx_word' id='word_1_523' title='bbox 3331 2404 3577 2475; x_wconf 74' lang='grc' dir='ltr'>ἑκατέρῳ</span> <span class='ocrx_word' id='word_1_524' title='bbox 3604 2402 3671 2465; x_wconf 79' lang='grc' dir='ltr'><strong>τὰ</strong></span> <span class='ocrx_word' id='word_1_525' title='bbox 3703 2403 3834 2457; x_wconf 78' lang='grc' dir='ltr'>ἐκα-</span> 
     </span>
    </p>
   </div>
   <div class='ocr_carea' id='block_1_67' title="bbox 2264 2493 3835 2572">
    <p class='ocr_par' dir='ltr' id='par_1_67' title="bbox 2264 2493 3835 2572">
     <span class='ocr_line' id='line_1_67' title="bbox 2264 2493 3835 2572; baseline -0.006 -19"><span class='ocrx_word' id='word_1_526' title='bbox 2264 2500 2412 2572; x_wconf 82' lang='grc' dir='ltr'>τέρῳ</span> <span class='ocrx_word' id='word_1_527' title='bbox 2443 2502 2713 2572; x_wconf 82' lang='grc' dir='ltr'>προσόντα</span> <span class='ocrx_word' id='word_1_528' title='bbox 2742 2500 3011 2570; x_wconf 83' lang='grc' dir='ltr'>φαίνεται,</span> <span class='ocrx_word' id='word_1_529' title='bbox 3062 2500 3155 2553; x_wconf 67' lang='grc' dir='ltr'><strong>καλ</strong></span> <span class='ocrx_word' id='word_1_530' title='bbox 3189 2498 3327 2568; x_wconf 81' lang='grc' dir='ltr'>ὅπερ</span> <span class='ocrx_word' id='word_1_531' title='bbox 3355 2498 3421 2551; x_wconf 81' lang='grc' dir='ltr'>ἂν</span> <span class='ocrx_word' id='word_1_532' title='bbox 3463 2497 3549 2566; x_wconf 74' lang='grc' dir='ltr'>εἴη</span> <span class='ocrx_word' id='word_1_533' title='bbox 3579 2493 3674 2549; x_wconf 74' lang='grc' dir='ltr'>τοῦ</span> <span class='ocrx_word' id='word_1_534' title='bbox 3722 2495 3835 2548; x_wconf 45' lang='lat' dir='ltr'><strong>ﬂag</strong></span> 
     </span>
    </p>
   </div>
   <div class='ocr_carea' id='block_1_68' title="bbox 2264 2582 3836 2663">
    <p class='ocr_par' dir='ltr' id='par_1_68' title="bbox 2264 2582 3836 2663">
     <span class='ocr_line' id='line_1_68' title="bbox 2264 2582 3836 2663; baseline -0.01 -13"><span class='ocrx_word' id='word_1_535' title='bbox 2264 2591 2413 2663; x_wconf 74' lang='grc' dir='ltr'>τρὸς,</span> <span class='ocrx_word' id='word_1_536' title='bbox 2441 2591 2597 2645; x_wconf 79' lang='grc' dir='ltr'>τοῦτό</span> <span class='ocrx_word' id='word_1_537' title='bbox 2622 2594 2737 2645; x_wconf 73' lang='grc' dir='ltr'>ἐστι</span> <span class='ocrx_word' id='word_1_538' title='bbox 2757 2589 2850 2643; x_wconf 81' lang='grc' dir='ltr'>τοῦ</span> <span class='ocrx_word' id='word_1_539' title='bbox 2876 2588 3041 2654; x_wconf 79' lang='grc' dir='ltr'><strong>Υίοῦ,</strong></span> <span class='ocrx_word' id='word_1_540' title='bbox 3068 2589 3162 2642; x_wconf 74' lang='grc' dir='ltr'>καὶ</span> <span class='ocrx_word' id='word_1_541' title='bbox 3200 2587 3384 2653; x_wconf 85' lang='grc' dir='ltr'>πάλιν,</span> <span class='ocrx_word' id='word_1_542' title='bbox 3409 2588 3547 2657; x_wconf 81' lang='grc' dir='ltr'>ὅπερ</span> <span class='ocrx_word' id='word_1_543' title='bbox 3574 2585 3640 2639; x_wconf 76' lang='grc' dir='ltr'>ἂν</span> <span class='ocrx_word' id='word_1_544' title='bbox 3663 2582 3836 2652; x_wconf 79' lang='grc' dir='ltr'>ὑπάρ-</span> 
     </span>
    </p>
   </div>
   <div class='ocr_carea' id='block_1_69' title="bbox 2265 2674 3833 2755">
    <p class='ocr_par' dir='ltr' id='par_1_69' title="bbox 2265 2674 3833 2755">
     <span class='ocr_line' id='line_1_69' title="bbox 2265 2674 3833 2755; baseline -0.013 -11"><span class='ocrx_word' id='word_1_545' title='bbox 2265 2701 2360 2755; x_wconf 79' lang='grc' dir='ltr'><strong>χον</strong></span> <span class='ocrx_word' id='word_1_546' title='bbox 2390 2684 2517 2739; x_wconf 78' lang='grc' dir='ltr'>ἴδιον</span> <span class='ocrx_word' id='word_1_547' title='bbox 2546 2684 2800 2754; x_wconf 84' lang='grc' dir='ltr'>φαίνηται</span> <span class='ocrx_word' id='word_1_548' title='bbox 2826 2682 2920 2736; x_wconf 83' lang='grc' dir='ltr'><strong>τοῦ</strong></span> <span class='ocrx_word' id='word_1_549' title='bbox 2951 2681 3104 2747; x_wconf 80' lang='grc' dir='ltr'><strong>Υίοῦ,</strong></span> <span class='ocrx_word' id='word_1_550' title='bbox 3124 2680 3277 2734; x_wconf 83' lang='grc' dir='ltr'>τοῦτό</span> <span class='ocrx_word' id='word_1_551' title='bbox 3308 2681 3422 2732; x_wconf 77' lang='grc' dir='ltr'>ἐστι</span> <span class='ocrx_word' id='word_1_552' title='bbox 3455 2676 3549 2731; x_wconf 77' lang='grc' dir='ltr'>τοῦ</span> <span class='ocrx_word' id='word_1_553' title='bbox 3586 2674 3793 2745; x_wconf 84' lang='grc' dir='ltr'>Πατρός</span> <span class='ocrx_word' id='word_1_554' title='bbox 3816 2691 3833 2717; x_wconf 67' lang='grc' dir='ltr'><strong>ε</strong></span> 
     </span>
    </p>
   </div>
   <div class='ocr_carea' id='block_1_70' title="bbox 2264 2776 3835 2852">
    <p class='ocr_par' dir='ltr' id='par_1_70' title="bbox 2264 2776 3835 2852">
     <span class='ocr_line' id='line_1_70' title="bbox 2264 2776 3835 2852; baseline -0.008 -13"><span class='ocrx_word' id='word_1_555' title='bbox 2264 2785 2416 2839; x_wconf 79' lang='grc' dir='ltr'>οὐδὲν</span> <span class='ocrx_word' id='word_1_556' title='bbox 2443 2780 2535 2839; x_wconf 78' lang='grc' dir='ltr'>οὖν</span> <span class='ocrx_word' id='word_1_557' title='bbox 2562 2784 2795 2839; x_wconf 81' lang='grc' dir='ltr'><strong>κωλύσει</strong></span> <span class='ocrx_word' id='word_1_558' title='bbox 2820 2783 3001 2852; x_wconf 84' lang='grc' dir='ltr'>λέγειν</span> <span class='ocrx_word' id='word_1_559' title='bbox 3029 2780 3287 2836; x_wconf 74' lang='grc' dir='ltr'>ἐλάττονα</span> <span class='ocrx_word' id='word_1_560' title='bbox 3311 2778 3407 2833; x_wconf 83' lang='grc' dir='ltr'>τοῦ</span> <span class='ocrx_word' id='word_1_561' title='bbox 3442 2776 3571 2831; x_wconf 65' lang='lat' dir='ltr'><strong>Tim&quot;)</strong></span> <span class='ocrx_word' id='word_1_562' title='bbox 3603 2776 3696 2830; x_wconf 84' lang='lat' dir='ltr'>16v</span> <span class='ocrx_word' id='word_1_563' title='bbox 3723 2776 3835 2828; x_wconf 66' lang='lat' dir='ltr'><strong>[Ia-~</strong></span> 
     </span>
    </p>
   </div>
   <div class='ocr_carea' id='block_1_71' title="bbox 2262 2865 3836 2943">
    <p class='ocr_par' dir='ltr' id='par_1_71' title="bbox 2262 2865 3836 2943">
     <span class='ocr_line' id='line_1_71' title="bbox 2262 2865 3836 2943; baseline -0.007 -16"><span class='ocrx_word' id='word_1_564' title='bbox 2262 2873 2416 2943; x_wconf 88' lang='grc' dir='ltr'>τέρα,</span> <span class='ocrx_word' id='word_1_565' title='bbox 2446 2873 2538 2927; x_wconf 74' lang='grc' dir='ltr'>καὶ</span> <span class='ocrx_word' id='word_1_566' title='bbox 2583 2872 2805 2942; x_wconf 75' lang='grc' dir='ltr'>μείζονα</span> <span class='ocrx_word' id='word_1_567' title='bbox 2832 2871 2926 2925; x_wconf 82' lang='grc' dir='ltr'>τοῦ</span> <span class='ocrx_word' id='word_1_568' title='bbox 2961 2870 3171 2942; x_wconf 67' lang='grc' dir='ltr'>Πατρός</span> <span class='ocrx_word' id='word_1_569' title='bbox 3217 2869 3309 2923; x_wconf 82' lang='lat' dir='ltr'>16v</span> <span class='ocrx_word' id='word_1_570' title='bbox 3358 2869 3508 2923; x_wconf 80' lang='grc' dir='ltr'>Υἱόν.</span> <span class='ocrx_word' id='word_1_571' title='bbox 3556 2865 3692 2920; x_wconf 81' lang='grc' dir='ltr'>Ἀλλ’</span> <span class='ocrx_word' id='word_1_572' title='bbox 3720 2865 3836 2917; x_wconf 76' lang='grc' dir='ltr'>ἔστι</span> 
     </span>
    </p>
   </div>
   <div class='ocr_carea' id='block_1_72' title="bbox 2260 2954 3827 3029">
    <p class='ocr_par' dir='ltr' id='par_1_72' title="bbox 2260 2954 3827 3029">
     <span class='ocr_line' id='line_1_72' title="bbox 2260 2954 3827 3029; baseline -0.004 -15"><span class='ocrx_word' id='word_1_573' title='bbox 2260 2959 2371 3014; x_wconf 84' lang='grc' dir='ltr'><strong>τῶν</strong></span> <span class='ocrx_word' id='word_1_574' title='bbox 2418 2960 2810 3025; x_wconf 81' lang='grc' dir='ltr'>ἀτοπωτάτων,</span> <span class='ocrx_word' id='word_1_575' title='bbox 2857 2960 2950 3013; x_wconf 71' lang='grc' dir='ltr'>καὶ</span> <span class='ocrx_word' id='word_1_576' title='bbox 2996 2959 3156 3029; x_wconf 86' lang='grc' dir='ltr'>μόνον</span> <span class='ocrx_word' id='word_1_577' title='bbox 3214 2959 3412 3012; x_wconf 74' lang='grc' dir='ltr'>ἐννοεῖν</span> <span class='ocrx_word' id='word_1_578' title='bbox 3451 2974 3504 3011; x_wconf 89' lang='grc' dir='ltr'><strong>τι</strong></span> <span class='ocrx_word' id='word_1_579' title='bbox 3547 2954 3787 3010; x_wconf 80' lang='grc' dir='ltr'>τοιοῦτον</span> <span class='ocrx_word' id='word_1_580' title='bbox 3812 2971 3827 2986; x_wconf 90' lang='grc'><strong>·</strong></span> 
     </span>
    </p>
   </div>
   <div class='ocr_carea' id='block_1_73' title="bbox 2261 3047 3838 3123">
    <p class='ocr_par' dir='ltr' id='par_1_73' title="bbox 2261 3047 3838 3123">
     <span class='ocr_line' id='line_1_73' title="bbox 2261 3047 3838 3123; baseline -0.003 -18"><span class='ocrx_word' id='word_1_581' title='bbox 2261 3047 2379 3115; x_wconf 73' lang='grc' dir='ltr'>ἶσος</span> <span class='ocrx_word' id='word_1_582' title='bbox 2411 3050 2541 3123; x_wconf 75' lang='grc' dir='ltr'>ἄρα,</span> <span class='ocrx_word' id='word_1_583' title='bbox 2578 3051 2675 3105; x_wconf 71' lang='grc' dir='ltr'>καὶ</span> <span class='ocrx_word' id='word_1_584' title='bbox 2699 3051 2799 3105; x_wconf 78' lang='grc' dir='ltr'>οὐκ</span> <span class='ocrx_word' id='word_1_585' title='bbox 2826 3050 3062 3105; x_wconf 74' lang='grc' dir='ltr'>ἐλάττων</span> <span class='ocrx_word' id='word_1_586' title='bbox 3087 3051 3117 3103; x_wconf 93' lang='lat'><strong>6</strong></span> <span class='ocrx_word' id='word_1_587' title='bbox 3144 3050 3298 3104; x_wconf 83' lang='grc' dir='ltr'>κοινὰ</span> <span class='ocrx_word' id='word_1_588' title='bbox 3328 3048 3464 3122; x_wconf 74' lang='grc' dir='ltr'>πρὸς</span> <span class='ocrx_word' id='word_1_589' title='bbox 3490 3048 3584 3102; x_wconf 83' lang='grc' dir='ltr'>τὸν</span> <span class='ocrx_word' id='word_1_590' title='bbox 3617 3047 3838 3117; x_wconf 75' lang='grc' dir='ltr'>Πατέρα</span> 
     </span>
    </p>
   </div>
   <div class='ocr_carea' id='block_1_74' title="bbox 2190 3142 3341 3220">
    <p class='ocr_par' dir='ltr' id='par_1_74' title="bbox 2190 3142 3341 3220">
     <span class='ocr_line' id='line_1_74' title="bbox 2190 3142 3341 3220; baseline -0.003 -24"><span class='ocrx_word' id='word_1_591' title='bbox 2190 3161 2234 3220; x_wconf 73' lang='lat' dir='ltr'>c</span> <span class='ocrx_word' id='word_1_592' title='bbox 2265 3144 2333 3196; x_wconf 73' lang='grc' dir='ltr'>τὰ</span> <span class='ocrx_word' id='word_1_593' title='bbox 2358 3144 2456 3213; x_wconf 83' lang='grc' dir='ltr'><strong>τῆς</strong></span> <span class='ocrx_word' id='word_1_594' title='bbox 2481 3142 2669 3207; x_wconf 79' lang='grc' dir='ltr'>οὐσίας</span> <span class='ocrx_word' id='word_1_595' title='bbox 2703 3142 2841 3212; x_wconf 82' lang='grc' dir='ltr'>έχων</span> <span class='ocrx_word' id='word_1_596' title='bbox 2875 3142 3341 3211; x_wconf 84' lang='grc' dir='ltr'>πλεονεκτήματα.</span> 
     </span>
    </p>
   </div>
   <div class='ocr_carea' id='block_1_75' title="bbox 2340 3230 3834 3302">
    <p class='ocr_par' dir='ltr' id='par_1_75' title="bbox 2340 3230 3834 3302">
     <span class='ocr_line' id='line_1_75' title="bbox 2340 3230 3834 3302; baseline -0.005 -13"><span class='ocrx_word' id='word_1_597' title='bbox 2340 3236 2542 3299; x_wconf 79' lang='grc' dir='ltr'>ΛΛΛΟ,</span> <span class='ocrx_word' id='word_1_598' title='bbox 2580 3235 2648 3288; x_wconf 80' lang='grc' dir='ltr'>ἐκ</span> <span class='ocrx_word' id='word_1_599' title='bbox 2685 3234 2792 3288; x_wconf 82' lang='grc' dir='ltr'>τοῦ</span> <span class='ocrx_word' id='word_1_600' title='bbox 2825 3233 3031 3289; x_wconf 81' lang='grc' dir='ltr'>αὑτοῦ.</span> <span class='ocrx_word' id='word_1_601' title='bbox 3084 3234 3148 3288; x_wconf 85' lang='grc' dir='ltr'><strong>Εἰ</strong></span> <span class='ocrx_word' id='word_1_602' title='bbox 3181 3232 3356 3287; x_wconf 84' lang='grc' dir='ltr'>πάντα</span> <span class='ocrx_word' id='word_1_603' title='bbox 3381 3232 3481 3285; x_wconf 85' lang='grc' dir='ltr'>ὅσα</span> <span class='ocrx_word' id='word_1_604' title='bbox 3512 3230 3624 3302; x_wconf 75' lang='grc' dir='ltr'>ἔχει</span> <span class='ocrx_word' id='word_1_605' title='bbox 3655 3231 3684 3284; x_wconf 90' lang='lat'><strong>6</strong></span> <span class='ocrx_word' id='word_1_606' title='bbox 3719 3230 3834 3283; x_wconf 67' lang='grc' dir='ltr'>Πατ</span> 
     </span>
    </p>
   </div>
   <div class='ocr_carea' id='block_1_76' title="bbox 2266 3320 3841 3397">
    <p class='ocr_par' dir='ltr' id='par_1_76' title="bbox 2266 3320 3841 3397">
     <span class='ocr_line' id='line_1_76' title="bbox 2266 3320 3841 3397; baseline -0.004 -17"><span class='ocrx_word' id='word_1_607' title='bbox 2266 3326 2390 3397; x_wconf 67' lang='grc' dir='ltr'>σὴρ,</span> <span class='ocrx_word' id='word_1_608' title='bbox 2420 3326 2593 3379; x_wconf 80' lang='grc' dir='ltr'>ταῦτα</span> <span class='ocrx_word' id='word_1_609' title='bbox 2621 3326 2800 3379; x_wconf 86' lang='grc' dir='ltr'>πάντα</span> <span class='ocrx_word' id='word_1_610' title='bbox 2830 3326 2946 3378; x_wconf 73' lang='grc' dir='ltr'>ἐστὶ</span> <span class='ocrx_word' id='word_1_611' title='bbox 2991 3322 3086 3378; x_wconf 79' lang='grc' dir='ltr'>τοῦ</span> <span class='ocrx_word' id='word_1_612' title='bbox 3119 3322 3269 3386; x_wconf 84' lang='grc' dir='ltr'><strong>Υἱοῦ,</strong></span> <span class='ocrx_word' id='word_1_613' title='bbox 3314 3322 3429 3376; x_wconf 75' lang='grc' dir='ltr'>ἔστι</span> <span class='ocrx_word' id='word_1_614' title='bbox 3468 3321 3525 3375; x_wconf 79' lang='grc' dir='ltr'>δὲ</span> <span class='ocrx_word' id='word_1_615' title='bbox 3570 3324 3627 3374; x_wconf 83' lang='grc' dir='ltr'>ὲν</span> <span class='ocrx_word' id='word_1_616' title='bbox 3658 3320 3841 3391; x_wconf 76' lang='grc' dir='ltr'>Πατρὶ</span> 
     </span>
    </p>
   </div>
   <div class='ocr_carea' id='block_1_77' title="bbox 2264 3410 3838 3481">
    <p class='ocr_par' dir='ltr' id='par_1_77' title="bbox 2264 3410 3838 3481">
     <span class='ocr_line' id='line_1_77' title="bbox 2264 3410 3838 3481; baseline -0.004 -10"><span class='ocrx_word' id='word_1_617' title='bbox 2264 3419 2327 3471; x_wconf 90' lang='lat'><strong>16</strong></span> <span class='ocrx_word' id='word_1_618' title='bbox 2353 3418 2580 3481; x_wconf 87' lang='grc' dir='ltr'>τέλειον,</span> <span class='ocrx_word' id='word_1_619' title='bbox 2616 3417 2818 3481; x_wconf 86' lang='grc' dir='ltr'>τέλειος</span> <span class='ocrx_word' id='word_1_620' title='bbox 2868 3416 3019 3471; x_wconf 73' lang='grc' dir='ltr'>ἔσται</span> <span class='ocrx_word' id='word_1_621' title='bbox 3053 3415 3150 3469; x_wconf 80' lang='grc' dir='ltr'>καὶ</span> <span class='ocrx_word' id='word_1_622' title='bbox 3181 3417 3211 3469; x_wconf 92' lang='lat'><strong>6</strong></span> <span class='ocrx_word' id='word_1_623' title='bbox 3255 3413 3382 3477; x_wconf 77' lang='grc' dir='ltr'><strong>Υἱὸς</strong></span> <span class='ocrx_word' id='word_1_624' title='bbox 3427 3415 3456 3466; x_wconf 88' lang='grc' dir='ltr'><strong>ὀ</strong></span> <span class='ocrx_word' id='word_1_625' title='bbox 3498 3412 3593 3466; x_wconf 81' lang='grc' dir='ltr'><strong>τοῦ</strong></span> <span class='ocrx_word' id='word_1_626' title='bbox 3623 3410 3838 3481; x_wconf 85' lang='grc' dir='ltr'>Πατρδς</span> 
     </span>
    </p>
   </div>
   <div class='ocr_carea' id='block_1_78' title="bbox 2266 3501 3836 3580">
    <p class='ocr_par' dir='ltr' id='par_1_78' title="bbox 2266 3501 3836 3580">
     <span class='ocr_line' id='line_1_78' title="bbox 2266 3501 3836 3580; baseline -0.005 -17"><span class='ocrx_word' id='word_1_627' title='bbox 2266 3510 2403 3580; x_wconf 78' lang='grc' dir='ltr'>ἔχων</span> <span class='ocrx_word' id='word_1_628' title='bbox 2424 3510 2493 3564; x_wconf 81' lang='grc' dir='ltr'><strong>τὰ</strong></span> <span class='ocrx_word' id='word_1_629' title='bbox 2515 3508 2619 3563; x_wconf 76' lang='grc' dir='ltr'>ἴδια</span> <span class='ocrx_word' id='word_1_630' title='bbox 2643 3508 2737 3563; x_wconf 76' lang='grc' dir='ltr'>καὶ</span> <span class='ocrx_word' id='word_1_631' title='bbox 2765 3507 3038 3579; x_wconf 76' lang='grc' dir='ltr'>ἐξαίρετα.</span> <span class='ocrx_word' id='word_1_632' title='bbox 3060 3505 3268 3561; x_wconf 80' lang='grc' dir='ltr'>Οὐκοῦν</span> <span class='ocrx_word' id='word_1_633' title='bbox 3290 3505 3391 3560; x_wconf 76' lang='grc' dir='ltr'>οὐκ</span> <span class='ocrx_word' id='word_1_634' title='bbox 3418 3504 3674 3569; x_wconf 77' lang='grc' dir='ltr'>ἐλάττων,</span> <span class='ocrx_word' id='word_1_635' title='bbox 3693 3501 3836 3556; x_wconf 76' lang='grc' dir='ltr'>κατὰ</span> 
     </span>
    </p>
   </div>
   <div class='ocr_carea' id='block_1_79' title="bbox 2265 3599 3184 3671">
    <p class='ocr_par' dir='ltr' id='par_1_79' title="bbox 2265 3599 3184 3671">
     <span class='ocr_line' id='line_1_79' title="bbox 2265 3599 3184 3671; baseline -0.004 -15"><span class='ocrx_word' id='word_1_636' title='bbox 2265 3602 2365 3671; x_wconf 82' lang='grc' dir='ltr'>τὴν</span> <span class='ocrx_word' id='word_1_637' title='bbox 2390 3601 2496 3654; x_wconf 85' lang='grc' dir='ltr'><strong>τῶν</strong></span> <span class='ocrx_word' id='word_1_638' title='bbox 2526 3599 2816 3671; x_wconf 84' lang='grc' dir='ltr'>αἱρετικῶν</span> <span class='ocrx_word' id='word_1_639' title='bbox 2844 3599 3184 3655; x_wconf 77' lang='grc' dir='ltr'>δυσσέϐειαν.</span> 
     </span>
    </p>
   </div>
   <div class='ocr_carea' id='block_1_80' title="bbox 2335 3684 3838 3759">
    <p class='ocr_par' dir='ltr' id='par_1_80' title="bbox 2335 3684 3838 3759">
     <span class='ocr_line' id='line_1_80' title="bbox 2335 3684 3838 3759; baseline -0.005 -14"><span class='ocrx_word' id='word_1_640' title='bbox 2335 3693 2539 3756; x_wconf 77' lang='grc' dir='ltr'><strong>ΑΛΛΟ,</strong></span> <span class='ocrx_word' id='word_1_641' title='bbox 2590 3690 2685 3744; x_wconf 71' lang='grc' dir='ltr'>διὰ</span> <span class='ocrx_word' id='word_1_642' title='bbox 2727 3689 2839 3758; x_wconf 80' lang='grc' dir='ltr'>τῆς</span> <span class='ocrx_word' id='word_1_643' title='bbox 2882 3692 2969 3756; x_wconf 73' lang='grc' dir='ltr'>εἰς</span> <span class='ocrx_word' id='word_1_644' title='bbox 3014 3689 3241 3744; x_wconf 78' lang='grc' dir='ltr'>ἄτοπον</span> <span class='ocrx_word' id='word_1_645' title='bbox 3288 3685 3637 3759; x_wconf 63' lang='grc' dir='ltr'>ἀπαγωγῆς,</span> <span class='ocrx_word' id='word_1_646' title='bbox 3685 3684 3838 3755; x_wconf 76' lang='grc' dir='ltr'>μετὰ</span> 
     </span>
    </p>
   </div>
   <div class='ocr_carea' id='block_1_81' title="bbox 2264 3775 3838 3851">
    <p class='ocr_par' dir='ltr' id='par_1_81' title="bbox 2264 3775 3838 3851">
     <span class='ocr_line' id='line_1_81' title="bbox 2264 3775 3838 3851; baseline -0.003 -14"><span class='ocrx_word' id='word_1_647' title='bbox 2264 3781 2631 3851; x_wconf 80' lang='grc' dir='ltr'>συμπλοκῆς</span> <span class='ocrx_word' id='word_1_648' title='bbox 2668 3781 3106 3851; x_wconf 69' lang='grc' dir='ltr'>συλλογισμοῦ.</span> <span class='ocrx_word' id='word_1_649' title='bbox 3154 3780 3477 3849; x_wconf 86' lang='grc' dir='ltr'>Λεγέτωσαν</span> <span class='ocrx_word' id='word_1_650' title='bbox 3508 3780 3637 3849; x_wconf 72' lang='grc' dir='ltr'>ἡμῖν</span> <span class='ocrx_word' id='word_1_651' title='bbox 3665 3780 3713 3830; x_wconf 86' lang='grc' dir='ltr'><strong>οί</strong></span> <span class='ocrx_word' id='word_1_652' title='bbox 3735 3775 3838 3846; x_wconf 70' lang='grc' dir='ltr'>τὴν</span> 
     </span>
    </p>
   </div>
   <div class='ocr_carea' id='block_1_82' title="bbox 2264 3868 3835 3943">
    <p class='ocr_par' dir='ltr' id='par_1_82' title="bbox 2264 3868 3835 3943">
     <span class='ocr_line' id='line_1_82' title="bbox 2264 3868 3835 3943; baseline -0.005 -14"><span class='ocrx_word' id='word_1_653' title='bbox 2264 3874 2526 3929; x_wconf 79' lang='grc' dir='ltr'>ἄσϐεστον</span> <span class='ocrx_word' id='word_1_654' title='bbox 2554 3872 2725 3943; x_wconf 83' lang='grc' dir='ltr'>φλόγα</span> <span class='ocrx_word' id='word_1_655' title='bbox 2771 3872 3130 3942; x_wconf 83' lang='grc' dir='ltr'>καταχέοντες</span> <span class='ocrx_word' id='word_1_656' title='bbox 3181 3872 3281 3941; x_wconf 84' lang='grc' dir='ltr'>τῆς</span> <span class='ocrx_word' id='word_1_657' title='bbox 3326 3868 3533 3924; x_wconf 79' lang='grc' dir='ltr'>ἑαυτῶν</span> <span class='ocrx_word' id='word_1_658' title='bbox 3569 3868 3835 3940; x_wconf 81' lang='grc' dir='ltr'>κεφαλῆς,</span> 
     </span>
    </p>
   </div>
   <div class='ocr_carea' id='block_1_83' title="bbox 2264 3961 3837 4036">
    <p class='ocr_par' dir='ltr' id='par_1_83' title="bbox 2264 3961 3837 4036">
     <span class='ocr_line' id='line_1_83' title="bbox 2264 3961 3837 4036; baseline -0.005 -15"><span class='ocrx_word' id='word_1_659' title='bbox 2264 3967 2359 4021; x_wconf 70' lang='grc' dir='ltr'>καὶ</span> <span class='ocrx_word' id='word_1_660' title='bbox 2390 3964 2487 4036; x_wconf 87' lang='grc' dir='ltr'>τὴν</span> <span class='ocrx_word' id='word_1_661' title='bbox 2521 3963 2620 4035; x_wconf 82' lang='grc' dir='ltr'>μὲν</span> <span class='ocrx_word' id='word_1_662' title='bbox 2648 3965 2705 4017; x_wconf 82' lang='grc' dir='ltr'>ὲν</span> <span class='ocrx_word' id='word_1_663' title='bbox 2728 3966 2841 4028; x_wconf 77' lang='grc' dir='ltr'>τοῖς</span> <span class='ocrx_word' id='word_1_664' title='bbox 2873 3963 3037 4027; x_wconf 82' lang='grc' dir='ltr'>θείοις</span> <span class='ocrx_word' id='word_1_665' title='bbox 3061 3963 3325 4033; x_wconf 86' lang='grc' dir='ltr'>δόγμασιν</span> <span class='ocrx_word' id='word_1_666' title='bbox 3351 3961 3618 4033; x_wconf 82' lang='grc' dir='ltr'>ὀρθότητα</span> <span class='ocrx_word' id='word_1_667' title='bbox 3642 3976 3837 4031; x_wconf 85' lang='grc' dir='ltr'>παραι-</span> 
     </span>
    </p>
   </div>
   <div class='ocr_carea' id='block_1_84' title="bbox 2262 4053 3835 4127">
    <p class='ocr_par' dir='ltr' id='par_1_84' title="bbox 2262 4053 3835 4127">
     <span class='ocr_line' id='line_1_84' title="bbox 2262 4053 3835 4127; baseline -0.005 -15"><span class='ocrx_word' id='word_1_668' title='bbox 2262 4056 2534 4127; x_wconf 82' lang='grc' dir='ltr'>τούμενοι,</span> <span class='ocrx_word' id='word_1_669' title='bbox 2588 4056 2823 4127; x_wconf 77' lang='grc' dir='ltr'>στροφὰς</span> <span class='ocrx_word' id='word_1_670' title='bbox 2869 4056 2927 4109; x_wconf 83' lang='grc' dir='ltr'>δὲ</span> <span class='ocrx_word' id='word_1_671' title='bbox 2975 4056 3235 4109; x_wconf 86' lang='grc' dir='ltr'>ποικίλων</span> <span class='ocrx_word' id='word_1_672' title='bbox 3279 4053 3619 4118; x_wconf 71' lang='grc' dir='ltr'>ἐπινοοῦντες</span> <span class='ocrx_word' id='word_1_673' title='bbox 3650 4053 3835 4107; x_wconf 83' lang='grc' dir='ltr'>συλλο-</span> 
     </span>
    </p>
   </div>
   <div class='ocr_carea' id='block_1_85' title="bbox 2262 4148 3835 4220">
    <p class='ocr_par' dir='ltr' id='par_1_85' title="bbox 2262 4148 3835 4220">
     <span class='ocr_line' id='line_1_85' title="bbox 2262 4148 3835 4220; baseline -0.004 -17"><span class='ocrx_word' id='word_1_674' title='bbox 2262 4149 2473 4220; x_wconf 85' lang='grc' dir='ltr'>γισμῶν</span> <span class='ocrx_word' id='word_1_675' title='bbox 2503 4149 2637 4219; x_wconf 80' lang='grc' dir='ltr'>πρὸς</span> <span class='ocrx_word' id='word_1_676' title='bbox 2662 4148 2878 4219; x_wconf 84' lang='grc' dir='ltr'>ἀπάτην</span> <span class='ocrx_word' id='word_1_677' title='bbox 2909 4148 3017 4202; x_wconf 85' lang='grc' dir='ltr'><strong>τῶν</strong></span> <span class='ocrx_word' id='word_1_678' title='bbox 3047 4148 3446 4220; x_wconf 80' lang='grc' dir='ltr'>ἀκεραιοτέρων</span> <span class='ocrx_word' id='word_1_679' title='bbox 3482 4148 3576 4202; x_wconf 74' lang='grc' dir='ltr'>καὶ</span> <span class='ocrx_word' id='word_1_680' title='bbox 3617 4148 3835 4216; x_wconf 66' lang='grc' dir='ltr'>ἀνατροτ</span> 
     </span>
    </p>
   </div>
   <div class='ocr_carea' id='block_1_86' title="bbox 2264 4234 3832 4313">
    <p class='ocr_par' dir='ltr' id='par_1_86' title="bbox 2264 4234 3832 4313">
     <span class='ocr_line' id='line_1_86' title="bbox 2264 4234 3832 4313; baseline -0.005 -17"><span class='ocrx_word' id='word_1_681' title='bbox 2264 4244 2392 4313; x_wconf 82' lang='grc' dir='ltr'>πὴν,</span> <span class='ocrx_word' id='word_1_682' title='bbox 2428 4240 2658 4313; x_wconf 87' lang='grc' dir='ltr'>πότερόν</span> <span class='ocrx_word' id='word_1_683' title='bbox 2682 4258 2811 4293; x_wconf 87' lang='grc' dir='ltr'>ποτε</span> <span class='ocrx_word' id='word_1_684' title='bbox 2840 4240 3103 4311; x_wconf 89' lang='grc' dir='ltr'>κρείττων</span> <span class='ocrx_word' id='word_1_685' title='bbox 3132 4240 3277 4292; x_wconf 78' lang='grc' dir='ltr'>ἐστὶν</span> <span class='ocrx_word' id='word_1_686' title='bbox 3299 4241 3326 4293; x_wconf 90' lang='lat'><strong>6</strong></span> <span class='ocrx_word' id='word_1_687' title='bbox 3350 4238 3537 4308; x_wconf 76' lang='grc' dir='ltr'>Πατὴρ</span> <span class='ocrx_word' id='word_1_688' title='bbox 3564 4237 3657 4303; x_wconf 82' lang='grc' dir='ltr'><strong>τού</strong></span> <span class='ocrx_word' id='word_1_689' title='bbox 3679 4234 3832 4299; x_wconf 81' lang='grc' dir='ltr'>Υἰοῢ,</span> 
     </span>
    </p>
   </div>
   <div class='ocr_carea' id='block_1_87' title="bbox 2260 4327 3833 4406">
    <p class='ocr_par' dir='ltr' id='par_1_87' title="bbox 2260 4327 3833 4406">
     <span class='ocr_line' id='line_1_87' title="bbox 2260 4327 3833 4406; baseline -0.006 -17"><span class='ocrx_word' id='word_1_690' title='bbox 2260 4337 2323 4388; x_wconf 85' lang='lat'><strong>16</strong></span> <span class='ocrx_word' id='word_1_691' title='bbox 2361 4335 2546 4406; x_wconf 79' lang='grc' dir='ltr'>μεῖζον</span> <span class='ocrx_word' id='word_1_692' title='bbox 2567 4332 2644 4397; x_wconf 84' lang='grc' dir='ltr'>ὡς</span> <span class='ocrx_word' id='word_1_693' title='bbox 2675 4333 2811 4403; x_wconf 83' lang='grc' dir='ltr'>πρὸς</span> <span class='ocrx_word' id='word_1_694' title='bbox 2838 4331 2998 4385; x_wconf 76' lang='grc' dir='ltr'>αὐτὸν</span> <span class='ocrx_word' id='word_1_695' title='bbox 3030 4330 3189 4401; x_wconf 72' lang='grc' dir='ltr'>ἔχων,</span> <span class='ocrx_word' id='word_1_696' title='bbox 3232 4331 3386 4402; x_wconf 79' lang='grc' dir='ltr'>ετπερ</span> <span class='ocrx_word' id='word_1_697' title='bbox 3433 4330 3667 4397; x_wconf 80' lang='grc' dir='ltr'>ὲλᾲττων</span> <span class='ocrx_word' id='word_1_698' title='bbox 3696 4327 3833 4393; x_wconf 70' lang='grc' dir='ltr'>ἐστὶ,</span> 
     </span>
    </p>
   </div>
   <div class='ocr_carea' id='block_1_88' title="bbox 2264 4415 3836 4496">
    <p class='ocr_par' dir='ltr' id='par_1_88' title="bbox 2264 4415 3836 4496">
     <span class='ocr_line' id='line_1_88' title="bbox 2264 4415 3836 4496; baseline -0.006 -15"><span class='ocrx_word' id='word_1_699' title='bbox 2264 4426 2445 4490; x_wconf 83' lang='grc' dir='ltr'>καθὼς</span> <span class='ocrx_word' id='word_1_700' title='bbox 2472 4428 2668 4480; x_wconf 76' lang='grc' dir='ltr'>ἐκεῖνοι</span> <span class='ocrx_word' id='word_1_701' title='bbox 2710 4424 3001 4496; x_wconf 80' lang='grc' dir='ltr'>ληρούντές</span> <span class='ocrx_word' id='word_1_702' title='bbox 3032 4440 3216 4492; x_wconf 83' lang='grc' dir='ltr'>φασιν,</span> <span class='ocrx_word' id='word_1_703' title='bbox 3244 4423 3278 4493; x_wconf 82' lang='grc' dir='ltr'>ἦ</span> <span class='ocrx_word' id='word_1_704' title='bbox 3310 4422 3451 4492; x_wconf 81' lang='grc' dir='ltr'>οὐχί.</span> <span class='ocrx_word' id='word_1_705' title='bbox 3516 4421 3653 4474; x_wconf 82' lang='grc' dir='ltr'>Ἀλλ’</span> <span class='ocrx_word' id='word_1_706' title='bbox 3679 4415 3836 4490; x_wconf 79' lang='grc' dir='ltr'>οἶμαι</span> 
     </span>
    </p>
   </div>
   <div class='ocr_carea' id='block_1_89' title="bbox 592 4508 2165 4590">
    <p class='ocr_par' dir='ltr' id='par_1_89' title="bbox 592 4513 2156 4590">
     <span class='ocr_line' id='line_1_89' title="bbox 592 4513 2156 4590; baseline 0.003 -23"><span class='ocrx_word' id='word_1_707' title='bbox 592 4514 850 4590; x_wconf 85' lang='lat' dir='ltr'><strong>quidnam</strong></span> <span class='ocrx_word' id='word_1_708' title='bbox 880 4513 1059 4569; x_wconf 77' lang='lat' dir='ltr'><strong>eximii</strong></span> <span class='ocrx_word' id='word_1_709' title='bbox 1087 4513 1285 4584; x_wconf 83' lang='lat' dir='ltr'><strong>habere</strong></span> <span class='ocrx_word' id='word_1_710' title='bbox 1319 4513 1479 4583; x_wconf 84' lang='lat' dir='ltr'><strong>Pater</strong></span> <span class='ocrx_word' id='word_1_711' title='bbox 1517 4514 1792 4583; x_wconf 84' lang='lat' dir='ltr'><strong>videbitur</strong></span> <span class='ocrx_word' id='word_1_712' title='bbox 1822 4515 1874 4575; x_wconf 87' lang='lat' dir='ltr'><strong>in</strong></span> <span class='ocrx_word' id='word_1_713' title='bbox 1915 4530 1981 4571; x_wconf 89' lang='lat' dir='ltr'><strong>eo</strong></span> <span class='ocrx_word' id='word_1_714' title='bbox 2013 4515 2156 4584; x_wconf 92' lang='lat' dir='ltr'><strong>quod</strong></span> 
     </span>
    </p>
   </div>
   <div class='ocr_carea' id='block_1_90' title="bbox 2265 4508 3837 4590">
    <p class='ocr_par' dir='ltr' id='par_1_90' title="bbox 2265 4512 3837 4589">
     <span class='ocr_line' id='line_1_90' title="bbox 2265 4512 3837 4589; baseline -0.004 -18"><span class='ocrx_word' id='word_1_715' title='bbox 2265 4517 2326 4589; x_wconf 82' lang='grc' dir='ltr'>δὴ</span> <span class='ocrx_word' id='word_1_716' title='bbox 2356 4518 2591 4583; x_wconf 83' lang='grc' dir='ltr'>πάντως,</span> <span class='ocrx_word' id='word_1_717' title='bbox 2613 4517 2710 4581; x_wconf 84' lang='grc' dir='ltr'>ὅτι,</span> <span class='ocrx_word' id='word_1_718' title='bbox 2746 4514 3046 4585; x_wconf 85' lang='grc' dir='ltr'>Κρείττων,</span> <span class='ocrx_word' id='word_1_719' title='bbox 3078 4513 3260 4589; x_wconf 81' lang='grc' dir='ltr'>ὲροῦσι</span> <span class='ocrx_word' id='word_1_720' title='bbox 3286 4529 3299 4543; x_wconf 87' lang='grc'><strong>·</strong></span> <span class='ocrx_word' id='word_1_721' title='bbox 3322 4512 3627 4581; x_wconf 85' lang='grc' dir='ltr'>λεγέτωσαν</span> <span class='ocrx_word' id='word_1_722' title='bbox 3657 4512 3837 4580; x_wconf 78' lang='grc' dir='ltr'>τοίνυν</span> 
     </span>
    </p>
   </div>
   <div class='ocr_carea' id='block_1_91' title="bbox 590 4604 2157 4677">
    <p class='ocr_par' dir='ltr' id='par_1_91' title="bbox 590 4604 2157 4677">
     <span class='ocr_line' id='line_1_91' title="bbox 590 4604 2157 4677; baseline 0 -16"><span class='ocrx_word' id='word_1_723' title='bbox 590 4607 770 4676; x_wconf 85' lang='lat' dir='ltr'><strong>majus</strong></span> <span class='ocrx_word' id='word_1_724' title='bbox 797 4606 977 4677; x_wconf 78' lang='lat' dir='ltr'><strong>habet,</strong></span> <span class='ocrx_word' id='word_1_725' title='bbox 1016 4604 1120 4658; x_wconf 83' lang='lat' dir='ltr'><strong>nisi</strong></span> <span class='ocrx_word' id='word_1_726' title='bbox 1151 4605 1346 4659; x_wconf 88' lang='lat' dir='ltr'><strong>melior</strong></span> <span class='ocrx_word' id='word_1_727' title='bbox 1391 4615 1497 4659; x_wconf 89' lang='lat' dir='ltr'><strong>est.</strong></span> <span class='ocrx_word' id='word_1_728' title='bbox 1547 4604 1680 4667; x_wconf 87' lang='lat' dir='ltr'><strong>Nam</strong></span> <span class='ocrx_word' id='word_1_729' title='bbox 1716 4607 1763 4665; x_wconf 87' lang='lat' dir='ltr'><strong>si</strong></span> <span class='ocrx_word' id='word_1_730' title='bbox 1793 4607 1928 4660; x_wconf 91' lang='lat' dir='ltr'><strong>nihil</strong></span> <span class='ocrx_word' id='word_1_731' title='bbox 1974 4607 2157 4677; x_wconf 90' lang='lat' dir='ltr'><strong>plane,</strong></span> 
     </span>
    </p>
   </div>
   <div class='ocr_carea' id='block_1_92' title="bbox 594 4696 2160 4776">
    <p class='ocr_par' dir='ltr' id='par_1_92' title="bbox 594 4696 2160 4776">
     <span class='ocr_line' id='line_1_92' title="bbox 594 4696 2160 4776; baseline 0 -23"><span class='ocrx_word' id='word_1_732' title='bbox 594 4697 771 4757; x_wconf 82' lang='lat' dir='ltr'><strong>soluta</strong></span> <span class='ocrx_word' id='word_1_733' title='bbox 798 4697 1014 4751; x_wconf 85' lang='lat' dir='ltr'><strong>demum</strong></span> <span class='ocrx_word' id='word_1_734' title='bbox 1046 4703 1129 4750; x_wconf 86' lang='lat' dir='ltr'><strong>est</strong></span> <span class='ocrx_word' id='word_1_735' title='bbox 1162 4696 1341 4750; x_wconf 90' lang='lat' dir='ltr'><strong>omnis</strong></span> <span class='ocrx_word' id='word_1_736' title='bbox 1371 4696 1459 4750; x_wconf 89' lang='lat' dir='ltr'><strong>illa</strong></span> <span class='ocrx_word' id='word_1_737' title='bbox 1492 4696 1615 4750; x_wconf 83' lang='lat' dir='ltr'><strong>Filii</strong></span> <span class='ocrx_word' id='word_1_738' title='bbox 1656 4698 2030 4776; x_wconf 82' lang='lat' dir='ltr'><strong>reprehensio.</strong></span> <span class='ocrx_word' id='word_1_739' title='bbox 2062 4698 2160 4753; x_wconf 90' lang='lat' dir='ltr'><strong>Siu</strong></span> 
     </span>
    </p>
   </div>
   <div class='ocr_carea' id='block_1_93' title="bbox 592 4788 2163 4862">
    <p class='ocr_par' dir='ltr' id='par_1_93' title="bbox 592 4788 2163 4862">
     <span class='ocr_line' id='line_1_93' title="bbox 592 4788 2163 4862; baseline 0.002 -20"><span class='ocrx_word' id='word_1_740' title='bbox 592 4796 771 4843; x_wconf 88' lang='lat' dir='ltr'><strong>autem</strong></span> <span class='ocrx_word' id='word_1_741' title='bbox 822 4789 1051 4842; x_wconf 88' lang='lat' dir='ltr'><strong>multutn</strong></span> <span class='ocrx_word' id='word_1_742' title='bbox 1097 4794 1341 4858; x_wconf 63' lang='lat' dir='ltr'><strong>praestat,</strong></span> <span class='ocrx_word' id='word_1_743' title='bbox 1387 4788 1583 4842; x_wconf 90' lang='lat' dir='ltr'><strong>melior</strong></span> <span class='ocrx_word' id='word_1_744' title='bbox 1627 4789 1794 4860; x_wconf 74' lang='lat' dir='ltr'><strong>igitur</strong></span> <span class='ocrx_word' id='word_1_745' title='bbox 1834 4799 1938 4855; x_wconf 87' lang='lat' dir='ltr'><strong>est,</strong></span> <span class='ocrx_word' id='word_1_746' title='bbox 1974 4798 2163 4862; x_wconf 83' lang='lat' dir='ltr'><strong>utpote</strong></span> 
     </span>
    </p>
   </div>
   <div class='ocr_carea' id='block_1_94' title="bbox 590 4877 2160 4951">
    <p class='ocr_par' dir='ltr' id='par_1_94' title="bbox 590 4877 2160 4951">
     <span class='ocr_line' id='line_1_94' title="bbox 590 4877 2160 4951; baseline 0.003 -20"><span class='ocrx_word' id='word_1_747' title='bbox 590 4882 682 4951; x_wconf 73' lang='lat' dir='ltr'><strong>qui</strong></span> <span class='ocrx_word' id='word_1_748' title='bbox 718 4880 890 4949; x_wconf 85' lang='lat' dir='ltr'><strong>majus</strong></span> <span class='ocrx_word' id='word_1_749' title='bbox 918 4879 1098 4950; x_wconf 85' lang='lat' dir='ltr'><strong>habet.</strong></span> <span class='ocrx_word' id='word_1_750' title='bbox 1124 4877 1512 4949; x_wconf 81' lang='lat' dir='ltr'><strong>Respondeant</strong></span> <span class='ocrx_word' id='word_1_751' title='bbox 1531 4894 1684 4951; x_wconf 76' lang='lat' dir='ltr'><strong>ergo,</strong></span> <span class='ocrx_word' id='word_1_752' title='bbox 1703 4888 1757 4936; x_wconf 88' lang='lat' dir='ltr'><strong>et</strong></span> <span class='ocrx_word' id='word_1_753' title='bbox 1780 4897 1879 4936; x_wconf 87' lang='lat' dir='ltr'><strong>nos</strong></span> <span class='ocrx_word' id='word_1_754' title='bbox 1906 4882 2160 4949; x_wconf 81' lang='lat' dir='ltr'><strong>doceant,</strong></span> 
     </span>
    </p>
   </div>
   <div class='ocr_carea' id='block_1_95' title="bbox 591 4970 2159 5055">
    <p class='ocr_par' dir='ltr' id='par_1_95' title="bbox 591 4970 2159 5055">
     <span class='ocr_line' id='line_1_95' title="bbox 591 4970 2159 5055; baseline -0.001 -28"><span class='ocrx_word' id='word_1_755' title='bbox 591 4974 634 5027; x_wconf 77' lang='lat' dir='ltr'><strong>si</strong></span> <span class='ocrx_word' id='word_1_756' title='bbox 679 4986 865 5026; x_wconf 85' lang='lat' dir='ltr'><strong>revera</strong></span> <span class='ocrx_word' id='word_1_757' title='bbox 897 4970 1139 5038; x_wconf 80' lang='lat' dir='ltr'><strong>sapiunt,</strong></span> <span class='ocrx_word' id='word_1_758' title='bbox 1179 4984 1342 5055; x_wconf 82' lang='lat' dir='ltr'><strong>quam</strong></span> <span class='ocrx_word' id='word_1_759' title='bbox 1383 4970 1456 5043; x_wconf 85' lang='lat' dir='ltr'><strong>ob</strong></span> <span class='ocrx_word' id='word_1_760' title='bbox 1500 4985 1723 5026; x_wconf 85' lang='lat' dir='ltr'><strong>causam</strong></span> <span class='ocrx_word' id='word_1_761' title='bbox 1772 4970 1968 5025; x_wconf 88' lang='lat' dir='ltr'><strong>Filitun</strong></span> <span class='ocrx_word' id='word_1_762' title='bbox 1996 4970 2159 5027; x_wconf 87' lang='lat' dir='ltr'><strong>Pater</strong></span> 
     </span>
    </p>
   </div>
   <div class='ocr_carea' id='block_1_96' title="bbox 589 5063 2159 5137">
    <p class='ocr_par' dir='ltr' id='par_1_96' title="bbox 589 5063 2159 5137">
     <span class='ocr_line' id='line_1_96' title="bbox 589 5063 2159 5137; baseline 0.001 -20"><span class='ocrx_word' id='word_1_763' title='bbox 589 5080 711 5117; x_wconf 79' lang='lat' dir='ltr'><strong>rum</strong></span> <span class='ocrx_word' id='word_1_764' title='bbox 754 5063 1022 5137; x_wconf 75' lang='lat' dir='ltr'><strong>genuerit,</strong></span> <span class='ocrx_word' id='word_1_765' title='bbox 1056 5078 1166 5117; x_wconf 86' lang='lat' dir='ltr'><strong>non</strong></span> <span class='ocrx_word' id='word_1_766' title='bbox 1205 5064 1469 5136; x_wconf 62' lang='lat' dir='ltr'><strong>aequalem</strong></span> <span class='ocrx_word' id='word_1_767' title='bbox 1522 5063 1628 5136; x_wconf 84' lang='lat' dir='ltr'><strong>sibi</strong></span> <span class='ocrx_word' id='word_1_768' title='bbox 1676 5066 1881 5133; x_wconf 81' lang='lat' dir='ltr'><strong>genuit,</strong></span> <span class='ocrx_word' id='word_1_769' title='bbox 1923 5065 2019 5121; x_wconf 89' lang='lat' dir='ltr'><strong>sed</strong></span> <span class='ocrx_word' id='word_1_770' title='bbox 2055 5065 2159 5118; x_wconf 81' lang='lat' dir='ltr'><strong>mi-</strong></span> 
     </span>
    </p>
   </div>
   <div class='ocr_carea' id='block_1_97' title="bbox 590 5153 2161 5229">
    <p class='ocr_par' dir='ltr' id='par_1_97' title="bbox 590 5153 2161 5229">
     <span class='ocr_line' id='line_1_97' title="bbox 590 5153 2161 5229; baseline 0.001 -22"><span class='ocrx_word' id='word_1_771' title='bbox 590 5170 798 5221; x_wconf 84' lang='lat' dir='ltr'><strong>norem.</strong></span> <span class='ocrx_word' id='word_1_772' title='bbox 831 5153 961 5206; x_wconf 81' lang='lat' dir='ltr'><strong>Nam</strong></span> <span class='ocrx_word' id='word_1_773' title='bbox 994 5155 1039 5209; x_wconf 92' lang='lat' dir='ltr'><strong>si</strong></span> <span class='ocrx_word' id='word_1_774' title='bbox 1068 5154 1264 5209; x_wconf 90' lang='lat' dir='ltr'><strong>melius</strong></span> <span class='ocrx_word' id='word_1_775' title='bbox 1293 5156 1572 5229; x_wconf 80' lang='lat' dir='ltr'><strong>videretur</strong></span> <span class='ocrx_word' id='word_1_776' title='bbox 1620 5155 1882 5225; x_wconf 64' lang='lat' dir='ltr'><strong>mqualem</strong></span> <span class='ocrx_word' id='word_1_777' title='bbox 1924 5156 2028 5212; x_wconf 92' lang='lat' dir='ltr'><strong>sibi</strong></span> <span class='ocrx_word' id='word_1_778' title='bbox 2064 5171 2161 5225; x_wconf 88' lang='lat' dir='ltr'><strong>per</strong></span> 
     </span>
    </p>
   </div>
   <div class='ocr_carea' id='block_1_98' title="bbox 587 5245 2162 5321">
    <p class='ocr_par' dir='ltr' id='par_1_98' title="bbox 587 5245 2162 5321">
     <span class='ocr_line' id='line_1_98' title="bbox 587 5245 2162 5321; baseline 0.001 -23"><span class='ocrx_word' id='word_1_779' title='bbox 587 5245 770 5298; x_wconf 84' lang='lat' dir='ltr'><strong>munia</strong></span> <span class='ocrx_word' id='word_1_780' title='bbox 818 5246 1073 5314; x_wconf 80' lang='lat' dir='ltr'><strong>genuisse</strong></span> <span class='ocrx_word' id='word_1_781' title='bbox 1124 5245 1348 5321; x_wconf 78' lang='lat' dir='ltr'><strong>Filium,</strong></span> <span class='ocrx_word' id='word_1_782' title='bbox 1394 5247 1518 5316; x_wconf 89' lang='lat' dir='ltr'><strong>quis</strong></span> <span class='ocrx_word' id='word_1_783' title='bbox 1568 5246 1748 5302; x_wconf 82' lang='lat' dir='ltr'><strong>facere</strong></span> <span class='ocrx_word' id='word_1_784' title='bbox 1795 5248 1939 5301; x_wconf 91' lang='lat' dir='ltr'><strong>istud</strong></span> <span class='ocrx_word' id='word_1_785' title='bbox 1976 5248 2162 5317; x_wconf 88' lang='lat' dir='ltr'><strong>prohi-</strong></span> 
     </span>
    </p>
   </div>
   <div class='ocr_carea' id='block_1_99' title="bbox 587 5336 2159 5411">
    <p class='ocr_par' dir='ltr' id='par_1_99' title="bbox 587 5336 2159 5411">
     <span class='ocr_line' id='line_1_99' title="bbox 587 5336 2159 5411; baseline 0.001 -21"><span class='ocrx_word' id='word_1_786' title='bbox 587 5336 779 5390; x_wconf 80' lang='lat' dir='ltr'><strong>beret?</strong></span> <span class='ocrx_word' id='word_1_787' title='bbox 818 5336 872 5389; x_wconf 89' lang='lat' dir='ltr'><strong>Si</strong></span> <span class='ocrx_word' id='word_1_788' title='bbox 909 5338 1053 5391; x_wconf 88' lang='lat' dir='ltr'><strong>enim</strong></span> <span class='ocrx_word' id='word_1_789' title='bbox 1116 5338 1318 5407; x_wconf 86' lang='lat' dir='ltr'><strong>aliquid</strong></span> <span class='ocrx_word' id='word_1_790' title='bbox 1372 5337 1736 5407; x_wconf 85' lang='lat' dir='ltr'><strong>prohibuerit,</strong></span> <span class='ocrx_word' id='word_1_791' title='bbox 1788 5339 2159 5411; x_wconf 79' lang='lat' dir='ltr'><strong>necessarium</strong></span> 
     </span>
    </p>
   </div>
   <div class='ocr_carea' id='block_1_100' title="bbox 586 5428 2162 5505">
    <p class='ocr_par' dir='ltr' id='par_1_100' title="bbox 586 5428 2162 5505">
     <span class='ocr_line' id='line_1_100' title="bbox 586 5428 2162 5505; baseline 0.003 -25"><span class='ocrx_word' id='word_1_792' title='bbox 586 5444 709 5481; x_wconf 73' lang='lat' dir='ltr'><strong>esse</strong></span> <span class='ocrx_word' id='word_1_793' title='bbox 758 5428 843 5482; x_wconf 84' lang='lat' dir='ltr'><strong>vel</strong></span> <span class='ocrx_word' id='word_1_794' title='bbox 890 5428 1044 5483; x_wconf 88' lang='lat' dir='ltr'><strong>inviti</strong></span> <span class='ocrx_word' id='word_1_795' title='bbox 1097 5429 1444 5495; x_wconf 81' lang='lat' dir='ltr'><strong>fatebuntur,</strong></span> <span class='ocrx_word' id='word_1_796' title='bbox 1492 5437 1552 5481; x_wconf 90' lang='lat' dir='ltr'><strong>ut</strong></span> <span class='ocrx_word' id='word_1_797' title='bbox 1603 5430 1674 5499; x_wconf 86' lang='lat' dir='ltr'><strong>sit</strong></span> <span class='ocrx_word' id='word_1_798' title='bbox 1738 5429 1943 5505; x_wconf 87' lang='lat' dir='ltr'><strong>aliquid</strong></span> <span class='ocrx_word' id='word_1_799' title='bbox 2002 5428 2162 5485; x_wconf 83' lang='lat' dir='ltr'><strong>Patre</strong></span> 
     </span>
    </p>
   </div>
   <div class='ocr_carea' id='block_1_101' title="bbox 588 5508 2156 5590">
    <p class='ocr_par' dir='ltr' id='par_1_101' title="bbox 588 5508 2156 5590">
     <span class='ocr_line' id='line_1_101' title="bbox 588 5508 2156 5590; baseline 0.004 -22"><span class='ocrx_word' id='word_1_800' title='bbox 588 5518 785 5587; x_wconf 87' lang='lat' dir='ltr'><strong>majus.</strong></span> <span class='ocrx_word' id='word_1_801' title='bbox 836 5518 992 5586; x_wconf 84' lang='lat' dir='ltr'><strong>Quod</strong></span> <span class='ocrx_word' id='word_1_802' title='bbox 1045 5520 1090 5574; x_wconf 91' lang='lat' dir='ltr'><strong>si</strong></span> <span class='ocrx_word' id='word_1_803' title='bbox 1148 5520 1282 5574; x_wconf 90' lang='lat' dir='ltr'><strong>nihil</strong></span> <span class='ocrx_word' id='word_1_804' title='bbox 1336 5521 1497 5589; x_wconf 84' lang='lat' dir='ltr'><strong>plane</strong></span> <span class='ocrx_word' id='word_1_805' title='bbox 1547 5508 1845 5590; x_wconf 80' lang='lat' dir='ltr'><strong>prohibuit,</strong></span> <span class='ocrx_word' id='word_1_806' title='bbox 1890 5520 1984 5576; x_wconf 86' lang='lat' dir='ltr'><strong>sed</strong></span> <span class='ocrx_word' id='word_1_807' title='bbox 2033 5535 2156 5575; x_wconf 91' lang='lat' dir='ltr'><strong>cum</strong></span> 
     </span>
    </p>
   </div>
   <div class='ocr_carea' id='block_1_102' title="bbox 587 5610 2158 5682">
    <p class='ocr_par' dir='ltr' id='par_1_102' title="bbox 587 5610 2158 5682">
     <span class='ocr_line' id='line_1_102' title="bbox 587 5610 2158 5682; baseline 0.001 -20"><span class='ocrx_word' id='word_1_808' title='bbox 587 5617 854 5678; x_wconf 82' lang='lat' dir='ltr'><strong>potestate</strong></span> <span class='ocrx_word' id='word_1_809' title='bbox 887 5611 1147 5681; x_wconf 71' lang='lat' dir='ltr'><strong>prmditus</strong></span> <span class='ocrx_word' id='word_1_810' title='bbox 1179 5619 1344 5678; x_wconf 81' lang='lat' dir='ltr'><strong>esset,</strong></span> <span class='ocrx_word' id='word_1_811' title='bbox 1374 5611 1653 5682; x_wconf 84' lang='lat' dir='ltr'><strong>sciretque</strong></span> <span class='ocrx_word' id='word_1_812' title='bbox 1697 5610 1893 5665; x_wconf 84' lang='lat' dir='ltr'><strong>melius</strong></span> <span class='ocrx_word' id='word_1_813' title='bbox 1935 5626 2059 5667; x_wconf 88' lang='lat' dir='ltr'><strong>esse</strong></span> <span class='ocrx_word' id='word_1_814' title='bbox 2102 5619 2158 5665; x_wconf 90' lang='lat' dir='ltr'><strong>ut</strong></span> 
     </span>
    </p>
   </div>
   <div class='ocr_carea' id='block_1_103' title="bbox 655 5786 1677 5861">
    <p class='ocr_par' dir='ltr' id='par_1_103' title="bbox 655 5786 1677 5861">
     <span class='ocr_line' id='line_1_103' title="bbox 655 5786 1677 5861; baseline 0.007 -20"><span class='ocrx_word' id='word_1_815' title='bbox 655 5788 699 5817; x_wconf 80' lang='lat'><strong>&quot;</strong></span> <span class='ocrx_word' id='word_1_816' title='bbox 728 5786 880 5852; x_wconf 73' lang='lat' dir='ltr'><strong>Joan.</strong></span> <span class='ocrx_word' id='word_1_817' title='bbox 920 5806 1024 5855; x_wconf 69' lang='lat' dir='ltr'><strong>MV,</strong></span> <span class='ocrx_word' id='word_1_818' title='bbox 1054 5794 1105 5843; x_wconf 74' lang='lat' dir='ltr'><strong>ﬂ.</strong></span> <span class='ocrx_word' id='word_1_819' title='bbox 1219 5793 1260 5823; x_wconf 63' lang='grc' dir='ltr'><strong>ν’</strong></span> <span class='ocrx_word' id='word_1_820' title='bbox 1288 5791 1444 5847; x_wconf 68' lang='lat' dir='ltr'><strong>.loun.</strong></span> <span class='ocrx_word' id='word_1_821' title='bbox 1474 5808 1582 5861; x_wconf 53' lang='grc' dir='ltr'>ενι,</span> <span class='ocrx_word' id='word_1_822' title='bbox 1618 5793 1677 5855; x_wconf 62' lang='lat' dir='ltr'><strong>lii</strong></span> 
     </span>
    </p>
   </div>
   <div class='ocr_carea' id='block_1_104' title="bbox 1813 5794 2223 5864">
    <p class='ocr_par' dir='ltr' id='par_1_104' title="bbox 1813 5794 2223 5864">
     <span class='ocr_line' id='line_1_104' title="bbox 1813 5794 2223 5864; baseline -0.002 -14"><span class='ocrx_word' id='word_1_823' title='bbox 1813 5797 1855 5827; x_wconf 56' lang='grc' dir='ltr'>εδ</span> <span class='ocrx_word' id='word_1_824' title='bbox 1894 5794 2052 5864; x_wconf 79' lang='lat' dir='ltr'><strong>Joan.</strong></span> <span class='ocrx_word' id='word_1_825' title='bbox 2091 5808 2223 5861; x_wconf 75' lang='lat' dir='ltr'><strong>xm,</strong></span> 
     </span>
    </p>
   </div>
   <div class='ocr_carea' id='block_1_105' title="bbox 2263 4604 3834 4680">
    <p class='ocr_par' dir='ltr' id='par_1_105' title="bbox 2263 4604 3834 4680">
     <span class='ocr_line' id='line_1_105' title="bbox 2263 4604 3834 4680; baseline -0.005 -17"><span class='ocrx_word' id='word_1_826' title='bbox 2263 4611 2315 4663; x_wconf 86' lang='grc' dir='ltr'><strong>τί</strong></span> <span class='ocrx_word' id='word_1_827' title='bbox 2348 4610 2603 4680; x_wconf 82' lang='grc' dir='ltr'>περισσὸν</span> <span class='ocrx_word' id='word_1_828' title='bbox 2634 4610 2691 4661; x_wconf 82' lang='grc' dir='ltr'>ὲν</span> <span class='ocrx_word' id='word_1_829' title='bbox 2722 4607 2799 4677; x_wconf 80' lang='grc' dir='ltr'>τῷ</span> <span class='ocrx_word' id='word_1_830' title='bbox 2826 4605 3122 4677; x_wconf 81' lang='grc' dir='ltr'>κεκλῆσθαι</span> <span class='ocrx_word' id='word_1_831' title='bbox 3144 4607 3203 4660; x_wconf 82' lang='lat'><strong>16</strong></span> <span class='ocrx_word' id='word_1_832' title='bbox 3233 4608 3414 4676; x_wconf 77' lang='grc' dir='ltr'>μεῖζον</span> <span class='ocrx_word' id='word_1_833' title='bbox 3440 4606 3468 4657; x_wconf 91' lang='lat'><strong>6</strong></span> <span class='ocrx_word' id='word_1_834' title='bbox 3488 4604 3677 4676; x_wconf 79' lang='grc' dir='ltr'>Πατὴρ</span> <span class='ocrx_word' id='word_1_835' title='bbox 3697 4604 3834 4673; x_wconf 75' lang='grc' dir='ltr'>ἔχων</span> 
     </span>
    </p>
   </div>
   <div class='ocr_carea' id='block_1_106' title="bbox 2266 4694 3837 4768">
    <p class='ocr_par' dir='ltr' id='par_1_106' title="bbox 2266 4694 3837 4768">
     <span class='ocr_line' id='line_1_106' title="bbox 2266 4694 3837 4768; baseline -0.003 -17"><span class='ocrx_word' id='word_1_836' title='bbox 2266 4701 2548 4767; x_wconf 84' lang='grc' dir='ltr'>φανεῖται,</span> <span class='ocrx_word' id='word_1_837' title='bbox 2594 4700 2641 4749; x_wconf 84' lang='grc' dir='ltr'>εἰ</span> <span class='ocrx_word' id='word_1_838' title='bbox 2689 4696 2762 4768; x_wconf 83' lang='grc' dir='ltr'>μὴ</span> <span class='ocrx_word' id='word_1_839' title='bbox 2796 4695 3057 4766; x_wconf 86' lang='grc' dir='ltr'>κρείττων</span> <span class='ocrx_word' id='word_1_840' title='bbox 3096 4696 3266 4750; x_wconf 76' lang='grc' dir='ltr'>ἐστίν.</span> <span class='ocrx_word' id='word_1_841' title='bbox 3314 4697 3377 4749; x_wconf 76' lang='lat' dir='ltr'><strong>Et</strong></span> <span class='ocrx_word' id='word_1_842' title='bbox 3426 4694 3524 4766; x_wconf 80' lang='grc' dir='ltr'>μὲν</span> <span class='ocrx_word' id='word_1_843' title='bbox 3559 4695 3666 4763; x_wconf 72' lang='grc' dir='ltr'>γὰρ</span> <span class='ocrx_word' id='word_1_844' title='bbox 3700 4694 3837 4757; x_wconf 85' lang='grc' dir='ltr'>ὅλως</span> 
     </span>
    </p>
   </div>
   <div class='ocr_carea' id='block_1_107' title="bbox 2264 4787 3839 4859">
    <p class='ocr_par' dir='ltr' id='par_1_107' title="bbox 2264 4787 3839 4859">
     <span class='ocr_line' id='line_1_107' title="bbox 2264 4787 3839 4859; baseline -0.001 -15"><span class='ocrx_word' id='word_1_845' title='bbox 2264 4791 2433 4856; x_wconf 72' lang='grc' dir='ltr'>οὐδὲν,</span> <span class='ocrx_word' id='word_1_846' title='bbox 2463 4790 2680 4843; x_wconf 87' lang='grc' dir='ltr'>λέλυται</span> <span class='ocrx_word' id='word_1_847' title='bbox 2710 4787 2896 4841; x_wconf 82' lang='grc' dir='ltr'>λοιπὸν</span> <span class='ocrx_word' id='word_1_848' title='bbox 2926 4788 3023 4859; x_wconf 80' lang='grc' dir='ltr'><strong>ήδη</strong></span> <span class='ocrx_word' id='word_1_849' title='bbox 3054 4790 3161 4842; x_wconf 76' lang='grc' dir='ltr'><strong>πᾶν</strong></span> <span class='ocrx_word' id='word_1_850' title='bbox 3185 4789 3246 4842; x_wconf 77' lang='grc' dir='ltr'><strong>τὺ</strong></span> <span class='ocrx_word' id='word_1_851' title='bbox 3291 4789 3376 4859; x_wconf 81' lang='grc' dir='ltr'><strong>ἐφ’</strong></span> <span class='ocrx_word' id='word_1_852' title='bbox 3424 4787 3553 4849; x_wconf 83' lang='grc' dir='ltr'>Υἱοῦ</span> <span class='ocrx_word' id='word_1_853' title='bbox 3603 4789 3839 4855; x_wconf 78' lang='grc' dir='ltr'>κατηγό-</span> 
     </span>
    </p>
   </div>
   <div class='ocr_carea' id='block_1_108' title="bbox 2270 4878 3836 4952">
    <p class='ocr_par' dir='ltr' id='par_1_108' title="bbox 2270 4878 3836 4952">
     <span class='ocr_line' id='line_1_108' title="bbox 2270 4878 3836 4952; baseline -0.003 -18"><span class='ocrx_word' id='word_1_854' title='bbox 2270 4899 2417 4952; x_wconf 83' lang='grc' dir='ltr'>ρημα</span> <span class='ocrx_word' id='word_1_855' title='bbox 2439 4899 2453 4912; x_wconf 73' lang='grc' dir='ltr'><strong><em>ο</em></strong></span> <span class='ocrx_word' id='word_1_856' title='bbox 2500 4883 2549 4934; x_wconf 87' lang='grc' dir='ltr'><strong>εί</strong></span> <span class='ocrx_word' id='word_1_857' title='bbox 2577 4879 2633 4932; x_wconf 82' lang='grc' dir='ltr'>δὲ</span> <span class='ocrx_word' id='word_1_858' title='bbox 2665 4878 2797 4931; x_wconf 86' lang='grc' dir='ltr'>πολύ</span> <span class='ocrx_word' id='word_1_859' title='bbox 2824 4897 2876 4932; x_wconf 90' lang='grc' dir='ltr'><strong>τι</strong></span> <span class='ocrx_word' id='word_1_860' title='bbox 2907 4881 2965 4933; x_wconf 90' lang='lat'><strong>16</strong></span> <span class='ocrx_word' id='word_1_861' title='bbox 2990 4878 3245 4949; x_wconf 77' lang='grc' dir='ltr'>διάφορόν</span> <span class='ocrx_word' id='word_1_862' title='bbox 3274 4880 3411 4941; x_wconf 75' lang='grc' dir='ltr'>ἐστι,</span> <span class='ocrx_word' id='word_1_863' title='bbox 3432 4879 3699 4951; x_wconf 89' lang='grc' dir='ltr'>κρείττων</span> <span class='ocrx_word' id='word_1_864' title='bbox 3728 4878 3836 4948; x_wconf 84' lang='grc' dir='ltr'><strong>άρα</strong></span> 
     </span>
    </p>
   </div>
   <div class='ocr_carea' id='block_1_109' title="bbox 2264 4969 3835 5042">
    <p class='ocr_par' dir='ltr' id='par_1_109' title="bbox 2264 4969 3835 5042">
     <span class='ocr_line' id='line_1_109' title="bbox 2264 4969 3835 5042; baseline -0.003 -16"><span class='ocrx_word' id='word_1_865' title='bbox 2264 4974 2469 5035; x_wconf 65' lang='grc' dir='ltr'>λοιπὸν,</span> <span class='ocrx_word' id='word_1_866' title='bbox 2502 4972 2577 5034; x_wconf 81' lang='grc' dir='ltr'>ὡς</span> <span class='ocrx_word' id='word_1_867' title='bbox 2606 4969 2743 5041; x_wconf 77' lang='grc' dir='ltr'>ἔχων</span> <span class='ocrx_word' id='word_1_868' title='bbox 2768 4970 2828 5024; x_wconf 81' lang='lat'><strong>16</strong></span> <span class='ocrx_word' id='word_1_869' title='bbox 2864 4970 3065 5042; x_wconf 77' lang='grc' dir='ltr'>μεῖζον.</span> <span class='ocrx_word' id='word_1_870' title='bbox 3107 4969 3604 5039; x_wconf 80' lang='grc' dir='ltr'>Ἀπολογείσοωσαν</span> <span class='ocrx_word' id='word_1_871' title='bbox 3636 4970 3835 5036; x_wconf 80' lang='grc' dir='ltr'>τοίνυν,</span> 
     </span>
    </p>
   </div>
   <div class='ocr_carea' id='block_1_110' title="bbox 2266 5060 3837 5131">
    <p class='ocr_par' dir='ltr' id='par_1_110' title="bbox 2266 5060 3837 5131">
     <span class='ocr_line' id='line_1_110' title="bbox 2266 5060 3837 5131; baseline -0.003 -14"><span class='ocrx_word' id='word_1_872' title='bbox 2266 5066 2360 5117; x_wconf 78' lang='grc' dir='ltr'>καὶ</span> <span class='ocrx_word' id='word_1_873' title='bbox 2384 5061 2781 5117; x_wconf 78' lang='grc' dir='ltr'>διδασκέτωσαν</span> <span class='ocrx_word' id='word_1_874' title='bbox 2809 5063 2976 5131; x_wconf 77' lang='grc' dir='ltr'>ἡμᾶς,</span> <span class='ocrx_word' id='word_1_875' title='bbox 3004 5060 3160 5131; x_wconf 75' lang='grc' dir='ltr'>εἴπερ</span> <span class='ocrx_word' id='word_1_876' title='bbox 3189 5061 3324 5113; x_wconf 72' lang='grc' dir='ltr'>εἰσὶν</span> <span class='ocrx_word' id='word_1_877' title='bbox 3350 5061 3516 5124; x_wconf 81' lang='grc' dir='ltr'>ὅντως</span> <span class='ocrx_word' id='word_1_878' title='bbox 3544 5061 3718 5130; x_wconf 66' lang='grc' dir='ltr'>σοφοὶ,</span> <span class='ocrx_word' id='word_1_879' title='bbox 3742 5060 3837 5114; x_wconf 72' lang='grc' dir='ltr'>τοῦ</span> 
     </span>
    </p>
   </div>
   <div class='ocr_carea' id='block_1_111' title="bbox 2265 5148 3839 5225">
    <p class='ocr_par' dir='ltr' id='par_1_111' title="bbox 2265 5148 3839 5225">
     <span class='ocr_line' id='line_1_111' title="bbox 2265 5148 3839 5225; baseline -0.002 -18"><span class='ocrx_word' id='word_1_880' title='bbox 2265 5153 2328 5225; x_wconf 78' lang='grc' dir='ltr'>δὴ</span> <span class='ocrx_word' id='word_1_881' title='bbox 2354 5154 2513 5225; x_wconf 89' lang='grc' dir='ltr'>χάριν</span> <span class='ocrx_word' id='word_1_882' title='bbox 2549 5155 2812 5224; x_wconf 86' lang='grc' dir='ltr'>γεννήσας</span> <span class='ocrx_word' id='word_1_883' title='bbox 2840 5153 2931 5206; x_wconf 78' lang='grc' dir='ltr'>τὸν</span> <span class='ocrx_word' id='word_1_884' title='bbox 2960 5153 3087 5206; x_wconf 78' lang='grc' dir='ltr'>Υἱδν</span> <span class='ocrx_word' id='word_1_885' title='bbox 3113 5155 3141 5206; x_wconf 94' lang='lat'><strong>6</strong></span> <span class='ocrx_word' id='word_1_886' title='bbox 3167 5154 3355 5225; x_wconf 83' lang='grc' dir='ltr'>Πατὴρ</span> <span class='ocrx_word' id='word_1_887' title='bbox 3383 5153 3483 5206; x_wconf 82' lang='grc' dir='ltr'>οὐκ</span> <span class='ocrx_word' id='word_1_888' title='bbox 3508 5148 3623 5206; x_wconf 70' lang='grc' dir='ltr'>ἴσον</span> <span class='ocrx_word' id='word_1_889' title='bbox 3661 5153 3839 5222; x_wconf 76' lang='grc' dir='ltr'>ἐαυτῷ</span> 
     </span>
    </p>
   </div>
   <div class='ocr_carea' id='block_1_112' title="bbox 2264 5244 3838 5317">
    <p class='ocr_par' dir='ltr' id='par_1_112' title="bbox 2264 5244 3838 5317">
     <span class='ocr_line' id='line_1_112' title="bbox 2264 5244 3838 5317; baseline 0.002 -19"><span class='ocrx_word' id='word_1_890' title='bbox 2264 5245 2614 5314; x_wconf 79' lang='grc' dir='ltr'>γεγέννηκεν,</span> <span class='ocrx_word' id='word_1_891' title='bbox 2662 5244 2778 5297; x_wconf 78' lang='grc' dir='ltr'>ἀλλ’</span> <span class='ocrx_word' id='word_1_892' title='bbox 2836 5244 3111 5299; x_wconf 74' lang='grc' dir='ltr'>ἐλάττονα.</span> <span class='ocrx_word' id='word_1_893' title='bbox 3165 5246 3228 5297; x_wconf 84' lang='grc' dir='ltr'><strong>Εἰ</strong></span> <span class='ocrx_word' id='word_1_894' title='bbox 3290 5244 3390 5314; x_wconf 80' lang='grc' dir='ltr'>μὲν</span> <span class='ocrx_word' id='word_1_895' title='bbox 3440 5245 3547 5317; x_wconf 81' lang='grc' dir='ltr'><strong>γὰρ</strong></span> <span class='ocrx_word' id='word_1_896' title='bbox 3595 5245 3838 5314; x_wconf 79' lang='grc' dir='ltr'>φαίνοιτο</span> 
     </span>
    </p>
   </div>
   <div class='ocr_carea' id='block_1_113' title="bbox 2204 5327 3837 5407">
    <p class='ocr_par' dir='ltr' id='par_1_113' title="bbox 2204 5327 3837 5407">
     <span class='ocr_line' id='line_1_113' title="bbox 2204 5327 3837 5407; baseline 0.001 -19"><span class='ocrx_word' id='word_1_897' title='bbox 2204 5327 2214 5335; x_wconf 76' lang='grc'><em>’</em></span> <span class='ocrx_word' id='word_1_898' title='bbox 2264 5339 2506 5407; x_wconf 84' lang='grc' dir='ltr'>κρεῖττον</span> <span class='ocrx_word' id='word_1_899' title='bbox 2557 5335 2618 5389; x_wconf 84' lang='lat'><strong>16</strong></span> <span class='ocrx_word' id='word_1_900' title='bbox 2663 5330 2781 5389; x_wconf 79' lang='grc' dir='ltr'>ἴσον</span> <span class='ocrx_word' id='word_1_901' title='bbox 2832 5335 3009 5407; x_wconf 78' lang='grc' dir='ltr'>ἑαυτῷ</span> <span class='ocrx_word' id='word_1_902' title='bbox 3053 5336 3191 5389; x_wconf 88' lang='grc' dir='ltr'>κατά</span> <span class='ocrx_word' id='word_1_903' title='bbox 3242 5336 3419 5390; x_wconf 88' lang='grc' dir='ltr'>πάντα</span> <span class='ocrx_word' id='word_1_904' title='bbox 3459 5338 3713 5407; x_wconf 82' lang='grc' dir='ltr'>γεννῆσαι</span> <span class='ocrx_word' id='word_1_905' title='bbox 3746 5337 3837 5389; x_wconf 80' lang='grc' dir='ltr'><strong>τὸν</strong></span> 
     </span>
    </p>
   </div>
   <div class='ocr_carea' id='block_1_114' title="bbox 2264 5426 3837 5501">
    <p class='ocr_par' dir='ltr' id='par_1_114' title="bbox 2264 5426 3837 5501">
     <span class='ocr_line' id='line_1_114' title="bbox 2264 5426 3837 5501; baseline 0 -19"><span class='ocrx_word' id='word_1_906' title='bbox 2264 5428 2413 5494; x_wconf 84' lang='grc' dir='ltr'>Υίὸν,</span> <span class='ocrx_word' id='word_1_907' title='bbox 2441 5428 2522 5492; x_wconf 76' lang='grc' dir='ltr'><strong>τίς</strong></span> <span class='ocrx_word' id='word_1_908' title='bbox 2555 5428 2583 5480; x_wconf 90' lang='lat'><strong>6</strong></span> <span class='ocrx_word' id='word_1_909' title='bbox 2611 5426 2860 5489; x_wconf 86' lang='grc' dir='ltr'>κωλύσας</span> <span class='ocrx_word' id='word_1_910' title='bbox 2887 5426 3043 5480; x_wconf 70' lang='grc' dir='ltr'>τοῦτο</span> <span class='ocrx_word' id='word_1_911' title='bbox 3075 5429 3246 5481; x_wconf 85' lang='grc' dir='ltr'>ποιεῖν</span> <span class='ocrx_word' id='word_1_912' title='bbox 3271 5444 3285 5492; x_wconf 91' lang='grc'>;</span> <span class='ocrx_word' id='word_1_913' title='bbox 3334 5429 3395 5482; x_wconf 81' lang='grc' dir='ltr'><strong>Εἰ</strong></span> <span class='ocrx_word' id='word_1_914' title='bbox 3426 5428 3525 5498; x_wconf 86' lang='grc' dir='ltr'>μὲν</span> <span class='ocrx_word' id='word_1_915' title='bbox 3550 5429 3660 5501; x_wconf 91' lang='grc' dir='ltr'><strong>γάρ</strong></span> <span class='ocrx_word' id='word_1_916' title='bbox 3689 5446 3742 5481; x_wconf 86' lang='grc' dir='ltr'><strong>τι</strong></span> <span class='ocrx_word' id='word_1_917' title='bbox 3777 5428 3837 5482; x_wconf 88' lang='lat'><strong>16</strong></span> 
     </span>
    </p>
   </div>
   <div class='ocr_carea' id='block_1_115' title="bbox 2266 5517 3838 5598">
    <p class='ocr_par' dir='ltr' id='par_1_115' title="bbox 2266 5517 3838 5598">
     <span class='ocr_line' id='line_1_115' title="bbox 2266 5517 3838 5598; baseline 0.001 -25"><span class='ocrx_word' id='word_1_918' title='bbox 2266 5521 2515 5575; x_wconf 86' lang='grc' dir='ltr'>κωλύσαν</span> <span class='ocrx_word' id='word_1_919' title='bbox 2542 5520 2617 5582; x_wconf 84' lang='grc' dir='ltr'>ὼς</span> <span class='ocrx_word' id='word_1_920' title='bbox 2650 5518 2709 5583; x_wconf 75' lang='grc' dir='ltr'>ἐξ</span> <span class='ocrx_word' id='word_1_921' title='bbox 2731 5517 2974 5588; x_wconf 82' lang='grc' dir='ltr'>ἀνάγκης</span> <span class='ocrx_word' id='word_1_922' title='bbox 3011 5518 3178 5583; x_wconf 76' lang='grc' dir='ltr'>ἐστὶν,</span> <span class='ocrx_word' id='word_1_923' title='bbox 3205 5520 3596 5591; x_wconf 81' lang='grc' dir='ltr'>ὁμολογήσουσι</span> <span class='ocrx_word' id='word_1_924' title='bbox 3623 5522 3713 5573; x_wconf 81' lang='grc' dir='ltr'>καὶ</span> <span class='ocrx_word' id='word_1_925' title='bbox 3739 5520 3838 5598; x_wconf 77' lang='grc' dir='ltr'>οὐχ</span> 
     </span>
    </p>
   </div>
   <div class='ocr_carea' id='block_1_116' title="bbox 2264 5607 3835 5684">
    <p class='ocr_par' dir='ltr' id='par_1_116' title="bbox 2264 5607 3835 5684">
     <span class='ocr_line' id='line_1_116' title="bbox 2264 5607 3835 5684; baseline -0.001 -16"><span class='ocrx_word' id='word_1_926' title='bbox 2264 5616 2479 5679; x_wconf 67' lang='grc' dir='ltr'>ἑκόντες</span> <span class='ocrx_word' id='word_1_927' title='bbox 2512 5607 2651 5666; x_wconf 75' lang='grc' dir='ltr'>εἶναί</span> <span class='ocrx_word' id='word_1_928' title='bbox 2681 5629 2733 5664; x_wconf 85' lang='grc' dir='ltr'><strong>τι</strong></span> <span class='ocrx_word' id='word_1_929' title='bbox 2766 5611 2823 5663; x_wconf 69' lang='grc' dir='ltr'>τὸ</span> <span class='ocrx_word' id='word_1_930' title='bbox 2858 5610 3037 5680; x_wconf 78' lang='grc' dir='ltr'>μεῖζον</span> <span class='ocrx_word' id='word_1_931' title='bbox 3065 5611 3153 5665; x_wconf 80' lang='grc' dir='ltr'>τοῦ</span> <span class='ocrx_word' id='word_1_932' title='bbox 3182 5612 3411 5684; x_wconf 78' lang='grc' dir='ltr'>Πατρός.</span> <span class='ocrx_word' id='word_1_933' title='bbox 3461 5614 3520 5669; x_wconf 80' lang='grc' dir='ltr'><strong>Εἰ</strong></span> <span class='ocrx_word' id='word_1_934' title='bbox 3554 5612 3608 5667; x_wconf 77' lang='grc' dir='ltr'>δὲ</span> <span class='ocrx_word' id='word_1_935' title='bbox 3642 5614 3699 5667; x_wconf 79' lang='lat'><strong>16</strong></span> <span class='ocrx_word' id='word_1_936' title='bbox 3728 5631 3835 5667; x_wconf 76' lang='grc' dir='ltr'>κωο</span> 
     </span>
    </p>
   </div>
   <div class='ocr_carea' id='block_1_117' title="bbox 2261 5796 2341 5850">
    <p class='ocr_par' dir='ltr' id='par_1_117' title="bbox 2261 5796 2341 5850">
     <span class='ocr_line' id='line_1_117' title="bbox 2261 5796 2341 5850; baseline 0 -1"><span class='ocrx_word' id='word_1_937' title='bbox 2261 5796 2341 5850; x_wconf 82' lang='lat'><strong>[0.</strong></span> 
     </span>
    </p>
   </div>
  </div>
