4168 6582
326 398 399 457 53
1408 403 1473 458 IN
1499 403 1780 460 JOANNIS
1818 406 2264 466 EVANGELIUM
2304 413 2432 468 LIB.
2477 370 2523 470 ι.⁴
3504 394 3575 486 at

327 514 449 569 λύον
478 510 545 585 ἦν
577 515 711 580 ὅλως
742 517 909 583 οὐδὲν,
942 518 1079 588 ἔχων
1109 520 1164 572 δέ
1189 519 1286 590 τὴν
1315 520 1581 588 ἐξουσίαν,
1612 524 1704 576 καὶ
1725 524 1890 587 εἰδὼς1

2004 530 2268 597 :equalem
2304 533 2595 602 gigneret,‘
2627 536 2891 591 minorem
2952 537 3163 600 maluit,
3206 538 3408 594 invidia
3447 557 3581 612 ergo.

326 606 408 659 ὅτι
436 606 652 660 κάλλιον
690 609 806 662 ἐστι
838 611 1093 680 γεννῆσαι
1126 612 1217 664 τὸν
1250 608 1397 677 ἴσον,
1448 613 1771 685 βεϐούληται
1805 617 1896 670 τὸν

327 696 615 763 ἐλάττονα,
667 699 858 767 φθόνος
907 700 1015 771 ἄρα
1062 702 1190 772 περὶ
1255 702 1416 755 αὐτὸν
1490 704 1583 756 καὶ
1635 705 1899 775 βασκανία

327 786 592 856 γενομένη
642 789 888 856 φαίνεται
912 804 927 818 °
983 791 1045 843 ού
1081 791 1189 862 γὰρ
1224 793 1486 865 ἠθέλησεν
1516 795 1806 850 ἀποδοῦναι
1837 799 1898 850 τὸ

324 874 441 930 ἴσον
464 878 540 949 τῷ
568 880 698 949 Υίφ.
730 882 800 933 Ἦ
826 881 1005 935 τοίνυν
1024 884 1343 955 ἀδυνατήσει
1373 887 1498 956 περὶ
1522 888 1620 958 τὴν
1647 888 1897 960 γέννησιν

326 971 355 1021 6
386 970 593 1041 Πατὴρ,
639 971 671 1041 ἢ
708 971 976 1041 βάσκανος
1004 975 1156 1029 ἔσται
1191 976 1332 1030 κατὰ
1372 978 1435 1030 τὸ
1475 978 1538 1031 ἐκ
1571 980 1679 1032 τῶν
1709 979 1896 1033 συλλο-

326 1061 536 1131 γισμῶν
566 1064 930 1130 συναγόμενον
977 1064 1262 1137 θεώρημα,
1300 1067 1365 1121 ἂν
1398 1068 1496 1139 ἔχῃ
1529 1068 1591 1122 τὸ
1623 1069 1839 1123 ἔλαττον
1869 1072 1898 1124 6

326 1148 451 1213 Υἱὸς
484 1152 625 1205 κατά
668 1154 759 1207 τὸν
790 1156 1012 1209 ἐκείνων
1052 1156 1228 1222 λόγον.
1286 1158 1446 1213 Ἀλλά
1475 1160 1634 1214 τοῦτο
1665 1161 1893 1215 ἄτοπον·

322 1242 434 1295 ἅνω
463 1243 571 1315 γάρ
603 1244 809 1308 πάθους
840 1247 1039 1309 παντὸς
1066 1250 1098 1318 ἡ
1129 1248 1248 1302 θεία
1281 1249 1375 1302 καὶ¹
1404 1251 1678 1321 ἀκήρατος
1713 1252 1892 1321 φύσις.

322 1333 532 1386 Οὐκοῦν
558 1335 657 1389 οὐκ
682 1336 918 1389 ἐλάττων
949 1338 977 1389 6
1008 1337 1155 1401 Υίὸς,
1186 1338 1273 1393 ἵνα
1299 1338 1373 1410 μὴ
1398 1340 1459 1391 τὸ
1491 1336 1605 1393 ῐσον
1632 1341 1892 1414 ἀπολέσῃ,

323 1422 440 1476 κατ’
471 1425 660 1479 οὐδένα
695 1427 894 1497 τρόπον
924 1429 1282 1497 ἀτονήσαντος
1311 1428 1405 1481 τοῦ
1440 1430 1652 1500 Πατρδς
1678 1432 1803 1501 περὶ
1834 1432 1895 1486 τὸ

321 1510 438 1567 ἴσον
484 1517 677 1571 ἐαυτοῦ
716 1518 971 1589 γεννῆσαι
1021 1519 1111 1571 τὸν
1155 1519 1215 1585 ἐξ
1256 1519 1453 1582 αὐτοῦ,
1505 1522 1640 1591 μήτε
1676 1522 1782 1593 μὴν
1830 1525 1894 1577 ἐκ

322 1607 619 1677 βασκανίας
648 1610 1030 1682 κεκωλυμένου
1057 1612 1117 1665 τὸ
1149 1612 1402 1682 ἐθελῆσαι
1433 1612 1492 1666 τὺ
1521 1613 1761 1683 ἄμεινον.

394 1702 599 1756 ΑΛΛΟ.
628 1702 801 1765 Αὐτός
833 1704 934 1756 πού
967 1720 1130 1775 φησιν
1158 1706 1185 1757 6
1210 1703 1421 1776 Σωτὴρ,
1451 1704 1523 1767 ὼς
1552 1705 1634 1773 εἴη
1670 1704 1768 1775 μὲν
1795 1704 1895 1757 αὐτ

317 1790 410 1853 τὸς
439 1793 495 1845 ἐν
523 1794 719 1864 [lat-cpi,
753 1796 844 1848 καὶ
873 1796 901 1848 6
926 1795 1113 1867 Πατὴρ
1138 1796 1194 1849 δὲ
1225 1794 1424 1865 ὁμοίως
1456 1796 1514 1849 ἐν
1543 1794 1709 1866 αὐτῷ.
1751 1795 1890 1850 Ἀλλ’

1998 630 2051 674 et
2100 621 2271 678 livore
2304 623 2500 681 ductus
2532 626 2778 693 videtur;
2819 629 2992 684 noluit
3025 630 3169 685 enim
3206 632 3574 699 aequalitatem

1998 711 2129 767 dare
2154 711 2313 769 Filio.
2346 716 2455 769 Aut
2501 732 2633 787 ergo
2663 720 2938 789 impotens
2980 721 3086 776 erit
3129 722 3184 774 in
3222 723 3578 791 generatione

1998 801 2177 871 Pater,
2199 815 2294 862 aut
2322 807 2559 873 invidus,
2583 817 2643 863 ut
2670 826 2737 863 ex
2764 813 3246 880 argumentatione
3288 811 3578 881 perspicue
3690 800 3699 807 ’

1998 896 2294 968 colligitur,
2334 899 2399 963 si}
2419 900 2600 954 minus
2635 900 2835 955 habeat
2865 900 3059 966 Filius,
3097 909 3157 956 ut
3187 901 3263 955 illi
3296 909 3573 959 asserunt.

2001 986 2106 1041 Sed
2156 987 2259 1042 hoc
2315 988 2614 1043 absurdum
2663 1009 2674 1045 :
2717 992 2898 1046 omnis
2957 992 3100 1046 enim
3168 990 3443 1061 passionis
3490 998 3578 1045 est

1996 1092 2195 1148 expers
2234 1078 2414 1134 divina
2446 1088 2500 1135 et
2533 1081 2864 1137 immortalis
2897 1091 3114 1137 natura.
3150 1081 3320 1152 Igitur
3348 1097 3453 1135 non
3489 1090 3575 1135 est

1997 1171 2176 1224 minor
2222 1170 2419 1238 Filius,
2460 1188 2528 1227 ne
2584 1173 2948 1243 aequalitatem
3001 1172 3210 1243 perdat.
3252 1186 3377 1225 cum
3423 1171 3581 1228 nullo,

1996 1260 2158 1315 modo
2209 1260 2369 1317 Pater
2421 1263 2635 1318 viribus
2693 1264 2931 1318 caruerit
2981 1262 3037 1315 in
3093 1260 3410 1332 generando
3467 1261 3572 1315 sibi

1995 1352 2192 1419 aequali
2216 1352 2378 1419 Filio,
2414 1368 2591 1423 neque
2618 1353 2792 1407 livore
2831 1351 3144 1423 prohibitus
3175 1350 3246 1406 sit
3275 1349 3573 1421 quominus

1994 1444 2162 1499 vellet
2194 1444 2247 1499 id
2278 1445 2421 1515 quod
2452 1445 2651 1501 melius
2696 1452 2867 1502 esset.

2061 1702 2295 1759 ALIUD.
2315 1704 2435 1776 Ipse
2460 1705 2664 1761 alicubi
2690 1704 2943 1760 Salvator
2969 1705 3047 1759 ait
3086 1719 3145 1759 se
3161 1718 3283 1759 esse
3309 1702 3361 1756 in
3385 1700 3569 1769 Patre,

1991 1801 2047 1847 et
2088 1792 2304 1849 Patrem
2353 1794 2608 1849 similiter
2647 1794 2703 1849 in
2736 1794 2859 1864 ipso
2897 1795 2964 1849 “.
2996 1793 3101 1849 Sed
3136 1799 3284 1862 patet
3315 1791 3569 1846 omnibus

320 1881 437 1936 ἔστι
467 1885 629 1937 παντί
658 1904 759 1939 που
792 1887 968 1958 δῆλον,
1005 1887 1080 1951 ὼς
1124 1887 1186 1940 οὐ
1228 1888 1495 1958 προσήκει
1523 1889 1682 1951 νοεῖν,
1720 1888 1890 1944 καθά-

1993 1903 2101 1942 ηοιι
2158 1902 2281 1943 esse
2328 1886 2463 1941 illud
2526 1887 2968 1957 intelligendum,
3022 1886 3187 1942 sicuti
3249 1900 3452 1954 corpus
3513 1883 3568 1937 in

319 1988 427 2043 περ
457 1974 613 2043 σῶμα
639 1975 696 2028 ἐν
727 1976 957 2047 σώματι,
990 1978 1023 2048 ἢ
1057 1976 1249 2041 σκεῦος
1277 1979 1334 2031 ἐν
1378 1978 1583 2044 σκεύει,
1611 1979 1785 2044 οὕτως
1815 1976 1892 2034 εἷ-

320 2079 409 2117 ναι
433 2067 680 2135 χωρητδν
709 2066 766 2120 ὲν
800 2066 913 2138 Υίῷ
940 2067 1031 2121 τὸν
1064 2068 1303 2139 Πατέρα,
1333 2068 1367 2140 ἢ
1395 2064 1463 2124 αὖ
1496 2070 1659 2124 πάλιν
1692 2072 1893 2141 ἀντεμ-

319 2153 634 2221 6ι6άζεσθαι
683 2158 883 2229 τρόπον
946 2159 1066 2214 τινὰ
1120 2159 1198 2232 τῷ
1248 2162 1463 2232 Πατρὶ,
1518 2154 1674 2226 οὗτος
1728 2163 1784 2216 δέ
1834 2164 1892 2217 ἐν

317 2244 530 2315 ἐκείνῳ,
579 2247 827 2312 κάκεῖνος
856 2249 913 2302 ἐν
937 2248 1110 2320 τούτῳ
1138 2250 1386 2319 φαίνεται
1410 2251 1485 2316 ὡς
1510 2252 1568 2305 ἐν
1603 2253 1892 2324 ταυτότητι

319 2336 473 2399 υσίας
503 2338 924 2409 ἀπαραλλάκτῳ,
965 2340 1060 2394 καὶ
1087 2343 1153 2413 τῇ
1194 2342 1339 2396 κατὰ
1385 2342 1547 2412 φύσιν
1592 2344 1803 2415 ἐνότητί
1831 2361 1891 2397 τε

316 2427 409 2481 καὶ
455 2428 752 2499 ὁμοιότητι.
806 2430 995 2503 ὥσπερ
1028 2432 1093 2487 ἂν
1121 2431 1177 2489 εἴ
1217 2451 1301 2497 τις
1340 2435 1434 2488 καὶ
1479 2437 1538 2489 ἐν
1576 2437 1743 2492 είκόνι
1792 2437 1891 2509 τὴν

315 2520 521 2574 οἰκείαν
572 2522 985 2595 καταθεώμενος
1025 2526 1239 2598 μορφὴν
1289 2527 1499 2596 λέγοιτο
1553 2528 1689 2598 πρός
1738 2545 1893 2593 τινας

314 2611 612 2683 ἀληθεύων,
639 2614 733 2667 καὶ
757 2615 857 2686 τὴν
882 2617 961 2678 είς
993 2614 1162 2687 ἄκρον
1191 2615 1572 2689 ἐξησκημένην
1593 2618 1891 2691 ἐμφέρειαν

312 2705 405 2759 τοῦ
437 2706 638 2760 οἰκείου
683 2710 960 2779 σχήματος
1005 2709 1383 2779 ἀποθαυμάζοι
1431 2710 1569 2780 βοῶν
1606 2728 1621 2742 ο
1662 2710 1801 2780 Ἐγὼ
1834 2714 1891 2764 ἐν

313 2796 438 2867 τῇδε
467 2800 532 2868 τῇ
572 2802 789 2870 γραφῇ,
820 2801 914 2853 καὶ
944 2802 979 2871 ἡ
1003 2801 1189 2872 γραφὴ
1215 2802 1273 2855 δὲ
1304 2804 1361 2855 ἐν
1392 2803 1551 2873 ἐμοί’
1594 2804 1627 2874 ἢ
1655 2805 1748 2857 καὶ
1769 2804 1890 2858 καθ’

315 2888 499 2958 ἓτερον
528 2890 747 2959 τρόπον,
776 2889 962 2959 ὥσπερ
999 2892 1065 2945 ἂν
1098 2895 1147 2945 εἱ
1188 2893 1283 2945 καὶ
1323 2895 1358 2964 ἡ
1399 2893 1494 2946 τοῦ
1525 2894 1738 2965 μέλιτος
1764 2894 1894 2962 γλυ-

315 2983 436 3049 κεία
464 2980 681 3052 ποιότης
727 2981 1004 3037 ἐντεθεῖσα
1030 2982 1264 3056 γλώττῃ,
1286 2985 1415 3053 περὶ
1468 2985 1666 3054 ἑαυτῆς
1693 2985 1842 3055 λέγοι
1874 3002 1888 3018 ο

326 3072 466 3141 Ἐγὼ
492 3074 550 3126 ἐν
593 3072 671 3143 τῷ
701 3072 899 3143 μέλιτι,
935 3075 1029 3128 καὶ
1058 3074 1120 3128 τὸ
1153 3074 1276 3146 μέλι
1309 3074 1366 3129 δὲ
1403 3078 1461 3128 ἐν
1507 3076 1631 3147 ἐμοί
1657 3092 1671 3105 ·
1737 3077 1769 3148 ἢ
1801 3077 1893 3131 καὶ

308 3158 497 3231 ὥσπερ
523 3161 682 3215 πάλιν
710 3164 742 3233 ἡ
771 3163 836 3215 ἐκ
864 3163 1034 3235 πυρὸς
1063 3163 1305 3233 φυσικῶς
1327 3164 1594 3235 προϊοῦσα
1618 3164 1890 3236 θερμότης

311 3254 494 3326 φωνὴν
522 3256 742 3325 ἀφιεῖσα
775 3255 924 3325 λέγοι
951 3271 967 3287 °
1009 3256 1151 3325 Ἐγὼ
1184 3259 1242 3311 ἐν
1271 3255 1348 3327 τῷ
1375 3256 1528 3328 πυρὶ,
1559 3256 1654 3312 καὶ
1686 3257 1746 3311 τὸ
1776 3256 1889 3328 πῦρ

307 3345 363 3398 δὲ
389 3345 445 3397 ἐν
464 3346 606 3417 ἐμοί.
624 3346 781 3400 ’Ἐστι
810 3346 908 3417 μέν
932 3362 1051 3411 πως
1074 3346 1182 3418 γὰρ
1205 3345 1313 3399 τῶν
1335 3346 1641 3418 εἰρημένων
1660 3346 1887 3400 ἕκαστον

308 3437 520 3509 ἐπινοίᾳ
552 3437 824 3510 μεριστὸν,
859 3437 918 3492 ἐν
966 3437 1025 3492 δέ
1064 3442 1133 3510 τῇ
1177 3437 1358 3509 φύσει,
1391 3439 1484 3492 καὶ
1531 3437 1588 3493 ἓν
1636 3438 1697 3503 ἐξ
1745 3438 1883 3503 ἐνὸς,

307 3529 592 3600 ἀμερίστῳ
639 3530 747 3583 τινὶ
798 3530 893 3583 καὶ
931 3530 1237 3602 ἀδιαστάτῳ
1294 3530 1507 3602 προόδῳ
1556 3529 1891 3601 προκύπτον,

307 3619 494 3691 ὥσπερ
531 3620 626 3674 καὶ
674 3620 1000 3693 χωρίζεσθαι
1047 3620 1235 3676 δοκοῦν
1265 3621 1359 3675 τοῦ
1405 3623 1463 3675 ἐν
1512 3616 1664 3695 ᾧπέρ
1691 3624 1840 3675 ἐστιν
1875 3638 1886 3649 ·

307 3711 458 3780 ὅμως
502 3712 545 3765 δ’
573 3707 667 3766 οὖν
697 3714 746 3767 εί
794 3715 889 3767 καὶ
930 3711 1119 3768 τοῦτον
1151 3713 1265 3785 ἔχει
1318 3714 1409 3767 τὸν
1460 3713 1630 3767 τύπον
1658 3713 1765 3767 τῶν
1799 3714 1885 3766 ἐπ’

307 3800 492 3865 αὐτοῖς
548 3804 833 3874 νοημάτων
865 3806 898 3876 ὴ
934 3804 1183 3876 δύναμις,
1218 3803 1334 3858 ἀλλ’
1382 3807 1441 3858 ἐν
1482 3803 1652 3876 ἑτέρῳ
1705 3802 1891 3874 φαίνε-

313 3910 418 3957 ται,
434 3893 529 3947 καὶ
550 3894 744 3947 ταυτόν
766 3897 905 3949 εἰσιν
924 3895 1046 3949 ὅσον
1065 3897 1144 3961 εἰς
1162 3894 1349 3949 οὐσίαν
1378 3894 1684 3967 ἀμφότερα.
1719 3895 1893 3966 Εἴπερ

306 3981 420 4052 οῦν,
457 3986 543 4041 διὰ
571 3987 632 4040 τὸ
674 3987 772 4059 τῆς
799 3987 987 4051 οὐσίας
1010 3987 1427 4058 ἀπαράλλακτον
1470 3987 1566 4041 καὶ
1608 3988 1670 4041 τὸ
1710 3988 1768 4041 ἐν
1814 3988 1892 4061 τῷ

307 4078 619 4149 χαρακτῆρι
668 4078 949 4142 παντελῶς
987 4079 1423 4151 ἀπαραποίητον,
1457 4080 1487 4133 6
1522 4080 1714 4150 Πατήρ
1741 4080 1889 4134 ἐστιν

305 4173 365 4223 ἐν
399 4171 537 4241 Υἱῷ,
567 4171 685 4234 πῶς
708 4172 737 4224 6
768 4168 968 4242 μείζων
1002 4172 1061 4225 ἐν
1093 4171 1335 4226 ἐλάττονι
1360 4172 1480 4228 κατ’
1509 4170 1754 4234 ἐκείνους
1776 4171 1888 4225 όντι

303 4262 383 4333 τῷ
430 4262 543 4333 Υίῷ
591 4263 829 4334 χωρήσει
884 4263 979 4317 καὶ
1019 4261 1352 4333 ὀφθήσεται;
1403 4263 1620 4335 Ἐπειδὴ
1659 4263 1715 4318 δὲ
1766 4263 1887 4328 ὅλος

1994 1988 2245 2043 corpore,
2297 1981 2393 2027 aut
2444 1989 2541 2030 vas
2599 1974 2653 2028 in
2700 1989 2831 2029 vase
2861 2012 2877 2038 ,
2924 1973 3001 2028 ita
3052 1972 3267 2027 Patrem
3323 1972 3379 2026 in
3432 1970 3571 2024 Filio

1994 2066 2287 2130 contineri,
2335 2072 2430 2119 aut
2483 2065 2726 2120 vicissim
2773 2065 2920 2119 hunc
2975 2064 3384 2136 quodammodo
3422 2061 3571 2117 Patri

1996 2158 2237 2227 imponi;
2280 2158 2375 2213 sed
2412 2158 2563 2213 hunc
2608 2158 2665 2213 in
2710 2158 2829 2222 illo,
2865 2165 2919 2212 et
2968 2157 3118 2212 illum
3174 2157 3228 2210 in
3294 2160 3399 2209 hoc
3450 2169 3573 2210 esse

1992 2249 2203 2315 videri,
2255 2265 2356 2305 ceu
2422 2250 2477 2304 in
2528 2249 2814 2305 identitate
2870 2248 3189 2304 substantia:
3240 2262 3338 2318 per
3387 2246 3569 2300 omnia

1994 2342 2180 2408 simili,
2222 2350 2279 2398 et
2323 2343 2565 2397 naturali
2610 2343 2821 2398 unitate
2855 2354 2919 2396 ac
2967 2339 3349 2404 similitudine,
3404 2336 3572 2392 veluti

1993 2436 2040 2490 si
2068 2436 2197 2506 quis
2244 2434 2299 2490 in
2351 2433 2590 2505 imagine
2636 2433 2867 2488 formam
2889 2447 3047 2488 suam
3082 2428 3487 2499 contemplans,
3517 2436 3572 2480 et

1991 2527 2323 2598 exquisitam
2357 2527 2543 2580 vultus
2565 2525 2649 2581 sui
2677 2523 3090 2582 similitudinem
3123 2520 3425 2583 admirans,
3445 2534 3574 2573 vere

1991 2621 2234 2675 clamare
2264 2619 2480 2674 dicatur
2509 2637 2523 2672 :
2561 2615 2671 2688 Ego
2716 2617 2773 2671 in
2803 2616 2904 2670 hac
2942 2606 3165 2671 tabella.
3192 2619 3268 2675 et,
3292 2609 3492 2665 tabella
3518 2610 3570 2662 in

1994 2729 2081 2769 me
2144 2720 2253 2769 est.
2306 2712 2415 2765 Aut
2473 2708 2933 2780 quemadmodum
2995 2706 3042 2763 si
3097 2705 3280 2761 dulcis
3336 2702 3575 2773 qualitas

1992 2804 2170 2859 mellis
2210 2804 2485 2874 impressa
2534 2802 2733 2870 linguae
2785 2799 2854 2855 de
2902 2798 3082 2868 seipsa
3128 2797 3315 2852 dicat:
3356 2793 3470 2865 Ego
3513 2794 3567 2847 in

1994 2894 2176 2958 melle,
2206 2900 2263 2948 et
2293 2893 2399 2948 mel
2430 2893 2484 2947 in
2512 2906 2600 2947 me
2626 2898 2741 2956 est;
2768 2896 2861 2943 aut
2885 2888 2932 2945 si
2970 2888 3121 2942 calor
3154 2902 3223 2941 ex
3254 2885 3381 2956 igne
3414 2891 3577 2937 natu~

1994 2984 2184 3040 raliter
2229 2983 2340 3054 29
2382 2982 2645 3055 prodiens
2698 2981 2904 3037 emissa
2960 2992 3098 3033 voce
3147 2977 3340 3032 dicat:
3376 2974 3487 3045 Ego
3523 2974 3593 3040 in,

1992 3078 2134 3149 igne,
2158 3084 2213 3131 et
2256 3075 2398 3145 ignis
2444 3076 2501 3129 in
2553 3090 2659 3130 me.
2696 3071 3141 3142 Unumquodque
3186 3068 3333 3125 enim
3384 3082 3576 3122 eorum

1991 3182 2111 3237 qua:
2142 3165 2286 3220 dicta
2310 3171 2441 3220 sunt
2480 3162 2786 3234 separabile
2809 3170 2895 3217 est
2924 3161 3238 3225 intellectu;
3264 3157 3361 3213 sed
3392 3172 3583 3217 unum

1994 3265 2221 3320 natura,
2254 3262 2310 3312 et
2340 3271 2511 3311 unum
2560 3270 2628 3310 ex
2679 3268 2791 3310 uno
2825 3250 3181 3322 inseparabili
3233 3247 3470 3321 quodam
3522 3254 3578 3301 ct

1994 3349 2303 3405 continenti
2347 3363 2644 3421 progressu
2676 3347 2883 3419 prodit,
2917 3343 3383 3418 quemadmodum
3423 3349 3478 3397 et
3506 3340 3578 3396 ab

1993 3457 2059 3497 eo
2089 3443 2142 3496 in
2179 3456 2290 3511 quo
2321 3448 2409 3496 est
2457 3440 2708 3510 separari
2738 3439 2957 3495 videtur
2985 3454 3000 3492 :
3034 3444 3411 3492 verumtamen
3451 3431 3579 3485 licet

1990 3533 2137 3587 hunc
2186 3532 2536 3603 concipiendi
2578 3532 2802 3588 modum
2854 3546 2971 3602 pra:
3013 3545 3073 3585 se
3106 3528 3308 3590 ferant,
3340 3526 3586 3591 alterum

1991 3633 2176 3680 tamen
2233 3625 2288 3680 in
2345 3625 2519 3680 altero
2575 3624 2849 3692 cernitur,
2877 3634 2932 3679 et
2967 3622 3112 3680 idem
3164 3627 3297 3685 sunt
3344 3627 3583 3686 utraque,

1988 3717 2175 3787 quoad
2202 3716 2590 3771 substantiam.
2618 3715 2675 3770 Si
2705 3731 2835 3786 ergo
2861 3724 3084 3786 propter
3115 3709 3595 3783 perfectissimam,

1990 3808 2331 3863 identitatem
2362 3808 2713 3873 substantiae,
2739 3816 2794 3863 et
2829 3805 3176 3868 characteris
3202 3798 3577 3858 omnimodam

1993 3901 2412 3957 similitudinem
2439 3902 2601 3958 Pater
2623 3909 2710 3958 est
2746 3902 2800 3956 in
2827 3900 2988 3964 Filio,
3012 3895 3289 3970 quomodo
3314 3892 3491 3963 major
3521 3891 3576 3945 in

1993 3993 2241 4057 minore,
2275 4001 2335 4047 ut
2383 3993 2461 4049 illi
2494 3994 2708 4059 volunt,
2748 3991 2887 4048 Filio
2926 3988 3296 4047 continebitur
3355 4000 3420 4039 ac
3453 3998 3576 4038 cer-

1992 4082 2351 4138 netur?Cum
2410 4090 2594 4138 autem
2649 4088 2800 4139 totus
2859 4080 2943 4139 sit,
2991 4078 3048 4133 in
3110 4076 3253 4146 ipso,
3296 4070 3576 4146 perfectus

1996 4173 2185 4245 utique
2225 4190 2456 4245 prorsus
2487 4182 2574 4232 est
2612 4171 2809 4235 Filius,
2844 4170 2939 4242 qui
2990 4168 3297 4240 perlectum
3325 4162 3496 4233 capit,
3522 4167 3585 4223 et

1988 4265 2278 4322 character
2308 4274 2394 4323 est
2424 4265 2607 4337 magni
2640 4264 2842 4319 Patris.

305 4356 453 4409 ἐστὶν
482 4356 540 4407 ἐν
566 4354 736 4426 αὐτῷ,
773 4355 975 4420 τέλειος
1017 4355 1127 4428 ἄρα
1170 4355 1390 4420 πάντως
1436 4356 1583 4411 ἐστὶν
1616 4357 1645 4409 6
1676 4355 1826 4422 Υἱὸς,
1859 4357 1887 4410 6
1922 4358 2016 4413 τοῦ
2084 4358 2292 4413 τελείου
2338 4356 2666 4429 χωρητικδς,
2714 4356 2808 4409 καὶ
2874 4353 3157 4426 χαρακτὴρ
3195 4348 3286 4404 τοῦ
3337 4340 3575 4415 μεγάλου

305 4448 543 4520 Πατρός.

922 4543 1173 4599 ΚΕΦΔΛ.
1212 4546 1285 4600 Δ⁹.

301 4632 459 4700 Πρὸς
497 4631 639 4698 τοὺς
671 4632 1017 4702 τολμῶντας
1052 4633 1272 4705 λέγειν,
1307 4635 1395 4689 ὅτι
1428 4635 1629 4703 ἕτερός
1661 4634 1829 4691 ἐστιν
1856 4636 1889 4687 ό

373 4700 709 4758 ἐνδιάθετος
762 4702 862 4757 καὶ
922 4706 1182 4758 φυσικὸς⁵
1239 4706 1310 4758 ἐν
1367 4704 1487 4758 Θεῶ
1541 4706 1639 4758 καὶ
1697 4702 1881 4758 Πατοὶ

376 4706 709 4769 ἐνδιάθετος
762 4706 862 4757 καὶ
920 4706 1182 4773 φυσικὸς
1239 4706 1310 4759 ἐν
1367 4706 1487 4771 Θεῷ
1541 4706 1639 4759 καὶ
1697 4706 1881 4771 Πατρὶ

376 4772 589 4840 Λόγος,
622 4774 717 4826 καὶ
748 4772 948 4841 ἕτερος
988 4775 1021 4827 ὀ
1053 4775 1211 4842 παρὰ
1232 4774 1361 4841 ταῖς
1394 4778 1578 4840 θείαις
1614 4774 1881 4844 Γραφαῖς

373 4844 698 4915 λεγόμενος
726 4844 1083 4915 ΥἱόςηέΕστι
1119 4844 1186 4897 δὲ
1215 4845 1337 4901 τῶν
1370 4847 1502 4915 περὶ
1524 4847 1825 4915 Εὐνόμιον
1845 4844 1883 4910 ἠ

375 4914 617 4979 τοιαύτη
654 4913 997 4978 κακοδοξία.

367 5000 556 5071 Οὗτος
582 5001 662 5075 ἦν
687 5004 756 5058 ἐν
792 5005 951 5075 ἀρχῇ
974 5007 1122 5076 πρὸς
1156 5005 1262 5059 τὸν
1295 5008 1459 5062 Θεόν.

387 5093 884 5162 Ἀνακεφαλαίωσιν
912 5095 1010 5165 μὲν
1040 5095 1228 5167 ὥσπερ
1260 5097 1383 5150 τινὰ
1417 5097 1528 5151 τῶν
1568 5097 1669 5168 ἤδη
1700 5112 1883 5167 προει-

305 5185 560 5256 ρημένων
584 5186 642 5240 ἐν
661 5186 869 5251 τούτοις
899 5187 928 5240 6
952 5188 1343 5259 εὐαγγελιστὴς
1374 5190 1683 5259 ἐποιήσατο.
1710 5189 1882 5258 Προσ-

301 5278 418 5340 θεὶς
472 5276 530 5329 δὲ
579 5278 639 5330 τὸ
694 5296 714 5330 ι
749 5272 940 5345 Οὗτος,
984 5300 1002 5331 ι
1078 5280 1360 5351 μονονουχὶ
1409 5280 1607 5350 βοήσας
1665 5282 1881 5350 ὁρᾶται,

307 5389 324 5421 ι
348 5369 407 5422 Ὀ
432 5369 507 5423 ὣν
533 5370 590 5423 ἐν
616 5370 783 5443 ἀρχῇ,
814 5391 831 5423 ι
867 5374 897 5426 6
930 5372 1081 5443 παρά
1108 5373 1187 5444 τῷ
1213 5373 1386 5442 Πατρὶ
1404 5373 1593 5442 Λόγος,
1623 5373 1884 5444 ὑπάρχων

303 5460 435 5522 Θεὸς
471 5463 535 5514 ἐκ
565 5461 726 5527 Θεοῦ,
759 5454 914 5528 οὗτός
943 5465 1059 5517 ἐστι
1089 5465 1183 5518 καὶ
1209 5465 1310 5535 οὐχ
1335 5466 1545 5537 ἕτερος,
1576 5465 1703 5535 περὶ
1742 5458 1803 5518 οὗ
1827 5464 1887 5518 τὸ

310 5551 506 5619 σεμνὸν
538 5554 670 5623 ἡμῖν
706 5555 995 5627 πρόκειται
1027 5556 1384 5629 σύγγραμμα.
1420 5559 1604 5612 Ἕοικε
1633 5557 1689 5615 δὲ
1727 5557 1888 5611 πάλιν

306 5639 367 5692 ού
397 5641 573 5713 μάτην
596 5647 708 5709 τοῖς
752 5647 1065 5719 εἰρημένοις
1098 5650 1410 5719 ἐπενεγκεῖν
1457 5649 1533 5715 τὸ,
1565 5668 1582 5701 ι
1613 5642 1777 5713 Οὗτος
1820 5644 1885 5721 ἦν

419 5814 460 5847 ’⁸
495 5813 649 5874 Joan.
681 5835 734 5889 x,
764 5822 852 5877 58.

2628 4535 2776 4592 CAP;
2851 4535 2938 4590 IV.

1990 4630 2257 4686 Adversus
2293 4646 2381 4684 eos
2428 4630 2519 4699 qui
2576 4629 2748 4683 dicere
2794 4631 3025 4699 audent,
3066 4634 3219 4691 aliud
3266 4651 3378 4690 esse
3413 4638 3577 4695 inter..-

2060 4700 2529 4773 num‘et‘naturalc
2557 4701 2612 4773 in
2644 4700 2750 4761 Deo
2773 4713 2821 4755 et
2846 4701 3012 4757 Patre
3047 4702 3296 4770 Verbum,
3323 4716 3370 4759 et
3398 4708 3573 4773 aliud,

2059 4770 2211 4841 quod,
2230 4770 2528 4841 Scriptura:
2558 4771 2753 4824 divinw
2782 4773 3052 4841 appellant
3081 4773 3305 4830 Filium.
3347 4774 3441 4829 Est
3482 4770 3580 4831 au;

2060 4840 2161 4895 tem
2193 4840 2650 4896 Eunomianorum
2675 4857 2824 4894 error
2853 4840 3178 4900 istiusmodi.

2063 5022 2109 5059 ί,
2140 4997 2196 5061 2.
2243 4996 2354 5050 Hoc
2382 5006 2496 5050 erat
2539 4998 2594 5050 in
2623 4999 2886 5067 principio
2919 4997 3061 5069 apud
3106 4999 3290 5061 Deum.

2062 5089 2161 5145 llic
2195 5090 2536 5160 Evangelista
2579 5092 2894 5146 summatim
2934 5093 3346 5163 quodammodo
3379 5097 3577 5165 repetit

1992 5198 2114 5254 quae
2138 5185 2291 5253 prius
2333 5180 2482 5237 dicta
2525 5190 2676 5237 sunt.
2723 5184 2857 5239 Cum
2891 5193 3071 5239 autem
3114 5182 3337 5250 additu
3379 5185 3512 5250 lloc,
3552 5210 3570 5239 ι

1993 5273 2385 5344 propemodum
2447 5273 2694 5328 clamare
2749 5273 3011 5328 videtur:
3072 5292 3089 5323 ι
3149 5274 3305 5342 Quod
3354 5288 3474 5332 erat
3524 5279 3575 5333 in

1994 5366 2284 5437 principio,
2310 5385 2333 5423 »ν
2362 5366 2491 5420 illud
2533 5365 2676 5435 apud
2718 5364 3203 5427 PatremVerbuin
3230 5410 3245 5435 ,
3281 5368 3429 5428 Deus
3484 5390 3579 5428 cx-

1992 5464 2200 5519 sistens
2227 5478 2290 5518 ex
2327 5462 2455 5528 Deo,
2487 5461 2615 5524 huc,
2652 5462 2898 5531 inquam,
2941 5470 2996 5515 et
3033 5478 3140 5518 non
3178 5465 3329 5521 aliud
3379 5477 3465 5521 est
3512 5467 3580 5520 de

1990 5574 2099 5628 quo
2129 5571 2438 5616 sermonem
2492 5554 2674 5608 facere
2725 5553 2777 5606 in
2813 5552 2916 5610 hoc
2965 5554 3108 5610 libro
3158 5557 3575 5627 preposuimns.

1998 5648 2208 5702 Rursus
2235 5651 2415 5699 autem
2454 5659 2558 5698 non
2585 5640 2796 5697 videtur
2827 5639 3029 5698 frustra
3056 5643 3361 5714 subjecissc
3391 5644 3523 5699 illud
3562 5663 3574 5699 ε
