4168 6558
608 324 680 379 55
1588 317 1646 372 S.
1683 312 1959 369 CYRHLI
1991 312 2460 369 ALEXANDRIM
2494 314 2816 371 ARClllEP.
3771 316 3844 371 56

610 454 630 486 ι
683 434 798 489 Hoc
842 442 963 490 erat
1022 434 1074 488 in
1127 432 1399 504 principio
1442 430 1584 500 apud
1640 431 1827 485 Deum.
1860 448 1878 482 ι
1933 430 2168 500 Accepta

2275 433 2333 484 ἐν
2366 431 2507 503 ἀρχῇ
2538 432 2674 502 πρὸς
2688 432 2778 484 τὸν
2810 431 2959 484 Θεόν.
3005 448 3023 482 ι
3077 431 3164 495 Ὠς
3213 429 3320 500 γὰρ
3357 428 3461 482 ὑπὸ
3496 429 3640 483 θείου
3672 431 3845 485 Πνεῦ-

602 526 746 579 enim
788 539 816 577 a
843 525 1028 579 divino
1058 526 1261 595 Spiritu
1287 537 1467 578 rerum
1498 522 1807 576 futurarum
1844 522 2176 591 cognitione,

602 632 712 670 non
741 616 1028 688 ignoravit,
1073 623 1130 669 ut
1168 616 1383 684 opinor,
1414 629 1476 667 ac
1506 628 1637 667 vere
1678 612 1946 665 afﬁrmare
1980 626 2177 680 possu-

506 749 516 757 .
604 721 748 770 mus,
774 706 1035 775 ιμιοειιειη
1064 705 1382 776 prodituros
1406 702 1732 771 perditionis
1762 702 2022 766 artifices,
2058 702 2174 756 dia-

602 797 713 852 boli
753 798 1004 866 aucupia,
1044 797 1237 851 mortis
1289 798 1532 865 laqueos,
1576 794 1630 848 in
1670 795 1922 849 cubicula
1965 807 2020 848 et
2052 809 2175 863 pro-

602 887 826 941 fundum
872 886 1069 941 inferni
1103 887 1459 941 detrudentes
1500 901 1595 940 eos
1622 886 1715 954 qui
1753 900 1861 951 prae
1903 885 2172 953 imperitia

599 978 889 1032 attendunt
916 977 981 1031 iis
1021 992 1140 1046 quae
1179 984 1431 1030 eructant
1474 976 1541 1029 dc
1583 974 1747 1029 corde
1780 974 1921 1028 malo
1951 974 2019 1026 ".
2084 972 2172 1027 ln-

599 1069 822 1123 stabunt
848 1083 998 1134 vero,
1023 1074 1076 1121 et
1099 1067 1154 1120 in
1181 1082 1342 1121 suum
1387 1066 1488 1134 ipsi
1519 1073 1682 1133 caput
1708 1064 2065 1124 iuvalescent,
2090 1063 2141 1116 di
2160 1092 2172 1103 -

597 1169 805 1222 centes,
853 1158 1000 1213 aliud
1054 1158 1272 1228 quidem
1324 1171 1446 1211 esse
1491 1155 1621 1209 illud
1676 1154 1903 1208 insitum
1960 1154 2013 1206 in
2064 1152 2171 1205 Deo

596 1249 762 1305 Patre
795 1247 1053 1312 Verbum,
1098 1247 1245 1301 aliud
1294 1247 1458 1302 insito
1491 1246 1650 1315 longe
1701 1243 2038 1298 simillimum
2084 1241 2173 1295 Fi-

596 1341 731 1394 lium
756 1379 771 1403 ,
803 1347 856 1395 et
881 1337 1147 1401 Verbum,
1179 1353 1276 1406 per
1309 1335 1456 1405 quod
1498 1334 1639 1389 Deus
1672 1334 1852 1387 omnia
1889 1339 2167 1401 operatur,

596 1438 660 1483 ut
685 1429 766 1484 sic
794 1427 1029 1484 Verbum
1064 1427 1243 1489 Verbi,
1271 1436 1326 1481 et
1357 1426 1537 1493 imago
1580 1422 1856 1493 imaginis,
1897 1429 1952 1475 et
1985 1422 2167 1491 splen-

595 1520 700 1576 dor
726 1519 1037 1589 splendoris
1079 1518 1432 1587 intelligatur.
1482 1515 1650 1578 Quasi
1699 1527 1833 1581 ergo
1881 1512 1994 1581 jam
2045 1512 2169 1565 illos

595 1614 765 1684 impia
797 1614 901 1668 ista
930 1611 1292 1683 praedicantes
1329 1609 1564 1671 audiret,
1602 1616 1655 1662 ct
1687 1606 1949 1660 adversus
1976 1605 2170 1657 imma-

594 1720 721 1760 nem
748 1704 1075 1774 scriptorum
1106 1702 1215 1773 30
1239 1701 1479 1771 ipsorum
1518 1698 1760 1753 furorem
1795 1695 1993 1750 merito
2020 1707 2170 1747 com-

592 1801 774 1846 motus
800 1767 996 1845 beatus
1025 1767 1393 1860 evangelista,
1437 1796 1727 1857 postquam
1763 1786 1950 1838 multis
1986 1782 2169 1837 verbis
2202 1767 2241 1821 Β

584 1878 701 1950 jam
732 1879 946 1942 statuit,
978 1886 1054 1944 et,
1112 1887 1173 1935 ut
1206 1879 1462 1941 decebat,
1497 1876 1827 1946 signiﬁcavit
1876 1888 2065 1936 unum,
2106 1886 2169 1926 ac

589 1972 770 2026 solum
806 1980 859 2025 et
899 1986 1091 2027 verum
1122 1972 1190 2025 de
1233 1969 1369 2035 Deo,
1398 1980 1453 2027 et
1503 1970 1557 2024 in
1590 1968 1699 2024 Deo
1732 1979 1784 2023 et
1818 1968 1960 2036 apud
1997 1965 2166 2019 Deum

586 2078 712 2120 esse
739 2062 1000 2126 Verbum,
1037 2064 1220 2119 statim
1265 2061 1431 2117 infert
1463 2080 1475 2115 :
1515 2079 1534 2112 ι
1582 2059 1698 2115 lloc
1726 2066 1844 2115 erat
1868 2060 1922 2113 in
1958 2057 2166 2126 princi-

588 2153 682 2224 pio
719 2156 860 2225 apud
887 2153 1078 2222 Deum,
1106 2174 1124 2206 ι
1148 2162 1205 2209 ut
1245 2151 1419 2209 Filius
1455 2153 1710 2206 nimirum
1752 2149 1894 2221 apud
1927 2148 2165 2213 Patrem,

588 2256 650 2303 ut
683 2247 948 2315 insitum;
991 2256 1051 2303 ut
1081 2263 1147 2302 ex
1177 2246 1301 2317 ejus
1340 2244 1673 2306 substantia,
1703 2250 1765 2295 ut
1795 2241 2163 2311 Unigenitum,

592 2356 614 2392 ι
653 2337 790 2405 Hoc,
834 2357 852 2393 ι
888 2353 1013 2393 cum
1068 2353 1178 2391 non
1232 2336 1305 2391 sit
1371 2334 1697 2391 secundum.
1751 2331 1858 2387 Sed
1905 2332 2166 2403 quoniam

589 2444 776 2502 operae
820 2431 1056 2501 pretium
1101 2428 1259 2484 nobis
1316 2442 1437 2484 esse
1496 2436 1652 2498 puto,
1679 2427 1776 2498 qui
1826 2425 2164 2495 impietatem

592 2521 907 2577 istiusmodi
957 2522 1137 2591 palam
1185 2520 1371 2575 facere
1404 2534 1689 2583 conamur,
1722 2518 1925 2573 nudam
1976 2532 2165 2572 eorum

586 2626 867 2682 exponere
909 2611 1330 2682 blasphemiam,
1361 2610 1429 2665 ad
1463 2609 1865 2680 simpliciorum
1903 2609 2169 2663 securita-

587 2710 699 2755 tem
748 2701 996 2773 (cavebit
1040 2702 1187 2756 enim
1221 2701 1477 2772 quisquis
1504 2700 1780 2765 didicerit,
1811 2714 1874 2754 ac
1910 2708 2168 2768 tanquam

586 2800 893 2864 serpentem
912 2793 1187 2849 transiliet
1212 2793 1266 2853 in
1289 2792 1468 2847 medio
1490 2791 1748 2846 latentem
1766 2790 1982 2859 itinere)
2027 2789 2169 2842 utili-

585 2894 669 2940 ter
694 2900 881 2941 eorum
907 2886 1211 2941 doctrinam
1246 2898 1543 2956 exponam,
1575 2883 1828 2955 opposita
1865 2881 2162 2936 contraria.

588 2974 681 3030 Sic
708 2976 854 3031 enim
883 2975 1143 3051 deinceps
1172 2975 1266 3030 illa
1321 2974 1657 3030 refutabitur
1704 2974 1773 3029 iis
1815 2972 1993 3027 modis
2025 2987 2165 3041 quos

2281 540 2446 593 ματος
2472 525 2551 586 είς
2577 523 2677 592 τὴν
2725 523 2834 575 τῶν
2864 523 3133 594 ἐσομένων
3164 523 3363 592 γνῶσιν
3408 526 3845 596 φωταγωγούμε-

2276 630 2364 679 νος
2395 614 2494 666 οὐκ
2518 614 2803 684 ἠγνόησεν,
2834 613 2909 679 ὥς
2937 613 3001 681 γέ
3028 631 3116 685 μοι
3141 613 3306 675 δοκεῖ,
3339 615 3431 667 καί
3457 614 3532 677 ὡς
3573 615 3719 669 ἐστιν
3765 619 3845 669 εί-

2277 708 2395 758 πετν
2423 704 2800 775 ἀληθεύοντας,
2862 705 2943 757 ὄτι
2980 721 3085 775 περ
3122 705 3515 774 ἀναφανοῦνταί
3541 723 3687 770 τινες
3737 710 3845 762 ἀπ-

2273 795 2466 858 ωλείας
2498 795 2744 865 ἐργάται,
2770 795 3014 849 διαϐόλου
3042 794 3309 866 θήρατρα,
3338 794 3567 850 θανάτου
3591 798 3838 867 παγίδες,

2274 888 2353 951 είς
2383 889 2585 956 ταμεία
2613 887 3012 957 καταφέρουσαι
3040 888 3134 940 καὶ
3167 890 3247 948 εἰς
3277 887 3548 958 πέταυρον
3567 889 3691 961 ᾅδου
3714 892 3840 955 τοὺς

2272 977 2329 1047 ἐξ
2385 977 2653 1046 ἀμαθείας
2708 977 3071 1047 προσέχοντας
3112 972 3192 1040 οἷς
3230 977 3298 1030 ἂν
3340 980 3404 1031 ἐκ
3433 980 3657 1051 καρδίας
3685 981 3843 1050 ἐρεύο

2271 1085 2456 1135 γονται
2496 1068 2757 1138 πονηρᾶς.
2824 1068 3197 1137 Ἑνστήσονται
3257 1067 3310 1121 δέ
3338 1110 3352 1133 ,
3399 1070 3492 1121 καὶ
3555 1070 3695 1124 κατά
3738 1072 3840 1141 τῆς

2272 1159 2477 1211 ἑαυτῶν
2529 1157 2866 1228 ἀνδριοῦνται
2903 1158 3146 1228 κεφαλῆς
3177 1158 3444 1226 λέγοντες,
3499 1160 3684 1231 ἕτερον
3740 1164 3839 1232 μὲν

2271 1244 2408 1302 εἶναι
2434 1249 2525 1301 τὸν
2550 1249 2850 1302 ἐνδιάθετον
2874 1250 2933 1301 ἐν
2957 1247 3075 1318 Θεῷ
3107 1250 3284 1322 Πατρὶ
3328 1249 3522 1318 Λόγον,
3566 1251 3751 1323 ἕτερον
3779 1254 3836 1306 δέ

2269 1354 2391 1391 τινα
2430 1339 2524 1391 καὶ
2580 1338 2658 1407 τῷ
2694 1337 2982 1408 ἐνδιαθέτῳ
3029 1336 3146 1391 λίαν
3194 1338 3599 1409 ἐμφερέστατόν
3640 1358 3700 1393 τε
3742 1342 3838 1395 καὶ

2269 1429 2582 1499 ὁμοιότατον
2613 1429 2703 1481 τὸν
2738 1429 2864 1481 Υίὸν
2899 1430 2992 1481 καὶ
3015 1428 3204 1497 Λόγον,
3232 1429 3297 1482 δι’
3323 1424 3384 1483 οὗ
3409 1430 3541 1494 Θεὸς
3567 1432 3634 1485 τὰ
3662 1432 3836 1487 πάντα

2269 1520 2560 1592 ἐργάζεται
2583 1537 2596 1550 ·
2624 1521 2713 1574 ἵνα
2738 1522 2907 1589 Λόγος
2942 1521 3116 1590 Λόγου
3142 1521 3348 1591 νοῆται,
3382 1523 3476 1576 καὶ
3503 1522 3667 1576 εἰκὼν
3684 1524 3837 1578 ἐίκό-

2268 1627 2394 1679 νος,
2452 1613 2545 1664 καὶ
2587 1611 2924 1683 ἀπαύγασμα
2976 1612 3424 1681 ἀπαυγάσματος.
3476 1614 3687 1686 ’Ὠσπερ
3743 1612 3836 1670 οὗν

2270 1703 2367 1772 ήδη
2414 1701 2836 1775 δ’)σφημοῦντων
2881 1701 3116 1764 ἀκούσας
3162 1704 3369 1768 αὐτῶν,
3418 1705 3512 1758 καὶ
3551 1707 3689 1777 πρὸς
3734 1708 3836 1772 τὰς

2271 1788 2535 1851 ἐκτύπους
2565 1790 2820 1852 ἀπονοίας
2866 1789 2973 1844 τῶν
3003 1791 3133 1862 παρ’
3162 1792 3345 1855 αὐτοῖς
3387 1796 3832 1865 συγγραμμάτων

2270 1878 2503 1946 εὐλόγως
2581 1881 2937 1949 κεκινημένος
2986 1882 3014 1933 6
3063 1884 3343 1955 μακάριος
3410 1886 3832 1959 εύαγγελιστὴς,

2267 1971 2585 2045 ὁρισάμενος
2608 1973 2708 2043 ήδη
2737 1974 2831 2026 καὶ
2864 1974 2953 2027 διὰ
2979 1974 3211 2038 πολλῶν,
3237 1977 3312 2040 ὡς
3338 1977 3445 2030 ἔδει
3468 2019 3484 2045 ,
3515 1981 3839 2053 κατασημή-

2269 2080 2365 2125 νας
2387 2063 2479 2115 τὸν
2505 2063 2622 2127 ἕνα,
2662 2064 2758 2117 καὶ
2791 2065 2970 2135 μόνον,
2998 2066 3095 2119 καὶ
3145 2067 3397 2137 ἀληθινὸν
3430 2071 3492 2122 ἐκ
3525 2069 3685 2135 Θεοῦ,
3738 2072 3837 2127 καὶ

2268 2155 2327 2208 ἐν
2357 2155 2497 2226 Θεῷ,
2528 2157 2622 2209 καὶ
2651 2156 2787 2227 πρὸς
2830 2156 2968 2210 Θεὸν
3012 2156 3139 2211 ὖντα
3172 2159 3365 2227 Λόγον,
3406 2160 3658 2233 ἐπιφέρει
3704 2179 3837 2233 γορ-

2266 2243 2378 2313 γῶς
2410 2262 2425 2275 ο
2463 2263 2482 2296 ι
2510 2240 2678 2309 Οὗτος
2710 2241 2777 2316 ἦν
2804 2247 2860 2299 ἐν
2890 2248 3030 2318 ἀρχῇ
3054 2247 3189 2317 πρὸς
3216 2248 3307 2301 τὸν
3344 2248 3497 2317 Θεὸν,
3540 2269 3559 2301 ι
3592 2250 3671 2315 ὡς
3708 2251 3837 2315 Υίδς

2266 2336 2464 2407 δηλαδὴ
2504 2336 2639 2408 πρὸς
2679 2337 2769 2391 τὸν
2800 2338 3044 2408 Πατέρα,
3091 2340 3166 2403 ὼς
3194 2338 3453 2409 ἔμφυτος,
3503 2342 3581 2405 ὼς
3629 2343 3696 2396 ἐκ
3731 2344 3836 2417 τῆς

2266 2428 2454 2492 οὐσίας
2481 2429 2666 2493 αὑτοῦ,
2695 2428 2770 2493 ὡς
2809 2431 3117 2500 Μονογενής
3144 2446 3159 2461 ·
3210 2450 3229 2482 ι
3262 2425 3449 2496 Οὗτος,
3481 2452 3501 2485 ι
3544 2434 3645 2488 οὐκ
3681 2434 3837 2499 ὄντος

2266 2520 2540 2590 δευτέρου.
2604 2521 2819 2592 Ἐπειδὴ
2869 2522 2926 2575 δέ
2963 2524 3259 2593 προσήκειν
3292 2523 3528 2595 ἠγοῦμαι
3581 2524 3652 2578 τά
3704 2526 3837 2598 περὶ

2266 2614 2362 2683 τῆς
2397 2614 2652 2684 τοιαύτης
2688 2613 3003 2678 δυσσεὸείας
3048 2613 3357 2685 ἐξηγεῖσθαι
3415 2616 3834 2682 σπουδάζοντας,

2267 2704 2603 2774 γυμνοτέραν
2631 2705 2809 2759 αὐτῶν
2838 2705 3177 2775 καταστῆσαι
3227 2707 3328 2777 τῆν
3367 2706 3700 2778 δυσφημίαν,
3745 2708 3835 2763 διὰ

2265 2796 2364 2867 τὴν
2382 2796 2488 2850 τῶν
2517 2798 2914 2869 άκεραιοτέρων
2938 2799 3235 2868 ἀσφάλειαν
3270 2816 3285 2830 ⁸
3340 2800 3631 2869 φυλάξεται
3660 2802 3768 2873 γὰρ
3802 2804 3836 2856 6

2270 2886 2476 2957 μαθὼν,
2509 2889 2602 2941 καὶ
2623 2888 2698 2949 ὠς
2725 2888 2848 2955 ὅφιν
2895 2889 3267 2959 ὑπεραλεῦιαι,
3313 2892 3453 2945 κατὰ
3481 2892 3652 2965 μέσην
3708 2893 3837 2948 λαν-

2268 2978 2493 3031 θάνοντα
2537 2980 2638 3049 τῆν
2685 2979 2836 3033 ὁδόν*
2910 2980 3217 3047 ἀναγκαίως
3289 2981 3457 3048 αὐτὴν
3509 2982 3833 3053 ἐκθήσομαι,

586 3067 752 3123 nobis
785 3068 926 3125 Deus
972 3070 1337 3135 concesserit,
1387 3066 1480 3138 qui
1520 3067 1781 3121 omnibus
1832 3065 2163 3134 sapientiam

2268 3069 2366 3140 τὴν
2390 3068 2633 3134 ἐκείνοιν,
2676 3069 2753 3131 ὡς
2799 3069 2858 3122 ἐν
2884 3069 3207 3134 ἀντιθέσεως
3230 3072 3487 3141 σχήματι.
3523 3072 3691 3125 Λάδοι
3722 3073 3836 3144 γὰρ

585 3156 841 3229 largitur.

935 3328 1185 3385 Eunomii
1217 3329 1395 3398 opinio
1428 3327 1493 3383 de
1518 3327 1666 3382 Filio
1696 3328 1816 3386 Dei.

658 3420 1008 3494 Uuigenitus,
1040 3420 1243 3491 inquit,
1272 3420 1365 3475 Dei
1392 3419 1587 3485 Filius,
1615 3434 1724 3474 non
1758 3429 1843 3475 est
1870 3435 1936 3474 ex
1960 3434 2020 3475 se
2046 3435 2167 3489 pro-

586 3516 705 3586 prie
733 3514 972 3567 Verbum
1005 3512 1155 3581 ejus;
1192 3510 1289 3566 sed
1331 3511 1610 3565 internum
1639 3511 1773 3565 illud
1805 3510 2040 3565 Verbum
2069 3509 2162 3563 Dei

587 3622 653 3662 ac
674 3606 857 3661 Patris
888 3606 944 3659 in
984 3608 1108 3674 ipso
1141 3611 1411 3665 movetur,
1435 3612 1489 3657 et
1528 3610 1613 3657 est
1647 3617 1881 3671 semper.
1916 3601 2021 3666 Qui
2063 3616 2162 3654 au-

587 3705 699 3751 tem
731 3711 794 3749 ex
835 3697 953 3764 ipso
981 3693 1200 3764 genitus
1238 3706 1363 3747 esse
1391 3689 1564 3746 Filius
1610 3691 1836 3756 dicitur,
1884 3691 2164 3745 internum

586 3786 709 3855 ejus
738 3784 977 3840 Verbum
1009 3783 1344 3853 suscipiens,
1387 3791 1589 3837 cuncta
1621 3783 1690 3836 ab
1722 3797 1790 3836 eo
1815 3781 2045 3836 edoctus
2074 3795 2167 3834 no.

584 3878 684 3940 vit,
719 3884 773 3930 et
807 3876 874 3930 ad
917 3876 1038 3946 ejus
1073 3874 1487 3930 similitudinem
1532 3873 1770 3929 Verbum
1814 3881 1901 3928 est
1929 3886 1983 3928 et
2018 3888 2166 3927 nuu-

585 3977 842 4039 cupatur.

655 4060 777 4116 Jam
814 4060 878 4115 ad
931 4059 1363 4116 conﬁrmandam
1420 4074 1577 4114 suam
1628 4065 1691 4111 ut
1722 4057 2004 4112 existimat
2058 4056 2163 4110 im-

588 4155 870 4226 pietatem,
910 4162 965 4207 et
993 4166 1281 4221 perversae
1316 4151 1620 4206 sententias
1651 4148 1964 4204 istiusmodi
1998 4148 2167 4202 nectit

588 4246 958 4317 syllogismos,
1007 4252 1087 4308 ut,
1142 4241 1608 4313 quemadmodum
1651 4242 1919 4309 scriptum
1959 4246 2045 4293 est
2077 4241 2161 4305 “‘,

589 4352 813 4393 suorum
842 4344 1192 4406 peccatorum
1221 4334 1435 4389 catenis
1470 4334 1636 4389 miser
1678 4334 2112 4403 constringatur.

661 4516 718 4573 Si
753 4517 1014 4581 Verbum,
1046 4518 1243 4587 inquit,
1276 4516 1329 4570 in
1374 4516 1484 4571 Deo
1511 4530 1575 4569 ac
1610 4513 1770 4569 Patre
1801 4513 2070 4577 naturale,
2106 4520 2162 4567 et

591 4610 868 4665 internum
916 4619 1003 4663 est
1052 4610 1168 4676 ipse
1217 4601 1511 4669 Filius,'et
1555 4605 2046 4660 consubstantialis
2077 4611 2162 4659 cst

590 4702 849 4771 genitori.
904 4701 1034 4772 quid
1080 4700 1190 4770 jam
1234 4700 1487 4769 probibet
1548 4699 1848 4769 quominus
1912 4696 2154 4754 Verbum

591 4795 704 4859 sit,
756 4801 812 4847 et
871 4803 1093 4850 vocetur
1145 4791 1347 4855 Pater,
1408 4798 1599 4860 utpote
1658 4788 2159 4846 consubstantialis

590 4886 689 4943 Vel
704 4887 774 4942 bo
790 4886 814 4939 ?

660 5002 827 5059 l'l‘EM
862 5022 877 5058 :
915 5001 970 5057 Si
1019 5001 1258 5060 Verbum
1293 5008 1381 5058 est
1413 5001 1508 5058 Dei
1542 5017 1606 5056 ac
1652 4998 1831 5053 Patris
1862 4997 2065 5059 Filius,
2112 5004 2167 5050 et

472 5080 476 5084 ’
591 5104 791 5168 prater
814 5095 993 5165 ipsum
1019 5110 1129 5149 non
1157 5102 1243 5149 est
1264 5095 1437 5159 aliud,
1467 5110 1563 5164 per
1608 5093 1882 5163 quodnam
1902 5089 2167 5154 Verbum,

594 5185 792 5253 inquit,
816 5184 977 5239 Pater
1009 5185 1074 5240 ad
1098 5185 1274 5255 ipsum
1306 5184 1492 5239 dicere
1523 5183 1862 5253 comperitur
1891 5200 1905 5235 :
1937 5200 1957 5232 ι
1992 5179 2169 5235 Filius

2267 3159 2333 3214 ἂν
2360 3159 2503 3213 οὕτω
2533 3160 2631 3223 τὰς
2656 3159 2839 3224 λύσεις
2866 3160 3084 3232 ἐφεξῆς,
3114 3162 3237 3216 καθ’
3282 3162 3484 3233 οὖςπερ
3510 3162 3577 3217 ἂν
3621 3163 3832 3221 ἐπιδοίη

2264 3250 2498 3319 τρόπους
2530 3252 2558 3303 ὁ
2597 3252 2776 3305 πάντα
2835 3252 3014 3321 σοφῶν
3049 3252 3201 3315 Θεὸς.

2408 3343 2705 3413 Εὐνομίου
2731 3343 2880 3407 δόξα
2909 3344 3041 3411 περὶ
3080 3344 3188 3398 τοῦ
3218 3344 3355 3398 Υἰοῦ
3394 3345 3501 3399 τοῦ
3521 3344 3693 3400 Θεοῦ.

2354 3436 2415 3490 '0
2437 3435 2769 3508 Μονογενὴς,
2822 3437 2976 3507 φησὶ,
3008 3436 3103 3491 τοῦ
3155 3436 3289 3490 Θεοῦ
3338 3439 3483 3505 Υἱὸς,
3532 3439 3634 3492 οὐκ
3683 3438 3832 3493 ἔστιν

2265 3529 2600 3601 αὐτοκυρίως
2631 3532 2659 3582 ὁ
2698 3530 2871 3598 Λόγος
2926 3531 3089 3584 αὐτοῦ
3121 3548 3137 3565 ο
3176 3533 3294 3587 ἀλλ’
3330 3536 3358 3587 6
3389 3534 3486 3604 μὲν
3536 3534 3833 3598 ἐνδιάθετος

2265 3616 2437 3684 Λόγος
2466 3616 2557 3669 τοῦ
2586 3616 2721 3671 Θεοῦ
2769 3619 2861 3671 καὶ
2884 3619 3097 3690 Πατρδς
3136 3621 3195 3673 ἐν
3242 3623 3388 3693 αὐτῷ
3434 3625 3683 3690 κινεῖται,
3736 3624 3832 3677 καὶ

2266 3707 2412 3759 ἐστιν
2439 3707 2524 3759 ἀεί
2549 3721 2564 3738 ⁸
2594 3708 2621 3760 6
2642 3708 2698 3761 δέ
2723 3709 2781 3773 ἐξ
2800 3709 2962 3763 αὑτοῦ
2989 3712 3311 3783 γεννηθῆναι
3341 3713 3631 3783 λεγόμενος
3678 3714 3828 3780 Υἱὸς,

2263 3798 2356 3850 τὸν
2382 3797 2684 3852 ἐνδιάθετον
2718 3799 2884 3853 αὐτοῦ
2926 3801 3095 3869 Λόγον
3122 3802 3429 3873 δεχόμενος,
3450 3805 3627 3857 πάντα
3656 3821 3715 3857 τε
3754 3800 3833 3857 οἵ·

2264 3889 2353 3943 δεν
2389 3889 2663 3960 ἐκμαθὼν,
2701 3892 2796 3944 καὶ
2838 3891 2959 3945 καθ’
3011 3894 3303 3966 ὁμοιότητα
3352 3894 3450 3966 τὴν
3489 3896 3700 3949 ἐκείνου
3730 3895 3832 3949 Λόσ

2264 3998 2359 4049 γος
2380 3981 2644 4044 καλεῖται,
2672 3981 2765 4034 καὶ
2790 3980 2957 4034 ἔστιν.

2337 4066 2471 4124 Εἶτα
2503 4072 2639 4143 πρὸς
2669 4071 2979 4141 βεϐαίωσιν,
3001 4074 3078 4138 ὡς
3121 4074 3310 4138 οἴεται,
3340 4075 3440 4144 τῆς
3477 4074 3671 4129 ἐαυτοῦ
3706 4075 3831 4129 δυσ-

2267 4161 2499 4224 σεϐείας,
2525 4161 2620 4215 καὶ
2666 4162 2773 4216 τῶν
2820 4163 3265 4234 διεστραμμένων
3298 4166 3515 4219 ἐννοιῶν
3559 4169 3832 4233 τοιούτους

2262 4251 2415 4313 τινὰς
2444 4251 2736 4304 ἁναπλέκει
2784 4253 3176 4324 συλλογισμοὺς
3203 4295 3218 4318 ,
3259 4256 3344 4309 ἵνα
3370 4298 3385 4321 ,
3435 4256 3577 4313 καθά
3627 4257 3833 4329 γέγρα-

2264 4358 2415 4405 πται,
2442 4345 2561 4406 ταῖς
2582 4344 2692 4397 τῶν
2732 4346 2947 4398 οἰκείων
2978 4347 3385 4417 ἁμαρτημάτων
3434 4352 3639 4420 σειραῖς
3669 4350 3699 4401 ὁ
3721 4349 3831 4402 δεί-

2193 4428 2237 4482 D
2264 4431 2410 4497 λαιος
2436 4436 2893 4505 κατασφίγγηται.

2332 4524 2397 4578 Ei
2424 4528 2451 4579 6
2469 4527 2658 4594 Λόγος,
2688 4528 2870 4598 φησὶν,
2902 4529 2961 4581 ἐν
2985 4527 3064 4599 τῷ
3085 4528 3203 4599 Θεῷ
3241 4532 3335 4584 καὶ
3380 4533 3557 4604 Πατρὶ
3603 4534 3832 4602 φυσικός

2262 4633 2319 4670 τε
2351 4619 2444 4671 καὶ
2474 4619 2774 4682 ἐνδιάθετος
2810 4620 2970 4683 αὐτός
3015 4622 3162 4676 ἐστιν
3195 4623 3225 4674 ὁ
3254 4623 3402 4687 Υἱὸς,
3452 4624 3567 4678 ἐστι
3601 4625 3659 4679 δέ
3705 4628 3835 4696 ὁμο·

2263 4709 2443 4773 ούσιος
2470 4708 2547 4779 τῷ
2574 4711 2915 4781 γεννήσαντι,
2942 4710 2999 4763 τί
3027 4713 3089 4766 τὸ
3116 4713 3322 4767 κωλύον
3357 4714 3437 4768 ἔτι
3480 4717 3651 4787 Λόγον
3694 4715 3833 4773 εἶναί

2264 4818 2325 4855 τε
2379 4800 2471 4854 καὶ
2493 4800 2770 4855 καλεῖσθαι
2801 4794 2899 4855 τὸν
2930 4804 3167 4877 Πατέρα,
3207 4806 3283 4870 ὡς
3320 4807 3603 4878 ὁμοούσιον
3634 4811 3790 4882 Λόγῳ
3816 4829 3833 4875 ;

2340 4998 2461 5050 ΚΑΙ
2498 4997 2714 5052 ΠΑΛῘΝ
2738 5016 2751 5030 ·
2782 5000 2846 5054 Ei
2879 5000 2907 5052 6
2943 5001 3112 5070 Λόγος
3134 5003 3251 5057 ἐστι⁸
3280 5004 3373 5059 τοῦ
3403 5005 3538 5061 Θεοῦ
3578 5007 3674 5060 καὶ
3720 5009 3833 5061 Πα-

2265 5086 2392 5157 τρὸς
2422 5089 2450 5140 6
2483 5088 2629 5155 Υἱὸς,
2677 5089 2773 5143 καὶ
2801 5090 2934 5161 παρ’
2967 5092 3129 5145 αὐτὸν
3155 5094 3255 5148 οὐκ
3287 5094 3436 5149 ἐστιν
3474 5097 3695 5168 ἕτεροςο
3748 5098 3836 5151 διέι

2266 5178 2420 5231 ποίου
2446 5179 2642 5247 Λόγου,
2681 5180 2911 5251 φησὶν,ὁ
2945 5182 3137 5255 Πατὴρ
3165 5184 3303 5254 πρὸς
3328 5186 3490 5240 αὑτὸν
3525 5186 3835 5257 εὑρίσκεται

597 5292 753 5331 meus
782 5292 842 5332 es
883 5285 977 5341 tu;
1026 5291 1130 5347 ego
1179 5276 1343 5332 hodie
1376 5275 1539 5345 genui
1566 5283 1617 5327 te
1641 5274 1724 5326 °’?
1765 5293 1783 5326 ι
1821 5274 1977 5328 Patet
2017 5272 2164 5327 enim

2268 5270 2435 5340 λέγων
2461 5286 2474 5301 ·
2522 5290 2540 5323 ι
2587 5272 2713 5337 Υἱός
2741 5290 2844 5343 μου
2871 5268 2923 5326 εί
2956 5274 3020 5326 σύ
3052 5291 3067 5307 ο
3100 5274 3210 5344 ἐγὼ
3260 5277 3501 5349 σήμερον
3528 5278 3837 5349 γεγέννηκά

594 5382 706 5421 non
746 5366 952 5437 absque
980 5368 1149 5422 verbo
1176 5365 1395 5421 Patrem
1433 5364 1502 5419 ad
1540 5363 1739 5419 Filium
1781 5364 1955 5420 fuisse
2011 5364 2167 5418 locu-

593 5471 734 5520 tum.
781 5474 906 5513 cum
952 5459 1005 5514 id
1044 5473 1209 5514 omne
1239 5457 1385 5529 quod
1423 5457 1647 5515 dicitur.
1685 5457 1738 5510 in
1770 5457 1939 5511 verbo
1974 5456 2164 5526 utique

593 5551 830 5614 dicatur,
867 5564 979 5604 non
1022 5548 1200 5602 aliter.
1252 5547 1319 5602 Et
1347 5548 1466 5618 ipse
1496 5546 1701 5602 alicubi
1746 5546 1997 5601 Salvator
2036 5547 2111 5601 ait
2146 5564 2159 5601 :

1777 5732 1819 5765 "
1845 5727 1988 5786 Psal.
2022 5743 2079 5797 ιι,
2110 5728 2157 5785 7.

701 5734 744 5766 °'
766 5731 923 5788 Prov.
957 5747 1031 5797 ιι,
1073 5729 1120 5783 l.
1199 5727 1261 5761 ⁶²⁸
1285 5729 1424 5785 Prov
1476 5744 1573 5798 ιιι,
1609 5730 1698 5784 22.

2264 5380 2323 5415 σε
2352 5381 2365 5430 ;
2408 5383 2427 5417 ι
2462 5363 2722 5436 πρόδηλον
2759 5364 2869 5436 γάρ
2900 5366 2976 5429 ὡς
3008 5365 3070 5419 οὐ
3105 5366 3228 5437 δίχα
3256 5367 3416 5437 λόγου
3443 5369 3541 5432 τὰς
3578 5370 3716 5441 πρὸς
3744 5369 3838 5421 aii-

2271 5456 2361 5510 τὸν
2396 5456 2655 5523 διαλέξεις
2682 5457 2920 5528 ὁΠατὴρ
2951 5458 3263 5529 ἐποιήσατο,
3313 5459 3436 5513 ἐπεὶ
3472 5461 3583 5513 πᾶν
3639 5460 3701 5514 τὸ
3744 5460 3838 5519 λαε-

2272 5548 2525 5620 λούμενον
2576 5550 2634 5603 ἐν
2674 5549 2818 5620 λόγῳ
2876 5549 3075 5613 παντὸς
3129 5549 3249 5622 [ἴση
3293 5550 3543 5624 πάντως]
3574 5550 3836 5617 λαλεῖται,
