4168 6568
354 332 426 393 ω
1370 325 1440 381 ΙΝ
1472 325 1760 383 JOANNIS
1804 324 1908 381 EV.

2005 325 2250 384 ΞΕιιυιι
2296 326 2424 384 LIB.
2467 327 2523 381 1.Δ

3541 332 3615 390 58

348 450 444 506 καὶ
457 448 557 519 οὐχ
570 446 917 520 ὲτέρως.Καὶ
928 443 1089 509 αὐτὸς
1102 444 1157 497 δέ
1177 443 1277 499 πού
1297 461 1461 521 φησιν
1479 446 1507 499 6
1525 444 1735 516 Σωτὴρ,
1750 464 1769 496 ι
1782 445 1908 498 Ὀτι

2028 462 2047 493 ‹
2084 443 2220 510 Quia
2260 442 2383 499 novi
2418 443 2657 509 Patrem,
2696 452 2751 501 et
2786 443 3010 499 verbum
3037 442 3160 513 ejus
3206 458 3367 501 servo
3389 445 3455 500 “.
3496 467 3516 500 1
3547 445 3617 503 Et

350 536 466 597 οἴδα
487 539 581 595 τὸν
605 538 846 609 Πατέρα.
864 536 959 590 καὶ
981 535 1071 587 τὸν
1087 534 1243 602 λόγον
1268 533 1431 589 αὐτοῦ
1450 533 1623 604 τηρῶ.
1645 552 1663 585 ι
1693 534 1803 588 Καὶ
1833 533 1933 587 πά-

350 634 434 687 λιν
462 648 476 664 ·
520 649 539 685 ι
577 630 637 683 Ὀ
660 628 816 697 λόγος
841 626 899 680 ὃν
923 624 1170 689 ἀκούετε,
1199 625 1301 678 οὐκ
1327 624 1472 677 ἔστιν
1505 624 1657 694 ἐμὸς,
1681 624 1817 679 ἀλλὰ
1837 624 1929 679 τοῦ

351 718 665 790 πέμψαντός
695 734 784 788 με.
810 734 829 767 1
862 715 991 769 Ὅτε
1007 714 1185 769 τοίνυν
1199 715 1255 766 ὲν
1271 713 1413 782 λόγῳ
1431 713 1527 783 μὲν
1549 715 1575 767 6
1592 712 1781 784 Πατὴρ
1794 712 1929 785 1:96;

352 811 515 866 αὐτὸν
543 808 869 877 διαλέγεται,
929 805 1279 881 συνομολογεῖ
1330 804 1385 857 δὲ
1426 804 1521 857 καὶ
1565 805 1746 871 αὐτὸς,
1800 806 1929 858 ποτὲ

354 902 455 970 μὲν
488 902 570 954 ὅτι
596 902 754 969 τηρεί
786 900 877 952 τὸν
898 898 1055 969 λόγον
1076 897 1172 950 τοῦ
1196 896 1409 967 Πατρὸς
1437 937 1451 962 ,
1481 897 1613 951 ποτὲ
1647 897 1704 950 δὲ
1742 897 1925 962 πάλιν,

350 992 425 1056 ὡς
450 992 513 1046 οὐ
542 992 632 1045 τὸν
672 989 836 1045 αὐτοῦ
865 989 1042 1058 λόγον,
1075 988 1213 1042 ἀλλὰ
1241 988 1332 1041 τὸν
1350 987 1445 1041 τοῦ
1484 988 1700 1058 Πατρδς
1730 989 1928 1059 ἤκουον

348 1082 397 1137 οἰ
448 1079 691 1136 Ἰουδαῖοι
720 1095 733 1111 ⁶
770 1079 889 1143 πῶς
921 1079 1022 1134 οὐκ
1051 1078 1117 1131 ἀν
1144 1078 1251 1149 εἴη,
1302 1078 1466 1149 φησὶν
1494 1120 1509 1145 ,
1541 1079 1927 1143 ἀνενδοιάστως

346 1171 614 1242 ὀμολογού
622 1188 804 1240 μενον,
822 1171 897 1236 ὠς
919 1170 1103 1244 ἕτερός
1120 1172 1267 1225 ἐστιν
1284 1172 1311 1223 6
1330 1168 1457 1232 Υἱὸς
1474 1186 1539 1221 πε
1547 1171 1598 1240 ρὶ
1613 1170 1725 1242 [ἷσ.
1750 1171 1924 1245 παρὰ]

360 1261 439 1317 ἵδν
474 1262 797 1327 ἐνδιάθετον,
828 1262 946 1333 ἦτοι
979 1261 1070 1317 τὸν
1107 1261 1164 1314 έν
1190 1261 1445 1331 γεννήσει
1487 1265 1789 1334 νοηματικῇ
1818 1264 1924 1317 A6-

351 1368 463 1423 γον,
486 1348 548 1409 οὗ
592 1353 833 1425 μετέχων
867 1353 961 1407 καὶ
997 1353 1483 1423 ἀναπιμπλάμενος
1525 1354 1769 1408 καλεῖται
1818 1356 1923 1410 Λό-

343 1461 442 1515 γος
472 1447 501 1500 6
532 1446 886 1520 προφορικὸς,
910 1445 1121 1515 καὶτῆς
1144 1446 1236 1499 τοῦ
1259 1446 1473 1519 Πατρὸς
1501 1447 1687 1511 οὐσίας
1718 1449 1917 1515 ἐκφαν-

342 1535 517 1605 τικδς,
555 1534 698 1590 τοῦτ’
735 1535 901 1600 ἔστιν,
923 1538 951 1591 6
976 1536 1134 1603 116;;
1168 1535 1401 1590 Τοιαῦτα
1443 1536 1541 1606 μὲν
1578 1534 1670 1590 οῦν
1700 1539 1728 1590 6
1753 1540 1920 1609 παρά-

344 1642 499 1698 φρων
545 1626 721 1697 ἐαυτῷ
763 1626 991 1697 συνείρει
1034 1626 1199 1689 κακὰ,
1248 1627 1342 1680 καὶ
1391 1629 1593 1692 πάσαις
1629 1629 1763 1700 ὁμοῦ
1797 1634 1921 1695 ταῖς

345 1714 517 1779 θείαις
560 1717 804 1787 Γραφαῖς
851 1716 1163 1785 ἀντιφωνῶν
1204 1717 1304 1769 οὐκ
1352 1718 1690 1787 αἰσχύνεται,
1734 1720 1795 1773 τὸ
1824 1738 1917 1791 γε·

2033 548 2271 587 rursus:
2333 551 2352 584 ι
2392 529 2634 587 Verbum
2678 532 2824 602 quod
2872 531 3079 587 auditis
3130 547 3242 588 non
3274 542 3360 589 est
3394 550 3613 607 meum,

2031 623 2125 678 sed
2152 622 2277 693 ejus
2324 624 2417 695 qui
2458 624 2608 680 misit
2646 640 2732 680 me
2768 624 2837 678 “.
2880 643 2900 677 1
2951 623 3090 679 Cum
3120 624 3288 695 igitur
3341 625 3397 680 in
3444 628 3616 683 verbo

2032 712 2252 786 quidem
2289 712 2453 769 Pater
2491 712 2558 768 ad
2604 715 2782 785 ipsum
2829 716 3109 785 loquatur,
3144 716 3417 785 simulque
3441 718 3617 771 conli-

2031 810 2217 857 teatur
2246 803 2381 874 ipse,
2408 803 2686 859 interdum
2720 804 2940 874 quidem
2966 820 3026 859 se
3054 803 3233 861 Patris
3256 805 3359 875 31
3392 821 3613 863 scrvare

2029 897 2282 962 verbum,
2331 897 2610 953 interdum
2645 912 2775 953 vero
2805 895 3026 951 Iudaeos
3059 913 3168 952 non
3209 898 3403 953 audire
3447 913 3610 953 suum

2028 988 2281 1054 verbum,
2308 989 2403 1045 sed
2436 990 2583 1058 ,illud
2620 987 2801 1043 Patris
2835 1006 2848 1042 :
2906 987 3183 1058 quomodo
3238 1005 3348 1045 non
3401 988 3612 1059 liquido

2028 1079 2302 1135 constabi‘t
2338 1082 2480 1151 apud
2510 1096 2705 1136 omnes
2754 1081 2920 1134 alium
2959 1096 3085 1136 esse
3120 1080 3317 1135 Filium
3365 1097 3396 1137 a
3442 1082 3610 1139 verbo

2028 1171 2215 1235 insito,
2252 1180 2347 1225 aut
2386 1173 2441 1226 in
2471 1180 2653 1227 mente
2693 1179 2960 1242 concepto
2984 1213 2999 1238 ,
3052 1172 3212 1241 cujus
3265 1188 3390 1227 cum
3443 1174 3612 1244 parti-

2026 1277 2154 1333 ceps
2203 1272 2256 1319 et
2303 1264 2500 1334 plenus
2551 1264 2623 1319 sit
2675 1263 2873 1328 Filius,
2919 1262 3157 1319 Verbum
3201 1266 3605 1321 enuntiativum

2026 1355 2358 1424 appellatur,
2392 1366 2445 1410 et
2474 1355 2802 1410 substantiae
2835 1353 3016 1411 Patris
3054 1354 3457 1424 expressivum.
3495 1352 3609 1407 llu-

2018 1447 2259 1517 jusmodi
2294 1448 2437 1501 mala
2472 1448 2575 1501 sibi
2606 1447 2831 1502 demens
2863 1448 2957 1502 ille
2978 1447 3244 1509 contexit,
3270 1456 3324 1500 et
3349 1445 3609 1500 omnibus

2022 1539 2186 1593 simul
2214 1539 2519 1609 Scripturis
2568 1539 2773 1595 divinis
2800 1539 3101 1595 reclamare
3126 1554 3235 1593 non
3277 1546 3524 1605 veretur,
3552 1540 3606 1591 in

2021 1635 2202 1704 seipso
2249 1651 2439 1690 verum
2486 1650 2611 1690 esse
2657 1635 2898 1704 probans
2944 1636 3090 1704 quod
3153 1633 3423 1704 scriptum
3475 1642 3605 1693 est:

2028 1745 2046 1777 ι
2084 1726 2219 1780 Cum
2242 1727 2451 1781 venerit
2474 1726 2678 1796 impius
2703 1726 2758 1780 in
2788 1726 3122 1795 profundum
3154 1728 3448 1793 malorum,
3469 1745 3605 1785 con-

343 1783 663 1877 γραμμένον
690 1783 787 1873 vécp‘
845 1783 1022 1875 ἐαυτῷ
1081 1806 1339 1861 δεικνύων
1390 1783 1608 1879 ἀληθές·
1673 1829 1693 1863 ι
1752 1783 1908 1867 Ὅται

2027 1818 2223 1873 temnit
2260 1817 2328 1873 ⁸⁸.
2370 1836 2389 1869 1
2428 1816 2728 1872 Verissime
2770 1819 2916 1872 enim
2962 1818 3220 1873 detrusus
3257 1830 3342 1875 est
3371 1822 3423 1875 in
3474 1838 3608 1891 pro-

345 1892 476 1965 ἔλθῃ
494 1894 690 1965 ἀσεϐὴς
712 1896 790 1958 εἰς
809 1893 970 1963 βάθος
995 1895 1200 1962 κακῶν,
1224 1902 1587 1971 καταφρονεῖ·
1616 1920 1634 1954 1
1656 1901 1790 1956 Δίαν
1814 1904 1922 1974 γὰρ

343 1984 513 2049 ὅντως
575 1984 832 2042 ἐϐάθυνεν
882 1988 962 2051 εἰς
1008 1987 1251 2042 κάκωσιν
1304 1989 1364 2054 ἐξ
1413 1990 1598 2054 ἀνοίας
1646 1993 1675 2044 6
1722 1992 1922 2063 θεομά-

339 2092 474 2150 χος,
535 2075 598 2129 τὸ
658 2075 755 2149 μὲν
801 2078 860 2142 ἐξ
905 2078 1159 2150 ἀληθείας
1201 2079 1490 2151 ὀρθοῦσθαι
1556 2084 1924 2156 παραιτούμε-

336 2182 465 2229 νος,
502 2169 569 2240 τῇ
612 2167 669 2220 δὲ
718 2169 1007 2241 σαθρότητι
1061 2170 1167 2225 τῶν
1208 2172 1426 2226 οἰκείων
1479 2174 1724 2239 ὀκλάζων
1771 2176 1920 2245 λογι-

338 2256 512 2329 σμῶν·
540 2258 621 2315 ὅτι
661 2259 769 2330 γὰρ
810 2257 1105 2329 μονογενὴς
1133 2258 1224 2311 τοῦ
1251 2261 1385 2317 Θεοῦ
1410 2264 1502 2315 καὶ
1542 2265 1755 2334 Πατρὸς
1793 2266 1922 2330 Υἰὸς

335 2347 678 2419 αὐτοκυρίως
708 2348 855 2402 ἐστὶν
888 2349 916 2401 6
946 2349 1118 2418 Λόγος
1152 2351 1336 2417 αὐτοῦ,
1365 2351 1451 2408 διὰ
1479 2353 1587 2406 τῶν
1620 2354 1914 2425 ὑποτεταγ-

335 2437 517 2511 μένων
544 2439 821 2511 εἰσόμεθα.

466 2525 657 2591 Αύσις
681 2525 906 2596 ἐφεξῆς
934 2527 1047 2598 τῆς
1094 2530 1396 2604 Εὐνομίου
1429 2536 1812 2607 κακοδοξίας.

416 2616 710 2687 Δυσμαθὴς
755 2619 783 2671 6
835 2619 1146 2691 παράφρων
1199 2623 1494 2694 αἱρετικός.
1532 2628 1657 2691 Πῶς
1700 2631 1808 2702 γάρ
1852 2631 1919 2686 ἂν

337 2705 479 2771 ὅλως
514 2710 591 2771 εἰς
619 2710 943 2781 κακότεχνον
964 2711 1142 2784 ψυχὴν
1176 2714 1407 2772 εἰσέλθοι
1437 2719 1639 2789 coactat;
1670 2722 1703 2792 ἢ
1740 2724 1791 2777 τί
1810 2724 1918 2777 τῶν

331 2797 590 2853 τοιούτων
638 2801 835 2867 γένοιτ’
869 2801 958 2864 ἂν,
1007 2804 1127 2857 εἰπέ
1164 2822 1275 2873 μοι,
1320 2811 1833 2883 κακοτεχνέστερον,
1870 2815 1922 2872 οἵ

332 2903 398 2959 γε
423 2890 563 2944 κατὰ
591 2891 651 2944 τὸ
680 2885 1083 2964 γεγραμμένον,
1125 2894 1233 2949 ἀπὸ
1268 2896 1365 2967 μὲν
1392 2899 1491 2969 τῆς
1517 2901 1775 2972 ἀληθείας
1820 2907 1917 2978 τὴν

332 2980 505 3052 ἀκοὴν
528 2983 873 3055 ἀποστρέφου
884 3003 984 3049 σιν,
1008 2987 1101 3039 ἐπὶ
1137 2987 1196 3040 δὲ
1217 2989 1342 3057 τοὺς
1358 2989 1559 3060 μύθους
1574 2994 1682 3047 τῶν
1703 2998 1917 3053 οἰκείων

326 3072 708 3144 διανοημάτων
746 3077 1132 3150 εὐπετέστερον
1163 3081 1465 3152 τρέχουσιν,
1491 3085 1577 3137 ἵνα
1607 3087 1669 3158 δὴ
1720 3090 1813 3142 καὶ
1838 3090 1914 3144 δι-

327 3164 501 3227 καίως
525 3166 838 3231 ἀκούσειαν,
870 3169 930 3221 οὐ
966 3170 1031 3223 τὰ
1061 3171 1123 3223 ὲκ
1153 3172 1252 3242 τῆς
1280 3173 1428 3237 θείας
1453 3174 1739 3243 λαλοῦντες
1768 3182 1911 3251 Γρα-

326 3255 434 3325 φῆς
462 3270 476 3285 ο
512 3274 534 3306 ι
571 3256 706 3309 Οὐαὶ
728 3259 778 3309 οἱ
809 3260 1243 3329 προφητεύοντες
1284 3264 1392 3317 ἀπὸ
1427 3268 1654 3337 καρδίας
1706 3272 1906 3334 αὐτῶν,

325 3346 422 3401 καὶ
443 3346 542 3403 οὐκ
563 3346 667 3399 ἁπδ
687 3348 952 3418 στόματος
972 3352 1198 3421 Κυρίου.
1216 3372 1234 3405 ι
1262 3354 1362 3417 Τίς
1387 3354 1494 3426 γὰρ
1516 3357 1624 3411 ἀπὸ
1645 3359 1910 3431 στόματος

324 3436 529 3508 Κυρίου
568 3437 764 3504 λαλῶν,
810 3439 956 3505 λέγει
992 3442 1239 3513 ἀνάθεμα
1294 3444 1541 3517 Ἰησοῦνς
1603 3452 1667 3504 Ὃ
1709 3452 1773 3520 δὴ
1815 3455 1909 3507 καὶ

324 3530 539 3585 ποιοῦσί
580 3547 724 3594 τινες
766 3532 874 3585 τῶν
926 3533 1022 3605 τῆς
1056 3534 1339 3600 εὐσεϐείας
1384 3537 1674 3608 δογμάτων
1714 3544 1907 3617 ἀνέδην

323 3622 886 3695 κατασοϐαρευόμενοι
910 3664 924 3691 ,
958 3625 1050 3678 καὶ
1078 3626 1329 3699 καθάπερ
1358 3628 1461 3701 ἔφη
1484 3649 1567 3697 τις
1602 3632 1709 3686 τῶν
1736 3636 1907 3704 ἁγίων

324 3713 638 3784 προφητῶν,
664 3713 840 3767 πάντα
862 3714 928 3769 τά
958 3715 1093 3786 ὀρθά
1118 3717 1531 3789 διαστρέφοντες
1566 3739 1579 3751 ·
1610 3725 1743 3791 φασὶ
1774 3725 1903 3800 γὰρ,

326 3808 517 3880 ἕτερον
548 3810 646 3880 μὲν
690 3805 826 3862 εἶναι
873 3809 962 3862 τὸν
998 3811 1225 3879 φυσικὸν
1267 3814 1360 3865 καί⁵
1391 3815 1690 3871 ἐνδιάθετον
1732 3823 1790 3874 ὲν
1824 3823 1904 3894 τῷ

316 3896 441 3968 θεῷ
492 3898 587 3952 καὶ
619 3899 794 3970 Πατρὶ
820 3900 1223 3971 Λόγον-ζέτερον
1257 3903 1313 3957 δὲ
1352 3900 1418 3957 αὖ
1448 3906 1611 3959 πάλιν
1640 3908 1732 3961 τὸν
1769 3910 1903 3964 ὠνο-

325 3990 609 4061 μασμένον
643 3990 770 4044 Υἰὸν
818 3992 912 4045 καί
944 3993 1137 4062 Λόγον·
1163 3995 1258 4046 καὶ
1284 3996 1507 4067 φέρουσι
1532 3999 1668 4070 1:96;
1688 4000 1903 4055 ἀπόδει-

316 4078 401 4144 ξιν
428 4079 525 4148 τῆς
547 4079 774 4142 ἑαυτῶν,
808 4080 884 4143 ὡς
914 4082 1141 4146 οἴονται,
1176 4083 1355 4153 δόξης,
1386 4086 1585 4156 μᾶλλον
1613 4087 1669 4142 δὲ
1708 4091 1899 4159 ἀχαλί-

312 4185 410 4222 νου
435 4168 771 4236 δυσσεϐείας,
797 4169 1023 4238 λέγοντα
1041 4171 1130 4224 τὸν
1156 4173 1359 4245 Κύριον
1388 4176 1542 4245 ἡμῶν
1578 4179 1786 4245 Ἰησοῦν
1808 4182 1899 4236 τὸν

313 4260 554 4331 Χριστὸν
580 4261 637 4313 ἐν
662 4263 780 4324 ταῖς
806 4262 943 4334 1:96;
977 4264 1265 4329 Ἰουδαίους
1287 4266 1526 4337 ὁμιλίαις
1547 4308 1561 4330 ,
1604 4269 1684 4322 ὅτι
1726 4289 1744 4321 ι
1767 4268 1896 4327 Οἶδα

308 4349 405 4403 τὸ)
431 4348 668 4419 Πατέρα,
702 4350 797 4403 καὶ
820 4350 910 4406 τὸν
941 4350 1099 4419 λόγον
1118 4352 1282 4406 αὐτοῦ
1312 4356 1462 4425 τηρῶ
1485 4372 1499 4386 ·
1523 4375 1541 4407 1
1577 4357 1711 4427 1:96;
1738 4359 1795 4413 δέ
1830 4378 1892 4429 γε

2028 1912 2254 1967 fundum
2297 1911 2522 1965 malitia:
2548 1925 2661 1980 prae
2691 1926 2790 1966 sua
2828 1911 3101 1966 dementia
3134 1909 3227 1965 Dei
3270 1912 3469 1976 hostis,
3503 1930 3606 1969 nec

2024 2008 2161 2077 erigi
2221 2022 2279 2060 se
2322 2006 2552 2060 veritate
2599 2004 2828 2074 patitur,
2880 2003 2972 2058 sed
3020 2004 3341 2074 opinionum
3376 2020 3603 2062 suarum

2024 2100 2172 2153 carie
2202 2113 2265 2152 ac
2295 2098 2401 2151 situ
2443 2096 2695 2151 labascit.
2722 2094 3074 2166 Unigenitum
3107 2095 3254 2149 enim
3286 2096 3377 2150 Dei
3411 2111 3474 2151 ac
3496 2096 3603 2151 Pa-

2023 2192 2123 2246 tris
2146 2189 2343 2244 Filium
2374 2206 2437 2244 ex
2472 2206 2529 2244 se
2554 2189 2775 2260 prepric
2804 2188 2925 2259 ejus
2957 2204 3080 2244 esse
3106 2187 3370 2255 Verbum,
3406 2205 3470 2244 ex
3510 2206 3601 2246 se-

2022 2284 2320 2356 quentibus
2344 2297 2734 2356 agnoscemus.

2406 2524 2679 2594 Refuum'o
2709 2524 2905 2579 erroris
2934 2522 3205 2579 Ettnomt'r'.

2089 2618 2347 2675 Hebescit
2383 2616 2610 2671 demens
2660 2616 2978 2671 haereticus.
3038 2616 3323 2681 Quomodo
3363 2616 3507 2673 enim
3540 2630 3595 2672 'n

2018 2712 2320 2781 malignam
2351 2709 2591 2762 animam
2627 2708 2905 2762 introierit
2959 2708 3280 2777 sapientia?
3328 2718 3422 2762 aut
3465 2710 3598 2780 quid

2019 2818 2141 2857 esse
2181 2808 2399 2871 potest,
2436 2814 2646 2869 qua-so,
2686 2801 2775 2855 his
2824 2799 3157 2870 malignius,
3193 2802 3321 2869 qui,
3360 2808 3419 2853 ut
3456 2803 3598 2856 scri-

2020 2897 2269 2959 ptumest
2285 2889 2414 2951 “',a
2440 2889 2668 2942 veritate
2692 2888 2940 2944 auditum
2976 2896 3256 2952 avertunt,
3277 2888 3345 2943 ad
3377 2890 3599 2947 fabulas

2018 2991 2200 3037 autem
2242 2981 2642 3050 cogitationum
2682 2995 2906 3037 suarum
2944 2981 3130 3035 statim
3169 2992 3592 3047 convertuntur.

2016 3080 2077 3123 ut
2126 3078 2179 3125 et
2235 3071 2433 3125 merito
2482 3069 2754 3123 audiant:
2788 3087 2807 3121 ι
2843 3068 2935 3124 ναι
2991 3071 3085 3139 qui
3143 3073 3471 3141 prophetarit
3528 3077 3598 3130 de

2014 3144 2181 3211 corde
2212 3171 2346 3222 suo,
2383 3164 2437 3211 et
2474 3173 2584 3211 non
2624 3174 2690 3212 ex
2732 3173 2829 3211 ore
2873 3159 3088 3213 Domini
3120 3162 3187 3214 ⁸⁷.
3224 3180 3243 3214 1
3272 3162 3409 3229 Quis
3446 3167 3593 3221 enim

2012 3249 2083 3303 ab
2116 3264 2212 3303 ore
2258 3249 2471 3303 Domini
2528 3251 2764 3319 loquens
2820 3250 2955 3305 dicit
3003 3252 3296 3309 anathema
3346 3254 3477 3312 Jesu
3511 3258 3594 3313 “?

2010 3342 2167 3409 Quod
2199 3343 2451 3397 nonnulli
2487 3352 2638 3399 certe
2673 3343 2907 3407 faciunt,
2932 3344 3156 3414 pietatis
3186 3345 3443 3418 dogmata
3486 3350 3595 3406 im-

2010 3436 2280 3508 pudenter
2313 3437 2709 3507 proculcantes
2732 3476 2747 3501 ,
2779 3446 2833 3492 et
2863 3435 3011 3492 sicut
3046 3438 3436 3508 prophetarum
3464 3458 3594 3499 san-

2008 3534 2225 3580 ctorum
2260 3542 2405 3581 unus
2452 3526 2620 3590 dixit,
2678 3527 2864 3581 omnia
2918 3536 3067 3584 recta
3113 3538 3487 3598 pervertentes
3520 3534 3588 3591 ”.

2009 3619 2175 3672 Aiunt
2208 3620 2352 3674 enim
2390 3619 2537 3674 aliud
2570 3634 2695 3675 esse
2730 3620 2986 3675 naturale
3016 3627 3073 3677 et
3107 3621 3338 3677 insitum
3385 3622 3494 3678 Deo
3526 3640 3591 3679 ae

2006 3708 2155 3764 Patri
2198 3712 2466 3777 verbum,
2505 3711 2655 3766 aliud
2692 3729 2892 3768 rursus
2926 3715 3020 3784 qui
3070 3715 3285 3771 dicitur
3322 3716 3499 3774 Filius
3535 3728 3589 3775 et

2009 3798 2276 3854 Verbum.
2312 3801 2379 3855 Et
2414 3803 2481 3856 ad
2517 3804 2875 3859 asserendum
2911 3819 3100 3871 suam,
3140 3814 3202 3863 ut
3234 3808 3585 3875 existimant,

2005 3891 2359 3954 sententiam,
2397 3893 2508 3946 imo
2563 3909 2697 3948 vero
2743 3894 3066 3951 eﬂrenatam
3107 3896 3475 3966 impietatem,
3502 3902 3586 3954 af-

2004 3982 2189 4036 ferunt
2224 3982 2414 4037 Jesum
2447 3984 2728 4041 Christum
2768 3986 3060 4042 Dominum
3100 3997 3350 4045 nostrum
3383 3992 3437 4047 in
3465 3994 3583 4049 suis

2002 4072 2067 4125 ad
2099 4070 2323 4126 Judazos
2357 4074 2715 4130 sermonibus
2741 4076 3018 4131 dicentem
3048 4094 3063 4132 :
3107 4098 3127 4133 ι
3158 4078 3297 4145 Quia
3329 4084 3447 4137 scio
3476 4082 3583 4138 Pa-

1996 4170 2172 4224 trem,
2198 4170 2253 4216 et
2289 4162 2517 4217 verbum
2551 4165 2672 4233 ejus
2705 4182 2867 4221 servo
2903 4169 2971 4222 ⁷ο.
3006 4188 3025 4222 ι
3048 4169 3322 4227 Ρτωιειδοιι
3356 4174 3407 4231 id
3431 4155 3578 4244 quod

1998 4253 2102 4322 ipsi
2149 4268 2179 4306 a
2228 4253 2388 4310 Patre
2418 4256 2625 4310 dictum
2662 4267 2745 4313 est
2777 4276 2790 4313 :
2819 4278 2839 4310 ι
2872 4258 2949 4317 Ex
2995 4269 3152 4321 utero
3201 4271 3329 4321 ante
3365 4264 3581 4322 Lucife-

1998 4359 2121 4398 rum
2164 4347 2325 4416 genui
2368 4356 2420 4401 te
2452 4348 2521 4401 ".
2559 4375 2579 4399 ι
2609 4348 2697 4410 At,
2743 4350 3044 4422 inquiunt,
3080 4370 3353 4411 venenum
3390 4372 3422 4413 a
3478 4374 3581 4415 suo

304 4441 507 4512 τούτῳ,
549 4440 642 4494 καὶ
674 4439 734 4492 :6
774 4440 909 4511 1:96;
942 4442 1102 4495 αὐτὸν
1135 4445 1424 4514 εἰρημένον
1468 4446 1619 4518 παρά
1650 4448 1741 4501 τοῦ
1782 4451 1894 4503 Πα-

2005 4444 2153 4507 patre
2203 4446 2487 4506 acceptum
2525 4450 2870 4507 cructantes,
2912 4444 2959 4499 si
3005 4446 3099 4515 qui
3154 4447 3398 4517 loquitur
3434 4451 3581 4509 alius

303 4529 460 4600 796;,
496 4549 514 4581 ι
562 4530 658 4583 ‘Ex
696 4530 929 4601 γαστρὸς
973 4531 1078 4601 1:96
1113 4531 1423 4603 Ἑωσφόρου
1459 4535 1723 4607 ὲγέννησά
1763 4556 1842 4594 σε.
1869 4558 1886 4591 1

303 4617 447 4673 Εἷτά
471 4635 622 4685 φασι,
642 4617 733 4672 τὸν
756 4620 818 4671 ὲκ
837 4617 931 4672 τοῦ
959 4620 1155 4673 οἰκείου
1186 4621 1389 4689 πατρὸς
1414 4622 1489 4674 ἰὸν
1508 4625 1885 4696 ἐρευγόμενοι*

302 4713 367 4767 Εἰ
401 4711 432 4769 6
458 4710 635 4766 λαλῶν
672 4711 866 4779 ἕτερος
898 4710 975 4775 ὡς
1012 4711 1147 4782 1:96;
1191 4712 1281 4765 τὸν
1308 4706 1353 4780 ᾧ
1382 4714 1710 4786 διαλέγεται,
1766 4719 1884 4772 δια-

298 4803 526 4873 λέγεται
559 4802 617 4855 δὲ
642 4802 727 4856 διὰ
755 4804 926 4875 Λόγου
962 4804 1095 4874 πρὸς
1122 4804 1214 4856 τὸν
1244 4805 1373 4860 Υίδν
1397 4808 1424 4859 6
1448 4808 1659 4880 Πατὴρ,
1700 4810 1888 4883 ἕτερος

296 4891 417 4962 ἄρα
450 4891 581 4961 παρ’
620 4890 781 4943 αὐτὸν
816 4890 844 4942 6
896 4890 1132 4961 ἔμφυτος
1156 4891 1221 4947 ἀν
1261 4895 1345 4965 εἰη
1367 4896 1554 4963 Λόγος,
1593 4899 1620 4950 6
1645 4899 1704 4951 ὲν
1734 4894 1889 4974 ᾧπερ

296 4982 539 5035 ἐποιεῖτο
569 4980 667 5044 τὶς
693 4979 958 5047 διαλέξεις
989 4983 1017 5034 ὁ
1042 4984 1230 5054 Πατήρ
1261 4999 1277 5015 '
1312 4986 1407 5039 καὶ
1438 4989 1602 5042 πάλιν
1635 5007 1649 5019 ’
1678 4992 1742 5045 Εἰ
1775 4994 1878 5047 αὐ-

293 5073 395 5139 τός
436 5089 559 5135 που,
614 5072 805 5143 φησὶν,
852 5074 881 5126 6
912 5073 1039 5137 Υἱὸς
1074 5078 1260 5145 τηρεῖν
1294 5077 1385 5130 τὸν
1421 5079 1514 5133 τοῦ
1544 5082 1759 5155 Ila-:96;
1794 5086 1887 5139 λό-

290 5180 401 5232 γον
447 5162 840 5234 διισχυρίσατο,
902 5166 1019 5228 πῶς
1049 5167 1149 5220 οὐκ
1187 5166 1254 5221 ἂν
1295 5168 1483 5242 ἔτερος
1522 5175 1606 5245 εἴη
1656 5174 1841 5231 λοιπὸν
1869 5180 1897 5232 6

286 5254 486 5326 τηρῶν
542 5256 690 5325 παρά
732 5256 823 5309 τὸν
870 5257 1244 5330 τηρούμενονς
1302 5264 1444 5335 Πρὸς
1489 5265 1547 5319 δέ
1594 5285 1656 5337 γε
1719 5271 1893 5324 ταῦτα

289 5344 539 5417 χαλεπὸν
572 5345 671 5415 μὲν
715 5346 845 5411 ἴσως
881 5348 1034 5401 οὐδὲν
1061 5350 1363 5418 ἀντιλέγειν
1414 5369 1429 5385 ο
1468 5373 1486 5405 ι
1528 5355 1698 5411 Δώσει
1725 5359 1835 5429 γὰρ
1867 5363 1894 5415 6

294 5432 503 5506 Κύριος
532 5437 682 5508 ῥῆμα
712 5438 821 5501 τοῖς
843 5438 1346 5510 εὐαγγελιζομένοις
1371 5442 1601 5515 δυνάμει
1633 5447 1823 5519 πολλῇ·
1863 5469 1881 5501 1

296 5527 441 5597 χρῆν
469 5527 527 5580 δέ
560 5544 621 5598 γε
670 5528 796 5592 τοὺς
823 5528 985 5601 οἷπερ
1026 5532 1132 5584 εἰσί
1156 5531 1253 5603 τὴν
1293 5534 1551 5609 τοιαύτην
1600 5538 1887 5605 νοσοῦντες

1997 4533 2083 4581 est
2118 4527 2187 4580 ab
2213 4543 2279 4581 eo
2306 4529 2395 4582 cui
2427 4529 2690 4599 loquitur,
2727 4532 2889 4590 Pater
2919 4544 3103 4592 autem
3132 4537 3272 4595 Filio
3304 4556 3402 4610 per
3438 4546 3572 4600 Ver-

1997 4619 2125 4674 bum
2181 4621 2465 4692 loquitur.
2519 4623 2665 4678 aliud
2715 4640 2847 4696 ergo
2893 4627 2963 4683 ab
3013 4628 3134 4697 ipso
3185 4631 3291 4685 erit
3343 4632 3573 4691 insitum

1980 4710 2240 4767 'Verbum
2278 4712 2410 4767 illud
2448 4714 2504 4766 in
2550 4728 2661 4783 quo
2709 4712 2873 4772 Pater
2907 4718 3259 4789 loquebatur.
3296 4720 3470 4780 Item:
3511 4724 3570 4781 Si

1994 4804 2109 4875 ipse
2135 4805 2337 4859 alicubi
2378 4803 2555 4861 Filius
2583 4823 2644 4862 se
2678 4806 2858 4865 l‘atris
2889 4812 3121 4871 verbum
3156 4829 3382 4872 servare
3422 4832 3577 4873 asse-

1992 4896 2134 4956 ruit,
2171 4898 2445 4965 quomodo
2480 4913 2587 4953 non
2621 4900 2771 4955 aliud
2806 4901 3026 4959 demum
3064 4904 3171 4974 32
3200 4906 3308 4960 erit
3342 4906 3396 4962 id
3425 4910 3573 4978 quod

1993 4996 2174 5043 servat
2228 4988 2298 5042 ab
2349 5004 2416 5043 eo
2463 4991 2610 5059 quod
2669 4995 2971 5049 servatur?
3008 4995 3133 5053 llaec
3174 4998 3424 5055 refellam
3461 5016 3572 5059 non

1990 5080 2099 5134 erit
2152 5080 2338 5135 forsan
2388 5081 2649 5139 diliicile:
2690 5104 2708 5137 ι
2745 5085 2907 5143 Dabit
2952 5088 3100 5142 enim
3137 5087 3402 5146 Dominus
3448 5108 3572 5149 ver-

1995 5172 2120 5225 hum
2175 5174 2699 5244 evangelizantibus
2752 5177 2958 5235 virtute
2986 5178 3157 5233 multa
3184 5180 3252 5236 7’.
3283 5200 3303 5232 1
3342 5180 3571 5241 Deceret

1992 5271 2176 5319 autem
2209 5281 2305 5321 eos
2354 5268 2450 5336 qui
2493 5277 2645 5322 tanta
2696 5270 2949 5325 laborant
2988 5271 3209 5328 inscitia
3251 5275 3571 5334 meminisse

1988 5357 2225 5413 dicentis
2255 5376 2269 5412 :
2301 5378 2320 5409 ι
2347 5359 2390 5413 0
2418 5361 2511 5430 qui
2542 5360 2915 5430 dereliquistis
2949 5362 3067 5419 vias
3099 5376 3312 5431 rectas,
3355 5375 3416 5423 ut
3445 5384 3565 5424 am-

1990 5447 2258 5505 bularetis
2315 5451 2369 5504 in
2432 5451 2537 5506 viis
2574 5452 2926 5507 tenebrarum
2964 5454 3039 5509 7’!
3076 5475 3094 5507 1
3140 5458 3315 5515 Nobis
3374 5471 3563 5519 autem

1985 5550 2419 5596 consentaneum
2450 5551 2536 5597 est
2566 5543 2633 5597 ad
2683 5558 2806 5598 cum
2837 5545 2931 5615 qui
2988 5546 3044 5601 in
3092 5550 3251 5606 cmlis
3296 5562 3385 5608 est
3440 5554 3557 5609 cla-

374 5702 422 5799 I“
456 5703 634 5799 goalt‘.‘
656 5712 860 5799 vlt-11555
937 5713 980 5745 "
1004 5712 1308 5799 {narrari-tv,
1338 5722 1425 5775 9.6.
1500 5722 1543 5753 ⁶⁶
1576 5722 1735 5799 Prov.
1758 5742 1925 5799 διίιι,
1954 5726 2005 5779 3.
2050 5728 2172 5780 “‘ll
2202 5726 2317 5781 Tim
2364 5729 2507 5799 n35.
2577 5727 2823 5784 “'Jerem.
2861 5733 3131 5790 “111.26.
3162 5734 3251 5788 27.
3326 5734 3558 5799 “lCor.

298 5788 416 5838 ιιι,
455 5777 507 5830 5.
590 5778 634 5809 ε’
675 5778 835 5835 Mich.
875 5799 971 5847 ιιι,
1004 5786 1054 5838 9.
1135 5789 1179 5819 ⁷ο
1210 5777 1367 5846 Juau.
1411 5809 1509 5849 vtu
1536 5832 1548 5855 ,
1586 5777 1671 5847 53.

1754 5797 1795 5829 τι
1839 5799 1983 5852 t’sal.
2026 5813 2151 5860 ως,
2193 5800 2242 5852 5.
2326 5800 2368 5830 ⁷²
2414 5798 2553 5857 l'sal.
2590 5815 2772 5869 um,
2819 5803 2898 5857 l2.
2978 5805 3023 5835 ⁷³
3067 5804 3228 5861 Mich.
3267 5819 3325 5860 ιιι
3353 5846 3366 5866 .
3397 5806 3450 5862 6.
