4168 6534
659 380 731 440 59
1643 369 1703 424 s.
1732 363 2012 423 CYRILLI
2053 356 2538 421 :ALEXAlVDRINI
2560 354 2871 413 ARCHIEP.
3842 356 3908 414 60

666 516 819 556 mare
866 498 1148 552 doctorem
1177 511 1189 549 :
1245 510 1263 544 ι
1294 490 1494 546 Averte
1518 488 1733 553 oculos,
1765 501 1835 542 ne
1859 485 2084 540 videant
2134 496 2228 536 va-

2336 474 2572 546 ἀμαθίαν
2620 474 3130 547 ἀναμιμνήσκεσθαι
3187 473 3283 527 τοῦ
3339 472 3589 541 λέγοντος
3621 490 3635 504 ·
3670 490 3689 524 ι
3749 474 3815 527 Ὢ
3856 472 3909 531 οῑ

664 592 891 645 nitatem
926 588 992 642 ⁷⁸.
1031 606 1047 638 ι
1080 584 1314 640 Vanitas
1349 582 1496 638 enim
1531 579 1823 650 profecto,
1856 585 1911 632 et
1944 589 2132 646 nugae,
2168 587 2234 627 ac

666 680 801 733 nihil
829 677 973 732 aliud
1008 683 1138 731 sunt
1186 675 1277 728 illa
1321 688 1443 741 quae
1485 687 1549 725 ex
1602 667 1914 740 ignorantia
1968 679 2067 721 sua
2096 663 2233 718 elTu-

664 770 833 823 tiuut.
870 765 990 821 Non
1019 765 1162 820 enim
1193 762 1350 832 quasi
1385 760 1623 815 Verbum
1657 757 1856 810 habeat
1893 753 2059 809 ullum
2086 749 2232 804 aliud

667 862 722 914 in
755 861 936 930 scipso
967 856 1150 911 Patris
1178 854 1372 917 Filius,
1401 852 1541 907 dixit
1570 865 1629 905 se
1653 848 1831 902 Patris
1866 859 2090 902 servare
2121 858 2237 896 ver-

667 953 795 1005 bum
826 968 839 1004 :
872 965 1052 1019 neque
1103 947 1171 1001 ad
1222 961 1321 1001 nos
1367 944 1584 999 venisse
1635 954 1881 1009 unquam
1910 934 2231 999 aﬂirmavit,

665 1039 824 1108 quasi
877 1039 1232 1109 paedagogum
1279 1033 1569 1104 quemdam
1601 1030 1807 1092 ferret,
1841 1028 1937 1083 sed
1972 1036 2230 1095 tanquam

666 1131 822 1184 solus
868 1129 1206 1183 inexsistens
1246 1125 1400 1179 Patri
1429 1123 1731 1178 secundum
1782 1129 2061 1182 naturam,
2096 1117 2232 1173 etin

666 1237 727 1276 se
754 1222 1001 1274 vicissim
1049 1219 1269 1274 Patrem
1305 1218 1512 1273 habens
1546 1215 1822 1279 similiter,
1856 1209 2235 1267 intercedente

668 1313 823 1366 nullo
854 1330 867 1364 :
898 1310 1137 1382 «Ego,»
1188 1310 1404 1380 inquit,
1458 1326 1476 1359 ι
1510 1308 1563 1362 in
1618 1306 1813 1370 Patre,
1868 1313 1921 1358 et
1973 1302 2129 1359 Pater
2179 1301 2234 1357 in

667 1419 756 1457 me
786 1403 832 1435 '"‘
859 1420 873 1469 ;
908 1420 926 1452 ›
956 1417 1063 1455 non
1097 1400 1322 1455 insitum
1354 1396 1523 1461 illud,
1557 1411 1737 1465 neque
1769 1394 1919 1448 aliud
1952 1391 2233 1463 quoddam

667 1490 907 1547 Verbum
928 1533 943 1556 ,
979 1492 1074 1548 sed
1121 1491 1281 1545 Pater
1310 1492 1365 1543 in
1398 1504 1505 1543 me.
1554 1486 1842 1553 Quomodo
1872 1485 2041 1554 igitur
2074 1483 2235 1536 intel-

666 1584 939 1653 ligendum
969 1593 1052 1637 est
1081 1582 1215 1636 illud
1244 1579 1391 1650 quod
1417 1578 1484 1632 ad
1510 1577 1730 1633 Iudaeos
1772 1576 1842 1631 ab
1870 1576 1989 1645 ipso
2022 1575 2234 1629 dictum

662 1682 783 1739 est,
811 1682 1016 1744 quaeret
1044 1672 1243 1741 aliquis
1267 1712 1281 1733 .
1314 1686 1416 1725 nec
1444 1669 1676 1739 injuria.
1729 1666 1831 1722 Cui
1860 1682 1929 1721 ex
1980 1667 2056 1722 rei
2088 1666 2237 1721 veri-

660 1775 777 1819 tate
817 1763 1280 1835 respondebimus
1334 1778 1455 1833 qua:
1500 1762 1659 1817 nobis
1710 1762 1765 1815 in
1804 1768 2037 1816 mentem
2071 1775 2234 1815 vene-

662 1856 796 1909 rint.
832 1854 1073 1910 Docebat
1102 1854 1357 1908 Salvator
1387 1852 1885 1909 obstinatissimum
1916 1849 2230 1906 Judaeorum

662 1948 946 2016 populant,
976 1956 1031 2000 et
1054 1945 1317 2015 paulatim
1350 1960 1380 2001 a
1415 1943 1574 2014 legali
1606 1942 1760 1999 cultu
1791 1942 2072 1997 auditores
2100 1941 2235 1996 abs-

663 2040 927 2102 trahens,
988 2037 1188 2107 sapius
1237 2035 1620 2091 inclamabat:
1654 2053 1672 2088 (
1711 2034 1821 2104 Ego
1895 2047 2017 2089 sum
2093 2032 2237 2087 veri-

664 2130 864 2195 tas",i
886 2128 1277 2200 propemodum
1313 2126 1505 2182 dicens
1535 2145 1548 2180 :
1577 2126 1851 2191 Excutite,
1870 2138 2078 2196 quaeso,
2112 2139 2234 2191 vos,

665 2223 837 2290 legale
863 2222 1054 2292 jugum
1089 2238 1103 2275 :
1146 2219 1527 2274 adorationem
1572 2218 1628 2272 in
1664 2217 1864 2288 spiritu
1916 2216 2181 2287 suscipite
2217 2232 2233 2271 :

662 2313 844 2365 valeat
882 2310 1099 2366 tandem
1132 2309 1326 2364 umbra
1352 2351 1367 2377 ,
1406 2317 1754 2364 removeatur
1790 2309 1998 2378 ligura,
2029 2306 2237 2362 veritas

662 2403 863 2457 illuxit.
902 2401 1008 2457 Sed
1056 2417 1164 2456 non
1209 2402 1469 2455 omnibus
1514 2408 1660 2456 recte
1710 2399 1895 2455 facere
1944 2398 2239 2455 videbatur

662 2495 808 2564 quod
842 2493 1081 2549 Mosaica
1116 2502 1386 2563 praecepta
1415 2501 1721 2555 everteret,
1752 2494 1863 2547 imo
1889 2507 2017 2546 vero
2043 2491 2111 2547 ad
2144 2506 2239 2548 ve-

662 2577 880 2642 ritatem
915 2586 1332 2651 adduceret,ita
1364 2595 1425 2640 ut
1450 2584 1703 2641 nonnulli
1732 2584 1910 2654 palam
1943 2584 2235 2639 dicerent:

666 2697 685 2730 ι
721 2678 780 2732 Si
825 2686 971 2732 esset
1022 2677 1110 2731 hic
1155 2676 1318 2731 homo
1374 2691 1405 2730 a
1456 2675 1599 2742 Deo,
1656 2692 1767 2730 non
1814 2675 2051 2731 solveret
2103 2674 2239 2731 Sab-

661 2770 784 2825 bata
811 2770 857 2802 ⁷⁷
883 2787 896 2823 :
923 2788 943 2822 ι
967 2769 1111 2840 quod
1142 2776 1263 2824 erat
1290 2769 1483 2839 procul
1513 2769 1680 2824 dubio
1708 2767 2080 2824 condemnare
2108 2783 2238 2838 pec-

659 2862 764 2915 cati
793 2876 916 2915 eum
940 2862 1031 2931 qui
1066 2875 1174 2915 non
1204 2860 1355 2915 novit
1384 2859 1541 2915 illud.
1569 2857 1886 2916 Istiusmodi
1922 2858 2235 2914 Iudaeorum

661 2948 879 3007 furores
939 2952 1125 3021 itaque
1186 2952 1442 3017 diluens,
1500 2967 1718 3006 omnem
1759 2951 1957 3006 fastum
2015 2951 2234 3020 quidem

660 3041 896 3096 orationi
930 3040 1203 3095 subtrahit
1223 3081 1238 3106 ,
1269 3048 1322 3095 et
1351 3040 1623 3095 submisse
1641 3078 1656 3103 ,
1680 3054 1781 3093 nec
1801 3046 1990 3109 aperte
2010 3038 2240 3093 edocere

2335 569 2788 637 ἐγκαταλιπόντες
2830 569 2982 631 ὁδοὺς
3048 565 3261 629 εὐθείας
3320 567 3414 619 τοῦ
3478 566 3802 637 πορεύεσθαι
3850 568 3909 620 ιν

2337 660 2477 724 ὁδοῖς
2513 660 2738 725 σκότους
2762 677 2773 690 ·
2824 678 2842 711 ι
2886 660 3031 729 ἡμᾶς
3054 657 3109 710 δὲ
3134 657 3425 711 ἀκόλουθον
3449 657 3585 730 πρὸς
3607 657 3699 711 τὸν
3713 658 3770 710 ὲν
3796 659 3906 722 τοῖς

2334 754 2580 823 οὐρανοῖς
2631 751 3069 820 ἀναφθέγγεσθαι
3120 751 3481 820 μυσταγωγόν
3517 766 3531 780 °
3569 768 3589 802 ί
3623 751 3906 822 ’Δπόστρε-

2336 844 2437 913 ψον
2471 845 2598 908 τοὺς
2622 844 2932 913 ὀφθαλμοὺς
2952 842 3046 895 τοῦ
3077 842 3150 914 μὴ
3176 843 3302 895 ἰδεῖν
3330 841 3683 913 ματαίοτητα.
3729 861 3747 893 ι
3787 843 3901 896 Μα-

2334 934 2555 1003 ταιότης
2600 932 2708 1007 γάρ
2756 932 2942 997 ὅντως,
2981 931 3143 1003 λῆρός
3186 948 3245 985 τε
3292 933 3387 987 καὶ
3417 932 3603 1003 ἕτερον
3650 932 3801 986 οὐδὲν
3841 932 3908 988 τὰ

2336 1025 2400 1077 ὲκ
2427 1024 2524 1093 τῆς
2557 1022 2781 1076 ἐκείνων
2814 1023 3171 1085 ἀπαιδευσίας
3194 1023 3642 1094 κενοφωνούμενα
3669 1039 3684 1055 ο
3715 1024 3778 1078 οὑ
3800 1023 3906 1095 γὰρ

2335 1115 2409 1179 ὡς
2449 1115 2620 1183 Λόγον
2660 1114 2798 1185 έχων
2831 1115 3018 1187 ἕτερον
3060 1115 3250 1169 οὐδένα
3273 1118 3330 1168 έν
3369 1116 3545 1185 ἑαυτῷ
3571 1116 3666 1170 τοῦ
3696 1117 3906 1186 Πατρός

2335 1209 2364 1261 6
2390 1209 2536 1272 Υίὸς,
2553 1208 2644 1262 τὸν
2669 1207 2763 1261 τοῦ
2788 1209 3000 1278 Πατρὺς
3026 1207 3227 1277 ἔφασκε
3261 1208 3417 1276 λόγον
3430 1211 3636 1281 τηρεῖν*
3665 1209 3781 1263 ἀλλ’
3800 1209 3906 1263 οὐδ’

2335 1301 2519 1371 ὥςπερ
2564 1300 2687 1356 τινὰ
2726 1301 3069 1369 παιδαγωγὸν
3093 1300 3543 1372 ὲπικομιζόμενος
3577 1300 3713 1371 πρὸς
3763 1301 3907 1371 ἡμᾶς

2337 1393 2565 1463 ἀφῖχθαι
2612 1394 2981 1464 διισχυρίσατό
3013 1410 3165 1458 ποτε,
3197 1394 3274 1458 ὡς
3304 1394 3361 1447 δὲ
3396 1393 3557 1464 μόνος
3588 1393 3908 1466 ἐνυπάρχων

2338 1484 2478 1539 κατά
2517 1484 2676 1553 φύσιν
2725 1484 2804 1555 τῷ
2837 1485 3033 1556 Πατρὶ,
3055 1485 3195 1555 έχων
3231 1502 3289 1539 τε
3321 1481 3388 1539 αὖ
3420 1485 3580 1539 πάλιν
3625 1485 3825 1556 ὁμοίως
3851 1488 3908 1539 ὲν

2338 1577 2513 1647 ἑαυτῷ
2543 1578 2636 1633 τὸν
2683 1578 2927 1651 Πατέρα,
2978 1577 3403 1648 μεσολαϐοὖντος
3439 1578 3626 1648 ἐτέρου
3660 1578 3903 1649 μηδενός·

2344 1688 2363 1721 ι
2424 1668 2584 1738 Ἐγὼ.
2639 1669 2821 1740 φησὶν,
2876 1671 2933 1722 ὲν
2988 1669 3065 1739 τῷ
3120 1670 3317 1740 Πατρῖ,
3380 1670 3474 1723 καὶ
3532 1669 3562 1722 6
3602 1668 3794 1741 Πατὴρ
3850 1670 3907 1725 ὲν

2340 1759 2482 1828 ἐμοὶ,
2519 1778 2537 1811 ι
2567 1759 2664 1831 οὑχ
2695 1761 2723 1813 ὁ
2753 1758 3011 1829 ἔμφυτος,
3037 1757 3151 1811 ἀλλ’
3175 1758 3297 1811 οὐδὲ
3323 1757 3351 1810 6
3377 1757 3567 1829 ἕτερός
3596 1775 3682 1822 τις
3709 1759 3900 1827 Λόγος,

2338 1850 2450 1904 ἀλλ’
2477 1853 2505 1904 6
2536 1852 2723 1922 Πατὴρ
2746 1852 2804 1903 ὲν
2842 1850 2988 1921 ὲμοί.
3036 1848 3161 1910 Πῶς
3209 1845 3301 1903 οὖν
3355 1849 3464 1920 ἀρα
3511 1850 3701 1919 νοῆσαι
3739 1866 3907 1921 προσ-

2337 1945 2459 2014 ήκοι
2508 1942 2569 1995 τὸ
2619 1944 2749 2013 παρ’
2800 1941 2964 1996 αὑτοῦ
3006 1940 3143 2012 πρὸς
3193 1942 3320 2004 τοὺς
3357 1938 3643 2005 Ἰουδαίους
3683 1942 3908 2013 εἰρημέ-

2336 2052 2447 2099 νον,
2474 2034 2617 2088 εῐποι
2658 2052 2739 2098 τις
2761 2033 2827 2088 ἂν
2851 2036 3005 2103 ἡμῖν,
3044 2034 3139 2086 καὶ
3183 2032 3328 2103 μάλα
3379 2032 3603 2096 εἰκότως
3629 2049 3644 2063 ·
3672 2033 3811 2103 πρὸς
3846 2032 3908 2104 δὴ

2334 2126 2495 2181 τοῦτο
2549 2125 2781 2199 ὲροῦμεν
2834 2126 3192 2199 ἀληθεύοντες
3247 2126 3319 2180 τὰ
3373 2126 3454 2189 είς
3499 2124 3625 2180 νοῦν
3687 2126 3911 2180 ἀνασαισ

2336 2237 2493 2274 νοντα
2536 2219 2626 2273 τὸν
2662 2220 2946 2291 ἡμέτερον.
2989 2219 3295 2273 Ἐδίδασκεν
3342 2221 3371 2273 6
3409 2218 3602 2289 Σωτὴρ
3646 2217 3738 2272 τὸν
3783 2218 3909 2271 δυσ-

2338 2310 2688 2366 πειθέστατον
2717 2311 2825 2365 τῶν
2861 2311 3129 2366 Ἰουδαίων
3163 2311 3310 2366 λαῶν
3330 2310 3444 2384 [γρ.
3466 2310 3640 2382 iam],
3663 2310 3911 2366 καὶκατὰ

2340 2398 2511 2470 βραχὺ
2547 2398 2648 2469 τῆς
2687 2400 2917 2470 νομικῆς
2948 2399 3182 2467 ἐξέλκων
3230 2398 3483 2470 λατρείας
3525 2399 3652 2462 τοὺς
3706 2399 3913 2470 ἀκροω-

2342 2488 2554 2559 μένους,
2575 2487 2844 2559 ἐπεφώνει
2872 2488 3153 2554 πολλάκις⁶
3184 2509 3203 2542 ι
3240 2488 3382 2558 Ἐγώ
3408 2490 3523 2561 εἰμι
3550 2490 3582 2559 ἡ
3612 2488 3859 2559 ἀλήθεια,
3885 2506 3906 2540 ι

2342 2579 2625 2649 μονονουχὶ
2654 2578 2827 2647 λέγων
2850 2596 2867 2612 ο
2884 2578 3274 2634 Ἀποσείσασθε
3298 2579 3389 2633 τὸν
3418 2579 3660 2650 νομικὸν,
3677 2572 3908 2647 ῶζοῦτοι,

2340 2671 2502 2741 ζυγόν
2529 2688 2544 2704 ο
2590 2671 2956 2736 καταδέξασθε
3018 2672 3117 2744 τὴν
3160 2672 3221 2727 ὲν
3269 2673 3542 2744 πνεύματι
3606 2674 3864 2746 λατρείαν
3893 2690 3907 2704 ·

2338 2759 2569 2831 οἰχέσθω
2623 2760 2807 2815 λοιπὸν
2850 2763 2884 2833 ή
2932 2762 3082 2826 σκιὰ,
3122 2764 3368 2833 χωρείτω
3407 2763 3625 2835 μακρὰν
3660 2764 3688 2816 6
3722 2764 3910 2828 τύπος,

2339 2850 2657 2922 ἐπέλαμψεν
2695 2853 2727 2921 ἠ
2760 2852 3010 2922 ἀλήθεια.
3045 2852 3186 2905 ’Λλλ’
3218 2853 3280 2905 οὐ
3325 2855 3491 2909 πᾶσιν
3523 2854 3698 2908 ἐδόκει
3741 2858 3913 2909 ποιεῖν

2339 2942 2543 3015 ὀρθῶς,
2589 2944 2911 3015 ἀνατρέπων
2957 2943 3028 2997 τά
3068 2944 3348 3009 Μωσέως,
3412 2945 3612 3017 μᾶλλον
3666 2946 3723 3000 δὲ
3765 2948 3915 3016 ἄγων

2339 3034 2434 3087 ἐπὶ
2466 3033 2526 3087 τὺ
2569 3033 2947 3105 ἀληθέστερον,
2998 3033 3074 3098 ὡς
3116 3034 3209 3089 καί
3253 3052 3405 3101 τινας
3433 3037 3536 3109 ἤδη
3566 3036 3698 3109 βοᾷν
3730 3054 3744 3068 ·
3791 3058 3810 3090 ‹
3852 3037 3914 3091 El

661 3134 776 3188 vult
801 3133 944 3202 quod
968 3133 1100 3187 nihil
1130 3140 1325 3201 praeter
1344 3131 1681 3185 voluntatem
1698 3129 1788 3185 Dei
1809 3145 1874 3184 ac
1893 3129 2073 3186 Patris
2098 3129 2233 3185 [θοο-

2343 3124 2411 3198 ἦν
2461 3121 2614 3192 οὗτος
2662 3126 2814 3198 παρά
2863 3125 2999 3181 Θεοῦ
3047 3126 3353 3197 ἄνθρωπος,
3414 3128 3515 3183 οὑκ
3570 3129 3637 3184 ἂν
3682 3128 3807 3184 ἔλυε
3847 3128 3915 3185 τά

661 3226 767 3287 rit,
807 3224 898 3295 qui
924 3239 1031 3278 non
1064 3223 1213 3277 novit
1236 3229 1517 3290 peccatum
1547 3220 1742 3278 Filius.
1801 3220 2002 3277 Verum
2028 3260 2044 3286 ,
2090 3236 2163 3277 ne
2192 3221 2238 3276 si

662 3316 900 3385 apertius
921 3314 1153 3379 diceret,
1182 3312 1471 3367 Peccatum
1506 3328 1611 3367 non
1643 3311 1791 3376 novi,
1822 3327 2017 3367 rursus
2055 3327 2149 3367 eos
2177 3320 2237 3367 ut

660 3408 714 3461 in
740 3423 798 3461 se
827 3406 1101 3476 lapidibus
1129 3405 1404 3469 saevirent,
1430 3413 1682 3468 acueret;
1711 3406 1895 3459 statim
1921 3405 2125 3475 quippe
2154 3404 2236 3459 ira

663 3497 858 3552 fervidi
894 3505 949 3551 et
974 3505 1273 3552 aestuantes
1303 3495 1577 3551 dixissent
1606 3513 1621 3550 :
1655 3493 1763 3550 Uni
1806 3494 1914 3550 Deo
1943 3498 2233 3566 preprium

658 3599 746 3647 est
776 3604 886 3645 non
922 3604 1184 3659 peccare,
1220 3598 1276 3643 tu
1310 3596 1491 3643 autem
1522 3588 1692 3643 homo
1722 3603 1846 3642 cum
1883 3589 1994 3653 sis,
2027 3589 2139 3643 noli
2172 3604 2237 3644 ea

661 3682 908 3753 proferre
937 3697 1057 3752 qua:
1084 3681 1187 3735 soli
1216 3679 1325 3735 Deo
1352 3680 1714 3735 conveniunt.
1742 3679 1897 3746 Quod
1926 3680 2060 3736 alias
2089 3688 2237 3735 certe

663 3775 944 3835 fecerunt,
988 3773 1233 3828 dicentes
1265 3772 1392 3841 jure
1430 3787 1491 3826 se
1536 3786 1659 3826 eum
1702 3771 1978 3841 lapidibus
2019 3780 2231 3842 petere,

658 3865 765 3935 33
828 3864 997 3936 quod,
1052 3879 1178 3918 eum
1245 3871 1395 3919 esset
1468 3864 1667 3927 homo,
1725 3857 1965 3934 se'ipsum
2028 3864 2235 3920 faceret

661 3948 830 4008 Deum
864 3973 878 4009 :
907 3955 1198 4009 obscurius
1234 3952 1508 4021 Salvator,
1559 3955 1859 4024 praesertim
1903 3971 2027 4010 cum
2071 3956 2233 4011 homo

662 4048 839 4102 factus
868 4055 1036 4110 esset,
1076 4056 1130 4101 et
1180 4054 1438 4116 tanquam
1470 4046 1573 4115 legi
1626 4046 1884 4102 subditus
1915 4062 2041 4101 cum
2097 4046 2232 4117 legis

660 4137 916 4201 subditis,
950 4152 1256 4193 sermonem
1291 4137 1430 4191 dixit
1456 4151 1679 4191 servare
1711 4152 1771 4192 se
1799 4136 1826 4189 ί
1843 4137 1998 4201 atris,
2032 4153 2230 4209 prope-

660 4230 881 4284 modum
951 4229 1210 4299 inquiens
1258 4247 1271 4283 :
1320 4227 1601 4298 Nusquam
1659 4229 1837 4285 Patris
1889 4230 2228 4285 voluntatem

660 4320 1078 4390 praatergrediar
1106 4337 1122 4386 ;
1178 4328 1460 4390 peccatum
1488 4322 1634 4376 enim
1669 4328 1753 4375 est
1782 4322 1837 4375 in
1867 4321 2068 4377 divina:
2096 4321 2230 4392 legis

2343 3219 2599 3275 Σάϐϐατα
2631 3237 2646 3252 ·
2698 3239 2717 3272 ι
2782 3222 2919 3292 ὅπερ
2977 3214 3047 3290 ἦν
3100 3220 3359 3291 ἄντικρυς
3411 3220 3687 3292 ἁμαρτίαν
3742 3239 3913 3277 κατα-

2341 3310 2673 3381 ψηφίζεσθαι
2707 3311 2798 3365 τοῠ
2843 3311 2919 3382 μὴ
2973 3310 3175 3374 εἰδότος
3234 3312 3427 3383 αὑτήν.
3476 3312 3622 3380 Πρδς
3666 3307 3766 3367 οὖν
3816 3313 3914 3377 τὰς

2340 3404 2596 3468 τοιαύτας
2639 3404 2749 3459 τῶν
2803 3405 3070 3460 Ἰουδαίων
3113 3405 3373 3469 ἀπονοίας
3430 3404 3869 3476 ἀπολογούμενος
3895 3444 3911 3465 .

2340 3494 2516 3548 πάντα
2593 3494 2693 3564 μὲν
2743 3495 2965 3567 ὑφαιρεῖ
3006 3494 3097 3549 τδν
3134 3496 3193 3548 ὲν
3247 3499 3360 3559 τοῖς
3404 3496 3612 3568 ῥήμασι
3667 3497 3912 3568 κόμπον,

2339 3585 2647 3657 ὑφειμένως
2694 3585 2770 3652 δὲ,
2812 3587 2908 3641 καὶ
2965 3588 3028 3641 οὑ
3088 3587 3343 3659 τρανῶς,
3392 3588 3733 3643 ἐκδιδάσκειν
3791 3589 3916 3662 βού-

2338 3676 2520 3740 λεται,
2584 3677 2660 3741 ὡς
2706 3678 2806 3731 οὐκ
2860 3679 2924 3733 ἀν
2970 3697 3023 3732 τι
3085 3679 3236 3750 παρὰ
3290 3681 3349 3733 τὸ
3388 3679 3578 3734 δοκοῦν
3624 3681 3917 3752 ἐργάσαιτο

2337 3766 2418 3838 τῷ
2473 3767 2594 3838 Θεῷ
2638 3768 2736 3823 καὶ
2797 3769 2973 3841 Πατρὶ
3019 3770 3048 3823 6
3097 3769 3173 3841 μὴ
3224 3770 3382 3835 εἰδὼς
3432 3772 3707 3844 ἁμαρτίαν
3764 3774 3912 3837 Υἱός.

2341 3859 2458 3913 Ἵνα
2484 3858 2541 3913 δὲ
2581 3859 2656 3931 μὴ
2702 3863 3033 3932 γυμνότερον
3074 3860 3281 3931 λέγων,
3320 3864 3616 3936 Ἀμαρτίαν
3643 3864 3747 3918 οὑκ
3780 3861 3913 3929 οῖδα,

2338 3950 2650 4023 παροτρύνῃ
2673 3950 2834 4006 πάλιν
2871 3951 3065 4016 αὐτοὺς
3103 3954 3182 4015 εἰς
3198 3953 3259 4005 τὺ
3289 3953 3610 4007 καταλεύειν
3648 3954 3814 4009 αὑτόν
3838 3974 3851 3986 ο
3882 3954 3913 4024 ἢ

2337 4045 2447 4117 γὰρ
2462 4045 2528 4098 ἂν
2546 4044 2706 4108 εὑθὺς
2724 4043 3043 4109 ἀναζέοντες
3058 4046 3137 4109 είς
3157 4045 3324 4116 ὀργὰς
3341 4047 3628 4117 ἐπεπήδων
3646 4047 3912 4117 λέγοντες

2337 4134 2457 4206 Θεῷ
2484 4135 2631 4206 μόνῳ
2668 4136 2728 4188 τὸ
2755 4134 2829 4206 μὴ
2852 4135 3189 4206 ἁμαρτάνειν
3210 4138 3429 4193 οἰκεῖον·
3456 4139 3520 4193 σὺ
3549 4138 3606 4191 δὲ
3631 4138 3727 4193 ἀνθ
3738 4153 3915 4210 ρωπος

2335 4226 2431 4291 ῶν,
2453 4226 2530 4295 μὴ
2550 4227 2699 4280 λάλει
2715 4228 2781 4281 τὰ
2797 4228 2941 4298 μόνῳ
2966 4229 3244 4300 πρέποντα
3257 4230 3394 4300 Θεῷ.
3408 4232 3473 4284 Ὃ
3487 4231 3549 4301 δὴ
3563 4230 3657 4284 καὶ
3689 4228 3915 4301 ἑτέρωθί

2337 4336 2440 4372 που
2486 4320 2823 4389 πεπράχασι,
2869 4319 3117 4388 λέγοντες
3160 4321 3400 4386 λιθάζειν
3454 4320 3618 4375 αὑτὸν
3665 4321 3914 4385 εἰκότως,

658 4412 1142 4482 transgressione;
1177 4427 1277 4483 ego
1309 4428 1436 4467 vero
1462 4428 1569 4467 non
1600 4414 1725 4467 novi
1757 4420 2065 4483 peccatum,
2101 4428 2226 4468 cum

2336 4412 2526 4482 ὅτιπερ
2568 4411 2850 4483 ἄνθρωπος
2881 4413 2974 4476 ῶν,
3011 4411 3201 4465 ἑαυτὸν
3228 4414 3369 4465 ποιεῖ
3388 4412 3519 4466 Θεόν
3547 4428 3562 4444 ⁸
3598 4410 3897 4483 περιεσταλ

661 4507 763 4558 sim
800 4503 944 4559 Deus
1006 4504 1307 4559 secundum
1347 4513 1619 4559 naturam.
1654 4503 1842 4575 Itaque
1873 4520 1998 4559 cum
2033 4505 2226 4570 doceo,

2337 4481 2513 4573 μένως
2545 4506 2572 4557 ὁ
2600 4481 2810 4574 Σωτὴρ,
2849 4504 2945 4559 ἅτε
2983 4504 3047 4575 δὴ
3080 4505 3175 4558 καὶ
3213 4503 3496 4576 ἄνθρωπος
3528 4481 3792 4574 γεγονὼς,
3826 4504 3913 4559 καὶ

660 4597 878 4652 Patrem
915 4614 1023 4652 non
1060 4596 1297 4651 oll'endo.
1344 4596 1615 4652 Caeterum
1661 4611 1824 4652 nemo
1870 4597 2237 4667 reprehendat

659 4706 785 4743 eum
827 4690 918 4759 qui
965 4690 1243 4759 legislator
1289 4689 1508 4760 quidem
1564 4698 1650 4744 est
1704 4696 1898 4742 natura
1954 4702 2091 4751 sua,
2137 4688 2233 4743 sed

661 4791 880 4851 propter
897 4782 1309 4837 similitudinem
1337 4796 1499 4852 quam
1532 4781 1695 4835 habet
1721 4780 2029 4842 nobiscum,
2059 4779 2230 4850 legem

657 4873 931 4927 observat.
962 4872 1052 4925 Ait
1086 4881 1266 4927 autem
1308 4888 1368 4927 se
1408 4870 1625 4927 Patrem
1656 4886 1845 4937 nosse,
1874 4885 1985 4925 non
2021 4870 2232 4939 simpli-

656 4966 814 5027 citer,
846 4964 1012 5019 sicuti
1066 4980 1187 5028 nos,
1220 4964 1291 5019 ob
1338 4964 1486 5020 istud
1532 4965 1733 5029 solum,
1778 4964 1926 5034 quod
1956 4962 2100 5019 Deus
2128 4970 2235 5028 est,

656 5058 749 5112 sed
783 5074 847 5111 ex
882 5074 948 5113 eo
991 5057 1137 5127 quod
1172 5059 1287 5128 ipse
1321 5065 1433 5124 est,
1482 5056 1664 5113 Patris
1706 5065 1958 5112 naturam
1998 5056 2142 5112 scire
2169 5072 2230 5112 se

655 5151 959 5202 conﬁrmat.
989 5148 1259 5215 Quoniam
1309 5164 1440 5204 vero
1484 5149 1807 5204 mutationis
1846 5149 2092 5205 nescium
2123 5147 2229 5202 Pa-

656 5248 794 5295 trem
822 5256 945 5296 esse
983 5241 1173 5307 novit,
1220 5241 1328 5297 scit
1365 5241 1530 5295 etiam
1565 5242 1821 5297 nimirum
1871 5257 1931 5298 se
1968 5242 2227 5296 immuta-

656 5333 816 5386 bilem
858 5349 922 5386 ex
960 5333 1285 5389 immutabili
1327 5332 1505 5389 Patre.
1543 5334 1699 5399 Quod
1754 5342 1936 5389 autem
1968 5333 2227 5388 mutatio-

654 5435 777 5474 nem
829 5422 1038 5485 nescit,
1087 5423 1361 5493 quomodo
1411 5438 1638 5484 peccare
1685 5423 1941 5487 dicetur,
2001 5435 2067 5477 ac
2116 5437 2229 5478 non

655 5511 836 5578 potius
888 5511 942 5564 in
993 5512 1231 5581 propriis
1289 5522 1502 5567 natura:
1533 5512 1755 5568 dotibus
1801 5512 2014 5567 ﬁrmum
2041 5512 2228 5568 consi-

654 5600 838 5657 stere?
886 5601 1034 5656 Vana
1066 5611 1151 5657 est
1182 5603 1363 5672 itaque
1392 5603 1703 5660 Judmoruut
1734 5605 2086 5672 obtrectatio,
2134 5605 2224 5679 qui

2333 4594 2408 4658 ὡς
2433 4595 2538 4648 ὑπὸ
2558 4594 2722 4664 νόμον
2755 4594 2892 4665 μετά
2920 4594 3028 4647 τῶν
3056 4594 3159 4647 ὑπὸ
3192 4596 3355 4665 νόμον
3379 4598 3471 4648 τὸν
3501 4594 3657 4663 λόγον
3684 4596 3793 4668 ἔφη
3828 4612 3911 4664 την

2335 4690 2449 4759 ρεῖν
2471 4687 2563 4739 τοῦ
2588 4686 2823 4757 Πατρδς,
2852 4686 3132 4756 μονονουχὶ
3178 4685 3351 4754 λέγων
3376 4703 3391 4717 ο
3432 4685 3683 4756 Οὑδαμοῦ
3728 4687 3791 4741 τὸ
3822 4685 3913 4740 τοῦ

2329 4778 2540 4849 Πατρός
2567 4777 2779 4848 θέλημα
2807 4778 3246 4848 παρεκϐήσομαι.
3274 4779 3364 4830 Ἐν
3395 4778 3501 4848 γὰρ
3534 4776 3611 4848 τῷ
3648 4778 3742 4832 τὸν
3774 4778 3913 4832 θεῖον

2332 4869 2647 4941 ὲξέρχεσθαι
2677 4869 2837 4939 νόμον
2876 4870 2909 4939 ή
2941 4868 3183 4939 ἁμαρτία
3207 4868 3416 4936 γίνεται
3438 4884 3451 4898 ο
3482 4868 3593 4937 ἐγὼ
3631 4868 3689 4921 δὲ
3733 4870 3907 4941 ἁμαρ⁴

2332 4959 2451 5013 τίαν
2482 4959 2585 5011 οὑκ
2612 4953 2748 5023 οῖδα,
2806 4958 2948 5012 κατὰ
2996 4956 3156 5027 φύσιν
3199 4959 3461 5029 ὑπάρχων
3500 4959 3651 5022 Θεὸς.
3702 4958 3913 5013 Οὐκοῦν

2333 5052 2619 5113 διδάσκων,
2652 5050 2713 5105 οὑ
2754 5049 2907 5104 λυπῶ
2953 5049 3044 5104 τὸν
3092 5049 3332 5121 Πατέρα.
3366 5050 3567 5104 Λοιπὸν
3598 5050 3909 5120 ὲπιτιμάτω

2338 5144 2526 5215 μηδεὶς
2542 5142 2621 5214 τῷ
2647 5143 2787 5197 κατά
2815 5142 2975 5213 φύσιν
3005 5143 3103 5213 μὲν
3127 5141 3413 5213 νομοθέτῃ,
3444 5142 3532 5197 διὰ
3564 5140 3623 5194 δὲ
3652 5141 3754 5213 τὴν
3780 5141 3912 5211 πρὸς

2335 5238 2482 5308 ἡμᾶς
2510 5236 2768 5306 ὁμοίωσιν
2824 5234 3182 5306 νομοφύλακι.
3227 5232 3436 5287 Εἰδέναι
3463 5233 3521 5286 δὲ
3557 5232 3648 5286 τὸν
3690 5231 3912 5302 Πατέρα

2327 5327 2511 5397 φησὶν,
2545 5326 2643 5396 οὑχ
2689 5325 2875 5388 ἁπλῶς
2926 5323 3177 5394 καθάπερ
3218 5323 3402 5393 ἡμεῖς,
3428 5324 3911 5395 ἀπεριεργότερον,

2325 5418 2457 5472 αὑτὸ
2508 5418 2573 5488 δὴ
2610 5416 2769 5471 τοῦτο
2821 5415 3000 5485 μόνον,
3032 5414 3261 5485 ἐπείπερ
3294 5412 3381 5483 εἴη
3409 5411 3565 5477 Θεὸς,
3594 5411 3709 5465 ἀλλ’
3748 5411 3809 5477 ἐξ
3840 5402 3911 5462 ὧν

2325 5508 2471 5561 ἐστιν
2489 5505 2648 5568 αὑτὸς
2665 5505 2765 5574 τὴν
2791 5504 2885 5557 τοὺ
2913 5502 3125 5574 Πατρὸς
3146 5502 3308 5572 φύειν
3331 5499 3721 5573 διισχυρίζεται
3745 5502 3908 5554 νοεῖν.

2348 5599 2562 5671 Ἐπειδὴ
2604 5598 2662 5652 δὲ
2701 5596 2837 5651 οἶδεν
2890 5595 3183 5669 ὑπομένειν
3228 5595 3330 5651 οὑκ
3363 5595 3540 5652 εἰδότα
3570 5595 3782 5669 τροπὴν
3821 5593 3909 5651 τὸν

720 5785 952 5843 7"l’sal.
995 5802 1197 5856 cxvtn,
1240 5785 1327 5841 57.
1406 5789 1449 5819 ⁷⁵
1490 5786 1646 5845 Joau.
1691 5805 1759 5858 χ,
1798 5792 1884 5846 33.
1966 5793 2009 5823 ⁷⁸
2050 5774 2206 5848 Iona.

2336 5809 2363 5856 ν,
2401 5796 2459 5848 6,
2544 5791 2585 5823 ττ
2628 5780 2789 5841 han.
2835 5800 2883 5841 ix
2915 5824 2929 5853 ,
2976 5782 3063 5838 l6.
