4168 6592
368 428 431 485 δι
1411 414 1478 472 1N
1516 414 1798 473 toams
1827 413 2272 471 musaeum:
2308 417 2436 472 un.
2476 382 2522 471 ιζ
3535 428 3606 491 eg

364 543 721 614 γεννήσαντα,
748 534 856 593 οἶδε
901 538 1162 609 δηλονότι,
1214 538 1307 591 καὶ
1339 537 1528 597 ἑαυτὸν
1572 537 1837 610 ἄτρεπτον
1870 534 1921 601 ἐξ

2032 550 2063 587 a
2120 534 2299 596 Patris
2348 537 2626 593 voluntate
2679 537 2974 595 dissentire
3030 538 3222 596 Filium
3267 543 3601 601 existimant.

363 634 636 706 ἀτρέπτου
690 631 902 702 Πατρός
924 647 937 660 ο
974 631 1034 687 τὸ
1071 630 1127 682 δέ
1162 631 1367 702 τροπὴν
1389 632 1490 685 οὐκ
1529 630 1686 694 είδὸς,
1721 630 1836 693 πῶς
1866 631 1931 684 ἂν

364 724 573 794 λέγοιτό
600 742 651 784 τι
692 724 784 782 καὶ
805 722 1160 793 ἁμαρτάνειν,
1196 723 1291 781 καὶ
1326 721 1446 793 οὐχὶ
1476 720 1673 792 μᾶλλον
1701 720 1930 791 ἁκλονὴ-

364 831 469 876 τως
495 814 551 866 ὲν
573 815 682 875 τοῖς
715 811 864 873 ίδίοις
888 809 1107 867 ἑστάναι
1143 812 1389 880 φυσικοῖς
1428 810 1930 880 πλεονεκτήμασιν;

362 903 583 961 Είκαῖον
608 897 700 953 οὖν
728 901 835 970 ἄρα
868 898 975 952 τῶν
1010 899 1274 953 Ἰουδαίων
1289 899 1349 953 τὸ
1376 899 1755 970 κατηγόρημα,
1782 896 1934 968 παρά

361 992 457 1063 τὴν
478 991 573 1045 τοῦ
603 992 814 1061 Πατρός
849 990 1101 1062 βούλησιν
1133 991 1318 1063 ἔτερόν
1344 1010 1397 1046 τι
1430 992 1644 1065 φρονεῖν
1670 991 1931 1061 οἰομένων

358 1083 448 1137 τὸν
488 1083 637 1136 Υίόν.
668 1083 839 1154 Τηρεῖ
856 1083 985 1155 γὰρ,
1015 1083 1091 1147 ῶς
1122 1102 1277 1155 φησι,
1312 1085 1403 1138 τὸν
1428 1084 1587 1153 λόγον
1618 1083 1805 1150 αὐτοῦ,
1836 1082 1931 1136 καὶ

357 1178 540 1244 ἀγνοεῖ
569 1176 628 1230 τὸ
657 1176 990 1247 ἁμαρτάνειν
1021 1176 1265 1247 φυσικῶς
1291 1194 1304 1207 ·
1332 1172 1440 1230 οἶδε
1467 1178 1576 1248 γὰρ
1599 1176 1689 1229 τὸν
1713 1176 1933 1245 Πατέρα

356 1267 512 1320 τοῦτο
561 1266 751 1320 παθεῖν
803 1266 864 1319 οὐ
901 1267 1216 1337 δυνάμενον,
1259 1259 1411 1338 ᾧπέρ
1464 1268 1611 1319 ἐστιν
1649 1266 1931 1337 όμοούσιος

356 1358 432 1420 ὡς
477 1356 601 1420 Υἱὸς
642 1357 914 1429 ἀληθινός.
955 1358 1177 1428 Ἐπειδὴ
1210 1357 1266 1419 δὲ
1316 1357 1453 1429 πρὸς
1491 1356 1647 1413 τοῦτό
1681 1373 1813 1426 φασι
1840 1355 1932 1411 καὶ

355 1447 415 1505 τὸ
450 1448 791 1518 συνημμένον
820 1450 887 1519 τῇ
917 1449 1046 1520 παρ’
1072 1449 1249 1504 αὐτῶν
1286 1447 1553 1507 ἀντιθέσει
1583 1463 1598 1478 ⁸
1640 1466 1659 1498 ι
1711 1448 1805 1505 Ἐκ
1832 1464 1931 1519 γα-

358 1537 516 1608 στρὸς
575 1539 679 1609 πρὸ
720 1539 1032 1610 Ἑωσφόρου
1094 1538 1416 1609 ὲξεγέννησά
1466 1551 1554 1590 σε·
1606 1556 1625 1590 ›
1682 1536 1815 1613 φέρε
1865 1536 1927 1607 δὴ

357 1630 541 1695 πάλιν,
572 1631 665 1683 καὶ
696 1631 787 1685 ἐπὶ
804 1630 976 1701 τούτῳ
1000 1631 1089 1687 τὸν
1117 1631 1216 1700 τῆς
1240 1630 1516 1702 εὐσεϐείας
1531 1628 1929 1698 άναπτύξωμεν

353 1722 529 1791 λόγον.
562 1724 635 1776 υὺ
668 1724 776 1796 γὰρ
813 1724 1107 1796 ἐπειδήπερ
1141 1724 1209 1778 τὰ
1236 1724 1460 1784 τοιαῦτά
1496 1740 1629 1795 φησι
1674 1724 1804 1795 πρὸς
1838 1724 1928 1775 τὸν

357 1814 481 1866 Υξὸν
508 1814 536 1865 ό
565 1814 774 1885 Πατὴρ,
809 1813 897 1867 διὰ
922 1814 1078 1867 τοῦτο
1099 1814 1163 1884 δὴ
1196 1814 1412 1877 πάντως
1435 1814 1639 1867 οἴεσθαι
1676 1812 1803 1885 χρὴ,
1834 1814 1927 1866 Λό-

353 1922 447 1971 γον
470 1904 566 1974 μέν
593 1906 864 1976 ὑπάρχειν
896 1904 1133 1976 ἔμφυτον
1161 1903 1329 1974 αὐτῷ,
1360 1904 1547 1979 ἕτερον
1573 1903 1629 1956 δέ
1646 1921 1766 1956 τινα
1795 1920 1867 1956 πα
1878 1904 1924 1974 ρ’

354 1994 560 2049 ἐκεῖνον
590 1995 788 2049 ἐννοεῖν
828 1997 918 2049 τὸν
970 1995 1095 2051 Υἱόν
1116 2012 1129 2025 ·
1165 1995 1300 2049 ἀλλὰ
1342 1994 1558 2067 πρῶτον
1610 1994 1711 2065 μὲν
1750 1996 1926 2048 ἐκεῖνο

353 2085 472 2136 καθ’
496 2085 722 2148 ἑαυτοὺς
753 2084 1133 2156 ἐνθυμώμεθα,
1166 2086 1249 2147 ὅτι
1272 2087 1557 2157 προφήτης
1575 2087 1632 2145 ἐν
1656 2085 1924 2156 πνεύματι

350 2173 530 2233 λαλεῖν
591 2175 895 2246 μελετήσας
972 2177 1266 2255 μυστήρια,
1328 2176 1387 2229 τὸ
1443 2175 1735 2248 πρόσωπον
1794 2178 1925 2246 ἡμῖν

348 2262 700 2333 ὑποκρίνεται
733 2262 828 2319 τοῦ
860 2262 1011 2330 Υἱοῦ,
1046 2264 1137 2323 καὶ
1158 2264 1221 2334 δὴ
1256 2263 1350 2318 καὶ
1382 2264 1621 2335 είσφέρει
1653 2265 1802 2336 παρὰ
1829 2264 1921 2318 τοῦ

347 2353 559 2424 Πατρός
585 2352 847 2407 ἀκούοντα
876 2353 1034 2413 αὐτόν
1057 2370 1072 2386 ο
1116 2374 1135 2406 ι
1166 2353 1295 2418 Υἱός
1329 2371 1431 2425 μου
1470 2350 1522 2407 εί
1559 2355 1647 2417 σὺ,
1688 2373 1707 2406 ι
1744 2356 1834 2409 καὶ
1853 2356 1921 2409 τὰ

346 2442 551 2507 τούτοις
579 2444 865 2498 ἀκόλουθα.
906 2445 1016 2498 Καὶ
1061 2446 1122 2499 οὐ
1156 2445 1328 2517 δήπου
1380 2445 1653 2517 πάντωςή
1690 2447 1831 2501 κατά
1860 2447 1920 2500 τὸ

344 2533 685 2606 ἀνθρώπινον
737 2540 922 2608 σχῆμα
957 2538 1223 2608 γενομένη
1270 2538 1531 2609 διασκευὴ
1572 2536 1665 2592 δύο
1711 2538 1921 2608 Λόγους

344 2626 486 2694 ἡμᾶς
521 2627 821 2695 ἀναγκάσει
872 2628 1035 2691 νοεῖν,
1073 2627 1212 2683 ἀλλά
1240 2630 1352 2692 τοῖς
1406 2627 1696 2699 ἡμετέροις
1742 2627 1919 2682 ἔθεσιν

342 2715 629 2779 ἀναθέντες
659 2716 759 2789 τὴν
791 2716 879 2770 διὰ
905 2716 1015 2769 τῶν
1040 2716 1296 2777 τοιούτων
1314 2718 1689 2790 ἀπαραίτητον
1716 2720 1921 2772 οίκονο-

346 2804 495 2873 μίαν,
526 2806 888 2876 αἰτιασόμεθα
915 2807 1032 2878 μὲν,
1064 2807 1118 2860 εἴ
1144 2825 1207 2879 γε
1242 2807 1347 2881 μὴν
1366 2810 1698 2881 πράττοιμεν
1720 2810 1916 2880 ὀρθῶς,

350 2893 441 2963 τῆς
471 2895 677 2947 ἑαυτῶν
703 2896 914 2964 φύσεως
939 2897 1036 2967 τὴν
1068 2897 1370 2964 ἀσθένειαν,
1396 2898 1518 2953 οὕτε
1549 2899 1733 2970 λόγους
1775 2902 1920 2971 ἐχού-

343 2999 465 3053 σης,
496 2983 620 3042 οὔτε
662 2986 767 3057 μὴν
800 2987 1032 3059 τρόπους
1072 2989 1442 3060 θεωρημάτων
1473 2993 1597 3055 τοὺς
1630 2995 1741 3057 τοῖς
1775 2994 1917 3065 ὑπὲρ

345 3076 491 3144 ἡμᾶς
515 3078 831 3147 μυστηρίοις
846 3077 1082 3148 ἀκριϐῶς
1109 3078 1581 3151 διακονουμένους,
1613 3082 1647 3153 ἢ
1677 3085 1768 3137 καὶ
1790 3086 1918 3149 τοὺς

339 3163 686 3264 ἀνεγκλήτως
711 3165 1083 3264 διερμηνεύειν
1112 3168 1395 3238 ἰσχύοντας
1426 3171 1492 3225 τά
1513 3171 1913 3243 θεοπρεπέστε-
1941 3203 1985 3264 c

338 3269 428 3322 ρα.
450 3253 522 3307 Τὸ
549 3258 704 3326 νικᾷν
728 3256 784 3309 δὲ
808 3257 968 3310 πάλιν
999 3260 1363 3331 ἐπιτρέψομεν
1388 3265 1452 3333 τῇ
1493 3263 1613 3335 θείᾳ.
1637 3265 1795 3335 φύσει
1821 3267 1912 3321 τὸν

338 3344 395 3397 ἐν
429 3347 561 3415 ἡμῖν
593 3348 716 3401 νοῦν
747 3365 806 3401 τε
836 3350 929 3402 καὶ
968 3349 1123 3419 λόγον
1147 3392 1163 3417 ,
1195 3353 1294 3423 οὐχ
1325 3353 1401 3417 ὡς
1433 3355 1646 3424 λέγεται
1691 3356 1910 3422 πάντως

338 3436 584 3500 νοοῦντες
605 3437 675 3491 τὰ
717 3440 845 3508 περὶ
894 3441 1086 3511 αὐτῆς,
1130 3442 1243 3495 ἀλλ’
1266 3443 1340 3507 ὼς
1382 3445 1516 3517 αὐτῇ
1560 3447 1777 3519 πρέπει,
1818 3450 1912 3504 καί

338 3526 604 3594 βούλεται.
638 3530 709 3582 ’Ὴ
754 3532 911 3603 είπερ
949 3534 1049 3587 οὐκ
1099 3534 1278 3607 ὀρθῶς
1328 3540 1441 3601 τοῖς
1480 3539 1739 3605 τοιοῶτοις
1765 3544 1912 3613 ἡμᾶς

337 3618 751 3688 ἀποκεχρῆσθαι
782 3620 957 3691 λόγοις
980 3624 1179 3678 οἴονταί
1211 3642 1353 3690 τινες
1378 3628 1487 3682 τῶν
1511 3630 1740 3684 ἀνοσίων
1763 3636 1911 3705 αἱρε-

338 3705 526 3771 τικῶν,
580 3709 679 3779 τὴν
726 3710 782 3763 δὲ
811 3713 932 3766 καθ’
973 3715 1123 3785 ἡμᾶς
1152 3717 1464 3772 ἀναϐαίνειν
1491 3722 1780 3792 συνήθειαν
1811 3726 1910 3779 οὐκ

337 3798 693 3870 ἐπιτρέπουσι
732 3801 792 3856 τὸ
836 3804 1022 3875 σχῆμα
1052 3806 1144 3859 tot":
1187 3807 1367 3877 λόγου,
1398 3810 1619 3874 δικαίως
1648 3815 1910 3873 ἀκούσον-

336 3902 425 3982 ται
446 3904 485 3982 ολ
516 3890 741 3982 νοείσθω
805 3894 928 3949 καθ’
961 3899 1107 3967 ἡμᾶς
1149 3901 1246 3955 καὶ
1301 3902 1504 3970 γεννῶν
1534 3906 1561 3958 ό
1590 3906 1798 3978 Πατὴρ,
1834 3912 1907 3982 μὴ

335 3979 603 4050 ἀρνείσθω
650 3985 892 4057 γαστέρα
934 3989 1027 4045 καὶ
1072 3989 1171 4054 τάς
1217 3994 1310 4046 ἐπὶ
1352 3992 1428 4064 τῷ
1453 3994 1657 4050 τίκτειν
1686 3979 1900 4064 ὠδῖναςέ

342 4089 361 4124 t
396 4073 489 4127 Ἐκ
516 4076 751 4147 γαστρὸς
779 4096 797 4128 ι
822 4079 930 4150 γάρ
951 4097 969 4130 ι
1008 4081 1331 4155 ἐξεγέννησά
1358 4101 1438 4151 σε,
1472 4105 1491 4138 ι
1521 4088 1651 4159 φησὶ
1675 4089 1753 4159 τῷ
1773 4092 1903 4164 Υίῷ.

348 4163 487 4217 Ἀλλ’
540 4170 670 4232 ἴσως
726 4171 923 4240 μᾶλλον
960 4172 1017 4227 δὲ
1047 4174 1247 4239 πάντες
1285 4178 1501 4249 ἐροῦσιν
1545 4182 1610 4235 ἐκ
1643 4183 1743 4253 τῆς
1783 4163 1907 4240 καθ’

334 4260 482 4328 ἡμᾶς
521 4260 835 4332 ὁμοιότητος
892 4263 991 4334 τὴν
1022 4266 1108 4335 ἐφ’
1157 4267 1271 4338 Υίῷ
1314 4271 1543 4341 γνησίαν
1592 4274 1753 4330 ὠδῖνα
1807 4294 1907 4347 ση-

336 4350 619 4419 μαίνεσθαι
674 4352 766 4407 τοῦ
829 4356 1058 4428 Πατρός.
1108 4360 1317 4414 Οὐκοῦν
1386 4364 1625 4431 εὐσεϐῶς
1682 4371 1908 4425 κάκεῖνο

333 4440 578 4506 νοείσθω,
611 4442 713 4496 κᾶν
739 4444 814 4508 ὡς
872 4447 929 4498 ἐν
971 4448 1293 4523 ἀνθρωπίνῳ
1345 4452 1587 4509 λαλεῖται
1635 4461 1902 4530 σχήματι,

2040 627 2232 683 Servat
2261 630 2407 684 enim
2439 629 2557 700 ejus
2590 645 2897 686 sermonem
2924 675 2940 698 ,
2969 641 3029 688 ut
3059 634 3169 698 ait,
3198 642 3253 689 et
3280 645 3473 691 natura
3505 653 3603 693 sua

2036 734 2234 788 expers
2263 727 2347 775 est
2395 720 2675 792 peccandi.
2724 722 2839 777 Scit
2889 725 3033 779 enim
3082 726 3230 782 istud
3276 727 3330 782 in
3382 726 3602 784 Patrem

2031 809 2225 865 cadere
2278 826 2388 865 non
2429 825 2629 881 posse,
2684 813 2773 867 cui
2827 816 3322 872 consubstantialls
3360 828 3484 885 est,
3546 818 3601 873 in

2031 908 2296 970 quantum
2339 901 2509 959 Filius
2553 918 2735 959 verus.
2770 903 2889 958 Jam
2939 922 3088 969 vero,
3126 923 3250 961 cum
3300 909 3599 977 objectioni

2032 1007 2145 1047 sua:
2170 1000 2412 1048 attexant
2437 994 2588 1061 illud,
2621 1012 2640 1045 ι
2673 994 2748 1048 Ex
2778 1004 2934 1051 utero
2956 1005 3083 1051 ante
3104 996 3414 1053 Luciferum
3439 1000 3601 1068 genui

2031 1083 2162 1146 te",
2218 1101 2237 1134 ι
2293 1083 2547 1155 agedum,
2606 1085 2823 1154 pietatis
2875 1086 3182 1140 doctrinam
3240 1088 3331 1142 bic
3381 1104 3600 1143 rursum

2031 1173 2387 1242 explicemus.
2419 1174 2537 1230 Non
2562 1176 2707 1231 enim
2734 1192 2803 1232 ex
2840 1191 2906 1231 eo
2949 1178 3093 1247 quod
3125 1177 3287 1233 Pater
3319 1178 3506 1234 isthaec
3531 1181 3599 1234 ad

2028 1261 2224 1317 Filium
2259 1264 2412 1329 dicit,
2447 1265 2653 1320 idcirco
2696 1266 2995 1336 putandum
3070 1274 3155 1321 est
3198 1266 3445 1321 innatum
3477 1270 3600 1337 qui-

2034 1352 2156 1409 dem
2200 1355 2248 1410 el
2290 1371 2413 1412 esse
2451 1356 2687 1415 Verbum
2711 1398 2727 1421 ,
2766 1359 2862 1414 sed
2913 1357 3059 1412 aliud
3098 1356 3355 1428 quiddam
3408 1359 3477 1412 ab
3508 1348 3599 1413 illo

2032 1445 2453 1521 concipiendum
2498 1463 2622 1503 esse
2660 1446 2856 1502 Filium
2895 1465 2909 1501 :
2946 1463 3134 1502 verum
3175 1446 3306 1501 illud
3363 1447 3597 1516 primum

2031 1537 2171 1605 apud
2204 1552 2303 1594 nos
2348 1540 2782 1609 perpendamus,
2822 1540 2967 1610 quod
3000 1553 3126 1595 cum
3166 1538 3440 1608 praphette
3469 1554 3597 1609 pro-

2032 1625 2268 1694 positum
2303 1637 2448 1683 esset
2481 1629 2536 1682 in
2573 1629 2771 1697 spiritu
2818 1629 2965 1699 loqui
2996 1630 3275 1700 mysteria,
3308 1642 3596 1697 personam

2033 1716 2192 1772 nobis
2239 1719 2393 1788 lingit
2430 1718 2575 1785 Filii,
2612 1720 2856 1790 adeoque
2904 1719 3116 1774 inducit
3169 1718 3344 1789 ipsum
3376 1732 3406 1771 a
3436 1717 3597 1772 Patre

2029 1808 2382 1864 audientem:
2425 1828 2443 1861 ι
2483 1808 2655 1866 Filius
2689 1826 2845 1865 meus
2893 1825 2953 1865 es
3002 1811 3117 1865 tu"
3142 1850 3157 1875 ,
3196 1828 3215 1861 ι
3249 1816 3303 1865 et
3339 1824 3460 1878 qua:
3511 1823 3597 1863 se-

2028 1908 2294 1970 quuntur.
2330 1900 2515 1972 Neque
2546 1916 2674 1956 vero
2703 1901 2945 1956 humano
2974 1917 3129 1957 more
3154 1902 3328 1958 edicta
3364 1902 3592 1967 locutio,

2026 1994 2135 2050 duo
2174 1995 2349 2051 Verba
2384 1993 2684 2064 intelligere
2725 2010 2827 2049 nos
2882 1993 3096 2065 adiget,
3129 1993 3226 2048 sed
3254 1993 3323 2047 ad
3352 2002 3593 2047 nostram

2025 2086 2476 2142 consuetudinem
2530 2084 2846 2140 istiusmodi
2916 2084 3291 2140 necessarium
3339 2084 3593 2153 loquendi

2025 2195 2199 2250 genus
2229 2176 2535 2236 referentes
2557 2217 2573 2244 ,
2614 2190 2724 2239 non
2755 2175 2963 2247 injuria
3006 2183 3210 2231 nostrae
3247 2185 3463 2230 natune
3492 2176 3595 2228 im-

2024 2271 2377 2329 becillitatem
2432 2268 2853 2333 accusabitnus,
2912 2268 3001 2322 cui
3051 2267 3251 2324 desunt
3314 2267 3480 2322 verba
3537 2273 3592 2321 et

2022 2360 2545 2430 contemplationes,
2610 2372 2731 2432 quae
2787 2357 3067 2428 mysteriis
3132 2355 3350 2428 ingenio
3402 2363 3593 2411 nostro

2022 2449 2308 2507 altioribus
2344 2458 2532 2504 exacte
2578 2446 2916 2527 explicandis
2971 2447 3311 2509 inserviant,
3377 2454 3471 2500 aut
3502 2461 3593 2500 res

2020 2542 2207 2598 deitati
2262 2547 2631 2612 congruentes
2707 2540 2983 2611 inculpate
3063 2538 3171 2611 θα.
3242 2539 3591 2609 interpretari

2019 2636 2288 2690 valeant:
2335 2632 2431 2688 sed
2479 2640 2737 2687 naturam
2796 2645 2957 2702 porro
3004 2627 3245 2685 divinam
3297 2637 3478 2685 mente
3539 2637 3593 2683 et

2019 2728 2269 2787 oratione
2302 2734 2489 2781 nostra
2529 2724 2869 2794 superiorem
2921 2737 3045 2777 esse
3097 2720 3428 2786 fatebimur,
3481 2735 3589 2774 non

2019 2817 2242 2889 perinde
2283 2825 2443 2893 atque
2488 2814 2767 2873 dicuntur.
2799 2827 2889 2867 res
2937 2812 3155 2866 divinas
3191 2813 3375 2866 animo
3431 2811 3592 2880 plane

2019 2908 2318 2982 capientes,
2352 2906 2446 2961 sed
2485 2912 2647 2982 prout
2687 2903 2789 2972 ipsi
2831 2903 3186 2964 conveniunt,
3226 2916 3432 2972 easque
3470 2903 3587 2954 vult

2020 3015 2050 3054 a
2081 2999 2237 3054 nobis
2273 2993 2680 3066 comprehendi.
2737 2993 2990 3063 Alioqui,
3052 2993 3098 3049 si
3154 3007 3439 3063 perperam
3482 3007 3586 3047 nos

2019 3088 2323 3146 istiusmodi
2347 3086 2492 3141 abuti
2518 3085 2698 3140 verbis
2728 3084 2966 3138 haeretici
3005 3082 3225 3153 quidam
3248 3082 3587 3147 existimant,

2017 3191 2068 3239 et
2096 3179 2349 3253 loquendi
2380 3193 2552 3249 genus
2585 3176 2651 3229 ad
2703 3184 2949 3233 nostram
2994 3174 3445 3230 consuetudinem
3499 3190 3590 3229 ac-

2014 3272 2265 3329 commod
2285 3270 2364 3325 ari
2387 3270 2601 3333 nolunt,
2622 3268 2746 3338 jure
2771 3265 2996 3322 audient
3020 3285 3032 3320 :
3066 3265 3372 3321 Censeatur
3398 3274 3587 3321 nostro

2012 3380 2232 3435 quoque
2290 3377 2441 3417 more
2493 3360 2655 3414 Pater
2709 3359 2974 3431 gignere;
3034 3368 3224 3412 uterus
3285 3365 3339 3411 et
3389 3366 3576 3427 partus

2011 3456 2231 3511 dolores
2274 3454 2325 3509 ei
2369 3468 2493 3509 esse
2537 3466 2645 3506 non
2698 3462 2986 3520 negentur.
3023 3466 3042 3500 ι
3078 3447 3153 3503 Ex
3191 3455 3350 3503 utero
3379 3466 3397 3499 ι
3438 3448 3585 3501 enim

2017 3545 2234 3616 «genui
2284 3551 2372 3606 te,
2432 3561 2450 3593 ι
2516 3540 2696 3609 inquit
2762 3539 2923 3593 Filio.
2995 3535 3102 3591 Sed
3171 3536 3585 3606 respondebunt

2012 3633 2220 3697 forsan,
2241 3630 2412 3686 nostri
2435 3629 2816 3693 similitudine,
2839 3642 3027 3683 verum
3056 3626 3109 3680 in
3140 3624 3278 3679 Filio
3316 3625 3588 3695 gignendo
3686 3674 3691 3678 .

2012 3734 2226 3798 partum
2263 3722 2562 3794 signiﬁcari
2594 3721 2797 3777 Patris.
2835 3719 3023 3790 Itaque
3066 3719 3153 3790 pie
3201 3718 3332 3773 illud
3382 3720 3587 3772 intelli-

2011 3826 2201 3889 gatur,
2254 3814 2469 3871 tametsi
2520 3815 2758 3867 humano
2794 3826 2942 3865 more
2979 3810 3221 3875 dicitur,
3277 3817 3439 3879 atque
3493 3809 3566 3862 ita

2011 3910 2252 3965 solvetur
2307 3905 2508 3960 acerba
2554 3905 2798 3974 ipsorum
2832 3910 2889 3956 et
2927 3901 3091 3971 impia
3123 3899 3380 3969 obiectio.
3424 3898 3584 3953 Sulli-

2009 4007 2194 4056 cerent
2222 3998 2433 4060 isthmc,
2464 4004 2521 4049 ut
2558 4009 2703 4049 reor.
2734 3992 2838 4048 Sed
2870 4007 2993 4048 cum
3031 3991 3193 4047 nobis
3236 3990 3580 4060 propositmn

2010 4093 2080 4147 sit
2104 4090 2316 4144 illorum
2347 4086 2687 4156 obiectiones
2718 4082 2923 4137 nefarie
2960 4081 3223 4137 conﬂatas
3249 4096 3346 4136 ceu
3387 4095 3579 4151 quam-

2008 4182 2133 4237 dam
2180 4182 2417 4236 bostium
2447 4186 2684 4233 turmam
2721 4176 2933 4245 piorum
2968 4174 3284 4244 degmatum
3345 4172 3584 4229 sinceri-

2010 4281 2121 4328 tate
2146 4270 2528 4341 comprimere,
2576 4266 2832 4336 agedum,
2860 4265 2929 4319 iis
2975 4264 3171 4319 ordine
3204 4263 3404 4332 cuique
3451 4278 3579 4318 con-

2009 4363 2247 4421 venienti
2279 4359 2574 4432 propositis
2599 4397 2613 4421 ,
2649 4356 2987 4411 contrarium
3017 4368 3360 4423 opponamus
3380 4394 3396 4419 ν
3438 4363 3491 4408 et
3525 4353 3579 4407 in

2011 4472 2106 4512 cas
2136 4455 2465 4509 instructam
2505 4448 2758 4502 doctrina
2807 4459 3022 4514 semper
3051 4442 3331 4497 victricem
3382 4442 3582 4497 verita-

333 4533 425 4583 καὶ
447 4532 663 4586 λέλυται
690 4535 748 4587 τὸ
778 4539 972 4607 πικρὸν
998 4541 1178 4594 αὐτῶν
1219 4544 1312 4596 καὶ
1340 4546 1552 4600 ἀνόσιον
1589 4550 1898 4622 πρόϐλημα.

2022 4562 2113 4601 .em
2138 4556 2401 4615 generosa
2426 4548 2603 4593 mente
2622 4550 2918 4592 armemus.
2943 4533 3156 4589 Rursus
3170 4542 3348 4589 autem
3368 4534 3579 4589 haereti-

345 4623 594 4693 Ἐξήρκει
626 4627 724 4695 μὲν
766 4624 879 4693 οὖν,
905 4629 980 4694 ὡς
1012 4627 1185 4702 οἶμαι,
1220 4635 1313 4688 καὶ
1354 4636 1545 4692 ταῦτα.
1601 4640 1813 4715 Ἐπειδὴ
1845 4646 1903 4699 δὲ

2022 4651 2198 4694 eorum
2217 4632 2446 4703 objectio
2464 4628 2794 4702 syllogismis
2808 4628 2978 4697 ipsam
2997 4626 3332 4682 diluentibus
3346 4626 3581 4696 przemit-

333 4714 528 4782 χρῆναι
559 4715 668 4769 δεῖν
694 4718 1073 4791 ὑπειλήφαμεν
1102 4724 1168 4778 τὰ
1211 4726 1275 4779 ἐκ
1302 4728 1400 4798 τῆς
1432 4730 1654 4784 ἐκείνων
1682 4714 1904 4806 δυστρο-

2022 4740 2175 4796 Letnr,
2197 4743 2315 4799 quae
2336 4724 2727 4797 disputationis
2751 4725 3014 4777 rationem
3040 4731 3299 4778 accurato
3323 4720 3579 4790 subjiciat

332 4802 462 4864 πίας
494 4805 846 4877 ἐπινοηθέντα
896 4809 1274 4882 προϐλήματα,
1306 4814 1557 4887 καθάπερ
1580 4817 1703 4871 τινὰ
1739 4802 1899 4874 πολε-

2022 4820 2262 4884 :xamini,
2284 4827 2336 4875 et
2363 4818 2536 4873 instar
2550 4815 2724 4886 rapidi
2742 4814 3027 4885 cujusdam
3055 4812 3296 4868 ﬂuminis
3313 4814 3578 4868 lectorqu

334 4891 473 4961 μίων
498 4894 685 4965 ἐσμὸν,
737 4900 804 4969 τῇ
852 4898 962 4952 τῶν
1019 4901 1258 4957 εὐσεϐῶν
1306 4903 1589 4976 δογμάτων
1648 4909 1900 4983 ὀρθότητι

2022 4914 2217 4969 mimos
2243 4912 2452 4965 alacres
2486 4907 2624 4963 lerat
2654 4905 2722 4962 ad
2771 4905 3149 4976 percipiendas
3176 4904 3575 4975 oppositiones.

332 4986 785 5078 καίτῆκρούεσᾲθαιν
814 4989 945 5061 φέρε
966 4990 1028 5062 δὴ
1053 4994 1389 5064 παραθέντες
1447 5000 1585 5055 αὐτά
1611 5005 1751 5059 κατὰ
1803 5007 1956 5077 λόγον
2015 5011 2230 5078 ἑκάστῳ
2285 5006 2377 5060 τὸν
2426 5004 2632 5067 δέοντα,
2665 5002 2726 5055 τὸ
2771 5000 3118 5055 ἀντιπατοῦν
3160 4999 3579 5069 ἀντεγείρωμεν,

331 5074 808 5173 καιθερμοτέρως
825 5084 943 5173 κατ’
968 5084 1148 5138 αὐτῶν
1178 5086 1543 5161 ἐξοπλίσωμεν
1567 5074 1883 5168 θεωρήμασι
1919 5102 2015 5173 τὴν
2040 5102 2126 5156 ἀεὶ
2155 5074 2389 5155 νικῶσαν
2417 5096 2670 5166 ἀλήθειαν
2688 5111 2701 5124 ⁸
2729 5095 3020 5166 πρόϐλημα
3054 5093 3111 5145 δὲ
3138 5091 3315 5153 πάλιν,
3343 5088 3418 5153 ὡς
3447 5107 3576 5160 παρ·

702 5169 1029 5227 ἐπιλυόντων
1076 5176 1209 5229 αὐτὸ
1254 5178 1644 5253 συλλογισμῶν,
1677 5165 2076 5257 *προτετάξεται
2129 5191 2228 5262 τὴν
2249 5189 2340 5242 τοῦ
2372 5165 2530 5256 λόγου
2554 5185 2738 5255 νῆψιν,
2779 5165 2864 5248 είς
2924 5181 3318 5253 ἀκριϐεστέραν
3382 5185 3577 5251 χωρεῖν

329 5255 568 5352 ἐρεθίζον
599 5256 851 5327 βάσανον,
880 5264 975 5316 καὶ
1007 5265 1170 5319 οἱονεί
1192 5284 1334 5331 τινος
1356 5272 1600 5343 ποταμοῦ
1665 5255 2196 5352 ῥεόματοςνφορὰνί
2242 5278 2335 5331 ἐπὶ
2381 5278 2443 5330 τὸ
2484 5276 2689 5347 πρανὲς
2736 5274 2853 5327 ἐκεῖ
2903 5270 3208 5343 καταφέρον
3246 5271 3345 5342 τὴν
3382 5272 3475 5325 ἐπὶ
3516 5275 3579 5328 τό

330 5347 613 5415 βούλεσθαι
661 5351 723 5404 τὸ
746 5354 1040 5409 ἀντιτεῖνον
1069 5359 1359 5427 μανθάνειν
1399 5363 1486 5416 ἀεὶ
1518 5364 1626 5420 τῶν
1657 5347 2056 5443 ἐντευξομένων
2085 5371 2295 5442 ἀγαθὴν
2325 5368 2658 5440 προθυμίαν.

327 5438 669 5507 Ηρόόλημα,
699 5440 831 5509 ἦτοι
872 5445 1173 5515 ἀντίθεσις
1207 5450 1287 5517 ὡς
1327 5452 1395 5506 ἐκ
1425 5453 1541 5509 τῶν
1571 5438 1898 5526 αἱρετικῶνξ

403 5529 464 5593 Et
493 5531 568 5601 μὴ
589 5532 797 5604 ἔτερος,
833 5538 1018 5604 φασὶν,
1054 5539 1348 5613 ἐνυπάρχει
1386 5545 1462 5616 τῷ
1504 5547 1624 5618 Θεῷ
1672 5550 1765 5603 καὶ
1796 5552 1903 5607 [Ια-

333 5620 421 5689 τρὶ
449 5620 641 5688 Λόγος,
666 5624 927 5699 οὐσιώδης
955 5646 1012 5683 τε
1058 5632 1152 5687 καὶ
1186 5633 1485 5703 ἐνδιάθετος
1537 5641 1684 5712 παρά
1715 5643 1803 5697 τὸν
1846 5642 1904 5707 ἐξ

410 5795 455 5830 ⁷⁸
493 5799 635 5857 Psal.
681 5822 783 5871 (le,
812 5806 862 5860 ’5.
944 5810 984 5840 ⁷³
1026 5809 1169 5871 Psal.
1207 5828 1265 5878 tt,
1303 5813 1352 5868 7.

2224 5460 2518 5529 Oppositio,
2555 5460 2662 5513 sive
2704 5454 2924 5525 objcclio
2952 5453 3334 5529 Itazrett'eorum.

2069 5551 2206 5618 Nisi,
2246 5552 2522 5622 inquiunt,
2555 5550 2608 5603 in
2640 5547 2747 5603 Deo
2774 5556 2831 5603 et
2860 5546 3022 5603 Patre
3052 5544 3288 5601 Verbum
3332 5545 3404 5601 sit
3434 5559 3551 5599 con-
3645 5573 3650 5578 -

2003 5644 2365 5702 Substantiale
2395 5651 2447 5700 ct
2483 5641 2780 5706 internum,
2818 5638 2963 5695 aliud
2998 5640 3066 5695 ab
3105 5638 3399 5712 Unigenito
3432 5635 3573 5690 Filio
