4168 6560
640 278 712 384 σέ,
1622 327 1679 379 s.
1715 324 1993 379 unum
2034 325 2506 383 ALEXANDRINI
2531 327 2854 385 ARCHIEP.
3807 334 3885 397 se

642 442 735 513 qui
765 457 829 497 et:
860 441 979 513 ipso
1013 442 1355 526 est,_qnique
1376 441 1442 498 ad
1467 442 1613 497 illius
1640 443 2001 498 imitationem
2028 459 2199 499 voca-

2312 444 2473 499 αὑτοῦ
2534 450 2797 520 μονογενῆ
2856 446 3008 511 Υἰὺν,
3042 448 3101 513 ὃς
3146 448 3212 521 δὴ
3240 449 3333 503 καὶ
3372 450 3512 505 κατὰ
3536 450 3635 522 τὴν
3665 451 3880 505 ἐκείνου

642 543 734 587 tur
779 530 1038 596 Verbum,
1086 534 1396 589 absurditas
1431 534 1556 589 inde
1602 543 1887 604 sequetur,
1943 537 2199 608 uobisque

2316 536 2543 607 μίμησιν
2583 537 2825 593 καλεῖται
2864 540 3056 607 Λόγος,
3101 540 3300 596 ἄτοπόν
3338 541 3481 595 τιτὸ
3510 539 3761 596 ἐντεῦθεν
3788 542 3880 596 ἑκ·-

644 633 813 691 recte,
848 633 907 678 ut
935 639 1034 694 par
1072 633 1175 691 est,
1222 626 1583 681 sentientibus
1617 625 1901 683 fatendum
1940 636 2024 684 est
2062 630 2208 699 quod

2312 626 2556 697 ϐήσεται,
2597 630 2691 681 καὶ
2731 630 3010 699 ὁμολογεῖν
3071 632 3220 700 ἡμᾶς
3263 632 3560 699 ἀναγκαῖον
3592 632 3718 695 τοὺς
3741 631 3878 702 ὀρθὰ

641 716 692 769 si
745 714 892 771 Patri
935 716 1170 774 Verbum
1218 728 1302 773 est
1368 719 1872 785 consubstantiale,
1942 730 1997 777 et
2046 720 2199 777 Pater

2310 720 2522 789 φρονεῖν
2551 718 2849 788 οἰομένους,
2873 719 3064 789 ὅτιπερ
3097 722 3144 772 εἰ
3165 719 3448 790 όμοούσιός
3485 722 3630 773 ἐστιν
3653 722 3682 772 6
3706 719 3876 787 Λόγος

643 803 863 869 Verbo,
914 807 1052 864 nihil
1098 807 1315 864 demum
1351 808 1567 865 obstare
1615 810 1868 863 videatur
1913 811 2206 879 quominus

641 896 802 951 Pater
831 895 1069 955 Verbum
1099 899 1191 967 sit,
1224 905 1277 955 et
1321 910 1567 966 vocetur,
1602 910 1731 971 puta
1758 899 1936 957 Verbo
1967 904 2204 959 consub-

636 983 936 1041 stantialis.

1133 1075 1343 1133 Salutio
1388 1077 1712 1148 objectionis.

709 1168 866 1225 Nulla
892 1170 1035 1227 ratio
1062 1186 1182 1234 nos,
1208 1186 1242 1225 ο
1281 1172 1431 1235 boni,
1462 1181 1618 1242 coget
1652 1174 1929 1238 arbitrari,
1966 1174 2199 1231 Verbum

641 1258 848 1315 idcirco
879 1261 1096 1315 Patrem
1129 1261 1457 1317 censendum
1499 1277 1620 1319 esse
1648 1264 1729 1317 vel
1767 1263 2077 1327 dicendum,
2108 1274 2201 1318 aut

636 1349 992 1414 credendum,
1029 1350 1285 1418 quoniam
1331 1359 1414 1404 est
1454 1349 1635 1405 Verbo
1689 1354 2195 1409 consubstantialis.

635 1437 916 1507 Nusquam
944 1439 1088 1493 enim
1120 1455 1241 1509 qua:
1261 1440 1507 1509 ejusdem
1547 1448 1675 1494 sunt
1712 1450 1916 1496 naturae
1954 1450 2198 1496 mutuam

636 1532 987 1587 mutationem
1012 1531 1119 1602 35
1164 1539 1218 1585 et
1258 1531 1666 1603 permistionem
1697 1531 1864 1585 veluti
1906 1534 2198 1601 quamdam

635 1618 862 1673 alterius
895 1619 945 1673 in
982 1620 1208 1671 alterum
1243 1618 1493 1687 capient,
1544 1620 1616 1673 ita
1650 1628 1708 1672 ut
1739 1634 1770 1674 e
1798 1620 2108 1690 pluralitate
2140 1625 2194 1677 in

637 1708 894 1765 unitatem
925 1711 1170 1765 contrahi
1204 1713 1414 1780 possint
1437 1727 1522 1766 res
1547 1712 1886 1781 signiﬁcatio,
1913 1721 2007 1769 aut
2033 1714 2195 1768 etiam

2308 807 2385 878 τῷ
2434 809 2623 880 Πατρὶ,
2674 810 2766 863 καὶ
2810 810 2838 861 6
2892 810 3081 882 Πατὴρ
3112 812 3168 865 δὲ
3214 810 3291 882 τῷ
3319 810 3497 882 Λόγῳ,
3530 811 3679 864 οὐδὲν
3709 810 3788 863 ἔτι.
3817 810 3877 863 τὸ

2307 898 2514 950 κωλύον
2565 902 2777 969 ὁρᾶται,
2810 901 2981 969 Λόγον
3042 900 3180 955 εἶναι
3214 919 3273 955 τε
3315 902 3409 954 καὶ
3470 900 3756 955 καλεῖσθαι
3783 900 3876 955 τὸν

2306 990 2543 1062 Πατέρα,
2567 990 2641 1054 ὡς
2667 992 2948 1063 όμοοὺσιον
2978 992 3154 1059 Λόγῳ.

2795 1082 2945 1149 Πρός
2966 1080 3139 1135 τοῦτο
3174 1082 3375 1147 λύσις.

2373 1174 2578 1239 Οὐδεὶς,
2613 1167 2656 1226 ὦ
2682 1173 2963 1244 βέλτιστοι,
2988 1174 3186 1244 τρόπος
3208 1175 3356 1244 ἡμᾶς
3380 1171 3679 1240 ἀναγκάσει
3702 1169 3875 1239 Λόγον

2301 1265 2509 1319 οἴεσθαι
2551 1267 2661 1319 δεῖν
2715 1266 2804 1318 τὸν
2835 1265 3049 1336 Πατέρα
3096 1266 3238 1317 νοεῖν
3265 1281 3326 1317 τε
3358 1264 3453 1316 καὶ
3492 1261 3749 1331 λέγειν,ἢ
3777 1261 3875 1314 καὶ

2302 1351 2439 1409 εἶναι
2479 1356 2735 1409 δύνασθαι
2791 1356 3086 1419 πιστεύειν,
3150 1355 3343 1425 ὄτιπέρ
3396 1357 3542 1407 ἐστιν
3586 1352 3874 1423 όμοοὺσιος

2301 1448 2486 1518 Λόγῳο
2510 1448 2570 1499 οὐ
2604 1448 2711 1517 γὰρ
2742 1447 2958 1506 πάντως
3004 1445 3070 1498 τὰ
3117 1446 3217 1515 τῆς
3261 1446 3431 1515 αὑτῆς
3475 1444 3605 1497 ὅντα
3634 1442 3870 1510 φύσεως,

2300 1541 2397 1611 τὴν
2442 1542 2520 1603 εἰς
2554 1540 2757 1610 ἄλληλα
2796 1540 3034 1611 χωρήσει
3078 1538 3379 1609 μεταϐολὴν
3413 1536 3509 1590 καὶ
3545 1535 3871 1604 ἀνάκρασιν,

2300 1631 2485 1703 ὥσπερ
2534 1630 2650 1685 τινὰ
2678 1632 2777 1696 τὴν
2821 1631 2877 1697 ἐξ
2909 1631 3094 1700 ἐτέρου
3129 1629 3266 1699 πρὸς
3313 1629 3499 1698 ἕτερον
3548 1625 3870 1691 ἑπιδέξεται,

2299 1721 2374 1784 ὡς
2399 1723 2462 1774 ὲκ
2497 1720 2730 1790 πλήθους
2766 1721 2845 1784 εἰς
2896 1719 3056 1772 ἐνάδα
3111 1717 3369 1771 δύνασθαι
3423 1714 3754 1776 συσταλῆναι
3801 1713 3872 1767 τά

632 1813 697 1853 ex
712 1798 968 1855 dualilate
985 1800 1039 1854 in
1054 1802 1340 1857 unitatem.
1356 1780 1636 1872 Nonjenim
1661 1817 1723 1855 ex
1746 1804 1962 1871 eoquod
1983 1805 2198 1873 generis

2302 1780 2751 1885 σημαινόμενα,
2788 1780 2882 1866 καὶ
2922 1816 2985 1866 ὲκ
3014 1813 3199 1876 δυάδος
3228 1814 3307 1875 εἰς
3365 1810 3527 1863 ὲνάδα
3568 1809 3751 1877 τυχόν.
3793 1808 3870 1860 Οὐ

634 1898 828 1945 auctor
852 1888 1025 1944 Adam
1055 1899 1189 1945 nato
1218 1906 1280 1946 ex
1315 1907 1374 1947 se
1401 1892 1515 1945 ﬁlio
1538 1893 2025 1949 consubstantialis
2059 1903 2197 1959 erat,

635 1978 844 2033 idcirco
872 1986 1026 2049 pater
1078 1981 1337 2050 migrabit
1368 1984 1419 2039 in
1470 1982 1660 2049 ﬁlium,
1691 1991 1744 2037 et
1778 1984 2021 2038 vicissim
2054 1985 2198 2042 ﬁlius

634 2069 692 2125 in
734 2079 965 2139 patrem.
1014 2070 1119 2127 Sed
1177 2090 1345 2131 unum
1406 2075 1535 2143 quid
1578 2076 1853 2130 exsistens
1894 2092 2017 2130 eum
2056 2079 2196 2148 ipso,

631 2164 780 2218 velut
818 2163 885 2221 ad
919 2164 1182 2219 unitatem
1220 2167 1602 2221 substantialis
1628 2168 1910 2237 qualitatis
1947 2170 2199 2239 proprie-

630 2264 797 2311 tatem
832 2271 988 2310 suam
1034 2257 1190 2320 feret,
1256 2265 1309 2311 et
1352 2258 1499 2321 ﬁlius
1534 2259 1753 2328 quidam
1786 2275 1849 2313 ex
1876 2270 2034 2329 patre
2064 2274 2199 2328 quo-

627 2341 755 2397 dam
781 2342 1130 2409 ceusebitur:
1160 2352 1313 2414 pater
1339 2361 1470 2401 vero
1500 2348 1750 2404 vicissim
1784 2349 2001 2417 genitor
2026 2349 2199 2402 alieu~

625 2434 719 2503 jus
766 2452 891 2493 esse
934 2436 1228 2491 videbitur.
1261 2436 1417 2502 Quod
1449 2438 1495 2493 si
1530 2448 1751 2494 acutum
1807 2440 2065 2509 quiddam
2106 2441 2197 2495 hic

628 2543 731 2581 vos
766 2530 1111 2585 comminisci
1148 2532 1377 2599 putatis,
1411 2539 1466 2586 et
1508 2533 2058 2590 consubstantialitas
2092 2536 2197 2589 uti-

626 2634 736 2688 que
804 2629 965 2691 coget
1010 2622 1485 2677 consubstautiale
1539 2639 1704 2677 unum
1739 2624 1871 2694 quid
1904 2639 2028 2678 esse
2064 2640 2200 2679 eon-

625 2711 1000 2778 substantiali,
1037 2729 1138 2768 nec
1198 2714 1369 2767 ullum
1420 2714 1719 2770 discrimen
1753 2731 1878 2770 esse
1933 2717 2195 2785 patietur,

627 2801 704 2857 ita
738 2810 795 2856 ut
829 2804 1255 2874 unumquodque
1291 2807 1363 2863 sit
1400 2806 1454 2860 in
1488 2822 1545 2862 se
1576 2814 1633 2861 et
1679 2806 1736 2860 in
1768 2823 1878 2877 quo
1911 2815 1995 2862 est
2024 2825 2036 2859 :
2065 2807 2197 2879 quid

626 2892 842 2949 induxit
867 2896 1113 2952 omnium
1160 2895 1429 2964 Iudicem,
1472 2906 1531 2952 ut
1580 2906 1790 2967 patrem
1823 2899 2042 2969 quidem
2081 2917 2191 2955 nou

625 2982 821 3051 puniat
873 3000 971 3055 pro
1033 2984 1170 3048 ﬁlio,
1217 3001 1318 3041 nec
1363 2986 1428 3041 de
1467 2988 1577 3041 ﬁlio
1631 2989 1962 3058 supplicium
2014 2997 2196 3043 sumat

2299 1902 2405 1971 γὰρ
2475 1902 2768 1974 ἐπειδήπερ
2829 1902 3110 1973 όμοοὺσιος
3178 1904 3421 1972 ὑπῆρχεν
3477 1902 3506 1953 6
3570 1899 3871 1969 προπάτωρ

2313 1992 2482 2062 ’Λδὰμ
2503 1994 2579 2064 τῷ
2637 1994 2697 2058 ἐξ
2727 1996 2891 2047 αὑτοῦ
2928 1994 3084 2064 φύντι
3136 1994 3306 2054 παιδὶ,
3334 1993 3422 2046 διὰ
3451 1991 3607 2045 τοῦτο
3632 1991 3870 2061 χωρήσει

2303 2085 2399 2154 μὲν
2433 2086 2461 2136 ὁ
2494 2084 2673 2157 πατὴρ
2697 2087 2776 2147 εἰς
2806 2086 2942 2150 υἱὸν,
2974 2084 3402 2155 άνταναὸήσεται
3438 2082 3493 2135 δὲ
3519 2077 3675 2143 αὖθις
3700 2082 3730 2134 ὁ
3756 2078 3871 2142 υἰδς

2299 2175 2379 2239 εἰς
2420 2175 2627 2247 πατέρα
2657 2194 2670 2207 ’
2716 2177 2831 2230 ἀλλ’
2860 2178 2918 2233 ἓν
2959 2177 3203 2247 ὑπάρχον
3243 2175 3383 2250 πρὸς
3421 2174 3604 2238 αὑτὸν,
3628 2173 3703 2236 ὡς
3734 2170 3871 2243 πρὸς

2298 2262 2393 2334 τὴν
2411 2264 2632 2334 ἑνότητα
2647 2264 2745 2335 τῆς
2766 2264 3051 2329 οὑσιὼδους
3076 2268 3357 2335 ποιότητος
3378 2264 3597 2333 φορέσει
3627 2262 3687 2314 τὸ
3716 2260 3866 2323 ἴδιον,

2298 2353 2392 2407 καὶ
2441 2354 2555 2415 υἱὸς
2593 2354 2689 2423 μέν
2746 2372 2828 2417 τις
2879 2358 2906 2408 6
2941 2357 3003 2408 ἐκ
3064 2353 3269 2424 πατρός
3305 2368 3447 2415 τινος
3505 2350 3866 2420 νοηθὴσεταιο

2299 2442 2479 2513 πατὴρ
2515 2443 2571 2495 δὲ
2622 2444 2783 2515 πάλιν
2816 2446 2845 2496 6
2886 2446 3163 2514 γεννήτωρ
3209 2443 3356 2505 τινὸς
3402 2438 3869 2509 ἀναδεδειγμένος.

2298 2535 2361 2586 Εἰ
2386 2534 2441 2586 δὲ
2470 2533 2645 2587 οἴεσθε
2700 2535 2859 2604 σοφὸν
2896 2536 2988 2586 ἐπὶ
3019 2532 3193 2604 τούτῳ
3235 2529 3660 2592 κατασκευάζειν
3690 2527 3867 2595 λόγον,

2298 2625 2356 2678 ἓν
2418 2625 2474 2679 δὲ
2518 2620 2657 2678 εῖναι
2722 2627 2938 2691 πάντως
2985 2627 3018 2696 ἡ
3073 2624 3427 2695 ὀμοουσιότης
3452 2621 3750 2689 ἀναγκάσει
3807 2618 3871 2671 τὸ

2298 2716 2576 2788 ὁμοοὺσιον
2605 2718 2679 2789 τῷ
2711 2718 2998 2789 όμοουσεῳ,
3028 2717 3122 2769 καὶ
3150 2714 3432 2785 διαστολὴν
3460 2712 3721 2783 οὐδεμίαν
3754 2712 3869 2763 ἑπι-

2298 2810 2482 2880 τρέψει
2515 2814 2752 2882 κρατεῖν,
2801 2812 2874 2874 ὡς
2906 2810 3132 2863 ἕκαστον
3160 2803 3298 2860 εἶναι
3349 2805 3471 2859 καθ’
3522 2801 3703 2872 ἑαυτῷ
3749 2798 3862 2871 [ἴθ’.

2299 2898 2501 2971 ὲαυτὸ],
2533 2899 2627 2952 καὶ
2654 2902 2709 2951 ὲν
2737 2892 2887 2967 ᾧπέρ
2918 2900 3030 2950 ἐστι
3054 2914 3066 2927 ·
3113 2897 3165 2949 τί
3192 2896 3254 2947 τὸ
3281 2893 3539 2954 πεπεικδς
3561 2890 3652 2943 τὸν
3700 2888 3871 2942 ἁπάν-

2298 3006 2404 3041 των
2438 2990 2651 3059 κριτὴν,
2685 2988 2895 3056 πατέρα
2919 2988 3014 3056 μὲν
3049 2986 3122 3056 μὴ
3149 2984 3395 3047 κολάζειν
3425 2981 3565 3051 ὑπὲρ
3596 2978 3735 3041 υἱοῦ,
3754 2976 3868 3029 υἰδν

626 3088 728 3141 pro
759 3082 914 3143 patre
946 3076 970 3129 ἳ
1001 3093 1019 3127 ι
1057 3076 1252 3133 Anima
1283 3077 1454 3141 enim,
1501 3098 1520 3129 ι
1552 3078 1754 3149 inquit,
1795 3099 1813 3130 ‹
1849 3096 1971 3149 quze
2007 3096 2199 3151 pecca-

2299 3080 2355 3133 δὲ
2402 3081 2542 3150 ὑπὲρ
2589 3081 2792 3149 πατρὸς
2839 3078 2912 3148 μὴ
2956 3075 3376 3148 εἰσπράττεσθαι
3429 3073 3614 3137 δίκας;
3651 3089 3671 3124 ‹
3708 3068 3870 3140 Ψυχὴ

627 3164 791 3231 verit,
821 3166 941 3235 ipsa
983 3168 1252 3223 morietur
1290 3186 1304 3223 :
1343 3168 1486 3224 ﬁlius
1548 3179 1729 3225 autem
1794 3188 1903 3225 non
1969 3172 2199 3241 accipiet

2304 3172 2430 3240 γὰρ,
2466 3189 2483 3222 ι
2532 3171 2714 3239 φησὶν,
2742 3188 2759 3219 ι
2799 3172 2831 3239 ἡ
2886 3170 3295 3239 ἁμαρτάνουσα,
3334 3165 3470 3235 αὑτὴ
3501 3164 3869 3227 ἀποθανεῖται,

629 3254 971 3325 iniquitatem
1010 3260 1203 3328 patris,
1237 3277 1417 3331 neque
1450 3269 1607 3331 pater
1657 3264 1897 3334 accipiet
1934 3265 2199 3334 iniquita-

2301 3263 2328 3313 6
2357 3261 2411 3312 δὲ
2446 3261 2556 3323 υἱὸς
2581 3261 2639 3311 οὑ
2669 3259 2896 3329 λήψεται
2921 3260 3017 3326 τὴν
3040 3259 3311 3329 ἁμαρτίαν
3329 3255 3423 3310 τοῦ
3454 3255 3659 3326 πατρὸς
3683 3250 3871 3317 αὑτοῦ,

627 3355 738 3401 tem
776 3346 871 3405 lilii
906 3349 992 3404 sui
1026 3350 1094 3402 ⁸⁸.
1136 3370 1154 3403 ι
1190 3352 1329 3406 Cum
1372 3369 1502 3409 vero
1537 3356 2074 3413 consubstantialem
2104 3375 2199 3413 ex-

2301 3352 2419 3405 οὑδὲ
2449 3354 2475 3405 ό
2504 3352 2682 3424 πατὴρ
2712 3351 2936 3421 λήψεται
2956 3351 3052 3421 τὴν
3067 3349 3339 3421 ἁμαρτίαν
3363 3349 3458 3402 τοῦ
3487 3347 3605 3400 υἰοῦ
3632 3344 3819 3400 αὑτοῦ.
3845 3364 3866 3397 ι

624 3436 912 3494 sisteutem
954 3447 1163 3508 patrem
1220 3441 1331 3496 ﬁlio
1379 3442 1518 3511 justi
1583 3443 1795 3501 Judicis
1831 3450 2103 3502 sententia
2143 3448 2199 3503 in

2313 3444 2527 3515 Ἐπειδὴ
2561 3444 2616 3497 δὲ
2648 3443 2929 3512 όμοοὺσιον
2965 3442 3091 3495 ὄντα
3128 3441 3218 3494 τὸν
3263 3440 3477 3511 πατέρα
3517 3438 3595 3508 τῷ
3638 3437 3741 3508 υἱῷ
3771 3437 3873 3489 οὐκ

626 3528 913 3586 ﬁliationis
946 3530 1129 3586 locum
1198 3548 1306 3587 non
1340 3532 1617 3600 detrudat,
1660 3552 1840 3606 neque
1870 3554 1997 3591 vero
2029 3538 2199 3593 ﬁlium

2306 3536 2385 3599 εἰς
2423 3536 2514 3588 τὸν
2544 3536 2643 3605 τῆς
2663 3534 2907 3604 υἱότητος
2936 3534 3098 3587 τόπον
3125 3533 3153 3585 6
3178 3531 3272 3586 τοῦ
3300 3531 3369 3583 τὰ
3395 3532 3577 3585 δίκαια
3595 3528 3874 3601 κρίνοντος

627 3617 687 3672 in
721 3621 1068 3689 paternitatis
1099 3638 1329 3678 numero
1351 3630 1578 3689 statuat,
1611 3625 1704 3681 sed
1735 3627 1968 3692 seorsim
1991 3638 2203 3682 utrum-

625 3725 737 3779 que
773 3712 945 3777 norit,
970 3728 1147 3781 neque
1178 3714 1281 3768 boc
1321 3714 1373 3768 in
1410 3715 1541 3769 illud
1568 3716 1827 3785 migrare,
1860 3733 2039 3787 neque
2069 3719 2202 3774 illud

628 3802 684 3857 in
718 3801 820 3856 ltoe
874 3804 1141 3867 vicissim,
1201 3805 1332 3859 licet
1371 3820 1476 3859 una
1523 3808 1826 3863 exsisteute
1877 3809 1930 3862 in
1965 3818 2203 3881 utroque

627 3890 977 3945 substantia:
1012 3892 1366 3949 manifestum
1434 3902 1518 3950 est
1570 3896 1758 3966 utique
1818 3898 1971 3951 nullo
2040 3898 2203 3952 modo

624 3992 880 4039 coactum
904 3984 971 4040 iri
1038 3983 1206 4042 Deum
1239 3994 1292 4042 et
1318 3985 1535 4042 Patrem
1577 3995 1637 4041 ut
1671 3988 1744 4044 sit
1779 3989 2044 4055 Verbum,
2075 4006 2204 4060 pro-

629 4084 814 4145 pterea
873 4076 1019 4145 quod
1070 4087 1152 4133 est
1199 4077 1379 4134 Verbo
1435 4080 1924 4137 consubstantialis
1972 4091 2205 4139 :manet

620 4167 776 4221 enim
839 4167 1000 4237 plane
1044 4169 1099 4223 in
1130 4169 1332 4240 seipso,
1371 4170 1474 4225 hoc
1522 4180 1608 4227 est
1640 4171 1826 4237 Pater,
1856 4174 1985 4229 licet
2014 4175 2109 4245 qui
2136 4192 2200 4232 ex

622 4258 754 4326 ipso
781 4259 1002 4329 genitus
1025 4267 1132 4328 est,
1169 4262 1507 4331 intelligatur
1540 4270 1595 4316 et
1629 4264 1699 4316 sit
1728 4262 1991 4329 Verbum,
2026 4275 2195 4336 atque

624 4351 845 4411 idcirco
874 4351 1068 4419 Filius,
1099 4369 1169 4408 ne
1202 4371 1291 4411 res
1325 4355 1523 4412 divinae
1569 4354 1871 4412 deteriores
1906 4358 2201 4414 videantur

627 4458 754 4501 esse
776 4459 939 4514 quam
964 4452 1187 4502 nostrae.

698 4619 929 4682 ALIUD,
961 4622 1016 4676 in
1056 4620 1265 4675 modum
1322 4622 1652 4692 olrjectionis,
1707 4641 1799 4693 per
1840 4625 2194 4680 reductionem

2302 3627 2600 3697 καταφέρει
2658 3626 2836 3693 λόγος,
2887 3624 3011 3679 οὔτε
3066 3624 3171 3695 μὴν
3198 3622 3484 3693 ἀνατίθησι
3514 3621 3605 3675 τδν
3646 3621 3762 3673 υἱὸν
3791 3620 3872 3683 εἰς

2300 3716 2400 3786 τὴν
2426 3717 2524 3784 τῆς
2545 3714 2878 3786 πατρότητος
2909 3714 3076 3779 θέσιν,
3104 3713 3216 3767 ἀλλ’
3267 3712 3575 3776 ἰδιαζόντως
3613 3709 3872 3779 ἑκάτερον

2304 3801 2465 3872 οἰδεν,
2493 3806 2614 3860 οὔτε
2652 3807 2811 3860 τοῦτο
2841 3806 2920 3869 εἰς
2950 3807 3126 3859 ἐκεῖνο
3154 3803 3385 3877 χωροῦν,
3412 3802 3535 3856 οὑτε
3566 3801 3671 3874 μὴν
3700 3802 3875 3854 tum

2304 3898 2438 3971 πρὸς
2481 3899 2637 3952 τοῦτο
2696 3899 2931 3970 βαδίζον,
2965 3899 3143 3951 καίτοι
3177 3899 3306 3968 μιᾶς
3357 3895 3526 3967 οὔσης
3563 3894 3874 3964 ἔπ’άμφοῖι

2300 3993 2399 4062 τῆς
2414 3992 2597 4056 οὑσίας
2617 4008 2630 4022 ο
2652 3991 2914 4063 πρόδηλον
2959 3989 3248 4062 δήπουθεν,
3271 3988 3346 4051 ὡς
3376 3987 3551 4049 οὐδεὶς
3570 3982 3871 4053 ἀναγκάσει

2300 4083 2501 4153 τρόπος
2546 4084 2927 4154 μεταχωρῆσαι
2964 4081 3153 4134 λοιπὸν
3206 4081 3286 4144 εἰς
3317 4079 3378 4131 τὸ
3406 4073 3542 4130 εἶναι
3581 4076 3750 4145 Λόγον
3781 4074 3872 4126 τὺι

2302 4175 2433 4230 Θεὸν
2486 4177 2582 4231 καὶ
2610 4176 2850 4248 Πατέρα,
2906 4173 3138 4246 ἐπείπερ
3196 4172 3344 4226 ἐστὶν
3373 4169 3654 4242 όμοούσιος
3680 4166 3836 4235 Λόγῳ
3856 4182 3871 4194 ’

2306 4272 2453 4341 μένει
2492 4271 2598 4340 γάρ
2616 4269 2830 4332 πάντως
2865 4268 2947 4335 ἐφ’
2984 4265 3188 4335 ἑαυτῷ,
3213 4263 3356 4317 τοῦτ’
3381 4263 3495 4315 ἔστι
3526 4259 3739 4330 Πατὴρ,
3773 4256 3875 4310 κᾶν

2302 4363 2330 4415 6
2361 4361 2419 4425 ἐξ
2454 4358 2620 4413 αὑτοῦ
2642 4358 2920 4428 γεννηθεὶς
2951 4357 3139 4426 νοῆται
3186 4355 3278 4408 καὶ⁵
3308 4352 3526 4424 ὑπάρχῃ
3561 4350 3754 4418 Λόγος,
3784 4351 3877 4402 καὶ

2228 4453 2271 4507 D
2298 4452 2382 4506 διὰ
2403 4450 2556 4504 τοῦτο
2592 4450 2738 4512 Υἱὸς,
2770 4450 2856 4501 ἵνα
2892 4447 2966 4519 μὴ
2990 4447 3083 4500 καὶ
3108 4448 3165 4499 ὲν
3186 4445 3391 4516 χείροσι
3436 4442 3542 4496 τῶν
3572 4440 3697 4495 καθ’
3724 4440 3874 4511 ἡμᾶς

2299 4542 2552 4614 φαίνηται
2583 4540 2651 4594 τά
2680 4539 2945 4610 θειότερα.

2372 4633 2575 4696 ΑΛΛΟ,
2621 4631 2769 4697 πρὸς
2827 4628 2891 4682 τὸ
2927 4625 3067 4681 ἴσον
3092 4628 3166 4696 τῇ
3187 4626 3484 4682 ἀντιθέσει
3519 4624 3749 4694 σχῆμα,
3782 4620 3878 4675 διὰ

629 4711 699 4768 ad
736 4713 1047 4770 absurdum.
1082 4713 1277 4776 Filius,
1307 4720 1569 4784 tanquam
1600 4731 1628 4768 a
1664 4715 1823 4771 Patre
1854 4719 2005 4775 nullo
2036 4719 2197 4772 modo

2301 4722 2410 4790 τῆς
2464 4723 2550 4786 εἰς
2597 4720 2825 4773 ἄτοπον
2867 4717 3206 4789 ἀπαγωγῆς.
3265 4719 3355 4779 Ὠς
3406 4714 3666 4785 οὐδεμίαν
3734 4712 3871 4781 ἔχων

628 4804 898 4869 diversus,
958 4804 1051 4862 sed
1110 4805 1518 4864 absolutissima
1579 4808 1779 4879 imago,
1815 4818 1869 4864 et
1913 4811 2199 4866 character

2303 4812 2656 4884 παραλλαγὴν
2684 4811 2821 4883 πρὸς
2863 4810 2952 4865 τὸν
2978 4810 3169 4864 ἑαυτοῦ
3201 4808 3419 4880 Πατέρα
3455 4808 3483 4860 6
3521 4806 3670 4868 Υἱὸς,
3711 4800 3877 4855 εἰκὼν

626 4896 947 4953 substantia:
994 4895 1116 4967 ejus
1176 4896 1479 4961 casistens,
1537 4899 1656 4953 suis
1702 4900 1993 4971 discipulis
2031 4901 2191 4957 inﬁt:

2298 4906 2355 4959 δὲ
2379 4903 2636 4976 ὑπάρχων
2659 4902 3047 4974 ἀκριϐεστάτη,
3075 4901 3169 4955 καὶ
3198 4899 3486 4971 χαρακτὴρ
3508 4897 3608 4968 τῆς
3636 4893 3874 4949 ὑποστά-

628 5008 654 5042 ε
686 4988 792 5055 Qui
845 4987 983 5047 vidit
1045 5002 1154 5050 me.
1208 4987 1348 5042 vidit
1393 4998 1448 5044 et
1477 4988 1693 5045 Patrem
1725 4992 1792 5045 υ.
1839 5010 1857 5043 ι
1892 4994 1960 5047 At
1985 4994 2029 5048 si
2070 5011 2193 5049 cum

2301 5014 2439 5060 σεως
2468 4992 2654 5055 αὑτοῦ,
2706 4994 2845 5065 πρὸς
2872 4995 2998 5058 τοὺς
3036 4991 3229 5046 ἑαυτοῦ
3275 4990 3523 5062 μαθητὰς
3564 4986 3877 5058 εὑρίσκεται

626 5080 940 5137 istiusmodi
967 5078 1063 5145 sit,
1095 5079 1587 5136 consubstantialis
1604 5090 1687 5136 est
1716 5081 1886 5147 Patri,
1922 5083 2197 5140 confusio-

2298 5089 2469 5156 λέγων
2496 5106 2512 5121 ο
2546 5106 2565 5140 ι
2617 5086 2673 5141 Ὀ
2700 5084 2960 5159 ἑωρακὼς
2991 5085 3113 5156 ἐμὲ,
3142 5083 3354 5155 ἑώρακε
3407 5083 3498 5137 τὸν
3540 5080 3785 5150 Πατέρα.
3850 5095 3869 5128 ι

622 5187 752 5228 nem
794 5178 979 5229 autem
1028 5169 1172 5226 inter
1211 5186 1271 5228 se
1322 5186 1414 5227 res
1467 5174 1974 5231 consubstantiales
2008 5177 2196 5246 utique

2312 5180 2448 5233 Ἀλλ’
2470 5178 2808 5249 εἷπεροὺτως
2829 5178 2967 5249 ἔχων
2983 5175 3262 5247 ὁμοοὺσιός
3295 5176 3409 5227 ἐστι
3445 5172 3523 5243 τῷ
3547 5171 3746 5240 Πατρὶ,
3768 5168 3870 5236 τὴν

629 5263 955 5334 suscipient,
989 5262 1150 5330 nihil,
1187 5273 1245 5318 ιιι
1273 5273 1521 5334 apparet,
1551 5267 1866 5335 prohibebit
1906 5269 2199 5338 quominus

2300 5270 2355 5324 δὲ
2382 5271 2462 5334 εἰς
2490 5269 2693 5340 ἄλληλα
2726 5268 2946 5330 πάντως
2973 5265 3237 5334 ἀνάχυσιν
3269 5260 3574 5327 ἑπιδέξεται
3597 5260 3665 5312 τὰ
3685 5256 3879 5328 όμοοὺ-

624 5344 795 5411 Pater
829 5362 1123 5412 censeatur
1153 5370 1277 5413 esse
1312 5355 1508 5423 Filius,
1544 5366 1735 5427 utpote
1770 5356 1922 5413 Patri
1958 5358 2199 5414 consub-

2304 5378 2414 5428 σια,
2446 5361 2595 5414 οὐδὲν
2639 5358 2873 5413 κωλύσει
2927 5356 3068 5409 κατὼ
3098 5353 3160 5406 τὸ
3193 5353 3337 5416 εἰκὸς
3367 5349 3590 5421 Πατέρα
3642 5346 3877 5400 νοεῖσθαι

623 5445 931 5512 stantialis,
970 5444 1175 5518 quique
1205 5446 1316 5518 36
1348 5447 1401 5501 in
1434 5447 1589 5501 illum
1625 5450 1869 5505 transire
1909 5451 2062 5509 nullo
2100 5450 2199 5505 im-

2300 5452 2392 5506 τὸν
2417 5451 2560 5515 Υἰὸν,
2587 5450 2663 5514 ὡς
2699 5446 2983 5520 ὁμοοὺσιον
3026 5444 3231 5518 Πατρί,
3278 5443 3374 5497 καὶ
3427 5438 3772 5531 μεταχωρεῖν-
3795 5437 3875 5531 εἰς

624 5535 887 5608 pediente
937 5535 1081 5607 potis
1147 5535 1243 5601 sit,
1299 5535 1570 5609 siquidem
1610 5538 2199 5596 consubstantialitatis

2304 5545 2478 5599 ἐκεῖνο
2499 5543 2812 5613 δυνάμενον,
2842 5539 3053 5606 οὐδενὸς
3105 5536 3248 5613 πρὸς
3285 5534 3443 5592 τοῦτο
3478 5528 3876 5605 παραποδίζον-

693 5720 751 5758 ⁸⁸
790 5722 988 5787 Ezccb.
1028 5745 1200 5799 xvm,
1239 5730 1331 5786 ‘20.
1409 5724 1450 5766 “
1496 5729 1660 5789 Joan.
1696 5748 1821 5799 xiv,
1859 5733 1912 5787 9.
