  <div class='ocr_page' id='page_1' title='image "/cluster/home/n/w/nwhite01/storage/ocr_20150623/73/hvd.32044019207877/042.png"; bbox 0 0 4168 6572; ppageno 0'>
   <div class='ocr_carea' id='block_1_1' title="bbox 323 427 1895 510">
    <p class='ocr_par' dir='ltr' id='par_1_1' title="bbox 323 429 1895 510">
     <span class='ocr_line' id='line_1_1' title="bbox 323 429 1895 510; baseline -0.018 0"><span class='ocrx_word' id='word_1_1' title='bbox 323 453 394 510; x_wconf 80' lang='lat'><em>65</em></span> <span class='ocrx_word' id='word_1_2' title='bbox 1011 499 1014 502; x_wconf 76' lang='grc'><strong>,</strong></span> <span class='ocrx_word' id='word_1_3' title='bbox 1403 433 1468 488; x_wconf 74' lang='grc' dir='ltr'><strong>ΙΝ</strong></span> <span class='ocrx_word' id='word_1_4' title='bbox 1505 431 1787 488; x_wconf 65' lang='lat' dir='ltr'><strong>JOALVNIS</strong></span> <span class='ocrx_word' id='word_1_5' title='bbox 1823 429 1895 484; x_wconf 84' lang='lat' dir='ltr'><strong>E\</strong></span> 
     </span>
    </p>
   </div>
   <div class='ocr_carea' id='block_1_2' title="bbox 1998 427 3581 510">
    <p class='ocr_par' dir='ltr' id='par_1_2' title="bbox 1998 427 3581 495">
     <span class='ocr_line' id='line_1_2' title="bbox 1998 427 3581 495; baseline 0.008 -13"><span class='ocrx_word' id='word_1_6' title='bbox 1998 427 2270 485; x_wconf 78' lang='lat' dir='ltr'><strong>lGELlUM</strong></span> <span class='ocrx_word' id='word_1_7' title='bbox 2310 428 2439 486; x_wconf 83' lang='lat' dir='ltr'><strong>LIB.</strong></span> <span class='ocrx_word' id='word_1_8' title='bbox 2476 433 2518 486; x_wconf 83' lang='grc' dir='ltr'><strong>ι.</strong></span> <span class='ocrx_word' id='word_1_9' title='bbox 3440 490 3442 492; x_wconf 38' lang='grc' dir='ltr'><strong>τ</strong></span> <span class='ocrx_word' id='word_1_10' title='bbox 3508 435 3581 495; x_wconf 69' lang='grc'>66</span> 
     </span>
    </p>
   </div>
   <div class='ocr_carea' id='block_1_3' title="bbox 326 545 1895 632">
    <p class='ocr_par' dir='ltr' id='par_1_3' title="bbox 326 547 1895 632">
     <span class='ocr_line' id='line_1_3' title="bbox 326 547 1895 632; baseline -0.011 -15"><span class='ocrx_word' id='word_1_11' title='bbox 326 580 444 628; x_wconf 85' lang='grc' dir='ltr'>τος,</span> <span class='ocrx_word' id='word_1_12' title='bbox 475 561 633 632; x_wconf 80' lang='grc' dir='ltr'>εἴπερ</span> <span class='ocrx_word' id='word_1_13' title='bbox 671 556 891 629; x_wconf 79' lang='grc' dir='ltr'>ἐξαρκεῖ</span> <span class='ocrx_word' id='word_1_14' title='bbox 939 553 1030 606; x_wconf 59' lang='grc' dir='ltr'><strong>τόν</strong></span> <span class='ocrx_word' id='word_1_15' title='bbox 1068 551 1168 623; x_wconf 76' lang='grc' dir='ltr'>τῆς</span> <span class='ocrx_word' id='word_1_16' title='bbox 1211 549 1512 624; x_wconf 74' lang='grc' dir='ltr'>μεταϐολῆς</span> <span class='ocrx_word' id='word_1_17' title='bbox 1558 547 1760 620; x_wconf 89' lang='grc' dir='ltr'>τρόπον</span> <span class='ocrx_word' id='word_1_18' title='bbox 1786 548 1895 620; x_wconf 76' lang='grc' dir='ltr'>ἦτοι</span> 
     </span>
    </p>
   </div>
   <div class='ocr_carea' id='block_1_4' title="bbox 1998 545 3583 632">
    <p class='ocr_par' dir='ltr' id='par_1_4' title="bbox 2009 545 3583 626">
     <span class='ocr_line' id='line_1_4' title="bbox 2009 545 3583 626; baseline 0.004 -27"><span class='ocrx_word' id='word_1_19' title='bbox 2009 545 2155 600; x_wconf 98' lang='lat' dir='ltr'><strong>ratio</strong></span> <span class='ocrx_word' id='word_1_20' title='bbox 2191 548 2681 606; x_wconf 88' lang='lat' dir='ltr'><strong>transmutationis</strong></span> <span class='ocrx_word' id='word_1_21' title='bbox 2713 558 2808 605; x_wconf 84' lang='lat' dir='ltr'><strong>aut</strong></span> <span class='ocrx_word' id='word_1_22' title='bbox 2835 547 3179 624; x_wconf 86' lang='lat' dir='ltr'><strong>migrationis</strong></span> <span class='ocrx_word' id='word_1_23' title='bbox 3203 545 3425 607; x_wconf 86' lang='lat' dir='ltr'><strong>modum</strong></span> <span class='ocrx_word' id='word_1_24' title='bbox 3453 570 3583 626; x_wconf 85' lang='lat' dir='ltr'><strong>sup-</strong></span> 
     </span>
    </p>
   </div>
   <div class='ocr_carea' id='block_1_5' title="bbox 325 637 1899 726">
    <p class='ocr_par' dir='ltr' id='par_1_5' title="bbox 325 637 1899 726">
     <span class='ocr_line' id='line_1_5' title="bbox 325 637 1899 726; baseline -0.01 -18"><span class='ocrx_word' id='word_1_25' title='bbox 325 651 710 726; x_wconf 84' lang='grc' dir='ltr'>μεταστάσεως</span> <span class='ocrx_word' id='word_1_26' title='bbox 749 647 779 701; x_wconf 99' lang='lat'><strong>6</strong></span> <span class='ocrx_word' id='word_1_27' title='bbox 819 646 921 716; x_wconf 78' lang='grc' dir='ltr'>τῆς</span> <span class='ocrx_word' id='word_1_28' title='bbox 977 643 1398 716; x_wconf 85' lang='grc' dir='ltr'>όμοουσιότητος</span> <span class='ocrx_word' id='word_1_29' title='bbox 1451 641 1628 710; x_wconf 84' lang='grc' dir='ltr'>λόγος.</span> <span class='ocrx_word' id='word_1_30' title='bbox 1689 637 1899 694; x_wconf 82' lang='grc' dir='ltr'>Οὐκοῦν</span> 
     </span>
    </p>
   </div>
   <div class='ocr_carea' id='block_1_6' title="bbox 321 730 1899 811">
    <p class='ocr_par' dir='ltr' id='par_1_6' title="bbox 321 730 1899 811">
     <span class='ocr_line' id='line_1_6' title="bbox 321 730 1899 811; baseline -0.011 -11"><span class='ocrx_word' id='word_1_31' title='bbox 321 742 549 800; x_wconf 78' lang='grc' dir='ltr'><strong>νοείσθω</strong></span> <span class='ocrx_word' id='word_1_32' title='bbox 584 740 775 811; x_wconf 80' lang='grc' dir='ltr'>Πατὴρ</span> <span class='ocrx_word' id='word_1_33' title='bbox 795 739 824 791; x_wconf 90' lang='lat'><strong>6</strong></span> <span class='ocrx_word' id='word_1_34' title='bbox 848 737 998 801; x_wconf 77' lang='grc' dir='ltr'>Υἱὸς,</span> <span class='ocrx_word' id='word_1_35' title='bbox 1026 735 1230 805; x_wconf 81' lang='grc' dir='ltr'><strong>λεγέτω</strong></span> <span class='ocrx_word' id='word_1_36' title='bbox 1250 733 1328 798; x_wconf 81' lang='grc' dir='ltr'>δὲ,</span> <span class='ocrx_word' id='word_1_37' title='bbox 1353 733 1429 796; x_wconf 85' lang='grc' dir='ltr'><strong>ὡς</strong></span> <span class='ocrx_word' id='word_1_38' title='bbox 1458 732 1614 786; x_wconf 85' lang='grc' dir='ltr'>τοῦτο</span> <span class='ocrx_word' id='word_1_39' title='bbox 1640 730 1899 802; x_wconf 81' lang='grc' dir='ltr'><strong>ὑπάρχων</strong></span> 
     </span>
    </p>
   </div>
   <div class='ocr_carea' id='block_1_7' title="bbox 320 821 1902 907">
    <p class='ocr_par' dir='ltr' id='par_1_7' title="bbox 320 821 1902 907">
     <span class='ocr_line' id='line_1_7' title="bbox 320 821 1902 907; baseline -0.009 -18"><span class='ocrx_word' id='word_1_40' title='bbox 320 835 445 907; x_wconf 75' lang='grc' dir='ltr'>ήδη,</span> <span class='ocrx_word' id='word_1_41' title='bbox 485 833 619 905; x_wconf 82' lang='grc' dir='ltr'>πρὸς</span> <span class='ocrx_word' id='word_1_42' title='bbox 645 830 736 884; x_wconf 73' lang='grc' dir='ltr'><strong>τὸν</strong></span> <span class='ocrx_word' id='word_1_43' title='bbox 767 827 982 900; x_wconf 82' lang='grc' dir='ltr'>ἀληθῶς</span> <span class='ocrx_word' id='word_1_44' title='bbox 1019 827 1147 881; x_wconf 77' lang='grc' dir='ltr'>ὄντα</span> <span class='ocrx_word' id='word_1_45' title='bbox 1178 824 1400 897; x_wconf 80' lang='grc' dir='ltr'>Πατέρα</span> <span class='ocrx_word' id='word_1_46' title='bbox 1427 840 1441 854; x_wconf 87' lang='grc'><strong>·</strong></span> <span class='ocrx_word' id='word_1_47' title='bbox 1485 843 1503 874; x_wconf 85' lang='grc'>‹</span> <span class='ocrx_word' id='word_1_48' title='bbox 1540 823 1638 876; x_wconf 82' lang='grc' dir='ltr'>Ἐκ</span> <span class='ocrx_word' id='word_1_49' title='bbox 1666 821 1902 893; x_wconf 73' lang='grc' dir='ltr'>γαστρὸς</span> 
     </span>
    </p>
   </div>
   <div class='ocr_carea' id='block_1_8' title="bbox 321 911 1902 999">
    <p class='ocr_par' dir='ltr' id='par_1_8' title="bbox 321 911 1902 999">
     <span class='ocr_line' id='line_1_8' title="bbox 321 911 1902 999; baseline -0.011 -18"><span class='ocrx_word' id='word_1_50' title='bbox 321 927 428 999; x_wconf 80' lang='grc' dir='ltr'>πρὸ</span> <span class='ocrx_word' id='word_1_51' title='bbox 473 924 752 995; x_wconf 74' lang='grc' dir='ltr'>ἑωσφόρον</span> <span class='ocrx_word' id='word_1_52' title='bbox 801 917 1131 992; x_wconf 76' lang='grc' dir='ltr'>ἐξεγέννησά</span> <span class='ocrx_word' id='word_1_53' title='bbox 1183 932 1279 972; x_wconf 90' lang='grc' dir='ltr'>σε·</span> <span class='ocrx_word' id='word_1_54' title='bbox 1329 936 1346 970; x_wconf 75' lang='grc' dir='ltr'><strong>ι</strong></span> <span class='ocrx_word' id='word_1_55' title='bbox 1386 913 1814 986; x_wconf 75' lang='grc' dir='ltr'>ἀναλαμϐανέτω</span> <span class='ocrx_word' id='word_1_56' title='bbox 1844 911 1902 965; x_wconf 85' lang='grc' dir='ltr'>δὲ</span> 
     </span>
    </p>
   </div>
   <div class='ocr_carea' id='block_1_9' title="bbox 320 1006 1903 1082">
    <p class='ocr_par' dir='ltr' id='par_1_9' title="bbox 320 1006 1903 1082">
     <span class='ocr_line' id='line_1_9' title="bbox 320 1006 1903 1082; baseline -0.009 -10"><span class='ocrx_word' id='word_1_57' title='bbox 320 1022 398 1082; x_wconf 81' lang='grc' dir='ltr'>εἰς</span> <span class='ocrx_word' id='word_1_58' title='bbox 429 1016 617 1071; x_wconf 79' lang='grc' dir='ltr'>ἑαυτὸν</span> <span class='ocrx_word' id='word_1_59' title='bbox 650 1016 743 1069; x_wconf 75' lang='grc' dir='ltr'><strong>καὶ</strong></span> <span class='ocrx_word' id='word_1_60' title='bbox 791 1014 972 1068; x_wconf 83' lang='grc' dir='ltr'>πᾶσαν</span> <span class='ocrx_word' id='word_1_61' title='bbox 1018 1008 1204 1074; x_wconf 79' lang='grc' dir='ltr'>ἁπλῶς</span> <span class='ocrx_word' id='word_1_62' title='bbox 1233 1011 1334 1080; x_wconf 77' lang='grc' dir='ltr'><strong>τὴν</strong></span> <span class='ocrx_word' id='word_1_63' title='bbox 1367 1007 1542 1080; x_wconf 74' lang='grc' dir='ltr'>Πατρὶ</span> <span class='ocrx_word' id='word_1_64' title='bbox 1585 1006 1903 1078; x_wconf 76' lang='grc' dir='ltr'>πρέπουσαν</span> 
     </span>
    </p>
   </div>
   <div class='ocr_carea' id='block_1_10' title="bbox 319 1097 1902 1179">
    <p class='ocr_par' dir='ltr' id='par_1_10' title="bbox 319 1097 1902 1179">
     <span class='ocr_line' id='line_1_10' title="bbox 319 1097 1902 1179; baseline -0.009 -17"><span class='ocrx_word' id='word_1_65' title='bbox 319 1107 527 1179; x_wconf 82' lang='grc' dir='ltr'>φωνήν.</span> <span class='ocrx_word' id='word_1_66' title='bbox 585 1102 659 1160; x_wconf 81' lang='grc' dir='ltr'>Οῦ</span> <span class='ocrx_word' id='word_1_67' title='bbox 712 1104 778 1176; x_wconf 80' lang='grc' dir='ltr'>δὴ</span> <span class='ocrx_word' id='word_1_68' title='bbox 805 1102 1109 1173; x_wconf 74' lang='grc' dir='ltr'><strong>γεγονότος,</strong></span> <span class='ocrx_word' id='word_1_69' title='bbox 1149 1099 1210 1153; x_wconf 84' lang='grc' dir='ltr'><strong>τὸ</strong></span> <span class='ocrx_word' id='word_1_70' title='bbox 1265 1101 1373 1153; x_wconf 80' lang='grc' dir='ltr'>πᾶν</span> <span class='ocrx_word' id='word_1_71' title='bbox 1421 1099 1521 1170; x_wconf 70' lang='grc' dir='ltr'>ἤδη</span> <span class='ocrx_word' id='word_1_72' title='bbox 1551 1097 1902 1166; x_wconf 79' lang='grc' dir='ltr'><strong>συγκέχυται,</strong></span> 
     </span>
    </p>
   </div>
   <div class='ocr_carea' id='block_1_11' title="bbox 319 1185 1907 1263">
    <p class='ocr_par' dir='ltr' id='par_1_11' title="bbox 319 1185 1907 1263">
     <span class='ocr_line' id='line_1_11' title="bbox 319 1185 1907 1263; baseline -0.008 -12"><span class='ocrx_word' id='word_1_73' title='bbox 319 1197 413 1252; x_wconf 72' lang='grc' dir='ltr'><strong>καὶ</strong></span> <span class='ocrx_word' id='word_1_74' title='bbox 442 1197 502 1250; x_wconf 77' lang='grc' dir='ltr'>τὸ</span> <span class='ocrx_word' id='word_1_75' title='bbox 541 1195 629 1250; x_wconf 74' lang='grc' dir='ltr'><strong>ἀεὶ</strong></span> <span class='ocrx_word' id='word_1_76' title='bbox 675 1189 935 1258; x_wconf 78' lang='grc' dir='ltr'><strong>ὡσαύτως</strong></span> <span class='ocrx_word' id='word_1_77' title='bbox 980 1193 1122 1263; x_wconf 79' lang='grc' dir='ltr'>ἔχον,</span> <span class='ocrx_word' id='word_1_78' title='bbox 1173 1189 1319 1244; x_wconf 83' lang='grc' dir='ltr'>τοῦτ’</span> <span class='ocrx_word' id='word_1_79' title='bbox 1359 1188 1527 1251; x_wconf 77' lang='grc' dir='ltr'>ἔστιν,</span> <span class='ocrx_word' id='word_1_80' title='bbox 1574 1189 1607 1257; x_wconf 77' lang='grc' dir='ltr'><strong>ἡ</strong></span> <span class='ocrx_word' id='word_1_81' title='bbox 1643 1187 1775 1254; x_wconf 81' lang='grc' dir='ltr'>ἁγία</span> <span class='ocrx_word' id='word_1_82' title='bbox 1812 1185 1907 1238; x_wconf 82' lang='grc' dir='ltr'><strong>καὶ</strong></span> 
     </span>
    </p>
   </div>
   <div class='ocr_carea' id='block_1_12' title="bbox 315 1277 1905 1357">
    <p class='ocr_par' dir='ltr' id='par_1_12' title="bbox 315 1277 1905 1357">
     <span class='ocr_line' id='line_1_12' title="bbox 315 1277 1905 1357; baseline -0.008 -15"><span class='ocrx_word' id='word_1_83' title='bbox 315 1286 603 1357; x_wconf 74' lang='grc' dir='ltr'>ὁμοούσιος</span> <span class='ocrx_word' id='word_1_84' title='bbox 640 1285 809 1355; x_wconf 74' lang='grc' dir='ltr'>Τριὰς</span> <span class='ocrx_word' id='word_1_85' title='bbox 858 1283 1258 1352; x_wconf 75' lang='grc' dir='ltr'>συσταλήσεται</span> <span class='ocrx_word' id='word_1_86' title='bbox 1311 1281 1446 1351; x_wconf 76' lang='grc' dir='ltr'>πρὸς</span> <span class='ocrx_word' id='word_1_87' title='bbox 1495 1278 1653 1332; x_wconf 79' lang='grc' dir='ltr'>ἐνάδα</span> <span class='ocrx_word' id='word_1_88' title='bbox 1695 1277 1905 1343; x_wconf 80' lang='grc' dir='ltr'>λοιπὸν,</span> 
     </span>
    </p>
   </div>
   <div class='ocr_carea' id='block_1_13' title="bbox 317 1370 1904 1452">
    <p class='ocr_par' dir='ltr' id='par_1_13' title="bbox 317 1370 1904 1452">
     <span class='ocr_line' id='line_1_13' title="bbox 317 1370 1904 1452; baseline -0.008 -19"><span class='ocrx_word' id='word_1_89' title='bbox 317 1379 476 1452; x_wconf 78' lang='grc' dir='ltr'>εἴπερ</span> <span class='ocrx_word' id='word_1_90' title='bbox 503 1379 562 1433; x_wconf 80' lang='grc' dir='ltr'><strong>τὸ</strong></span> <span class='ocrx_word' id='word_1_91' title='bbox 588 1378 803 1448; x_wconf 75' lang='grc' dir='ltr'>ἑκάστῳ</span> <span class='ocrx_word' id='word_1_92' title='bbox 858 1376 1064 1446; x_wconf 79' lang='grc' dir='ltr'><strong>κυρίως</strong></span> <span class='ocrx_word' id='word_1_93' title='bbox 1092 1391 1151 1428; x_wconf 89' lang='grc' dir='ltr'><strong>τε</strong></span> <span class='ocrx_word' id='word_1_94' title='bbox 1201 1373 1297 1427; x_wconf 71' lang='grc' dir='ltr'><strong>καὶ</strong></span> <span class='ocrx_word' id='word_1_95' title='bbox 1333 1371 1637 1435; x_wconf 76' lang='grc' dir='ltr'><strong>ἰδιαζόντως</strong></span> <span class='ocrx_word' id='word_1_96' title='bbox 1673 1370 1904 1441; x_wconf 76' lang='grc' dir='ltr'>προσὸν,</span> 
     </span>
    </p>
   </div>
   <div class='ocr_carea' id='block_1_14' title="bbox 316 1459 1907 1543">
    <p class='ocr_par' dir='ltr' id='par_1_14' title="bbox 316 1459 1907 1543">
     <span class='ocr_line' id='line_1_14' title="bbox 316 1459 1907 1543; baseline -0.008 -18"><span class='ocrx_word' id='word_1_97' title='bbox 316 1471 397 1543; x_wconf 83' lang='grc' dir='ltr'>τῷ</span> <span class='ocrx_word' id='word_1_98' title='bbox 453 1471 553 1543; x_wconf 82' lang='grc' dir='ltr'>τῆς</span> <span class='ocrx_word' id='word_1_99' title='bbox 616 1467 1037 1542; x_wconf 81' lang='grc' dir='ltr'>όμοουσιότητος</span> <span class='ocrx_word' id='word_1_100' title='bbox 1097 1464 1525 1535; x_wconf 74' lang='grc' dir='ltr'><strong>ἀφανισθήσεται</strong></span> <span class='ocrx_word' id='word_1_101' title='bbox 1587 1462 1753 1532; x_wconf 84' lang='grc' dir='ltr'>λόγῳ,</span> <span class='ocrx_word' id='word_1_102' title='bbox 1811 1459 1907 1514; x_wconf 68' lang='grc' dir='ltr'>καὶ</span> 
     </span>
    </p>
   </div>
   <div class='ocr_carea' id='block_1_15' title="bbox 317 1552 1906 1634">
    <p class='ocr_par' dir='ltr' id='par_1_15' title="bbox 317 1552 1906 1634">
     <span class='ocr_line' id='line_1_15' title="bbox 317 1552 1906 1634; baseline -0.008 -16"><span class='ocrx_word' id='word_1_103' title='bbox 317 1561 611 1634; x_wconf 79' lang='grc' dir='ltr'>ἀνατρέψει</span> <span class='ocrx_word' id='word_1_104' title='bbox 637 1561 738 1632; x_wconf 79' lang='grc' dir='ltr'>τὴν</span> <span class='ocrx_word' id='word_1_105' title='bbox 762 1558 874 1613; x_wconf 86' lang='grc' dir='ltr'><strong>τῶν</strong></span> <span class='ocrx_word' id='word_1_106' title='bbox 911 1557 1223 1630; x_wconf 83' lang='grc' dir='ltr'><strong>προσώπων</strong></span> <span class='ocrx_word' id='word_1_107' title='bbox 1269 1554 1550 1626; x_wconf 75' lang='grc' dir='ltr'>διαστολὴν</span> <span class='ocrx_word' id='word_1_108' title='bbox 1594 1557 1630 1626; x_wconf 80' lang='grc' dir='ltr'><strong>ὴ</strong></span> <span class='ocrx_word' id='word_1_109' title='bbox 1674 1555 1770 1625; x_wconf 81' lang='grc' dir='ltr'><strong>τῆς</strong></span> <span class='ocrx_word' id='word_1_110' title='bbox 1803 1552 1906 1623; x_wconf 76' lang='grc' dir='ltr'>φύ-</span> 
     </span>
    </p>
   </div>
   <div class='ocr_carea' id='block_1_16' title="bbox 329 1645 1907 1723">
    <p class='ocr_par' dir='ltr' id='par_1_16' title="bbox 329 1645 1907 1723">
     <span class='ocr_line' id='line_1_16' title="bbox 329 1645 1907 1723; baseline -0.006 -14"><span class='ocrx_word' id='word_1_111' title='bbox 329 1672 472 1718; x_wconf 88' lang='grc' dir='ltr'>σεως</span> <span class='ocrx_word' id='word_1_112' title='bbox 494 1654 782 1723; x_wconf 81' lang='grc' dir='ltr'>ταυτότης.</span> <span class='ocrx_word' id='word_1_113' title='bbox 819 1650 982 1705; x_wconf 82' lang='grc' dir='ltr'>Ἀλλὰ</span> <span class='ocrx_word' id='word_1_114' title='bbox 1019 1648 1176 1703; x_wconf 88' lang='grc' dir='ltr'>τοῦτο</span> <span class='ocrx_word' id='word_1_115' title='bbox 1223 1647 1442 1701; x_wconf 85' lang='grc' dir='ltr'>ἄτοπον.</span> <span class='ocrx_word' id='word_1_116' title='bbox 1472 1646 1585 1700; x_wconf 85' lang='grc' dir='ltr'>Οὑκ</span> <span class='ocrx_word' id='word_1_117' title='bbox 1614 1647 1722 1716; x_wconf 82' lang='grc' dir='ltr'><strong>ἀρα</strong></span> <span class='ocrx_word' id='word_1_118' title='bbox 1757 1645 1907 1700; x_wconf 76' lang='grc' dir='ltr'>ἔσται</span> 
     </span>
    </p>
   </div>
   <div class='ocr_carea' id='block_1_17' title="bbox 318 1733 1908 1812">
    <p class='ocr_par' dir='ltr' id='par_1_17' title="bbox 318 1733 1908 1812">
     <span class='ocr_line' id='line_1_17' title="bbox 318 1733 1908 1812; baseline -0.008 -15"><span class='ocrx_word' id='word_1_119' title='bbox 318 1743 493 1812; x_wconf 89' lang='grc' dir='ltr'>Λόγος</span> <span class='ocrx_word' id='word_1_120' title='bbox 523 1744 552 1795; x_wconf 92' lang='grc' dir='ltr'><strong>ό</strong></span> <span class='ocrx_word' id='word_1_121' title='bbox 581 1740 791 1812; x_wconf 80' lang='grc' dir='ltr'>Πατὴρ.</span> <span class='ocrx_word' id='word_1_122' title='bbox 828 1739 904 1803; x_wconf 83' lang='grc' dir='ltr'>ὡς</span> <span class='ocrx_word' id='word_1_123' title='bbox 947 1735 1233 1808; x_wconf 83' lang='grc' dir='ltr'>όμοούσιος</span> <span class='ocrx_word' id='word_1_124' title='bbox 1277 1736 1458 1806; x_wconf 87' lang='grc' dir='ltr'>Λόγῳ,</span> <span class='ocrx_word' id='word_1_125' title='bbox 1494 1736 1643 1805; x_wconf 80' lang='grc' dir='ltr'>μενεῖ</span> <span class='ocrx_word' id='word_1_126' title='bbox 1670 1733 1725 1786; x_wconf 80' lang='grc' dir='ltr'><strong>δὲ</strong></span> <span class='ocrx_word' id='word_1_127' title='bbox 1755 1735 1908 1806; x_wconf 79' lang='grc' dir='ltr'>ἄτρεο</span> 
     </span>
    </p>
   </div>
   <div class='ocr_carea' id='block_1_18' title="bbox 325 1822 1905 1901">
    <p class='ocr_par' dir='ltr' id='par_1_18' title="bbox 325 1822 1905 1901">
     <span class='ocr_line' id='line_1_18' title="bbox 325 1822 1905 1901; baseline -0.006 -14"><span class='ocrx_word' id='word_1_128' title='bbox 325 1851 484 1898; x_wconf 88' lang='grc' dir='ltr'>πτος,</span> <span class='ocrx_word' id='word_1_129' title='bbox 511 1831 671 1885; x_wconf 88' lang='grc' dir='ltr'>τοῦτο</span> <span class='ocrx_word' id='word_1_130' title='bbox 721 1828 982 1901; x_wconf 82' lang='grc' dir='ltr'>ὑπάρχων</span> <span class='ocrx_word' id='word_1_131' title='bbox 1020 1828 1155 1898; x_wconf 81' lang='grc' dir='ltr'>ὅπερ</span> <span class='ocrx_word' id='word_1_132' title='bbox 1194 1825 1334 1891; x_wconf 75' lang='grc' dir='ltr'>ἐστὶ,</span> <span class='ocrx_word' id='word_1_133' title='bbox 1371 1824 1472 1878; x_wconf 79' lang='grc' dir='ltr'><strong>κᾶν</strong></span> <span class='ocrx_word' id='word_1_134' title='bbox 1516 1823 1613 1896; x_wconf 76' lang='grc' dir='ltr'><strong>ἔχῃ</strong></span> <span class='ocrx_word' id='word_1_135' title='bbox 1657 1824 1791 1893; x_wconf 84' lang='grc' dir='ltr'>πρὸς</span> <span class='ocrx_word' id='word_1_136' title='bbox 1814 1822 1905 1877; x_wconf 86' lang='grc' dir='ltr'><strong>τὸν</strong></span> 
     </span>
    </p>
   </div>
   <div class='ocr_carea' id='block_1_19' title="bbox 2004 634 3584 710">
    <p class='ocr_par' dir='ltr' id='par_1_19' title="bbox 2004 634 3584 710">
     <span class='ocr_line' id='line_1_19' title="bbox 2004 634 3584 710; baseline 0.005 -20"><span class='ocrx_word' id='word_1_137' title='bbox 2004 634 2239 704; x_wconf 88' lang='lat' dir='ltr'><strong>peditat.</strong></span> <span class='ocrx_word' id='word_1_138' title='bbox 2273 636 2462 707; x_wconf 85' lang='lat' dir='ltr'><strong>Itaque</strong></span> <span class='ocrx_word' id='word_1_139' title='bbox 2487 647 2782 694; x_wconf 77' lang='lat' dir='ltr'><strong>censeatur</strong></span> <span class='ocrx_word' id='word_1_140' title='bbox 2827 640 2990 696; x_wconf 81' lang='lat' dir='ltr'><strong>Pater</strong></span> <span class='ocrx_word' id='word_1_141' title='bbox 3017 655 3142 696; x_wconf 91' lang='lat' dir='ltr'><strong>esse</strong></span> <span class='ocrx_word' id='word_1_142' title='bbox 3169 639 3364 706; x_wconf 79' lang='lat' dir='ltr'><strong>Filius,</strong></span> <span class='ocrx_word' id='word_1_143' title='bbox 3407 658 3584 710; x_wconf 88' lang='lat' dir='ltr'><strong>eoque</strong></span> 
     </span>
    </p>
   </div>
   <div class='ocr_carea' id='block_1_20' title="bbox 2003 729 3584 790">
    <p class='ocr_par' dir='ltr' id='par_1_20' title="bbox 2003 729 3584 790">
     <span class='ocr_line' id='line_1_20' title="bbox 2003 729 3584 790; baseline 0.006 -9"><span class='ocrx_word' id='word_1_144' title='bbox 2003 729 2229 783; x_wconf 82' lang='lat' dir='ltr'><strong>nomine</strong></span> <span class='ocrx_word' id='word_1_145' title='bbox 2287 730 2507 785; x_wconf 89' lang='lat' dir='ltr'><strong>demum</strong></span> <span class='ocrx_word' id='word_1_146' title='bbox 2569 731 2636 787; x_wconf 90' lang='lat' dir='ltr'><strong>ad</strong></span> <span class='ocrx_word' id='word_1_147' title='bbox 2688 749 2877 789; x_wconf 82' lang='lat' dir='ltr'><strong>verum</strong></span> <span class='ocrx_word' id='word_1_148' title='bbox 2933 729 3152 790; x_wconf 84' lang='lat' dir='ltr'><strong>Patrem</strong></span> <span class='ocrx_word' id='word_1_149' title='bbox 3213 734 3408 790; x_wconf 81' lang='lat' dir='ltr'><strong>dicat:</strong></span> <span class='ocrx_word' id='word_1_150' title='bbox 3448 752 3468 786; x_wconf 79' lang='grc' dir='ltr'><strong>ι</strong></span> <span class='ocrx_word' id='word_1_151' title='bbox 3505 733 3584 790; x_wconf 80' lang='lat' dir='ltr'><strong>Ex</strong></span> 
     </span>
    </p>
   </div>
   <div class='ocr_carea' id='block_1_21' title="bbox 2002 818 3586 896">
    <p class='ocr_par' dir='ltr' id='par_1_21' title="bbox 2002 818 3586 896">
     <span class='ocr_line' id='line_1_21' title="bbox 2002 818 3586 896; baseline 0.003 -21"><span class='ocrx_word' id='word_1_152' title='bbox 2002 827 2161 876; x_wconf 87' lang='lat' dir='ltr'><strong>utero</strong></span> <span class='ocrx_word' id='word_1_153' title='bbox 2194 831 2322 877; x_wconf 85' lang='lat' dir='ltr'><strong>ante</strong></span> <span class='ocrx_word' id='word_1_154' title='bbox 2367 818 2680 878; x_wconf 87' lang='lat' dir='ltr'><strong>Luciferum</strong></span> <span class='ocrx_word' id='word_1_155' title='bbox 2711 826 2872 896; x_wconf 81' lang='lat' dir='ltr'><strong>genui</strong></span> <span class='ocrx_word' id='word_1_156' title='bbox 2904 834 2958 882; x_wconf 90' lang='lat' dir='ltr'><strong>te</strong></span> <span class='ocrx_word' id='word_1_157' title='bbox 2986 827 3053 892; x_wconf 82' lang='lat'><strong>&quot;,</strong></span> <span class='ocrx_word' id='word_1_158' title='bbox 3086 844 3105 879; x_wconf 76' lang='grc' dir='ltr'><strong>ι</strong></span> <span class='ocrx_word' id='word_1_159' title='bbox 3140 823 3354 896; x_wconf 83' lang='lat' dir='ltr'><strong>sibique</strong></span> <span class='ocrx_word' id='word_1_160' title='bbox 3378 826 3432 880; x_wconf 91' lang='lat' dir='ltr'><strong>in</strong></span> <span class='ocrx_word' id='word_1_161' title='bbox 3461 828 3586 880; x_wconf 87' lang='lat' dir='ltr'><strong>uni-</strong></span> 
     </span>
    </p>
   </div>
   <div class='ocr_carea' id='block_1_22' title="bbox 2003 913 3587 982">
    <p class='ocr_par' dir='ltr' id='par_1_22' title="bbox 2003 913 3587 982">
     <span class='ocr_line' id='line_1_22' title="bbox 2003 913 3587 982; baseline 0.003 -16"><span class='ocrx_word' id='word_1_162' title='bbox 2003 927 2221 968; x_wconf 82' lang='lat' dir='ltr'><strong>versum</strong></span> <span class='ocrx_word' id='word_1_163' title='bbox 2257 914 2564 982; x_wconf 82' lang='lat' dir='ltr'><strong>quamlibet</strong></span> <span class='ocrx_word' id='word_1_164' title='bbox 2617 931 2807 970; x_wconf 68' lang='lat' dir='ltr'><strong>vocem</strong></span> <span class='ocrx_word' id='word_1_165' title='bbox 2863 913 3014 971; x_wconf 83' lang='lat' dir='ltr'><strong>Patri</strong></span> <span class='ocrx_word' id='word_1_166' title='bbox 3044 917 3467 972; x_wconf 80' lang='lat' dir='ltr'><strong>convenientem</strong></span> <span class='ocrx_word' id='word_1_167' title='bbox 3497 933 3587 970; x_wconf 83' lang='lat' dir='ltr'><strong>ar-</strong></span> 
     </span>
    </p>
   </div>
   <div class='ocr_carea' id='block_1_23' title="bbox 2003 1003 3587 1073">
    <p class='ocr_par' dir='ltr' id='par_1_23' title="bbox 2003 1003 3587 1073">
     <span class='ocr_line' id='line_1_23' title="bbox 2003 1003 3587 1073; baseline 0.004 -17"><span class='ocrx_word' id='word_1_168' title='bbox 2003 1012 2178 1073; x_wconf 86' lang='lat' dir='ltr'><strong>roget.</strong></span> <span class='ocrx_word' id='word_1_169' title='bbox 2212 1003 2370 1070; x_wconf 83' lang='lat' dir='ltr'><strong>Quod</strong></span> <span class='ocrx_word' id='word_1_170' title='bbox 2404 1005 2449 1060; x_wconf 92' lang='lat' dir='ltr'><strong>si</strong></span> <span class='ocrx_word' id='word_1_171' title='bbox 2483 1006 2689 1060; x_wconf 86' lang='lat' dir='ltr'><strong>factum</strong></span> <span class='ocrx_word' id='word_1_172' title='bbox 2745 1005 2928 1073; x_wconf 85' lang='lat' dir='ltr'><strong>fuerit,</strong></span> <span class='ocrx_word' id='word_1_173' title='bbox 2972 1008 3156 1063; x_wconf 84' lang='lat' dir='ltr'><strong>omnia</strong></span> <span class='ocrx_word' id='word_1_174' title='bbox 3205 1008 3423 1064; x_wconf 87' lang='lat' dir='ltr'><strong>demum</strong></span> <span class='ocrx_word' id='word_1_175' title='bbox 3453 1024 3587 1063; x_wconf 68' lang='lat' dir='ltr'><strong>cono</strong></span> 
     </span>
    </p>
   </div>
   <div class='ocr_carea' id='block_1_24' title="bbox 2004 1094 3584 1170">
    <p class='ocr_par' dir='ltr' id='par_1_24' title="bbox 2004 1094 3584 1170">
     <span class='ocr_line' id='line_1_24' title="bbox 2004 1094 3584 1170; baseline 0.003 -21"><span class='ocrx_word' id='word_1_176' title='bbox 2004 1094 2322 1161; x_wconf 83' lang='lat' dir='ltr'><strong>fundentur,</strong></span> <span class='ocrx_word' id='word_1_177' title='bbox 2357 1098 2583 1167; x_wconf 81' lang='lat' dir='ltr'><strong>etquod</strong></span> <span class='ocrx_word' id='word_1_178' title='bbox 2619 1097 2810 1152; x_wconf 88' lang='lat' dir='ltr'><strong>eodem</strong></span> <span class='ocrx_word' id='word_1_179' title='bbox 2852 1113 2911 1153; x_wconf 92' lang='lat' dir='ltr'><strong>se</strong></span> <span class='ocrx_word' id='word_1_180' title='bbox 2949 1099 3114 1154; x_wconf 90' lang='lat' dir='ltr'><strong>modo</strong></span> <span class='ocrx_word' id='word_1_181' title='bbox 3149 1115 3365 1170; x_wconf 85' lang='lat' dir='ltr'><strong>semper</strong></span> <span class='ocrx_word' id='word_1_182' title='bbox 3398 1099 3584 1160; x_wconf 87' lang='lat' dir='ltr'><strong>habet,</strong></span> 
     </span>
    </p>
   </div>
   <div class='ocr_carea' id='block_1_25' title="bbox 2003 1183 3586 1254">
    <p class='ocr_par' dir='ltr' id='par_1_25' title="bbox 2003 1183 3586 1254">
     <span class='ocr_line' id='line_1_25' title="bbox 2003 1183 3586 1254; baseline 0.003 -16"><span class='ocrx_word' id='word_1_183' title='bbox 2003 1183 2109 1240; x_wconf 81' lang='lat' dir='ltr'><strong>lioc</strong></span> <span class='ocrx_word' id='word_1_184' title='bbox 2147 1195 2231 1241; x_wconf 87' lang='lat' dir='ltr'><strong>est</strong></span> <span class='ocrx_word' id='word_1_185' title='bbox 2285 1195 2476 1241; x_wconf 87' lang='lat' dir='ltr'><strong>sancta</strong></span> <span class='ocrx_word' id='word_1_186' title='bbox 2533 1195 2588 1241; x_wconf 90' lang='lat' dir='ltr'><strong>et</strong></span> <span class='ocrx_word' id='word_1_187' title='bbox 2637 1187 3140 1242; x_wconf 87' lang='lat' dir='ltr'><strong>consubstantialis</strong></span> <span class='ocrx_word' id='word_1_188' title='bbox 3188 1187 3450 1254; x_wconf 88' lang='lat' dir='ltr'><strong>Trinitas,</strong></span> <span class='ocrx_word' id='word_1_189' title='bbox 3517 1189 3586 1242; x_wconf 86' lang='lat' dir='ltr'><strong>ad</strong></span> 
     </span>
    </p>
   </div>
   <div class='ocr_carea' id='block_1_26' title="bbox 2007 1279 3589 1353">
    <p class='ocr_par' dir='ltr' id='par_1_26' title="bbox 2007 1279 3589 1353">
     <span class='ocr_line' id='line_1_26' title="bbox 2007 1279 3589 1353; baseline 0.004 -24"><span class='ocrx_word' id='word_1_190' title='bbox 2007 1279 2275 1332; x_wconf 89' lang='lat' dir='ltr'><strong>unitatem</strong></span> <span class='ocrx_word' id='word_1_191' title='bbox 2349 1279 2733 1344; x_wconf 74' lang='lat' dir='ltr'><strong>contrahetur,</strong></span> <span class='ocrx_word' id='word_1_192' title='bbox 2777 1279 2825 1335; x_wconf 91' lang='lat' dir='ltr'><strong>si</strong></span> <span class='ocrx_word' id='word_1_193' title='bbox 2861 1279 3009 1349; x_wconf 92' lang='lat' dir='ltr'><strong>quod</strong></span> <span class='ocrx_word' id='word_1_194' title='bbox 3035 1281 3333 1351; x_wconf 90' lang='lat' dir='ltr'><strong>unicuique</strong></span> <span class='ocrx_word' id='word_1_195' title='bbox 3364 1279 3589 1353; x_wconf 84' lang='lat' dir='ltr'><strong>proprie</strong></span> 
     </span>
    </p>
   </div>
   <div class='ocr_carea' id='block_1_27' title="bbox 2005 1368 3588 1438">
    <p class='ocr_par' dir='ltr' id='par_1_27' title="bbox 2005 1368 3588 1438">
     <span class='ocr_line' id='line_1_27' title="bbox 2005 1368 3588 1438; baseline 0.001 -14"><span class='ocrx_word' id='word_1_196' title='bbox 2005 1376 2060 1424; x_wconf 88' lang='lat' dir='ltr'><strong>et</strong></span> <span class='ocrx_word' id='word_1_197' title='bbox 2099 1368 2455 1438; x_wconf 83' lang='lat' dir='ltr'><strong>peculiariter</strong></span> <span class='ocrx_word' id='word_1_198' title='bbox 2508 1370 2676 1436; x_wconf 87' lang='lat' dir='ltr'><strong>inest,</strong></span> <span class='ocrx_word' id='word_1_199' title='bbox 2723 1369 3328 1427; x_wconf 86' lang='lat' dir='ltr'><strong>consubstantialitatis</strong></span> <span class='ocrx_word' id='word_1_200' title='bbox 3372 1372 3588 1427; x_wconf 81' lang='lat' dir='ltr'><strong>ratione</strong></span> 
     </span>
    </p>
   </div>
   <div class='ocr_carea' id='block_1_28' title="bbox 2007 1459 3590 1534">
    <p class='ocr_par' dir='ltr' id='par_1_28' title="bbox 2007 1459 3590 1534">
     <span class='ocr_line' id='line_1_28' title="bbox 2007 1459 3590 1534; baseline 0.005 -20"><span class='ocrx_word' id='word_1_201' title='bbox 2007 1459 2275 1525; x_wconf 86' lang='lat' dir='ltr'><strong>deleatur,</strong></span> <span class='ocrx_word' id='word_1_202' title='bbox 2305 1470 2360 1516; x_wconf 89' lang='lat' dir='ltr'><strong>et</strong></span> <span class='ocrx_word' id='word_1_203' title='bbox 2395 1477 2758 1534; x_wconf 88' lang='lat' dir='ltr'><strong>personarum</strong></span> <span class='ocrx_word' id='word_1_204' title='bbox 2792 1463 3222 1521; x_wconf 89' lang='lat' dir='ltr'><strong>distinctionem</strong></span> <span class='ocrx_word' id='word_1_205' title='bbox 3259 1476 3469 1522; x_wconf 77' lang='lat' dir='ltr'><strong>evertat</strong></span> <span class='ocrx_word' id='word_1_206' title='bbox 3498 1483 3590 1522; x_wconf 82' lang='lat' dir='ltr'><strong>na-</strong></span> 
     </span>
    </p>
   </div>
   <div class='ocr_carea' id='block_1_29' title="bbox 2007 1553 3589 1616">
    <p class='ocr_par' dir='ltr' id='par_1_29' title="bbox 2007 1553 3589 1616">
     <span class='ocr_line' id='line_1_29' title="bbox 2007 1553 3589 1616; baseline 0.005 -10"><span class='ocrx_word' id='word_1_207' title='bbox 2007 1560 2144 1607; x_wconf 82' lang='lat' dir='ltr'><strong>turae</strong></span> <span class='ocrx_word' id='word_1_208' title='bbox 2174 1553 2455 1610; x_wconf 87' lang='lat' dir='ltr'><strong>identitas.</strong></span> <span class='ocrx_word' id='word_1_209' title='bbox 2495 1553 2602 1611; x_wconf 89' lang='lat' dir='ltr'><strong>Sed</strong></span> <span class='ocrx_word' id='word_1_210' title='bbox 2672 1556 2779 1613; x_wconf 85' lang='lat' dir='ltr'><strong>hoc</strong></span> <span class='ocrx_word' id='word_1_211' title='bbox 2838 1558 3143 1614; x_wconf 87' lang='lat' dir='ltr'><strong>absurdum</strong></span> <span class='ocrx_word' id='word_1_212' title='bbox 3180 1567 3265 1616; x_wconf 90' lang='lat' dir='ltr'><strong>est</strong></span> <span class='ocrx_word' id='word_1_213' title='bbox 3295 1579 3308 1615; x_wconf 91' lang='lat'><strong>:</strong></span> <span class='ocrx_word' id='word_1_214' title='bbox 3345 1577 3452 1616; x_wconf 90' lang='lat' dir='ltr'><strong>non</strong></span> <span class='ocrx_word' id='word_1_215' title='bbox 3481 1562 3589 1616; x_wconf 86' lang='lat' dir='ltr'><strong>erit</strong></span> 
     </span>
    </p>
   </div>
   <div class='ocr_carea' id='block_1_30' title="bbox 2007 1643 3586 1721">
    <p class='ocr_par' dir='ltr' id='par_1_30' title="bbox 2007 1643 3586 1721">
     <span class='ocr_line' id='line_1_30' title="bbox 2007 1643 3586 1721; baseline 0.006 -21"><span class='ocrx_word' id='word_1_216' title='bbox 2007 1660 2139 1715; x_wconf 88' lang='lat' dir='ltr'><strong>ergo</strong></span> <span class='ocrx_word' id='word_1_217' title='bbox 2163 1643 2404 1700; x_wconf 90' lang='lat' dir='ltr'><strong>Verbum</strong></span> <span class='ocrx_word' id='word_1_218' title='bbox 2430 1646 2612 1716; x_wconf 84' lang='lat' dir='ltr'><strong>Pater,</strong></span> <span class='ocrx_word' id='word_1_219' title='bbox 2645 1659 2835 1719; x_wconf 90' lang='lat' dir='ltr'><strong>utpote</strong></span> <span class='ocrx_word' id='word_1_220' title='bbox 2849 1649 3033 1706; x_wconf 91' lang='lat' dir='ltr'><strong>Verbo</strong></span> <span class='ocrx_word' id='word_1_221' title='bbox 3060 1651 3586 1721; x_wconf 87' lang='lat' dir='ltr'><strong>consubstantialis;</strong></span> 
     </span>
    </p>
   </div>
   <div class='ocr_carea' id='block_1_31' title="bbox 2009 1735 3589 1812">
    <p class='ocr_par' dir='ltr' id='par_1_31' title="bbox 2009 1735 3589 1812">
     <span class='ocr_line' id='line_1_31' title="bbox 2009 1735 3589 1812; baseline 0.004 -23"><span class='ocrx_word' id='word_1_222' title='bbox 2009 1735 2104 1789; x_wconf 88' lang='lat' dir='ltr'><strong>sed</strong></span> <span class='ocrx_word' id='word_1_223' title='bbox 2167 1736 2530 1794; x_wconf 85' lang='lat' dir='ltr'><strong>immutabilis</strong></span> <span class='ocrx_word' id='word_1_224' title='bbox 2591 1741 2856 1806; x_wconf 88' lang='lat' dir='ltr'><strong>manebit,</strong></span> <span class='ocrx_word' id='word_1_225' title='bbox 2885 1742 3168 1798; x_wconf 85' lang='lat' dir='ltr'><strong>exsistens</strong></span> <span class='ocrx_word' id='word_1_226' title='bbox 3199 1742 3253 1796; x_wconf 91' lang='lat' dir='ltr'><strong>id</strong></span> <span class='ocrx_word' id='word_1_227' title='bbox 3286 1743 3432 1812; x_wconf 73' lang='lat' dir='ltr'><strong>q‘uod</strong></span> <span class='ocrx_word' id='word_1_228' title='bbox 3479 1757 3589 1811; x_wconf 86' lang='lat' dir='ltr'><strong>est,</strong></span> 
     </span>
    </p>
   </div>
   <div class='ocr_carea' id='block_1_32' title="bbox 2007 1813 3589 1898">
    <p class='ocr_par' dir='ltr' id='par_1_32' title="bbox 2007 1813 3589 1898">
     <span class='ocr_line' id='line_1_32' title="bbox 2007 1813 3589 1898; baseline 0.006 -19"><span class='ocrx_word' id='word_1_229' title='bbox 2007 1826 2138 1881; x_wconf 86' lang='lat' dir='ltr'><strong>licet</strong></span> <span class='ocrx_word' id='word_1_230' title='bbox 2168 1842 2292 1880; x_wconf 90' lang='lat' dir='ltr'><strong>cum</strong></span> <span class='ocrx_word' id='word_1_231' title='bbox 2336 1813 2437 1882; x_wconf 78' lang='lat' dir='ltr'><strong>suo</strong></span> <span class='ocrx_word' id='word_1_232' title='bbox 2461 1825 2642 1883; x_wconf 90' lang='lat' dir='ltr'><strong>Verbo</strong></span> <span class='ocrx_word' id='word_1_233' title='bbox 2675 1830 2923 1898; x_wconf 87' lang='lat' dir='ltr'><strong>ejusdem</strong></span> <span class='ocrx_word' id='word_1_234' title='bbox 2955 1832 3025 1885; x_wconf 85' lang='lat' dir='ltr'><strong>sit</strong></span> <span class='ocrx_word' id='word_1_235' title='bbox 3070 1840 3280 1886; x_wconf 74' lang='lat' dir='ltr'><strong>natura:</strong></span> <span class='ocrx_word' id='word_1_236' title='bbox 3307 1835 3425 1887; x_wconf 80' lang='lat' dir='ltr'><strong>sive</strong></span> <span class='ocrx_word' id='word_1_237' title='bbox 3457 1835 3589 1888; x_wconf 88' lang='lat' dir='ltr'><strong>sub-</strong></span> 
     </span>
    </p>
   </div>
   <div class='ocr_carea' id='block_1_33' title="bbox 323 1904 1895 1991">
    <p class='ocr_par' dir='ltr' id='par_1_33' title="bbox 323 1913 1895 1991">
     <span class='ocr_line' id='line_1_33' title="bbox 323 1913 1895 1991; baseline -0.006 -13"><span class='ocrx_word' id='word_1_238' title='bbox 323 1925 454 1978; x_wconf 76' lang='lat' dir='ltr'><strong>!6tov</strong></span> <span class='ocrx_word' id='word_1_239' title='bbox 503 1923 676 1991; x_wconf 90' lang='grc' dir='ltr'>Λόγον</span> <span class='ocrx_word' id='word_1_240' title='bbox 726 1919 788 1974; x_wconf 76' lang='grc' dir='ltr'>τὸ</span> <span class='ocrx_word' id='word_1_241' title='bbox 819 1918 1056 1990; x_wconf 81' lang='grc' dir='ltr'>ὁμοφυὲς</span> <span class='ocrx_word' id='word_1_242' title='bbox 1093 1918 1210 1989; x_wconf 76' lang='grc' dir='ltr'>ἦτοι</span> <span class='ocrx_word' id='word_1_243' title='bbox 1238 1917 1299 1970; x_wconf 82' lang='grc' dir='ltr'>τὸ</span> <span class='ocrx_word' id='word_1_244' title='bbox 1331 1913 1633 1988; x_wconf 78' lang='grc' dir='ltr'>ὁμοούσιον.</span> <span class='ocrx_word' id='word_1_245' title='bbox 1667 1915 1776 1969; x_wconf 78' lang='grc' dir='ltr'>Καὶ</span> <span class='ocrx_word' id='word_1_246' title='bbox 1817 1915 1895 1968; x_wconf 81' lang='grc' dir='ltr'><strong>δὲ-</strong></span> 
     </span>
    </p>
   </div>
   <div class='ocr_carea' id='block_1_34' title="bbox 1998 1904 3590 1991">
    <p class='ocr_par' dir='ltr' id='par_1_34' title="bbox 2007 1919 3590 1989">
     <span class='ocr_line' id='line_1_34' title="bbox 2007 1919 3590 1989; baseline 0.003 -16"><span class='ocrx_word' id='word_1_247' title='bbox 2007 1919 2246 1973; x_wconf 74' lang='lat' dir='ltr'><strong>stantiae.</strong></span> <span class='ocrx_word' id='word_1_248' title='bbox 2314 1923 2493 1989; x_wconf 85' lang='lat' dir='ltr'><strong>Atque</strong></span> <span class='ocrx_word' id='word_1_249' title='bbox 2555 1919 2627 1972; x_wconf 83' lang='lat' dir='ltr'><strong>ita</strong></span> <span class='ocrx_word' id='word_1_250' title='bbox 2687 1919 2908 1974; x_wconf 89' lang='lat' dir='ltr'><strong>demum</strong></span> <span class='ocrx_word' id='word_1_251' title='bbox 2947 1936 3090 1975; x_wconf 75' lang='lat' dir='ltr'><strong>vana</strong></span> <span class='ocrx_word' id='word_1_252' title='bbox 3121 1937 3244 1978; x_wconf 88' lang='lat' dir='ltr'><strong>esse</strong></span> <span class='ocrx_word' id='word_1_253' title='bbox 3275 1923 3590 1978; x_wconf 84' lang='lat' dir='ltr'><strong>ostenditur</strong></span> 
     </span>
    </p>
   </div>
   <div class='ocr_carea' id='block_1_35' title="bbox 318 2007 1653 2080">
    <p class='ocr_par' dir='ltr' id='par_1_35' title="bbox 318 2007 1653 2080">
     <span class='ocr_line' id='line_1_35' title="bbox 318 2007 1653 2080; baseline -0.007 -11"><span class='ocrx_word' id='word_1_254' title='bbox 318 2015 530 2069; x_wconf 83' lang='grc' dir='ltr'>δεικται</span> <span class='ocrx_word' id='word_1_255' title='bbox 550 2012 736 2067; x_wconf 80' lang='grc' dir='ltr'>λοιπὸν</span> <span class='ocrx_word' id='word_1_256' title='bbox 760 2014 966 2066; x_wconf 78' lang='grc' dir='ltr'>εἰκαῖον</span> <span class='ocrx_word' id='word_1_257' title='bbox 989 2010 1050 2063; x_wconf 79' lang='grc' dir='ltr'>τὸ</span> <span class='ocrx_word' id='word_1_258' title='bbox 1081 2009 1306 2062; x_wconf 76' lang='grc' dir='ltr'>ἐκείνων</span> <span class='ocrx_word' id='word_1_259' title='bbox 1340 2007 1653 2080; x_wconf 76' lang='grc' dir='ltr'>πρόϐλημα.</span> 
     </span>
    </p>
   </div>
   <div class='ocr_carea' id='block_1_36' title="bbox 387 2099 1905 2173">
    <p class='ocr_par' dir='ltr' id='par_1_36' title="bbox 387 2099 1905 2173">
     <span class='ocr_line' id='line_1_36' title="bbox 387 2099 1905 2173; baseline -0.005 -13"><span class='ocrx_word' id='word_1_260' title='bbox 387 2108 591 2162; x_wconf 82' lang='grc' dir='ltr'>ΛΛΛΟ.</span> <span class='ocrx_word' id='word_1_261' title='bbox 628 2107 689 2160; x_wconf 85' lang='grc' dir='ltr'><strong>Εἰ</strong></span> <span class='ocrx_word' id='word_1_262' title='bbox 720 2107 828 2169; x_wconf 82' lang='grc' dir='ltr'>πᾶς</span> <span class='ocrx_word' id='word_1_263' title='bbox 864 2103 1022 2173; x_wconf 83' lang='grc' dir='ltr'>λόγος</span> <span class='ocrx_word' id='word_1_264' title='bbox 1063 2101 1205 2165; x_wconf 92' lang='grc' dir='ltr'>τινός</span> <span class='ocrx_word' id='word_1_265' title='bbox 1243 2104 1357 2154; x_wconf 85' lang='grc' dir='ltr'>ἐστι</span> <span class='ocrx_word' id='word_1_266' title='bbox 1405 2100 1583 2170; x_wconf 81' lang='grc' dir='ltr'>λόγος,</span> <span class='ocrx_word' id='word_1_267' title='bbox 1621 2099 1714 2154; x_wconf 87' lang='grc' dir='ltr'><strong>τοῦ</strong></span> <span class='ocrx_word' id='word_1_268' title='bbox 1767 2116 1905 2170; x_wconf 76' lang='grc' dir='ltr'>προ-ι</span> 
     </span>
    </p>
   </div>
   <div class='ocr_carea' id='block_1_37' title="bbox 314 2191 1906 2271">
    <p class='ocr_par' dir='ltr' id='par_1_37' title="bbox 314 2191 1906 2271">
     <span class='ocr_line' id='line_1_37' title="bbox 314 2191 1906 2271; baseline -0.006 -19"><span class='ocrx_word' id='word_1_269' title='bbox 314 2198 531 2271; x_wconf 80' lang='grc' dir='ltr'>χέοντος</span> <span class='ocrx_word' id='word_1_270' title='bbox 576 2197 684 2251; x_wconf 75' lang='grc' dir='ltr'>ἀπὸ</span> <span class='ocrx_word' id='word_1_271' title='bbox 740 2195 987 2267; x_wconf 80' lang='grc' dir='ltr'>γλώττης</span> <span class='ocrx_word' id='word_1_272' title='bbox 1050 2192 1312 2264; x_wconf 78' lang='grc' dir='ltr'>δηλονότι,</span> <span class='ocrx_word' id='word_1_273' title='bbox 1358 2192 1390 2263; x_wconf 82' lang='grc' dir='ltr'>ἦ</span> <span class='ocrx_word' id='word_1_274' title='bbox 1435 2193 1530 2246; x_wconf 70' lang='grc' dir='ltr'><strong>καὶ</strong></span> <span class='ocrx_word' id='word_1_275' title='bbox 1573 2193 1637 2244; x_wconf 82' lang='grc' dir='ltr'>ἐκ</span> <span class='ocrx_word' id='word_1_276' title='bbox 1680 2191 1906 2263; x_wconf 76' lang='grc' dir='ltr'>καρδίας</span> 
     </span>
    </p>
   </div>
   <div class='ocr_carea' id='block_1_38' title="bbox 313 2281 1906 2362">
    <p class='ocr_par' dir='ltr' id='par_1_38' title="bbox 313 2281 1906 2362">
     <span class='ocr_line' id='line_1_38' title="bbox 313 2281 1906 2362; baseline -0.006 -19"><span class='ocrx_word' id='word_1_277' title='bbox 313 2289 676 2362; x_wconf 81' lang='grc' dir='ltr'>ὲρευγομένου</span> <span class='ocrx_word' id='word_1_278' title='bbox 733 2287 826 2342; x_wconf 68' lang='grc' dir='ltr'><strong>καὶ</strong></span> <span class='ocrx_word' id='word_1_279' title='bbox 881 2285 1246 2356; x_wconf 77' lang='grc' dir='ltr'>ἀναφέροντος</span> <span class='ocrx_word' id='word_1_280' title='bbox 1281 2298 1294 2312; x_wconf 83' lang='grc'><strong><em>⁸</em></strong></span> <span class='ocrx_word' id='word_1_281' title='bbox 1350 2283 1501 2336; x_wconf 76' lang='grc' dir='ltr'>ἔσται</span> <span class='ocrx_word' id='word_1_282' title='bbox 1555 2281 1612 2335; x_wconf 81' lang='grc' dir='ltr'>δὲ</span> <span class='ocrx_word' id='word_1_283' title='bbox 1660 2284 1830 2350; x_wconf 87' lang='grc' dir='ltr'>Λόγος</span> <span class='ocrx_word' id='word_1_284' title='bbox 1877 2283 1906 2334; x_wconf 87' lang='grc' dir='ltr'><strong>ό</strong></span> 
     </span>
    </p>
   </div>
   <div class='ocr_carea' id='block_1_39' title="bbox 313 2372 1906 2456">
    <p class='ocr_par' dir='ltr' id='par_1_39' title="bbox 313 2372 1906 2456">
     <span class='ocr_line' id='line_1_39' title="bbox 313 2372 1906 2456; baseline -0.008 -18"><span class='ocrx_word' id='word_1_285' title='bbox 313 2383 526 2456; x_wconf 77' lang='grc' dir='ltr'>Πατὴρ,</span> <span class='ocrx_word' id='word_1_286' title='bbox 557 2381 786 2450; x_wconf 73' lang='grc' dir='ltr'>ἐπείπερ</span> <span class='ocrx_word' id='word_1_287' title='bbox 809 2377 956 2430; x_wconf 72' lang='grc' dir='ltr'>ἐστὶν</span> <span class='ocrx_word' id='word_1_288' title='bbox 981 2376 1267 2447; x_wconf 84' lang='grc' dir='ltr'>όμοούσιος</span> <span class='ocrx_word' id='word_1_289' title='bbox 1293 2375 1451 2445; x_wconf 80' lang='grc' dir='ltr'>Λόγῳ</span> <span class='ocrx_word' id='word_1_290' title='bbox 1476 2387 1490 2401; x_wconf 74' lang='grc'><strong>⁸</strong></span> <span class='ocrx_word' id='word_1_291' title='bbox 1523 2372 1714 2428; x_wconf 78' lang='grc' dir='ltr'>ἑαυτοῦ</span> <span class='ocrx_word' id='word_1_292' title='bbox 1733 2373 1906 2442; x_wconf 90' lang='grc' dir='ltr'>Λόγος</span> 
     </span>
    </p>
   </div>
   <div class='ocr_carea' id='block_1_40' title="bbox 313 2465 1906 2541">
    <p class='ocr_par' dir='ltr' id='par_1_40' title="bbox 313 2465 1906 2541">
     <span class='ocr_line' id='line_1_40' title="bbox 313 2465 1906 2541; baseline -0.008 -12"><span class='ocrx_word' id='word_1_293' title='bbox 313 2477 466 2531; x_wconf 72' lang='grc' dir='ltr'>ἔσται</span> <span class='ocrx_word' id='word_1_294' title='bbox 517 2473 724 2535; x_wconf 72' lang='grc' dir='ltr'>λοιπὸν,</span> <span class='ocrx_word' id='word_1_295' title='bbox 781 2469 983 2541; x_wconf 80' lang='grc' dir='ltr'>μᾶλλον</span> <span class='ocrx_word' id='word_1_296' title='bbox 1048 2467 1105 2521; x_wconf 82' lang='grc' dir='ltr'><strong>δὲ</strong></span> <span class='ocrx_word' id='word_1_297' title='bbox 1169 2466 1403 2532; x_wconf 77' lang='grc' dir='ltr'>οὐδενὸς,</span> <span class='ocrx_word' id='word_1_298' title='bbox 1436 2466 1468 2537; x_wconf 77' lang='grc' dir='ltr'>ἦ</span> <span class='ocrx_word' id='word_1_299' title='bbox 1499 2466 1593 2531; x_wconf 72' lang='grc' dir='ltr'><strong>καὶ</strong></span> <span class='ocrx_word' id='word_1_300' title='bbox 1624 2465 1759 2528; x_wconf 81' lang='grc' dir='ltr'>ὅλως</span> <span class='ocrx_word' id='word_1_301' title='bbox 1808 2466 1906 2536; x_wconf 85' lang='grc' dir='ltr'><strong>οὑχ</strong></span> 
     </span>
    </p>
   </div>
   <div class='ocr_carea' id='block_1_41' title="bbox 315 2549 1899 2638">
    <p class='ocr_par' dir='ltr' id='par_1_41' title="bbox 315 2549 1899 2638">
     <span class='ocr_line' id='line_1_41' title="bbox 315 2549 1899 2638; baseline -0.007 -18"><span class='ocrx_word' id='word_1_302' title='bbox 315 2567 571 2638; x_wconf 83' lang='grc' dir='ltr'><strong>ὑπάρχει.</strong></span> <span class='ocrx_word' id='word_1_303' title='bbox 609 2562 735 2626; x_wconf 90' lang='grc' dir='ltr'><strong>Πῶς</strong></span> <span class='ocrx_word' id='word_1_304' title='bbox 766 2563 876 2630; x_wconf 81' lang='grc' dir='ltr'><strong>γὰρ</strong></span> <span class='ocrx_word' id='word_1_305' title='bbox 919 2559 1073 2612; x_wconf 78' lang='grc' dir='ltr'>ἔσται</span> <span class='ocrx_word' id='word_1_306' title='bbox 1105 2558 1298 2625; x_wconf 74' lang='grc' dir='ltr'>Λόγος,</span> <span class='ocrx_word' id='word_1_307' title='bbox 1339 2556 1416 2627; x_wconf 84' lang='grc' dir='ltr'>μὴ</span> <span class='ocrx_word' id='word_1_308' title='bbox 1446 2556 1599 2620; x_wconf 81' lang='grc' dir='ltr'>δντος</span> <span class='ocrx_word' id='word_1_309' title='bbox 1637 2555 1802 2621; x_wconf 76' lang='grc' dir='ltr'>τινὸς,</span> <span class='ocrx_word' id='word_1_310' title='bbox 1838 2549 1899 2610; x_wconf 77' lang='grc' dir='ltr'>οὗ</span> 
     </span>
    </p>
   </div>
   <div class='ocr_carea' id='block_1_42' title="bbox 313 2647 1904 2725">
    <p class='ocr_par' dir='ltr' id='par_1_42' title="bbox 313 2647 1904 2725">
     <span class='ocr_line' id='line_1_42' title="bbox 313 2647 1904 2725; baseline -0.006 -16"><span class='ocrx_word' id='word_1_311' title='bbox 313 2657 486 2725; x_wconf 86' lang='grc' dir='ltr'>Λόγος</span> <span class='ocrx_word' id='word_1_312' title='bbox 515 2654 696 2720; x_wconf 69' lang='lat' dir='ltr'><strong>tet-civ;</strong></span> <span class='ocrx_word' id='word_1_313' title='bbox 743 2651 904 2704; x_wconf 81' lang='grc' dir='ltr'><strong>Ἀ)λὰ</strong></span> <span class='ocrx_word' id='word_1_314' title='bbox 923 2650 1080 2703; x_wconf 85' lang='grc' dir='ltr'>τοῦτο</span> <span class='ocrx_word' id='word_1_315' title='bbox 1106 2649 1325 2703; x_wconf 82' lang='grc' dir='ltr'>ἄτοπον.</span> <span class='ocrx_word' id='word_1_316' title='bbox 1351 2649 1424 2701; x_wconf 82' lang='grc' dir='ltr'>Οὑ</span> <span class='ocrx_word' id='word_1_317' title='bbox 1450 2649 1559 2720; x_wconf 78' lang='grc' dir='ltr'><strong>γὰρ</strong></span> <span class='ocrx_word' id='word_1_318' title='bbox 1593 2648 1744 2701; x_wconf 77' lang='grc' dir='ltr'>ἔσται</span> <span class='ocrx_word' id='word_1_319' title='bbox 1773 2647 1904 2702; x_wconf 82' lang='grc' dir='ltr'>ποτὲ</span> 
     </span>
    </p>
   </div>
   <div class='ocr_carea' id='block_1_43' title="bbox 313 2738 1901 2817">
    <p class='ocr_par' dir='ltr' id='par_1_43' title="bbox 313 2738 1901 2817">
     <span class='ocr_line' id='line_1_43' title="bbox 313 2738 1901 2817; baseline 0.003 -19"><span class='ocrx_word' id='word_1_320' title='bbox 313 2745 409 2798; x_wconf 81' lang='grc' dir='ltr'><strong>τοῦ</strong></span> <span class='ocrx_word' id='word_1_321' title='bbox 444 2745 518 2817; x_wconf 75' lang='grc' dir='ltr'>μὴ</span> <span class='ocrx_word' id='word_1_322' title='bbox 566 2740 706 2797; x_wconf 74' lang='grc' dir='ltr'>εἶναι</span> <span class='ocrx_word' id='word_1_323' title='bbox 754 2741 976 2813; x_wconf 76' lang='grc' dir='ltr'>δεκτικὴ</span> <span class='ocrx_word' id='word_1_324' title='bbox 1027 2743 1060 2810; x_wconf 82' lang='grc' dir='ltr'><strong>ἡ</strong></span> <span class='ocrx_word' id='word_1_325' title='bbox 1125 2739 1244 2793; x_wconf 78' lang='grc' dir='ltr'>Θεία</span> <span class='ocrx_word' id='word_1_326' title='bbox 1279 2740 1374 2792; x_wconf 77' lang='grc' dir='ltr'><strong>καὶ</strong></span> <span class='ocrx_word' id='word_1_327' title='bbox 1402 2739 1680 2810; x_wconf 79' lang='grc' dir='ltr'>ἀκήρατος</span> <span class='ocrx_word' id='word_1_328' title='bbox 1716 2738 1901 2806; x_wconf 68' lang='grc' dir='ltr'>φύσις,</span> 
     </span>
    </p>
   </div>
   <div class='ocr_carea' id='block_1_44' title="bbox 315 2827 1906 2903">
    <p class='ocr_par' dir='ltr' id='par_1_44' title="bbox 315 2827 1906 2903">
     <span class='ocr_line' id='line_1_44' title="bbox 315 2827 1906 2903; baseline -0.004 -16"><span class='ocrx_word' id='word_1_329' title='bbox 315 2834 436 2887; x_wconf 82' lang='grc' dir='ltr'>οὑδὲ</span> <span class='ocrx_word' id='word_1_330' title='bbox 495 2831 876 2903; x_wconf 79' lang='grc' dir='ltr'>μεταχωρήσει</span> <span class='ocrx_word' id='word_1_331' title='bbox 940 2829 1019 2891; x_wconf 76' lang='grc' dir='ltr'><strong>εἰς</strong></span> <span class='ocrx_word' id='word_1_332' title='bbox 1080 2827 1257 2896; x_wconf 89' lang='grc' dir='ltr'>Λόγον</span> <span class='ocrx_word' id='word_1_333' title='bbox 1314 2827 1441 2879; x_wconf 81' lang='grc' dir='ltr'>ποτὲ</span> <span class='ocrx_word' id='word_1_334' title='bbox 1488 2827 1516 2878; x_wconf 89' lang='grc' dir='ltr'>ὁ</span> <span class='ocrx_word' id='word_1_335' title='bbox 1553 2827 1765 2897; x_wconf 78' lang='grc' dir='ltr'>Πατὴρ,</span> <span class='ocrx_word' id='word_1_336' title='bbox 1800 2828 1906 2880; x_wconf 73' lang='grc' dir='ltr'>κᾶν</span> 
     </span>
    </p>
   </div>
   <div class='ocr_carea' id='block_1_45' title="bbox 318 2911 1907 2996">
    <p class='ocr_par' dir='ltr' id='par_1_45' title="bbox 318 2911 1907 2996">
     <span class='ocr_line' id='line_1_45' title="bbox 318 2911 1907 2996; baseline -0.004 -18"><span class='ocrx_word' id='word_1_337' title='bbox 318 2926 612 2996; x_wconf 82' lang='grc' dir='ltr'>όμοοὺσιος</span> <span class='ocrx_word' id='word_1_338' title='bbox 671 2923 893 2992; x_wconf 78' lang='grc' dir='ltr'>ὑπάρχῃ</span> <span class='ocrx_word' id='word_1_339' title='bbox 957 2919 1145 2988; x_wconf 79' lang='grc' dir='ltr'>Λόγῳ’</span> <span class='ocrx_word' id='word_1_340' title='bbox 1178 2917 1328 2989; x_wconf 78' lang='grc' dir='ltr'>μένει</span> <span class='ocrx_word' id='word_1_341' title='bbox 1378 2917 1435 2970; x_wconf 82' lang='grc' dir='ltr'>δὲ</span> <span class='ocrx_word' id='word_1_342' title='bbox 1472 2916 1682 2987; x_wconf 79' lang='grc' dir='ltr'>Πατὴρ,</span> <span class='ocrx_word' id='word_1_343' title='bbox 1717 2911 1778 2970; x_wconf 71' lang='grc' dir='ltr'><strong>οὗ</strong></span> <span class='ocrx_word' id='word_1_344' title='bbox 1812 2919 1907 2971; x_wconf 70' lang='grc' dir='ltr'>καὶ</span> 
     </span>
    </p>
   </div>
   <div class='ocr_carea' id='block_1_46' title="bbox 316 3013 893 3086">
    <p class='ocr_par' dir='ltr' id='par_1_46' title="bbox 316 3013 893 3086">
     <span class='ocr_line' id='line_1_46' title="bbox 316 3013 893 3086; baseline -0.01 -15"><span class='ocrx_word' id='word_1_345' title='bbox 316 3017 491 3086; x_wconf 89' lang='grc' dir='ltr'>Λόγος</span> <span class='ocrx_word' id='word_1_346' title='bbox 521 3015 671 3068; x_wconf 77' lang='grc' dir='ltr'>ἐστὶν</span> <span class='ocrx_word' id='word_1_347' title='bbox 693 3016 720 3067; x_wconf 89' lang='lat'><strong>6</strong></span> <span class='ocrx_word' id='word_1_348' title='bbox 746 3013 893 3076; x_wconf 84' lang='grc' dir='ltr'>Υἱός.</span> 
     </span>
    </p>
   </div>
   <div class='ocr_carea' id='block_1_47' title="bbox 382 3179 1902 3254">
    <p class='ocr_par' dir='ltr' id='par_1_47' title="bbox 382 3179 1902 3254">
     <span class='ocr_line' id='line_1_47' title="bbox 382 3179 1902 3254; baseline -0.007 -15"><span class='ocrx_word' id='word_1_349' title='bbox 382 3185 588 3239; x_wconf 89' lang='grc' dir='ltr'>ΛΛΛΟ.</span> <span class='ocrx_word' id='word_1_350' title='bbox 641 3183 704 3236; x_wconf 78' lang='lat' dir='ltr'><strong>E!</strong></span> <span class='ocrx_word' id='word_1_351' title='bbox 762 3181 970 3254; x_wconf 77' lang='grc' dir='ltr'>τροπῆς</span> <span class='ocrx_word' id='word_1_352' title='bbox 1026 3182 1243 3251; x_wconf 79' lang='grc' dir='ltr'>ἁπάσης</span> <span class='ocrx_word' id='word_1_353' title='bbox 1284 3181 1379 3233; x_wconf 78' lang='grc' dir='ltr'><strong>καὶ</strong></span> <span class='ocrx_word' id='word_1_354' title='bbox 1415 3179 1752 3245; x_wconf 82' lang='grc' dir='ltr'>ἀλλοιώσεως</span> <span class='ocrx_word' id='word_1_355' title='bbox 1804 3183 1902 3254; x_wconf 80' lang='grc' dir='ltr'>τῆς</span> 
     </span>
    </p>
   </div>
   <div class='ocr_carea' id='block_1_48' title="bbox 313 3269 1798 3344">
    <p class='ocr_par' dir='ltr' id='par_1_48' title="bbox 313 3269 1798 3344">
     <span class='ocr_line' id='line_1_48' title="bbox 313 3269 1798 3344; baseline -0.003 -14"><span class='ocrx_word' id='word_1_356' title='bbox 313 3276 456 3330; x_wconf 80' lang='grc' dir='ltr'>κατὰ</span> <span class='ocrx_word' id='word_1_357' title='bbox 483 3274 576 3328; x_wconf 83' lang='grc' dir='ltr'><strong>τὸν</strong></span> <span class='ocrx_word' id='word_1_358' title='bbox 607 3272 708 3344; x_wconf 78' lang='grc' dir='ltr'>τῆς</span> <span class='ocrx_word' id='word_1_359' title='bbox 754 3271 1063 3334; x_wconf 83' lang='grc' dir='ltr'>οὑσιὼσεως</span> <span class='ocrx_word' id='word_1_360' title='bbox 1098 3271 1256 3339; x_wconf 83' lang='grc' dir='ltr'>λόγον</span> <span class='ocrx_word' id='word_1_361' title='bbox 1300 3273 1325 3342; x_wconf 71' lang='grc' dir='ltr'>ἡ</span> <span class='ocrx_word' id='word_1_362' title='bbox 1358 3269 1477 3325; x_wconf 81' lang='grc' dir='ltr'>θεία</span> <span class='ocrx_word' id='word_1_363' title='bbox 1503 3272 1663 3340; x_wconf 77' lang='grc' dir='ltr'>φύσις</span> <span class='ocrx_word' id='word_1_364' title='bbox 1704 3273 1798 3325; x_wconf 83' lang='grc' dir='ltr'>ἀνε</span> 
     </span>
    </p>
   </div>
   <div class='ocr_carea' id='block_1_49' title="bbox 311 3361 1894 3438">
    <p class='ocr_par' dir='ltr' id='par_1_49' title="bbox 311 3361 1894 3438">
     <span class='ocr_line' id='line_1_49' title="bbox 311 3361 1894 3438; baseline -0.004 -14"><span class='ocrx_word' id='word_1_365' title='bbox 311 3370 496 3432; x_wconf 81' lang='grc' dir='ltr'>δεκτος</span> <span class='ocrx_word' id='word_1_366' title='bbox 551 3361 692 3420; x_wconf 82' lang='grc' dir='ltr'>εἶναι</span> <span class='ocrx_word' id='word_1_367' title='bbox 739 3362 1103 3429; x_wconf 82' lang='grc' dir='ltr'>πιστεύεται,</span> <span class='ocrx_word' id='word_1_368' title='bbox 1161 3363 1278 3426; x_wconf 86' lang='grc' dir='ltr'><strong>πῶς</strong></span> <span class='ocrx_word' id='word_1_369' title='bbox 1335 3363 1426 3416; x_wconf 84' lang='grc' dir='ltr'><strong>τὸν</strong></span> <span class='ocrx_word' id='word_1_370' title='bbox 1482 3366 1678 3418; x_wconf 82' lang='grc' dir='ltr'>οἰκεῖον</span> <span class='ocrx_word' id='word_1_371' title='bbox 1706 3364 1894 3438; x_wconf 78' lang='grc' dir='ltr'>ὥσπερ</span> 
     </span>
    </p>
   </div>
   <div class='ocr_carea' id='block_1_50' title="bbox 312 3451 1892 3531">
    <p class='ocr_par' dir='ltr' id='par_1_50' title="bbox 312 3451 1892 3531">
     <span class='ocr_line' id='line_1_50' title="bbox 312 3451 1892 3531; baseline -0.003 -16"><span class='ocrx_word' id='word_1_372' title='bbox 312 3462 470 3531; x_wconf 77' lang='grc' dir='ltr'>ἀφεὶς</span> <span class='ocrx_word' id='word_1_373' title='bbox 502 3459 684 3522; x_wconf 74' lang='grc' dir='ltr'>τόπον,</span> <span class='ocrx_word' id='word_1_374' title='bbox 711 3459 790 3521; x_wconf 76' lang='grc' dir='ltr'><strong>εἰς</strong></span> <span class='ocrx_word' id='word_1_375' title='bbox 817 3455 878 3509; x_wconf 78' lang='grc' dir='ltr'><strong>τὸ</strong></span> <span class='ocrx_word' id='word_1_376' title='bbox 911 3451 1049 3509; x_wconf 71' lang='grc' dir='ltr'>εἶναι</span> <span class='ocrx_word' id='word_1_377' title='bbox 1081 3455 1253 3524; x_wconf 90' lang='grc' dir='ltr'>Λόγος</span> <span class='ocrx_word' id='word_1_378' title='bbox 1278 3458 1314 3509; x_wconf 88' lang='grc' dir='ltr'><strong>ό.</strong></span> <span class='ocrx_word' id='word_1_379' title='bbox 1337 3455 1524 3527; x_wconf 76' lang='grc' dir='ltr'>Πατὴρ</span> <span class='ocrx_word' id='word_1_380' title='bbox 1555 3460 1892 3528; x_wconf 78' lang='grc' dir='ltr'>μεταστήσε-</span> 
     </span>
    </p>
   </div>
   <div class='ocr_carea' id='block_1_51' title="bbox 305 3548 1893 3625">
    <p class='ocr_par' dir='ltr' id='par_1_51' title="bbox 305 3548 1893 3625">
     <span class='ocr_line' id='line_1_51' title="bbox 305 3548 1893 3625; baseline -0.009 -15"><span class='ocrx_word' id='word_1_381' title='bbox 305 3562 435 3621; x_wconf 68' lang='grc' dir='ltr'>ταις</span> <span class='ocrx_word' id='word_1_382' title='bbox 465 3553 686 3625; x_wconf 83' lang='grc' dir='ltr'>Τροπῆς</span> <span class='ocrx_word' id='word_1_383' title='bbox 707 3549 775 3620; x_wconf 64' lang='grc' dir='ltr'>γᾶ</span> <span class='ocrx_word' id='word_1_384' title='bbox 784 3567 814 3622; x_wconf 91' lang='grc' dir='ltr'><strong>ρ</strong></span> <span class='ocrx_word' id='word_1_385' title='bbox 841 3549 994 3602; x_wconf 74' lang='grc' dir='ltr'>ἔσται</span> <span class='ocrx_word' id='word_1_386' title='bbox 1015 3548 1279 3613; x_wconf 81' lang='grc' dir='ltr'>δεκτικὸς,</span> <span class='ocrx_word' id='word_1_387' title='bbox 1295 3549 1369 3610; x_wconf 83' lang='grc' dir='ltr'>ὡς</span> <span class='ocrx_word' id='word_1_388' title='bbox 1391 3549 1448 3615; x_wconf 77' lang='grc' dir='ltr'>ἐξ</span> <span class='ocrx_word' id='word_1_389' title='bbox 1470 3551 1714 3621; x_wconf 78' lang='grc' dir='ltr'>ἀνάγκης</span> <span class='ocrx_word' id='word_1_390' title='bbox 1737 3551 1893 3604; x_wconf 76' lang='grc' dir='ltr'>τοῦτο</span> 
     </span>
    </p>
   </div>
   <div class='ocr_carea' id='block_1_52' title="bbox 312 3638 1888 3713">
    <p class='ocr_par' dir='ltr' id='par_1_52' title="bbox 312 3638 1888 3713">
     <span class='ocr_line' id='line_1_52' title="bbox 312 3638 1888 3713; baseline -0.004 -13"><span class='ocrx_word' id='word_1_391' title='bbox 312 3647 569 3709; x_wconf 86' lang='grc' dir='ltr'>παθὼν,ό</span> <span class='ocrx_word' id='word_1_392' title='bbox 597 3644 759 3706; x_wconf 71' lang='grc' dir='ltr'>αὐτὸς</span> <span class='ocrx_word' id='word_1_393' title='bbox 784 3642 842 3696; x_wconf 74' lang='grc' dir='ltr'><strong>δὲ</strong></span> <span class='ocrx_word' id='word_1_394' title='bbox 867 3641 967 3695; x_wconf 81' lang='grc' dir='ltr'><strong>οὑκ</strong></span> <span class='ocrx_word' id='word_1_395' title='bbox 997 3641 1173 3705; x_wconf 70' lang='grc' dir='ltr'>ἔσται,</span> <span class='ocrx_word' id='word_1_396' title='bbox 1196 3642 1270 3712; x_wconf 79' lang='grc' dir='ltr'>μὴ</span> <span class='ocrx_word' id='word_1_397' title='bbox 1296 3642 1541 3712; x_wconf 79' lang='grc' dir='ltr'>τηρήσας</span> <span class='ocrx_word' id='word_1_398' title='bbox 1569 3643 1706 3712; x_wconf 78' lang='grc' dir='ltr'>ὅπερ</span> <span class='ocrx_word' id='word_1_399' title='bbox 1733 3638 1798 3713; x_wconf 81' lang='grc' dir='ltr'>ἧν</span> <span class='ocrx_word' id='word_1_400' title='bbox 1830 3641 1888 3709; x_wconf 79' lang='grc' dir='ltr'>ἐξ</span> 
     </span>
    </p>
   </div>
   <div class='ocr_carea' id='block_1_53' title="bbox 311 3727 1892 3805">
    <p class='ocr_par' dir='ltr' id='par_1_53' title="bbox 311 3727 1892 3805">
     <span class='ocr_line' id='line_1_53' title="bbox 311 3727 1892 3805; baseline -0.002 -17"><span class='ocrx_word' id='word_1_401' title='bbox 311 3734 506 3805; x_wconf 77' lang='grc' dir='ltr'>ἀρχῆς.</span> <span class='ocrx_word' id='word_1_402' title='bbox 526 3733 588 3787; x_wconf 87' lang='grc' dir='ltr'>Εἰ</span> <span class='ocrx_word' id='word_1_403' title='bbox 626 3729 861 3785; x_wconf 80' lang='grc' dir='ltr'>δὲτοῦτο</span> <span class='ocrx_word' id='word_1_404' title='bbox 903 3730 1103 3785; x_wconf 79' lang='grc' dir='ltr'>ἄτοπον</span> <span class='ocrx_word' id='word_1_405' title='bbox 1131 3746 1147 3762; x_wconf 89' lang='grc'><strong>·</strong></span> <span class='ocrx_word' id='word_1_406' title='bbox 1177 3727 1238 3782; x_wconf 81' lang='grc' dir='ltr'><strong>τὸ</strong></span> <span class='ocrx_word' id='word_1_407' title='bbox 1270 3729 1376 3802; x_wconf 78' lang='grc' dir='ltr'>γὰρ</span> <span class='ocrx_word' id='word_1_408' title='bbox 1416 3729 1757 3786; x_wconf 84' lang='grc' dir='ltr'>ἀλλοιοῦσθαι</span> <span class='ocrx_word' id='word_1_409' title='bbox 1794 3733 1892 3804; x_wconf 82' lang='grc' dir='ltr'>τῆς</span> 
     </span>
    </p>
   </div>
   <div class='ocr_carea' id='block_1_54' title="bbox 313 3819 1890 3896">
    <p class='ocr_par' dir='ltr' id='par_1_54' title="bbox 313 3819 1890 3896">
     <span class='ocr_line' id='line_1_54' title="bbox 313 3819 1890 3896; baseline -0.001 -17"><span class='ocrx_word' id='word_1_410' title='bbox 313 3825 463 3890; x_wconf 77' lang='grc' dir='ltr'>θείας</span> <span class='ocrx_word' id='word_1_411' title='bbox 492 3823 706 3895; x_wconf 83' lang='grc' dir='ltr'>φύσεως</span> <span class='ocrx_word' id='word_1_412' title='bbox 736 3822 1012 3886; x_wconf 85' lang='grc' dir='ltr'>παντελῶς</span> <span class='ocrx_word' id='word_1_413' title='bbox 1048 3819 1326 3892; x_wconf 77' lang='grc' dir='ltr'>ἀλλότριον</span> <span class='ocrx_word' id='word_1_414' title='bbox 1348 3837 1362 3852; x_wconf 74' lang='grc' dir='ltr'><strong>ο</strong></span> <span class='ocrx_word' id='word_1_415' title='bbox 1392 3823 1491 3876; x_wconf 81' lang='grc' dir='ltr'><strong>οὑκ</strong></span> <span class='ocrx_word' id='word_1_416' title='bbox 1515 3823 1621 3894; x_wconf 81' lang='grc' dir='ltr'>ἄρα</span> <span class='ocrx_word' id='word_1_417' title='bbox 1646 3825 1758 3890; x_wconf 74' lang='grc' dir='ltr'>ἕξει</span> <span class='ocrx_word' id='word_1_418' title='bbox 1791 3825 1890 3896; x_wconf 79' lang='grc' dir='ltr'>τὴν</span> 
     </span>
    </p>
   </div>
   <div class='ocr_carea' id='block_1_55' title="bbox 313 3911 1888 3987">
    <p class='ocr_par' dir='ltr' id='par_1_55' title="bbox 313 3911 1888 3987">
     <span class='ocr_line' id='line_1_55' title="bbox 313 3911 1888 3987; baseline 0.001 -18"><span class='ocrx_word' id='word_1_419' title='bbox 313 3915 618 3987; x_wconf 77' lang='grc' dir='ltr'>μεταϐολὴν</span> <span class='ocrx_word' id='word_1_420' title='bbox 667 3915 769 3987; x_wconf 83' lang='grc' dir='ltr'><strong>τὴν</strong></span> <span class='ocrx_word' id='word_1_421' title='bbox 820 3915 901 3978; x_wconf 82' lang='grc' dir='ltr'>εἰς</span> <span class='ocrx_word' id='word_1_422' title='bbox 931 3913 1103 3982; x_wconf 89' lang='grc' dir='ltr'>Λόγον</span> <span class='ocrx_word' id='word_1_423' title='bbox 1137 3916 1164 3966; x_wconf 91' lang='grc' dir='ltr'><strong>ό</strong></span> <span class='ocrx_word' id='word_1_424' title='bbox 1205 3911 1415 3984; x_wconf 83' lang='grc' dir='ltr'>Πατὴρ,</span> <span class='ocrx_word' id='word_1_425' title='bbox 1446 3915 1561 3967; x_wconf 83' lang='grc' dir='ltr'>ἀλλ’</span> <span class='ocrx_word' id='word_1_426' title='bbox 1590 3916 1742 3969; x_wconf 79' lang='grc' dir='ltr'>ἔσται</span> <span class='ocrx_word' id='word_1_427' title='bbox 1775 3917 1888 3969; x_wconf 80' lang='grc' dir='ltr'>Πα-</span> 
     </span>
    </p>
   </div>
   <div class='ocr_carea' id='block_1_56' title="bbox 307 4003 1888 4082">
    <p class='ocr_par' dir='ltr' id='par_1_56' title="bbox 307 4003 1888 4082">
     <span class='ocr_line' id='line_1_56' title="bbox 307 4003 1888 4082; baseline -0.001 -19"><span class='ocrx_word' id='word_1_428' title='bbox 307 4010 416 4082; x_wconf 73' lang='grc' dir='ltr'><strong>τηρ</strong></span> <span class='ocrx_word' id='word_1_429' title='bbox 465 4009 584 4078; x_wconf 80' lang='grc' dir='ltr'>ἀεὶ,</span> <span class='ocrx_word' id='word_1_430' title='bbox 634 4007 697 4061; x_wconf 84' lang='grc' dir='ltr'><strong>τὸ</strong></span> <span class='ocrx_word' id='word_1_431' title='bbox 755 4007 1026 4079; x_wconf 83' lang='grc' dir='ltr'>ἄτρεπτον</span> <span class='ocrx_word' id='word_1_432' title='bbox 1086 4003 1224 4076; x_wconf 77' lang='grc' dir='ltr'>ἔχων</span> <span class='ocrx_word' id='word_1_433' title='bbox 1271 4007 1366 4058; x_wconf 70' lang='grc' dir='ltr'><strong>καὶ</strong></span> <span class='ocrx_word' id='word_1_434' title='bbox 1424 4007 1778 4064; x_wconf 77' lang='grc' dir='ltr'>ἀναλλοίωτον</span> <span class='ocrx_word' id='word_1_435' title='bbox 1812 4009 1888 4074; x_wconf 84' lang='grc' dir='ltr'>ὡς</span> 
     </span>
    </p>
   </div>
   <div class='ocr_carea' id='block_1_57' title="bbox 307 4099 461 4164">
    <p class='ocr_par' dir='ltr' id='par_1_57' title="bbox 307 4099 461 4164">
     <span class='ocr_line' id='line_1_57' title="bbox 307 4099 461 4164; baseline 0.013 -10"><span class='ocrx_word' id='word_1_436' title='bbox 307 4099 461 4164; x_wconf 86' lang='grc' dir='ltr'>Θεός.</span> 
     </span>
    </p>
   </div>
   <div class='ocr_carea' id='block_1_58' title="bbox 380 4184 1886 4262">
    <p class='ocr_par' dir='ltr' id='par_1_58' title="bbox 380 4184 1886 4262">
     <span class='ocr_line' id='line_1_58' title="bbox 380 4184 1886 4262; baseline -0.002 -19"><span class='ocrx_word' id='word_1_437' title='bbox 380 4189 561 4243; x_wconf 81' lang='grc' dir='ltr'>ΛΛΛΟ</span> <span class='ocrx_word' id='word_1_438' title='bbox 607 4187 677 4242; x_wconf 78' lang='grc' dir='ltr'>ἐκ</span> <span class='ocrx_word' id='word_1_439' title='bbox 709 4186 814 4241; x_wconf 85' lang='grc' dir='ltr'><strong>τοῦ</strong></span> <span class='ocrx_word' id='word_1_440' title='bbox 844 4184 1052 4249; x_wconf 81' lang='grc' dir='ltr'>αὐτοῦ,</span> <span class='ocrx_word' id='word_1_441' title='bbox 1092 4185 1549 4256; x_wconf 75' lang='grc' dir='ltr'>διηγηματικῶς.</span> <span class='ocrx_word' id='word_1_442' title='bbox 1587 4188 1718 4244; x_wconf 77' lang='grc' dir='ltr'>Θεὸν</span> <span class='ocrx_word' id='word_1_443' title='bbox 1749 4189 1886 4262; x_wconf 79' lang='grc' dir='ltr'>ἀλη-</span> 
     </span>
    </p>
   </div>
   <div class='ocr_carea' id='block_1_59' title="bbox 305 4276 1886 4349">
    <p class='ocr_par' dir='ltr' id='par_1_59' title="bbox 305 4276 1886 4349">
     <span class='ocr_line' id='line_1_59' title="bbox 305 4276 1886 4349; baseline 0.001 -14"><span class='ocrx_word' id='word_1_444' title='bbox 305 4280 454 4336; x_wconf 76' lang='grc' dir='ltr'>θινὸν</span> <span class='ocrx_word' id='word_1_445' title='bbox 479 4281 542 4333; x_wconf 83' lang='grc' dir='ltr'>ἐκ</span> <span class='ocrx_word' id='word_1_446' title='bbox 591 4276 728 4332; x_wconf 87' lang='grc' dir='ltr'>Θεοῦ</span> <span class='ocrx_word' id='word_1_447' title='bbox 785 4277 997 4349; x_wconf 83' lang='grc' dir='ltr'>Πατρδς</span> <span class='ocrx_word' id='word_1_448' title='bbox 1031 4276 1283 4348; x_wconf 74' lang='grc' dir='ltr'>ἀληθινοῦ</span> <span class='ocrx_word' id='word_1_449' title='bbox 1317 4277 1591 4348; x_wconf 83' lang='grc' dir='ltr'>πεφηνότα</span> <span class='ocrx_word' id='word_1_450' title='bbox 1627 4281 1886 4336; x_wconf 78' lang='grc' dir='ltr'>δεικνύων</span> 
     </span>
    </p>
   </div>
   <div class='ocr_carea' id='block_1_60' title="bbox 304 4369 1882 4444">
    <p class='ocr_par' dir='ltr' id='par_1_60' title="bbox 304 4369 1882 4444">
     <span class='ocr_line' id='line_1_60' title="bbox 304 4369 1882 4444; baseline 0.001 -15"><span class='ocrx_word' id='word_1_451' title='bbox 304 4374 498 4430; x_wconf 77' lang='grc' dir='ltr'>ἑαυτὸν</span> <span class='ocrx_word' id='word_1_452' title='bbox 525 4375 554 4427; x_wconf 89' lang='grc' dir='ltr'><strong>ό</strong></span> <span class='ocrx_word' id='word_1_453' title='bbox 595 4370 886 4444; x_wconf 84' lang='grc' dir='ltr'>μονογενὴς</span> <span class='ocrx_word' id='word_1_454' title='bbox 916 4369 1030 4434; x_wconf 49' lang='grc' dir='ltr'>,τοῦ</span> <span class='ocrx_word' id='word_1_455' title='bbox 1091 4369 1224 4424; x_wconf 85' lang='grc' dir='ltr'>Θεοῦ</span> <span class='ocrx_word' id='word_1_456' title='bbox 1266 4372 1437 4440; x_wconf 76' lang='grc' dir='ltr'>Λόγος</span> <span class='ocrx_word' id='word_1_457' title='bbox 1490 4391 1548 4426; x_wconf 90' lang='grc' dir='ltr'><strong>τε</strong></span> <span class='ocrx_word' id='word_1_458' title='bbox 1603 4375 1696 4427; x_wconf 79' lang='grc' dir='ltr'><strong>καὶ</strong></span> <span class='ocrx_word' id='word_1_459' title='bbox 1737 4377 1882 4443; x_wconf 73' lang='grc' dir='ltr'>Υἱὸς,</span> 
     </span>
    </p>
   </div>
   <div class='ocr_carea' id='block_1_61' title="bbox 309 4463 1878 4536">
    <p class='ocr_par' dir='ltr' id='par_1_61' title="bbox 309 4463 1878 4536">
     <span class='ocr_line' id='line_1_61' title="bbox 309 4463 1878 4536; baseline -0.001 -16"><span class='ocrx_word' id='word_1_460' title='bbox 309 4487 330 4520; x_wconf 74' lang='lat' dir='ltr'><strong>c</strong></span> <span class='ocrx_word' id='word_1_461' title='bbox 361 4467 568 4529; x_wconf 80' lang='grc' dir='ltr'>Πάντα,</span> <span class='ocrx_word' id='word_1_462' title='bbox 607 4484 626 4517; x_wconf 71' lang='grc' dir='ltr'><strong>ι</strong></span> <span class='ocrx_word' id='word_1_463' title='bbox 662 4463 850 4535; x_wconf 65' lang='grc' dir='ltr'>φησιν,</span> <span class='ocrx_word' id='word_1_464' title='bbox 881 4481 899 4514; x_wconf 79' lang='lat' dir='ltr'><strong>t</strong></span> <span class='ocrx_word' id='word_1_465' title='bbox 938 4464 1038 4516; x_wconf 87' lang='grc' dir='ltr'><strong>ὃσα</strong></span> <span class='ocrx_word' id='word_1_466' title='bbox 1063 4463 1175 4534; x_wconf 80' lang='grc' dir='ltr'>ἔχει</span> <span class='ocrx_word' id='word_1_467' title='bbox 1199 4464 1226 4518; x_wconf 86' lang='lat'><strong>6</strong></span> <span class='ocrx_word' id='word_1_468' title='bbox 1256 4464 1466 4536; x_wconf 72' lang='grc' dir='ltr'>Πατὴρ,</span> <span class='ocrx_word' id='word_1_469' title='bbox 1506 4466 1618 4536; x_wconf 79' lang='grc' dir='ltr'><strong>ἐμά</strong></span> <span class='ocrx_word' id='word_1_470' title='bbox 1643 4467 1790 4520; x_wconf 78' lang='grc' dir='ltr'>ἐστιν</span> <span class='ocrx_word' id='word_1_471' title='bbox 1810 4485 1823 4500; x_wconf 78' lang='grc' dir='ltr'><strong>ο</strong></span> <span class='ocrx_word' id='word_1_472' title='bbox 1859 4487 1878 4518; x_wconf 71' lang='grc' dir='ltr'><strong>ι</strong></span> 
     </span>
    </p>
   </div>
   <div class='ocr_carea' id='block_1_62' title="bbox 1805 3242 1972 3326">
    <p class='ocr_par' dir='ltr' id='par_1_62' title="bbox 1805 3242 1972 3326">
     <span class='ocr_line' id='line_1_62' title="bbox 1805 3242 1972 3326; baseline -0.006 0"><span class='ocrx_word' id='word_1_473' title='bbox 1805 3242 1896 3326; x_wconf 71' lang='grc' dir='ltr'><strong>πὲζ</strong></span> <span class='ocrx_word' id='word_1_474' title='bbox 1928 3242 1972 3301; x_wconf 78' lang='lat' dir='ltr'><strong>C</strong></span> 
     </span>
    </p>
   </div>
   <div class='ocr_carea' id='block_1_63' title="bbox 2004 2009 2519 2079">
    <p class='ocr_par' dir='ltr' id='par_1_63' title="bbox 2004 2009 2519 2079">
     <span class='ocr_line' id='line_1_63' title="bbox 2004 2009 2519 2079; baseline 0.002 -15"><span class='ocrx_word' id='word_1_475' title='bbox 2004 2011 2222 2065; x_wconf 89' lang='lat' dir='ltr'><strong>illorum</strong></span> <span class='ocrx_word' id='word_1_476' title='bbox 2264 2009 2519 2079; x_wconf 83' lang='lat' dir='ltr'><strong>objectio.</strong></span> 
     </span>
    </p>
   </div>
   <div class='ocr_carea' id='block_1_64' title="bbox 2076 2101 3586 2176">
    <p class='ocr_par' dir='ltr' id='par_1_64' title="bbox 2076 2101 3586 2176">
     <span class='ocr_line' id='line_1_64' title="bbox 2076 2101 3586 2176; baseline 0.003 -21"><span class='ocrx_word' id='word_1_477' title='bbox 2076 2101 2304 2157; x_wconf 81' lang='lat' dir='ltr'><strong>ALIUD.</strong></span> <span class='ocrx_word' id='word_1_478' title='bbox 2343 2101 2399 2156; x_wconf 86' lang='lat' dir='ltr'><strong>Si</strong></span> <span class='ocrx_word' id='word_1_479' title='bbox 2431 2118 2592 2158; x_wconf 90' lang='lat' dir='ltr'><strong>omne</strong></span> <span class='ocrx_word' id='word_1_480' title='bbox 2645 2103 2898 2169; x_wconf 70' lang='lat' dir='ltr'><strong>verbum,</strong></span> <span class='ocrx_word' id='word_1_481' title='bbox 2955 2104 3192 2176; x_wconf 84' lang='lat' dir='ltr'><strong>alicujus</strong></span> <span class='ocrx_word' id='word_1_482' title='bbox 3226 2107 3450 2162; x_wconf 76' lang='lat' dir='ltr'><strong>verbum</strong></span> <span class='ocrx_word' id='word_1_483' title='bbox 3478 2116 3586 2172; x_wconf 89' lang='lat' dir='ltr'><strong>est,</strong></span> 
     </span>
    </p>
   </div>
   <div class='ocr_carea' id='block_1_65' title="bbox 2005 2193 3588 2265">
    <p class='ocr_par' dir='ltr' id='par_1_65' title="bbox 2005 2193 3588 2265">
     <span class='ocr_line' id='line_1_65' title="bbox 2005 2193 3588 2265; baseline 0.006 -19"><span class='ocrx_word' id='word_1_484' title='bbox 2005 2193 2126 2263; x_wconf 84' lang='lat' dir='ltr'><strong>ejus</strong></span> <span class='ocrx_word' id='word_1_485' title='bbox 2153 2194 2406 2249; x_wconf 82' lang='lat' dir='ltr'><strong>videlicet</strong></span> <span class='ocrx_word' id='word_1_486' title='bbox 2429 2196 2523 2264; x_wconf 90' lang='lat' dir='ltr'><strong>qui</strong></span> <span class='ocrx_word' id='word_1_487' title='bbox 2568 2196 2752 2265; x_wconf 80' lang='lat' dir='ltr'><strong>lingua</strong></span> <span class='ocrx_word' id='word_1_488' title='bbox 2780 2196 2913 2251; x_wconf 92' lang='lat' dir='ltr'><strong>illud</strong></span> <span class='ocrx_word' id='word_1_489' title='bbox 2943 2196 3194 2265; x_wconf 78' lang='lat' dir='ltr'><strong>eﬂundit,</strong></span> <span class='ocrx_word' id='word_1_490' title='bbox 3227 2207 3320 2252; x_wconf 90' lang='lat' dir='ltr'><strong>aut</strong></span> <span class='ocrx_word' id='word_1_491' title='bbox 3352 2216 3381 2254; x_wconf 88' lang='lat' dir='ltr'><strong>e</strong></span> <span class='ocrx_word' id='word_1_492' title='bbox 3421 2199 3588 2256; x_wconf 82' lang='lat' dir='ltr'><strong>corde</strong></span> 
     </span>
    </p>
   </div>
   <div class='ocr_carea' id='block_1_66' title="bbox 2005 2287 3586 2355">
    <p class='ocr_par' dir='ltr' id='par_1_66' title="bbox 2005 2287 3586 2355">
     <span class='ocr_line' id='line_1_66' title="bbox 2005 2287 3586 2355; baseline 0.005 -17"><span class='ocrx_word' id='word_1_493' title='bbox 2005 2293 2224 2340; x_wconf 83' lang='lat' dir='ltr'><strong>eructat</strong></span> <span class='ocrx_word' id='word_1_494' title='bbox 2244 2302 2307 2340; x_wconf 85' lang='lat' dir='ltr'><strong>ac</strong></span> <span class='ocrx_word' id='word_1_495' title='bbox 2335 2287 2564 2354; x_wconf 83' lang='lat' dir='ltr'><strong>profert;</strong></span> <span class='ocrx_word' id='word_1_496' title='bbox 2585 2288 2750 2342; x_wconf 86' lang='lat' dir='ltr'><strong>Pater</strong></span> <span class='ocrx_word' id='word_1_497' title='bbox 2772 2296 2950 2344; x_wconf 85' lang='lat' dir='ltr'><strong>autem</strong></span> <span class='ocrx_word' id='word_1_498' title='bbox 2967 2290 3211 2344; x_wconf 89' lang='lat' dir='ltr'><strong>futurum</strong></span> <span class='ocrx_word' id='word_1_499' title='bbox 3231 2299 3314 2346; x_wconf 90' lang='lat' dir='ltr'><strong>est</strong></span> <span class='ocrx_word' id='word_1_500' title='bbox 3327 2289 3586 2355; x_wconf 83' lang='lat' dir='ltr'><strong>Verbum,</strong></span> 
     </span>
    </p>
   </div>
   <div class='ocr_carea' id='block_1_67' title="bbox 2006 2375 3586 2445">
    <p class='ocr_par' dir='ltr' id='par_1_67' title="bbox 2006 2375 3586 2445">
     <span class='ocr_line' id='line_1_67' title="bbox 2006 2375 3586 2445; baseline 0.002 -18"><span class='ocrx_word' id='word_1_501' title='bbox 2006 2376 2270 2445; x_wconf 88' lang='lat' dir='ltr'><strong>quoniam</strong></span> <span class='ocrx_word' id='word_1_502' title='bbox 2302 2375 2546 2444; x_wconf 89' lang='lat' dir='ltr'><strong>ejusdem</strong></span> <span class='ocrx_word' id='word_1_503' title='bbox 2606 2383 2690 2430; x_wconf 87' lang='lat' dir='ltr'><strong>est</strong></span> <span class='ocrx_word' id='word_1_504' title='bbox 2731 2392 2855 2430; x_wconf 89' lang='lat' dir='ltr'><strong>cum</strong></span> <span class='ocrx_word' id='word_1_505' title='bbox 2885 2375 3068 2432; x_wconf 87' lang='lat' dir='ltr'><strong>Verbo</strong></span> <span class='ocrx_word' id='word_1_506' title='bbox 3097 2377 3422 2432; x_wconf 79' lang='lat' dir='ltr'><strong>substantia:</strong></span> <span class='ocrx_word' id='word_1_507' title='bbox 3450 2392 3464 2429; x_wconf 88' lang='lat'>:</span> <span class='ocrx_word' id='word_1_508' title='bbox 3501 2378 3586 2432; x_wconf 88' lang='lat' dir='ltr'><strong>sui</strong></span> 
     </span>
    </p>
   </div>
   <div class='ocr_carea' id='block_1_68' title="bbox 2005 2465 3590 2536">
    <p class='ocr_par' dir='ltr' id='par_1_68' title="bbox 2005 2465 3590 2536">
     <span class='ocr_line' id='line_1_68' title="bbox 2005 2465 3590 2536; baseline 0.003 -16"><span class='ocrx_word' id='word_1_509' title='bbox 2005 2465 2184 2536; x_wconf 88' lang='lat' dir='ltr'><strong>ipsius</strong></span> <span class='ocrx_word' id='word_1_510' title='bbox 2206 2466 2440 2521; x_wconf 81' lang='lat' dir='ltr'><strong>Verbum</strong></span> <span class='ocrx_word' id='word_1_511' title='bbox 2466 2468 2592 2529; x_wconf 89' lang='lat' dir='ltr'><strong>erit,</strong></span> <span class='ocrx_word' id='word_1_512' title='bbox 2621 2467 2730 2521; x_wconf 92' lang='lat' dir='ltr'><strong>imo</strong></span> <span class='ocrx_word' id='word_1_513' title='bbox 2763 2484 2894 2524; x_wconf 74' lang='lat' dir='ltr'><strong>vero</strong></span> <span class='ocrx_word' id='word_1_514' title='bbox 2910 2469 3134 2533; x_wconf 85' lang='lat' dir='ltr'><strong>nullius,</strong></span> <span class='ocrx_word' id='word_1_515' title='bbox 3162 2470 3330 2523; x_wconf 87' lang='lat' dir='ltr'><strong>autin</strong></span> <span class='ocrx_word' id='word_1_516' title='bbox 3370 2471 3590 2524; x_wconf 82' lang='lat' dir='ltr'><strong>univcr-</strong></span> 
     </span>
    </p>
   </div>
   <div class='ocr_carea' id='block_1_69' title="bbox 2005 2558 3587 2625">
    <p class='ocr_par' dir='ltr' id='par_1_69' title="bbox 2005 2558 3587 2625">
     <span class='ocr_line' id='line_1_69' title="bbox 2005 2558 3587 2625; baseline 0.002 -11"><span class='ocrx_word' id='word_1_517' title='bbox 2005 2573 2126 2614; x_wconf 82' lang='lat' dir='ltr'><strong>5um</strong></span> <span class='ocrx_word' id='word_1_518' title='bbox 2157 2574 2268 2613; x_wconf 88' lang='lat' dir='ltr'><strong>non</strong></span> <span class='ocrx_word' id='word_1_519' title='bbox 2298 2559 2536 2614; x_wconf 76' lang='lat' dir='ltr'><strong>exsistit.</strong></span> <span class='ocrx_word' id='word_1_520' title='bbox 2571 2558 2862 2625; x_wconf 86' lang='lat' dir='ltr'><strong>Quomodo</strong></span> <span class='ocrx_word' id='word_1_521' title='bbox 2893 2562 3040 2616; x_wconf 87' lang='lat' dir='ltr'><strong>enim</strong></span> <span class='ocrx_word' id='word_1_522' title='bbox 3078 2560 3312 2616; x_wconf 89' lang='lat' dir='ltr'><strong>Verbum</strong></span> <span class='ocrx_word' id='word_1_523' title='bbox 3345 2563 3450 2616; x_wconf 88' lang='lat' dir='ltr'><strong>erit</strong></span> <span class='ocrx_word' id='word_1_524' title='bbox 3480 2561 3587 2618; x_wconf 84' lang='lat' dir='ltr'><strong>nisi</strong></span> 
     </span>
    </p>
   </div>
   <div class='ocr_carea' id='block_1_70' title="bbox 2006 2649 3584 2721">
    <p class='ocr_par' dir='ltr' id='par_1_70' title="bbox 2006 2649 3584 2721">
     <span class='ocr_line' id='line_1_70' title="bbox 2006 2649 3584 2721; baseline 0.001 -17"><span class='ocrx_word' id='word_1_525' title='bbox 2006 2651 2081 2704; x_wconf 92' lang='lat' dir='ltr'><strong>sit</strong></span> <span class='ocrx_word' id='word_1_526' title='bbox 2113 2649 2324 2719; x_wconf 89' lang='lat' dir='ltr'><strong>aliquid</strong></span> <span class='ocrx_word' id='word_1_527' title='bbox 2358 2651 2522 2721; x_wconf 81' lang='lat' dir='ltr'><strong>cujus</strong></span> <span class='ocrx_word' id='word_1_528' title='bbox 2553 2654 2624 2706; x_wconf 76' lang='lat' dir='ltr'><strong>sit</strong></span> <span class='ocrx_word' id='word_1_529' title='bbox 2661 2650 2934 2706; x_wconf 69' lang='lat' dir='ltr'><strong>Verbum?</strong></span> <span class='ocrx_word' id='word_1_530' title='bbox 2981 2653 3088 2708; x_wconf 86' lang='lat' dir='ltr'><strong>Sed</strong></span> <span class='ocrx_word' id='word_1_531' title='bbox 3128 2652 3229 2707; x_wconf 84' lang='lat' dir='ltr'><strong>hoc</strong></span> <span class='ocrx_word' id='word_1_532' title='bbox 3262 2655 3584 2710; x_wconf 85' lang='lat' dir='ltr'><strong>absurdum.</strong></span> 
     </span>
    </p>
   </div>
   <div class='ocr_carea' id='block_1_71' title="bbox 2004 2739 3587 2810">
    <p class='ocr_par' dir='ltr' id='par_1_71' title="bbox 2004 2739 3587 2810">
     <span class='ocr_line' id='line_1_71' title="bbox 2004 2739 3587 2810; baseline 0.003 -17"><span class='ocrx_word' id='word_1_533' title='bbox 2004 2739 2155 2795; x_wconf 83' lang='lat' dir='ltr'><strong>Fieri</strong></span> <span class='ocrx_word' id='word_1_534' title='bbox 2185 2742 2331 2796; x_wconf 88' lang='lat' dir='ltr'><strong>enim</strong></span> <span class='ocrx_word' id='word_1_535' title='bbox 2364 2743 2556 2810; x_wconf 85' lang='lat' dir='ltr'><strong>nequit</strong></span> <span class='ocrx_word' id='word_1_536' title='bbox 2596 2749 2657 2795; x_wconf 87' lang='lat' dir='ltr'><strong>ut</strong></span> <span class='ocrx_word' id='word_1_537' title='bbox 2692 2742 2877 2796; x_wconf 74' lang='lat' dir='ltr'><strong>divina</strong></span> <span class='ocrx_word' id='word_1_538' title='bbox 2909 2750 2963 2797; x_wconf 89' lang='lat' dir='ltr'><strong>et</strong></span> <span class='ocrx_word' id='word_1_539' title='bbox 3015 2743 3344 2799; x_wconf 85' lang='lat' dir='ltr'><strong>immortalis</strong></span> <span class='ocrx_word' id='word_1_540' title='bbox 3385 2753 3587 2798; x_wconf 86' lang='lat' dir='ltr'><strong>natura</strong></span> 
     </span>
    </p>
   </div>
   <div class='ocr_carea' id='block_1_72' title="bbox 2005 2829 3588 2897">
    <p class='ocr_par' dir='ltr' id='par_1_72' title="bbox 2005 2829 3588 2897">
     <span class='ocr_line' id='line_1_72' title="bbox 2005 2829 3588 2897; baseline 0.002 -11"><span class='ocrx_word' id='word_1_541' title='bbox 2005 2847 2117 2886; x_wconf 83' lang='lat' dir='ltr'><strong>non</strong></span> <span class='ocrx_word' id='word_1_542' title='bbox 2148 2833 2406 2897; x_wconf 83' lang='lat' dir='ltr'><strong>exsistat,</strong></span> <span class='ocrx_word' id='word_1_543' title='bbox 2446 2847 2546 2887; x_wconf 90' lang='lat' dir='ltr'><strong>nec</strong></span> <span class='ocrx_word' id='word_1_544' title='bbox 2605 2833 2659 2886; x_wconf 91' lang='lat' dir='ltr'><strong>in</strong></span> <span class='ocrx_word' id='word_1_545' title='bbox 2701 2829 2942 2888; x_wconf 85' lang='lat' dir='ltr'><strong>Verbum</strong></span> <span class='ocrx_word' id='word_1_546' title='bbox 2979 2837 3319 2890; x_wconf 88' lang='lat' dir='ltr'><strong>transiturus</strong></span> <span class='ocrx_word' id='word_1_547' title='bbox 3349 2843 3436 2890; x_wconf 89' lang='lat' dir='ltr'><strong>est</strong></span> <span class='ocrx_word' id='word_1_548' title='bbox 3477 2851 3588 2889; x_wconf 89' lang='lat' dir='ltr'><strong>un-</strong></span> 
     </span>
    </p>
   </div>
   <div class='ocr_carea' id='block_1_73' title="bbox 2005 2923 3590 2994">
    <p class='ocr_par' dir='ltr' id='par_1_73' title="bbox 2005 2923 3590 2994">
     <span class='ocr_line' id='line_1_73' title="bbox 2005 2923 3590 2994; baseline 0.002 -16"><span class='ocrx_word' id='word_1_549' title='bbox 2005 2938 2169 2994; x_wconf 65' lang='lat' dir='ltr'><strong>quam</strong></span> <span class='ocrx_word' id='word_1_550' title='bbox 2199 2923 2386 2986; x_wconf 88' lang='lat' dir='ltr'><strong>Pater,</strong></span> <span class='ocrx_word' id='word_1_551' title='bbox 2414 2923 2542 2978; x_wconf 90' lang='lat' dir='ltr'><strong>licet</strong></span> <span class='ocrx_word' id='word_1_552' title='bbox 2591 2923 2840 2994; x_wconf 88' lang='lat' dir='ltr'><strong>ejusdem</strong></span> <span class='ocrx_word' id='word_1_553' title='bbox 2873 2924 3090 2980; x_wconf 88' lang='lat' dir='ltr'><strong>sitcqu</strong></span> <span class='ocrx_word' id='word_1_554' title='bbox 3116 2924 3300 2981; x_wconf 89' lang='lat' dir='ltr'><strong>Verbo</strong></span> <span class='ocrx_word' id='word_1_555' title='bbox 3339 2927 3590 2982; x_wconf 71' lang='lat' dir='ltr'><strong>substan-</strong></span> 
     </span>
    </p>
   </div>
   <div class='ocr_carea' id='block_1_74' title="bbox 2005 3013 3590 3087">
    <p class='ocr_par' dir='ltr' id='par_1_74' title="bbox 2005 3013 3590 3087">
     <span class='ocr_line' id='line_1_74' title="bbox 2005 3013 3590 3087; baseline 0.002 -18"><span class='ocrx_word' id='word_1_556' title='bbox 2005 3017 2094 3069; x_wconf 83' lang='lat' dir='ltr'><strong>ti:e</strong></span> <span class='ocrx_word' id='word_1_557' title='bbox 2125 3033 2139 3069; x_wconf 88' lang='lat'>:</span> <span class='ocrx_word' id='word_1_558' title='bbox 2171 3015 2265 3070; x_wconf 88' lang='lat' dir='ltr'><strong>sed</strong></span> <span class='ocrx_word' id='word_1_559' title='bbox 2299 3015 2420 3086; x_wconf 80' lang='lat' dir='ltr'><strong>ejus</strong></span> <span class='ocrx_word' id='word_1_560' title='bbox 2452 3013 2616 3070; x_wconf 84' lang='lat' dir='ltr'><strong>Pater</strong></span> <span class='ocrx_word' id='word_1_561' title='bbox 2645 3015 2888 3070; x_wconf 89' lang='lat' dir='ltr'><strong>manebit</strong></span> <span class='ocrx_word' id='word_1_562' title='bbox 2915 3055 2930 3081; x_wconf 93' lang='lat'><strong>,</strong></span> <span class='ocrx_word' id='word_1_563' title='bbox 2967 3017 3123 3087; x_wconf 90' lang='lat' dir='ltr'><strong>cujus</strong></span> <span class='ocrx_word' id='word_1_564' title='bbox 3149 3025 3203 3072; x_wconf 91' lang='lat' dir='ltr'><strong>et</strong></span> <span class='ocrx_word' id='word_1_565' title='bbox 3237 3015 3476 3072; x_wconf 89' lang='lat' dir='ltr'><strong>Verbum</strong></span> <span class='ocrx_word' id='word_1_566' title='bbox 3501 3027 3590 3074; x_wconf 87' lang='lat' dir='ltr'><strong>est</strong></span> 
     </span>
    </p>
   </div>
   <div class='ocr_carea' id='block_1_75' title="bbox 2006 3106 2196 3162">
    <p class='ocr_par' dir='ltr' id='par_1_75' title="bbox 2006 3106 2196 3162">
     <span class='ocr_line' id='line_1_75' title="bbox 2006 3106 2196 3162; baseline -0.005 -2"><span class='ocrx_word' id='word_1_567' title='bbox 2006 3106 2196 3162; x_wconf 73' lang='lat' dir='ltr'><strong>Filius.</strong></span> 
     </span>
    </p>
   </div>
   <div class='ocr_carea' id='block_1_76' title="bbox 2076 3196 3589 3272">
    <p class='ocr_par' dir='ltr' id='par_1_76' title="bbox 2076 3196 3589 3272">
     <span class='ocr_line' id='line_1_76' title="bbox 2076 3196 3589 3272; baseline 0.005 -21"><span class='ocrx_word' id='word_1_568' title='bbox 2076 3196 2305 3254; x_wconf 84' lang='lat' dir='ltr'><strong>ALIUD.</strong></span> <span class='ocrx_word' id='word_1_569' title='bbox 2335 3196 2392 3252; x_wconf 88' lang='lat' dir='ltr'><strong>Si</strong></span> <span class='ocrx_word' id='word_1_570' title='bbox 2418 3198 2599 3254; x_wconf 90' lang='lat' dir='ltr'><strong>omnis</strong></span> <span class='ocrx_word' id='word_1_571' title='bbox 2623 3197 2948 3254; x_wconf 87' lang='lat' dir='ltr'><strong>mutationis</strong></span> <span class='ocrx_word' id='word_1_572' title='bbox 2971 3208 3022 3254; x_wconf 88' lang='lat' dir='ltr'><strong>ct</strong></span> <span class='ocrx_word' id='word_1_573' title='bbox 3048 3198 3388 3256; x_wconf 79' lang='lat' dir='ltr'><strong>alterationis</strong></span> <span class='ocrx_word' id='word_1_574' title='bbox 3407 3202 3589 3272; x_wconf 83' lang='lat' dir='ltr'><strong>quoad</strong></span> 
     </span>
    </p>
   </div>
   <div class='ocr_carea' id='block_1_77' title="bbox 2003 3289 3586 3361">
    <p class='ocr_par' dir='ltr' id='par_1_77' title="bbox 2003 3289 3586 3361">
     <span class='ocr_line' id='line_1_77' title="bbox 2003 3289 3586 3361; baseline 0.003 -16"><span class='ocrx_word' id='word_1_575' title='bbox 2003 3289 2418 3345; x_wconf 87' lang='lat' dir='ltr'><strong>substantialem</strong></span> <span class='ocrx_word' id='word_1_576' title='bbox 2512 3290 2780 3344; x_wconf 88' lang='lat' dir='ltr'><strong>rationem</strong></span> <span class='ocrx_word' id='word_1_577' title='bbox 2862 3306 3060 3361; x_wconf 79' lang='lat' dir='ltr'><strong>expers</strong></span> <span class='ocrx_word' id='word_1_578' title='bbox 3151 3301 3346 3347; x_wconf 87' lang='lat' dir='ltr'><strong>natura</strong></span> <span class='ocrx_word' id='word_1_579' title='bbox 3403 3295 3586 3349; x_wconf 77' lang='lat' dir='ltr'><strong>divina</strong></span> 
     </span>
    </p>
   </div>
   <div class='ocr_carea' id='block_1_78' title="bbox 2001 3381 3586 3452">
    <p class='ocr_par' dir='ltr' id='par_1_78' title="bbox 2001 3381 3586 3452">
     <span class='ocr_line' id='line_1_78' title="bbox 2001 3381 3586 3452; baseline 0.003 -17"><span class='ocrx_word' id='word_1_580' title='bbox 2001 3381 2271 3444; x_wconf 88' lang='lat' dir='ltr'><strong>creditur,</strong></span> <span class='ocrx_word' id='word_1_581' title='bbox 2311 3381 2590 3452; x_wconf 90' lang='lat' dir='ltr'><strong>quomodo</strong></span> <span class='ocrx_word' id='word_1_582' title='bbox 2652 3381 2877 3450; x_wconf 85' lang='lat' dir='ltr'><strong>proprio</strong></span> <span class='ocrx_word' id='word_1_583' title='bbox 2927 3382 3094 3435; x_wconf 88' lang='lat' dir='ltr'><strong>veluti</strong></span> <span class='ocrx_word' id='word_1_584' title='bbox 3137 3383 3256 3438; x_wconf 89' lang='lat' dir='ltr'><strong>loco</strong></span> <span class='ocrx_word' id='word_1_585' title='bbox 3305 3385 3496 3440; x_wconf 86' lang='lat' dir='ltr'><strong>relicto</strong></span> <span class='ocrx_word' id='word_1_586' title='bbox 3529 3386 3586 3440; x_wconf 87' lang='lat' dir='ltr'><strong>in</strong></span> 
     </span>
    </p>
   </div>
   <div class='ocr_carea' id='block_1_79' title="bbox 2001 3469 3582 3542">
    <p class='ocr_par' dir='ltr' id='par_1_79' title="bbox 2001 3469 3582 3542">
     <span class='ocr_line' id='line_1_79' title="bbox 2001 3469 3582 3542; baseline 0.004 -18"><span class='ocrx_word' id='word_1_587' title='bbox 2001 3469 2165 3526; x_wconf 89' lang='lat' dir='ltr'><strong>Verbi</strong></span> <span class='ocrx_word' id='word_1_588' title='bbox 2197 3483 2450 3526; x_wconf 85' lang='lat' dir='ltr'><strong>naturam</strong></span> <span class='ocrx_word' id='word_1_589' title='bbox 2502 3470 2665 3525; x_wconf 79' lang='lat' dir='ltr'><strong>l‘aler</strong></span> <span class='ocrx_word' id='word_1_590' title='bbox 2715 3473 3014 3542; x_wconf 80' lang='lat' dir='ltr'><strong>migrabit?</strong></span> <span class='ocrx_word' id='word_1_591' title='bbox 3048 3473 3102 3526; x_wconf 88' lang='lat' dir='ltr'><strong>Si</strong></span> <span class='ocrx_word' id='word_1_592' title='bbox 3134 3475 3281 3530; x_wconf 88' lang='lat' dir='ltr'><strong>enim</strong></span> <span class='ocrx_word' id='word_1_593' title='bbox 3321 3475 3373 3530; x_wconf 88' lang='lat' dir='ltr'><strong>id</strong></span> <span class='ocrx_word' id='word_1_594' title='bbox 3404 3475 3452 3531; x_wconf 90' lang='lat' dir='ltr'><strong>ei</strong></span> <span class='ocrx_word' id='word_1_595' title='bbox 3488 3492 3582 3531; x_wconf 88' lang='lat' dir='ltr'><strong>ae-</strong></span> 
     </span>
    </p>
   </div>
   <div class='ocr_carea' id='block_1_80' title="bbox 2001 3563 3585 3638">
    <p class='ocr_par' dir='ltr' id='par_1_80' title="bbox 2001 3563 3585 3638">
     <span class='ocr_line' id='line_1_80' title="bbox 2001 3563 3585 3638; baseline 0.004 -20"><span class='ocrx_word' id='word_1_596' title='bbox 2001 3563 2228 3625; x_wconf 80' lang='lat' dir='ltr'><strong>ciderit.‘</strong></span> <span class='ocrx_word' id='word_1_597' title='bbox 2247 3564 2604 3617; x_wconf 88' lang='lat' dir='ltr'><strong>mutationem</strong></span> <span class='ocrx_word' id='word_1_598' title='bbox 2623 3565 2810 3634; x_wconf 84' lang='lat' dir='ltr'><strong>utique</strong></span> <span class='ocrx_word' id='word_1_599' title='bbox 2830 3563 3150 3621; x_wconf 84' lang='lat' dir='ltr'><strong>necessario</strong></span> <span class='ocrx_word' id='word_1_600' title='bbox 3175 3567 3376 3636; x_wconf 68' lang='lat' dir='ltr'><strong>capiet,</strong></span> <span class='ocrx_word' id='word_1_601' title='bbox 3408 3585 3585 3638; x_wconf 84' lang='lat' dir='ltr'><strong>neque</strong></span> 
     </span>
    </p>
   </div>
   <div class='ocr_carea' id='block_1_81' title="bbox 2000 3655 3582 3725">
    <p class='ocr_par' dir='ltr' id='par_1_81' title="bbox 2000 3655 3582 3725">
     <span class='ocr_line' id='line_1_81' title="bbox 2000 3655 3582 3725; baseline 0.003 -16"><span class='ocrx_word' id='word_1_602' title='bbox 2000 3655 2138 3709; x_wconf 88' lang='lat' dir='ltr'><strong>idem</strong></span> <span class='ocrx_word' id='word_1_603' title='bbox 2173 3655 2298 3717; x_wconf 86' lang='lat' dir='ltr'><strong>erit,</strong></span> <span class='ocrx_word' id='word_1_604' title='bbox 2331 3671 2436 3708; x_wconf 89' lang='lat' dir='ltr'><strong>non</strong></span> <span class='ocrx_word' id='word_1_605' title='bbox 2463 3665 2678 3710; x_wconf 86' lang='lat' dir='ltr'><strong>servato</strong></span> <span class='ocrx_word' id='word_1_606' title='bbox 2707 3672 2774 3710; x_wconf 92' lang='lat' dir='ltr'><strong>eo</strong></span> <span class='ocrx_word' id='word_1_607' title='bbox 2816 3656 2959 3725; x_wconf 87' lang='lat' dir='ltr'><strong>quod</strong></span> <span class='ocrx_word' id='word_1_608' title='bbox 2992 3667 3110 3711; x_wconf 85' lang='lat' dir='ltr'><strong>erat</strong></span> <span class='ocrx_word' id='word_1_609' title='bbox 3137 3656 3296 3713; x_wconf 89' lang='lat' dir='ltr'><strong>initio</strong></span> <span class='ocrx_word' id='word_1_610' title='bbox 3347 3657 3503 3725; x_wconf 85' lang='lat' dir='ltr'><strong>Quod</strong></span> <span class='ocrx_word' id='word_1_611' title='bbox 3535 3661 3582 3715; x_wconf 88' lang='lat' dir='ltr'><strong>si</strong></span> 
     </span>
    </p>
   </div>
   <div class='ocr_carea' id='block_1_82' title="bbox 1999 3747 3585 3822">
    <p class='ocr_par' dir='ltr' id='par_1_82' title="bbox 1999 3747 3585 3822">
     <span class='ocr_line' id='line_1_82' title="bbox 1999 3747 3585 3822; baseline 0.004 -22"><span class='ocrx_word' id='word_1_612' title='bbox 1999 3747 2296 3802; x_wconf 84' lang='lat' dir='ltr'><strong>absurdum</strong></span> <span class='ocrx_word' id='word_1_613' title='bbox 2325 3756 2404 3803; x_wconf 89' lang='lat' dir='ltr'><strong>esl</strong></span> <span class='ocrx_word' id='word_1_614' title='bbox 2435 3750 2688 3818; x_wconf 86' lang='lat' dir='ltr'><strong>(mutatio</strong></span> <span class='ocrx_word' id='word_1_615' title='bbox 2723 3749 2867 3803; x_wconf 87' lang='lat' dir='ltr'><strong>enim</strong></span> <span class='ocrx_word' id='word_1_616' title='bbox 2901 3765 2931 3803; x_wconf 92' lang='lat' dir='ltr'><strong>a</strong></span> <span class='ocrx_word' id='word_1_617' title='bbox 2969 3762 3168 3804; x_wconf 86' lang='lat' dir='ltr'><strong>natura</strong></span> <span class='ocrx_word' id='word_1_618' title='bbox 3210 3750 3390 3805; x_wconf 81' lang='lat' dir='ltr'><strong>divina</strong></span> <span class='ocrx_word' id='word_1_619' title='bbox 3434 3766 3585 3822; x_wconf 85' lang='lat' dir='ltr'><strong>pror-</strong></span> 
     </span>
    </p>
   </div>
   <div class='ocr_carea' id='block_1_83' title="bbox 1999 3836 3582 3909">
    <p class='ocr_par' dir='ltr' id='par_1_83' title="bbox 1999 3836 3582 3909">
     <span class='ocr_line' id='line_1_83' title="bbox 1999 3836 3582 3909; baseline 0.003 -18"><span class='ocrx_word' id='word_1_620' title='bbox 1999 3853 2094 3892; x_wconf 92' lang='lat' dir='ltr'><strong>sus</strong></span> <span class='ocrx_word' id='word_1_621' title='bbox 2114 3847 2198 3892; x_wconf 86' lang='lat' dir='ltr'><strong>est</strong></span> <span class='ocrx_word' id='word_1_622' title='bbox 2222 3837 2444 3903; x_wconf 78' lang='lat' dir='ltr'><strong>aliena),</strong></span> <span class='ocrx_word' id='word_1_623' title='bbox 2470 3854 2575 3890; x_wconf 88' lang='lat' dir='ltr'><strong>non</strong></span> <span class='ocrx_word' id='word_1_624' title='bbox 2597 3853 2727 3908; x_wconf 86' lang='lat' dir='ltr'><strong>ergo</strong></span> <span class='ocrx_word' id='word_1_625' title='bbox 2752 3838 3056 3893; x_wconf 86' lang='lat' dir='ltr'><strong>mutabitur</strong></span> <span class='ocrx_word' id='word_1_626' title='bbox 3075 3838 3128 3893; x_wconf 91' lang='lat' dir='ltr'><strong>in</strong></span> <span class='ocrx_word' id='word_1_627' title='bbox 3148 3836 3385 3893; x_wconf 88' lang='lat' dir='ltr'><strong>Verbum</strong></span> <span class='ocrx_word' id='word_1_628' title='bbox 3402 3839 3582 3909; x_wconf 86' lang='lat' dir='ltr'><strong>Pater,</strong></span> 
     </span>
    </p>
   </div>
   <div class='ocr_carea' id='block_1_84' title="bbox 1997 3926 3584 3998">
    <p class='ocr_par' dir='ltr' id='par_1_84' title="bbox 1997 3926 3584 3998">
     <span class='ocr_line' id='line_1_84' title="bbox 1997 3926 3584 3998; baseline 0.003 -14"><span class='ocrx_word' id='word_1_629' title='bbox 1997 3932 2091 3984; x_wconf 90' lang='lat' dir='ltr'><strong>sed</strong></span> <span class='ocrx_word' id='word_1_630' title='bbox 2127 3931 2230 3984; x_wconf 88' lang='lat' dir='ltr'><strong>erit</strong></span> <span class='ocrx_word' id='word_1_631' title='bbox 2257 3943 2472 3998; x_wconf 87' lang='lat' dir='ltr'><strong>semper</strong></span> <span class='ocrx_word' id='word_1_632' title='bbox 2502 3926 2686 3993; x_wconf 87' lang='lat' dir='ltr'><strong>Pater,</strong></span> <span class='ocrx_word' id='word_1_633' title='bbox 2727 3931 3051 3987; x_wconf 87' lang='lat' dir='ltr'><strong>mutationis</strong></span> <span class='ocrx_word' id='word_1_634' title='bbox 3082 3933 3262 3987; x_wconf 87' lang='lat' dir='ltr'><strong>utnnis</strong></span> <span class='ocrx_word' id='word_1_635' title='bbox 3303 3941 3355 3988; x_wconf 87' lang='lat' dir='ltr'><strong>et</strong></span> <span class='ocrx_word' id='word_1_636' title='bbox 3382 3934 3584 3990; x_wconf 84' lang='lat' dir='ltr'><strong>altera-</strong></span> 
     </span>
    </p>
   </div>
   <div class='ocr_carea' id='block_1_85' title="bbox 1997 4021 2754 4092">
    <p class='ocr_par' dir='ltr' id='par_1_85' title="bbox 1997 4021 2754 4092">
     <span class='ocr_line' id='line_1_85' title="bbox 1997 4021 2754 4092; baseline 0.005 -18"><span class='ocrx_word' id='word_1_637' title='bbox 1997 4021 2165 4077; x_wconf 89' lang='lat' dir='ltr'><strong>tionis</strong></span> <span class='ocrx_word' id='word_1_638' title='bbox 2195 4037 2415 4092; x_wconf 82' lang='lat' dir='ltr'><strong>expers,</strong></span> <span class='ocrx_word' id='word_1_639' title='bbox 2446 4037 2554 4092; x_wconf 90' lang='lat' dir='ltr'><strong>qua</strong></span> <span class='ocrx_word' id='word_1_640' title='bbox 2589 4021 2754 4078; x_wconf 88' lang='lat' dir='ltr'><strong>Deus.</strong></span> 
     </span>
    </p>
   </div>
   <div class='ocr_carea' id='block_1_86' title="bbox 2063 4197 3579 4271">
    <p class='ocr_par' dir='ltr' id='par_1_86' title="bbox 2063 4197 3579 4271">
     <span class='ocr_line' id='line_1_86' title="bbox 2063 4197 3579 4271; baseline 0.008 -19"><span class='ocrx_word' id='word_1_641' title='bbox 2063 4197 2275 4256; x_wconf 83' lang='lat' dir='ltr'><strong>ALIUD</strong></span> <span class='ocrx_word' id='word_1_642' title='bbox 2349 4215 2414 4253; x_wconf 78' lang='lat' dir='ltr'><strong>ex</strong></span> <span class='ocrx_word' id='word_1_643' title='bbox 2483 4201 2683 4267; x_wconf 83' lang='lat' dir='ltr'><strong>eodem,</strong></span> <span class='ocrx_word' id='word_1_644' title='bbox 2727 4203 3084 4271; x_wconf 70' lang='lat' dir='ltr'><strong>explanatius.</strong></span> <span class='ocrx_word' id='word_1_645' title='bbox 3153 4204 3324 4261; x_wconf 90' lang='lat' dir='ltr'><strong>Deum</strong></span> <span class='ocrx_word' id='word_1_646' title='bbox 3391 4223 3579 4266; x_wconf 80' lang='lat' dir='ltr'><strong>verum</strong></span> 
     </span>
    </p>
   </div>
   <div class='ocr_carea' id='block_1_87' title="bbox 1993 4289 3579 4366">
    <p class='ocr_par' dir='ltr' id='par_1_87' title="bbox 1993 4289 3579 4366">
     <span class='ocr_line' id='line_1_87' title="bbox 1993 4289 3579 4366; baseline 0.008 -22"><span class='ocrx_word' id='word_1_647' title='bbox 1993 4289 2062 4345; x_wconf 91' lang='lat' dir='ltr'><strong>de</strong></span> <span class='ocrx_word' id='word_1_648' title='bbox 2117 4293 2225 4346; x_wconf 89' lang='lat' dir='ltr'><strong>Deo</strong></span> <span class='ocrx_word' id='word_1_649' title='bbox 2269 4290 2434 4347; x_wconf 86' lang='lat' dir='ltr'><strong>Patre</strong></span> <span class='ocrx_word' id='word_1_650' title='bbox 2489 4309 2621 4348; x_wconf 82' lang='lat' dir='ltr'><strong>vero</strong></span> <span class='ocrx_word' id='word_1_651' title='bbox 2654 4293 2930 4351; x_wconf 74' lang='lat' dir='ltr'><strong>elfulsisse</strong></span> <span class='ocrx_word' id='word_1_652' title='bbox 2983 4297 3228 4366; x_wconf 86' lang='lat' dir='ltr'><strong>seipsum</strong></span> <span class='ocrx_word' id='word_1_653' title='bbox 3278 4299 3579 4357; x_wconf 86' lang='lat' dir='ltr'><strong>ostendens</strong></span> 
     </span>
    </p>
   </div>
   <div class='ocr_carea' id='block_1_88' title="bbox 1997 4382 3572 4457">
    <p class='ocr_par' dir='ltr' id='par_1_88' title="bbox 1997 4382 3572 4457">
     <span class='ocr_line' id='line_1_88' title="bbox 1997 4382 3572 4457; baseline 0.006 -20"><span class='ocrx_word' id='word_1_654' title='bbox 1997 4382 2344 4450; x_wconf 79' lang='lat' dir='ltr'><strong>Uuigenitum</strong></span> <span class='ocrx_word' id='word_1_655' title='bbox 2407 4383 2504 4439; x_wconf 89' lang='lat' dir='ltr'><strong>Dei</strong></span> <span class='ocrx_word' id='word_1_656' title='bbox 2560 4384 2823 4449; x_wconf 83' lang='lat' dir='ltr'><strong>Verbum,</strong></span> <span class='ocrx_word' id='word_1_657' title='bbox 2864 4395 2918 4442; x_wconf 91' lang='lat' dir='ltr'><strong>et</strong></span> <span class='ocrx_word' id='word_1_658' title='bbox 2968 4386 3160 4453; x_wconf 88' lang='lat' dir='ltr'><strong>Filius,</strong></span> <span class='ocrx_word' id='word_1_659' title='bbox 3207 4407 3226 4440; x_wconf 72' lang='grc' dir='ltr'><strong>ε</strong></span> <span class='ocrx_word' id='word_1_660' title='bbox 3285 4389 3503 4457; x_wconf 86' lang='lat' dir='ltr'><strong>Omnia,</strong></span> <span class='ocrx_word' id='word_1_661' title='bbox 3549 4413 3572 4446; x_wconf 75' lang='grc' dir='ltr'><strong>ι</strong></span> 
     </span>
    </p>
   </div>
   <div class='ocr_carea' id='block_1_89' title="bbox 1992 4475 3571 4547">
    <p class='ocr_par' dir='ltr' id='par_1_89' title="bbox 1992 4475 3571 4547">
     <span class='ocr_line' id='line_1_89' title="bbox 1992 4475 3571 4547; baseline 0.006 -19"><span class='ocrx_word' id='word_1_662' title='bbox 1992 4475 2196 4544; x_wconf 87' lang='lat' dir='ltr'><strong>inquit,</strong></span> <span class='ocrx_word' id='word_1_663' title='bbox 2237 4495 2254 4526; x_wconf 76' lang='grc' dir='ltr'><strong>ι</strong></span> <span class='ocrx_word' id='word_1_664' title='bbox 2291 4490 2634 4547; x_wconf 56' lang='lat' dir='ltr'><strong>quaecunque</strong></span> <span class='ocrx_word' id='word_1_665' title='bbox 2683 4477 2848 4532; x_wconf 83' lang='lat' dir='ltr'><strong>habet</strong></span> <span class='ocrx_word' id='word_1_666' title='bbox 2908 4477 3093 4546; x_wconf 86' lang='lat' dir='ltr'><strong>Pater,</strong></span> <span class='ocrx_word' id='word_1_667' title='bbox 3141 4496 3260 4536; x_wconf 86' lang='lat' dir='ltr'><strong>mea</strong></span> <span class='ocrx_word' id='word_1_668' title='bbox 3299 4493 3430 4538; x_wconf 89' lang='lat' dir='ltr'><strong>sunt</strong></span> <span class='ocrx_word' id='word_1_669' title='bbox 3463 4485 3571 4539; x_wconf 72' lang='grc'><strong>⁸³.»</strong></span> 
     </span>
    </p>
   </div>
   <div class='ocr_carea' id='block_1_90' title="bbox 300 4553 1895 4650">
    <p class='ocr_par' dir='ltr' id='par_1_90' title="bbox 300 4553 1885 4628">
     <span class='ocr_line' id='line_1_90' title="bbox 300 4553 1885 4628; baseline 0 -17"><span class='ocrx_word' id='word_1_670' title='bbox 300 4555 444 4611; x_wconf 73' lang='grc' dir='ltr'>ἀλλὰ</span> <span class='ocrx_word' id='word_1_671' title='bbox 464 4555 559 4610; x_wconf 73' lang='grc' dir='ltr'>καὶ</span> <span class='ocrx_word' id='word_1_672' title='bbox 583 4558 801 4610; x_wconf 78' lang='grc' dir='ltr'>πάντων</span> <span class='ocrx_word' id='word_1_673' title='bbox 823 4553 1058 4607; x_wconf 71' lang='grc' dir='ltr'>ἐστὶτῶν</span> <span class='ocrx_word' id='word_1_674' title='bbox 1079 4554 1305 4608; x_wconf 82' lang='grc' dir='ltr'>ἐνόντων</span> <span class='ocrx_word' id='word_1_675' title='bbox 1332 4555 1409 4625; x_wconf 83' lang='grc' dir='ltr'>τῷ</span> <span class='ocrx_word' id='word_1_676' title='bbox 1436 4557 1610 4628; x_wconf 76' lang='grc' dir='ltr'>Πατρὶ</span> <span class='ocrx_word' id='word_1_677' title='bbox 1640 4560 1885 4627; x_wconf 77' lang='grc' dir='ltr'>φυσικῶς</span> 
     </span>
    </p>
   </div>
   <div class='ocr_carea' id='block_1_91' title="bbox 1998 4553 3576 4650">
    <p class='ocr_par' dir='ltr' id='par_1_91' title="bbox 1998 4563 3576 4640">
     <span class='ocr_line' id='line_1_91' title="bbox 1998 4563 3576 4640; baseline 0.009 -22"><span class='ocrx_word' id='word_1_678' title='bbox 1998 4563 2166 4622; x_wconf 86' lang='grc' dir='ltr'>Ροιϊο</span> <span class='ocrx_word' id='word_1_679' title='bbox 2218 4569 2463 4623; x_wconf 90' lang='lat' dir='ltr'><strong>omnium</strong></span> <span class='ocrx_word' id='word_1_680' title='bbox 2531 4584 2872 4640; x_wconf 79' lang='lat' dir='ltr'><strong>quaecunque</strong></span> <span class='ocrx_word' id='word_1_681' title='bbox 2938 4572 3130 4627; x_wconf 87' lang='lat' dir='ltr'><strong>insunt</strong></span> <span class='ocrx_word' id='word_1_682' title='bbox 3177 4571 3329 4630; x_wconf 88' lang='lat' dir='ltr'><strong>Patri</strong></span> <span class='ocrx_word' id='word_1_683' title='bbox 3378 4584 3576 4632; x_wconf 84' lang='lat' dir='ltr'><strong>natura</strong></span> 
     </span>
    </p>
   </div>
   <div class='ocr_carea' id='block_1_92' title="bbox 304 4645 1895 4739">
    <p class='ocr_par' dir='ltr' id='par_1_92' title="bbox 304 4645 1882 4718">
     <span class='ocr_line' id='line_1_92' title="bbox 304 4645 1882 4718; baseline -0.001 -15"><span class='ocrx_word' id='word_1_684' title='bbox 304 4648 614 4718; x_wconf 69' lang='grc' dir='ltr'>ἰδιωμάτων</span> <span class='ocrx_word' id='word_1_685' title='bbox 675 4645 1012 4717; x_wconf 85' lang='grc' dir='ltr'>κληρονόμος</span> <span class='ocrx_word' id='word_1_686' title='bbox 1056 4647 1084 4699; x_wconf 92' lang='grc' dir='ltr'><strong>ό</strong></span> <span class='ocrx_word' id='word_1_687' title='bbox 1139 4645 1288 4709; x_wconf 79' lang='grc' dir='ltr'>Υἱὸς,</span> <span class='ocrx_word' id='word_1_688' title='bbox 1325 4647 1417 4700; x_wconf 79' lang='grc' dir='ltr'><strong>καὶ</strong></span> <span class='ocrx_word' id='word_1_689' title='bbox 1449 4645 1508 4712; x_wconf 77' lang='grc' dir='ltr'>ἐξ</span> <span class='ocrx_word' id='word_1_690' title='bbox 1550 4649 1713 4702; x_wconf 79' lang='grc' dir='ltr'>αὑτοῦ</span> <span class='ocrx_word' id='word_1_691' title='bbox 1741 4649 1882 4704; x_wconf 83' lang='grc' dir='ltr'>κατὰ</span> 
     </span>
    </p>
   </div>
   <div class='ocr_carea' id='block_1_93' title="bbox 1998 4645 3576 4739">
    <p class='ocr_par' dir='ltr' id='par_1_93' title="bbox 1998 4659 3576 4739">
     <span class='ocr_line' id='line_1_93' title="bbox 1998 4659 3576 4739; baseline 0.01 -29"><span class='ocrx_word' id='word_1_692' title='bbox 1998 4659 2381 4728; x_wconf 87' lang='lat' dir='ltr'><strong>proprietatum</strong></span> <span class='ocrx_word' id='word_1_693' title='bbox 2421 4660 2603 4718; x_wconf 60' lang='lat' dir='ltr'><strong>haeres</strong></span> <span class='ocrx_word' id='word_1_694' title='bbox 2663 4669 2747 4718; x_wconf 87' lang='lat' dir='ltr'><strong>est</strong></span> <span class='ocrx_word' id='word_1_695' title='bbox 2775 4661 2973 4728; x_wconf 86' lang='lat' dir='ltr'><strong>Filius,</strong></span> <span class='ocrx_word' id='word_1_696' title='bbox 3019 4673 3072 4720; x_wconf 89' lang='lat' dir='ltr'><strong>et</strong></span> <span class='ocrx_word' id='word_1_697' title='bbox 3102 4666 3194 4736; x_wconf 92' lang='lat' dir='ltr'><strong>qui</strong></span> <span class='ocrx_word' id='word_1_698' title='bbox 3230 4682 3296 4721; x_wconf 79' lang='lat' dir='ltr'><strong>ex</strong></span> <span class='ocrx_word' id='word_1_699' title='bbox 3329 4667 3450 4739; x_wconf 89' lang='lat' dir='ltr'><strong>ipso</strong></span> <span class='ocrx_word' id='word_1_700' title='bbox 3484 4685 3576 4725; x_wconf 88' lang='lat' dir='ltr'><strong>se-</strong></span> 
     </span>
    </p>
   </div>
   <div class='ocr_carea' id='block_1_94' title="bbox 301 4734 1895 4830">
    <p class='ocr_par' dir='ltr' id='par_1_94' title="bbox 301 4734 1880 4813">
     <span class='ocr_line' id='line_1_94' title="bbox 301 4734 1880 4813; baseline 0.003 -21"><span class='ocrx_word' id='word_1_701' title='bbox 301 4738 470 4810; x_wconf 81' lang='grc' dir='ltr'>φύσιν</span> <span class='ocrx_word' id='word_1_702' title='bbox 519 4737 780 4807; x_wconf 77' lang='grc' dir='ltr'>ὑπάρχων</span> <span class='ocrx_word' id='word_1_703' title='bbox 800 4752 815 4768; x_wconf 89' lang='grc'><strong>·</strong></span> <span class='ocrx_word' id='word_1_704' title='bbox 871 4735 1009 4790; x_wconf 84' lang='grc' dir='ltr'><strong>ἀλλά</strong></span> <span class='ocrx_word' id='word_1_705' title='bbox 1063 4755 1127 4808; x_wconf 90' lang='grc' dir='ltr'><strong>γε</strong></span> <span class='ocrx_word' id='word_1_706' title='bbox 1160 4737 1221 4792; x_wconf 79' lang='grc' dir='ltr'>τὸ</span> <span class='ocrx_word' id='word_1_707' title='bbox 1252 4734 1392 4792; x_wconf 76' lang='grc' dir='ltr'>εἶναι</span> <span class='ocrx_word' id='word_1_708' title='bbox 1427 4739 1616 4812; x_wconf 75' lang='grc' dir='ltr'>Πατὴρ</span> <span class='ocrx_word' id='word_1_709' title='bbox 1647 4741 1744 4813; x_wconf 77' lang='grc' dir='ltr'><strong>οὐχ</strong></span> <span class='ocrx_word' id='word_1_710' title='bbox 1772 4742 1880 4808; x_wconf 71' lang='grc' dir='ltr'>ἕξει</span> 
     </span>
    </p>
   </div>
   <div class='ocr_carea' id='block_1_95' title="bbox 1998 4734 3574 4830">
    <p class='ocr_par' dir='ltr' id='par_1_95' title="bbox 1998 4748 3574 4830">
     <span class='ocr_line' id='line_1_95' title="bbox 1998 4748 3574 4830; baseline 0.008 -29"><span class='ocrx_word' id='word_1_711' title='bbox 1998 4748 2228 4804; x_wconf 78' lang='lat' dir='ltr'><strong>cundum</strong></span> <span class='ocrx_word' id='word_1_712' title='bbox 2260 4761 2514 4806; x_wconf 83' lang='lat' dir='ltr'><strong>naturam</strong></span> <span class='ocrx_word' id='word_1_713' title='bbox 2566 4754 2819 4819; x_wconf 79' lang='lat' dir='ltr'><strong>exsistit;</strong></span> <span class='ocrx_word' id='word_1_714' title='bbox 2853 4763 3234 4812; x_wconf 83' lang='lat' dir='ltr'><strong>verumtamen</strong></span> <span class='ocrx_word' id='word_1_715' title='bbox 3291 4775 3574 4830; x_wconf 85' lang='lat' dir='ltr'><strong>nunquam</strong></span> 
     </span>
    </p>
   </div>
   <div class='ocr_carea' id='block_1_96' title="bbox 298 4825 1875 4904">
    <p class='ocr_par' dir='ltr' id='par_1_96' title="bbox 298 4825 1875 4904">
     <span class='ocr_line' id='line_1_96' title="bbox 298 4825 1875 4904; baseline 0.002 -22"><span class='ocrx_word' id='word_1_716' title='bbox 298 4827 438 4882; x_wconf 80' lang='grc' dir='ltr'>ποτέ</span> <span class='ocrx_word' id='word_1_717' title='bbox 464 4843 477 4856; x_wconf 87' lang='grc'>⁶</span> <span class='ocrx_word' id='word_1_718' title='bbox 497 4827 767 4881; x_wconf 77' lang='grc' dir='ltr'>καὶτοῦτο</span> <span class='ocrx_word' id='word_1_719' title='bbox 796 4825 904 4898; x_wconf 83' lang='grc' dir='ltr'>γὰρ</span> <span class='ocrx_word' id='word_1_720' title='bbox 931 4826 988 4879; x_wconf 82' lang='grc' dir='ltr'>ἒν</span> <span class='ocrx_word' id='word_1_721' title='bbox 1010 4827 1118 4880; x_wconf 87' lang='grc' dir='ltr'><strong>τῶν</strong></span> <span class='ocrx_word' id='word_1_722' title='bbox 1135 4828 1443 4900; x_wconf 88' lang='grc' dir='ltr'>προσόντων</span> <span class='ocrx_word' id='word_1_723' title='bbox 1466 4827 1544 4900; x_wconf 83' lang='grc' dir='ltr'>τῷ</span> <span class='ocrx_word' id='word_1_724' title='bbox 1560 4833 1841 4904; x_wconf 86' lang='grc' dir='ltr'>γεννήτορι</span> <span class='ocrx_word' id='word_1_725' title='bbox 1860 4847 1875 4860; x_wconf 77' lang='grc'><strong><em>⁸</em></strong></span> 
     </span>
    </p>
   </div>
   <div class='ocr_carea' id='block_1_97' title="bbox 302 4917 1888 4992">
    <p class='ocr_par' dir='ltr' id='par_1_97' title="bbox 302 4917 1888 4992">
     <span class='ocr_line' id='line_1_97' title="bbox 302 4917 1888 4992; baseline 0.002 -19"><span class='ocrx_word' id='word_1_726' title='bbox 302 4921 463 4992; x_wconf 75' lang='grc' dir='ltr'>μενεῖ</span> <span class='ocrx_word' id='word_1_727' title='bbox 489 4918 546 4972; x_wconf 81' lang='grc' dir='ltr'>δὲ</span> <span class='ocrx_word' id='word_1_728' title='bbox 565 4919 595 4972; x_wconf 87' lang='lat'><strong>6</strong></span> <span class='ocrx_word' id='word_1_729' title='bbox 616 4917 745 4980; x_wconf 84' lang='grc' dir='ltr'>Υἱὸς</span> <span class='ocrx_word' id='word_1_730' title='bbox 767 4917 980 4980; x_wconf 82' lang='grc' dir='ltr'>οὐδενὸς</span> <span class='ocrx_word' id='word_1_731' title='bbox 1022 4918 1493 4990; x_wconf 79' lang='grc' dir='ltr'>ἀποστερούμενος</span> <span class='ocrx_word' id='word_1_732' title='bbox 1520 4919 1627 4974; x_wconf 88' lang='grc' dir='ltr'><strong>τῶν</strong></span> <span class='ocrx_word' id='word_1_733' title='bbox 1658 4924 1888 4976; x_wconf 82' lang='grc' dir='ltr'>ἐνόντων</span> 
     </span>
    </p>
   </div>
   <div class='ocr_carea' id='block_1_98' title="bbox 296 5010 1888 5086">
    <p class='ocr_par' dir='ltr' id='par_1_98' title="bbox 296 5010 1888 5086">
     <span class='ocr_line' id='line_1_98' title="bbox 296 5010 1888 5086; baseline 0.001 -18"><span class='ocrx_word' id='word_1_734' title='bbox 296 5012 384 5084; x_wconf 85' lang='grc' dir='ltr'>τῷ</span> <span class='ocrx_word' id='word_1_735' title='bbox 414 5011 613 5083; x_wconf 76' lang='grc' dir='ltr'>Πατρὶ,</span> <span class='ocrx_word' id='word_1_736' title='bbox 639 5011 742 5066; x_wconf 84' lang='grc' dir='ltr'><strong>κᾶν</strong></span> <span class='ocrx_word' id='word_1_737' title='bbox 777 5011 854 5082; x_wconf 83' lang='grc' dir='ltr'>μὴ</span> <span class='ocrx_word' id='word_1_738' title='bbox 882 5013 1071 5082; x_wconf 80' lang='grc' dir='ltr'>νοῆται</span> <span class='ocrx_word' id='word_1_739' title='bbox 1126 5010 1337 5082; x_wconf 84' lang='grc' dir='ltr'>Πατὴρ,</span> <span class='ocrx_word' id='word_1_740' title='bbox 1366 5013 1543 5066; x_wconf 80' lang='grc' dir='ltr'>πάντα</span> <span class='ocrx_word' id='word_1_741' title='bbox 1574 5013 1629 5067; x_wconf 79' lang='grc' dir='ltr'><strong>δὲ</strong></span> <span class='ocrx_word' id='word_1_742' title='bbox 1658 5013 1798 5086; x_wconf 74' lang='grc' dir='ltr'>ἔχων</span> <span class='ocrx_word' id='word_1_743' title='bbox 1830 5015 1888 5070; x_wconf 83' lang='grc' dir='ltr'>ὲν</span> 
     </span>
    </p>
   </div>
   <div class='ocr_carea' id='block_1_99' title="bbox 268 5099 1890 5173">
    <p class='ocr_par' dir='ltr' id='par_1_99' title="bbox 268 5099 1890 5173">
     <span class='ocr_line' id='line_1_99' title="bbox 268 5099 1890 5173; baseline 0.001 -15"><span class='ocrx_word' id='word_1_744' title='bbox 268 5101 487 5172; x_wconf 42' lang='grc' dir='ltr'>,ἑαυτῷ</span> <span class='ocrx_word' id='word_1_745' title='bbox 516 5100 742 5165; x_wconf 79' lang='grc' dir='ltr'>τελείως</span> <span class='ocrx_word' id='word_1_746' title='bbox 785 5102 854 5154; x_wconf 83' lang='grc' dir='ltr'>τὰ</span> <span class='ocrx_word' id='word_1_747' title='bbox 896 5101 996 5171; x_wconf 79' lang='grc' dir='ltr'>τῆς</span> <span class='ocrx_word' id='word_1_748' title='bbox 1027 5099 1123 5154; x_wconf 88' lang='grc' dir='ltr'><strong>τοῦ</strong></span> <span class='ocrx_word' id='word_1_749' title='bbox 1170 5100 1382 5173; x_wconf 75' lang='grc' dir='ltr'>Πατρός</span> <span class='ocrx_word' id='word_1_750' title='bbox 1421 5103 1609 5166; x_wconf 78' lang='grc' dir='ltr'>οὑσξας</span> <span class='ocrx_word' id='word_1_751' title='bbox 1649 5104 1756 5158; x_wconf 75' lang='grc' dir='ltr'>ἴδια</span> <span class='ocrx_word' id='word_1_752' title='bbox 1795 5105 1890 5159; x_wconf 73' lang='grc' dir='ltr'>καὶ</span> 
     </span>
    </p>
   </div>
   <div class='ocr_carea' id='block_1_100' title="bbox 294 5191 1888 5269">
    <p class='ocr_par' dir='ltr' id='par_1_100' title="bbox 294 5191 1888 5269">
     <span class='ocr_line' id='line_1_100' title="bbox 294 5191 1888 5269; baseline 0.001 -19"><span class='ocrx_word' id='word_1_753' title='bbox 294 5194 579 5266; x_wconf 73' lang='grc' dir='ltr'>ἐξαίρετα.</span> <span class='ocrx_word' id='word_1_754' title='bbox 621 5193 726 5247; x_wconf 73' lang='grc' dir='ltr'>Τὸν</span> <span class='ocrx_word' id='word_1_755' title='bbox 768 5193 930 5248; x_wconf 80' lang='grc' dir='ltr'>αὑτὸν</span> <span class='ocrx_word' id='word_1_756' title='bbox 976 5191 1040 5264; x_wconf 81' lang='grc' dir='ltr'>δὴ</span> <span class='ocrx_word' id='word_1_757' title='bbox 1083 5191 1272 5246; x_wconf 88' lang='grc' dir='ltr'>τοῦτον</span> <span class='ocrx_word' id='word_1_758' title='bbox 1317 5196 1606 5266; x_wconf 89' lang='grc' dir='ltr'>τοιγαροῦν</span> <span class='ocrx_word' id='word_1_759' title='bbox 1665 5199 1758 5251; x_wconf 76' lang='grc' dir='ltr'><strong>καὶ</strong></span> <span class='ocrx_word' id='word_1_760' title='bbox 1812 5197 1888 5269; x_wconf 84' lang='grc' dir='ltr'>τῷ</span> 
     </span>
    </p>
   </div>
   <div class='ocr_carea' id='block_1_101' title="bbox 295 5282 1885 5359">
    <p class='ocr_par' dir='ltr' id='par_1_101' title="bbox 295 5282 1885 5359">
     <span class='ocr_line' id='line_1_101' title="bbox 295 5282 1885 5359; baseline -0.001 -17"><span class='ocrx_word' id='word_1_761' title='bbox 295 5285 583 5359; x_wconf 83' lang='grc' dir='ltr'>προσώπῳ</span> <span class='ocrx_word' id='word_1_762' title='bbox 608 5283 704 5338; x_wconf 87' lang='grc' dir='ltr'><strong>τοῦ</strong></span> <span class='ocrx_word' id='word_1_763' title='bbox 767 5284 981 5354; x_wconf 75' lang='grc' dir='ltr'>Πατρδς</span> <span class='ocrx_word' id='word_1_764' title='bbox 1027 5282 1439 5353; x_wconf 81' lang='grc' dir='ltr'>ὲφαρμόσαντες</span> <span class='ocrx_word' id='word_1_765' title='bbox 1480 5284 1636 5355; x_wconf 90' lang='grc' dir='ltr'>λόγον</span> <span class='ocrx_word' id='word_1_766' title='bbox 1659 5328 1673 5354; x_wconf 90' lang='grc'><strong>,</strong></span> <span class='ocrx_word' id='word_1_767' title='bbox 1707 5287 1885 5341; x_wconf 87' lang='grc' dir='ltr'>πάντα</span> 
     </span>
    </p>
   </div>
   <div class='ocr_carea' id='block_1_102' title="bbox 298 5374 1885 5452">
    <p class='ocr_par' dir='ltr' id='par_1_102' title="bbox 298 5374 1885 5452">
     <span class='ocr_line' id='line_1_102' title="bbox 298 5374 1885 5452; baseline 0.001 -19"><span class='ocrx_word' id='word_1_768' title='bbox 298 5381 406 5452; x_wconf 80' lang='grc' dir='ltr'>μὲν</span> <span class='ocrx_word' id='word_1_769' title='bbox 432 5378 576 5448; x_wconf 79' lang='grc' dir='ltr'>ἔχειν</span> <span class='ocrx_word' id='word_1_770' title='bbox 601 5377 761 5431; x_wconf 77' lang='grc' dir='ltr'>αὑτὸν</span> <span class='ocrx_word' id='word_1_771' title='bbox 787 5377 857 5431; x_wconf 77' lang='grc' dir='ltr'>τὰ</span> <span class='ocrx_word' id='word_1_772' title='bbox 875 5374 969 5428; x_wconf 89' lang='grc' dir='ltr'><strong>τοῦ</strong></span> <span class='ocrx_word' id='word_1_773' title='bbox 997 5374 1126 5428; x_wconf 85' lang='grc' dir='ltr'>Υἱοῦ</span> <span class='ocrx_word' id='word_1_774' title='bbox 1162 5391 1342 5446; x_wconf 75' lang='grc' dir='ltr'>φαμεν</span> <span class='ocrx_word' id='word_1_775' title='bbox 1374 5377 1638 5446; x_wconf 74' lang='grc' dir='ltr'>φυσικῶς,</span> <span class='ocrx_word' id='word_1_776' title='bbox 1679 5379 1752 5450; x_wconf 84' lang='grc' dir='ltr'>μὴ</span> <span class='ocrx_word' id='word_1_777' title='bbox 1779 5380 1885 5452; x_wconf 79' lang='grc' dir='ltr'><strong>μὴν</strong></span> 
     </span>
    </p>
   </div>
   <div class='ocr_carea' id='block_1_103' title="bbox 293 5466 1884 5536">
    <p class='ocr_par' dir='ltr' id='par_1_103' title="bbox 293 5466 1884 5536">
     <span class='ocr_line' id='line_1_103' title="bbox 293 5466 1884 5536; baseline 0 -11"><span class='ocrx_word' id='word_1_778' title='bbox 293 5468 562 5525; x_wconf 79' lang='grc' dir='ltr'>δύνασθαι</span> <span class='ocrx_word' id='word_1_779' title='bbox 583 5485 736 5532; x_wconf 83' lang='grc' dir='ltr'>ποτε,</span> <span class='ocrx_word' id='word_1_780' title='bbox 770 5467 864 5521; x_wconf 79' lang='grc' dir='ltr'>καὶ</span> <span class='ocrx_word' id='word_1_781' title='bbox 896 5467 975 5529; x_wconf 72' lang='grc' dir='ltr'>εἰς</span> <span class='ocrx_word' id='word_1_782' title='bbox 1006 5466 1251 5536; x_wconf 82' lang='grc' dir='ltr'>υἱότητα,</span> <span class='ocrx_word' id='word_1_783' title='bbox 1305 5468 1399 5522; x_wconf 79' lang='grc' dir='ltr'>καὶ</span> <span class='ocrx_word' id='word_1_784' title='bbox 1427 5471 1506 5534; x_wconf 79' lang='grc' dir='ltr'><strong>εἰς</strong></span> <span class='ocrx_word' id='word_1_785' title='bbox 1529 5469 1588 5524; x_wconf 83' lang='grc' dir='ltr'><strong>τὸ</strong></span> <span class='ocrx_word' id='word_1_786' title='bbox 1617 5467 1754 5524; x_wconf 85' lang='grc' dir='ltr'>εἶναι</span> <span class='ocrx_word' id='word_1_787' title='bbox 1781 5472 1884 5525; x_wconf 88' lang='grc' dir='ltr'>Λό-</span> 
     </span>
    </p>
   </div>
   <div class='ocr_carea' id='block_1_104' title="bbox 293 5558 1884 5634">
    <p class='ocr_par' dir='ltr' id='par_1_104' title="bbox 293 5558 1884 5634">
     <span class='ocr_line' id='line_1_104' title="bbox 293 5558 1884 5634; baseline 0.003 -19"><span class='ocrx_word' id='word_1_788' title='bbox 293 5579 400 5630; x_wconf 78' lang='grc' dir='ltr'><strong>γον</strong></span> <span class='ocrx_word' id='word_1_789' title='bbox 430 5563 786 5632; x_wconf 86' lang='grc' dir='ltr'>μεταχωρεῖν,</span> <span class='ocrx_word' id='word_1_790' title='bbox 817 5559 892 5622; x_wconf 82' lang='grc' dir='ltr'>ὡς</span> <span class='ocrx_word' id='word_1_791' title='bbox 943 5559 1002 5612; x_wconf 82' lang='grc' dir='ltr'>δὲ</span> <span class='ocrx_word' id='word_1_792' title='bbox 1061 5558 1330 5630; x_wconf 77' lang='grc' dir='ltr'>ἄτρεπτον</span> <span class='ocrx_word' id='word_1_793' title='bbox 1371 5561 1498 5615; x_wconf 85' lang='grc' dir='ltr'>όντα</span> <span class='ocrx_word' id='word_1_794' title='bbox 1536 5562 1679 5618; x_wconf 79' lang='grc' dir='ltr'>κατὰ</span> <span class='ocrx_word' id='word_1_795' title='bbox 1722 5566 1884 5634; x_wconf 82' lang='grc' dir='ltr'>φύσιν</span> 
     </span>
    </p>
   </div>
   <div class='ocr_carea' id='block_1_105' title="bbox 291 5649 1881 5728">
    <p class='ocr_par' dir='ltr' id='par_1_105' title="bbox 291 5649 1881 5728">
     <span class='ocr_line' id='line_1_105' title="bbox 291 5649 1881 5728; baseline 0.006 -23"><span class='ocrx_word' id='word_1_796' title='bbox 291 5649 462 5705; x_wconf 85' lang='grc' dir='ltr'>τοῦτο</span> <span class='ocrx_word' id='word_1_797' title='bbox 515 5651 695 5721; x_wconf 82' lang='grc' dir='ltr'>μένειν</span> <span class='ocrx_word' id='word_1_798' title='bbox 743 5652 878 5723; x_wconf 79' lang='grc' dir='ltr'>ὅπερ</span> <span class='ocrx_word' id='word_1_799' title='bbox 933 5649 1105 5716; x_wconf 76' lang='grc' dir='ltr'>ἐστὶν,</span> <span class='ocrx_word' id='word_1_800' title='bbox 1137 5651 1226 5704; x_wconf 80' lang='grc' dir='ltr'><strong>ἵνα</strong></span> <span class='ocrx_word' id='word_1_801' title='bbox 1275 5652 1410 5724; x_wconf 79' lang='grc' dir='ltr'>πρὸς</span> <span class='ocrx_word' id='word_1_802' title='bbox 1446 5655 1526 5728; x_wconf 83' lang='grc' dir='ltr'><strong>τῷ</strong></span> <span class='ocrx_word' id='word_1_803' title='bbox 1549 5652 1690 5712; x_wconf 70' lang='grc' dir='ltr'>εἶναι</span> <span class='ocrx_word' id='word_1_804' title='bbox 1727 5659 1881 5725; x_wconf 67' lang='grc' dir='ltr'>Θεὸς,</span> 
     </span>
    </p>
   </div>
   <div class='ocr_carea' id='block_1_106' title="bbox 367 5852 1484 5925">
    <p class='ocr_par' dir='ltr' id='par_1_106' title="bbox 367 5852 1484 5925">
     <span class='ocr_line' id='line_1_106' title="bbox 367 5852 1484 5925; baseline 0 -15"><span class='ocrx_word' id='word_1_805' title='bbox 367 5853 419 5888; x_wconf 77' lang='grc'><strong><em>³³</em></strong></span> <span class='ocrx_word' id='word_1_806' title='bbox 457 5852 604 5914; x_wconf 75' lang='lat' dir='ltr'><strong>Psal.</strong></span> <span class='ocrx_word' id='word_1_807' title='bbox 644 5856 767 5925; x_wconf 61' lang='grc' dir='ltr'>εις,</span> <span class='ocrx_word' id='word_1_808' title='bbox 803 5857 859 5910; x_wconf 82' lang='lat'><strong>5.</strong></span> <span class='ocrx_word' id='word_1_809' title='bbox 933 5857 979 5888; x_wconf 79' lang='grc'>⁸³</span> <span class='ocrx_word' id='word_1_810' title='bbox 1019 5855 1177 5914; x_wconf 82' lang='lat' dir='ltr'><strong>Juan.</strong></span> <span class='ocrx_word' id='word_1_811' title='bbox 1221 5872 1313 5911; x_wconf 67' lang='lat' dir='ltr'><strong>art</strong></span> <span class='ocrx_word' id='word_1_812' title='bbox 1340 5896 1354 5922; x_wconf 89' lang='lat'><strong>,</strong></span> <span class='ocrx_word' id='word_1_813' title='bbox 1396 5855 1484 5910; x_wconf 79' lang='lat' dir='ltr'><strong>l5.</strong></span> 
     </span>
    </p>
   </div>
   <div class='ocr_carea' id='block_1_107' title="bbox 1983 4839 3574 4915">
    <p class='ocr_par' dir='ltr' id='par_1_107' title="bbox 1983 4839 3574 4915">
     <span class='ocr_line' id='line_1_107' title="bbox 1983 4839 3574 4915; baseline 0.008 -22"><span class='ocrx_word' id='word_1_814' title='bbox 1983 4841 2091 4911; x_wconf 83' lang='lat'><strong><em>37</em></strong></span> <span class='ocrx_word' id='word_1_815' title='bbox 2125 4839 2288 4897; x_wconf 87' lang='lat' dir='ltr'><strong>Pater</strong></span> <span class='ocrx_word' id='word_1_816' title='bbox 2315 4858 2438 4899; x_wconf 90' lang='lat' dir='ltr'><strong>esse</strong></span> <span class='ocrx_word' id='word_1_817' title='bbox 2476 4847 2677 4914; x_wconf 86' lang='lat' dir='ltr'><strong>poterit</strong></span> <span class='ocrx_word' id='word_1_818' title='bbox 2709 4845 2850 4915; x_wconf 91' lang='lat' dir='ltr'><strong>(hoc</strong></span> <span class='ocrx_word' id='word_1_819' title='bbox 2883 4847 3030 4902; x_wconf 83' lang='lat' dir='ltr'><strong>enim</strong></span> <span class='ocrx_word' id='word_1_820' title='bbox 3065 4863 3254 4903; x_wconf 89' lang='lat' dir='ltr'><strong>eorum</strong></span> <span class='ocrx_word' id='word_1_821' title='bbox 3287 4866 3454 4904; x_wconf 91' lang='lat' dir='ltr'><strong>unum</strong></span> <span class='ocrx_word' id='word_1_822' title='bbox 3488 4861 3574 4906; x_wconf 82' lang='lat' dir='ltr'><strong>est</strong></span> 
     </span>
    </p>
   </div>
   <div class='ocr_carea' id='block_1_108' title="bbox 1984 4936 3574 5007">
    <p class='ocr_par' dir='ltr' id='par_1_108' title="bbox 1984 4936 3574 5007">
     <span class='ocr_line' id='line_1_108' title="bbox 1984 4936 3574 5007; baseline 0.009 -20"><span class='ocrx_word' id='word_1_823' title='bbox 1984 4949 2106 5004; x_wconf 75' lang='lat' dir='ltr'><strong>quae</strong></span> <span class='ocrx_word' id='word_1_824' title='bbox 2154 4937 2397 5005; x_wconf 79' lang='lat' dir='ltr'><strong>genitori</strong></span> <span class='ocrx_word' id='word_1_825' title='bbox 2425 4936 2666 5005; x_wconf 87' lang='lat' dir='ltr'><strong>insunt),</strong></span> <span class='ocrx_word' id='word_1_826' title='bbox 2687 4939 2784 4995; x_wconf 85' lang='lat' dir='ltr'><strong>sed</strong></span> <span class='ocrx_word' id='word_1_827' title='bbox 2812 4941 3116 4996; x_wconf 83' lang='lat' dir='ltr'><strong>remanebit</strong></span> <span class='ocrx_word' id='word_1_828' title='bbox 3141 4941 3333 5007; x_wconf 82' lang='lat' dir='ltr'><strong>Filius,</strong></span> <span class='ocrx_word' id='word_1_829' title='bbox 3367 4943 3574 5002; x_wconf 77' lang='lat' dir='ltr'><strong>nullius</strong></span> 
     </span>
    </p>
   </div>
   <div class='ocr_carea' id='block_1_109' title="bbox 1984 5033 3573 5101">
    <p class='ocr_par' dir='ltr' id='par_1_109' title="bbox 1984 5033 3573 5101">
     <span class='ocr_line' id='line_1_109' title="bbox 1984 5033 3573 5101; baseline 0.01 -23"><span class='ocrx_word' id='word_1_830' title='bbox 1984 5039 2182 5096; x_wconf 76' lang='lat' dir='ltr'><strong>expers</strong></span> <span class='ocrx_word' id='word_1_831' title='bbox 2215 5043 2409 5084; x_wconf 87' lang='lat' dir='ltr'><strong>eorum</strong></span> <span class='ocrx_word' id='word_1_832' title='bbox 2445 5047 2571 5101; x_wconf 65' lang='lat' dir='ltr'><strong>quae</strong></span> <span class='ocrx_word' id='word_1_833' title='bbox 2618 5033 2769 5088; x_wconf 81' lang='lat' dir='ltr'><strong>Patri</strong></span> <span class='ocrx_word' id='word_1_834' title='bbox 2820 5035 3046 5101; x_wconf 89' lang='lat' dir='ltr'><strong>insunt,</strong></span> <span class='ocrx_word' id='word_1_835' title='bbox 3095 5036 3223 5090; x_wconf 86' lang='lat' dir='ltr'><strong>licet</strong></span> <span class='ocrx_word' id='word_1_836' title='bbox 3260 5051 3372 5092; x_wconf 86' lang='lat' dir='ltr'><strong>non</strong></span> <span class='ocrx_word' id='word_1_837' title='bbox 3408 5037 3573 5093; x_wconf 81' lang='lat' dir='ltr'><strong>intel-</strong></span> 
     </span>
    </p>
   </div>
   <div class='ocr_carea' id='block_1_110' title="bbox 1984 5117 3572 5198">
    <p class='ocr_par' dir='ltr' id='par_1_110' title="bbox 1984 5117 3572 5198">
     <span class='ocr_line' id='line_1_110' title="bbox 1984 5117 3572 5198; baseline 0.011 -28"><span class='ocrx_word' id='word_1_838' title='bbox 1984 5117 2188 5189; x_wconf 78' lang='lat' dir='ltr'><strong>ligatur</strong></span> <span class='ocrx_word' id='word_1_839' title='bbox 2213 5119 2380 5176; x_wconf 88' lang='lat' dir='ltr'><strong>Pater</strong></span> <span class='ocrx_word' id='word_1_840' title='bbox 2399 5161 2415 5187; x_wconf 96' lang='lat'><strong>,</strong></span> <span class='ocrx_word' id='word_1_841' title='bbox 2446 5123 2747 5194; x_wconf 89' lang='lat' dir='ltr'><strong>omniaque</strong></span> <span class='ocrx_word' id='word_1_842' title='bbox 2780 5123 2989 5182; x_wconf 77' lang='lat' dir='ltr'><strong>habens</strong></span> <span class='ocrx_word' id='word_1_843' title='bbox 3033 5128 3088 5182; x_wconf 90' lang='lat' dir='ltr'><strong>in</strong></span> <span class='ocrx_word' id='word_1_844' title='bbox 3117 5127 3301 5197; x_wconf 81' lang='lat' dir='ltr'><strong>seipse</strong></span> <span class='ocrx_word' id='word_1_845' title='bbox 3329 5127 3572 5198; x_wconf 78' lang='lat' dir='ltr'><strong>perfecte</strong></span> 
     </span>
    </p>
   </div>
   <div class='ocr_carea' id='block_1_111' title="bbox 1983 5211 3567 5283">
    <p class='ocr_par' dir='ltr' id='par_1_111' title="bbox 1983 5211 3567 5283">
     <span class='ocr_line' id='line_1_111' title="bbox 1983 5211 3567 5283; baseline 0.008 -20"><span class='ocrx_word' id='word_1_846' title='bbox 1983 5223 2108 5278; x_wconf 75' lang='lat' dir='ltr'><strong>quae</strong></span> <span class='ocrx_word' id='word_1_847' title='bbox 2133 5211 2355 5280; x_wconf 86' lang='lat' dir='ltr'><strong>propria</strong></span> <span class='ocrx_word' id='word_1_848' title='bbox 2402 5221 2459 5267; x_wconf 89' lang='lat' dir='ltr'><strong>et</strong></span> <span class='ocrx_word' id='word_1_849' title='bbox 2503 5215 2799 5283; x_wconf 81' lang='lat' dir='ltr'><strong>peculiaria</strong></span> <span class='ocrx_word' id='word_1_850' title='bbox 2838 5224 2968 5271; x_wconf 85' lang='lat' dir='ltr'><strong>sunt</strong></span> <span class='ocrx_word' id='word_1_851' title='bbox 3009 5214 3190 5271; x_wconf 82' lang='lat' dir='ltr'><strong>Patris</strong></span> <span class='ocrx_word' id='word_1_852' title='bbox 3219 5217 3567 5276; x_wconf 66' lang='lat' dir='ltr'><strong>substantiae.</strong></span> 
     </span>
    </p>
   </div>
   <div class='ocr_carea' id='block_1_112' title="bbox 1985 5299 3566 5384">
    <p class='ocr_par' dir='ltr' id='par_1_112' title="bbox 1985 5299 3566 5384">
     <span class='ocr_line' id='line_1_112' title="bbox 1985 5299 3566 5384; baseline 0.011 -31"><span class='ocrx_word' id='word_1_853' title='bbox 1985 5299 2234 5371; x_wconf 88' lang='lat' dir='ltr'><strong>ldipsum</strong></span> <span class='ocrx_word' id='word_1_854' title='bbox 2283 5303 2452 5374; x_wconf 79' lang='lat' dir='ltr'><strong>igitur</strong></span> <span class='ocrx_word' id='word_1_855' title='bbox 2490 5305 2558 5362; x_wconf 91' lang='lat' dir='ltr'><strong>de</strong></span> <span class='ocrx_word' id='word_1_856' title='bbox 2599 5307 2759 5364; x_wconf 80' lang='lat' dir='ltr'><strong>Patre</strong></span> <span class='ocrx_word' id='word_1_857' title='bbox 2789 5308 3074 5374; x_wconf 87' lang='lat' dir='ltr'><strong>dicentes,</strong></span> <span class='ocrx_word' id='word_1_858' title='bbox 3106 5308 3305 5368; x_wconf 83' lang='lat' dir='ltr'><strong>habere</strong></span> <span class='ocrx_word' id='word_1_859' title='bbox 3340 5314 3566 5384; x_wconf 87' lang='lat' dir='ltr'><strong>quidem</strong></span> 
     </span>
    </p>
   </div>
   <div class='ocr_carea' id='block_1_113' title="bbox 1985 5392 3566 5478">
    <p class='ocr_par' dir='ltr' id='par_1_113' title="bbox 1985 5392 3566 5478">
     <span class='ocr_line' id='line_1_113' title="bbox 1985 5392 3566 5478; baseline 0.012 -34"><span class='ocrx_word' id='word_1_860' title='bbox 1985 5392 2169 5461; x_wconf 89' lang='lat' dir='ltr'><strong>ipsum</strong></span> <span class='ocrx_word' id='word_1_861' title='bbox 2197 5395 2382 5449; x_wconf 89' lang='lat' dir='ltr'><strong>omnia</strong></span> <span class='ocrx_word' id='word_1_862' title='bbox 2409 5413 2530 5466; x_wconf 86' lang='lat' dir='ltr'><strong>quae</strong></span> <span class='ocrx_word' id='word_1_863' title='bbox 2557 5409 2688 5454; x_wconf 86' lang='lat' dir='ltr'><strong>sunt</strong></span> <span class='ocrx_word' id='word_1_864' title='bbox 2708 5399 2831 5454; x_wconf 86' lang='lat' dir='ltr'><strong>Filii</strong></span> <span class='ocrx_word' id='word_1_865' title='bbox 2853 5441 2868 5467; x_wconf 91' lang='lat'><strong>,</strong></span> <span class='ocrx_word' id='word_1_866' title='bbox 2901 5401 3248 5470; x_wconf 88' lang='lat' dir='ltr'><strong>naturaliter,</strong></span> <span class='ocrx_word' id='word_1_867' title='bbox 3284 5420 3566 5478; x_wconf 82' lang='lat' dir='ltr'><strong>nunquam</strong></span> 
     </span>
    </p>
   </div>
   <div class='ocr_carea' id='block_1_114' title="bbox 1987 5482 3566 5557">
    <p class='ocr_par' dir='ltr' id='par_1_114' title="bbox 1987 5482 3566 5557">
     <span class='ocr_line' id='line_1_114' title="bbox 1987 5482 3566 5557; baseline 0.013 -24"><span class='ocrx_word' id='word_1_868' title='bbox 1987 5489 2174 5537; x_wconf 90' lang='lat' dir='ltr'><strong>tamen</strong></span> <span class='ocrx_word' id='word_1_869' title='bbox 2216 5482 2418 5540; x_wconf 85' lang='lat' dir='ltr'><strong>Filium</strong></span> <span class='ocrx_word' id='word_1_870' title='bbox 2467 5503 2594 5545; x_wconf 90' lang='lat' dir='ltr'><strong>esse</strong></span> <span class='ocrx_word' id='word_1_871' title='bbox 2640 5505 2838 5557; x_wconf 89' lang='lat' dir='ltr'><strong>posse,</strong></span> <span class='ocrx_word' id='word_1_872' title='bbox 2884 5508 2987 5548; x_wconf 90' lang='lat' dir='ltr'><strong>nec</strong></span> <span class='ocrx_word' id='word_1_873' title='bbox 3027 5493 3081 5548; x_wconf 91' lang='lat' dir='ltr'><strong>in</strong></span> <span class='ocrx_word' id='word_1_874' title='bbox 3115 5494 3277 5551; x_wconf 86' lang='lat' dir='ltr'><strong>Verbi</strong></span> <span class='ocrx_word' id='word_1_875' title='bbox 3308 5507 3566 5554; x_wconf 81' lang='lat' dir='ltr'><strong>naturam</strong></span> 
     </span>
    </p>
   </div>
   <div class='ocr_carea' id='block_1_115' title="bbox 1985 5572 3565 5646">
    <p class='ocr_par' dir='ltr' id='par_1_115' title="bbox 1985 5572 3565 5646">
     <span class='ocr_line' id='line_1_115' title="bbox 1985 5572 3565 5646; baseline 0.013 -21"><span class='ocrx_word' id='word_1_876' title='bbox 1985 5572 2225 5644; x_wconf 87' lang='lat' dir='ltr'><strong>migrare</strong></span> <span class='ocrx_word' id='word_1_877' title='bbox 2258 5580 2561 5636; x_wconf 87' lang='lat' dir='ltr'><strong>asserimus</strong></span> <span class='ocrx_word' id='word_1_878' title='bbox 2585 5621 2601 5645; x_wconf 86' lang='lat'><strong>.</strong></span> <span class='ocrx_word' id='word_1_879' title='bbox 2641 5583 2757 5646; x_wconf 88' lang='lat' dir='ltr'><strong>sed,</strong></span> <span class='ocrx_word' id='word_1_880' title='bbox 2798 5583 3166 5643; x_wconf 85' lang='lat' dir='ltr'><strong>immutabilis</strong></span> <span class='ocrx_word' id='word_1_881' title='bbox 3201 5603 3327 5644; x_wconf 91' lang='lat' dir='ltr'><strong>cum</strong></span> <span class='ocrx_word' id='word_1_882' title='bbox 3361 5591 3433 5646; x_wconf 90' lang='lat' dir='ltr'><strong>sit</strong></span> <span class='ocrx_word' id='word_1_883' title='bbox 3463 5605 3565 5644; x_wconf 87' lang='lat' dir='ltr'><strong>na-</strong></span> 
     </span>
    </p>
   </div>
   <div class='ocr_carea' id='block_1_116' title="bbox 1985 5671 3565 5754">
    <p class='ocr_par' dir='ltr' id='par_1_116' title="bbox 1985 5671 3565 5754">
     <span class='ocr_line' id='line_1_116' title="bbox 1985 5671 3565 5754; baseline 0.015 -37"><span class='ocrx_word' id='word_1_884' title='bbox 1985 5671 2109 5718; x_wconf 85' lang='lat' dir='ltr'><strong>tura</strong></span> <span class='ocrx_word' id='word_1_885' title='bbox 2141 5680 2264 5734; x_wconf 86' lang='lat' dir='ltr'><strong>sua,</strong></span> <span class='ocrx_word' id='word_1_886' title='bbox 2289 5683 2514 5728; x_wconf 89' lang='lat' dir='ltr'><strong>manere</strong></span> <span class='ocrx_word' id='word_1_887' title='bbox 2543 5673 2594 5728; x_wconf 93' lang='lat' dir='ltr'><strong>id</strong></span> <span class='ocrx_word' id='word_1_888' title='bbox 2622 5675 2770 5743; x_wconf 89' lang='lat' dir='ltr'><strong>quod</strong></span> <span class='ocrx_word' id='word_1_889' title='bbox 2800 5683 2906 5745; x_wconf 84' lang='lat' dir='ltr'><strong>est,</strong></span> <span class='ocrx_word' id='word_1_890' title='bbox 2939 5685 2999 5732; x_wconf 89' lang='lat' dir='ltr'><strong>ut</strong></span> <span class='ocrx_word' id='word_1_891' title='bbox 3022 5687 3385 5751; x_wconf 65' lang='lat' dir='ltr'><strong>praeterquam</strong></span> <span class='ocrx_word' id='word_1_892' title='bbox 3417 5681 3565 5754; x_wconf 78' lang='lat' dir='ltr'><strong>quod</strong></span> 
     </span>
    </p>
   </div>
  </div>
