4168 6526
654 351 721 404 67
1642 347 1699 401 S.
1724 346 1995 405 CYRILLI
2018 342 2487 401 ALEXANDRINI
2516 344 2837 406 ARlIlllEP.
3828 348 3907 412 (ἒξ

657 481 741 527 est
778 471 959 535 Deus,
998 471 1163 526 etiam
1209 470 1368 526 Pater
1419 471 1683 539 exsistat,
1728 482 1783 530 et
1832 470 2226 533 immutabilis.

2336 473 2426 524 καὶ
2474 473 2665 543 Πατὴρ
2708 472 2953 544 ὑπάρχῃ,
3002 474 3095 526 καὶ
3134 472 3510 540 ἀναλλοίωτος,
3549 474 3909 555 ἀναλλοίωτον

660 563 1003 626 imnmtabije
1048 564 1102 617 in
1147 563 1333 633 seipse
1376 563 1588 619 habens
1630 564 1778 634 quod
1824 580 1891 621 ex
1939 565 2060 635 ipso
2101 578 2230 634 pro-

656 655 827 709 cessit
858 651 1100 708 Verbum
1126 693 1140 718 ,
1184 654 1288 707 hoc
1319 662 1404 709 est
1434 653 1657 710 Filium.

726 740 958 801 ALIUD.
993 744 1153 816 Legis
1184 757 1379 801 auctor
1410 746 1552 803 Deus
1575 786 1589 811 ,
1626 762 1724 818 per
1748 754 1969 803 sanctos
1994 746 2231 818 prephe-

656 844 742 891 tas
776 838 1038 906 arguebat
1084 839 1379 895 nonnullos
1417 840 1609 895 dicens
1652 858 1666 894 :
1722 858 1741 889 ι
1781 838 1927 894 Inter
1977 848 2228 895 sanctum

655 935 710 982 et
744 926 1031 998 profanum
1071 945 1181 984 non
1224 928 1637 1001 distinguebant
1660 932 1726 983 ⁸⁵.
1767 951 1785 984 ι
1829 932 2059 987 Maxima
2084 935 2228 987 enim

655 1021 907 1091 profecto
961 1024 1015 1077 in
1069 1020 1154 1077 bis
1196 1032 1409 1077 morum
1448 1024 1755 1080 dill‘erentia
1799 1026 2080 1090 cernitur,
2136 1033 2231 1078 aut

656 1116 1023 1169 contrarietas
1049 1157 1064 1180 ,
1115 1112 1257 1184 apud
1298 1132 1393 1171 eos
1424 1118 1515 1187 qui
1565 1125 1715 1172 recte
1741 1116 2011 1187 judicant.
2045 1116 2149 1172 Sed
2182 1119 2228 1172 si

655 1201 773 1260 ﬁeri
808 1213 987 1275 potest
1022 1214 1082 1259 ut
1107 1223 1298 1261 eorum
1328 1215 1451 1278 quin
1484 1219 1611 1264 sunt
1632 1210 1879 1280 ejusdem
1912 1210 2231 1267 substantia:

654 1304 851 1351 natura
886 1296 939 1351 in
971 1313 1031 1352 se
1062 1296 1435 1355 confundatur
1459 1341 1474 1365 ,
1508 1312 1562 1356 et
1605 1301 1915 1373 singulares
1957 1312 2119 1373 atque
2150 1302 2231 1357 in-

653 1390 894 1445 dividua:
927 1392 1252 1461 hypostases
1297 1383 1363 1447 ad
1405 1393 1553 1448 aliud
1600 1395 1971 1465 quodcunque
2012 1395 2230 1466 generis

651 1482 899 1551 ejusdem
948 1494 1043 1537 aut
1091 1485 1294 1554 speciei
1347 1488 1736 1557 commigrent,
1791 1502 2041 1558 quaenam
2088 1490 2232 1543 ratio

652 1574 872 1630 tandem
905 1577 1194 1646 profanum
1220 1595 1249 1631 a
1280 1580 1489 1635 sanctis
1516 1588 1787 1645 secernet,
1818 1581 1867 1637 si
1896 1582 2034 1637 nihil
2061 1583 2233 1637 inter-

652 1666 727 1721 sit
761 1667 1027 1737 quidnam
1061 1670 1133 1725 sit
1169 1670 1376 1741 aliquid
1398 1711 1413 1736 ,
1442 1686 1511 1726 an
1546 1673 1769 1743 proprie
1803 1681 1858 1727 et
1886 1673 2233 1745 hypostatice

650 1759 908 1823 exsistat,
927 1761 1020 1815 sed
1042 1770 1262 1831 propter
1286 1762 1630 1818 identitatem
1651 1764 1976 1820 substantia:
1998 1765 2227 1820 alterum

652 1850 724 1903 sit
761 1850 815 1904 in
862 1852 1075 1906 altero?
1114 1852 1289 1908 Erunt
1332 1871 1496 1926 ergo,
1542 1870 1669 1910 cum
1710 1856 1840 1912 hinc
1886 1873 1996 1912 uno
2036 1859 2230 1913 ordine

652 1957 844 1999 omnes
875 1944 1181 2002 habeamus
1210 1987 1225 2010 ,
1269 1948 1323 2002 in
1354 1948 1613 2004 omnibus
1646 1949 1833 2004 omnia
1874 1949 2104 2005 confusa
2132 1968 2146 2004 :
2177 1958 2232 2005 et

652 2035 906 2105 proditor
937 2038 1158 2108 quidem
1187 2038 1356 2096 Judas
1377 2041 1601 2111 perinde
1628 2044 1790 2099 nobis
1816 2042 1924 2097 erit
1951 2057 2016 2097 ac
2034 2041 2230 2100 Petrus

653 2137 748 2180 aut
786 2126 1021 2195 Paulus,
1058 2138 1185 2199 puta
1218 2132 1362 2201 quod
1402 2133 1476 2187 sit
1513 2133 1675 2190 Petro
1708 2141 1762 2190 et
1790 2134 1960 2189 Paulo
1991 2135 2229 2190 consub-

653 2218 966 2274 stantialis:
1004 2228 1057 2274 et
1087 2221 1357 2287 vicissim,
1388 2223 1604 2291 Petrus,
1640 2231 1735 2279 aut
1781 2223 2005 2287 Paulus.
2034 2223 2227 2289 Judas,

652 2312 893 2367 maxime
938 2328 1065 2368 cum
1115 2314 1229 2370 sint
1269 2316 1517 2385 ejusdem
1568 2333 1692 2372 cum
1742 2318 1839 2373 illo
1881 2318 2228 2375 substantiae.

651 2404 818 2473 Atqui
849 2404 931 2459 sic
964 2405 1172 2461 sentire
1209 2414 1293 2462 est
1336 2408 1805 2465 absurdissimum
1839 2427 1853 2463 :
1895 2425 2073 2479 neque
2099 2425 2231 2465 vero

652 2488 905 2547 funditus
938 2494 1164 2548 tolletur
1186 2509 1380 2549 eorum
1413 2511 1536 2565 qua:
1568 2504 1699 2551 sunt
1729 2495 1979 2566 ejusdem
2014 2497 2231 2568 generis

651 2589 749 2634 aut
790 2582 991 2652 speciei
1031 2574 1343 2639 dili‘erentia
1368 2627 1382 2649 ,
1434 2602 1501 2641 ex
1542 2602 1611 2642 eo
1650 2588 1795 2657 quod
1824 2588 2072 2658 ejusdem
2102 2596 2232 2644 sunt

651 2670 769 2742 ipsa
816 2674 1165 2729 substantiae.
1217 2666 1417 2730 Nostra
1453 2691 1584 2746 ergo
1629 2677 1923 2733 inﬁrmitas
1966 2678 2233 2733 adversus

649 2761 895 2816 divinam
941 2763 1239 2819 essentiam
1274 2780 1384 2820 non
1423 2774 1641 2821 tantum
1675 2766 1933 2831 audebit,
1969 2775 2028 2822 ut
2070 2776 2233 2839 cogat

649 2850 890 2909 Verbum
920 2869 1044 2910 esse
1071 2870 1136 2910 ac
1165 2857 1352 2911 vocari
1382 2849 1555 2912 Deum
1582 2867 1639 2912 et
1668 2856 1912 2922 Patrem,
1942 2869 2230 2929 propterea

649 2944 796 3015 quod
841 2946 1085 3015 ejusdem
1128 2957 1213 3003 est
1260 2963 1385 3003 cum
1434 2948 1616 3004 Verbo
1658 2951 2005 3006 substantias.
2053 2951 2232 3007 Manet

649 3035 800 3089 enim
832 3050 1049 3106 semper
1078 3030 1241 3091 Pater
1260 3077 1275 3104 ,
1301 3032 1609 3094 differentia
1637 3040 1921 3094 essentiali
1954 3041 2234 3095 nihilomi-

2331 561 2471 633 ἔχων
2500 565 2558 617 ὲν
2596 563 2776 634 ἑαυτῷ
2793 564 2884 616 τὸν
2910 562 2972 628 ἐξ
3015 563 3181 618 αὐτοῦ
3208 565 3490 637 πεφηνότα
3529 566 3723 635 Λόγον,
3758 565 3909 621 τοῦτ’

2330 653 2468 717 ἐστι,
2492 655 2583 707 τὸν
2612 655 2758 708 Υίόν.

2401 742 2603 796 ΑΛΛΟ.
2659 743 2969 813 Κατῃτιᾶτό
3007 760 3160 807 τινας
3211 746 3241 798 6
3291 738 3604 817 Νομοθέτης
3661 746 3749 800 διά
3794 747 3912 801 τῶν

2330 832 2504 901 ἁγίων
2528 834 2843 906 προφητῶν,
2862 836 2958 888 καὶ
2970 834 3102 899 Θεὸς
3120 836 3314 905 λέγων·
3339 855 3359 888 ί
3395 836 3521 892 ’Λνά
3562 838 3725 909 μέσον
3750 839 3908 907 ἁγίου

2332 925 2427 978 καὶ
2481 924 2713 996 βεϐήλου
2754 926 2813 979 οὐ
2850 927 3170 984 διέστελλον.
3206 948 3225 980 ι
3274 928 3451 1001 Πολλὴ
3491 930 3601 1001 γὰρ
3631 929 3801 993 ὅντως
3846 933 3911 984 ὲν

2330 1020 2541 1083 τούτοις
2588 1024 2782 1092 δρᾶται
2837 1024 3054 1094 τρόπων
3097 1024 3358 1095 διαφορὰ,
3406 1026 3523 1095 ήτοι
3572 1027 3907 1095 ἐναντιότης,

2333 1112 2481 1182 παρά
2500 1116 2611 1177 τοῖς
2632 1114 2874 1167 ἐθέλουσι
2903 1115 3247 1186 φιλοκρινεῖν.
3281 1115 3419 1169 Ἀλλ’
3456 1117 3573 1171 εἷπε
3583 1135 3613 1187 ρ
3635 1116 3911 1188 ἐνδέχεται

2330 1204 2431 1276 τὴν
2464 1205 2571 1257 τῶν
2610 1206 2909 1275 δμοουσίων
2943 1206 3022 1271 είς
3054 1206 3251 1279 ἑαυτήν
3296 1198 3688 1278 ἀνακιρνᾶσθαι
3719 1210 3908 1278 φύσιν,

2332 1298 2427 1351 καλ⁸
2475 1298 2545 1351 τὰ
2578 1298 2637 1351 ἐν
2674 1297 3003 1363 ἰδιαζούσαις
3048 1316 3108 1352 τε
3154 1300 3250 1353 καὶ
3282 1299 3505 1371 ἀτόμοις
3544 1296 3911 1355 ὑποστάσεσιν

2330 1385 2461 1440 δντα
2504 1386 2864 1456 δραπετεύσει
2908 1387 3045 1459 πρὸς
3074 1388 3212 1459 ὅπερ
3237 1388 3303 1442 ἂν
3336 1389 3594 1459 βούληται
3636 1391 3745 1444 τῶν
3773 1392 3913 1462 ὁμο·-

2331 1476 2526 1547 γενῶν,
2560 1477 2593 1548 ἢ
2618 1477 2881 1548 ὁμοειδῶν
2902 1496 2916 1512 ο
2953 1482 3105 1545 ποῖος
3134 1481 3266 1551 ήμῖν
3292 1480 3400 1552 ἄρα
3431 1480 3729 1535 διαστέλλει
3748 1483 3912 1551 λόγος

2330 1570 2441 1624 τῶν
2489 1570 2660 1638 ἁγίων
2700 1570 2793 1623 τὸν
2828 1570 3087 1642 βέϐηλον,
3131 1574 3181 1625 εί
3228 1571 3539 1643 μηδαμόθεν
3566 1574 3757 1642 δρᾶται
3808 1556 3912 1627 τοῦ

2337 1659 2480 1725 ἰδίως
2526 1659 2677 1725 δντος
2707 1662 2740 1733 ή
2766 1662 2859 1715 τοῦ
2893 1662 2977 1727 τίς
3004 1665 3119 1717 ἐστι
3147 1662 3399 1735 διαφορά,
3430 1663 3517 1717 διά
3553 1664 3609 1718 δὲ
3647 1664 3745 1736 τὴν
3776 1682 3915 1719 ταυ-

2332 1752 2533 1822 τότητα
2581 1754 2682 1823 τῆς
2723 1750 2910 1815 οὐσίας
2952 1752 3009 1804 ὲν
3037 1750 3117 1823 τῷ
3156 1751 3327 1824 ἑτέρῳ
3379 1754 3556 1807 κεῖται
3586 1753 3649 1807 τὸ
3681 1754 3863 1826 ἕτερον
3890 1774 3910 1814 ;

2261 1811 2305 1871 Β
2335 1811 2516 1897 Ἔστω
2546 1811 2724 1896 τοίνυν
2752 1811 2914 1915 ήμίνν,
2965 1811 3367 1915 ἀδιαΙφορούσης
3401 1844 3651 1898 ἐντεῦθεν
3696 1811 3795 1914 τῆς
3820 1811 3912 1915 ὲςρζ

2332 1936 2549 2007 ἑκάστῳ
2607 1934 2898 2004 γνώσεως,
2958 1937 3345 2007 συγκεχυμένα
3410 1936 3479 1991 τὰ
3555 1938 3771 1992 πάντων
3824 1941 3913 2000 εἰς

2331 2027 2543 2082 πάντα·
2578 2027 2675 2081 καὶ
2717 2029 2745 2080 6
2793 2024 2891 2098 μὲν
2940 2026 3209 2098 προδότης
3249 2026 3481 2093 Ἰούδας,
3519 2027 3594 2092 ὡς
3627 2030 3831 2100 Πέτρος
3868 2030 3907 2101 ἦ

2330 2118 2579 2182 Παῦλος,
2626 2112 2702 2183 ὡς
2731 2118 3019 2189 δμοούσιος
3056 2113 3251 2189 Πέτρῳ
3295 2119 3392 2173 καὶ
3437 2120 3668 2191 Παύλῳ·
3704 2122 3910 2193 Πέτρος

2336 2206 2384 2262 δ’
2428 2203 2497 2262 αὖ
2552 2207 2716 2261 πάλιν
2749 2206 2783 2278 ἢ
2817 2200 3050 2274 Παῦλος,
3099 2207 3320 2274 Ἰούδας,
3353 2208 3447 2263 ἆτε
3476 2210 3539 2280 δὴ
3574 2211 3709 2281 πρὸς
3747 2212 3911 2265 αὐτὸν

2330 2301 2483 2365 ὅντες
2512 2299 2809 2372 ὁμοούσιοι.
2865 2300 3007 2353 Ἀλλ’
3037 2299 3152 2355 ἔστι
3179 2301 3241 2355 τὸ
3266 2301 3409 2357 οὕτω
3445 2307 3662 2374 φρονεῖν
3697 2304 3910 2373 ἀλογώ-

2329 2409 2513 2457 τατον,
2547 2392 2641 2445 καὶ
2672 2393 2773 2446 οὐκ
2802 2393 3088 2464 ἀναιρήσει
3136 2393 3352 2458 πάντως
3392 2396 3493 2466 τήν
3538 2397 3680 2452 κατά
3716 2414 3768 2450 τι
3799 2397 3911 2451 τῶν

2330 2483 2630 2555 ὁμογενῶν,
2658 2476 2691 2556 ἦ
2718 2482 2979 2557 ὁμοειδῶν
3000 2484 3134 2556 πρὸς
3164 2485 3369 2556 ἀλληλα
3397 2486 3661 2559 διαφορὰν
3684 2489 3744 2543 τὸ
3769 2486 3910 2544 εἶναι

2331 2576 2429 2646 τῆς
2464 2576 2635 2648 αὐτῆς
2671 2577 2859 2640 οὐσίας
2906 2575 3066 2634 αὐτά.
3106 2578 3219 2631 Οὐκ
3258 2579 3367 2650 ἀρα
3408 2581 3502 2634 καὶ
3530 2580 3592 2633 τὸ
3637 2582 3723 2651 ἐφ’
3750 2583 3910 2652 ἡμῶν

2331 2666 2590 2720 ἀσθενοῦν
2618 2668 2760 2721 κατά
2784 2668 2883 2739 τῆς
2906 2668 3056 2733 Θείας
3087 2669 3275 2731 οὐσίας
3317 2671 3570 2725 τοσοῦτον
3603 2673 3912 2728 ὲκνεανιεύ-

2335 2768 2510 2821 σεται,
2536 2752 2611 2820 ὡς
2638 2752 3019 2826 ἐπαναγκάσαι
3046 2758 3219 2825 Λόγον
3246 2754 3385 2813 εἷναί
3422 2778 3481 2814 τε
3510 2778 3603 2815 και
3628 2762 3911 2817 καλεῖσθαι

2332 2849 2425 2904 τὸν
2468 2850 2600 2905 Θεὸν
2650 2852 2744 2905 καὶ
2792 2852 3050 2923 Πατέρα,
3089 2853 3386 2925 ἐπειδήπερ
3430 2853 3576 2907 ἐστὶν
3626 2855 3914 2926 ὁμοούσιος

2331 2943 2508 3015 Λόγῳ.
2544 2942 2710 2997 Μένει
2735 2942 2846 3014 γὰρ
2883 2943 2970 2997 ἀεὶ
2999 2944 3210 3015 Πατὴρ,
3250 2946 3350 3016 τήν
3381 2946 3476 2999 τοῦ
3518 2945 3572 2999 τί
3610 2948 3727 3000 ἐστι
3770 2949 3915 3001 κατὰ

2331 3034 2492 3088 τοῦτο
2542 3034 2808 3105 διαφορὰν
2860 3035 3161 3106 οὐδαμόθεν
3202 3034 3533 3106 ζημιοῦσθαι
3580 3038 3911 3108 δυναμενος’

651 3144 758 3183 nus
787 3128 937 3183 omni
974 3145 1039 3183 cx
1072 3137 1231 3199 parte
1264 3129 1529 3184 incolumi
1557 3145 1571 3182 :
1608 3129 1705 3185 sed
1743 3146 1925 3201 neque
1953 3130 2230 3186 identitati

2336 3124 2451 3177 ἀλλ’
2499 3124 2621 3178 οὐδὲ
2652 3128 2719 3197 τῇ
2749 3126 3041 3197 ταυτότητι
3092 3129 3193 3198 τῆς
3241 3128 3429 3191 οὐσίας
3475 3128 3537 3181 τὸ
3570 3129 3735 3200 μηδὲν
3769 3128 3915 3192 ἰδίως

653 3221 974 3275 substantiae
1004 3222 1145 3275 nihil
1171 3220 1455 3292 peculiare
1486 3220 1772 3292 relinquit,
1800 3231 1855 3277 et
1886 3236 2234 3291 nequaquam

651 3311 851 3367 Filium
886 3313 1100 3367 idcirco
1124 3312 1427 3383 superabit,
1464 3312 1561 3369 sed
1594 3328 1784 3369 verum
1816 3328 1880 3368 ac
1914 3328 2236 3380 germanum

652 3402 805 3457 illum
844 3418 969 3459 esse
1002 3403 1293 3470 ostendet,
1344 3413 1400 3459 et
1446 3419 1510 3460 ex
1555 3403 1680 3475 ipso
1720 3405 2028 3460 secundum
2079 3412 2240 3459 natu-

652 3511 771 3550 ram
822 3496 1030 3551 habere
1073 3495 1577 3552 immutabilitatem
1634 3495 1923 3567 genitore,
1967 3503 2024 3550 et
2066 3511 2133 3551 ex
2170 3510 2239 3550 eo

653 3587 804 3658 quod
831 3589 997 3641 etiam
1032 3587 1149 3656 ipse
1184 3587 1409 3658 proprie
1445 3596 1501 3643 et
1536 3589 1886 3659 peculiariter
1918 3588 2095 3644 Filius
2123 3598 2236 3653 est,

658 3680 715 3734 in
743 3678 855 3750 38
879 3679 1092 3733 Patrem
1124 3694 1349 3749 quoque
1379 3694 1490 3735 non
1519 3680 1745 3747 mutari,
1773 3679 2237 3751 quemadmodum

659 3783 838 3839 neque
867 3767 1085 3823 Patrem
1120 3768 1175 3823 in
1207 3761 1427 3825 Filium.

798 3861 1103 3930 Oppositio,
1145 3862 1252 3917 sive
1282 3862 1507 3933 objectio
1536 3864 1649 3919 alia
1685 3864 2077 3921 hwreticorum.

726 4017 844 4073 Non
869 4034 1017 4089 jure,
1050 4020 1332 4091 inquiunt,
1367 4021 1422 4075 in
1456 4036 1559 4076 nos
1590 4030 1848 4092 tanquam
1880 4025 2063 4079 minus
2094 4032 2240 4078 recte

656 4112 956 4168 sentientes
983 4113 1339 4179 invehimini,
1374 4114 1469 4184 qui
1504 4114 1744 4169 dicimus
1770 4116 1998 4169 insitmn
2038 4115 2146 4172 Deo
2174 4133 2238 4173 ac

658 4202 805 4257 Patri
854 4204 1079 4258 verbum
1127 4205 1277 4258 aliud
1330 4220 1452 4260 esse
1501 4218 1533 4259 a
1574 4202 1750 4269 Filio,
1795 4222 1917 4261 cum
1960 4208 2139 4277 ipsum
2182 4210 2238 4264 in

658 4294 973 4365 Evangeliis
1013 4296 1163 4351 clare
1189 4298 1488 4361 ,dicentem
1526 4297 1809 4353 audiatis:
1854 4318 1871 4350 ι
1913 4297 2041 4355 Scio
2076 4317 2237 4366 eum,

664 4397 720 4443 et
749 4388 976 4441 verbum
1018 4389 1139 4457 ejus
1181 4404 1340 4443 servo
1367 4389 1434 4446 ⁸⁸.
1467 4408 1485 4441 ι
1522 4388 1677 4455 Quod
1712 4390 1757 4445 si
1793 4400 1851 4444 ut
1884 4392 2003 4461 ipse
2035 4392 2239 4447 contir-

2339 3214 2638 3285 κεκτῆσθαι
2671 3215 3045 3286 παραχωρῶν,
3077 3217 3174 3271 καὶ
3207 3216 3591 3288 πλεονεκτήσει
3633 3218 3730 3288 μὲν
3756 3218 3918 3271 066a.-

2340 3306 2457 3377 μῶς
2487 3307 2631 3361 κατά
2656 3306 2816 3361 τοῦτο
2834 3307 2925 3361 τὸν
2952 3308 3102 3375 Υίὸν,
3130 3309 3352 3379 γνήσιον
3379 3308 3436 3362 δὲ
3467 3302 3668 3380 μᾶλλον
3697 3295 3917 3363 ἀποδεί-

2347 3394 2448 3460 ξει,
2495 3395 2592 3449 καὶ
2630 3395 2691 3460 ἐξ
2728 3396 2895 3451 αὐτοῦ
2934 3399 3075 3453 κατά
3109 3396 3271 3468 φύσιν
3314 3398 3506 3469 ἔχοντα
3543 3399 3605 3453 τὸ
3648 3398 3919 3470 ἄτρεπτον

2338 3486 2434 3539 καὶ
2460 3484 2815 3539 ἀναλλοίωτον
2840 3488 2935 3541 τοῦ
2960 3489 3344 3559 γεννήσαντος,
3370 3488 3461 3543 καὶ
3480 3489 3568 3543 διὰ
3594 3488 3689 3543 τοῦ
3721 3491 3919 3560 κεκτῆ-

2341 3580 2465 3634 σθαι
2496 3580 2592 3633 καὶ
2617 3581 2779 3635 αὐτὸν
2815 3581 2961 3645 ἰδίως
3012 3583 3106 3636 καὶ
3155 3584 3332 3653 μόνως
3378 3580 3476 3653 τήν
3522 3582 3777 3654 υίότητα,
3822 3585 3919 3637 καὶ

2339 3672 2419 3733 εἰς
2465 3673 2682 3742 Πατέρα
2730 3672 2806 3743 μὴ
2865 3672 3336 3743 μεταδάλλεσθαι,
3394 3672 3583 3743 ῶσπερ
3640 3670 3733 3728 οῦν
3795 3675 3916 3728 οὐδὲ

2339 3764 2515 3816 ἐκεῖνο
2562 3762 2669 3834 [ίσ.
2703 3763 2946 3836 ἐκεῖνον]
2979 3765 3060 3827 είς
3101 3765 3244 3820 Υίόν.

2340 3855 2695 3925 Πρόόλημα,
2747 3855 2881 3924 ἤτοι
2929 3857 3236 3977 ἁῡῑτίθεσις
3272 3857 3441 3926 ἑτέρα
3478 3858 3560 3924 ὡς
3605 3858 3765 3926 παρὰ
3800 3857 3920 3913 τῶν

2939 3942 2977 3977 α
3002 3944 3269 3977 οετικων-

2939 3942 3269 3994 αιρετικων.

2414 4015 2530 4068 Οὐκ
2568 4016 2825 4084 εὐλόγως,
2857 4019 3044 4085 φασὶν,
3076 4016 3150 4081 ὡς
3180 4018 3241 4070 οὐ
3268 4018 3557 4086 φρονοῦσιν
3583 4018 3760 4091 ὀρθῶς
3795 4022 3917 4073 ἐπι-

2343 4108 2642 4176 σκήπτετε,
2677 4111 2789 4171 τοῖς
2823 4109 3008 4182 ἓτερον
3052 4106 3192 4163 εἶναι
3222 4110 3437 4179 λέγουσι
3474 4112 3563 4164 τὸν
3585 4113 3822 4182 ἔμφυτον
3859 4108 3918 4164 ἐν

2340 4199 2418 4270 τῷ
2455 4200 2575 4271 Θεῷ
2613 4202 2706 4254 καὶ
2756 4202 2933 4274 Πατρὶ
2986 4203 3142 4272 λόγον
3192 4205 3345 4275 παρὰ
3391 4206 3483 4258 τὸν
3515 4205 3642 4258 Υίὸν
3673 4244 3689 4269 ,
3736 4205 3912 4258 καίτοι

2343 4292 2534 4359 σαφῶς
2582 4291 2747 4345 αὐτοῦ
2784 4292 3038 4361 λέγοντος
3079 4294 3364 4359 ἀκούοντες
3401 4298 3459 4348 ὲν
3484 4298 3605 4359 ταῖς
3638 4297 3921 4365 εὐαγγελι-

2345 4387 2471 4448 καῖς
2515 4379 2839 4455 ἐξηγήσεσιν
2871 4425 2887 4450 ,
2934 4386 3015 4439 ὅτι
3067 4403 3085 4435 t
3117 4382 3248 4440 Οἶδα
3286 4388 3377 4440 τὸν
3417 4384 3672 4457 Πατέρα,
3706 4389 3799 4441 καὶ
3827 4388 3920 4439 τὸν

659 4478 873 4541 mavit,
915 4479 1141 4532 verbum
1188 4477 1365 4533 Patris
1414 4491 1631 4547 servat,
1680 4486 1993 4539 necessario
2050 4486 2234 4556 utique

2348 4476 2504 4544 λόγον
2546 4475 2713 4531 αὐτοῦ
2757 4475 2930 4547 τηρῶ.
2970 4496 2987 4528 ι
3021 4477 3083 4530 Εἰ
3112 4477 3207 4543 δὲ,
3238 4478 3490 4550 καθάπερ
3523 4480 3684 4543 αὐτὸς
3716 4479 3924 4549 διισχυ-

660 4569 807 4626 alius
836 4571 903 4623 ab
934 4572 1058 4640 ipso
1087 4573 1215 4635 erit,
1249 4571 1695 4643 quandoquidem
1728 4588 1952 4632 necesse
1978 4585 2055 4633 est
2090 4579 2240 4632 aliud

659 4677 785 4719 esse
815 4664 960 4733 quod
992 4676 1172 4720 servat
1203 4666 1271 4721 ab
1297 4681 1363 4721 eo
1386 4666 1529 4737 quod
1561 4676 1837 4725 servatur.

673 4928 849 4985 ναι-ἕω
883 4930 1168 4985 solutiones
1193 4974 1206 4993 .
1246 4932 1437 5001 quibus
1473 4933 1617 4989 clare
1661 4933 1958 4989 ostenditur
2006 4934 2233 4990 Verbum

1010 5012 1141 5071 [esse
1174 5003 1268 5057 Dei
1306 5021 1369 5056 ac
1404 5003 1585 5057 Patris
1630 5004 1853 5060 Filium.

732 5092 850 5150 Nisi
887 5094 1007 5164 ipse
1034 5096 1351 5165 unigenitus
1396 5095 1568 5152 Filius
1604 5094 1702 5150 Dei
1752 5111 1817 5149 ac
1847 5095 2064 5161 Patris,
2098 5094 2240 5149 Ver-

667 5186 794 5240 bum
821 5195 905 5241 est
931 5186 1080 5256 ejus;
1114 5188 1207 5242 sed
1236 5186 1387 5241 aliud
1423 5188 1701 5257 quoddam
1731 5188 1875 5243 inest
1904 5186 2013 5242 Deo
2045 5197 2241 5257 praeter

667 5280 848 5350 ipsum
872 5320 887 5344 ,
917 5280 1062 5351 quod
1095 5282 1373 5335 internum
1405 5281 1694 5335 nominant
1721 5321 1736 5343 ,
1783 5283 1876 5352 qui
1904 5284 2243 5338 contrariam

666 5374 967 5428 ostendunt
1007 5372 1361 5436 sententiam,
1413 5373 1605 5426 dicant
1654 5373 1815 5428 nobis
1875 5381 2059 5427 utrum
2104 5374 2243 5430 illud

668 5456 810 5527 quod
866 5457 1032 5513 stulte
1078 5458 1581 5512 comminiscuntur
1622 5457 1872 5518 verbum,
1897 5458 2243 5528 hypostatice

666 5553 924 5615 exsistat,
954 5567 1023 5605 au
1068 5567 1201 5605 non.
1237 5547 1371 5602 Nam
1405 5551 1449 5604 si
1491 5563 1591 5618 per
1623 5564 1683 5604 se
1721 5550 1775 5603 in
1814 5553 2036 5621 propria
2070 5553 2246 5624 hypo~

667 5642 801 5699 stasi
843 5643 1034 5697 dicent
1074 5641 1415 5707 subsistere,
1457 5640 1599 5695 duos
1646 5641 1873 5697 omnino
1923 5643 2245 5702 fatebuntur

738 5807 781 5834 “
827 5802 1022 5859 Bacch.
1065 5816 1213 5864 uti,
1248 5800 1337 5854 9.6.
1418 5800 1459 5831 ⁸⁵
1492 5797 1647 5854 Joan.
1676 5817 1790 5868 vni,
1822 5802 1908 5858 57$.

2348 4567 2555 4639 ρίσατο,
2587 4562 2677 4621 τὸν
2716 4568 2810 4621 τοῦ
2842 4566 3055 4639 Πατρὸς
3090 4586 3152 4639 τη
3165 4571 3249 4641 ρεῖ
3291 4568 3479 4638 λόγον,
3511 4571 3696 4641 ἕτερος
3726 4571 3793 4624 ἂν
3835 4574 3919 4638 εἴη

2345 4661 2560 4723 πάντως
2604 4660 2812 4731 δήπου,
2870 4661 2965 4714 καὶ
3012 4661 3361 4729 ἀναγκαίως,
3414 4662 3491 4726 ὡς
3542 4664 3676 4735 πρὸς
3734 4663 3919 4724 αὐτὸν,

2346 4752 2647 4823 ἐπειδήπερ
2673 4751 2888 4822 ἀνάγκη
2917 4750 3017 4824 τὴν
3045 4748 3145 4823 τῆς
3169 4752 3482 4824 ἑτερότητος
3508 4752 3777 4819 σώζεσθαι
3808 4753 3921 4806 δια-

2348 4844 2521 4915 φορὰν
2544 4843 2622 4914 τῷ
2661 4844 2915 4915 τηροῦντι
2948 4845 3085 4917 πρὸς
3118 4846 3177 4898 τὸ
3213 4846 3566 4919 τηρούμενον.

2347 4937 2573 5019 Λύᾳειις
2600 4937 2832 5019 ἐφεξῆς.
2862 4932 3545 5019 διάφοροιηδεικνρ-ουσᾳι
3573 4940 3805 5019 σᾳξῶς,
3836 4940 3924 4993 ὅτι

2431 5010 2464 5060 ό
2489 5010 2679 5076 Λόγος
2707 5008 2837 5061 ἐστὶ
2876 5008 2984 5062 τοῦ
3014 5008 3162 5063 Θεοῦ
3191 5010 3288 5062 καὶ
3318 5011 3551 5078 Πατρός
3593 5014 3626 5064 ό
3662 5008 3823 5075 Υἱός.

2426 5097 2489 5149 Et
2528 5096 2605 5168 μὴ
2652 5097 2814 5161 αὐτός
2874 5100 3021 5153 ἐστιν
3058 5102 3087 5153 6
3142 5100 3436 5172 μονογενής
3478 5102 3607 5166 Υἱὸς
3651 5101 3745 5155 τοῦ
3790 5100 3925 5154 Θεοῦ

2352 5189 2447 5242 καὶ
2476 5190 2689 5261 Πατρὸς
2720 5192 2748 5244 6
2780 5191 2956 5260 Λόγος
2992 5192 3155 5246 αὐτοῦ
3176 5230 3191 5257 ,
3219 5192 3406 5263 ἕτερος
3432 5193 3488 5247 δέ
3517 5212 3601 5259 τις
3631 5196 3926 5265 ἐνυπάρχει

2351 5276 2429 5347 τῷ
2456 5277 2575 5349 Θεῷ
2599 5280 2730 5348 παρ’
2777 5280 2959 5344 αὐτὸν,
2999 5280 3059 5334 ὃν
3098 5280 3401 5337 ἐνδιάθετον
3429 5283 3787 5355 ὀνομάζουσιν
3809 5325 3823 5349 ,
3876 5286 3925 5337 οἱ

2352 5370 2449 5439 τὴν
2497 5372 2747 5427 ἐναντίαν
2779 5373 3160 5445 προϊσχόμενοι
3212 5374 3367 5441 δόξαν
3415 5376 3726 5446 λεγέτωσαν
3772 5379 3968 5447 ήμῖν,ι

2356 5462 2584 5536 πότερόν
2615 5483 2745 5519 ποτε
2772 5468 2800 5519 6
2827 5466 2913 5520 διὰ
2936 5468 3035 5538 τῆς
3066 5469 3245 5523 αὐτῶν
3270 5468 3512 5541 ἀμαθίας
3546 5471 3928 5539 ἐπινοούμενος

2354 5556 2523 5624 Λόγος
2546 5558 2910 5622 ὲνυπόστατός
2940 5560 3106 5626 ἐστιν,
3135 5560 3169 5631 ἢ
3201 5562 3337 5632 οὐχί.
3361 5560 3424 5615 Et
3451 5564 3548 5633 μὲν
3578 5563 3687 5633 γάρ
3711 5561 3928 5633 ἐροῦσιν

2353 5647 2653 5716 ὑφεστάναι
2688 5648 2810 5704 καθ’
2842 5651 3034 5706 ἑαυτὸν
3086 5654 3144 5708 ὲν
3190 5653 3420 5726 ὑπάρξει
3459 5655 3747 5726 νοούμενον
3798 5653 3925 5728 ἰδίᾳ,
