4168 6542
312 390 382 447 69
1276 440 1281 445 ,
1377 379 1441 442 ΙΝ
1480 386 1763 443 JUANNIS
1796 384 2238 441 EVANGELIUM
2279 383 2404 441 LIB.
2446 384 2485 438 l.
3481 389 3547 441 70

313 508 406 563 δύο
447 507 512 578 δὴ
557 506 775 570 πάντως
820 505 1242 577 ὁμολογήσουσιν
1294 506 1456 569 Υίοὺς
1516 501 1675 562 εἶναι.
1726 505 1873 559 Εἰδέ

1977 518 2100 560 esse
2149 503 2338 560 Filios.
2395 503 2491 558 Sin
2548 511 2729 560 autem
2787 504 3067 576 hypostasi
3111 504 3324 576 propria
3362 521 3549 563 carere

314 600 685 655 ἀνυπόστατον
731 600 946 671 ἐροῦσιν
972 599 1167 662 αὑτὸν,
1202 598 1411 663 οὑδενὸς
1456 599 1880 670 μεσολαϐοῦντος

314 689 396 742 ἔτι
437 690 536 743 καὶ
566 688 975 759 διατειχίζοντος
1020 689 1112 742 τὸν
1152 689 1310 752 Υἱὸν,
1342 688 1459 751 πῶς
1514 690 1665 743 ἔσται
1701 690 1881 761 τρίτος

315 785 379 835 ἐκ
405 782 639 854 Πατρός,
662 781 757 835 καὶ
781 781 902 850 οὐχὶ
933 780 1132 851 μᾶλλον
1159 782 1460 852 προσεχῶς,
1488 782 1563 846 ὡς
1591 782 1718 846 Υἱὸς
1744 782 1881 854 πρὸς

317 868 533 941 Πατέρα
559 887 573 936 ;

382 964 566 1016 ΔΛΛΟ
598 962 695 1015 διὰ
736 961 855 1015 τῶν
885 961 1084 1016 αὐτῶν
1120 962 1529 1031 θεωρημάτων.
1575 964 1747 1031 Λόγον
1781 963 1880 1033 μὲν

280 1050 578 1121 ὑπάρχειν
650 1050 729 1121 τῷ
773 1049 897 1119 Θεῷ
950 1049 1046 1102 καὶ
1110 1051 1283 1119 Πατρλ⁵
1336 1049 1426 1102 τὸν
1480 1049 1779 1102 ἐνδιάθετον
1830 1049 1879 1100 oi

310 1140 959 1212 6t‘tvav'riac6piCov'cat,
992 1140 1061 1194 δι’
1084 1134 1169 1206 οὗ,
1202 1140 1344 1194 κατὰ
1370 1140 1468 1210 τὴν
1501 1139 1680 1194 αὑτῶν
1712 1139 1880 1194 ἀκαλ-

312 1235 580 1305 λεστάτην
605 1235 883 1298 ὑπόνοιαν,
914 1232 1014 1304 τὴν
1040 1233 1133 1286 τοῦ
1162 1232 1375 1301 Πατρὸς
1403 1231 1655 1301 βούλησιν
1688 1235 1717 1286 6
1754 1232 1881 1296 Υἱὸς

319 1323 697 1377 ἐκδιδάσκεται
718 1339 732 1354 ·
764 1323 879 1377 ἀλλ’
914 1324 1049 1393 ὅσην
1080 1322 1191 1393 ἔχει
1232 1323 1442 1394 μωρίαν
1483 1322 1666 1385 αὑτοῖς
1691 1322 1750 1375 τὸ
1788 1323 1880 1375 ἐπὶ

311 1413 484 1485 τούτῳ
505 1413 709 1482 δόγμα,
728 1412 951 1484 θεωρεῖν
975 1414 1289 1482 ἀναγκαῖον.
1328 1411 1607 1481 Ἐννοῆσαι
1622 1411 1676 1465 δὲ
1695 1411 1880 1474 τοιῶς-

310 1504 387 1557 δε.
428 1504 695 1575 προσήκει
740 1502 831 1556 τὸν
879 1503 972 1556 ἐπὶ
1008 1501 1085 1567 τῷ
1138 1501 1423 1571 πράγματι
1474 1500 1732 1571 λογισμόν
1757 1516 1771 1530 ο
1806 1500 1879 1552 Τδ

312 1595 506 1665 Πατὴρ
547 1593 721 1665 ὄνομα
755 1592 830 1657 ὡς
859 1592 994 1665 πρὸς
1013 1592 1104 1645 τὸν
1130 1592 1258 1646 Υίὸν
1281 1592 1435 1647 οὐδὲν
1463 1592 1575 1662 ἔχει
1603 1592 1664 1646 τὸ
1690 1592 1874 1663 μέσον,

309 1686 386 1748 ὼς
429 1685 489 1752 ἐξ
542 1683 789 1755 ἀνάγκης
859 1683 1146 1738 είσϐαἶνον.
1207 1684 1272 1735 Τί
1340 1682 1449 1753 γάρ
1497 1682 1649 1737 ἔσται
1715 1684 1877 1754 μέσον

316 1779 528 1850 Πατρδς
565 1778 703 1850 πρὸς
736 1777 864 1831 Υίὺν
891 1816 906 1842 ,
952 1777 986 1848 ἢ
1015 1772 1082 1831 αὖ
1111 1777 1273 1831 πάλιν
1303 1775 1434 1829 Υἱοῦ
1461 1776 1596 1845 πρὸς
1624 1775 1872 1846 Πατέρας

1983 597 2165 665 ipsum
2197 597 2424 662 dicent,
2478 611 2600 650 cum
2639 597 2773 650 nihil
2815 599 2884 652 sit
2915 596 3061 668 quod
3098 596 3291 651 Filium
3328 614 3358 652 a
3389 599 3550 653 Patre

1966 687 2261 761 ,dispescat
2285 729 2299 753 ,
2344 688 2619 757 quomodo
2664 689 2857 745 tertius
2887 690 2990 745 erit
3031 704 3061 743 a
3094 684 3257 743 Patre
3285 732 3299 755 ,
3336 706 3398 743 ac
3437 707 3546 745 nou

1980 780 2166 849 potius
2196 780 2443 849 proxime
2474 790 2528 834 et
2558 778 2892 844 immediate,
2928 778 2988 834 ut
3017 779 3189 836 Filius
3225 780 3410 835 Patri?

2050 953 2258 1007 ALIUD
2282 994 2296 1019 ,
2328 954 2382 1007 in
2421 954 2655 1008 eamdem
2686 956 3020 1012 sententiam.
3057 956 3294 1011 Verbum
3328 956 3545 1025 quidem

1981 1047 2162 1101 inesse
2211 1044 2322 1100 Deo
2372 1062 2435 1100 ac
2493 1043 2641 1098 Patri
2690 1047 2964 1100 internum
3018 1047 3193 1113 illud,
3244 1048 3546 1102 adversarii

1981 1144 2254 1201 statuunt,
2291 1151 2384 1205 per
2419 1136 2586 1206 quod,
2611 1145 2669 1190 ut
2698 1137 2798 1205 ipsi
2831 1134 3151 1193 stultissime
3177 1140 3545 1209 suspicantur,

1980 1230 2317 1284 voluntatem
2364 1228 2545 1284 Patris
2589 1226 2763 1284 Filius
2816 1231 3076 1285 edocetur
3128 1249 3142 1284 :
3200 1228 3296 1286 sed
3344 1244 3547 1301 quanta

1980 1319 2190 1374 insania
2236 1318 2450 1372 laboret
2485 1318 2632 1372 istud
2685 1334 2875 1373 eorum
2918 1318 3146 1390 dogma,
3201 1321 3549 1375 considerare

1987 1421 2071 1464 est
2110 1425 2291 1479 operat
2343 1410 2601 1480 pretium.
2638 1408 2751 1463 lloc
2780 1419 2957 1464 autem
3002 1418 3163 1482 pacto
3214 1409 3267 1463 in
3308 1427 3367 1464 re
3410 1425 3548 1479 pra:—

1979 1505 2122 1559 senti
2156 1504 2657 1575 philosophandum
2688 1505 2848 1560 nobis
2881 1512 2987 1560 est.
3023 1503 3157 1559 Illud
3190 1518 3406 1565 nomen,
3446 1498 3549 1555 Pa-

1980 1603 2081 1659 ter,
2112 1596 2178 1650 ad
2220 1595 2418 1651 Filium
2452 1597 2718 1662 relatum,
2757 1598 2897 1652 nihil
2931 1599 3248 1654 necessario
3284 1596 3429 1665 capit
3459 1595 3546 1648 in-

1977 1689 2246 1743 termedii.
2299 1677 2439 1754 Qirid
2485 1691 2630 1744 enim
2670 1689 2976 1745 intercedet
3017 1689 3170 1744 Patri
3209 1705 3334 1745 cum
3374 1688 3544 1750 Filio,

1978 1787 2073 1831 aut
2120 1779 2365 1834 vicissim
2396 1778 2534 1834 Filio
2562 1796 2687 1835 cum
2721 1781 2928 1837 Patre?
2967 1781 3036 1835 At
3072 1782 3119 1836 si
3144 1820 3159 1844 ,
3191 1780 3547 1851 quemadmo-

321 1849 460 1922 Ἀλλ’
513 1849 672 1941 εἰπερ
718 1868 860 1923 κατά
900 1868 998 1941 τὴν
1038 1868 1260 1922 ἐκείνων
1287 1868 1528 1938 ἀμαθίαν
1558 1869 1870 1938 διατειχίςει

1975 1868 2101 1922 dum
2131 1868 2209 1922 illi
2237 1870 2405 1925 stulte
2439 1870 2719 1935 sentiunt,
2768 1869 2988 1925 Patrem
3032 1885 3061 1923 a
3104 1849 3244 1924 Filio
3283 1870 3545 1939 dispescit

310 1962 404 2015 τοῦ
438 1962 649 2032 Πατρὸς
694 1960 787 2015 τὸν
840 1960 968 2015 Υἱὸν
1026 1959 1397 2031 μεσολαϐοῦσα
1454 1959 1735 2031 βούλησις,
1781 1960 1875 2015 καὶ

309 2054 480 2122 Λόγος
518 2052 838 2116 ἐνδιάθετος,
887 2054 946 2106 ὃν
974 2051 1067 2105 καὶ⁵
1099 2051 1301 2121 ταύτης
1355 2046 1493 2104 εἷναί
1523 2067 1686 2120 φασιν
1710 2052 1877 2122 ἐρμη-

308 2144 582 2207 νευτικὸν,
626 2145 725 2197 οὑκ
771 2144 846 2197 ἐτ’
894 2142 959 2198 ἂν
1006 2145 1177 2198 νοοῖτο
1208 2142 1399 2213 Πατὴρ
1430 2142 1569 2205 ὅλως
1606 2144 1635 2196 ό
1663 2141 1872 2214 Πατὴρ.

305 2237 422 2290 ἀλλ’
457 2236 577 2289 οὑδὲ
608 2234 734 2298 Υίδς
763 2236 792 2287 6
826 2235 955 2299 Υἱὸς
980 2275 994 2301 ,
1030 2233 1191 2305 εῐπερ
1229 2235 1288 2287 ἐν
1336 2233 1493 2296 ἰδίαις
1542 2234 1873 2287 ὑποστάσεσι

305 2327 519 2381 κείσθαι
542 2327 827 2397 νοήσομεν,
858 2327 958 2397 τήν
986 2343 1043 2379 τε
1080 2325 1333 2396 βούλησιν
1363 2325 1458 2379 τοῦ
1482 2325 1623 2379 Θεοῦ
1663 2327 1757 2379 καὶ
1782 2326 1874 2379 τὸν

302 2417 509 2489 ταύτην
565 2416 991 2487 διερμηνεύοντα
1044 2417 1236 2485 Λόγον.
1295 2418 1359 2470 Et
1420 2416 1478 2471 δὲ
1526 2416 1874 2471 ἀνυπόστατα

301 2506 547 2576 δώσομεν
577 2506 841 2579 ὑπάρχειν
868 2506 1029 2569 αὑτά,
1061 2506 1285 2576 ἀμέσως
1324 2507 1432 2578 ἄρα
1467 2507 1561 2561 καὶ
1591 2506 1875 2579 προσεχῶς

301 2600 334 2654 6
372 2599 502 2661 Υίός
544 2599 693 2653 ἐστιν
723 2601 781 2652 ἐν
818 2597 938 2668 Θεῷ
973 2598 1069 2651 καὶ
1096 2598 1271 2670 Πατρί
1296 2614 1311 2629 ο
1339 2601 1434 2651 ποῖ
1457 2599 1522 2669 δὴ
1550 2600 1657 2669 ἄρα
1685 2599 1874 2653 λοιπὸν

300 2692 330 2743 6
370 2689 674 2751 ἐνδιάθετος
712 2689 951 2759 χωρήσει
1012 2688 1216 2756 Λόγος,
1274 2688 1309 2758 ἦ
1347 2691 1499 2741 ποῖον
1539 2690 1651 2753 ἕξει
1710 2690 1875 2744 τόπον

302 2782 337 2849 ἡ
366 2779 639 2849 βούλησις,
669 2778 833 2848 ἐτέρα
866 2778 1132 2849 νοουμένη
1172 2778 1323 2847 παρά
1352 2779 1443 2831 τὸν
1470 2780 1625 2845 Υίόν;

375 2958 561 3011 ΛΛΔΟ
593 2956 689 3010 διὰ
716 2954 825 3023 τῆς
859 2957 946 3021 εὶς
984 2953 1213 3008 ἄτοπον
1254 2954 1595 3025 ἀπαγωγῆς.
1648 2953 1873 3026 Ὀμοού-

306 3065 422 3101 σιον
470 3047 609 3100 εἶναι
644 3046 971 3117 πιστεύομεν
1014 3046 1113 3117 τὴν
1150 3046 1310 3115 ἀγίαν
1349 3048 1441 3100 καὶ¹
1469 3045 1875 3117 προσκυνουμέ⁹

302 3155 401 3209 νην
424 3138 648 3211 Τριάδα,
674 3137 775 3191 κᾶν
799 3139 831 3207 ἡ
852 3137 961 3191 τῶν
982 3136 1271 3207 αἱρετικῶν
1296 3135 1460 3205 μανία
1489 3134 1564 3205 μὴ
1592 3135 1867 3205 βούληται’

302 3229 419 3283 ἀλλ’
451 3224 609 3298 οἶμαι
644 3230 939 3299 προσήκειν
981 3228 1073 3281 ἐπὶ
1102 3226 1210 3279 τῶν
1242 3226 1542 3295 όμοουσίων
1580 3225 1872 3296 παραδέχε-

303 3321 425 3374 σθαι
468 3322 563 3374 καὶ
613 3320 675 3372 τὸ
720 3319 969 3389 ἀλλήλοις
1001 3318 1139 3372 αύτά
1173 3317 1316 3371 κατά
1350 3317 1527 3370 πάντα
1556 3316 1871 3387 προσεοικέ-

300 3429 427 3476 ναι,
462 3410 606 3465 κατά
659 3427 723 3479 γε
772 3410 865 3463 τὸν
910 3409 1019 3463 τῶν
1068 3408 1313 3477 φυσικῶν
1362 3407 1662 3478 ἰδιωμάτων
1690 3406 1869 3475 λόγον.

304 3502 475 3574 Εἴπερ
522 3498 613 3557 οὖν
652 3502 792 3556 κατὰ
824 3503 923 3571 τήν
962 3518 1124 3555 τινων
1157 3499 1413 3553 ἀδουλίαν
1450 3499 1743 3569 ἐνυπάρχει
1794 3497 1872 3568 τῷ

302 3594 419 3666 Θεῴ
452 3594 543 3646 καὶ
587 3592 763 3663 Πατρὶ
804 3592 974 3660 Λόγος
1019 3608 1103 3653 τις
1148 3591 1333 3659 ἕτερος
1383 3590 1683 3651 ἐνδιάθετος
1721 3588 1873 3660 παρά

299 3685 391 3738 τὸν
420 3684 548 3737 Υἱδν
571 3724 586 3747 ,
621 3682 730 3747 ἕξει
781 3682 995 3745 πάντως
1029 3683 1121 3735 καὶ
1152 3683 1180 3734 6
1218 3682 1343 3744 Υἱὸς
1368 3681 1538 3749 Λόγον
1568 3678 1872 3733 ἐνδιάθετον

302 3778 361 3829 ἐν
386 3775 564 3846 ἐαυτῷ
588 3815 603 3840 ,
632 3775 707 3838 ὡς
741 3774 906 3827 εἰκὼν
939 3773 1102 3827 αὑτοῦ
1131 3814 1146 3837 ,
1181 3773 1274 3827 καὶ
1313 3770 1731 3843 ἀπαράλλακτος
1770 3770 1872 3841 τῆς

304 3868 653 3929 ὑποστάσεως
684 3864 971 3936 χαρακτὴρ
994 3906 1009 3929 ,
1053 3864 1233 3926 καθὼς
1284 3864 1591 3934 γέγραπται
1618 3878 1629 3890 ·
1661 3861 1771 3927 ἐξει
1814 3860 1871 3913 δὲ

299 3958 500 4029 δμοίως
530 3955 679 4027 αὑτῷ
706 3957 798 4009 καὶ
836 3955 897 4008 τὸ
922 3954 1146 4025 Πνεῦμα
1172 3953 1233 4008 τὸ
1259 3955 1431 4022 ἅγιον,
1456 3952 1597 4007 κατά
1624 3954 1723 4024 τὴν
1750 3954 1872 4023 ἴσην

298 4050 411 4104 τῶν
441 4049 726 4118 νοημάτων
757 4047 1065 4115 ἀναλογίαν.
1099 4046 1323 4114 Γέγονεν
1348 4040 1440 4099 οὖν
1477 4045 1608 4115 ἡμῖν
1639 4046 1672 4116 ἡ
1703 4044 1871 4115 Τριάς

302 4135 363 4188 ἐν
396 4134 567 4204 διπλῷ
593 4176 607 4200 ,
637 4135 733 4187 καὶ
787 4134 845 4186 ἐν
872 4133 1119 4187 συνθέσει
1170 4133 1353 4186 λοιπὸν
1402 4135 1435 4203 ἡ
1482 4132 1598 4186 θεία
1626 4133 1870 4203 φαίνεται

301 4225 481 4295 φύσις.
500 4225 658 4278 Ἀλλά
685 4225 841 4279 τοῦτο
866 4225 1083 4278 ἄτοπονο
1113 4225 1170 4277 ἐν
1190 4225 1246 4278 δέ
1268 4227 1386 4287 ταῖς
1423 4225 1618 4287 ἁπλαῖς
1635 4225 1867 4288 ούσίαις,

299 4315 453 4370 οὐδὲν
476 4316 664 4387 ἕτερόν
692 4317 809 4368 ἐστι
838 4316 898 4368 τὸ
924 4316 1054 4385 παρ’
1088 4316 1255 4378 αὑτάς
1275 4332 1289 4346 ·
1325 4316 1477 4368 οὐδὲν
1519 4315 1628 4386 ἀρα
1670 4316 1871 4369 διακω-

300 4407 453 4461 λύσει
497 4408 596 4477 τὴν
634 4407 796 4475 ἁγίαν
852 4407 947 4461 καὶ
992 4407 1275 4477 όμοούσιον
1332 4408 1537 4478 Τριάδα
1587 4409 1870 4479 προσεχῶς

300 4498 572 4568 συνῆφθαι
586 4536 602 4560 ,
634 4496 1057 4568 μεσολαϐοῦντος
1077 4497 1307 4560 οὐδενός.

370 4589 556 4642 ΑΔΛΟ
596 4586 1051 4655 διηγηματικῶς.
1082 4588 1208 4639 Ὅτε
1253 4586 1322 4640 τὰ
1353 4586 1591 4656 ὀνόματα
1635 4603 1870 4658 προτατ-

298 4679 537 4750 τομένων
573 4678 682 4733 τῶν
713 4676 931 4750 ἄρθρων
956 4680 989 4749 ὴ
1028 4677 1147 4747 θεία
1172 4677 1352 4747 τίθησι
1375 4678 1565 4749 Γραφὴ
1585 4718 1599 4738 ,
1623 4679 1742 4731 τότε
1777 4680 1872 4734 καὶ

298 4765 358 4817 ἓν
386 4781 439 4816 τι
467 4763 751 4834 σημαίνει,
779 4764 807 4817 ὃ
838 4765 998 4835 μόνον
1029 4765 1144 4817 ἐστὶ
1181 4766 1383 4835 κυρίως
1432 4767 1525 4818 καὶ
1578 4766 1868 4835 ἀληθινῶς,

297 4856 482 4908 ὁποῖον
512 4848 652 4907 εἷναι
684 4851 937 4920 λέγεται·
980 4851 1178 4924 ἄρθρον
1224 4853 1279 4905 δὲ
1318 4855 1376 4905 οὑ
1412 4854 1708 4922 προσθεῖσα
1738 4854 1758 4927 [
1784 4855 1869 4910 ἵσ.

299 4943 637 5016 προθεῖσα],
678 4943 1044 5015 γενικωτέραν
1078 4946 1310 4998 ποιεῖται
1354 4946 1494 4998 κατὰ
1547 4947 1746 5010 παντὸς
1777 4946 1867 4999 τοῦ

300 5035 705 5105 σημαινομένου
744 5036 841 5106 τὴν
866 5035 1095 5106 δήλωσιν
1118 5075 1132 5099 ,
1178 5030 1286 5088 οἷον
1324 5037 1464 5106 (ἥξει
1508 5038 1615 5108 γὰρ
1661 5040 1689 5091 6
1716 5040 1868 5107 λόγος

297 5129 392 5180 καὶ
415 5125 484 5179 δι’
507 5124 767 5196 ἐναργοῦς
794 5126 1140 5194 ἀποδείξεως)
1175 5127 1359 5179 πολλοὶ
1405 5129 1691 5182 καλοῦνται
1722 5130 1831 5182 θεοί
1851 5147 1865 5162 ο

1978 1957 2228 2012 voluntas
2265 1957 2586 2013 iutermedia
2612 2000 2627 2024 ,
2665 1966 2721 2013 et
2754 1958 2980 2013 verbum
3028 1959 3301 2012 internum
3334 1997 3349 2022 ,
3396 1958 3545 2028 quod

1974 2050 2139 2103 etiam
2172 2050 2274 2120 ipsi
2308 2050 2614 2105 voluntatis
2648 2050 2809 2106 istius
2852 2050 3125 2120 interpres
3153 2065 3276 2105 esse
3314 2049 3543 2114 dicunt,

1976 2152 2085 2191 non
2127 2136 2239 2206 jam
2286 2136 2452 2193 Pater
2482 2140 2671 2210 utique
2710 2139 3028 2194 censebitur
3057 2154 3180 2194 esse
3216 2140 3374 2194 Pater
3396 2181 3411 2206 ,
3448 2141 3543 2195 sed

1976 2244 2149 2299 neque
2167 2227 2338 2286 Filius
2366 2229 2572 2297 Filius,
2611 2230 2881 2300 siquidem
2915 2231 2969 2285 in
3013 2233 3251 2302 propriis
3284 2231 3544 2302 hyposta-

1976 2319 2124 2375 sibus
2171 2322 2440 2378 exsistere
2483 2322 2840 2379 censebimus
2871 2322 3051 2378 Patris
3080 2324 3456 2388 voluntatem,
3490 2332 3545 2377 et

1975 2412 2120 2482 quod
2148 2429 2266 2467 eam
2315 2415 2709 2485 interpretatur
2732 2415 2843 2485 39
2866 2416 3113 2470 verbum.
3148 2414 3243 2469 Sin
3277 2422 3454 2469 autem
3480 2429 3542 2470 ea

1975 2505 2198 2573 prepria
2255 2505 2539 2575 hypostasi
2590 2522 2779 2563 carere
2835 2506 3165 2569 fatebimur,
3233 2506 3545 2562 immediate

1974 2610 2126 2664 ergo,
2157 2605 2210 2650 et
2238 2599 2487 2665 proxime
2520 2610 2607 2653 est
2638 2599 2690 2653 in
2729 2598 2837 2654 Deo
2872 2615 2935 2652 ac
2973 2597 3134 2654 Patre
3160 2598 3364 2663 Filius;
3403 2613 3541 2668 quo-

1976 2697 2102 2737 nam
2136 2685 2300 2755 igitur
2325 2686 2545 2740 deruunt
2580 2689 2772 2743 evadet
2808 2690 3088 2743 internmn
3129 2690 3263 2744 illud
3291 2691 3542 2750 verbum.

1974 2781 2070 2826 aut
2096 2789 2257 2843 quem
2289 2776 2469 2830 locum
2502 2778 2756 2833 voluntas
2800 2778 3057 2834 habitura
3107 2788 3232 2845 est,
3284 2796 3406 2851 qua:
3438 2781 3544 2834 alia

1976 2874 2230 2918 censetur
2269 2881 2393 2921 esse
2428 2882 2458 2920 a
2489 2866 2673 2921 Filio?

2045 2951 2279 3019 ALIUD,
2318 2972 2409 3025 per
2452 2956 2806 3011 reductionem
2838 2959 2908 3011 ad
2938 2959 3245 3014 absurdum.
3294 2960 3545 3016 Consub-

1975 3046 2284 3101 stantialem
2328 3063 2452 3101 esse
2503 3049 2778 3104 credimus
2826 3060 3071 3105 sanctam
3121 3059 3175 3105 et
3212 3050 3543 3105 adorandam

1975 3129 2324 3198 Trinitatem,
2355 3135 2480 3188 licet
2521 3136 2907 3191 haereticorum
2945 3140 3097 3193 furor
3132 3139 3183 3193 id
3220 3155 3329 3195 non
3372 3142 3545 3210 patia-

1974 3231 2083 3277 tur.
2130 3223 2235 3278 Sed
2279 3222 2554 3280 fatendum
2597 3236 2699 3294 est,
2736 3230 2952 3299 Opinor,
2984 3246 3049 3285 ea
3081 3246 3202 3301 quae
3234 3241 3362 3287 sunt
3396 3233 3546 3302 ejus-

1972 3315 2093 3370 dem
2118 3316 2447 3372 substantiae
2472 3319 2614 3374 inter
2644 3336 2702 3375 se
2729 3321 2941 3377 ratione
2966 3324 3357 3393 praprietatum
3385 3334 3543 3378 natu-

1972 3408 2169 3462 ralium
2202 3409 2361 3479 plane
2394 3412 2709 3468 convenire.
2757 3412 2813 3468 Si
2845 3431 3011 3485 ergo,
3059 3425 3118 3469 ut
3170 3427 3371 3471 temere
3404 3434 3546 3471 non-

1973 3500 2109 3553 nulli
2155 3500 2392 3566 docent,
2429 3502 2572 3558 inest
2618 3504 2728 3559 Deo
2765 3521 2826 3560 ac
2859 3504 3008 3560 Patri
3056 3508 3279 3562 verbum
3323 3508 3542 3578 aliquod

1974 3590 2251 3644 internum
2287 3591 2567 3647 diversqu
2615 3610 2646 3648 a
2682 3594 2842 3659 Filio,
2890 3595 3114 3651 habebit
3150 3598 3338 3669 utique
3372 3599 3545 3655 Filius

1971 3681 2200 3735 verbum
2249 3682 2526 3737 internum
2560 3700 2779 3756 quoque
2821 3689 2874 3743 iu
2907 3691 3111 3759 seipse,
3140 3702 3331 3763 utpote
3364 3697 3545 3769 imago

1972 3773 2110 3841 ejus,
2163 3782 2217 3827 et
2255 3775 2451 3830 similis
2492 3794 2587 3846 per
2627 3780 2811 3834 omnia
2859 3783 3183 3839 substantia:
3232 3787 3539 3857 character,

1971 3864 2117 3916 sicut
2153 3864 2424 3935 scriptum
2455 3877 2541 3922 est
2572 3868 2637 3920 ".
2673 3866 2776 3923 Sed
2803 3879 2856 3923 et
2882 3871 3101 3927 habebit
3131 3879 3356 3945 perinde
3380 3890 3541 3951 atque

1973 3955 2088 4023 ipse
2119 3963 2346 4009 sanctus
2375 3972 2596 4028 quoque
2649 3958 2911 4029 Spiritus,
2960 3965 3146 4020 eadem
3192 3983 3420 4037 prorsus
3450 3987 3538 4025 ra-

1973 4046 2140 4101 tionis
2168 4049 2584 4104 consecutione.
2618 4049 2714 4104 Est
2744 4052 2912 4122 igitur
2936 4054 3047 4123 jam
3082 4056 3243 4112 nobis
3268 4061 3540 4131 duplicata

1973 4136 2251 4201 Trinitas,
2314 4149 2368 4194 et
2421 4142 2725 4208 composita
2787 4145 3005 4198 demum
3064 4160 3290 4217 apparet
3348 4164 3539 4208 natura

1972 4230 2179 4284 divina.
2225 4230 2331 4285 Sed
2361 4231 2462 4286 hoc
2499 4234 2821 4289 absurdum.
2867 4236 2923 4289 in
2965 4240 3303 4307 simplicibus
3339 4247 3541 4316 quippe

1973 4321 2304 4376 substantiis
2340 4323 2478 4375 nihil
2512 4333 2594 4377 est
2623 4336 2819 4393 prmter
2850 4328 3017 4396 ipsas.
3061 4330 3203 4385 Nihil
3244 4351 3374 4406 ergo
3416 4354 3541 4407 pro-

1974 4413 2179 4466 hibebit
2211 4415 2510 4482 quominus
2544 4428 2731 4471 sancta
2760 4427 2815 4473 et
2842 4423 3331 4481 consubstantialis
3359 4428 3541 4485 Trini-

1904 4523 1947 4577 ιι
1977 4514 2061 4557 tas
2088 4506 2336 4573 proxime
2359 4514 2416 4559 et
2444 4506 2755 4564 immediate
2786 4510 2949 4565 simul
2983 4514 3270 4583 conjuncta
3305 4523 3395 4575 sit.

2047 4587 2297 4655 ALIUD,
2361 4593 2714 4661 explanatius.
2780 4598 2913 4652 Cum
2976 4603 3295 4660 nemiuibus
3351 4610 3539 4666 divina

1978 4675 2257 4747 Scriptura
2286 4682 2552 4750 przeponit
2577 4684 2865 4749 articulos,
2908 4696 3039 4743 tunc
3079 4707 3244 4746 unum
3279 4699 3539 4765 quiddam

1975 4768 2269 4836 significat,
2306 4771 2447 4839 quod
2482 4774 2655 4826 solum
2702 4777 2919 4845 proprie
2967 4794 3031 4832 ac
3064 4796 3188 4837 vere
3221 4794 3324 4851 est,
3359 4790 3542 4856 cujus-

1973 4860 2120 4913 modi
2149 4876 2270 4916 esse
2293 4862 2516 4917 dicitur.
2564 4864 2701 4919 Cum
2734 4878 2915 4924 autem
2949 4873 3243 4928 articulum
3276 4895 3381 4933 non
3412 4898 3542 4951 prae.

1972 4952 2157 5020 ponit,
2205 4955 2519 5021 generalius
2570 4956 2789 5025 quidvis
2836 4960 3087 5032 designat
3125 4983 3139 5019 :
3173 4969 3318 5021 verbi
3365 4974 3543 5040 gratia

1974 5042 2064 5110 (id
2116 5042 2259 5095 enim
2309 5046 2644 5112 prOpositum
2689 5066 2904 5119 quoque
2959 5054 3114 5107 nobis
3153 5066 3232 5110 est
3274 5060 3417 5115 clare
3449 5062 3542 5117 de-

1976 5134 2342 5203 monstrare),
2377 5136 2637 5192 dicuntur
2667 5141 2849 5193 πολλοὶ
2883 5142 3013 5196 θεοί.
3043 5144 3147 5199 Sed
3174 5152 3391 5217 quando
3417 5170 3540 5209 cum

297 5216 413 5268 ἀλλ’
441 5216 571 5267 ὅταν
599 5216 737 5286 μετά
758 5215 850 5269 τοῦ
877 5214 1079 5287 ἄρθρου
1108 5216 1333 5286 λέγηται
1358 5222 1389 5271 ό
1408 5221 1571 5285 Θεός,
1588 5221 1677 5272 τὸν
1712 5222 1869 5290 μόνον

1975 5225 2201 5278 articulo
2257 5226 2463 5281 dicitur
2521 5231 2549 5282 6
2601 5231 2770 5296 Θεός,
2834 5236 2986 5288 solus
3041 5214 3201 5302 esse,
3229 5251 3282 5295 et
3324 5249 3541 5314 proprie

298 5307 426 5360 ὅντα
477 5306 573 5359 καὶ
631 5306 837 5377 κυρίοις
888 5308 1178 5377 σημαίνει·
1227 5310 1592 5379 ἁπλούστερον
1647 5311 1741 5374 δέ,
1780 5312 1872 5365 καὶ

1975 5314 2306 5385 signiﬁcatur
2342 5338 2353 5373 :
2389 5327 2443 5372 at
2473 5336 2596 5374 cum
2639 5324 2980 5392 simplicius,
3028 5337 3080 5379 et
3124 5329 3245 5385 sine
3281 5306 3538 5401 articulo,

296 5398 501 5469 ἄρθρου
535 5400 736 5470 χωρὶς.
767 5400 863 5451 ἕνα
890 5401 1048 5469 τυχὸν
1087 5401 1194 5453 τῶν
1231 5404 1310 5464 εἰς
1348 5404 1505 5455 τοῦτο
1539 5403 1679 5456 κατά
1714 5404 1870 5474 χάριν

1975 5405 2094 5469 θεὸς
2152 5408 2410 5473 ,ύίεἰιιιτ,
2467 5426 2633 5465 unum
2686 5413 2825 5468 forte
2874 5414 3143 5485 signiﬁcat
3205 5439 3269 5478 ex
3333 5427 3399 5482 iis
3448 5398 3540 5499 qui

298 5486 669 5556 κεκλημένων.
700 5489 809 5540 Καὶ
829 5487 989 5541 πάλιν
1014 5489 1333 5556 Ἄνθρωποι
1361 5491 1583 5544 πολλοί
1601 5510 1610 5519 ·
1646 5491 1760 5545 ἀλλ’
1786 5493 1872 5545 ὅτε

1975 5511 2064 5565 per
2094 5498 2324 5567 gratiam
2363 5502 2538 5554 vocati
2572 5509 2701 5555 sunt
2739 5502 2834 5556 dii.
2875 5503 3020 5560 Idem
3065 5514 3400 5569 censendum
3431 5486 3537 5584 est,

300 5577 439 5645 μετά
465 5575 559 5628 τοῦ
589 5576 793 5647 ἄρθρου
820 5580 982 5649 φησιν
1000 5580 1028 5632 ό
1048 5578 1254 5651 Σωτὴρ,
1281 5579 1334 5633 '0
1366 5580 1493 5647 Υἱὸς
1518 5582 1623 5638 τοῦ
1644 5584 1865 5650 ἀνθρώ·

368 5773 414 5804 ⁸⁸
446 5771 611 5828 Hebr.
640 5789 677 5841 I,
712 5775 767 5831 5.

1974 5602 2127 5653 cum,
2176 5590 2407 5660 exempli
2461 5591 2657 5661 gratia,
2718 5592 2992 5664 ἄνθρωποι
3038 5602 3220 5657 πολλοὶ
3281 5606 3535 5666 dicimus.
