4168 6546
651 419 714 475 71
1680 392 1738 446 S.
1773 384 2057 445 CVRILLI
2080 376 2559 440 ALEXANDBINI
2592 375 2915 435 ARCHIEP.

652 551 763 610 Sed
793 562 918 604 cum
958 543 1213 599 Salvator
1240 534 1529 610 przcmisse
1586 528 1820 585 articulo
1862 524 2019 592 dicit,
2047 525 2075 577 6
2099 521 2229 585 Υἱὸς

651 644 748 699 τοῦ
795 637 1104 710 ἀνθρώπου,
1134 632 1285 688 velut
1324 629 1555 685 electum
1595 638 1664 678 ex
1705 618 1949 674 millibus
1989 615 2229 685 seipsum

656 734 954 804 signiﬁcat.
995 727 1131 782 Cum
1177 721 1404 778 nomina
1442 718 1585 771 hanc
1614 720 1801 767 notam
1838 708 1896 762 in
1944 706 2230 775 Scriptura

656 793 838 877 di‘vma
873 817 1133 878 habeant,
1172 827 1279 883 quo
1334 815 1495 879 pacto
1546 803 1765 859 demum
1810 793 2229 865 intelligendum

658 922 745 971 est
775 911 933 975 illud,
969 928 987 960 ι
1023 906 1082 961 ln
1118 902 1390 977 principio
1439 904 1559 953 erat
1604 890 1885 948 Verbum?
1926 908 1946 939 γ»
1983 886 2039 941 Si
2086 885 2233 940 enim

662 1007 1030 1078 quodcunque
1066 1000 1157 1053 Dei
1210 993 1451 1049 Verbum
1489 987 1831 1060 signiﬁcatur
1865 983 1918 1036 in
1964 978 2235 1052 principio

661 1099 949 1157 exsistere,
983 1089 1217 1145 doceant
1250 1084 1378 1152 ipsi,
1413 1086 1467 1134 et
1513 1094 1614 1132 nos
1650 1088 1925 1144 nugamur
1963 1089 1975 1123 :
2020 1071 2103 1123 sin
2136 1082 2235 1120 au-

661 1200 770 1244 tem
806 1184 1089 1258 praemisso
1137 1175 1370 1231 articulo
1416 1168 1747 1240 evangelista
1805 1176 1968 1217 unum
2003 1168 2056 1214 et
2099 1174 2228 1229 pro-

662 1279 781 1349 prie
807 1274 1078 1331 exsistens
1107 1265 1398 1337 signiﬁcat,
1420 1276 1541 1315 cum
1576 1260 1773 1314 clamat
1800 1272 1813 1307 :
1843 1273 1859 1306 ι
1883 1254 1941 1307 ln
1971 1247 2235 1321 principio

662 1341 784 1427 erat
834 1366 1112 1423 Verbum,
1163 1361 1191 1413 6
1247 1357 1445 1425 Λόγος,
1492 1351 1621 1423 quid
1650 1351 1849 1403 frustra
1882 1341 2239 1405 contendunt,

664 1462 775 1534 40
821 1457 968 1513 aliud
1024 1452 1384 1510 inducentes,
1446 1443 1622 1500 solum
1678 1447 1735 1493 ut
1801 1437 1869 1491 de
1930 1432 2241 1491 substantia

667 1525 848 1606 Pa'tris
896 1545 1095 1602 Filium
1131 1535 1434 1610 dejiciant?
1482 1535 1552 1587 At
1596 1532 1790 1585 borum
1842 1525 2243 1580 absurditatem

664 1645 1027 1700 observantes
1058 1631 1441 1688 haereticorum
1480 1623 1847 1680 temeritatem
1876 1615 2131 1673 aversari
2159 1614 2247 1669 dc-

665 1736 819 1790 benL

733 1839 978 1902 ALIUD,
1022 1834 1298 1891 ostendens
1346 1828 1550 1882 Filium
1601 1824 1668 1879 ad
1716 1822 1979 1875 internum
2022 1814 2243 1871 Verbum

667 1955 773 1994 non
798 1932 1046 2006 formari,
1072 1938 1128 1983 ut
1160 1927 1242 1979 illi
1280 1925 1465 1978 aiunt:
1499 1918 1589 1973 sed
1620 1914 1905 1984 imaginem
1938 1926 2051 1963 esse
2076 1906 2241 1974 ipsius

669 2001 878 2085 Patris.
924 2025 982 2081 Si
1029 2019 1352 2092 unigenitus
1389 2013 1483 2068 Dei
1533 2010 1705 2065 Filius
1754 2006 1961 2061 idcirco
2004 2001 2246 2056 Verbum

669 2131 758 2176 est
789 2134 855 2173 ac
893 2122 1144 2176 vocatur,
1182 2119 1240 2164 ut
1283 2106 1361 2160 illi
1409 2104 1637 2164 volunt,
1671 2095 1931 2168 quoniam
1972 2094 2247 2146 internum

671 2211 853 2267 Patris
895 2206 1136 2263 Verbum
1187 2198 1497 2268 suscipiens
1542 2192 1610 2245 ad
1663 2188 1797 2243 illud
1848 2179 2250 2257 quodammodo

673 2306 963 2362 formatur,
1004 2294 1197 2367 quidni
1247 2291 1431 2346 dicere
1472 2285 1683 2339 videtur
1740 2278 1860 2335 suis
1908 2272 2245 2343 discipulis:

675 2393 789 2463 Ego
818 2401 872 2446 et
902 2386 1144 2444 Verbum
1171 2381 1355 2435 Patris
1388 2391 1558 2431 unum
1588 2385 1782 2428 sumus
1808 2386 1821 2422 :
1849 2366 1951 2432 Qui
1981 2363 2118 2417 vidit
2142 2375 2248 2425 me,

673 2483 813 2538 vidit
860 2480 1097 2535 Verbum
1144 2470 1371 2528 Patris?
1418 2467 1553 2522 Cum
1611 2472 1794 2517 autem
1830 2465 2252 2530 praetergressus

675 2572 865 2631 omnia
919 2570 1162 2639 seipsum
1214 2564 1366 2619 solus
1415 2559 1517 2615 soli
1576 2554 1725 2609 Patri
1778 2549 2069 2611 assimilet,
2105 2544 2254 2598 nullo

675 2668 843 2739 igitur
882 2659 1210 2719 intermedio
1242 2657 1347 2727 ipsi
1380 2649 1653 2724 genitori,
1688 2654 1743 2701 et
1784 2659 1894 2698 non
1923 2641 2014 2695 alii
2036 2635 2255 2693 cuidam

675 2762 746 2817 ab
776 2760 896 2831 ipso
928 2754 1127 2813 similis
1154 2750 1331 2805 Filius
1368 2760 1492 2801 esse
1523 2737 1862 2796 censebitur.

965 3009 1205 3081 Objectio
1236 3019 1301 3060 ex
1330 3001 1487 3055 dictis
1518 2993 1969 3051 adversariorum.

751 3110 933 3164 Alium
964 3118 1089 3159 esse
1120 3096 1514 3167 comperimus,
1547 3082 1826 3156 inquiunt,
1857 3079 2056 3135 Filium
2087 3075 2155 3128 ab
2182 3073 2266 3127 iu-

685 3212 847 3258 terno
877 3196 971 3251 Dei
1004 3191 1192 3254 verbo,
1224 3202 1333 3241 non
1368 3189 1559 3237 nostro
1597 3191 1762 3232 sensu
1794 3187 1858 3227 eo
1893 3166 2137 3229 adducti,
2166 3179 2224 3218 se

685 3295 884 3348 divina:
907 3285 1204 3353 Scriptura:
1233 3269 1719 3332 observationibus
1747 3282 1761 3317 :
1790 3260 1924 3333 quid
1948 3256 2095 3313 enim
2119 3254 2265 3309 dice-

686 3398 809 3440 mus
839 3396 963 3436 cum
1000 3373 1199 3429 Filium
1244 3367 1313 3422 ad
1354 3364 1573 3419 Patrem
1614 3358 1885 3413 dicentem
1934 3349 2265 3403 audiemus:

690 3494 711 3528 ι
746 3472 1002 3529 Clarilica
1044 3462 1243 3518 Filium
1293 3468 1487 3516 tuum;
1538 3470 1556 3503 ι
1592 3448 1809 3502 Patrem
1860 3455 1991 3497 vero
2037 3450 2270 3505 respon-

687 3567 930 3621 dentem.
960 3573 1024 3612 ac
1067 3555 1386 3608 dicentem:
1423 3565 1441 3596 ι
1480 3544 1546 3598 Ει
1572 3534 1910 3596 clariﬁcavi.
1966 3538 2021 3585 et
2068 3529 2267 3581 iterum

689 3618 1004 3719 clariﬁcabo
1036 3650 1137 3701 ⁸⁷.»
1174 3647 1254 3699 Au
1287 3657 1395 3695 non
1446 3638 1605 3708 plane
1640 3629 1934 3685 fatebimur
1963 3622 2178 3676 Patrem
2216 3618 2269 3670 in

690 3707 1231 3814 v-crbdrespoudere
1270 3732 1410 3788 Filio
1426 3707 1454 3783 id
1476 3723 1764 3794 Quomodo
1806 3732 1936 3786 ergo
1985 3727 2093 3768 non
2126 3707 2270 3764 aliud

688 3802 842 3902 θεῖε
870 3802 1036 3901 Filio,
1068 3832 1123 3888 id
1158 3845 1256 3901 per
1286 3823 1433 3896 quod
1460 3820 1622 3875 Pater
1651 3814 1788 3868 Filio
1822 3802 2154 3878 respondet?

953 4011 1128 4066 Varia:
1158 4003 1447 4061 solutiones
1480 3996 1636 4051 istius
1668 3985 1997 4059 objectionis.

766 4103 1176 4165 Admiratione,
1240 4097 1351 4148 imo
1393 4082 1875 4144 commiseratione
1929 4073 2079 4144 digni
2147 4077 2277 4125 sunt

695 4201 851 4274 impii
901 4190 1168 4255 haeretici,
1214 4185 1461 4253 illudque
1502 4173 1878 4249 prepbeticum
1912 4168 1967 4220 in
1996 4165 2143 4234 ipsos
2185 4176 2277 4215 ca—

1747 4263 1758 4274 ·
1870 4268 1881 4274 -
1950 4256 2126 4274 ιη..-
2157 4251 2204 4274 ιιι
2252 4269 2266 4274 _

694 4251 814 4352 ditr:
846 4309 867 4344 ι
896 4287 1076 4343 Nolite
1096 4251 1227 4335 [lere
1255 4251 1554 4331 mor—tuum,
1583 4281 1681 4320 nec
1709 4263 1921 4333 plorato
1950 4256 2130 4325 ipsum
2157 4251 2225 4304 ⁸⁸.
2251 4269 2270 4301 ι

696 4386 849 4442 Flete
882 4392 933 4437 et
961 4380 1175 4449 plorato
1208 4382 1333 4424 eum
1360 4364 1451 4435 qui
1497 4360 1625 4415 talia
1650 4358 1717 4410 de
1766 4348 2063 4419 Unigeuito
2112 4342 2279 4398 sentit

698 4494 765 4533 ac
800 4473 955 4531 dicit.
988 4464 1130 4534 Quid
1161 4462 1308 4518 enim
1350 4464 1432 4512 est
1478 4453 1564 4508 bis
1594 4443 1991 4504 miserabilius,
2040 4437 2083 4491 si
2135 4436 2277 4488 hanc

699 4582 826 4624 esse
884 4558 1106 4634 proprie
1160 4560 1215 4607 et
1273 4563 1403 4604 vere
1459 4542 1639 4598 Patris
1691 4549 1883 4590 vocem
1936 4546 1999 4585 es

700 4672 868 4731 quam
920 4668 1030 4708 non
1091 4647 1269 4703 solum
1324 4638 1601 4701 Salvator,
1635 4630 1731 4687 sed
1777 4637 1832 4683 et
1880 4625 2000 4694 ipsa
2037 4620 2278 4674 cireum-

1490 4729 1497 4731 μ
1587 4725 1599 4731 -
1750 4720 1762 4731 .
1928 4709 2246 4731 η,,ῌ,μη,ᾼ

702 4709 963 4808 stantium
1005 4741 1314 4797 Iudaeorum
1342 4725 1662 4788 multitudo,
1697 4720 1943 4787 adeoque
1975 4709 2278 4780 discipulo-

702 4857 825 4899 rum
886 4837 1092 4891 chorus
1121 4826 1338 4883 audiit?
1400 4821 1692 4875 Praestaret
1756 4808 1901 4862 enim
1951 4816 2046 4857 eos
2113 4798 2273 4851 aliter

701 4936 771 4991 de
801 4928 1004 4988 divinis
1066 4912 1442 4995 praerogativis
1505 4897 1866 4962 ratiocinari,
1920 4902 2099 4960 neque
2168 4900 2270 4938 no-

701 5026 834 5085 stris
865 5037 929 5078 ea
971 5015 1246 5085 subjicere
1286 5004 1539 5076 legibus,
1581 5009 1703 5065 quae
1763 5001 1927 5054 supra
1976 4994 2077 5035 nos
2130 4983 2279 5031 sunt.

702 5114 964 5189 Corporis
992 5108 1134 5166 enim
1167 5102 1416 5158 auditum
1454 5100 1719 5159 corporea
1749 5095 1852 5135 vox
1881 5074 1986 5147 41
2020 5070 2200 5141 pulsat
2228 5074 2283 5121 et

1631 5179 1642 5189 -
1789 5184 1922 5189 πμ--.
2020 5170 2109 5189 η...
2176 5159 2282 5189 ..ιιη

704 5302 941 5376 quodam
998 5294 1370 5350 instrumento
1393 5286 1632 5376 “adluis.
1663 5286 1742 5376 my:

707 5344 970 5449 liintatem
1015 5397 1137 5455 quae
1175 5381 1231 5435 in
1283 5369 1518 5427 vocibus
1568 5351 1935 5413 iueffabilibus
1990 5344 2187 5398 leniter
2220 5356 2284 5397 ac

704 5482 854 5537 velut
883 5480 937 5533 in
973 5436 1155 5529 mente
1187 5472 1475 5521 versatur,
1525 5448 1678 5506 solus
1704 5441 1857 5498 novit
1888 5438 1943 5491 in
1977 5436 2094 5506 ipso
2124 5442 2282 5487 natu-

708 5575 896 5631 raliter
934 5566 1213 5625 exsistens
1253 5554 1457 5612 Filius,
1519 5547 1705 5611 utpote
1755 5531 2021 5603 sapientia
2067 5526 2190 5595 ejus
2213 5524 2281 5579 ”.

712 5665 857 5723 Voce
888 5673 1018 5717 vero
1040 5658 1158 5711 ictu
1186 5646 1331 5704 aeris
1357 5635 1697 5697 conformata
1719 5622 1947 5681 credere
1981 5618 2149 5673 Deum
2183 5616 2281 5679 uti,

817 5867 860 5898 ⁸⁷
891 5860 1051 5917 Joau.
1092 5868 1190 5911 ιιι.
1222 5850 1311 5906 28.

2275 1871 2316 1924 B
2344 1852 2540 1920 Λόγον

3830 364 3913 427 τί

2257 522 2305 579 Α
2330 512 2470 561 που,
2496 496 2570 559 ὡς
2599 491 3043 563 ὲκλελοχισμένον
3071 487 3179 543 ἀπὸ
3216 487 3489 558 μυριάδων
3517 483 3708 539 ἑαυτὸν
3734 503 3916 541 κατα-

2335 587 2611 659 σημαίνει.
2640 586 2840 639 Τοῦτον
2876 584 3111 653 ἐχόντων
3138 581 3249 634 τῶν
3293 578 3572 650 ὀνομάτων
3603 579 3694 631 τὸν
3737 577 3918 633 τύπον

2334 678 2486 750 παρὰ
2522 680 2587 747 τῇ
2614 677 2736 747 θείᾳ
2762 675 2951 746 Γραφῇ
2977 715 2993 740 ,
3026 672 3143 735 πῶς
3164 672 3272 743 ἄρα
3304 670 3571 741 προσήκει
3598 668 3783 738 νοῆσαι
3822 667 3917 732 τὸ,

2341 787 2360 820 ι
2400 770 2488 822 Ἐν
2520 770 2663 839 ἀρχῇ
2684 762 2754 837 ἦν
2780 767 2807 819 6
2832 765 3004 833 Λόγος
3028 780 3042 827 ;
3067 781 3088 813 ι
3122 763 3189 816 Εἰ
3221 761 3319 832 μὲν
3349 759 3459 830 γὰρ
3486 759 3593 820 πᾶς
3619 756 3778 824 λόγος
3812 756 3917 809 τοῦ

2335 860 2469 915 Θεοῦ
2496 860 2585 913 διὰ
2630 858 2821 912 τούτου
2853 855 3211 925 σημαίνεται,
3244 851 3319 914 ὼς
3360 850 3623 920 ὑπάρχων
3656 849 3715 901 ιν
3740 849 3917 919 ἀρχῇ,

2335 950 2699 1005 δεικνύτωσαν
2727 947 2902 1010 αὐτοὶ,
2937 947 3032 999 καῖ
3066 944 3341 1015 ληροῦμεν
3361 944 3525 1014 ἡμεῖς
3546 956 3561 970 ·
3604 942 3651 994 εῖ
3684 940 3742 995 δὲ
3774 952 3920 1009 προ-

2335 1043 2505 1109 τάξας
2531 1041 2593 1093 τὸ
2618 1039 2820 1110 ἄρθρον
2850 1040 2879 1091 6
2906 1035 3322 1106 εὐαγγελιστὴς,
3354 1034 3431 1094 ὡς
3466 1031 3560 1085 ενα
3588 1032 3682 1085 καὶ
3708 1030 3922 1100 κυρίως

2336 1134 2466 1188 ὄντα
2517 1131 2810 1203 σημαίνει,
2860 1128 2998 1200 βοῶν
3040 1149 3059 1181 ι
3098 1126 3184 1181 Ἐν
3218 1129 3358 1199 ἀρχῇ
3401 1120 3469 1196 ἦν
3514 1127 3543 1178 6
3575 1124 3781 1191 Λόγοςο
3810 1141 3829 1171 ι
3864 1120 3922 1172 τί

2343 1225 2520 1297 μάτην
2544 1221 2943 1293 φιλονεικοῦσιν
2985 1219 3171 1289 ἓτερον
3201 1217 3618 1288 ὲπεισφέροντες
3640 1255 3656 1279 ,
3698 1214 3786 1269 ἱνα
3816 1211 3925 1282 μό-

2341 1334 2430 1369 νον
2476 1316 2807 1385 ὲκπέμπωσι
2852 1316 2952 1383 τῆς
2981 1308 3169 1373 οὐσίας
3213 1308 3308 1361 τοῦ
3357 1307 3572 1376 Πατρός
3617 1305 3712 1358 τὸν
3738 1303 3921 1365 Υἱόν;

2355 1407 2701 1470 Ἐννοοῦντας
2740 1406 2797 1458 δὲ
2834 1405 2897 1457 τὸ
2939 1405 3032 1457 ἐπὶ
3059 1401 3270 1464 τούτοις
3298 1401 3497 1454 ἄτοπον
3533 1393 3926 1468 παραιτεῖσθαι

2346 1502 2613 1574 προσήκει
2642 1499 2741 1570 τὴν
2773 1499 2881 1551 τῶν
2913 1493 3362 1567 ὲτεροδοξούνιων
3392 1490 3669 1545 ἀδουλίαν.

2417 1760 2620 1823 ΔΛΛΟ,
2647 1757 2924 1811 δεικνύον
2942 1754 3143 1824 ὅτιπερ
3170 1755 3242 1808 οὐ
3274 1750 3424 1807 κατὰ
3448 1750 3555 1803 τὸν
3578 1747 3931 1803 ἐνδιάθετον

2544 1891 2559 1914 ,
2586 1849 2671 1913 ὡς
2700 1847 2919 1900 ἐκεῖνοί
2956 1862 3139 1914 φασι,
3165 1840 3493 1913 μορφοῦται
3519 1842 3551 1893 ό
3587 1838 3750 1903 Υιὸς,
3782 1836 3930 1892 ἀλλ’

2349 1941 2524 1997 εἰκών
2550 1942 2721 1994 ἐστιν
2757 1938 2944 1993 αὑτοῦ
2976 1937 3084 1990 τοῦ
3114 1935 3365 2002 Πατρός.
3405 1933 3467 1985 El
3505 1929 3593 1983 διὰ
3620 1928 3781 1983 τοῦτο
3820 1927 3931 1982 A6-

2349 2052 2444 2104 γος
2466 2033 2581 2086 ἐστί
2623 2049 2683 2084 τε
2732 2030 2827 2084 καὶ
2855 2028 3186 2098 ὀνομάζεται
3227 2026 3347 2079 κατ’
3372 2022 3614 2087 ἐκείνους
3638 2024 3667 2075 ὁ
3702 2036 3931 2092 μονογε-

2351 2128 2448 2196 vi};
2476 2126 2603 2188 Υἱὸς
2622 2124 2715 2177 τοῦ
2746 2121 2902 2186 Θεοῦ,
2933 2123 3017 2175 ὅτι
3040 2120 3104 2190 δὴ
3137 2119 3228 2172 τὸν
3257 2116 3561 2171 ἐνδιάθετον
3590 2114 3686 2168 τοῦ
3713 2114 3933 2184 [ἰατρὸς

2351 2216 2639 2286 δεχόμενος
2668 2213 2861 2281 Λόγον,
2888 2211 3051 2264 οἱονεὶ
3082 2207 3383 2280 μορφοῦται
3417 2205 3554 2277 πρὸς
3592 2206 3798 2259 ἐκεῖνον
3819 2240 3838 2266 ,
3882 2201 3936 2255 τί

2357 2308 2431 2379 μὴ
2482 2306 2657 2375 λέγων
2694 2307 2887 2377 ὁρᾶται
2918 2302 3057 2373 πρὸς
3089 2302 3215 2364 τοὺς
3242 2298 3437 2352 ἑαυτοῦ
3468 2297 3738 2368 μαθητάς·
3788 2294 3937 2364 Ἐγὼ

2356 2399 2450 2452 καὶ
2477 2400 2506 2451 6
2548 2397 2720 2465 Λόγος
2751 2395 2845 2449 τοῦ
2882 2392 3093 2464 [ἰατρὸς
3114 2393 3172 2445 ἓν
3202 2392 3369 2461 ἔσμεν
3388 2429 3404 2454 ,
3454 2392 3483 2443 6
3514 2387 3775 2459 ἑωρακὼς
3810 2387 3934 2458 ἐμὲ,

2356 2490 2569 2561 ἑώρακε
2618 2489 2709 2541 τὸν
2742 2487 2914 2555 Λόγον
2963 2485 3054 2537 τοῦ
3090 2483 3340 2554 Πατρός;
3385 2480 3603 2551 Ἐπειδὴ
3648 2480 3705 2533 δὲ
3757 2480 3940 2533 πάντα

2359 2580 2603 2652 ὑπερϐὰς
2629 2579 2819 2632 ἑαυτὸν
2841 2576 3081 2646 ἐξομοιοῖ
3117 2576 3261 2644 μόνῳ
3292 2574 3450 2644 μόνος
3488 2571 3566 2642 τῷ
3604 2572 3813 2642 Πατρὶ,
3849 2572 3941 2624 οὑ-

2358 2674 2506 2735 δενὸς
2537 2673 2644 2741 ἄρα
2684 2670 2849 2739 μέσου
2882 2667 3183 2738 χωροῦντος
3216 2665 3315 2736 τὴν
3347 2664 3607 2735 ὁμοίωσιν
3627 2704 3644 2729 ,
3681 2662 3833 2733 αὑτῷ
3863 2662 3941 2733 τῷ

2358 2765 2667 2833 γεννήτορι,
2692 2760 2787 2813 καὶ
2816 2759 2913 2827 οὐχ
2935 2758 3107 2828 ἑτέρῳ
3132 2755 3237 2809 τινὶ
3263 2756 3391 2825 παρ’
3418 2753 3580 2807 αὑτὸν
3603 2751 3943 2824 προσεοικὼς

2359 2859 2390 2911 6
2424 2856 2552 2919 Υἱὸς
2576 2853 2921 2924 νοηθήσεται.

2586 2944 2939 3008 Ἄντίθεσις,
2978 2941 3061 3005 ὡς
3084 2941 3153 2994 ἐκ
3181 2940 3299 2993 τῶν
3315 2940 3390 2993 δι’
3424 2939 3724 3005 ἐναντίας.

2438 3041 2663 3110 Ἕτερον
2697 3036 2844 3098 ὄντα,
2874 3034 3032 3104 φησὶ,
3069 3033 3158 3086 τὸν
3194 3033 3319 3085 Υίὸν
3345 3032 3495 3103 παρὰ
3520 3032 3612 3085 τὸν
3634 3030 3944 3083 ἐνδιάθετον

2229 3163 2263 3216 d
2297 3205 2331 3216 ⁸
2364 3134 2459 3187 τοῦ
2488 3132 2623 3185 Θεοῦ
2649 3130 2820 3197 Λόγον
2843 3128 3192 3198 εὑρίσκομεν,
3225 3126 3285 3179 οὐ
3316 3125 3437 3189 ταῖς
3465 3123 3673 3177 ἑαυτῶν
3710 3122 3945 3182 ἐννοίαις

2290 3205 2334 3261 C
2366 3229 2443 3289 εἰς
2469 3223 2627 3277 τοῦτο
2654 3220 3038 3291 προσέχοντες,
3067 3216 3204 3271 ἀλλά
3230 3219 3342 3279 τοῖς
3368 3215 3475 3269 ἀπὸ
3498 3215 3597 3283 τῆς
3625 3213 3771 3276 θείας
3796 3212 3947 3281 Γρα-

2368 3318 2476 3387 φῆς
2508 3315 2866 3384 θεωρήμασι’
2920 3309 2973 3361 τί
3022 3308 3130 3378 γὰρ
3179 3306 3412 3379 ἐροῦμεν
3456 3307 3587 3360 ὅταν
3618 3303 3948 3372 ἀκούσωμεν

2365 3408 2614 3475 λέγοντος
2643 3406 2736 3459 τοῦ
2777 3404 2907 3460 Υίοῦ
2952 3402 3087 3471 πρὸς
3113 3399 3203 3454 τὸν
3230 3399 3465 3468 Πατέρα·
3528 3414 3548 3449 ι
3582 3394 3815 3461 Δόξασόν
3856 3408 3949 3446 σου

2367 3498 2458 3550 τὸν
2488 3498 2616 3551 Υἱόν
2642 3515 2655 3529 ·
2688 3515 2708 3547 ι
2740 3496 2835 3549 τοῦ
2857 3496 2915 3548 δὲ
2942 3492 3153 3563 Πατρὸς
3181 3486 3248 3544 αὖ
3290 3488 3451 3542 πάλιν
3484 3482 3945 3555 ἀποκρινομένου,

2369 3590 2465 3642 καῖ¹
2512 3589 2763 3657 λέγοντος
2786 3601 2802 3618 ·
2848 3587 2988 3640 (Καὶ
3020 3584 3248 3648 ἐδόξασα
3272 3620 3285 3642 ,
3320 3578 3415 3632 καὶ.
3448 3575 3609 3630 πάλιν
3637 3573 3851 3637 δοξάσω
3877 3590 3892 3639 ;
3924 3592 3942 3623 ι

2369 3679 2515 3752 τΛρα
2548 3682 2670 3751 οὐχὶ
2721 3681 2939 3742 πάντως
2983 3680 3039 3730 ὲν
3068 3677 3227 3744 Λόγῳ
3269 3672 3512 3740 δώσομεν
3561 3665 3951 3733 ἀπολογεῖσθαι

2371 3776 2448 3846 τῷ
2479 3776 2592 3846 Υἱῴ
2627 3774 2718 3829 τὸν
2746 3774 2964 3844 Πατέρα
2989 3788 3002 3835 ;
3048 3768 3172 3832 Ilio;
3199 3763 3289 3821 οὖν
3320 3762 3416 3834 οὐχ
3458 3762 3645 3832 ἕτερος
3674 3759 3829 3830 παρά
3859 3757 3950 3812 τὸν

2378 3870 2505 3921 Υἱὺν
2540 3870 2568 3920 6
2597 3868 2662 3919 δι’
2693 3860 2754 3917 οὗ
2786 3865 2922 3935 πρὸς
2950 3863 3111 3915 αὐτὸν
3147 3863 3174 3913 6
3211 3858 3399 3928 Πατὴρ
3431 3852 3855 3922 ἀντιφθέγγεται
3887 3868 3904 3915 ;

2574 3959 2730 4026 Πρὸς
2754 3956 2930 4010 τοῦτο
2958 3955 3168 4017 λύσεις
3196 3946 3418 4019 ἐφεξῆς
3443 3945 3734 4013 διάφοροι.

2457 4049 2892 4119 ’Λποθαυμάζειν
2927 4047 3074 4112 ἄξιον
3096 4084 3111 4107 ,
3161 4041 3357 4113 μᾶλλον
3386 4039 3442 4091 δὲ
3486 4038 3588 4107 ἤδη
3635 4036 3731 4089 καὶ
3756 4031 3952 4102 ὀλοφύο

2382 4142 2570 4216 ρεσθαι
2602 4142 2727 4204 τοὺς
2765 4138 3015 4199 ἀνοσίους
3053 4132 3362 4205 αἱρετικοῦς
3386 4169 3400 4194 ,
3445 4128 3538 4182 καὶ
3569 4129 3632 4196 δὴ
3685 4126 3697 4197 ι
3726 4126 3801 4179 al.
3835 4120 3952 4195 δεῖ]

2377 4238 2598 4290 κάκεῖνο
2627 4232 2806 4300 λέγειν
2847 4227 2934 4281 ἐπ’
2975 4228 3154 4288 αὐτοῖς
3198 4224 3257 4277 τὺ
3295 4226 3351 4276 ὲν
3388 4220 3642 4290 προφήτῃ
3685 4216 3956 4286 λαλούμε-

2379 4343 2505 4379 νον’
2561 4324 2696 4393 (Μὴ
2744 4321 2957 4373 κλαίετε
3010 4318 3101 4369 τὸν
3150 4312 3486 4383 τεθνηκότα,
3530 4310 3665 4381 μηδὲ
3706 4306 3954 4379 θρηνεῖτε

2380 4417 2560 4472 αὐτόν.
2604 4431 2623 4466 ι
2687 4412 2974 4466 κλαύσατε
3024 4404 3284 4475 κλαυθμῷ
3319 4402 3411 4455 τὸν
3451 4401 3520 4453 τὰ
3561 4400 3785 4453 τοιαῦτα
3831 4398 3958 4468 περὶ

2006 4528 2272 4587 ίειῑηιοιιι,
2308 4538 2352 4592 D
2380 4510 2471 4563 τοῦ
2511 4503 2847 4573 Μονογενοῦς
2911 4500 3211 4573 φρονοῦντα
3272 4496 3368 4550 καὶ
3421 4494 3650 4562 λέγοντα
3678 4509 3693 4523 ο
3741 4492 3795 4545 τί
3851 4492 3959 4559 γάρ

2384 4601 2451 4655 ἂν
2480 4600 2689 4670 γένοιτο
2729 4596 2837 4649 τῶν
2878 4591 3129 4646 τοιούτων
3166 4586 3513 4652 ἀθλιώτερον,
3563 4582 3617 4635 εί
3645 4599 3709 4651 γε
3752 4582 3959 4652 κυρίως

2382 4712 2443 4747 τε
2472 4695 2567 4747 καὶ
2601 4688 2813 4759 ἀληθῶς
2839 4685 3040 4753 ταύτην
3069 4678 3204 4734 εἶναι
3232 4679 3326 4733 τοῦ
3372 4677 3583 4747 Πατρδς
3609 4675 3959 4727 ὑπετόπασαν

2382 4785 2479 4855 τὴν
2514 4781 2695 4852 φωνὴν
2720 4820 2734 4843 ,
2768 4773 2835 4849 ἧς
2868 4776 2927 4828 οὐ
2983 4774 3139 4845 μόνος
3170 4772 3476 4841 ἐπήκουσεν
3508 4769 3536 4819 6
3560 4765 3754 4835 Σωτὴρ
3775 4803 3790 4827 ,
3824 4760 3961 4814 ἀλλά

2384 4876 2480 4929 καὶ
2511 4872 2647 4942 αὑτὴ
2671 4870 2778 4923 τῶν
2821 4866 3083 4921 Ἰουδαίων
3115 4865 3147 4934 ἡ
3178 4858 3519 4933 περιεστῶτα
3547 4856 3781 4927 πληθὺς,
3822 4853 3962 4925 μάλ·

2389 4968 2480 5019 λον
2524 4964 2580 5016 δὲ
2632 4962 2739 5014 τῶν
2789 4959 2957 5027 ἁγίων
3021 4952 3277 5026 μαθητῶν
3334 4952 3362 5003 6
3407 4946 3600 5020 χορόςς
3655 4944 3804 4999 Ἔδει
3854 4942 3963 5012 γάρ

2393 5055 2596 5127 μᾶλλον
2625 5050 2819 5113 αὐτοὺς
2841 5048 2909 5102 τὰ
2939 5042 3217 5115 θεοπρεπῆ
3248 5036 3610 5109 φαντάζεσθαι
3643 5033 3943 5100 πλεονεκτή

2396 5124 2562 5221 ματα,
2596 5146 2691 5199 καὶ
2731 5143 2804 5213 μὴ
2830 5142 2941 5203 τοῖς
2970 5136 3089 5191 καθ’
3113 5135 3264 5205 ἡμᾶς
3290 5131 3476 5200 νόμοις
3503 5125 3735 5194 ὑπάγειν
3768 5124 3964 5195 πειρᾶ-

2257 5280 2281 5291 -
2394 5215 2517 5294 σθαι
2562 5237 2632 5291 τά
2665 5236 2803 5306 ὑπὲρ
2848 5233 3016 5303 ἡμᾶς.
3048 5228 3159 5298 Τὴν
3215 5223 3314 5295 μὲν
3343 5221 3452 5291 γὰρ
3491 5217 3746 5288 σώματος
3796 5215 3965 5283 ἀκοὴν

2395 5328 2680 5401 σωματικὴ
2741 5322 3111 5396 προσαράσσει
3150 5314 3336 5384 φωνὴ,
3385 5311 3479 5365 καὶ
3533 5309 3742 5371 κτύπος
3800 5308 3829 5360 6
3880 5306 3967 5358 διὰ

2393 5394 2613 5496 χειλέων
2655 5394 2733 5481 εἰς
2774 5394 2911 5485 ἀέρα
2947 5408 3271 5482 προκύψας,
3317 5406 3349 5475 ἢ
3407 5403 3495 5457 διά
3538 5417 3682 5463 τινος
3721 5394 3967 5469 μηχανῆς

2392 5490 2588 5588 ἐτέρας
2611 5508 2936 5579 ὲπινοηθείς.
2962 5504 3073 5575 Τὴν
3096 5502 3153 5557 δὲ
3176 5503 3233 5555 ὲν
3254 5499 3512 5570 ἀρρήτοις
3535 5494 3737 5564 φωναῖς
3759 5490 3965 5561 ἡρέμα,

2392 5610 2489 5665 καὶ
2525 5604 2685 5661 οἱονεὶ
2738 5602 2879 5657 κατὰ
2942 5595 3066 5651 νοῦν
3128 5588 3503 5665 στρεφομένην
3564 5583 3822 5658 βούλησιν
3874 5575 3966 5633 τοῦ

1418 5843 1466 5878 ⁸⁸
1494 5839 1603 5897 Jcr.
1636 5848 1769 5901 χιιι,
1806 5827 1918 5900 l0.'_
1950 5823 2036 5899 9°}
2061 5822 2188 5880 Cor.
2221 5835 2258 5887 ι,
2290 5816 2379 5871 2i.
