4168 6528
220 400 287 453 73
1299 389 1363 446 IN
1395 387 1675 447 senatus
1714 387 2163 445 EVANGELIUM
2200 389 2326 445 LIB.
2357 389 2401 444 ι.
2649 373 2655 379 ’
3408 394 3475 450 ιη

216 513 463 585 Πατρδς,
502 510 663 583 μόνος
705 502 845 562 οἶδεν
898 509 955 560 ἐν
985 506 1136 576 αὐτῴ
1169 504 1415 574 φυσικῶς
1471 503 1731 574 ὑπάρχων
1764 502 1792 555 6

1909 474 2192 557 absurdum
2234 502 2392 572 plane
2428 510 2543 567 est,
2593 502 2865 575 siquidem
2914 510 3172 574 putamus
3206 519 3477 578 suprema:

216 601 343 666 Υἰὸς
367 598 443 665 ῶς
474 600 638 670 σοφία
675 598 862 653 αὑτοῦ.
886 599 1041 667 Φωνῇ
1073 595 1129 649 δὲ
1154 598 1219 666 τῇ
1247 594 1334 650 διὰ
1359 593 1565 647 κτύπου
1597 592 1796 665 κεχρῆ-

217 695 341 748 σθαι
394 693 485 747 τὸν
534 692 663 746 Θεὸν
715 688 1150 760 ὑπολαμϐάνειν,
1178 684 1457 751 παντελῶς
1507 686 1792 747 ἀπίθανον,

214 774 371 859 εἴπερ
404 786 628 856 οἰόμεθα
668 784 777 837 δεῖν
802 780 1106 845 ἀποσώζειν
1148 782 1215 850 τῇ
1245 778 1384 849 ὑπὲρ
1416 778 1592 832 πάντα
1635 775 1794 846 φύσει

212 877 280 931 τά
315 877 458 947 ὑπὲρ
493 876 591 947 τὴν
623 876 819 929 κτίσιν.
862 873 1073 935 Ἀλλως
1102 890 1162 924 τε
1204 871 1295 925 καὶ
1332 868 1496 933 αὐτὸς
1534 870 1561 922 6
1592 867 1796 934 Κύριος

213 969 371 1039 ἡμῶν
419 967 626 1039 Ἰησοῦς
654 970 682 1020 6
710 965 944 1037 Χριστὸς
976 966 1078 1018 οὐκ
1107 963 1211 1033 ἔφη
1243 963 1413 1034 αὐτὴν
1444 964 1626 1032 φωνὴν
1658 956 1796 1013 εἶναι

210 1061 305 1115 τοῦ
352 1058 488 1115 Θεοῦ
558 1060 652 1114 καὶ
707 1058 955 1129 Πατρὸς,
998 1057 1113 1111 ἀλλ’
1145 1056 1265 1109 οὐδὲ
1304 1055 1405 1125 τῆς
1449 1055 1581 1125 παρ’
1609 1051 1795 1123 ἐτέρου

211 1152 467 1223 δεόμενον
508 1150 806 1223 ἑρμηνείας
864 1149 1000 1220 πρὸς
1053 1148 1115 1201 τὸ
1160 1146 1423 1201 δύνασθαι
1472 1144 1663 1215 μαθεῖν
1698 1143 1797 1214 τὴν

210 1244 307 1299 τοῦ
345 1244 558 1316 Πατρδς
595 1241 851 1314 βούλησιν
876 1240 1068 1295 ἑαυτὸν
1100 1237 1433 1293 ἐπιδεικνύει
1463 1237 1658 1306 λέγων’
1691 1236 1794 1289 «οὑ

211 1336 279 1388 δι’
317 1335 417 1407 ἐμὲ
461 1336 493 1406 ἡ
530 1333 682 1404 φωνὴ
714 1332 851 1403 αὕτη
875 1331 1090 1401 γέγονε,
1120 1328 1257 1384 ἀλλά
1280 1329 1345 1382 δι’
1377 1327 1523 1398 ὑμᾶς
1549 1341 1563 1355 '
1602 1345 1619 1377 ι
1660 1325 1798 1395 χρῆν

213 1427 271 1481 δέ
291 1443 378 1496 γε,
412 1421 457 1481 ὦ
488 1425 780 1497 βέλτιστοι,
816 1423 1016 1495 μᾶλλον
1072 1423 1244 1476 εἰπεῖν
1265 1460 1279 1482 ,
1330 1420 1382 1472 εἴ
1426 1434 1487 1486 γε
1510 1415 1693 1480 καλῶς
1730 1415 1797 1469 τὰ

214 1515 441 1570 τοιαῦτα
468 1515 595 1586 περί
627 1513 763 1568 Θεοῦ
796 1511 1048 1579 δοξάζετε
1069 1531 1082 1544 ·
1127 1532 1144 1564 ι
1182 1509 1481 1564 Ἠκούσατε
1516 1509 1631 1578 μετ’
1660 1505 1796 1575 ἐμοῦ

214 1607 315 1679 τῆς
344 1608 525 1679 φωνῆς
548 1606 641 1662 τοῦ
676 1607 890 1678 Πατρός
914 1621 927 1635 ·
953 1624 972 1659 ι
1005 1604 1123 1659 νυνί
1146 1604 1202 1657 δὲ
1232 1604 1310 1664 εἰς
1344 1603 1451 1655 πᾶν
1490 1600 1799 1653 τούναντίον

215 1698 549 1771 περιτρέψας
579 1699 639 1753 τὸ
666 1698 998 1770 δηλούμενον
1022 1737 1035 1761 ,
1072 1694 1195 1748 οὔτε
1245 1695 1430 1764 φωνῆς
1473 1691 1665 1744 ἑαυτὸν
1706 1690 1797 1743 6s-

213 1788 436 1861 δεῆσθαι
470 1789 899 1862 προσομολογεῖ,
930 1785 1257 1857 γεγενῆσθαι
1290 1784 1347 1838 δὲ
1404 1783 1603 1854 μᾶλλον
1637 1781 1798 1835 αὐτὸν

216 1879 338 1953 [ῖσ.
372 1880 577 1956 αὐτὴν]
608 1882 676 1935 δι’
731 1882 974 1944 ἐκείνους
1006 1878 1431 1950 διισχυρίζεται,
1478 1875 1577 1928 ούκ
1629 1876 1797 1927 ἐκπε-

217 1973 500 2043 φωνῆσθαι
529 1974 680 2046 παρὰ
726 1973 821 2027 τοῦ
864 1971 1079 2043 Πατρὸς
1099 2012 1115 2037 ,
1142 1968 1277 2024 ἀλλά
1314 1967 1567 2037 γενέσθαι
1606 1969 1701 2020 καὶ
1731 1966 1799 2019 δι’

216 2065 477 2129 ἐκείνους.
512 2066 622 2120 Καὶ
658 2068 705 2119 εἰ
738 2065 913 2118 πάντα
944 2064 1011 2117 δι’
1039 2062 1203 2117 αὑτοῦ
1232 2063 1260 2115 6
1285 2061 1417 2126 Θεὸς
1463 2061 1557 2114 καὶ
1604 2061 1797 2132 Πατὴρ

1886 590 2142 645 “omnium
2186 599 2395 645 natura:
2433 606 2498 646 ea
2528 592 2795 647 servanda
2834 606 2959 648 esse
2993 607 3114 662 quae
3149 604 3279 650 sunt
3311 611 3477 666 supra

1897 692 2230 738 creaturam.
2267 683 2528 753 Alioquin
2579 682 2696 753 ipse
2728 698 2947 754 quoque
2990 682 3256 741 Dominus
3290 694 3480 743 noster

1894 774 2054 830 Jesus
2081 773 2335 829 Christus
2379 789 2487 829 non
2518 773 2656 829 dixit
2690 774 2866 845 ipsam
2899 788 3087 831 vocem
3119 790 3243 832 esse
3286 776 3382 832 Dei
3412 791 3479 832 ac

1896 864 2100 928 Patris,
2134 867 2228 920 sed
2262 881 2438 935 neque
2462 866 2688 921 alterius
2720 866 3169 938 interpretatione
3199 868 3304 925 sibi
3336 884 3478 940 opus

1895 973 2018 1013 esse
2064 957 2131 1011 ad
2184 955 2589 1028 percipiendam
2625 955 2809 1014 Patris
2846 960 3177 1018 voluntatem
3212 962 3478 1027 ostendit,

1897 1049 2083 1104 dicens
2113 1067 2125 1102 :
2166 1067 2183 1099 ι
2219 1047 2335 1103 Νοιι
2369 1058 2590 1120 propter
2621 1066 2707 1107 me
2732 1050 2848 1106 haec
2879 1067 2983 1107 vox
3021 1052 3190 1119 venit,
3224 1053 3321 1110 sed
3351 1067 3479 1124 pro-

1898 1149 2019 1211 pter
2049 1156 2150 1198 vos
2172 1142 2238 1197 ".
2267 1162 2284 1195 ι
2309 1141 2498 1198 Dicere
2532 1143 2735 1215 quippe
2764 1142 2986 1200 deberet
3011 1144 3226 1214 potius,
3265 1161 3299 1200 o
3323 1145 3477 1206 boni.

1898 1232 1944 1288 si
1974 1242 2122 1288 recta
2154 1242 2236 1288 est
2270 1233 2360 1288 illa
2388 1242 2572 1290 vestra
2607 1235 2673 1291 de
2694 1233 2805 1291 Deo
2835 1236 3149 1291 sententia:
3177 1251 3199 1288 ι
3228 1235 3479 1291 Audistis

1899 1339 2109 1379 mecum
2158 1340 2348 1381 vocem
2386 1324 2599 1392 Patris;
2641 1346 2659 1378 ι
2715 1342 2861 1382 nunc
2907 1337 3087 1383 autem
3140 1328 3477 1383 contrarium

1898 1416 2060 1486 plane
2083 1415 2423 1487 significans,
2454 1433 2630 1488 neque
2662 1418 2765 1474 sibi
2794 1434 2933 1489 opus
2964 1419 3134 1476 fuisse
3158 1434 3292 1475 voce
3310 1426 3483 1475 testa-

1899 1518 2025 1577 tur,
2061 1510 2158 1565 sed
2185 1525 2303 1565 eam
2335 1511 2517 1580 potius
2560 1521 2780 1584 propter
2810 1513 2933 1571 illos
2970 1513 3169 1569 factam
3201 1528 3324 1570 esse
3345 1528 3480 1568 con-

1901 1602 2079 1657 firmat
2102 1646 2117 1670 ,
2174 1620 2285 1659 non
2314 1605 2581 1676 prolatam
2636 1607 2805 1661 fuisse
2840 1621 2871 1661 a
2902 1606 3093 1674 Patre,
3151 1605 3248 1662 sed
3282 1604 3483 1660 factam

1898 1710 2021 1751 esse
2051 1695 2216 1749 etiam
2253 1706 2478 1767 propter
2510 1698 2651 1753 illos.
2709 1697 2865 1764 Quod
2888 1698 2933 1753 si
2957 1698 3143 1753 omnia
3174 1712 3272 1769 per
3301 1697 3484 1767 ipsum

1898 1796 2158 1856 operatur
2178 1786 2322 1842 Deus
2360 1803 2423 1842 ac
2447 1787 2610 1843 Pater
2630 1789 2698 1856 ",
2736 1804 2834 1860 per
2861 1789 3041 1860 ipsum
3076 1790 3287 1860 utique,
3320 1788 3485 1844 etiam

1902 1877 2051 1933 istud
2084 1876 2289 1932 factum
2324 1887 2446 1945 est,
2481 1881 2592 1935 imo
2621 1894 2754 1934 vero
2783 1881 2900 1951 i'pse
2929 1895 3030 1935 vox
3061 1888 3212 1946 erat,
3237 1892 3346 1935 non
3379 1878 3485 1933 sibi

1902 1970 2169 2041 genitoris
2203 1971 2536 2026 voluntatem
2567 1970 2818 2042 aperiens
2854 1972 3054 2043 (norat
3087 1972 3233 2028 enim
3261 1985 3371 2042 qua
3398 1968 3489 2024 ιη.

1902 2061 2057 2133 lius),
2083 2063 2177 2118 sed
2206 2062 2680 2117 circumstantium
2711 2064 2940 2120 auribus
2962 2105 2978 2129 ,
3014 2072 3072 2118 ut
3104 2064 3412 2119 crederent.

214 2157 529 2229 ἐργάζεται,
552 2158 619 2211 δι’
650 2157 814 2211 αὐτοῦ
844 2156 908 2226 δὴ
940 2155 1160 2219 πάντως
1192 2152 1486 2220 καὶτοῦτο,
1518 2152 1714 2224 μᾶλλον
1735 2152 1793 2206 δὲ
1833 2154 1998 2218 αὐτὸς
2028 2150 2097 2225 ἦν
2135 2156 2167 2225 ἡ
2216 2154 2366 2227 φωνὴ
2393 2196 2406 2220 ,
2474 2156 2573 2227 οὐχ
2615 2155 2794 2228 ἑαυτῷ
2835 2155 2933 2228 τὴν
2969 2156 3063 2210 τοῦ
3128 2157 3488 2229 γεννήσαντος

212 2249 533 2322 ἑρμηνεύων
562 2249 830 2305 διάθεσιν·
875 2248 991 2320 ᾔδει
1041 2248 1149 2320 γάρ
1194 2246 1270 2311 ὼς
1309 2246 1437 2311 Υἱός
1463 2265 1478 2275 ·
1507 2244 1646 2299 ἀλλά
1677 2248 1797 2318 ταῖς
1836 2244 1944 2299 τῶν
1971 2245 2353 2317 περιεστώτων
2384 2248 2606 2313 ἀκοαῖς,
2640 2249 2727 2302 ἵνα
2778 2248 3164 2304 πιστεύσωσιν.

284 2345 489 2397 ΑΔΛΟ.
540 2344 603 2398 Εἰ
641 2343 813 2410 Λόγου
855 2342 1005 2406 τινὸς
1057 2339 1303 2411 ἐμφύτου
1337 2337 1618 2411 δεδεῆσθαί
1669 2355 1800 2407 φασι

214 2434 306 2487 τὸν
333 2434 459 2487 Υξὸν
486 2476 500 2500 ,
534 2434 623 2487 ἵνα
670 2432 992 2504 διδάσκηται
1022 2432 1151 2503 παρ’
1204 2430 1369 2485 αὐτοῦ
1407 2431 1505 2501 τὴν
1545 2428 1801 2501 βούλησιν

214 2525 309 2579 τοῦ
332 2524 466 2579 Θεοῦ
500 2526 592 2579 καὶ
626 2525 837 2595 Πατρός
858 2540 874 2557 ο
908 2527 1000 2577 ποῖ
1030 2540 1161 2577 ποτε
1212 2524 1319 2595 ἄρα
1350 2524 1591 2595 χωρήσει
1629 2524 1801 2593 λέγων

213 2621 243 2671 6
269 2618 499 2681 Παῦλος,
540 2637 558 2670 ι
588 2616 825 2688 Χριστὸς
856 2615 992 2669 Θεοῦ
1015 2616 1268 2687 δύναμις,
1299 2616 1393 2669 καὶ
1409 2614 1543 2668 Θεοῦ
1582 2615 1797 2683 σοφίας»

218 2710 342 2773 Πῶς
374 2710 484 2779 γάρ
525 2710 642 2761 ἐστι
678 2708 840 2777 σοφία
872 2707 966 2761 τοῦ
1008 2706 1221 2777 Πατρὸς
1270 2707 1298 2759 6
1328 2706 1452 2770 Υἰδς
1477 2748 1491 2774 ,
1531 2708 1578 2759 εἰ
1618 2706 1805 2774 σοφίας

219 2803 480 2872 ὑπάρχων
517 2800 759 2871 ἐπιδεὴς,
798 2800 860 2851 τὸ
882 2798 1087 2852 τέλειον
1117 2799 1246 2869 παρ’
1278 2796 1466 2869 ἐτέρου
1499 2795 1805 2866 κομίζεται,

218 2893 306 2946 διὰ
350 2892 444 2945 τοῦ
473 2891 767 2961 μανθάνειν
790 2931 803 2954 ,
842 2890 985 2961 ἅπερ
1037 2890 1138 2943 οὐκ
1182 2885 1289 2943 οἶδε
1318 2888 1552 2960 δηλαδής
1591 2889 1660 2941 ’Ἡ
1693 2888 1807 2952 πῶς

220 2985 321 3038 οὐκ
372 2984 587 3054 ἀνάγκη
612 2983 827 3051 λέγειν,
861 2982 963 3035 ούκ
1003 2976 1141 3035 εἶναι
1171 2980 1382 3034 τελείαν
1424 2981 1483 3033 ἐν
1526 2979 1603 3051 τῷ
1633 2979 1809 3050 Πατρὶ

217 3078 319 3147 τὴν
355 3076 546 3144 σοφίαν
574 3075 772 3142 αὐτοῦ;
807 3074 916 3129 Καὶ
957 3076 1004 3127 εί
1039 3074 1201 3144 σοφία
1237 3073 1330 3126 τοῦ
1361 3074 1575 3144 Πατρός
1601 3074 1748 3127 ἐστιν
1776 3075 1804 3127 6

220 3166 379 3231 Υἱὸς,
406 3164 522 3229 πῶς
552 3166 619 3219 ἂν
654 3166 819 3235 ἑτέρα
851 3168 1023 3219 νοοῖτο
1070 3164 1200 3235 παρ’
1232 3164 1393 3218 αὑτὸν
1431 3165 1465 3234 ἡ
1504 3163 1756 3235 βούλησις
1786 3179 1801 3228 ;

1976 2336 2207 2393 ALIUD.
2252 2338 2307 2393 Si
2341 2337 2520 2395 Verbo
2553 2339 2790 2410 quodam
2824 2341 2988 2396 insito
3017 2340 3262 2413 indigere
3287 2341 3487 2398 Filium

1907 2440 2200 2497 asserunt,
2250 2438 2309 2485 ut
2338 2432 2406 2486 ah
2437 2432 2558 2502 ipso
2589 2432 2920 2487 voluntatem
2959 2432 3053 2488 Dei
3093 2448 3157 2487 ac
3184 2432 3364 2491 Patris
3387 2434 3489 2491 d0-

1907 2534 2132 2591 ceatur,
2199 2540 2437 2595 quonam
2486 2510 2707 2580 domum
2757 2524 2952 2580 evadet
2998 2524 3203 2580 Paulus
3254 2527 3487 2590 dicens,

1914 2634 1931 2667 ι
1954 2615 2232 2671 Christum
2258 2632 2380 2671 esse
2401 2614 2494 2671 Dei
2527 2617 2782 2671 virtutem
2807 2626 2861 2670 et
2882 2615 2971 2670 Dei
3001 2617 3328 2686 sapientiam
3353 2619 3399 2650 ”
3415 2618 3441 2672 ?
3464 2638 3482 2670 ι

1909 2707 2195 2773 Quomodo
2234 2709 2379 2761 enim
2406 2716 2489 2763 est
2530 2707 2799 2776 sapientia
2844 2706 3027 2761 Patris
3065 2706 3271 2767 Filius.
3326 2707 3370 2761 si
3404 2722 3492 2760 sa-

1912 2798 2127 2867 pientiae
2161 2814 2357 2868 expers
2382 2797 2768 2867 perfectionem
2796 2798 2999 2869 accipit
3040 2799 3109 2852 ab
3143 2798 3250 2853 alio
3273 2839 3286 2863 ,
3316 2815 3378 2854 ea
3407 2799 3492 2854 di-

1910 2880 2145 2955 scendo,
2172 2892 2462 2956 nimirum,
2516 2908 2637 2962 quae
2686 2906 2791 2946 non
2839 2889 3033 2945 novit?
3081 2899 3175 2947 aut
3218 2893 3493 2962 quomodo

1913 2986 2229 3042 necessario
2249 2984 2541 3041 dicendum
2569 3000 2677 3039 non
2700 2994 2805 3049 est,
2830 2984 3152 3053 sapientiam
3177 2982 3354 3040 Patris
3384 2999 3493 3039 non

1911 3091 2032 3130 esse
2063 3075 2116 3129 in
2144 3073 2305 3130 Patre
2325 3074 2621 3144 perfectam
2639 3075 2660 3127 ?
2678 3071 2797 3128 Iam
2830 3073 2875 3129 si
2902 3074 3085 3129 Patris
3122 3075 3390 3145 sapientia
3409 3083 3495 3130 est

1911 3164 2112 3232 Filius,
2163 3167 2438 3237 quomodo
2471 3167 2576 3219 alia
2606 3165 2923 3221 censebitur
2955 3166 3208 3222 voluntas
3239 3166 3307 3221 ab
3335 3168 3496 3237 ipso?

217 3258 337 3329 ῶρα
376 3257 486 3328 γὰρ
508 3256 688 3325 λέγειν
713 3258 787 3328 μὴ
812 3259 869 3311 ἐν
905 3256 1068 3328 σοφίᾳ
1104 3255 1375 3309 τελεῖσθαι
1407 3255 1508 3325 τὴν
1548 3254 1802 3327 βούλησιν

1912 3257 2169 3329 Sequitur
2210 3258 2359 3313 enim
2390 3258 2684 3313 dicendum
2735 3271 2845 3312 non
2897 3256 2954 3312 in
2994 3259 3261 3329 sapientia
3304 3258 3495 3330 perfici

217 3348 312 3402 τοῦ
354 3346 489 3402 Θεοῦ
519 3348 615 3401 καὶ
649 3347 883 3415 Πατρός.
923 3346 1083 3401 Ἀλλά
1125 3346 1293 3419 πολλή
1336 3347 1423 3411 τίς
1465 3349 1612 3400 ἐστιν
1663 3348 1696 3417 ἡ
1745 3348 1802 3401 ὲν

219 3439 430 3504 τούτοις
458 3439 704 3504 ἀσέϐεια,
743 3440 837 3494 καὶ
867 3438 1207 3509 πανταχόθεν
1235 3441 1263 3492 6
1310 3438 1470 3507 λόγος
1510 3436 1572 3490 τὸ
1597 3436 1804 3508 δύσφη-

222 3550 324 3603 μον
352 3534 485 3603 ἔχει.
512 3533 627 3586 Οὐκ
668 3531 777 3599 ἄρα
818 3532 920 3601 τῆς
953 3534 1084 3602 παρ’
1110 3531 1300 3603 ἐτέρου
1344 3529 1643 3602 μαθητείας
1674 3529 1802 3600 μέτ-

218 3643 344 3697 οχος
375 3624 451 3678 ὢν
476 3627 504 3679 6
537 3625 665 3689 Υἰός
692 3623 800 3679 οἶδε
828 3626 898 3678 τὰ
932 3626 989 3678 ὲν
1020 3623 1099 3695 τῷ
1131 3623 1246 3694 ἰδίῳ
1267 3623 1443 3692 Πατρί⁷
1466 3662 1478 3685 ,
1510 3622 1623 3675 ἀλλ’
1644 3621 1806 3685 αὐτὸς

226 3715 301 3769 ῶν
340 3718 368 3769 6
398 3716 569 3784 Λόγος
589 3758 603 3781 ,
646 3717 740 3769 καὶ
766 3715 800 3786 ὴ
829 3714 1014 3784 σοφία,
1054 3712 1149 3767 καὶ
1188 3714 1220 3784 ὴ
1253 3712 1525 3783 βούλησις,
1569 3732 1586 3763 ι
1618 3711 1805 3765 Πάντα

227 3810 445 3880 ἐρευνᾷ,
472 3809 563 3862 καὶ
598 3808 667 3861 τά
684 3808 821 3878 βάθη
847 3806 941 3859 τοῦ
970 3805 1128 3871 Θεοῦ,
1154 3824 1171 3857 ι
1203 3804 1344 3859 καθά
1362 3804 1672 3875 γέγραπταί
1702 3820 1803 3857 που

222 3903 318 3957 καὶ
346 3900 590 3973 περὶτοῦ
622 3899 958 3970 Πνεύματος.

294 3993 498 4047 ΑΛΛΟ.
545 3992 634 4054 Ὠς
668 3991 888 4055 εἰκόνα,
940 3990 1034 4044 καὶ
1079 3990 1404 4060 χαρακτῆρα
1454 3986 1549 4041 τοῦ
1592 3985 1806 4055 Πατρὸς

223 4084 644 4156 ἀπαράλλακτον
696 4082 1041 4153 εἰσφέρουσιν
1080 4082 1210 4151 ἡμῖν
1262 4081 1354 4134 τὸν
1406 4080 1530 4132 Υἱὸν
1579 4079 1635 4131 αἱ
1667 4076 1805 4130 θεῖαι

229 4173 442 4245 Γραφαί
470 4191 483 4203 ·
519 4172 611 4226 καὶ
661 4170 824 4234 αὐτὸς
876 4170 933 4223 δέ
974 4169 1079 4224 πού
1138 4188 1305 4239 φησιν
1357 4171 1385 4223 6
1428 4169 1651 4239 Σωτήρ·
1696 4187 1715 4218 ι
1750 4166 1808 4221 Ὀ

229 4264 493 4337 ἑωρακὼς
542 4264 674 4334 ἐμὲ,
727 4263 940 4334 ἑώρακε
991 4263 1083 4316 τὸν
1133 4262 1372 4334 Πατέρα.
1401 4280 1418 4312 ι
1468 4260 1605 4313 Ἀλλ’
1651 4261 1809 4331 εἴπερ

223 4358 365 4428 ἔχων
394 4356 567 4419 οὕτως
596 4355 913 4426 ὁμοιότητος
937 4355 1070 4426 πρὸς
1095 4354 1258 4408 αὑτὸν
1296 4355 1395 4407 οὐκ
1417 4348 1557 4407 οἶδεν
1592 4353 1652 4418 ἐξ
1684 4355 1809 4408 ἑαυ-

225 4446 318 4500 τοῦ
366 4446 435 4500 τὰ
478 4448 537 4498 ἐν
579 4442 728 4514 αὐτῷ
748 4487 761 4510 ,
815 4444 985 4498 δεῖται
1017 4443 1074 4497 δὲ
1103 4442 1291 4512 ὥσπερ
1319 4441 1427 4494 τῶν
1462 4443 1591 4514 παρ’
1622 4442 1808 4512 ἑτέρου

225 4540 583 4611 διηγημάτων
610 4539 690 4604 εἰς
714 4538 774 4592 τὸ
806 4537 997 4605 μαθεῖν
1020 4551 1034 4565 ⁸
1064 4534 1182 4607 ὥρα
1210 4536 1304 4589 καί¹
1329 4534 1492 4588 αὑτὸν
1522 4536 1582 4587 ὲν
1603 4535 1811 4597 τούτοις

1912 3352 2251 3407 voluntatem
2284 3350 2384 3405 Dei
2412 3366 2477 3406 ac
2500 3350 2673 3406 Patris
2708 3368 2721 3405 :
2757 3366 2879 3420 qua:
2922 3366 3173 3422 magnam
3210 3362 3358 3407 certe
3390 3352 3497 3408 im-

1912 3442 2171 3513 pietatem
2219 3446 2367 3497 omni
2404 3458 2472 3498 ex
2510 3451 2661 3512 parte
2694 3443 3003 3507 continent,
3037 3452 3201 3513 atque
3241 3444 3496 3515 blasphe—

1913 3535 2101 3589 miam.
2156 3533 2274 3589 Non
2315 3550 2446 3605 ergo
2489 3536 2556 3589 ab
2588 3536 2694 3590 alio
2733 3535 2962 3591 edoctus
3013 3533 3191 3590 Patris
3244 3536 3496 3590 volunta-

1915 3635 2023 3683 tem
2046 3627 2198 3682 novit
2232 3624 2402 3683 Filius
2422 3666 2437 3693 ,
2469 3627 2565 3683 sed
2590 3628 2706 3699 ipse
2732 3643 2855 3683 cum
2889 3628 2961 3682 sit
2984 3626 3246 3690 Verbum,
3278 3628 3497 3699 sapien-

1914 3718 1988 3772 tia
2012 3726 2068 3773 et
2083 3719 2357 3785 voluntas,
2389 3738 2407 3770 ι
2429 3719 2612 3773 omnia
2639 3726 3020 3789 perscrutatur
3036 3722 3199 3773 etiam
3223 3718 3495 3790 profunda
3599 3746 3604 3752 -

1917 3809 2065 3876 Dei,»
2090 3810 2252 3866 sicuti
2278 3810 2546 3881 scriptum
2573 3818 2656 3866 est
2681 3812 2880 3866 alicubi
2897 3812 2959 3845 ⁸³⁹
2986 3811 3152 3866 etiam
3179 3810 3248 3866 de
3265 3809 3493 3882 Spiritu.

1987 3988 2219 4045 ALIUD.
2261 3988 2545 4059 Tanquam
2582 3989 2875 4060 imaginem
2905 3998 2961 4047 et
2990 3991 3365 4048 characterem
3396 3990 3499 4047 Pa-

1914 4082 2016 4137 tris
2049 4096 2143 4150 per
2182 4082 2367 4136 omnia
2420 4081 2654 4136 similem
2708 4081 2907 4137 divinae
2952 4082 3250 4154 Scriptura:
3297 4082 3494 4138 Filiqu

1917 4175 2075 4231 nobis
2109 4173 2398 4229 inducunt.
2428 4171 2493 4228 Et
2515 4173 2631 4243 ipse
2656 4173 2854 4228 alicubi
2876 4172 3161 4229 Salvator:
3193 4193 3211 4225 ι
3235 4173 3339 4240 Qui
3360 4174 3498 4229 vidit

1918 4282 2026 4332 me,
2050 4265 2187 4321 vidit
2211 4273 2267 4320 et
2292 4264 2507 4320 Patrem
2528 4263 2597 4318 “.
2625 4282 2644 4316 ι
2698 4265 2770 4318 At
2793 4264 2841 4319 si
2879 4272 3083 4319 tantam
3122 4264 3331 4319 habens
3368 4280 3494 4319 cum

1919 4359 2036 4427 ipso
2086 4357 2499 4413 similitudinem
2548 4372 2617 4413 ex
2652 4358 2835 4426 seipso
2866 4371 2976 4411 non
3021 4356 3175 4411 novit
3209 4372 3331 4428 quae
3366 4366 3497 4413 sunt

1922 4448 2116 4515 Patris,
2164 4447 2261 4505 sed
2301 4448 2368 4502 ad
2402 4462 2465 4503 ea
2497 4447 2874 4519 cognoscenda
2917 4447 3146 4503 alterius
3180 4448 3497 4519 interpretis

1922 4538 2326 4612 quodammodo
2354 4538 2559 4611 indiget
2585 4554 2783 4610 opera,
2807 4538 2916 4612 42
2947 4549 3378 4596 consentaneum
3415 4550 3500 4598 est

227 4627 365 4684 εἶναι
396 4631 486 4685 τὸν
518 4630 740 4702 Πατέρα
773 4628 1035 4700 νομίζειν.
1072 4628 1243 4699 Εἴπερ
1274 4629 1420 4680 ἐστὶν
1450 4629 1508 4679 ἐν
1534 4626 1802 4697 ὁμοιότητι

1917 4611 2153 4701 iUipsum
2181 4646 2399 4702 quoque
2422 4632 2489 4687 de
2506 4631 2667 4686 Patre
2685 4611 2908 4688 sentire.
2941 4631 2998 4687 Si
3013 4632 3157 4688 enim
3181 4632 3468 4688 similitudi
3488 4662 3501 4672 -

225 4726 295 4795 τῇ
327 4723 463 4794 πρὸς
496 4723 587 4776 τὸν
610 4722 757 4787 Υίὸν,
793 4721 1045 4793 δεήσεται
1066 4721 1122 4775 δὲ
1157 4722 1247 4774 καὶ
1271 4719 1430 4782 αὐτὸς
1461 4717 1554 4771 τοῦ
1585 4718 1810 4788 διερμη-

231 4815 477 4878 νεύοντος
511 4814 578 4869 τὰ
610 4816 669 4868 ἐν
709 4814 789 4885 τῷ
827 4815 1129 4885 γεννήματι
1166 4812 1303 4866 κατά
1352 4812 1414 4864 τὸ
1442 4809 1643 4880 ἀφανὲς
1693 4807 1807 4861 κεί-

239 4924 397 4977 μενα.
434 4907 545 4962 Kal.
572 4907 793 4977 γέγονεν
821 4909 953 4977 ἡμῖν
994 4907 1128 4976 πρὸς
1160 4910 1269 4969 τοῖς
1301 4903 1549 4958 ἐντεῦθεν
1588 4904 1811 4965 ἀτόποις

236 4998 269 5069 ὴ
314 4996 434 5051 θεία
466 4996 661 5066 φύσις,
693 4998 785 5051 καὶ
831 4997 1055 5065 ἀγνοίας
1109 4997 1352 5067 δεκτική.
1400 4995 1617 5067 Ἐπειδὴ
1658 4994 1719 5046 δὲ
1751 4994 1812 5047 τὸ

228 5088 374 5144 οὓτω
411 5093 628 5161 φρονεῖν
678 5089 873 5154 ἀσεϐὲς
900 5130 914 5151 ,
955 5092 1233 5162 χωρητέον
1269 5091 1359 5143 ἐπὶ
1408 5089 1478 5143 τὰ
1532 5087 1809 5160 πρεπωδέο

233 5200 440 5254 στερα·
497 5182 656 5235 τοῦτο
703 5183 810 5255 γὰρ
855 5182 915 5237 τὸ
958 5182 1237 5253 συμφέρον
1288 5183 1480 5253 ὁρᾶται
1541 5180 1634 5233 καὶ
1678 5180 1813 5250 χρή·

237 5292 416 5345 σιμον.
1032 5328 1040 5343 ,

306 5369 510 5423 MAG.
548 5388 564 5419 ι
596 5368 810 5429 Πάντα,
866 5386 883 5417 r
931 5367 1095 5437 φησὶν
1119 5370 1145 5420 6
1179 5366 1446 5438 μακάριος
1483 5364 1689 5427 Παῦλος
1712 5404 1726 5427 ,
1756 5363 1815 5416 τὸ

238 5458 459 5530 Πνεῦμα
497 5479 514 5509 r
547 5462 743 5532 ἐρευνᾷ
774 5500 786 5524 ,
818 5459 911 5512 καὶ
952 5459 1017 5513 τὰ
1056 5459 1195 5529 βάθη
1215 5459 1309 5512 τοῦ
1341 5457 1496 5512 Θεοῦ.
1530 5478 1547 5508 ι
1589 5457 1731 5528 Πρὸς
1756 5456 1810 5509 δέ

232 5569 298 5621 γε
319 5552 490 5620 τούτῳ
511 5570 523 5582 ·
578 5572 595 5603 ι
624 5551 717 5614 Τίς
750 5551 857 5623 γὰρ
891 5550 1028 5605 οἶδεν
1063 5550 1364 5622 ἀνθρώπων
1384 5551 1452 5604 τά
1479 5549 1571 5601 τοῦ
1599 5547 1811 5619 ἀνθρώ-

234 5658 340 5694 που
364 5682 379 5707 ,
411 5643 459 5693 εἰ
498 5640 571 5713 μὴ
603 5642 662 5695 τὺ
707 5642 921 5713 πνεῦμα
964 5641 1055 5695 τοῦ
1097 5640 1387 5713 ἀνθρώπου
1432 5640 1491 5693 τὸ
1529 5640 1585 5692 ἐν
1626 5636 1810 5707 αὐτῷς

307 5818 348 5850 ³¹
385 5818 544 5874 Joan.
579 5804 812 5882 “1,30.
891 5819 936 5850 θ’
979 5817 1095 5873 Col.
1141 5834 1187 5876 r.
1228 5818 1313 5871 16.
1393 5818 1436 5849 ’³
1480 5814 1649 5871 ICor.
1686 5830 1738 5882 ι,
1776 5815 1802 5869 Ξ

1943 5815 2008 5845 ⁹³⁴
2042 5813 2059 5867 I
2092 5814 2218 5869 Cor.
2258 5830 2312 5877 ιι,
2357 5814 2436 5867 10.
2516 5814 2560 5845 ’δ
2599 5812 2756 5868 Joan.
2793 5831 2916 5880 Juv,
2957 5816 3008 5870 9.

514 5914 785 5973 I'nttOL.
838 5913 949 5973 3n.
1007 5912 1274 5974 LXXiU.

1919 4739 2039 4778 nem
2063 4722 2224 4778 habet
2256 4738 2381 4778 cum
2413 4721 2571 4787 Filio,
2598 4722 2714 4792 ipse
2736 4738 2953 4793 quoque
2991 4738 3130 4792 opus
3162 4722 3383 4779 habebit
3418 4724 3500 4778 in—

1917 4819 2186 4879 terprete,
2224 4826 2317 4880 per
2349 4826 2511 4880 quem
2548 4825 2612 4867 ea
2646 4811 2823 4867 discat
2844 4828 2979 4881 quae
3013 4814 3246 4869 obscura
3280 4820 3411 4868 sunt
3444 4815 3497 4865 in

1917 4900 2055 4955 Filio
2089 4919 2100 4954 :
2139 4901 2388 4971 adeoque
2420 4910 2619 4971 praeter
2653 4903 3023 4958 absurditates
3049 4919 3170 4974 qum
3205 4902 3331 4958 hinc
3361 4916 3498 4956 con-

1918 5001 2242 5063 sequuntur,
2278 4993 2331 5047 in
2364 4993 2606 5048 divinam
2644 4994 2806 5049 etiam
2837 5002 3088 5049 naturam
3139 4992 3286 5047 cadit
3337 4992 3497 5053 igno-

1913 5087 2080 5141 ratio.
2111 5086 2264 5153 Quod
2298 5086 2504 5142 sentire
2542 5102 2665 5141 cum
2702 5086 2771 5141 sit
2802 5085 3058 5163 impium,
3090 5083 3156 5138 ad
3192 5083 3495 5139 doctrinam

1920 5179 2091 5250 magis
2120 5191 2548 5235 consentaneam
2588 5194 2690 5235 nos
2734 5179 3062 5248 rer-ipiamus
3093 5184 3328 5247 oportet.
3385 5176 3502 5233 liuc

1916 5273 2060 5329 enim
2093 5280 2354 5343 praestare
2384 5271 2599 5328 videtur
2625 5279 2679 5328 et
2706 5288 2828 5325 cum
2859 5270 3091 5324 utilitate
3117 5269 3495 5337 coniunctura.

1988 5363 2217 5419 ALIUD.
2254 5363 2512 5435 Spiritus,
2545 5365 2722 5435 inquit
2760 5363 2951 5417 beatus
2980 5360 3203 5425 Paulus,
3257 5377 3276 5410 ι
3315 5362 3499 5415 omnia

1919 5464 2221 5521 scrutatur,
2252 5459 2413 5511 etiam
2440 5456 2708 5527 profunda
2747 5453 2861 5509 Dei.
2896 5472 2913 5505 ι
2961 5452 3268 5507 Praeterea:
3310 5471 3329 5503 r
3366 5450 3501 5519 Quis

1918 5548 2063 5602 enim
2092 5548 2368 5603 hominum
2406 5546 2510 5603 scit
2540 5561 2661 5617 qua:
2688 5553 2816 5600 sunt
2848 5542 3105 5610 hominis,
3138 5543 3244 5598 nisi
3276 5542 3500 5614 spiritus

1922 5639 2181 5705 hominis,
2211 5641 2302 5711 qui
2330 5641 2381 5695 in
2420 5639 2539 5710 ipso
2567 5638 2689 5694 est?
2716 5637 2796 5692 lta
2825 5646 2879 5692 et
2904 5653 3025 5709 quae
3054 5635 3145 5692 Dei
3180 5643 3308 5693 sunt
3340 5649 3498 5690 nemo

3214 5903 3249 5964 3
