4168 6562
720 428 791 487 75
1708 424 1764 479 S.
1803 416 2083 480 CYRILLI
2123 418 2593 479 ALEXANDRINI
2630 417 2957 479 ARCHIEP.
3924 418 3989 473 '16

720 538 998 617 cognovit,
1027 535 1130 597 nisi
1164 537 1397 611 Spiritus
1417 535 1531 603 Dei,
1561 536 1657 607 qui
1685 536 1740 590 in
1776 538 1895 607 ipso
1924 547 2007 593 est
2028 539 2094 590 ".
2128 558 2146 588 ι
2170 537 2301 589 Cum
2333 540 2366 594 Α

2341 540 2375 594 Α
2409 534 2565 587 Οὕτω
2600 536 2692 588 καὶ
2746 534 2812 587 τὰ
2841 533 2930 585 τοῦ
2977 531 3111 585 Θεοῦ
3162 531 3337 594 οὐδεὶς
3383 531 3659 600 ἔγνωκεν,
3715 531 3763 585 εί
3815 532 3891 603 μὴ
3934 537 3987 585 ea

718 652 850 706 ergo
890 642 1115 691 sanctus
1143 631 1383 703 Spiritus
1422 633 1514 702 qui
1549 630 1731 686 omnia
1770 636 2148 699 perscrutatur
2196 642 2300 680 non

2406 625 2633 698 Πνεῦμα
2660 624 2754 680 τοῦ
2777 623 2911 678 Θεοῦ
2943 623 3005 676 τὸ
3031 626 3093 677 ἐν
3117 622 3286 693 αὑτῷ.
3324 624 3482 676 »Ὅτε
3517 622 3697 676 τοίνυν
3719 622 3779 675 τὸ
3819 623 3986 676 πάντα

718 741 895 783 so.um
929 725 1106 780 Patris
1148 726 1238 786 sit,
1289 724 1382 777 sed
1414 722 1577 777 etiam
1611 721 1754 786 Filii,
1784 720 2058 790 quomodo
2085 720 2300 774 demum

2408 717 2733 789 ἐξακριϐοῦν
2757 717 2911 787 ἅγιον
2929 714 3173 785 Πνεῦμα,
3201 715 3262 767 οὑ
3292 714 3451 785 μόνον
3474 713 3568 766 τοῦ
3588 714 3803 784 Πατρός
3827 716 3984 778 ἐστιν,

717 818 921 889 aliquid
958 832 1148 872 eorum
1185 831 1305 886 qua:
1340 824 1469 869 sunt
1520 814 1575 867 in
1606 810 1767 867 Patre
1799 810 2301 882 Filins_ignorabit,

2404 810 2542 865 ἀλλὰ
2571 811 2665 864 καλ⁸
2697 809 2790 862 τοῦ
2836 806 2997 872 Υίοῦ,
3039 807 3155 870 πῶς
3180 806 3259 860 ἔτι
3288 807 3473 860 λοιπὸν
3497 807 3764 877 ἀγνοήσαι
3797 824 3851 859 τι
3887 805 3988 860 τῶν

721 912 983 983 Spiritum
1037 910 1247 964 habens
1297 908 1351 961 in
1396 907 1580 976 seipso
1618 904 1944 957 naturaliter
1986 903 2077 972 qui
2119 900 2303 955 omnia

2406 904 2463 955 ὲν
2482 902 2559 973 τῷ
2584 902 2933 972 γεγεννηκότι
2958 899 3019 953 τὸ
3041 899 3263 971 Πνεῦμα
3290 898 3429 970 ἔχων
3452 900 3509 951 ὲν
3540 897 3721 967 ἐαυτῷ
3748 896 3987 966 φυσικῶς

720 1006 909 1061 novit?
952 1002 1122 1074 Igitur
1175 1002 1338 1055 inane
1390 1000 1611 1054 demum
1660 995 1937 1052 videbitur
1988 994 2304 1050 existimare

2404 992 2465 1045 τὸ
2519 994 2695 1046 πάντα
2745 993 2922 1058 είδός;
2964 991 3173 1045 Οὐκοῦν
3212 991 3467 1063 περιττὸν
3500 990 3601 1060 ἥδη
3642 993 3891 1059 φανεῖται
3932 990 3986 1041 τὸ

720 1099 914 1153 Filium
945 1097 1125 1151 Patris
1154 1094 1488 1149 voluntatem
1532 1093 1601 1146 ab
1635 1090 1743 1145 alio
1772 1089 2019 1153 discere,
2076 1094 2129 1140 et
2167 1100 2302 1138 vana

2406 1085 2473 1138 δι’
2509 1084 2695 1154 ἑτέρου
2746 1084 3039 1155 μανθάνειν
3072 1083 3281 1137 οἴεσθαι
3311 1083 3403 1137 τὸν
3439 1082 3572 1136 Υίὸν
3608 1083 3708 1154 τὴν
3734 1082 3830 1136 τοῦ
3880 1084 3982 1135 Πα-

720 1204 946 1260 prorsus
993 1187 1099 1242 erit
1139 1200 1307 1256 opera
1335 1181 1501 1238 Verbi
1540 1182 1689 1236 illius
1716 1196 1780 1235 ex
1814 1192 2003 1233 eorum
2037 1176 2303 1232 sententia

2405 1176 2533 1246 τρὸς
2563 1174 2802 1245 θέλησιν,
2832 1176 3061 1246 ἀργήσει
3087 1174 3144 1228 δὲ
3181 1174 3400 1238 πάντως
3422 1175 3455 1245 ὴ
3480 1175 3637 1246 χρεία
3675 1173 3770 1227 τοῦ
3816 1175 3983 1245 μάτην

720 1283 921 1338 frustra
947 1277 1361 1335 intercedentis.
1388 1274 1583 1331 Omnia
1618 1273 1819 1344 quippe
1850 1271 1997 1325 novit
2032 1268 2202 1324 Filius
2237 1282 2303 1322 ex

2410 1264 2784 1334 μεσιτεύοντος
2806 1266 2979 1333 Λόγου
3000 1306 3015 1330 ,
3048 1267 3192 1318 κατὰ
3222 1264 3323 1336 τὴν
3356 1264 3580 1319 ἐκείνων
3611 1266 3979 1321 ἀπαιδευσίαν.

720 1372 793 1428 sei
802 1387 919 1441 pso.

2408 1359 2593 1412 Πάντα
2632 1358 2742 1427 γὰρ
2767 1356 2903 1411 οἶδεν
2939 1361 2967 1411 δ
2996 1359 3122 1424 Υἱὸς
3152 1359 3210 1426 ἐξ
3239 1359 3453 1413 ἑαυτοῦ.

744 1456 752 1465 ’
786 1463 1021 1520 ALIUD.
1068 1462 1173 1529 Qui
1204 1457 1479 1530 Unigeniti
1508 1452 1827 1510 substantiae
1859 1450 2182 1511 detrahunt,
2224 1447 2306 1501 di-

2477 1448 2682 1499 ΑΛΛΟ.
2716 1448 2778 1500 Οἱ
2803 1448 2899 1515 τῆς
2921 1447 3013 1501 τοῦ
3050 1450 3391 1517 Μονογενοῦς
3434 1450 3874 1521 κατηγοροῦντες
3906 1450 3982 1503 οὗ·

719 1560 890 1615 cendo
919 1558 1101 1627 ipsum
1149 1556 1403 1625 ignorare
1435 1549 1615 1604 Patris
1646 1547 1985 1603 voluntatem
2010 1585 2024 1609 ,
2072 1542 2164 1597 sed
2198 1542 2305 1595 aiio

2408 1539 2549 1627 σίας,
2583 1538 2670 1591 διὰ
2692 1538 2791 1627 τοῦ
2820 1540 2896 1610 μὴ
2928 1540 3123 1593 εἰδέναι
3160 1540 3341 1609 λέγειν
3376 1542 3536 1596 αὑτὸν
3571 1544 3632 1596 τὸ
3654 1542 3747 1596 τοῦ
3780 1542 3982 1613 Πατρδς

718 1626 978 1720 magistro
1011 1647 1089 1703 uti
1117 1640 1518 1716 quodammodo
1540 1640 1605 1694 ad
1635 1654 1752 1694 cam
1776 1635 2213 1708 percipiendam,
2241 1647 2305 1687 eo

2408 1626 2651 1696 θέλημα,
2684 1626 2991 1696 διδασκάλῳ
3028 1628 3082 1682 δὲ
3116 1629 3304 1701 ὥσπερ
3334 1630 3746 1701 ἀποκεχρῆσθαι
3776 1631 3907 1702 πρὸς
3928 1633 3980 1685 τὺ

716 1744 973 1798 nimirum
1007 1740 1151 1811 quod
1184 1736 1289 1808 ipsi
1325 1732 1823 1791 comminiscuntur
1858 1727 2037 1783 Verbo
2067 1727 2300 1789 interno,

2411 1716 2624 1811 μαθεῖν,
2648 1718 2827 1811 ,ἑτέρω
2862 1719 2937 1790 τῷ
2965 1720 3094 1789 παρ’
3127 1722 3309 1774 αὐτῶν
3334 1723 3675 1794 ὲπινοηθέντι
3706 1724 3867 1795 Λόγῳ
3889 1765 3902 1790 ,
3928 1724 3980 1777 δν

715 1837 900 1893 dicant
939 1834 1133 1898 nobis,
1178 1830 1225 1886 si
1268 1844 1423 1885 suam
1457 1824 1781 1882 sententiam
1815 1820 2148 1891 sequendam
2184 1834 2305 1874 esse
2342 1876 2361 1898 π

2342 1876 2379 1898 n
2406 1807 2470 1878 δὴ
2507 1809 2599 1860 καὶ
2642 1808 2944 1863 ἐνδιάθετον
2981 1811 3337 1882 ὀνομάζουσι,
3365 1814 3679 1883 λεγέτωσαν
3718 1819 3884 1887 ἡμῖν,
3911 1819 3978 1870 εί-

715 1876 900 1893 ..........
939 1876 1133 1898 ...,...-,
1178 1876 1225 1886 --
1268 1876 1423 1885 με---
1458 1876 1667 1882 ---ηηρ
1884 1876 1907 1891 ί,

715 1935 927 2000 putant,
968 1933 1151 1979 utrum
1188 1921 1397 1990 aequale
1438 1915 1741 1974 secundum
1774 1924 2024 1969 naturam
2062 1911 2300 1967 Verbum
2340 1876 2361 1930 ί

2340 1876 2379 1930 Β
2406 1876 2511 1970 περ
2533 1900 2729 1954 οἴονται
2754 1901 2863 1955 δεῖν
2890 1901 2986 2000 τῂν
3014 1876 3216 1957 οίκείαν
3244 1876 3539 1975 κρατύνειν
3561 1876 3979 1980 δόξαν,“πότερόν

716 2021 847 2075 illud
875 2021 1150 2073 internum
1178 2014 1233 2069 in
1266 2011 1406 2067 Filio
1431 2011 1614 2065 dicent
1636 2009 1903 2063 exsistere
1923 2005 2302 2077 (supponimus

2404 2006 2535 2042 ποτε
2572 1991 2712 2043 κατὰ
2746 1990 2909 2060 φύσιν
2932 1987 3050 2045 ἴσον
3089 1993 3305 2064 ἐροῦσιν
3335 1996 3605 2067 ὑπάρχειν
3645 1998 3727 2067 τῷ
3758 1998 3871 2068 Υίῷ
3900 2000 3978 2051 τὸν

716 2114 859 2167 enim
913 2111 1089 2180 ipsum
1131 2122 1226 2177 per
1266 2121 1325 2161 se
1358 2102 1699 2174 bypostatice
1736 2099 2043 2167 exsistere),
2079 2105 2171 2150 aut
2195 2111 2299 2149 non

2404 2082 2707 2137 ἐνδιάθετον
2746 2085 2918 2153 Λόγον
2959 2085 3301 2155 (ὑποκείσθω
3342 2086 3451 2157 γάρ
3479 2087 3555 2151 ὡς
3602 2090 3699 2142 καὶ
3746 2090 3976 2159 ὑφεστὼς

715 2171 1219 2273 aequale-quidem,
1281 2171 1669 2251 sedvdetcrius
1716 2187 2147 2260 quodammodo,
2210 2194 2303 2239 aut

2403 2173 2505 2273 tam
2528 2173 2649 2226 καθ’
2690 2174 2903 2244 ἑαυτόν)
2931 2191 2942 2203 ·
2972 2174 3004 2245 ἢ
3050 2175 3149 2228 οὑκ
3188 2171 3306 2229 ἴσον
3356 2176 3477 2246 μὲν,
3512 2178 3739 2250 χείρονα
3768 2179 3824 2232 δέ
3852 2197 3974 2242 πως,

715 2304 865 2351 certe
905 2291 1180 2362 superius.
1238 2288 1295 2341 Si
1342 2300 1473 2352 ergo
1510 2283 1693 2337 minus
1742 2282 1921 2349 ipsum
1968 2292 2090 2333 esse
2143 2283 2300 2346 puta—

2402 2266 2435 2336 ἢ
2466 2266 2559 2319 καὶ
2581 2266 2826 2337 ἀμείνως
2859 2267 2921 2319 Et
2959 2267 3057 2337 μὲν
3080 2265 3173 2320 οῦν
3195 2267 3453 2322 ἐλάττονα
3483 2270 3771 2340 νομιοῦσιν
3810 2271 3974 2332 αὑτὸν,

716 2385 875 2447 bunt,
904 2385 957 2436 in
975 2357 1160 2451 ipsum
1186 2378 1353 2433 etiam
1388 2374 1602 2427 Patrem
1628 2370 1793 2441 impie
1820 2369 2126 2440 peccabunt
2160 2382 2173 2417 :
2199 2370 2302 2421 erit

2403 2357 2497 2411 καὶ
2527 2358 2608 2421 είς
2639 2357 2800 2410 αὑτὸν
2830 2358 3164 2428 ἀσεϐήσουσι
3192 2357 3283 2411 τὸν
3313 2359 3532 2430 Πατέρα
3557 2376 3569 2390 ·
3603 2360 3763 2414 ἔσται
3797 2362 3902 2433 γάρ
3932 2380 3975 2414 τι

714 2475 861 2529 enim
896 2448 1158 2542 utiquein
1192 2468 1313 2538 ipso
1346 2464 1548 2534 aliquid
1579 2463 1761 2516 minus
1804 2462 1952 2530 ipso,
1981 2468 2029 2513 et
2059 2457 2205 2511 aliud
2235 2457 2301 2511 ab

2406 2448 2623 2513 πάντως
2657 2452 2716 2504 ὲν
2754 2450 2904 2521 αὑτῷ
2950 2450 3010 2503 τὸ
3049 2453 3229 2521 χεῖρον
3267 2450 3462 2518 αὑτοῦ,
3494 2453 3590 2506 καὶ
3631 2454 3825 2524 ἕτερον
3861 2456 3974 2523 παρ’

715 2566 837 2636 ipso
860 2603 872 2625 ,
902 2540 1011 2616 hoc
1037 2569 1154 2623 est,
1196 2559 1471 2613 internum
1504 2552 1635 2608 illud
1672 2550 1935 2607 Verbum.
1992 2550 2087 2603 Sin
2117 2557 2298 2602 autem

2405 2540 2566 2595 αὑτὸν
2586 2580 2600 2604 ,
2633 2541 2776 2595 τοῦτ’
2807 2542 2977 2606 ἔστιν,
3015 2544 3042 2595 ὁ
3097 2542 3401 2608 ἐνδιάθετος
3432 2545 3623 2614 Λόγος.
3699 2546 3767 2599 Εἰ
3794 2546 3849 2599 δὲ
3874 2548 3970 2616 χεί-

714 2657 957 2710 deterius
988 2653 1208 2723 quidem
1244 2665 1367 2704 esse
1400 2663 1507 2701 non
1538 2646 1740 2709 dicent,
1775 2643 1868 2698 sed
1907 2640 2301 2713 priestantioris

2407 2647 2537 2723 ρονα
2585 2633 2682 2703 μὲν
2741 2633 2841 2686 οὑκ
2884 2632 3098 2702 ἐροῦσιν
3125 2673 3139 2695 ,
3192 2635 3543 2704 ὲπιτρέψουσι
3573 2635 3628 2688 δὲ
3658 2636 3813 2707 αὑτῷ
3843 2638 3900 2690 τὸ
3925 2639 3975 2688 ὲν

714 2756 895 2803 status
924 2721 1088 2816 quam
1109 2742 1327 2807 Filium,
1353 2737 1604 2793 bifariam
1632 2736 1793 2790 Pater
1818 2733 2045 2788 iazdetur
2068 2732 2121 2787 in
2140 2729 2296 2785 Filio.

2404 2721 2653 2791 ἀμείνοσι
2675 2722 2888 2776 κεῖσθαι
2921 2722 3073 2793 παρά
3106 2724 3195 2778 τὸν
3226 2725 3371 2788 Υίὸν,
3405 2725 3628 2779 διπλοῦν
3662 2727 3823 2782 ἔσται
3856 2728 3975 2781 πάν-

711 2837 958 2894 Primum
992 2834 1139 2890 enim
1177 2832 1445 2886 minorem
1487 2842 1547 2883 se
1580 2824 1778 2880 Filium
1818 2823 2073 2894 genuisse
2109 2822 2301 2891 depre-

2402 2830 2509 2876 τως
2535 2812 2672 2866 κατὰ
2703 2813 2797 2866 τοῦ
2828 2814 3039 2885 Πατρὸς
3067 2815 3127 2867 τὸ
3156 2817 3241 2885 ἐφ’
3274 2816 3389 2889 Υίῷ
3419 2819 3811 2891 κατηγόρημα.
3836 2820 3974 2891 Πρῶ-

712 2926 985 2983 hendetur
1008 2942 1023 2979 :
1047 2921 1245 2978 deinde
1262 2920 1519 2989 superius
1546 2931 1605 2971 se
1621 2914 1909 2970 habiturus
1931 2913 2300 2967 estinternum

2403 2921 2494 2957 τον
2532 2904 2631 2974 μὲν
2670 2905 2779 2977 γὰρ
2812 2906 3080 2977 γεννήσας
3115 2906 3379 2961 ἁλώσεται
3422 2909 3482 2962 τὸ
3525 2913 3707 2981 χεῖρον
3750 2910 3783 2983 ἢ
3818 2913 3873 2964 ὲν
3907 2905 3977 2972 οἷς

713 3019 951 3075 Verbum
976 3054 990 3082 ,
1036 3015 1081 3070 si
1111 3012 1276 3066 Pater
1314 3018 1400 3065 est
1451 3005 1940 3063 consubstantialis
1982 3001 2161 3066 Filio,
2208 3002 2300 3072 qui

2404 2997 2551 3049 ἐστιν
2577 2996 2758 3059 αὑτός.
2793 2993 2926 3050 Εἶτα
2961 2999 3097 3068 πρὸς
3130 3000 3302 3071 τούτῳ
3340 3003 3435 3055 καὶ
3461 3003 3623 3067 αὑτὸς
3666 3002 3784 3068 ἕξει
3813 3004 3976 3076 κρείτ·

712 3121 903 3163 eorum
935 3101 1205 3164 sententia
1233 3099 1411 3153 minor
1437 3106 1520 3151 est
1551 3094 1749 3161 Verbo.
1786 3093 1893 3149 Sed
1926 3094 2154 3165 fugient,
2185 3093 2303 3162 opi-

2403 3102 2531 3138 τονα
2569 3088 2660 3138 τὸν
2714 3087 3016 3142 ἐνδιάθετον
3063 3090 3273 3158 Λόγον,
3318 3094 3474 3166 ετπερ
3524 3095 3677 3151 ἐστὶν
3728 3100 3759 3149 ὁ
3806 3096 3974 3167 Πατὴρ

714 3214 819 3253 nor
840 3237 857 3265 ,
900 3193 1200 3251 adversarii
1234 3198 1524 3258 utramque
1565 3186 1980 3256 blasphemiam,
2008 3193 2061 3239 et
2091 3186 2299 3255 aequale
2327 3220 2360 3273 ε

2328 3220 2368 3273 C
2406 3178 2691 3247 ὀμοούσιος
2719 3178 2796 3248 τῷ
2830 3179 2942 3250 Υἱῷ
2984 3180 3059 3250 τῷ
3090 3185 3209 3236 κατ’
3235 3185 3475 3249 ἐκείνους
3505 3186 3565 3240 τὸ
3592 3187 3821 3243 ἔλαττον
3856 3192 3974 3244 ἀπο-

715 3288 1020 3347 secundum
1058 3283 1423 3341 substantiam
1453 3294 1578 3335 esse
1619 3278 1801 3332 dicent
1836 3275 1976 3330 Filio
2020 3276 2295 3330 internum
2335 3270 2361 3273 ⁷

2335 3270 2367 3273 ”
2406 3270 2711 3340 φερομένῳ.
2759 3270 2897 3322 Ἀλλ’
2922 3274 3067 3337 εἰκός
3101 3292 3163 3341 γε
3206 3276 3375 3347 δήπου
3402 3277 3501 3347 τῆς
3536 3279 3622 3332 ἐπ’
3665 3282 3837 3351 ἄμφω
3863 3282 3974 3335 δυσ·

714 3382 897 3438 Patris
913 3377 1176 3434 Verbum.
1228 3374 1399 3445 igitur
1421 3373 1600 3426 soluta
1625 3377 1706 3424 est
1733 3368 1984 3439 qumstio.
2015 3365 2298 3432 Quomodo

2403 3358 2614 3429 φημίας
2666 3359 2954 3430 ἀποπηδᾷν
3011 3362 3136 3426 τοὺς
3190 3363 3253 3415 δι’
3290 3366 3534 3430 ἐναντίας
3559 3384 3572 3396 ·
3611 3363 3736 3422 ἴσον
3780 3371 3833 3423 δὲ
3875 3371 3976 3423 κατ’

713 3473 860 3529 enim
914 3470 1053 3523 alter
1096 3466 1327 3521 alterum
1360 3462 1610 3525 docebit,
1661 3461 1818 3530 quasi
1851 3466 2147 3529 cognoscat
2173 3474 2294 3513 eum

2400 3450 2588 3503 οὐσίαν
2635 3451 2900 3521 ὑπάρχειν
2930 3453 3114 3524 ἐροῦσι
3160 3454 3235 3524 τῷ
3268 3456 3384 3526 Υἱῷ
3426 3458 3517 3510 τὸν
3552 3460 3864 3515 ἐνδιάθετον
3896 3462 3975 3515 τοῦ

714 3580 744 3615 a
791 3574 900 3631 quo
947 3558 1265 3628 ignoratur,
1318 3550 1363 3607 si
1409 3548 1644 3618 aequales
1686 3553 1814 3601 sunt
1854 3546 2014 3599 ambo
2061 3543 2299 3596 natura?

2401 3537 2833 3631 Bergk—Aerem
2864 3543 3075 3596 Οὐκοῦν
3104 3544 3320 3598 λέλυται
3363 3547 3424 3599 τὸ
3476 3548 3839 3620 ζητούμενον.
3872 3553 3978 3613 Πῶς

713 3626 826 3723 ἀέ
849 3626 989 3704 Cum
1016 3659 1147 3715 ergo
1178 3642 1393 3696 illorum
1426 3637 1571 3691 omni
1603 3652 1666 3690 ex
1694 3643 1845 3703 parte
1874 3633 2016 3685 ratio
2063 3631 2294 3694 laboret,

2402 3630 2511 3701 γὰρ
2542 3631 2571 3682 ὁ
2599 3626 2676 3694 εἷς
2705 3631 2904 3698 διδάξει
2944 3633 3036 3687 τὸν
3067 3634 3273 3704 ἕτερον,
3302 3635 3375 3697 ὡς
3405 3636 3561 3699 εἰδὼς
3589 3639 3665 3709 μὴ
3695 3640 3978 3707 γινώσκον-

714 3722 1186 3811 supervacaneum
1207 3732 1424 3787 tandem
1448 3731 1554 3784 erit
1584 3727 1897 3782 existimare
1920 3724 2062 3777 inter
2082 3722 2295 3776 Patrem

2404 3738 2493 3786 τα,
2528 3723 2683 3795 εἴπερ
2725 3724 2827 3777 ἶσοι
2874 3726 3014 3778 κατὰ
3047 3726 3207 3794 φύσιν
3240 3728 3375 3780 είσὶν
3408 3729 3709 3800 ἀμφότεροι
3743 3749 3758 3799 ;
3790 3735 3980 3787 Παντα-

712 3843 767 3890 et
796 3831 995 3886 Filium
1016 3824 1222 3897 aliquid
1248 3822 1608 3884 intercedere,
1641 3833 1704 3872 ac
1726 3831 1834 3871 non
1864 3816 2045 3885 potius
2072 3813 2298 3868 credere

2401 3814 2556 3885 χὸθεν
2604 3816 2891 3886 τοιγαροῦν
2937 3817 3285 3881 ἀσθενοῦντος
3328 3819 3420 3872 τοῦ
3465 3822 3597 3892 παρ’
3636 3824 3869 3888 ἐκείνοις
3901 3824 3976 3876 λόο

713 3925 896 3995 ipsum
930 3934 1053 3976 esse
1092 3917 1148 3972 in
1174 3914 1286 3971 Deo
1314 3913 1476 3968 Patre
1510 3911 1677 3966 Deum
1708 3907 1969 3973 Verbum,
2000 3906 2146 3978 quod
2181 3910 2298 3959 erat

2400 3922 2536 3973 γου,
2588 3906 2861 3980 παρέλκον
2911 3906 2977 3960 ἂν
3042 3908 3125 3979 είη
3174 3908 3358 3963 λοιπὸν
3402 3914 3793 3982 μεσιτεύεσθαι
3842 3917 3976 3988 παρά

714 4018 767 4071 in
796 4013 1087 4088 principio.

2398 4015 2543 4062 τινος
2569 3999 2815 4051 ὑπονοεῖν
2847 3999 2938 4051 τὸν
2971 4000 3120 4064 Υίὸν,
3160 4002 3255 4054 καὶ
3282 4004 3400 4072 οὑχὶ
3432 4006 3631 4074 μᾶλλον
3660 4009 3826 4062 αὑτὸν
3853 4004 3975 4061 εἶναι

2401 4091 2678 4144 πιστεύειν
2723 4092 2813 4145 τὸν
2845 4093 2902 4145 ὲν
2947 4092 3067 4163 Θεῷ
3106 4094 3281 4166 Πατρὶ
3318 4096 3451 4152 Θεὸν
3490 4099 3698 4168 Λόγον,
3752 4102 3810 4166 ὂς
3836 4097 3900 4173 ἦν
3927 4102 3975 4152 ὲν

2400 4185 2563 4238 down.

782 4274 1011 4332 ALlUD.
1051 4271 1257 4328 Beatus
1296 4270 1501 4325 Paulus
1542 4268 1617 4321 ait
1653 4265 1706 4320 in
1756 4264 1893 4319 Filio
1939 4262 2298 4319 absconditos
2400 4186 2428 4236 ἀ

2400 4186 2563 4254 ἀρχῇ·

2470 4276 2673 4329 ΑΛΛΟ.
2725 4275 2814 4328 Ἐν
2843 4275 2957 4347 Υίῷ
3008 4294 3172 4347 φησιν
3213 4281 3240 4333 ὁ
3278 4281 3547 4354 μακάριος
3594 4285 3813 4351 Παῦλος
3860 4285 3975 4346 τοὺς

710 4382 834 4423 esse
860 4378 1051 4419 omnes
1086 4362 1377 4418 thesauros
1421 4355 1706 4428 sapientiae
1744 4362 1797 4408 et
1847 4353 2179 4408 scientiae".
2229 4352 2298 4404 At

2402 4367 2622 4439 ἀπάσης
2661 4367 2854 4435 σοφίας
2910 4370 3006 4421 καὶ
3055 4371 3235 4441 πάσης
3268 4352 3523 4442 γνώσεως
3567 4377 3976 4450 ἀποκεκρύφθαι

711 4461 759 4516 si
794 4459 910 4512 haec
939 4472 1066 4511 vere
1091 4455 1249 4519 dicit,
1287 4451 1562 4523 quomodo
1591 4447 1822 4503 alterius
1851 4445 2098 4500 doctoris
2130 4458 2297 4514 opera

2402 4457 2711 4529 θησαυρούς
2731 4475 2747 4491 ο
2792 4458 2907 4511 ἀλλ’
2940 4459 3097 4532 εἴπερ
3142 4463 3260 4516 ἐστὶ
3293 4463 3466 4533 λέγων
3494 4467 3564 4521 τά
3600 4445 3830 4524 τοιαῦτ-α
3855 4445 3974 4539 άλη-

709 4554 895 4621 ipsum
936 4548 1186 4618 indigere
1220 4545 1563 4616 putabimus,
1594 4547 1687 4593 aut
1722 4540 1779 4593 in
1802 4551 2042 4607 quonam
2078 4535 2294 4628 demtum
2332 4549 2355 4606 [

2332 4549 2373 4606 D
2403 4551 2521 4620 θὴς,
2554 4550 2669 4613 πῶς
2702 4549 2767 4603 ἂν
2801 4550 2881 4603 ἔτι
2912 4551 3012 4621 τῆς
3042 4554 3167 4624 παρ’
3201 4555 3388 4625 ἐτέρου
3415 4557 3700 4628 δεδεῆσθαι
3737 4535 3976 4615 διδάσκοι·

712 4643 959 4698 seientia:
999 4638 1397 4710 perfectionem
1466 4633 1852 4703 requiremus,
1919 4628 1967 4682 si
2024 4627 2120 4696 qui
2174 4610 2294 4680 eain

2650 4610 2663 4613 -
2970 4610 3006 4621 .-
3119 4610 3130 4624 ,
3297 4610 3307 4625 ,
3557 4610 3567 4628 ,
3742 4610 3938 4615 μην--

2402 4639 2523 4702 λίας
2562 4639 2960 4710 ὑπονοήσωμεν
3004 4642 3199 4707 αὑτὸν,
3251 4644 3283 4715 ἢ
3337 4646 3395 4698 ἐν
3440 4646 3545 4699 τίνι
3597 4648 3788 4704 λοιπὸν
3831 4653 3887 4705 τὸ
3926 4653 3974 4702 ἐν

710 4751 930 4790 munem
984 4733 1151 4788 habet
1208 4730 1276 4786 ab
1329 4729 1439 4784 alio
1488 4722 1773 4780 docetur?
1826 4719 2104 4791 quomodo
2166 4734 2295 4772 vero

2402 4730 2601 4799 γνώσει
2640 4730 2845 4785 τέλειον
2890 4734 3313 4807 ἐπιζητήσομεν,
3364 4738 3522 4810 εἴπερ
3555 4743 3583 4792 ὁ
3625 4745 3809 4796 πᾶσαν
3850 4744 3975 4813 ἔχων

710 4826 982 4899 sapientia
1014 4822 1151 4879 illud
1186 4828 1270 4877 est
1311 4818 1461 4891 quod
1503 4817 1569 4871 ad
1614 4812 1947 4884 sapientiam
2005 4809 2295 4864 eruditur?

2401 4822 2570 4891 αὐτὴν
2600 4823 2727 4894 παρ’
2764 4822 2950 4895 ἑτέρου
2993 4802 3277 4895 σοφοῦταις
3328 4830 3445 4893 πῶς
3477 4802 3533 4884 δὲ
3562 4832 3697 4898 ὅλως
3732 4802 3905 4906 σοφία⁵
3924 4835 3978 4887 τὸ

707 4922 846 4975 Cum
874 4928 1054 4972 autem
1086 4929 1197 4970 non
1220 4913 1443 4967 illorum
1471 4906 1657 4977 nugis,
1676 4904 1775 4959 sed
1808 4901 2055 4972 Spiritus
2078 4915 2293 4955 sermo-

2402 4913 2759 4985 σοφούμενον;
2808 4917 3025 4988 Ἐπειδὴ
3053 4918 3110 4971 δὲ
3141 4920 3201 4973 οὑ
3228 4924 3339 4984 τοῖς
3370 4925 3500 4994 παρ’
3523 4926 3753 4979 ἐκείνων
3787 4901 3973 4995 λόγοις,

707 5012 872 5067 nibus
903 5006 1297 5064 attendendum
1326 5002 1488 5057 nobis
1520 4999 1615 5064 sit,
1640 4996 1970 5064 habeatque,
2002 5002 2063 5048 ut
2091 4993 2293 5048 Paulus

2398 5007 2534 5060 ἀλλά
2568 5010 2679 5071 τοῖς
2713 5008 2800 5062 διὰ
2834 5010 2927 5063 τοῦ
2962 5009 3277 5080 Πνεύματος
3307 4993 3596 5085 προσέχειν
3638 5018 3790 5087 ἡμᾶς
3821 4993 3976 5086 ἀναγ-

705 5107 804 5173 ait,
841 5102 1131 5173 sapientia:
1156 5106 1213 5154 et
1245 5094 1431 5152 omnis
1463 5089 1712 5146 scientiae
1745 5088 1802 5141 in
1842 5086 2030 5156 seipso
2069 5089 2293 5141 thesau-

2397 5102 2570 5162 καῖον,
2607 5100 2717 5170 ἔχει
2762 5102 2840 5168 δὲ,
2869 5104 2943 5167 ὡς
2971 5106 2998 5157 ὁ
3031 5104 3238 5167 Παῦλός
3274 5122 3458 5177 φησιν,
3495 5109 3523 5159 ὁ
3555 5086 3691 5174 me
3732 5114 3860 5177 τοὺς
3886 5110 3976 5181 τῆς

706 5213 804 5255 ros
848 5197 1059 5261 Filius,
1114 5209 1226 5250 non
1276 5190 1345 5245 ab
1391 5188 1501 5241 alio
1558 5183 1802 5253 quodam
1848 5197 1912 5238 ea
1966 5184 2167 5254 accipit
2201 5201 2295 5255 per

2398 5192 2593 5260 σοφίας
2638 5194 2731 5246 καὶ
2770 5195 2951 5266 πάσης
2983 5194 3234 5265 γνώσεως,
3272 5198 3329 5250 ὲν
3360 5198 3539 5269 ἑαυτῷ
3570 5200 3899 5273 θησαυροὺς,
3920 5201 3974 5253 οὑ

705 5306 828 5362 qua:
857 5299 943 5347 est
974 5286 1268 5359 sapientia,
1314 5278 1434 5345 sed,
1477 5276 1754 5333 exsistens
1794 5274 1852 5328 in
1885 5273 2069 5341 Patre,
2110 5278 2291 5332 omnia

2398 5285 2549 5355 ποιρά
2581 5303 2723 5350 τινος
2758 5288 2948 5359 ἑτέρου
2997 5287 3066 5341 τὰ
3111 5289 3180 5342 δι’
3229 5284 3303 5343 ὧν
3348 5293 3465 5345 ἐστι
3500 5294 3663 5362 σοφία
3706 5294 3973 5364 γνώσεως,

704 5400 828 5457 qua}
855 5394 983 5442 sunt
1031 5380 1208 5438 Patris
1239 5372 1511 5445 agnoscit,
1545 5376 1733 5438 utpote
1774 5368 2046 5439 sapientia
2078 5371 2216 5442 ejus.

2395 5377 2532 5433 άλλά
2563 5378 2825 5450 ὑπάρχων
2851 5380 2909 5431 ὲν
2943 5380 3116 5450 lla-:91
3150 5382 3325 5437 πάντα
3355 5384 3616 5452 γινώσκει
3653 5386 3721 5440 τὰ
3749 5385 3849 5441 τοῦ
3872 5388 3971 5441 Ila-

2403 5469 2549 5541 τρὸς,
2583 5470 2655 5535 ὡς
2684 5470 2845 5541 σοφία
2880 5470 3069 5525 αὑτοῦ.

774 5654 820 5685 ³⁸
864 5654 879 5705 l
916 5648 1045 5703 Cur.
1088 5660 1162 5706 ιι,
1199 5638 1382 5695 1049..
1468 5638 1514 5670 ’⁸
1551 5637 1671 5693 Col.
1704 5652 1779 5703 ιι,
1810 5639 1863 5695 ’5.
