4168 6578
288 433 358 488 77
1378 424 1444 482 IN
1483 424 1768 482 JOANNIS
1808 424 2252 483 EVANGELIUM
2292 424 2420 482 LIB.
2462 424 2504 481 Ι.
3472 425 3549 485 78

900 540 1147 596 ΚΕΦΑΛ.
1184 543 1255 597 Ε’.

291 639 421 691 Ὀτι
452 634 602 690 κατὰ
628 636 818 702 φύσιν
844 633 1198 703 δημιουργός
1225 639 1259 688 ό
1294 634 1422 701 Υἱὸς
1441 636 1589 702 μετὰ
1616 634 1863 701 Πατρός,

358 707 440 772 ὡς
469 706 537 759 ἐκ
568 703 676 772 τῆς
714 704 930 769 οὐσίας
964 704 1251 771 ὑπάρχων
1276 705 1484 768 αὐτοῦ,
1520 706 1616 759 καί
1647 707 1761 773 οὺχ
1789 704 1865 769 ὡς

361 776 662 844 ὑπουργὸς
686 774 1315 843 παραλαμϐανόμενος.

364 867 567 922 Πάντα
618 865 692 918 δι’
733 863 917 919 αὐτοῦ
966 863 1244 934 ἐγένετο,
1300 864 1399 919 καὶ
1461 865 1640 935 χωρὶς
1685 864 1869 919 αὐτοῦ

291 962 526 1030 εγενετο
552 958 695 1013 οὐδὲ
720 957 808 1010 ἓν.

364 1051 441 1102 Τά
472 1048 786 1101 πολύπλοκα
818 1040 924 1101 τῶν
956 1048 1181 1101 ἀνοσίων
1227 1047 1518 1119 αἷρετικῶν
1567 1042 1872 1119 ἀνατρέψας

293 1137 676 1208 προϐλήματα,
704 1138 795 1190 καὶ
822 1132 1015 1190 λεπτὸν
1036 1139 1164 1207 ἡμῖν
1217 1138 1310 1189 καί¹
1334 1137 1721 1207 ἀκριϐέστατον
1747 1138 1874 1207 περὶ

294 1232 386 1285 τοῦ
415 1231 755 1301 Μονογενοῦς
777 1232 1048 1302 ἐξυφήνας
1078 1231 1167 1283 τὸν
1191 1231 1347 1298 λόγον
1370 1234 1397 1284 ό
1420 1233 1689 1301 μακάριος
1714 1230 1875 1298 εὐαγ-

294 1320 583 1391 γελιστὴς,
638 1322 722 1389 ἐφ’
758 1322 951 1391 ἑτέραν
985 1321 1201 1391 ἔρχεται
1236 1320 1330 1374 τοῦ
1381 1321 1622 1374 διαϐόλου
1676 1320 1875 1388 παγίδα

295 1411 767 1480 συμπεπηγμένην
796 1404 855 1474 ἐξ
885 1411 1117 1480 ἀρχαίας
1161 1409 1394 1481 ἀπάτης,
1444 1410 1537 1462 καὶ
1581 1413 1679 1480 τῆς
1715 1410 1875 1463 πολυ-

294 1502 418 1555 θέου
453 1502 657 1572 πλάνης
689 1504 749 1555 τὸ
788 1500 1011 1573 κέντρον
1042 1498 1171 1572 ἡμῖν
1216 1502 1618 1565 ἀνατείνουσαν,
1662 1502 1695 1571 ἢ
1744 1502 1874 1554 πολ-

292 1592 418 1655 λοὺς
442 1593 539 1663 μὲν
566 1593 825 1665 τρώσασα
852 1592 1250 1661 καταϐέϐληκε,
1275 1592 1371 1664 τὴν
1392 1593 1448 1646 δὲ
1474 1593 1573 1661 τῆς
1601 1593 1877 1655 ἀπωλείας

293 1678 410 1737 ὁδὸν
435 1680 761 1753 ἀνευροῦσα,
799 1684 892 1736 καὶ
926 1684 1024 1754 τὴν
1055 1684 1311 1736 πλατεῖάν
1343 1700 1403 1735 τε
1444 1684 1536 1737 καὶ
1569 1683 1878 1755 εὐρύχωρον

294 1770 643 1823 ἐκπετάσασα
675 1770 768 1825 τοῦ
805 1768 1034 1824 Θανάτου
1092 1771 1286 1841 πύλην,
1337 1772 1596 1841 ἀγεληδὸν
1649 1774 1746 1843 μὲν
1796 1775 1875 1837 είς

2616 540 2767 596 CAP.
2805 540 2872 597 Υ.

1972 633 2124 700 Quod
2173 644 2367 685 natura
2418 650 2514 685 sua
2556 644 2764 686 creator
2806 634 2875 687 sit
2928 631 3101 687 Filius
3141 648 3259 685 cum
3306 631 3468 686 Patre
3490 642 3551 689 ut

2040 703 2129 771 qui
2164 719 2229 756 ea:
2251 703 2364 769 ejus
2415 712 2491 755 est
2526 702 2846 769 substantia,
2885 712 2934 756 et
2964 719 3067 757 non
3099 710 3351 769 tanquam
3389 705 3551 757 mini-

2043 782 2147 825 ster
2171 774 2238 826 ad
2272 773 2325 826 id
2349 783 2669 840 assumptus.

2046 863 2083 923 Ι.
2119 865 2171 918 ὖ.
2225 866 2417 918 Omnia
2465 879 2555 932 per
2606 865 2775 932 ipsum
2809 864 2955 933 facta
2999 875 3151 921 sunt.
3206 874 3252 919 et
3288 866 3400 920 sine
3439 867 3552 933 ipso

1974 955 2176 1023 factum
2213 968 2289 1010 est
2325 957 2477 1010 ιιίΙιὶι.

2049 1046 2272 1102 Eversis
2314 1049 2609 1117 impiorum
2671 1047 3057 1102 hzereticorum
3112 1050 3351 1104 versutis
3396 1050 3553 1119 obje-

1974 1139 2253 1193 ctionibus
2309 1147 2365 1193 et
2406 1139 2590 1193 subtili
2638 1148 2804 1208 atque
2837 1141 3258 1194 accuratissima
3296 1142 3455 1197 nobis
3483 1142 3553 1197 de

1980 1231 2277 1301 Unigenito
2315 1231 2567 1286 doctrina
2611 1242 2868 1286 contexta
2895 1272 2909 1296 ,
2960 1233 3157 1288 beatus
3210 1235 3553 1303 evangelista

1972 1324 2088 1393 jam
2136 1325 2201 1378 ad
2267 1324 2676 1380 dissolvendum
2744 1326 2976 1379 alterum
3027 1324 3231 1379 diaboli
3291 1325 3549 1393 laqueum

1978 1416 2228 1479 accedit,
2273 1432 2341 1472 ex
2370 1419 2546 1471 veteri
2596 1416 2787 1472 fraude
2828 1423 3217 1486 compactum,
3257 1427 3314 1472 et
3360 1429 3554 1470 errore

1977 1508 2363 1577 multiplicium
2398 1508 2626 1562 deorum
2673 1508 2766 1575 qui
2813 1507 2972 1562 nobis
2999 1508 3247 1562 aculeum
3292 1507 3551 1567 intentat,

1980 1611 2092 1667 quo
2120 1599 2343 1668 disjecti
2372 1608 2502 1654 sunt
2542 1600 2699 1654 multi
2731 1599 3027 1663 vulnerati,
3068 1607 3121 1654 et
3167 1599 3393 1654 invento
3425 1614 3556 1669 per-

1979 1687 2209 1742 ditionis
2247 1688 2467 1751 itinere,
2510 1688 2731 1757 lataque
2758 1696 2812 1742 et
2845 1688 3086 1757 spatiosa
3135 1688 3330 1743 mortis
3364 1694 3557 1756 aperta

1977 1778 2167 1847 janua,
2192 1778 2477 1830 hominum
2508 1779 2722 1833 animas
2759 1778 2813 1832 in
2850 1779 3125 1834 infernum
3166 1780 3433 1849 gregatim
3460 1778 3557 1833 de-

292 1860 421 1930 ᾂδου
441 1861 537 1923 τάς
566 1862 669 1913 τῶν
696 1860 999 1930 ἀνθρώπων
1028 1860 1363 1931 συνεσώρευε
1385 1861 1582 1931 ψυχάς,
1616 1861 1874 1914 πλουσίαν

1978 1870 2135 1940 jccit,
2190 1872 2482 1937 lautasque
2547 1872 2695 1923 velut
2742 1873 2934 1939 epulas
2988 1871 3213 1925 diabolo
3276 1872 3553 1941 apposuit,

292 1952 349 2005 δὲ
404 1952 593 2023 ὥσπερ
615 1952 689 2023 τῷ
719 1952 947 2022 διαϐόλῳ
974 1951 1251 2021 παρετίθει
1280 1952 1503 2023 τροφὴν,
1532 1952 1625 2005 καὶ
1643 1951 1711 2005 τὰ
1734 1950 1875 2023 βρώ-

296 2062 444 2113 ματα
479 2044 627 2114 αύτῴ
658 2044 931 2114 προσῆγεν
960 2042 1213 2098 ἐκλεκτά.
1262 2044 1480 2115 Ἐπειδὴ
1530 2044 1638 2115 γάρ
1683 2043 1875 2115 Ἐλλή-

292 2154 399 2189 νων
432 2136 619 2199 παῖδες
659 2138 724 2206 τῇ
758 2136 848 2189 τοῦ
893 2136 1099 2207 κόσμου
1131 2135 1293 2207 σοφίᾳ
1323 2136 1737 2207 προσκείμενοι,
1783 2137 1877 2191 καὶ

290 2227 355 2280 τὸ
381 2229 598 2298 πνεῦμα
631 2226 725 2281 τοῦ
754 2228 1013 2299 ἄρχοντος
1043 2227 1136 2281 τοῦ
1168 2228 1363 2291 αἰῶνος
1395 2228 1583 2281 τούτου
1608 2228 1876 2292 πλουσίως

292 2319 503 2389 ἔχοντες
533 2320 613 2381 εἰς
643 2317 787 2382 νοῦν,
824 2320 903 2381 είς
938 2318 1197 2371 πολύθεον
1242 2320 1605 2390 κατεφέροντο
1643 2320 1873 2391 πλάνην,

290 2412 386 2464 κοιλ⁹
417 2410 477 2463 τὸ
513 2411 610 2480 μὲν
642 2410 743 2479 τῆς
777 2410 1032 2476 ἀληθείας
1066 2411 1262 2472 κάλλος
1297 2410 1722 2481 ἀπεστρέφοντο,
1763 2416 1877 2477 τοῖς

288 2502 346 2555 δὲ
372 2504 429 2555 ἐν
458 2499 617 2572 ἀχλύῖ
651 2501 744 2554 καὶ
781 2500 954 2570 σκότῳ
987 2500 1257 2570 βαδίζουσι
1288 2502 1680 2573 παραπλήσιοι,
1740 2504 1877 2575 πρὸς

288 2593 379 2646 τὸν
405 2595 470 2645 ἐκ
498 2592 596 2662 τῆς
621 2590 828 2654 οἰκείας
856 2592 1098 2661 ἀμαθίας
1129 2593 1437 2663 κατῴχοντο
1474 2593 1683 2665 βόθρον,
1718 2594 1875 2648 εἰδώ-

288 2684 403 2746 λοις
433 2682 659 2753 ἀψύχοις
678 2682 1051 2755 λατρεύοντες,
1086 2686 1179 2736 καὶ⁵
1207 2684 1285 2755 τῷ
1316 2685 1412 2755 μὲν
1440 2685 1579 2755 ξύλῳ
1603 2686 1874 2755 λέγοντες·

294 2794 313 2826 ι
340 2774 471 2838 Θεός
503 2792 603 2844 μου
636 2769 685 2827 εἷ
717 2775 835 2838 ab,»
869 2773 947 2844 τῷ
972 2774 1025 2826 δὲ
1050 2774 1205 2845 λίθῳ,
1241 2794 1259 2826 ι
1282 2776 1352 2827 Σὺ
1384 2776 1676 2847 ὲγέννησάς
1711 2795 1777 2847 με
1802 2795 1815 2807 ο
1854 2797 1872 2828 ›

290 2866 469 2936 ἐτεροι
530 2866 586 2918 δὲ
645 2866 807 2919 πάλιν
856 2866 1298 2936 πλημμελοῦντες
1360 2866 1429 2919 τὰ
1487 2868 1727 2937 συγγενῆ
1781 2868 1878 2935 μὲν

294 2956 558 3024 ἐκείνοις,
609 2957 959 3027 ἀστειοτέραν
1017 2955 1060 3008 δ’
1106 2952 1198 3010 οὖν
1262 2956 1408 3027 ὅμως
1472 2956 1879 3026 ἐπιτηδεύοντες

296 3050 527 3118 πλάνην,
549 3051 613 3119 τῇ
651 3048 827 3102 κτίσει
860 3047 1142 3117 λατρεύειν
1175 3048 1344 3118 ᾤοντο
1372 3051 1567 3119 χρῆναι
1598 3049 1748 3120 παρὰ
1786 3050 1877 3101 τὸν

292 3142 572 3203 κτίσαντα,
610 3140 703 3193 καὶ
750 3141 847 3210 τὴν
902 3143 1035 3211 μόνῃ
1090 3140 1407 3211 πρέπουσαν
1455 3140 1613 3205 δόξαν
1655 3142 1721 3210 τῇ
1759 3138 1878 3209 Θεία

1983 1963 2142 2032 eique
2175 1961 2330 2015 cibos
2374 1962 2579 2016 obtulit
2614 1962 2868 2017 eximios.
2898 1961 3032 2015 Nam
3077 1977 3200 2015 cum
3234 1960 3553 2017 Graecortun

1984 2058 2159 2125 pueri,
2227 2056 2519 2109 mundanae
2570 2054 2774 2107 addicti
2836 2055 3144 2123 sapicntirc,
3174 2064 3229 2109 et
3296 2056 3555 2124 spiritum

1978 2148 2246 2218 principis
2277 2148 2467 2202 saeculi
2498 2147 2662 2215 hujus
2697 2155 2810 2199 tota
2864 2147 3031 2201 veluti
3080 2154 3264 2201 mente
3294 2148 3557 2203 haurien-

1974 2248 2079 2304 tes,
2112 2239 2176 2292 ad
2202 2239 2409 2293 cultum
2443 2237 2742 2292 multorum
2774 2237 3007 2291 deorum
3040 2236 3205 2291 delati
3263 2245 3471 2300 essent,
3502 2246 3559 2292 et

1978 2330 2227 2387 veritatis
2290 2331 2511 2400 quidem
2564 2327 3030 2400 pulchritudinem
3078 2329 3338 2392 aversati,
3376 2328 3558 2397 iisque

1977 2423 2188 2483 similes
2226 2423 2318 2493 qui
2374 2424 2427 2476 in
2458 2423 2701 2478 tenebris
2751 2420 3073 2483 ambulant,
3127 2420 3185 2473 in
3235 2420 3558 2490 ignorantia

1983 2528 2097 2568 suae
2129 2513 2339 2567 foveam
2374 2512 2731 2578 decidissent,
2761 2512 2906 2566 idola
2951 2511 3253 2565 inanimata
3284 2511 3552 2573 colentes,

1977 2614 2029 2658 et
2070 2604 2221 2673 ligno
2258 2603 2476 2673 quidem
2522 2604 2770 2658 dicentes
2810 2604 2854 2635 ”
2885 2620 2898 2656 :
2943 2619 2961 2653 ι
2999 2601 3144 2657 Deus
3173 2617 3327 2657 meus
3361 2617 3421 2657 es
3456 2612 3554 2669 tu;

1977 2702 2029 2747 ct
2068 2694 2235 2762 lapidi
2285 2712 2298 2744 :
2340 2693 2421 2746 Tu
2470 2692 2709 2763 genuisti
2757 2708 2874 2758 me;
2917 2710 2936 2744 ι
2972 2692 3083 2763 na
3121 2692 3325 2762 aliique
3366 2693 3553 2747 eadem

1978 2795 2291 2852 peccantes,
2333 2783 2426 2838 sed
2467 2784 2816 2837 nrbaniorem
2862 2798 2977 2852 pra:
3026 2800 3085 2839 se
3122 2784 3367 2838 ferentes
3400 2800 3555 2839 erro-

1980 2889 2124 2938 rem,
2165 2881 2477 2927 creaturam
2511 2873 2794 2927 colendam
2824 2888 3070 2943 essepra:
3094 2874 3356 2929 Creatore
3391 2883 3555 2943 puta-

1980 2971 2123 3026 rent,
2150 2969 2204 3016 et
2241 2962 2343 3015 soli
2379 2970 2593 3016 natura;
2632 2959 2832 3016 divinae
2869 2962 3097 3030 gloriam
3136 2963 3555 3018 convenientem

1979 3048 2180 3102 creatis
2216 3048 2286 3101 ab
2336 3049 2451 3117 ipsa
2504 3049 2792 3105 elementis
2846 3048 3175 3114 tribuerent,
3238 3050 3555 3105 necessario

1981 3140 2140 3192 nobis
2168 3138 2480 3207 Theologus
2506 3138 2759 3208 Opificem
2792 3138 3094 3193 secundum
3117 3148 3369 3194 naturam
3396 3154 3553 3195 suam

291 3232 487 3301 φύσει,
541 3233 654 3294 τοῖς
709 3231 839 3301 παρ’
884 3232 1067 3295 αὐτοῖς
1114 3230 1533 3299 γεγεννημένοις
1581 3230 1708 3301 [ιον.
1746 3231 1872 3300 παρ’

1978 3246 2098 3285 esse
2145 3232 2441 3299 persuadet
2493 3232 2883 3300 Unigcnitum,
2934 3230 3166 3294 dicens,
3222 3234 3406 3288 omnia
3455 3248 3555 3303 per

290 3325 460 3396 αὐτῆς
500 3325 922 3397 γεγενημένοις]
989 3324 1304 3396 ἐχαρίζοντο
1355 3322 1667 3392 στοιχείοις,
1709 3323 1875 3387 ἀναγ-

293 3418 461 3480 καίως
489 3420 623 3488 ἡμῖν
655 3418 683 3470 ό
715 3417 975 3486 Θεολόγος
1006 3418 1231 3488 ποιητὴν
1265 3416 1395 3469 ὄντα
1422 3415 1514 3467 καὶ
1547 3414 1874 3485 δημιουργὸν

292 3510 435 3561 κατὰ
466 3508 627 3576 φύσιν
662 3510 903 3581 εἰσφέρει
932 3510 1022 3563 τὸν
1063 3510 1363 3577 Μονογενῆ,
1405 3505 1580 3559 πάντα
1611 3505 1782 3572 λέγων
1808 3504 1874 3556 δι’

294 3598 457 3652 αύτοῦ
509 3599 857 3668 γεγενῆσθαι,
896 3601 990 3652 καὶ
1042 3599 1210 3669 χωρὶς
1259 3595 1423 3650 αὑτοῦ
1477 3595 1640 3665 μηδὲν
1685 3596 1764 3657 είς
1813 3595 1875 3647 τὸ

294 3685 435 3744 εἶναι
479 3690 803 3762 παρελθεῖν,
869 3691 953 3743 ἵνα
1004 3694 1122 3753 ταῖς
1186 3688 1317 3756 παρ’
1367 3686 1589 3740 ἐκείνων
1640 3686 1875 3749 ἀπάταις

295 3780 595 3852 ἀποκλείσῃ
636 3781 736 3853 τὴν
764 3784 843 3845 είς
869 3782 928 3835 τὸ
959 3782 1146 3853 πρόσω
1177 3778 1427 3850 πάροδον,
1468 3777 1559 3829 καὶ
1593 3776 1740 3849 δείξῃ
1775 3776 1872 3846 μὲν

294 3876 406 3934 τοῖς
443 3873 544 3926 οὐκ
576 3873 738 3926 εἰδόσι
767 3874 856 3926 τὸν
893 3874 1147 3927 ἁπάντων
1176 3869 1577 3939 γενεσιουργὸν,
1621 3869 1686 3921 δι’
1713 3862 1788 3920 ὧν
1816 3867 1874 3920 δὲ

293 3965 391 4035 τὴν
426 3965 603 4018 κτίσιν
638 3965 967 4035 πεποιῆσθαι
999 3982 1152 4035 φησι,
1182 3962 1270 4017 διὰ
1302 3962 1505 4015 τούτων
1534 3961 1709 4015 αὐτῶν
1739 3960 1877 4013 ἐκδι-

293 4055 465 4127 δάσκη
514 4057 734 4126 σαφῶς,
783 4059 973 4128 ὅτιπερ
1024 4055 1208 4125 ἓτερός
1252 4056 1365 4106 ἐστι
1409 4053 1539 4124 παρ’
1587 4051 1801 4124 ἐκείνην
1847 4052 1876 4103 ὁ

294 4151 431 4219 πρὸς
464 4150 525 4201 τὸ
563 4146 701 4201 εἶναι
733 4148 936 4212 καλῶν,
972 4148 1065 4201 καὶ
1098 4147 1321 4218 ἀρρήτῳ
1351 4146 1578 4215 δυνάμει
1606 4159 1877 4215 παρενεγ-

294 4240 408 4293 κὼν
442 4241 506 4292 ἐκ
549 4239 623 4310 μὴ
667 4240 835 4292 ὅντων
881 4238 949 4291 τὰ
993 4239 1123 4292 ὄντα
1172 4237 1307 4308 πρὸς
1353 4237 1583 4305 γένεσιν.
1620 4231 1728 4288 Ἦν
1768 4234 1877 4307 γάρ

293 4332 439 4387 οὕτω
467 4333 653 4387 λοιπὸν
684 4334 791 4387 ἀπὸ
821 4334 1085 4403 καλλονῆς
1116 4332 1433 4403 κτισμάτων
1479 4333 1758 4400 ἀναλόγως
1785 4331 1877 4385 τὸν

292 4426 547 4495 τεχνίτην
574 4427 729 4496 όρᾷν,
767 4426 862 4478 καὶ
894 4425 983 4479 τὸν
1017 4425 1147 4478 ὄντα
1184 4424 1303 4477 κατ’
1336 4424 1596 4494 ἀλήθειαν
1626 4420 1877 4491 ἐπιγινώ-

298 4534 451 4571 σκειν
481 4517 635 4579 Θεὸν,
685 4516 751 4570 δι’
786 4509 846 4569 οὗ
878 4517 946 4569 τά
974 4518 1153 4571 πάντα
1186 4517 1374 4585 γέγονέ
1408 4534 1466 4569 τε
1497 4516 1618 4586 ήδη,
1656 4513 1751 4567 καὶ
1777 4529 1875 4591 ’γε-

293 4608 491 4676 γονότα
542 4608 793 4673 σώζεται.
851 4609 981 4671 Ταῖς
1028 4608 1126 4678 μὲν
1161 4604 1253 4661 οὖν
1307 4608 1575 4677 Ἐλλήνων
1616 4604 1875 4675 ψευδολα-

293 4717 323 4752 τ
333 4701 491 4772 ρίαις,
516 4700 689 4764 οὕτως
716 4701 782 4755 ἂν
812 4697 963 4771 οἶμαι
996 4702 1177 4765 καλῶς
1205 4702 1295 4756 τὸν
1322 4702 1672 4771 εύαγγελικδν
1701 4718 1875 4772 παρα-

292 4792 559 4856 τάξασθαι
591 4794 765 4861 λόγον,
796 4794 998 4865 ταύτης
1026 4811 1084 4846 τε
1118 4793 1278 4848 ἕνεκα
1306 4796 1408 4865 τῆς
1440 4795 1619 4857 αἰτίας
1648 4793 1875 4864 ποιητὴν

295 4885 546 4953 εἱσῆχθαι
608 4887 700 4938 καὶ
731 4886 1081 4958 δημιουργὸν,
1117 4887 1205 4941 διὰ
1238 4889 1338 4954 τῆς
1372 4887 1465 4941 τοῦ
1497 4888 1653 4954 ἁγίου
1694 4886 1876 4956 φωνῆς

1978 3320 2157 3388 ipsum
2198 3318 2339 3375 facta
2381 3335 2528 3383 esse,
2561 3331 2612 3374 et
2661 3320 2783 3375 sine
2823 3322 2944 3391 ipso
2981 3322 3117 3376 nihil
3149 3325 3218 3377 ad
3261 3338 3383 3378 esse
3422 3339 3554 3393 pro-

1976 3410 2201 3463 ductum
2228 3448 2242 3471 ,
2275 3418 2333 3463 ut
2375 3426 2566 3465 eorum
2616 3410 2840 3467 fraudes
2882 3412 3239 3476 retunderet,
3275 3424 3329 3469 et
3368 3429 3552 3469 rerum

1976 3501 2221 3554 omnium
2256 3509 2541 3555 auctorem
2574 3502 2783 3571 ignaris
2834 3504 3172 3569 ostenderet,
3210 3516 3263 3558 et
3308 3519 3404 3573 per
3432 3522 3555 3574 qua:

1979 3592 2180 3645 factam
2217 3608 2342 3647 esse
2385 3602 2697 3649 creaturam
2746 3596 2861 3661 ait,
2918 3610 3014 3665 per
3070 3596 3184 3650 haec
3237 3596 3352 3665 ipsa
3406 3598 3555 3652 clare

1977 3683 2203 3737 doceret
2235 3684 2403 3736 alium
2428 3700 2551 3739 esse
2581 3686 2650 3739 ab
2678 3686 2794 3755 ipsa
2827 3700 2954 3741 eum
2989 3686 3081 3756 qui
3115 3687 3180 3741 ad
3213 3703 3335 3742 esse
3369 3698 3551 3753 vocat,

1978 3784 2033 3829 et
2067 3774 2332 3829 ineffabili
2356 3776 2559 3829 virtute
2587 3793 2673 3832 res
2709 3792 2739 3833 e
2762 3778 2934 3833 nihilo
2966 3780 3220 3848 producit
3250 3779 3305 3832 in
3341 3788 3551 3833 ortum.

1980 3865 2094 3921 Hoc
2147 3867 2293 3921 enim
2352 3877 2510 3936 pacto
2575 3883 2641 3923 ex
2715 3869 3127 3938 pulchritudine
3169 3880 3553 3927 creaturarum

1976 3959 2229 4028 opificem
2283 3960 2652 4017 similitudine
2700 3963 2938 4032 quadam
2991 3978 3221 4018 cernere
3281 3964 3447 4027 licet,
3497 3971 3556 4019 et

1976 4070 2165 4107 revera
2225 4054 2580 4109 exsistentem
2630 4055 2797 4111 Deum
2851 4072 3186 4126 agnoscere,
3251 4073 3347 4128 per
3393 4073 3553 4128 quem

1976 4147 2161 4200 omnia
2194 4145 2337 4201 facta
2378 4156 2542 4213 sunt,
2578 4156 2632 4203 et
2673 4157 2859 4203 creata
2894 4160 3317 4205 conservantur.
3347 4150 3557 4203 Adver-

1978 4255 2074 4295 sus
2110 4239 2426 4295 Graecorum
2464 4242 2632 4312 igitur
2664 4242 3030 4297 idololatriam
3066 4250 3213 4297 recte
3258 4243 3361 4297 hoc
3395 4251 3555 4311 pacto

1978 4347 2290 4387 sermonem
2338 4333 2715 4401 evangelicum
2770 4334 2921 4387 velut
2972 4333 3027 4387 in
3078 4334 3251 4389 aciem
3295 4333 3557 4388 eduxisse

1980 4424 2240 4488 arbitror,
2276 4438 2507 4493 eamque
2544 4426 2612 4477 ob
2650 4438 2872 4479 causam
2905 4423 3167 4479 factorem
3205 4436 3259 4479 et
3297 4425 3553 4494 opificem

1981 4523 2257 4571 assertum
2308 4531 2429 4571 esse
2459 4516 2637 4571 sancti
2683 4531 2816 4570 voce
2856 4516 3137 4571 credimus
3178 4515 3553 4586 Unigenitum.

1980 4607 2440 4677 Quandoquidem
2492 4623 2620 4662 vero
2669 4615 3097 4663 consentaneum
3141 4617 3226 4662 est
3268 4607 3559 4662 haeretico-

1983 4716 2104 4755 rum
2133 4715 2391 4770 perversa
2419 4706 2726 4755 commenta
2764 4699 2926 4755 etiam
2974 4700 3308 4768 intelligere,
3348 4700 3549 4765 opinor

1983 4793 2050 4848 ad
2080 4794 2297 4847 illorum
2329 4806 2513 4846 mores
2540 4791 2893 4861 respiciendo
2924 4790 3124 4861 subjici
3157 4806 3334 4862 pauca
3356 4805 3557 4845 rursus

1982 4892 2257 4953 oportere.

293 4978 383 5031 τὸν
414 4981 689 5050 Μονογενῆ
717 4981 1065 5049 πιστεύομεν.
1113 4980 1325 5051 Ἐπειδὴ
1397 4982 1453 5034 δὲ
1496 4981 1786 5035 ἀκόλουθον
1855 4980 2054 5032 ἐννοεῖν
2100 4977 2193 5030 καὶ
2260 4976 2359 5038 τὰς
2425 4975 2531 5028 τῶν
2577 4972 2869 5046 αίρετικῶν
2914 4973 3243 5045 δυστρόπους
3285 4969 3556 5040 εὑρεσιλο-

294 5073 440 5140 γίας,
474 5077 767 5144 προσήκειν
804 5075 1044 5145 ἡγοῦμαι
1088 5078 1180 5129 καὶ
1219 5078 1355 5148 πρὸς
1386 5077 1452 5130 τὰ
1484 5078 1709 5131 ἐκείνων
1733 5074 2140 5135 ἀποϐλέποντας
2174 5072 2269 5142 ἔθη
2309 5071 2479 5143 μικρὰ
2510 5072 2673 5125 πάλιν
2704 5072 2899 5125 εἰπεῖν.

367 5163 589 5230 Πάντα,
638 5167 791 5235 φησὶ,
834 5166 905 5218 δι’
930 5167 1115 5221 αὐτοῦ
1144 5166 1402 5236 ἐγένετο,
1443 5170 1540 5221 καὶ
1568 5168 1743 5237 χωρίς
1770 5167 1875 5219 αὐ-

295 5253 402 5307 τοῦ
425 5254 663 5324 ἐγένετο
692 5255 833 5310 οὐδὲ
866 5257 953 5311 ἓν.

367 5346 681 5419 Θεοπρεπὲς
730 5350 824 5402 καὶ
874 5349 1032 5403 τοῦτο
1082 5350 1391 5422 περιτίθησι
1433 5350 1493 5403 τὸ
1534 5351 1750 5420 ἀξίωμα
1795 5352 1874 5421 τῷ

295 5435 430 5508 Υίῷ,
466 5440 557 5492 καὶ
586 5440 919 5510 πανταχόθεν
958 5442 1238 5511 όμοούσιον
1266 5443 1395 5495 ὅντα
1424 5443 1682 5496 δεικνύων
1713 5444 1873 5496 αὐτὸν

296 5528 375 5599 τῷ
411 5531 701 5603 Γεννήτορι
749 5530 888 5603 Θεῷ,
930 5533 1023 5584 καὶ
1064 5533 1240 5587 πάντα
1277 5534 1345 5586 τά
1383 5533 1577 5604 ἐκείνῳ
1608 5536 1873 5603 προσόντα

299 5623 542 5690 φυσικῶς
576 5624 900 5694 ἐνυπάρχειν
944 5625 1022 5694 τῷ
1047 5627 1343 5697 γεννήματι
1372 5625 1544 5694 λέγων
1570 5640 1583 5654 ⁸
1634 5628 1720 5681 ἵνα
1742 5628 1874 5694 Θεὸς

299 5713 365 5764 ἐκ
406 5712 540 5765 Θευῦ
588 5715 769 5785 νοῆται
818 5716 958 5769 κατά
988 5717 1264 5789 ἀλήθειαν,
1316 5717 1375 5771 ού
1424 5718 1672 5791 καθάπερ
1715 5721 1874 5793 ἡμεῖς

366 5871 414 5906 τ⁷
444 5870 643 5928 Jerem.
683 5889 718 5925 ll
741 5914 755 5933 ,
782 5875 873 5927 Ἡ.

2056 5163 2270 5225 Omnia,
2307 5163 2506 5232 inquit,
2541 5177 2632 5231 per
2662 5163 2833 5231 ipsum
2864 5161 3010 5228 facta
3042 5165 3185 5223 sunt,
3214 5165 3262 5209 et
3286 5157 3400 5211 sine
3439 5158 3556 5227 ipso

1983 5258 2183 5326 factum
2208 5265 2285 5309 est
2314 5254 2466 5308 nihil.

2051 5348 2301 5402 Divinam
2332 5347 2476 5401 hanc
2512 5359 2734 5415 quoque
2770 5341 3093 5410 dignitatem
3147 5336 3291 5392 Filio
3339 5339 3551 5403 tribuit,

1981 5456 2105 5495 cum
2158 5442 2343 5511 ipsum
2389 5436 2542 5492 omni
2570 5452 2637 5493 ex
2673 5442 2830 5507 parte
2867 5431 3399 5486 consubstantialem
3432 5448 3552 5487 esse

1983 5532 2089 5588 Deo
2118 5532 2265 5587 Patri
2296 5531 2610 5593 ostendens,
2663 5536 2775 5580 tum
2806 5524 2989 5578 omnia
3020 5523 3287 5577 exsistere
3321 5521 3374 5576 in
3402 5538 3555 5591 gem-

1981 5627 2127 5681 mine
2160 5638 2415 5680 asserens
2441 5662 2455 5686 ,
2498 5632 2838 5691 quaecunque
2870 5614 3018 5670 Patri
3064 5616 3259 5670 insunt
3308 5622 3506 5669 natura
3536 5630 3548 5666 :

1982 5727 2042 5774 ut
2068 5712 2211 5775 Deus
2241 5718 2307 5772 de
2336 5716 2446 5771 Deo
2472 5711 2810 5782 intelligatur
2839 5723 2963 5766 esse
2992 5721 3207 5774 revera,
3237 5720 3346 5762 non
3385 5704 3531 5762 sicut
