4168 6554
625 421 695 476 79
1623 406 1680 461 S.
1721 405 2001 459 C\'RlLLl
2038 396 2507 457 ALEXANDRINI
2543 394 2861 449 ARCHIEP.
3825 390 3899 442 80

628 553 732 593 nos
789 530 1150 588 adventitiam
1215 527 1427 581 habens
1483 524 1943 594 appellationem,
1998 530 2053 576 et
2114 532 2212 590 per

2315 515 2602 583 ἐπίκτητον
2648 510 2784 581 ἔχων
2829 509 2927 580 τὴν
2975 507 3381 580 προσηγορίαν,
3436 504 3531 561 atat
3577 505 3667 559 διὰ
3724 506 3897 575 μόνης

628 627 802 683 solam
840 623 1072 694 gratiam
1104 619 1267 675 nobis
1300 617 1540 672 additam
1570 658 1583 683 ,
1620 616 1778 686 juxta
1822 613 1956 669 illud
1986 630 1999 668 :
2039 632 2057 664 ι
2093 610 2206 679 Ego

629 718 743 772 dixi
776 735 788 769 :
822 715 903 768 Dii
931 713 1087 779 estis,
1120 718 1174 767 et
1201 710 1297 765 ﬁlii
1327 709 1538 765 Excelsi
1584 722 1780 763 omnes
1800 706 1866 761 ’3.
1918 725 1935 759 ›
1974 704 2033 759 Si
2058 703 2204 757 enim

629 810 814 863 omnia
846 807 989 861 facta
1018 814 1145 859 sunt
1167 820 1264 874 per
1298 804 1510 873 ipsum,
1548 801 1803 855 diversus
1832 799 1939 854 erit
1978 797 2095 866 ipse
2138 794 2206 848 ab

631 900 911 955 omnibus.
965 896 1100 951 Nam
1145 911 1270 950 cum
1313 894 1495 959 dicat,
1547 912 1564 943 ι
1604 892 1823 956 omnia,
1864 910 1882 943 ι
1935 887 2071 943 nihil
2124 894 2210 942 est

630 993 778 1063 quod
818 993 875 1045 in
919 989 1178 1045 omnibus
1213 1001 1322 1041 non
1367 984 1905 1055 comprehendatur,
1943 978 2208 1051 quemad-

632 1085 855 1139 modum
888 1096 1085 1151 nempe
1144 1081 1338 1135 beatus
1392 1093 1611 1148 quoque
1663 1074 1868 1129 Paulus
1919 1074 1993 1128 ita
2046 1072 2201 1137 illud,

637 1197 657 1228 ι
700 1176 907 1239 omnia,
943 1194 962 1225 ι
1026 1172 1365 1227 intellexisse
1419 1167 1773 1240 comperitur.
1812 1166 1945 1220 Nam
1998 1180 2119 1221 cum
2151 1166 2207 1218 in

635 1268 870 1338 quadam
894 1265 1142 1335 Epistola
1168 1264 1232 1319 de
1263 1262 1545 1316 Salvatore
1580 1267 1772 1316 nostro
1799 1258 1960 1314 verba
1985 1256 2206 1323 faceret,

634 1361 955 1428 diceretque
984 1357 1166 1411 omnia
1212 1354 1455 1422 subjecta
1490 1368 1615 1409 esse
1665 1352 1769 1407 sub
1804 1351 2030 1421 pedibus
2065 1350 2206 1419 ejus,

635 1458 778 1511 bene
846 1452 1035 1521 utique
1090 1450 1378 1519 subjungit
1434 1467 1447 1501 :
1509 1465 1527 1498 ι
1590 1447 1724 1502 Cum
1788 1455 1967 1500 autem
2038 1443 2207 1507 dicat,

636 1549 873 1609 Omnia.
948 1544 1086 1600 nihil
1159 1543 1365 1598 dimisit
1425 1557 1535 1596 non
1592 1540 1908 1610 subjectum
1979 1538 2026 1593 ei
2057 1540 2124 1595 θ’,
2185 1556 2203 1590 ι

530 1668 536 1676 -
634 1641 740 1713 ﬁs
769 1639 957 1708 Itaque
991 1652 1114 1691 eum
1160 1634 1344 1690 omnia
1383 1649 1476 1703 per
1507 1630 1704 1685 Filium
1753 1629 1898 1685 facta
1931 1643 2055 1685 esse
2088 1644 2209 1684 cre-

634 1728 865 1789 damus,
925 1739 1033 1778 non
1096 1734 1273 1777 tamen
1323 1723 1507 1792 ipsum
1562 1736 1728 1775 unum
1782 1719 2025 1773 omnium
2087 1734 2209 1774 esse

633 1827 913 1889 putemus,
951 1815 1045 1872 sed
1073 1826 1230 1871 extra
1261 1815 1444 1869 omnia
1481 1813 1703 1883 quidem
1748 1812 1989 1882 positum
2021 1826 2209 1867 cense-

634 1912 849 1975 bimus,
910 1922 1145 1976 eumque
1201 1921 1229 1959 a
1283 1913 1669 1959 creaturarum
1715 1912 1909 1956 natura
1949 1911 2001 1956 et
2032 1902 2210 1971 specie

637 2004 1023 2073 sejungentes,
1075 1998 1213 2054 nihil
1246 1996 1392 2050 aliud
1437 2011 1601 2063 quam
1650 1994 1818 2049 Deum
1870 1994 1938 2049 de
1971 1993 2081 2048 Deo
2112 2008 2212 2047 na-

636 2102 759 2150 tura
796 2109 892 2149 sua
918 2108 1039 2148 esse
1070 2091 1379 2146 fatebimur.
1420 2087 1558 2154 Quid
1590 2088 1733 2142 enim
1762 2088 1905 2141 inter
1952 2085 2117 2141 Deum
2156 2095 2211 2141 et

638 2198 944 2245 creaturam
989 2183 1329 2240 intercedere
1362 2180 1759 2245 concedamus,
1814 2196 1925 2235 non
1959 2179 2087 2235 dico
2119 2195 2211 2234 ra-

639 2281 790 2334 tione
841 2277 1167 2333 substantia:
1216 2276 1452 2346 (magna
1492 2272 1639 2329 enim
1682 2280 1767 2328 est
1798 2271 2207 2343 intercapedo),

637 2373 731 2426 sed
763 2371 909 2440 quod
959 2368 1336 2424 tantummodo
1392 2366 1539 2420 aliud
1594 2380 1720 2421 esse
1768 2364 2073 2434 cogitetur?
2118 2370 2212 2418 aut

636 2478 799 2531 quem
830 2462 1013 2516 locum
1043 2460 1211 2514 alium
1243 2458 1538 2513 habiturus
1574 2464 1657 2509 est
1686 2454 1881 2521 Filius,
1924 2454 2018 2525 qui
2065 2468 2215 2508 erea-

637 2566 888 2608 turarum
934 2561 1188 2608 naturam
1222 2562 1481 2622 superat,
1535 2553 1645 2606 imo
1678 2565 1807 2604 VCI'O
1836 2554 2211 2602 creaturarum

637 2654 722 2700 est
747 2645 970 2715 Opifex?
1004 2644 1198 2699 Omnia
1240 2645 1442 2715 quippe
1499 2644 1641 2697 facta
1702 2648 1831 2696 sunt
1867 2654 1962 2708 per
2007 2638 2210 2708 ipsum,

638 2747 901 2808 tanquam
935 2753 1029 2808 per
1058 2737 1315 2791 virtutem
1341 2747 1395 2791 et
1429 2734 1758 2805 sapientiam
1801 2731 1894 2787 Dei
1921 2747 1984 2786 ac
2008 2729 2211 2795 Patris,

636 2846 744 2885 tum
761 2830 978 2899 quidem
1006 2829 1060 2883 in
1085 2837 1278 2881 natura
1308 2827 1575 2897 genitoris
1601 2822 2003 2885 absconditam,
2026 2822 2213 2891 cujus-

638 2920 787 2975 modi
813 2919 1033 2975 exsistit
1078 2918 1133 2972 in
1168 2918 1393 2972 homine
1439 2917 1707 2986 sapientia
1753 2923 1808 2971 et
1855 2915 2069 2978 virtus,
2115 2913 2210 2968 sed

638 3008 863 3080 proprie
902 3015 957 3063 et
1003 3022 1097 3076 per
1145 3021 1204 3061 se
1238 3005 1633 3061 subsistentem
1661 3045 1676 3069 ,
1730 3021 1919 3059 verum
1955 3002 2210 3059 ineffabili

639 3097 1010 3169 generationis
1052 3095 1215 3150 modo
1244 3096 1608 3151 nihilominus
1637 3111 1701 3151 ex
1734 3094 1896 3150 Patre
1936 3094 2214 3166 prodeun-

2309 609 2440 676 ἡμῖν
2477 601 2913 676 προσγενομένην
2942 600 3183 673 χάριτος,
3220 599 3361 654 κατά
3388 599 3481 665 τὸ,
3511 617 3531 651 ι
3572 596 3713 667 Ἐγὼ
3738 592 3895 663 εἶπα,

2308 698 2431 751 Θεοί
2462 698 2605 758 tota,
2636 696 2731 749 καὶ
2756 695 2861 747 υἱοὶ
2902 694 3155 762 Ὑψίστου
3186 693 3405 756 πάντες.
3440 710 3460 744 ι
3492 693 3555 746 Εί
3581 691 3691 763 7&9
3714 692 3899 744 πάντα

2308 791 2373 844 δι’
2404 790 2568 845 αὑτοῦ
2596 788 2842 857 ἐγένετο,
2885 787 3072 858 ἕτερος
3107 787 3172 840 ἂν
3202 786 3287 856 εἴη
3314 785 3423 839 τῶν
3448 784 3667 837 πάντων
3698 783 3893 845 αὐτός’

2308 884 2366 935 tv
2390 881 2495 953 7&9
2521 880 2599 951 τῷ
2626 900 2642 931 ι
2666 880 2861 943 πάντα,
2888 898 2906 930 ›
2940 879 3093 932 οὐδέν
3130 881 3299 942 ἐστιν,
3329 877 3357 930 δ
3388 876 3463 947 μὴ
3491 877 3548 929 tv
3584 878 3696 939 τοῖς
3725 878 3896 928 πᾶσιν

2308 976 2521 1045 ὁρᾶται,
2566 973 2753 1042 ῶσπερ
2782 966 2874 1025 οὖν
2908 970 3098 1039 ἀμέλει
3141 969 3237 1022 καὶ
3280 971 3308 1021 6
3350 967 3619 1039 μακάριος
3653 967 3892 1030 Παῦλος,

2309 1066 2448 1119 οὑτω
2481 1065 2541 1119 τδ
2573 1066 2810 1119 «πάντα»
2847 1064 3046 1134 νοήσας
3077 1062 3408 1134 εὑρίσκεται.
3449 1060 3667 1132 Ἐπειδὴ
3699 1060 3807 1129 γάρ
3833 1062 3897 1113 tv

2313 1160 2412 1229 μιᾷ
2444 1174 2545 1209 που
2574 1156 2682 1210 τῶν
2714 1155 3010 1208 ἐπιστολῶν
3038 1156 3128 1207 τὸν
3162 1153 3289 1226 περὶ
3326 1152 3419 1206 τοῦ
3447 1153 3698 1223 Σωτῆρος
3735 1153 3896 1223 ἡμῶν

2309 1253 2548 1305 ἐποιεῖτο
2580 1250 2756 1319 λόγον,
2793 1249 2971 1301 πάντα
3016 1264 3077 1299 τε
3120 1246 3355 1315 ἔφασκεν
3394 1244 3754 1315 ὑποτετάχθαι
3787 1245 3898 1298 ὑπὸ

2311 1344 2437 1409 τοὺς
2467 1343 2633 1407 πόδας
2663 1342 2848 1405 αὑτοῦ,
2882 1339 3062 1403 καλῶς
3084 1356 3146 1408 γε
3181 1338 3382 1410 σφόδρα
3413 1338 3576 1391 ποιῶν
3603 1338 3853 1407 ἐπιφέρει
3874 1354 3894 1368 ·

2316 1456 2334 1489 ι
2374 1438 2463 1490 Ἑν
2507 1436 2617 1505 γὰρ
2660 1432 2737 1504 τῷ
2767 1435 2937 1486 εἰπεῖν
2970 1432 3035 1485 τὰ
3065 1431 3263 1497 πάντα,
3306 1430 3457 1483 οὐδὲν
3485 1429 3698 1499 ἀφῆκεν
3743 1428 3899 1500 αὑτῷ

2311 1527 2705 1580 ἀνυπότακτον.
2759 1544 2776 1575 ι
2838 1522 3047 1579 Οὑκούν
3110 1521 3404 1593 ἐπειδήπερ
3452 1522 3520 1574 τά
3574 1520 3751 1575 πάντα
3795 1538 3892 1590 γε-

2311 1618 2571 1690 γενῆσθαι
2596 1619 2664 1673 δι’
2698 1617 2828 1671 Υίού
2859 1615 3207 1686 πιστεύομεν,
3237 1614 3335 1669 οὑκ
3374 1613 3439 1667 ἂν
3472 1612 3631 1666 αὑτὸν
3663 1612 3757 1665 ἕνα
3783 1613 3893 1665 τῶν

2314 1712 2530 1765 πάντων
2557 1704 2695 1764 εἶναι
2718 1710 3021 1781 νοήσωμεν,
3048 1708 3161 1761 ἀλλ’
3188 1706 3292 1775 ἔξω
3320 1706 3421 1778 μὲν
3445 1707 3653 1761 κεῖσθαι
3675 1709 3894 1760 πάντων

2312 1803 2659 1874 λογιούμεθα,
2691 1806 2791 1874 τῆς
2824 1802 2881 1856 δὲ
2913 1802 3022 1856 τῶν
3054 1801 3296 1872 γενητῶν
3326 1800 3758 1873 ἀποδιορίζοντες
3791 1800 3896 1867 φύ-

2315 1896 2453 1960 σεώς
2504 1914 2563 1949 τε
2606 1897 2700 1949 καὶ
2732 1894 3024 1965 δμοειδίας,
3058 1893 3207 1947 οὐδὲν
3239 1894 3423 1964 ἕτερον
3452 1888 3589 1947 εἶναι
3624 1892 3829 1953 λοιπὸν.
3857 1891 3892 1962 ἢ

2312 1987 2445 2041 Θεὸν
2482 1990 2545 2041 ἐκ
2588 1986 2724 2041 Θεοῦ
2756 1986 2897 2041 κατά
2933 1985 3093 2055 φύσιν
3120 1986 3547 2057 ὁμολογήσομεν.
3593 1985 3658 2037 Τί
3690 1983 3801 2056 γάρ
3828 1984 3896 2037 ἄν

2310 2099 2391 2145 τις
2439 2081 2552 2152 δοίη
2588 2081 2649 2134 τὸ
2700 2080 2898 2151 μεταξὺ
2931 2078 3064 2133 Θεοῦ
3120 2078 3213 2132 καὶ
3252 2078 3479 2141 κτίσεως
3522 2078 3635 2147 (καὶ
3664 2077 3723 2129 οὑ
3752 2076 3900 2128 κατά

2310 2174 2466 2244 λόγον
2510 2175 2652 2244 φημὶ
2679 2174 2769 2227 τὸν
2802 2174 2903 2243 τῆς
2948 2173 3136 2236 οὐσίας
3159 2189 3173 2203 ⁸
3225 2171 3358 2225 πολὺ
3409 2170 3517 2241 γὰρ
3552 2170 3611 2223 τὸ
3646 2167 3850 2237 μεταξύ
3877 2182 3891 2198 ⁸

2312 2266 2453 2319 κατά
2500 2263 2667 2336 μόνην
2699 2264 2757 2317 δὲ
2802 2265 2901 2334 τὴν
2933 2262 3119 2333 ἐτέρου
3152 2262 3295 2325 τινὸς
3337 2260 3446 2314 τῶν
3495 2260 3684 2325 ὄντων,
3730 2259 3805 2323 ὠς
3835 2261 3893 2310 ὲν

2311 2358 2494 2428 νοήσει
2526 2355 2698 2425 θέσιν)
2722 2355 2791 2424 ;ἢ
2824 2357 2974 2409 ποῖον
3004 2355 3113 2419 ἕξει
3143 2354 3306 2407 τόπον
3338 2355 3522 2425 ἕτερον
3555 2354 3583 2406 6
3612 2353 3762 2417 Υἱὸς,
3793 2354 3898 2425 τὴν

2310 2448 2418 2501 τῶν
2443 2448 2763 2519 ποιημάτων
2792 2447 2953 2518 φύσιν
2986 2446 3399 2517 ὑπερκείμενος,
3427 2446 3626 2517 μᾶλλον
3651 2445 3707 2499 δὲ
3732 2445 3897 2507 αὑτὸς

2314 2540 2578 2611 ὑπάρχων
2609 2543 2637 2595 6
2669 2540 2932 2611 ποιητής;
2982 2540 3174 2608 Γέγονε
3213 2540 3309 2610 μὲν
3354 2538 3461 2609 γὰρ
3492 2538 3560 2591 τὰ
3609 2539 3786 2593 πάντα
3824 2539 3895 2590 δι’

2314 2632 2502 2698 αὑτοῦ,
2536 2634 2610 2696 ὡς
2634 2632 2722 2685 διὰ
2747 2632 3049 2701 δυνάμεως,
3074 2631 3149 2695 ὡς
3178 2631 3264 2685 διά
3297 2631 3486 2699 σοφίας
3511 2629 3605 2683 τοῦ
3634 2631 3768 2684 Θεοῦ
3800 2632 3896 2682 καὶ

2315 2724 2560 2795 Πατρὸς,
2610 2725 2709 2778 οὑκ
2742 2726 2799 2777 tv
2830 2726 2896 2796 τῇ
2938 2723 3097 2793 φύσει
3139 2722 3232 2776 τοῦ
3262 2724 3620 2792 γεννήσαντος
3654 2740 3895 2793 κρυπτο-

2316 2818 2522 2888 μένης,
2577 2816 2765 2888 ῶσπερ
2811 2811 2904 2869 οὖν
2954 2816 3070 2867 ἐστι
3114 2815 3207 2867 καὶ
3241 2815 3297 2867 tv
3330 2812 3601 2885 ἀνθρώπῳ
3652 2815 3813 2883 τυχὸν
3860 2817 3899 2884 ή

2312 2910 2697 2980 ἐνυπάρχουσα
2724 2907 2877 2979 αὑτῷ
2912 2908 3073 2977 σοφία
3129 2908 3223 2961 καὶ
3274 2906 3520 2978 δύναμις,
3572 2907 3685 2961 ἀλλ’
3750 2908 3898 2970 ἰδίως

2317 3004 2414 3072 μὲν
2448 3003 2540 3055 καὶ
2590 3001 2711 3054 καθ’
2743 3002 2944 3072 ἑαυτὴν
2989 3000 3340 3069 ὑφεστώσης,
3390 3000 3807 3072 προκυπτούσης
3847 3002 3900 3053 δ’

2313 3090 2406 3147 οὖν
2438 3094 2588 3163 ὅμως
2633 3092 2774 3146 κατά
2804 3092 2892 3145 τὸν
2930 3091 3167 3163 άῤῥητον
3214 3094 3310 3162 τῆς
3342 3093 3647 3162 γεννήσεως
3695 3094 3898 3163 τρόπον

642 3203 746 3247 tem
770 3232 784 3255 ,
835 3197 895 3245 ut
930 3188 1096 3245 etiam
1139 3188 1475 3259 intelligatur
1508 3204 1631 3245 esse
1678 3203 1869 3243 revera
1911 3186 2083 3243 Filius
2120 3203 2211 3242 sa-

2320 3188 2383 3239 ὲκ
2429 3184 2664 3255 Πατρὸς,
2703 3184 2788 3237 ἵνα
2824 3183 2917 3237 καὶ
2946 3184 3128 3255 νοῆται
3165 3184 3305 3237 κατά
3343 3183 3600 3255 ἀλήθειαν
3635 3186 3901 3255 ὑπάρχων

642 3281 845 3352 pientia
884 3288 939 3337 et
981 3280 1160 3335 virtus
1204 3278 1408 3334 Patris.
1458 3278 1561 3335 Sed
1615 3281 1830 3337 tametsi
1882 3282 2066 3335 omnia
2118 3296 2215 3350 per

643 3378 822 3445 ipsum
863 3376 1054 3430 beatus
1085 3374 1420 3442 evangelista
1476 3372 1617 3428 facta
1673 3388 1801 3429 esse
1847 3372 2034 3438 dicat,
2078 3373 2215 3428 nihil

641 3476 823 3522 tamen
870 3483 934 3522 ea
974 3482 1096 3537 quae
1149 3466 1217 3521 de
1256 3466 1375 3536 ipso
1427 3465 1691 3520 dicuntur
1739 3465 1864 3521 inde
1914 3467 2103 3521 laesum
2148 3466 2216 3520 iri

640 3567 793 3629 puto.
828 3558 945 3612 Non
976 3558 1121 3612 enim
1150 3558 1278 3628 quia
1308 3574 1393 3627 pet
1424 3558 1603 3628 ipsum
1630 3573 1719 3613 res
1743 3558 1902 3612 facta:
1931 3558 2213 3620 dicuntur,

642 3651 848 3707 idcirco
894 3664 1087 3705 servus
1133 3659 1187 3705 et
1232 3650 1422 3705 aliena:
1471 3649 1769 3705 voluntatis
1814 3648 2066 3704 minister
2090 3663 2219 3702 cen-

641 3742 848 3799 sendus
875 3742 999 3807 erit,
1047 3756 1115 3796 ne
1143 3751 1196 3797 et
1223 3749 1421 3796 natura
1461 3750 1811 3825 sua.creator
1846 3739 2039 3796 haberi
2068 3739 2218 3794 desi-

642 3844 755 3899 nat,
784 3841 878 3888 aut
900 3834 967 3888 ab
990 3833 1097 3888 alio
1116 3832 1349 3904 quodam
1373 3832 1597 3887 creandi
1624 3838 1949 3903 potestatem
1971 3831 2219 3901 accipere

640 3928 892 3981 videatur
928 3944 941 3979 :
974 3924 1227 3995 quinimo
1265 3924 1383 3993 ipse
1424 3924 1577 3979 solus
1614 3923 1794 3979 virtus
1828 3937 1957 3977 cum
2001 3922 2075 3977 sit
2121 3919 2218 3975 Dei

642 4032 705 4071 ae
727 4016 926 4082 Patris,
954 4030 1061 4087 qua
1086 4014 1260 4070 Filius
1283 4024 1337 4069 et
1361 4012 1691 4084 Uuigenitus
1722 4014 1907 4069 omnia
1934 4018 2216 4082 operatur,

640 4118 972 4181 cooperante
1018 4109 1282 4163 nimirum
1328 4114 1382 4162 et
1411 4108 1774 4162 coexsistente
1805 4105 1910 4176 ipsi
1949 4103 2134 4169 Patre,
2167 4115 2221 4160 et

639 4214 831 4259 sancto
879 4202 1108 4274 Spiritu,
1177 4201 1360 4256 omnia
1399 4201 1599 4271 quippe
1635 4210 1766 4255 sunt
1811 4214 1878 4254 ex
1918 4196 2079 4252 Patre
2123 4212 2220 4266 per

642 4298 858 4365 Filium,
880 4297 936 4351 in
967 4302 1155 4353 sancto
1186 4293 1412 4366 Spiritu.
1457 4292 1673 4348 Patrem
1715 4308 1845 4348 vero
1887 4290 2218 4347 coexsistere

642 4390 799 4453 Filio,
819 4403 1132 4450 censemus,
1152 4400 1261 4440 non
1287 4384 1444 4455 quasi
1483 4384 1551 4439 ad
1583 4382 1787 4453 aliquit)
1820 4380 2116 4438 creandum
2150 4379 2222 4436 sit

641 4483 929 4550 impotens,
968 4480 1060 4532 sed
1086 4477 1229 4546 quod
1268 4484 1416 4530 totus
1451 4476 1523 4530 sit
1555 4477 1608 4529 in
1642 4475 1761 4545 ipso
1790 4482 2013 4543 propter
2039 4471 2218 4525 omni—

2320 3280 2444 3342 Υἱὸς
2472 3282 2505 3350 ή
2545 3278 2704 3347 σοφία
2752 3279 2843 3331 καὶ
2877 3278 3104 3349 δύναμις
3158 3278 3249 3333 τοῦ
3280 3280 3510 3352 Πατρός.
3556 3280 3693 3333 Ἀλλ’
3722 3281 3769 3332 εί
3802 3281 3901 3332 καὶ

2320 3371 2499 3425 πάντα
2527 3371 2593 3423 δι’
2620 3370 2783 3424 αὑτοῦ
2814 3371 3140 3442 γεγενῆσθαί
3171 3389 3335 3441 φησιν
3364 3374 3391 3425 6
3421 3372 3688 3443 μακάριος
3721 3372 3903 3439 Εὐαγ-

2317 3463 2589 3533 γελιστὴς,
2646 3463 2793 3516 οὐδὲν
2844 3459 2998 3534 οἶμαι
3053 3463 3115 3516 τὸ
3168 3463 3361 3535 βλάϐος
3402 3466 3511 3527 τοῖς
3558 3464 3686 3535 περὶ
3734 3464 3900 3517 αὑτοῦ

2320 3555 2673 3626 προξενήσειν
2705 3556 2880 3625 λόγοις
2927 3554 2989 3608 τδ
3034 3556 3203 3625 ῥῆμα.
3256 3556 3330 3609 Ού
3361 3556 3465 3625 γάρ
3499 3556 3795 3627 ἐπειδήπερ
3829 3556 3904 3608 δι’

2318 3646 2483 3701 αὑτοῦ
2521 3646 2774 3714 γενέσθαι
2803 3648 2871 3700 τὰ
2894 3645 3025 3700 ὄντα
3053 3645 3291 3715 λέγεται,
3339 3647 3553 3709 πάντως
3580 3647 3751 3717 δήπου
3801 3647 3902 3698 καὶ

2320 3738 2591 3811 ὑπουργὸς
2625 3740 2775 3809 ἡμῖν,
2813 3738 2846 3810 ἢ
2878 3737 2974 3791 κα)⁵
3016 3736 3310 3807 ἀλλοτρίων
3337 3737 3657 3808 θελημάτων
3688 3739 3897 3809 ὑπηρέ-

2318 3848 2418 3900 της
2440 3832 2468 3883 ό
2498 3830 2625 3893 Υἱδς
2654 3828 2987 3900 είσϐήσεται,
3018 3830 3106 3883 ἵνα
3136 3830 3333 3899 μηκέτι
3356 3831 3539 3900 νοῆται
3571 3830 3711 3884 κατὰ
3737 3830 3900 3898 φύσιν

2320 3922 2581 3994 ὑπάρχων
2613 3920 2961 3992 δημιουργὸς,
2991 3920 3025 3991 ἢ
3063 3923 3156 3975 καὶ
3183 3921 3241 3988 ἐξ
3275 3922 3458 3991 ἑτέρου
3494 3920 3635 3985 τινὸς
3676 3922 3774 3991 τήν
3806 3923 3900 3974 ἐπὶ

2318 4014 2397 4085 τῷ
2446 4013 2701 4069 δύνασθαι
2753 4014 2957 4077 κτίζειν
3008 4014 3411 4084 χορηγούμενος
3452 4013 3715 4084 δύναμιν,
3762 4013 3900 4067 άλλά

2323 4105 2520 4177 μᾶλλον
2552 4104 2715 4168 αὑτὸς
2749 4104 2841 4160 καὶ
2878 4105 3038 4175 μόνος
3087 4107 3119 4174 ἡ
3156 4106 3306 4176 ἰσχὺς
3337 4106 3595 4176 ὑπάρχων
3637 4105 3731 4158 τοῦ
3763 4103 3898 4159 Θεοῦ

2320 4200 2412 4254 καὶ⁴
2446 4199 2680 4270 Πατρδς,
2704 4198 2780 4263 ὡς
2806 4198 2954 4263 Υἱὸς,
2989 4199 3064 4261 ὡς
3094 4200 3401 4268 Μονογενὴς
3428 4199 3498 4251 τὰ
3527 4199 3703 4251 πάντα
3734 4199 3902 4268 ὲργάο

2320 4290 2492 4357 ζεται,
2528 4292 2994 4365 συνεργαξομένου
3052 4292 3291 4363 δηλονότι
3340 4295 3432 4346 καὶ
3478 4295 3727 4359 συνόντος
3751 4297 3902 4369 αὑτῷ

2320 4382 2413 4436 τοῦ
2440 4384 2649 4454 Πατρός
2696 4384 2788 4436 καὶ
2814 4382 2907 4437 τοῦ
2930 4383 3086 4451 ἁγίου
3116 4384 3431 4453 Πνεύματος
3453 4401 3465 4413 ·
3502 4387 3676 4439 πάντα
3701 4391 3809 4458 γάρ
3835 4390 3898 4442 ὲκ

2324 4473 2535 4541 Πατρὸς
2580 4473 2647 4526 δι’
2684 4473 2813 4526 Υίοῦ
2856 4475 2913 4526 ἐν
2958 4474 3100 4544 ἁγίῳ
3135 4474 3433 4545 Πνεύματι.
3469 4478 3711 4532 Συνείναι
3738 4480 3794 4533 δὲ
3822 4480 3899 4549 τῷ

640 4570 855 4624 modam
892 4569 1230 4622 identitatem
1271 4568 1613 4629 substatztite,
1659 4578 1713 4619 et
1760 4579 2031 4619 summam
2068 4564 2212 4617 illam

2328 4537 2552 4635 Titp‘tbv
2582 4567 2797 4636 Πατέρα
2821 4537 3084 4636 νοοῦμεν,
3114 4567 3211 4637 οὑχ
3252 4537 3327 4631 ῶς
3354 4568 3631 4622 ἀτονοῦντι
3678 4574 3801 4642 περὶ
3838 4537 3899 4625 τδ

640 4662 1127 4733 ceujunctiouem,
1197 4668 1248 4714 et
1306 4660 1677 4714 immediatam
1756 4656 2215 4727 propinquitatem

635 4756 760 4822 ejus
789 4753 857 4806 ad
883 4769 1003 4807 eam
1026 4753 1117 4822 qui
1143 4768 1207 4805 ex
1240 4752 1357 4820 ipso
1378 4751 1705 4805 naturaliter
1729 4747 1997 4816 procedit.
2020 4745 2217 4810 Quent-

638 4845 931 4901 admodum
969 4845 1017 4899 si
1047 4845 1171 4913 quis
1205 4844 1350 4896 dicat
1400 4857 1503 4895 uua
1535 4857 1661 4895 cum
1706 4839 1860 4893 ﬂoris
1916 4838 2085 4892 odore
2117 4836 2214 4889 ad-

635 4952 759 4992 esse
795 4937 972 5007 ipsum
1009 4936 1196 5005 utique
1227 4933 1416 4987 florem
1446 4933 1512 4987 ad
1543 4931 1884 4988 elﬁciendam
1919 4929 2069 4982 illam
2105 4924 2215 4979 fra-

636 5033 931 5099 grantiaut,
974 5030 1235 5099 quoniam
1268 5042 1331 5082 ex
1390 5028 1511 5093 ipso
1566 5024 1809 5093 erumpit
1845 5030 2065 5077 natura.
2105 5018 2213 5074 Sed

632 5124 829 5191 exigua
882 5122 964 5175 vis
1020 5119 1254 5187 exempli
1307 5117 1531 5187 quidem
1578 5120 1662 5169 est
1714 5113 1770 5167 in
1825 5112 1975 5166 hisee
2020 5109 2211 5171 rebus,

635 5208 881 5276 adeoque
913 5222 1078 5276 supra
1104 5206 1206 5259 hoe
1242 5206 1417 5274 posita
1448 5212 1535 5257 est
1563 5210 1761 5255 natura
1787 5200 1995 5267 divina,
2019 5206 2214 5254 tenues

632 5310 1081 5371 argumentorum
1139 5309 1296 5353 notas
1359 5296 1564 5366 quibus
1631 5303 1966 5365 agnoscatur
2030 5308 2096 5347 ex
2153 5306 2217 5347 eo

632 5394 879 5463 capiens.
956 5391 1091 5446 Nam
1153 5407 1262 5461 quo
1330 5398 1491 5460 pacto
1564 5388 1936 5457 intelligemus
2006 5385 2139 5440 illud
2200 5402 2212 5436 :

639 5505 655 5536 ι
694 5484 856 5540 Pater
895 5501 1049 5540 meus
1082 5498 1259 5553 usque
1300 5480 1463 5535 modo
1508 5492 1787 5548 operatur,
1824 5486 1878 5533 et
1928 5493 2030 5549 ego
2086 5492 2215 5547 ope-

2324 4658 2649 4728 ἐργάζεσθαί
2682 4677 2732 4711 τι
2766 4659 2872 4711 τῶν
2903 4659 3090 4724 ὄντων,
3125 4660 3238 4713 ἀλλ’
3271 4661 3345 4725 ὡς
3377 4662 3495 4715 ὅλον
3530 4662 3656 4715 ὄντα
3676 4665 3730 4715 ὲν
3752 4665 3898 4735 αὑτῷ

2321 4752 2409 4805 διὰ
2458 4753 2517 4805 τὸ
2568 4752 2985 4822 ἀπαράλλακτον
3042 4753 3143 4822 τῆς
3201 4753 3419 4816 οὐσίας,
3476 4754 3568 4806 καὶ
3610 4754 3673 4807 τὸ
3715 4755 3901 4827 ἄκρως

2323 4844 2588 4913 προσεχές
2637 4861 2695 4895 τε
2768 4844 2860 4897 καὶ
2911 4844 3112 4913 άμεσον
3152 4844 3341 4908 αὑτοῦ,
3378 4846 3511 4915 πρὸς
3554 4846 3615 4899 τὸ
3643 4846 3700 4913 ἐξ
3734 4847 3898 4900 αὑτοῦ

2321 4936 2565 5003 φυσικῶς
2596 4934 2852 5005 προελθὸν
2879 4954 2889 4966 ·
2920 4935 3107 5006 ὥσπερ
3133 4936 3199 4990 ἂν
3228 4936 3280 4989 εἴ
3306 4954 3386 4999 τις
3418 4936 3585 5004 λέγει,
3618 4938 3711 4991 καὶ
3744 4941 3808 5009 τῇ
3840 4938 3902 5002 ἐξ

2316 5025 2512 5089 ἄνθους
2561 5026 2759 5097 εὐωδίᾳ
2818 5030 3052 5080 συνεῖναι
3084 5028 3201 5081 κατ’
3236 5029 3512 5098 ἐνέργειαν
3542 5029 3639 5100 τὴν
3685 5032 3749 5084 ὲκ
3796 5030 3900 5097 τῆς

2320 5115 2581 5187 εὑοσμίας
2607 5116 2737 5169 αὑτὸ
2767 5115 2829 5187 δὴ
2874 5116 2935 5169 τὸ
2965 5117 3124 5180 ἄνθος
3143 5157 3158 5179 ,
3210 5118 3441 5190 ἐπείπερ
3477 5120 3535 5186 ἐξ
3574 5119 3738 5175 αὑτοῦ
3767 5121 3899 5191 πρό-

2320 5225 2423 5261 εισι
2474 5208 2738 5277 φυσικῶς.
2805 5209 2943 5262 Ἀλλ’
2992 5210 3148 5280 ὀλίγη
3201 5212 3301 5280 μὲν
3346 5212 3403 5263 tv
3461 5212 3671 5274 τούτοις
3720 5214 3751 5283 ἡ
3805 5212 3903 5267 τοῦ

2320 5297 2759 5368 παραδείγματος
2790 5297 3036 5368 δύναμις,
3066 5302 3097 5368 ή
3129 5300 3185 5352 δὲ
3222 5302 3360 5371 ὑπὲρ
3394 5301 3571 5355 πάντα
3604 5302 3765 5370 φύσις
3806 5305 3900 5355 καὶ

2316 5390 2473 5443 τοῦτο
2512 5392 2919 5463 ὑπερκείσεται,
2952 5394 3180 5463 μικροὺς
3217 5392 3277 5457 ἐξ
3305 5394 3469 5447 αὑτοῦ
3503 5395 3766 5467 δεχομένη
3791 5396 3902 5449 τῶν

2317 5480 2685 5553 θεωρημάτων
2717 5483 2843 5545 τοὺς
2872 5485 3243 5556 χαρακτῆρας.
3290 5486 3441 5537 Ἐπεὶ
3468 5485 3583 5549 πῶς
3610 5487 3901 5557 νοήσομεν,

632 5578 821 5631 ror'?
878 5596 893 5627 ι
944 5574 1061 5629 Non
1133 5574 1280 5627 enim
1354 5571 1587 5626 seorsim
1650 5579 1700 5624 et
1765 5569 1947 5624 solum
2004 5568 2211 5637 aliquid

2315 5574 2412 5637 τὸ,
2479 5593 2497 5625 ι
2537 5575 2593 5627 '0
2648 5576 2835 5645 Πατήρ
2891 5593 2991 5647 μου
3038 5577 3141 5639 ἓως
3187 5578 3313 5647 ἄρτι
3369 5578 3691 5649 ἐργάζεται,
3747 5578 3904 5645 κάγὼ

633 5668 851 5739 operari
882 5666 1030 5721 circa
1058 5680 1145 5718 res
1175 5662 1509 5716 exsistentes
1533 5660 1701 5715 Deum
1731 5675 1794 5714 ac.
1821 5658 2039 5715 Patrem
2081 5659 2218 5714 dicit

703 5867 745 5899 ⁸⁸
775 5866 920 5922 {‘sal.
961 5878 1121 5917 Lxxxt
1145 5906 1159 5927 ,
1194 5863 1225 5916 6
1248 5901 1261 5926 ,

1337 5863 1381 5900 9°
1423 5859 1584 5917 llebr.
1624 5878 1698 5930 tt,
1736 5864 1787 5917 8.
1870 5864 1881 5892 ¹
1924 5858 2087 5918 Joan.
2123 5879 2189 5930 γ,
2232 5862 2313 5915 l7.

2314 5664 2653 5735 ὲργάξομσιι;
2690 5686 2704 5713 δ
2750 5666 2822 5719 Ού
2856 5666 2963 5738 γὰρ
2997 5666 3104 5737 ἰδίᾳ
3156 5666 3253 5737 μὲν
3300 5666 3392 5720 καὶ
3426 5666 3546 5721 καθ’
3582 5666 3776 5721 ἑαυτὸν
3812 5669 3899 5721 tv-
