4168 6568
326 416 390 472 8|
1382 409 1447 463 IN
1489 407 1775 464 JOANNIS
1802 405 1895 460 εγ

1995 404 2256 463 GELIUM
2288 406 2414 461 LIB.
2458 405 2497 459 Ι.
3507 410 3577 465 82

326 539 507 610 εργιῐν
538 555 591 591 τι
617 537 746 610 περὶ
772 538 840 592 τὰ
881 538 1010 591 ὅντα
1047 536 1136 590 τὸν
1166 534 1297 589 Θεὸν
1355 535 1451 588 καὶ
1483 532 1701 604 Πατέρα
1736 530 1897 601 φησὶν

1999 527 2109 599 46
2139 526 2334 594 Filius,
2368 538 2423 583 et
2448 527 2688 598 seipsum
2722 529 2972 586 vicissim
3000 529 3213 599 operari
3244 530 3364 587 sine
3387 532 3570 601 Patre,

326 632 353 681 ὁ
399 628 546 693 Υἱὸς,
591 629 780 683 ἑαυτὸν
825 628 883 681 δὲ
930 628 1091 681 πάλιν
1135 625 1335 697 ὁμοίως
1379 622 1704 696 ἐργάζεσθαι
1748 621 1897 688 λέγει

326 719 448 789 δίχα
479 718 572 773 τοῦ
605 720 837 791 Πατρὸς,
883 719 975 772 καὶ
1008 716 1356 789 ἀτρεμούσης
1394 716 1592 787 τρόπον
1634 713 1755 767 τινά
1799 712 1899 782 τῆς

325 812 419 877 ἀφ’
444 806 513 883 ἧς
533 814 679 865 ἐστιν
700 811 884 874 οὐσίας
905 824 922 842 ο
956 806 1065 863 εἷεν
1089 808 1197 880 γάρ
1224 808 1292 862 ἀν
1308 806 1451 861 οὕτω
1468 806 1560 861 δύο
1578 805 1641 876 δὴ
1662 804 1898 869 πάντως,

326 903 420 954 καὶ
448 901 545 970 οὑχ
574 894 653 963 εἷς
681 903 709 954 6
740 899 1085 971 δημιουργὸς,
1110 898 1268 969 εἴπερ
1315 897 1418 951 ἀνὰ
1452 896 1616 967 μέρος
1648 894 1901 965 ἑκάτερος
1949 964 1952 967 ν

325 994 421 1046 καὶ
482 992 903 1064 κεχωρισμένως
958 990 1287 1062 ἐργάζεται,
1356 986 1658 1051 ὲπιδέξεται
1709 984 1765 1036 δὲ
1810 982 1901 1035 καὶ

325 1086 526 1156 ἑτέρως
554 1084 616 1137 τὸ
640 1082 895 1137 δύνασθαι
929 1082 1003 1154 μὴ
1029 1081 1173 1153 ἔχειν
1197 1080 1368 1135 εἰσαεὶ
1391 1078 1481 1131 τὸν
1507 1076 1631 1129 Υίὸν
1656 1077 1684 1127 6
1715 1074 1901 1143 Πατὴρ

323 1176 381 1228 ὲν
417 1173 615 1246 ἑαυτῷ,
652 1175 747 1228 καὶ
787 1176 816 1228 6
862 1174 990 1237 Υἱὸς
1036 1171 1237 1244 ὁμοίως
1284 1171 1385 1224 οὑκ
1431 1170 1517 1222 ἀεὶ
1566 1167 1654 1221 τὸν
1686 1165 1901 1233 Πατέρα

323 1267 461 1337 ἔχων
488 1268 547 1320 ὲν
575 1264 754 1334 ἑαυτῷ
775 1264 1090 1334 ὀφθήσεται,
1126 1264 1283 1333 εἴπερ
1316 1262 1453 1323 ὅλως
1480 1258 1750 1327 ἐνδέχεται
1776 1254 1902 1323 περί

322 1372 375 1407 τι
401 1355 508 1408 τῶν
532 1355 701 1409 ὄντων
729 1357 972 1426 ἐνεργεῖν
1020 1353 1125 1407 ἀνὰ
1158 1352 1322 1423 μέρος
1361 1350 1456 1404 καὶ
1482 1346 1901 1419 κεχωρισμένως

324 1447 604 1519 ἑκάτερον,
635 1447 887 1517 καθάπερ
912 1447 1015 1517 ήδη
1046 1445 1401 1516 προείπομεν*
1442 1442 1536 1495 καὶ
1577 1440 1640 1493 οὑ
1685 1438 1903 1500 πάντως

324 1536 614 1608 ἀληθεύσει
648 1538 821 1607 λέγων
844 1538 873 1590 6
904 1537 1056 1601 Υίόςο
1103 1555 1121 1589 ‹
1154 1532 1294 1603 Ἐγὼ
1322 1533 1379 1585 ὲν
1411 1531 1488 1602 τῷ
1520 1529 1713 1600 Πατρὶ,
1749 1528 1845 1581 καὶ
1874 1528 1902 1580 6

324 1629 515 1700 Πατὴρ
559 1629 618 1682 ὲν
667 1629 812 1699 ὲμοί.
849 1647 867 1681 ι
928 1628 1003 1682 Οὐ
1037 1626 1144 1698 γὰρ
1182 1625 1353 1693 δήπου
1404 1620 1546 1675 κατὰ
1596 1620 1761 1691 μόνην
1803 1616 1901 1688 τὴν

323 1717 619 1787 ὁμοιότητα
671 1719 770 1789 τῆς
812 1717 1032 1782 οὑσίας,
1085 1716 1162 1779 ὡς
1191 1712 1516 1785 χαρακτῆρα
1545 1711 1635 1765 τὸν
1684 1710 1811 1763 Υίὸν
1842 1710 1902 1762 ὲν

323 1807 496 1878 Harp).
543 1808 922 1880 θεωρήσομεν,
965 1807 998 1878 ἢ
1041 1802 1106 1860 αὖ
1160 1804 1320 1859 πάλιν
1366 1804 1442 1867 ὼς
1493 1802 1799 1873 ἀρχέτυπον
1842 1801 1900 1855 ὲν

324 1873 457 1968 Υἱῷ-
482 1899 572 1952 τὸν
602 1873 842 1969 Πατέρα,
890 1873 1004 1951 ἀλλῖ
1047 1895 1174 1949 Υίὸν
1208 1894 1307 1966 μὲν
1345 1895 1410 1947 ὲκ
1434 1892 1531 1963 τῆς
1564 1889 1657 1944 τοῦ
1688 1888 1899 1960 Πατρὸς
1926 1873 1974 1932 Β

322 1988 510 2052 οὐσίας
541 1989 816 2060 γεννητῶς
862 1987 1230 2058 ὲκλάμποντα,
1282 1986 1376 2039 καὶ
1416 1986 1473 2037 ὲν
1519 1984 1679 2053 αὑτῇ,
1712 1981 1806 2035 καὶ
1838 1983 1896 2049 ἐξ

322 2080 495 2149 αὑτῆς
536 2080 914 2144 ίδιοσυστάτως
954 2079 1285 2148 ὑπάρχοντα,
1331 2077 1421 2131 καὶ
1451 2075 1736 2143 ὑφεστῶτα
1765 2074 1896 2127 Θεὸν

317 2172 493 2240 Λόγον
521 2172 934 2242 παραδεξόμεθα
959 2187 971 2201 ·
1019 2170 1233 2240 Πατέρα
1261 2168 1316 2221 δὲ
1347 2166 1506 2221 πάλιν
1545 2167 1603 2219 ἐν
1645 2164 1776 2235 Υἱῷ,
1820 2164 1895 2228 ὡς

317 2262 377 2316 ιν
402 2263 669 2334 ὁμοουσίῳ
697 2265 1015 2334 γεννήματι,
1045 2259 1308 2332 συμφυῶς
1338 2258 1454 2328 μὲν,
1480 2257 1617 2310 κατὰ
1645 2257 1699 2309 δὲ
1728 2257 1898 2327 μόνην

315 2354 417 2423 τὴν
460 2353 753 2424 ἑτερότητα
802 2348 960 2417 εἶναι,
1000 2353 1096 2406 καὶ
1138 2350 1377 2403 νοεῖσθαι
1416 2346 1561 2400 τοῦθ’
1604 2350 1741 2419 ὅπερ
1780 2347 1896 2402 ἐστὶ

319 2444 757 2515 μεμερισμένως.
802 2445 969 2499 Μένει
1011 2444 1119 2515 γὰρ
1147 2447 1175 2499 6
1205 2445 1394 2516 Πατὴρ
1419 2439 1566 2497 τοῦθ’
1593 2442 1726 2513 ὅπερ
1756 2442 1891 2505 ἐστὶ,

316 2536 419 2591 κᾶν
451 2537 672 2611 ὑπάρχῃ
711 2538 973 2609 συμφυῶς
1012 2542 1069 2592 ὲν
1100 2538 1235 2608 Υίῷ,
1266 2537 1518 2608 καθάπερ
1546 2533 1683 2589 εἷναί
1713 2549 1893 2605 φαμεν

317 2631 376 2682 ἐν
404 2628 482 2700 τῷ
510 2630 901 2700 ἀπαυγάσματι
932 2630 1023 2683 τὸν
1051 2630 1223 2701 ἥλιον.
1256 2629 1364 2683 Καὶ
1394 2628 1555 2682 πάλιν
1585 2629 1612 2680 ὀ
1642 2626 1771 2689 Υἱὸς
1797 2625 1896 2695 οὑχ

316 2719 502 2792 ἕτερόν
552 2738 604 2775 τι
655 2722 781 2791 παρ’
818 2722 953 2793 ὅπερ
991 2722 1109 2773 ἐστὶ
1138 2721 1483 2791 νοηθήσεται,
1532 2719 1634 2772 κᾶν
1670 2717 1896 2790 ὑπάρχῃ

318 2812 585 2882 συμφυῶς
619 2814 676 2865 ὲν
704 2813 901 2881 Πατρὶ,
932 2811 1183 2882 καθάπερ
1215 2812 1272 2863 ὲν
1301 2810 1437 2880 ἡλίῳ
1463 2808 1525 2861 τὸ
1555 2807 1896 2877 ἀπαύγασμα

318 2902 507 2956 αὑτοῦ.
554 2900 711 2955 Οὕτω
755 2901 884 2973 γὰρ,
918 2902 1130 2973 Πατρὸς
1174 2902 1269 2972 μὲν
1313 2901 1431 2955 κατ’
1462 2899 1717 2971 ἀλήθειαν
1746 2916 1899 2951 νοου-

319 2991 507 3062 μένου,
532 2992 626 3046 mi.
654 2992 804 3057 δντος
822 2992 915 3045 τοῦ
944 2992 1177 3063 Πατρὸς,
1207 2990 1338 3045 Υἱοῦ
1366 2991 1424 3045 δὲ
1454 2992 1614 3045 πάλιν
1638 2990 1790 3053 ὄντος
1814 3007 1874 3042 τε

316 3084 411 3138 καὶ
435 3084 724 3155 νοουμένου
752 3084 846 3138 τοῦ
882 3084 1035 3149 Υίοῦ,
1078 3082 1535 3147 συνεισδαίνοντος
1566 3082 1769 3153 δηλαδὴ
1801 3081 1896 3135 τοῦ

312 3176 473 3244 ἁγίου
504 3175 838 3246 Πνεύματος,
879 3176 909 3229 6
946 3178 1046 3244 τῆς
1082 3174 1241 3266 ἀγίας
1273 3173 1500 3266 Τριάδος
1542 3173 1773 3266 apt—(iub;
1815 3172 1894 3266 είς
1921 3209 1963 3266 C

318 3267 447 3338 μίαν
487 3265 581 3320 καὶ
608 3266 708 3334 τὴν
747 3265 915 3337 αὐτὴν
958 3264 1240 3320 ἀναϐαίνει
1307 3263 1557 3334 θεότητα.
1598 3263 1749 3316 Ἐπεὶ
1777 3262 1893 3325 πῶς

312 3359 381 3412 ἂν
404 3358 541 3423 ὅλως
569 3356 663 3411 καὶ
691 3351 773 3421 εἷς
805 3356 1069 3427 ὑπάρχειν
1097 3359 1268 3410 νοοῖτο
1292 3356 1444 3421 Θεὸς,
1468 3356 1625 3426 εἴπερ
1665 3354 1894 3408 ἕκαστον

315 3449 422 3503 τῶν
473 3447 888 3520 σημαινομένων
952 3446 1298 3519 ἀναχωρήσει
1360 3446 1458 3517 μὲν
1518 3446 1598 3509 είς
1654 3444 1893 3516 ἰδιότητα

316 3539 575 3611 παντελῆ,
603 3538 909 3610 ὁλοκλήρως
942 3538 999 3592 δὲ
1021 3538 1120 3609 τῆς
1149 3537 1289 3610 πρὸς
1321 3536 1383 3591 τὸ
1407 3536 1592 3608 ἕτερον
1617 3537 1892 3607 συμφυΐας

317 3648 375 3683 τε
403 3630 497 3683 καὶ
524 3630 759 3701 σχέσεως
787 3629 1077 3693 οὑσιώδους
1111 3628 1549 3731 ἀπενηφθεγμένον
1577 3626 1893 3699 ὀνομάζοιτο

314 3720 483 3785 Θεόςς
532 3720 740 3774 Οὐκοῦν
768 3720 912 3775 κατά
943 3719 1041 3789 μὲν
1079 3719 1171 3773 τὸν
1200 3716 1357 3788 λόγον
1390 3717 1485 3772 τοῦ
1516 3716 1656 3774 εἶναι
1697 3718 1892 3772 ἰδιοσυ-

319 3812 546 3875 στάτως,
571 3812 664 3865 καὶ
696 3812 787 3867 τὸν
808 3811 1050 3882 Πατέρα,
1074 3811 1165 3865 καὶ
1184 3811 1276 3866 τὸν
1299 3810 1448 3875 Υίὸν,
1474 3810 1647 3864 καὶτὸ
1666 3808 1893 3880 Πνεῦμα

314 3906 629 3975 νοήσαιμεν,
653 3904 754 3958 οὑκ
783 3902 1173 3974 ἀναμίσγοντες
1207 3904 1287 3966 είς
1307 3901 1406 3973 τὴν
1426 3903 1563 3973 ὅπερ
1587 3900 1733 3954 ἐστὶν
1755 3901 1888 3955 ἕκα-

315 4012 437 4051 στον
468 3995 637 4060 θέσιν,
668 3996 766 4067 τὴν
795 3997 902 4050 τῶν
946 3994 1286 4068 προσώπων,
1318 3996 1436 4066 ἤτοι
1470 3993 1580 4049 τῶν
1610 3993 1891 4065 ὀνομάτων

312 4088 611 4159 διαφοράν⁹
651 4088 788 4143 ἀλλὰ
830 4089 1124 4160 τηροῦντες
1173 4088 1272 4159 μὲν
1317 4086 1628 4151 ἰδιαζόντως
1676 4084 1892 4155 ἑκάστῳ

314 4178 376 4231 τὸ
406 4172 566 4240 εἶναι,
600 4178 694 4232 κοιλ⁸
728 4178 1142 4247 λέγεσθαιτοῢθ’
1171 4180 1309 4249 ὅπερ
1333 4177 1471 4241 ἐστὶ,
1511 4178 1605 4230 καὶ
1631 4176 1772 4230 οὕτω
1808 4193 1890 4227 πι-

314 4267 616 4331 στεύοντες·
657 4271 736 4332 εἰς
776 4270 903 4340 μίαν
938 4269 984 4322 δ’
1030 4266 1123 4324 οὖν
1171 4270 1318 4340 ὅμως
1366 4268 1597 4338 θεότητα
1646 4269 1891 4338 φυσικῶς

309 4360 677 4432 ἀναφέροντες
727 4361 904 4424 αὑτὰ,
968 4360 1061 4414 καὶ
1109 4361 1171 4414 τὸ
1225 4361 1403 4432 πάντη
1461 4362 1889 4433 διενηνεγμένως

311 4447 472 4517 εἶναι,
505 4455 645 4505 νοεῖν
670 4451 1111 4524 παραιτούμενοι,
1135 4452 1222 4507 διὰ
1242 4453 1303 4506 τὸ
1331 4454 1523 4522 Λόγον,
1550 4454 1643 4506 καὶ
1674 4453 1883 4522 σοφίαν.

2000 627 2053 671 et
2082 634 2145 671 ea
2186 618 2592 688 quodammodo
2655 628 2911 676 cessante
2965 620 3279 676 substantia
3345 638 3410 678 cx
3461 640 3570 694 qua

2002 711 2267 780 procedit.
2298 711 2393 766 Sic
2419 713 2563 767 enim
2607 713 2717 767 duo
2753 724 2937 781 erunt,
2970 728 3079 770 non
3112 728 3257 770 unus
3292 715 3497 785 opifex,
3528 718 3572 771 si

2002 804 2242 859 vicissim
2268 819 2332 858 ac
2360 805 2594 859 seorsim
2631 812 2891 874 operatur
2921 813 3168 877 uterque,
3216 822 3280 861 ac
3310 818 3574 876 praeterea

2003 895 2119 950 ﬁeri
2144 895 2342 965 poterit
2378 905 2437 950 ut
2469 893 2634 950 Pater
2664 895 2858 949 Filium
2900 912 3008 951 non
3050 913 3263 969 semper
3291 898 3489 953 habeat
3518 900 3573 954 in

2003 986 2205 1056 seipso,
2242 995 2296 1041 et
2336 984 2507 1040 Filius
2538 987 2814 1041 similiter
2870 1003 2983 1042 non
3035 1002 3251 1059 semper
3294 990 3348 1044 in
3392 991 3574 1059 seipso

2002 1076 2220 1131 Patrem
2278 1078 2477 1132 habere
2533 1077 2848 1143 videbitur,
2915 1080 2961 1133 si
3013 1081 3237 1134 omnino
3306 1082 3573 1150 contingit

2003 1162 2149 1217 circa
2198 1179 2285 1219 res
2317 1166 2531 1233 operari
2588 1164 2829 1220 vicissim
2881 1181 2943 1220 ac
2977 1167 3210 1223 scorsim
3257 1177 3570 1240 utrumque,

2003 1255 2161 1309 sicuti
2219 1255 2331 1326 jam
2396 1266 2555 1311 antea
2606 1255 2890 1326 diximus;
2952 1259 3354 1330 mentieturque
3401 1260 3573 1315 Filius

2003 1341 2237 1398 dicens:
2277 1362 2295 1394 ι
2330 1344 2443 1413 Ego
2496 1344 2550 1399 in
2583 1342 2764 1413 Patre,
2800 1354 2855 1402 et
2898 1345 3059 1403 Pater
3109 1348 3166 1404 in
3220 1352 3363 1405 me’.
3395 1370 3413 1403 ι
3451 1350 3571 1405 Non

2003 1437 2148 1490 enim
2203 1435 2504 1493 secundum
2557 1438 2728 1492 solam
2777 1438 3195 1497 similitudinem
3247 1442 3574 1498 substantia:

2003 1535 2264 1598 tanquam
2302 1529 2676 1585 characterem
2706 1531 2906 1585 Filium
2954 1532 3007 1587 in
3038 1532 3199 1589 Patre
3233 1535 3573 1604 contempla-

2004 1619 2221 1681 bimur,
2276 1629 2369 1674 aut
2423 1622 2665 1676 vicissim
2717 1622 2866 1678 velut
2915 1624 3274 1695 archetypum
3326 1625 3381 1679 in
3436 1625 3573 1681 Filio

2002 1710 2215 1766 Patrem
2242 1754 2256 1778 ,
2310 1713 2406 1768 sed
2451 1713 2645 1767 Filium
2691 1716 2909 1784 quidem
2939 1733 3003 1771 ex
3035 1716 3215 1773 Patris
3262 1719 3572 1779 substantia

2004 1818 2099 1873 per
2131 1804 2541 1873 generationem
2573 1804 2944 1876 eli‘ulgentem,
2986 1816 3040 1863 et
3082 1808 3136 1862 in
3164 1809 3280 1878 ipsa
3313 1818 3476 1880 atque
3502 1825 3571 1864 ex

2002 1895 2119 1964 ipsa
2201 1894 2543 1964 hypostatice
2640 1897 2997 1952 exsistentem
3070 1898 3572 1969 subsistentemque

1998 1982 2167 2039 Deum
2206 1984 2442 2041 Verbum
2472 1986 2896 2053 conﬁtebimur;
2940 1986 3156 2043 Patrem
3189 1998 3371 2044 autem
3402 1990 3572 2044 vicis-

1999 2078 2102 2131 sim
2130 2078 2186 2131 in
2208 2075 2368 2144 Filio,
2401 2084 2658 2147 tauquam
2693 2079 2746 2132 in
2779 2079 3239 2134 consubstantiali
3267 2080 3568 2151 geniminc,

1997 2168 2432 2224 connaturaliter
2462 2167 2702 2239 quidem,
2746 2170 2839 2225 sed
2872 2171 2989 2226 sola
3028 2172 3240 2227 ratione
3278 2188 3387 2243 qua
3412 2172 3572 2227 Pater

1995 2268 2080 2315 est
2139 2267 2195 2315 et
2225 2260 2568 2331 intelligitur,
2602 2260 2946 2316 distinctum.
3002 2261 3183 2318 Manet
3232 2263 3380 2318 enim
3413 2262 3571 2318 Pater

1996 2352 2050 2407 id
2100 2353 2245 2423 quod
2276 2360 2381 2417 est,
2418 2355 2542 2409 licet
2587 2355 3018 2409 connaturaliter
3047 2357 3277 2411 exsistat
3310 2357 3363 2410 in
3410 2356 3569 2423 Filio,

1994 2441 2457 2512 quemadmodum
2489 2459 2611 2499 esse
2657 2445 2895 2499 dicimus
2928 2446 2980 2499 in
3035 2445 3330 2515 splendore
3374 2448 3567 2503 solem.

1995 2534 2212 2591 Rursus
2249 2544 2430 2591 autem
2476 2536 2648 2592 Filius
2707 2554 2814 2593 non
2870 2540 3017 2594 aliud
3069 2540 3328 2610 quiddam
3384 2542 3451 2595 ab
3505 2557 3572 2595 eo

1994 2625 2141 2695 quod
2173 2635 2255 2681 est
2287 2628 2604 2682 censebitur
2629 2670 2644 2693 ,
2685 2629 2813 2684 licet
2859 2630 3091 2687 exsistat
3141 2633 3469 2687 naturaliter
3515 2634 3570 2687 in

1994 2714 2182 2781 Patre,
2213 2716 2675 2786 quemadmodum
2712 2721 2767 2773 in
2813 2722 2927 2775 sole
2956 2722 3234 2790 splendor.
3266 2722 3380 2779 Hoc
3415 2734 3571 2793 pacto

1995 2806 2141 2867 enim
2185 2820 2309 2859 cum
2346 2804 2504 2861 Pater
2547 2823 2737 2862 revera
2793 2810 3130 2881 intelligatur
3183 2819 3238 2866 et
3276 2813 3347 2868 sit
3388 2813 3568 2877 Pater,

1996 2892 2279 2964 Filiusque
2328 2897 2573 2952 vicissim
2620 2898 2953 2969 intelligatur
3004 2910 3059 2956 et
3101 2902 3170 2957 sit
3205 2901 3416 2970 Filius,
3466 2921 3569 2959 una

1995 2983 2249 3040 videlicet
2293 3001 2416 3040 cum
2471 2998 2663 3043 sancto
2725 2988 2971 3058 Spiritu,
3029 3001 3232 3048 sancta:
3285 2993 3570 3053 Trinitatis

1997 3089 2260 3131 numerus
2296 3076 2349 3130 in
2396 3093 2561 3131 unam
2596 3087 2651 3134 et
2695 3080 2941 3135 eamdem
2995 3082 3251 3139 deitatem
3286 3089 3566 3146 coalescit.

1995 3166 2129 3221 Nam
2158 3168 2434 3238 quomodo
2465 3186 2606 3225 unus
2636 3186 2854 3241 quoque
2888 3170 3032 3229 Deus
3066 3175 3337 3232 exsistere
3375 3193 3569 3234 cense-

1994 3258 2171 3326 bitur,
2215 3259 2259 3315 si
2310 3276 2650 3331 unaquzeque
2697 3261 2986 3321 Trinitatis
3020 3280 3252 3335 persona
3296 3269 3362 3330 ad
3404 3285 3569 3339 pecu-

1993 3342 2183 3398 liarem
2219 3353 2274 3398 et
2304 3344 2597 3414 perfectam
2630 3348 3022 3418 proprietatem
3071 3366 3131 3406 se
3175 3354 3424 3423 recipiet,
3458 3364 3511 3409 et
3538 3370 3568 3409 a

1995 3439 2232 3494 naturali
2286 3449 2451 3510 atque
2497 3441 2847 3499 substantiali
2895 3444 3285 3515 conjunctione
3316 3459 3568 3518 separata

1994 3529 2137 3587 Deus
2203 3531 2655 3601 nuncupabitur?
2718 3533 2908 3605 Itaque
2982 3536 3127 3606 quod
3181 3537 3249 3592 ad
3299 3540 3566 3594 rationem

1994 3622 2213 3692 proprie
2244 3636 2310 3677 ac
2344 3638 2442 3693 per
2488 3638 2550 3679 se
2583 3623 2919 3681 subsistendi
2956 3628 3183 3696 attinet,
3241 3636 3295 3684 et
3324 3627 3567 3695 Patrem,

1991 3721 2046 3769 et
2083 3713 2281 3768 Filium
2308 3755 2323 3781 ,
2362 3722 2417 3771 et
2446 3713 2710 3786 Spiritum
2749 3718 3156 3790 intelligamus,
3188 3736 3298 3777 non
3333 3722 3568 3778 coniun-

1992 3803 2185 3860 deutes
2216 3820 2338 3859 eum
2365 3813 2562 3860 natura
2591 3807 2857 3878 cujusque
2884 3824 3245 3880 personarum
3270 3821 3364 3867 aut
3388 3812 3568 3867 nomi-

1992 3911 2123 3949 num
2164 3895 2548 3963 dilIerentiam,
2582 3899 2677 3955 sed
2714 3899 3017 3957 tribuentes
3064 3902 3363 3973 unicuique
3398 3918 3566 3969 pecu-

1991 3985 2206 4041 liariter
2236 3986 2288 4040 id
2318 3987 2465 4057 quod
2498 3994 2585 4043 est
2615 4002 2679 4043 ac
2711 3988 2936 4056 dicitur,
2966 3999 3128 4062 atque
3160 3992 3232 4046 ita
3255 3993 3566 4058 credentes,

1993 4085 2373 4132 verumtamen
2444 4078 2495 4131 iu
2553 4093 2718 4132 unam
2792 4079 3052 4135 deitatem
3114 4083 3442 4137 naturaliter
3504 4100 3565 4138 ea

1994 4168 2315 4234 referentes,
2350 4184 2447 4224 nec
2475 4170 2529 4223 in
2560 4170 2804 4224 animum
2846 4171 3171 4228 inducentes
3216 4188 3313 4228 eos
3340 4190 3567 4244 prorsus

1992 4256 2135 4312 inter
2206 4275 2265 4315 se
2310 4260 2615 4331 distingui,
2672 4267 2962 4332 propterea
3018 4263 3163 4332 quod
3217 4262 3454 4318 Verbum
3513 4274 3567 4318 et

1991 4352 2261 4421 sapientia
2313 4360 2367 4407 et
2406 4353 2697 4423 splendor,
2759 4364 2812 4407 et
2854 4353 3141 4409 character
3189 4362 3352 4425 atque
3389 4356 3567 4412 virtus

1989 4440 2192 4507 Patris,
2225 4442 2398 4498 Filius
2431 4445 2739 4514 appellatur
2760 4446 2801 4499 ³.
2836 4444 3077 4502 Verbum
3117 4447 3321 4518 quippe
3371 4456 3426 4504 et
3474 4465 3565 4505 sa-

311 4543 407 4596 rai.
454 4543 813 4613 ἀπαύγασμα,
860 4544 952 4597 καὶ
999 4546 1345 4614 χαρακτῆρα,
1398 4544 1491 4597 καὶ
1519 4542 1747 4612 δύναμιν
1786 4541 1880 4594 τοῦ

1995 4536 2192 4604 pientia
2267 4535 2519 4601 dicitur,
2598 4546 2887 4608 propterea
2959 4542 3103 4611 quod
3205 4558 3271 4596 ex
3355 4551 3563 4607 mente,

312 4636 525 4706 Πατρὸς
586 4634 976 4689 ἀποκαλεῖσθαι
1026 4634 1119 4688 τὸν
1176 4635 1324 4688 Υίόν.
1399 4635 1569 4703 Λόγος
1622 4635 1723 4706 μὲν
1781 4636 1890 4706 γὰρ

1995 4625 2095 4698 47
2138 4634 2192 4682 et
2229 4626 2282 4682 in
2309 4638 2491 4683 mente
2524 4637 2610 4684 est
2632 4631 2875 4700 proxime
2905 4638 2960 4687 et
2999 4633 3272 4689 indivulse
3293 4674 3308 4697 ,
3340 4644 3394 4690 et
3422 4651 3557 4705 pro-

312 4727 407 4780 καὶ
462 4726 657 4796 σοφία,
701 4726 790 4780 διὰ
833 4725 896 4780 τὸ
934 4728 999 4779 ὲκ
1051 4724 1176 4789 νοῦ,
1224 4727 1318 4780 καὶ
1355 4726 1415 4780 ὲν
1456 4726 1532 4796 νῷ
1585 4726 1889 4797 προσεχῶς,

312 4818 404 4870 καὶ
431 4817 766 4881 ἀδιαστάτως
785 4855 800 4881 ,
831 4819 927 4871 καὶ
952 4816 1051 4889 τὴν
1079 4818 1159 4881 είς
1190 4817 1394 4888 ἄλληλα
1423 4818 1530 4871 τῶν
1557 4820 1892 4890 σημαινομέ-

310 4923 438 4971 νων,
458 4905 534 4969 ὡς
560 4905 625 4960 ἂν
650 4908 792 4959 εἴποι
820 4922 922 4970 τις,
954 4905 1313 4977 ἀντεμὸολήν.
1336 4905 1477 4970 Νοῦς
1499 4906 1605 4977 γὰρ
1640 4908 1699 4961 ὲν
1726 4907 1890 4981 λόγῳ,

312 4995 404 5049 καὶ
440 4995 600 5065 σοφία
630 4996 725 5048 καὶ
772 4996 927 5064 λόγος
954 4997 1035 5061 είς
1068 4994 1192 5049 νοῦν
1214 4995 1508 5066 ἀμοιϐαδὸν
1538 4997 1885 5070 ὀφθήσονται,

310 5089 406 5142 καὶ
437 5087 499 5141 τὸ
535 5086 867 5159 μεσολαϐοὖν
889 5086 1061 5153 οὐδὲν,
1111 5087 1407 5159 ἢχωρίζον
1460 5071 1553 5143 τοὺ
1601 5092 1790 5162 ἑτέρου
1828 5092 1889 5145 τὸ

307 5182 515 5251 ἕτερον.
554 5179 795 5251 Δύναμις
827 5181 884 5235 δὲ
910 5180 1094 5246 πάλιν,
1129 5181 1207 5244 ὡς
1248 5181 1581 5247 ἀδιαστάτως
1602 5189 1711 5247 τοῖς
1744 5184 1889 5255 ἔχειν

308 5270 479 5343 αὐτὴν
502 5270 798 5340 πεφυκόσιν
820 5271 1227 5342 ἐνυπάρχουσα,
1256 5272 1352 5325 καὶ
1373 5273 1683 5344 μηδαμόθεν
1709 5274 1889 5328 αὑτῶν

305 5358 380 5423 ὡς
414 5363 471 5415 ὲν
492 5360 644 5425 τάξει
667 5359 1076 5432 συμϐεϐηκότος
1101 5360 1371 5433 δυναμένη
1404 5361 1731 5434 χωρίζεσθαι
1762 5364 1884 5436 δίχα

304 5453 406 5522 τῆς
448 5451 543 5505 τοῦ
591 5452 948 5523 ὑποκειμένου
994 5452 1240 5525 φθορᾶς·
1280 5454 1560 5525 χαρακτὴρ
1598 5455 1654 5508 δὲ
1699 5457 1881 5524 πάλιν,

307 5542 383 5606 ὼς
413 5541 498 5597 ἀεὶ
528 5542 900 5615 συμπεφυκὼς
922 5584 938 5610 ,
973 5544 1069 5599 καὶ
1111 5544 1439 5617 χωρίζεσθαι
1485 5547 1558 5617 μὴ
1587 5547 1883 5618 δυνάμενος

308 5634 407 5705 τῆς
436 5634 643 5700 οὑσίας,
682 5629 750 5707 ἦς
798 5636 912 5690 ἐστι
955 5639 1266 5709 χαρακτήρ.
1312 5637 1551 5704 Οὐκοῦν,
1584 5640 1881 5713 ἐπειδήπερ

381 5820 400 5849 ¹
439 5812 597 5875 Joan.
636 5837 701 5887 χ,
737 5821 823 5875 58.
904 5818 922 5852 ³
964 5821 979 5875 l
1017 5820 1141 5875 Cor.
1182 5834 1235 5877 ι.
1274 5820 1383 5888 2i;
1427 5820 1591 5880 Hebr.
1631 5840 1676 5890 ι,
1712 5824 1767 5877 5.

1988 4730 2110 4789 pter
2150 4726 2429 4785 mutuam,
2460 4728 2518 4774 ut
2567 4721 2641 4774 ita
2668 4722 2848 4777 dicam
2869 4762 2885 4788 ,
2922 4739 3110 4779 eorum
3146 4726 3563 4783 immissionem.

1990 4811 2142 4867 Mens
2172 4812 2318 4866 enim
2368 4813 2422 4867 in
2459 4814 2651 4879 verbo,
2699 4824 2752 4871 et
2799 4816 3097 4895 sapientia,
3143 4827 3198 4874 et
3238 4822 3460 4875 verbum
3510 4821 3566 4875 in

1991 4909 2175 4956 mente
2210 4903 2456 4958 vicissim
2490 4914 2814 4971 cernuntur,
2850 4907 3103 4979 nihilque
3158 4911 3443 4981 interjacet
3470 4919 3566 4965 aut

1991 4994 2223 5049 alterum
2258 4995 2327 5050 ab
2357 4996 2530 5050 altero
2560 5005 2798 5069 separat.
2827 4997 3018 5055 Virtus
3040 5008 3258 5064 autem,
3294 5010 3566 5070 quatenus

1992 5085 2265 5142 iudivulse
2311 5087 2453 5144 inest
2501 5090 2567 5144 iis
2618 5105 2737 5160 qua:
2771 5098 2966 5146 natura
3020 5108 3119 5146 sua
3165 5107 3285 5146 eam
3323 5093 3562 5161 habent,

1993 5190 2094 5229 nec
2126 5176 2401 5233 ullatenus
2450 5178 2517 5232 ab
2552 5177 2619 5234 iis
2644 5178 2818 5235 instar
2846 5179 3143 5234 accidentis
3188 5180 3400 5251 absque
3433 5184 3565 5238 sub-

1989 5266 2119 5337 jecti
2170 5268 2397 5325 interitu
2456 5272 2698 5340 separari
2758 5280 2957 5341 potest.
3016 5270 3315 5328 Character
3375 5290 3562 5346 porro,

1994 5368 2127 5431 puta
2179 5361 2322 5432 quod
2381 5350 2547 5418 simul
2598 5380 2812 5433 semper
2855 5364 3069 5419 exsistit
3097 5374 3326 5437 natura,
3379 5385 3479 5425 nec
3533 5385 3564 5424 a

1992 5455 2308 5510 substantia
2344 5459 2588 5529 separari
2636 5464 2851 5530 potest,
2903 5457 3063 5527 cujus
3116 5468 3200 5515 est
3253 5460 3560 5517 character.

1991 5547 2160 5619 Igitur
2185 5566 2307 5606 cum
2335 5553 2471 5608 alter
2504 5554 2555 5607 in
2587 5553 2759 5608 altero
2799 5554 3128 5609 naturaliter
3151 5570 3214 5627 ac
3250 5571 3565 5612 necessario

1991 5641 2157 5703 insit.
2209 5644 2401 5715 utique
2459 5645 2622 5709 Patre
2674 5654 2969 5717 operante,
3039 5646 3211 5705 Filius
3282 5657 3560 5720 operatur,
