4168 6570
650 393 719 450 83
1640 392 1697 447 8.
1740 390 2017 449 CYRILLI
2057 388 2191 446 ALE

2300 387 2532 445 NDRINI
2566 388 2911 447 ARCHIEP.'
3834 384 3935 452 δι’

647 514 908 575 tanquam
933 504 1202 560 naturalis
1227 512 1281 560 et
1306 504 1795 562 consubstantialis
1823 523 1884 562 ac
1908 507 2194 563 subsisten:

2322 504 2582 575 ἑκάτερος
2603 506 2661 558 ὲν
2689 506 2936 576 ἑκατέρῳ
2960 506 3203 573 φυσικῶς
3224 508 3282 560 τέ
3319 509 3433 561 ἔστι
3458 507 3550 561 καὶ
3574 484 3931 577 ἀναγκαίως,

646 600 823 655 virtus
850 598 995 667 ejus.
1034 596 1296 652 Similiter
1326 606 1589 668 operante
1640 597 1799 665 Filio,
1836 598 1999 654 Pater
2046 602 2214 655 etiam

644 700 926 761 operatur,
984 697 1042 744 ut
1088 690 1369 759 Operantis
1405 688 1569 746 Verbi
1604 690 1728 746 fons
1751 734 1764 756 ,
1803 693 2026 762 proprio
2057 695 2212 764 geni-

644 779 777 833 mini
819 778 1143 832 naturaliter
1182 778 1549 843 inexsistens,
1602 778 1765 833 sicuti
1812 795 2033 849 quoque
2073 781 2215 850 ignis

644 871 815 925 calori
864 885 1025 940 quem
1062 884 1128 923 ex
1175 885 1234 924 se
1283 869 1482 925 fundit.
1535 870 1765 926 Constat
1817 872 1986 941 igitur
2018 887 2212 927 vanam

641 977 763 1016 esse
822 961 1203 1015 haereticorum
1264 961 1528 1017 adversus
1589 961 1943 1033 Unigenitum
2004 963 2215 1016 calum-

642 1053 826 1116 niam,
860 1053 953 1121 qui
984 1052 1276 1122 disciplina
1317 1054 1533 1123 quidem
1571 1053 1748 1122 ipsum
1781 1054 2062 1123 Opiﬁcem,
2101 1054 2212 1107 imo

643 1160 769 1199 vero
801 1145 1120 1198 ministrum
1149 1145 1336 1209 aiunt,
1365 1160 1432 1199 ex
1461 1159 1526 1198 eo
1565 1145 1708 1213 quod
1755 1145 1981 1214 scripsit
2015 1146 2210 1200 beatus

636 1237 972 1306 evangelista
999 1254 1012 1289 :
1049 1254 1068 1287 ι
1099 1234 1295 1289 Omnia
1329 1251 1426 1305 per
1457 1236 1635 1305 ipsum
1661 1235 1805 1289 facta
1838 1244 1987 1302 sunt,
2017 1245 2071 1290 et
2092 1236 2210 1292 sine

639 1329 756 1396 ipso
805 1328 1008 1382 factum
1060 1338 1143 1382 est
1192 1326 1345 1381 nihil.
1388 1325 1540 1396 iEgo
1586 1336 1769 1381 autem
1824 1342 1935 1380 non
1984 1342 2205 1398 possum

636 1418 772 1473 satis
823 1418 1038 1472 illorum
1088 1417 1484 1487 impudentiam
1510 1415 1802 1470 admirari.
1855 1417 2207 1487 Quaecunque

634 1509 778 1563 enim
815 1509 883 1562 ad
919 1524 1073 1563 suam
1114 1516 1349 1563 mentem
1405 1508 1587 1562 facere
1624 1507 1903 1575 videntur,
1928 1518 1980 1563 et
2026 1509 2209 1580 digni-

634 1609 799 1654 tatem
836 1598 1110 1670 Unigeniti
1145 1599 1531 1669 quoquomodo
1560 1608 1825 1663 evertere,
1860 1600 2205 1669 eumquein-

633 1690 715 1744 l‘ra
748 1690 1066 1744 Genitorem
1112 1690 1407 1755 collocare,
1445 1705 1508 1745 ea
1557 1689 1847 1744 confestim
1900 1690 2201 1760 arripiunt,

630 1792 681 1837 et
727 1781 971 1852 undique
1031 1798 1144 1855 suae
1200 1782 1571 1852 improbitatis
1623 1796 1834 1835 venena
1892 1782 2200 1851 colligunt:

2323 595 2693 665 ἐργαζομένου
2730 596 2974 667 δηλονότι
3003 595 3097 649 τοῦ
3130 599 3341 668 [ἰατρὸς
3372 602 3399 653 6
3427 599 3550 663 Υἱὸς
3587 600 3915 671 ἐργάζεται,

2322 684 2398 746 ὡς
2416 684 2647 754 δύναμις
2677 688 2881 757 φυσική
2910 702 2971 739 τε
3002 686 3094 738 καί
3125 686 3387 757 οὑσιώδης
3427 689 3519 741 καὶ
3545 691 3919 754 ὲνυπόστατος

2322 776 2485 828 αὑτοῦ
2522 793 2536 807 ·
2568 777 2934 847 ἐργαζομένου
2961 777 3017 830 δὲ
3055 777 3257 847 ὁμοίως
3289 779 3381 831 τοῦ
3418 779 3580 844 Υίοῦ,
3612 782 3707 835 καὶ
3735 785 3763 835 6
3794 784 3916 835 Πα-

2319 865 2423 936 τὴρ
2449 867 2741 937 ἐργάζεται
2761 908 2776 933 ,
2802 869 2878 931 ὼς
2918 868 3071 938 πηγὴ
3106 869 3196 921 τοῦ
3224 869 3684 940 δημιουργοῦντος
3702 874 3911 940 Λόγου,

2320 958 2699 1029 ἐνυπάρχουσα
2736 960 2980 1027 φυσικῶς
3032 959 3112 1029 τῷ
3159 960 3273 1029 ἰδίῳ
3325 964 3655 1033 γεννήματι,
3685 964 3912 1031 ὠσπερ-

2318 1049 2434 1100 ανεὶ
2472 1049 2565 1100 καὶ
2594 1050 2655 1101 τὸ
2693 1048 2805 1121 πῦρ
2852 1053 2916 1120 τῇ
2957 1049 3017 1113 ἐξ
3063 1050 3229 1103 αὑτοῦ
3276 1051 3536 1122 προῖοὺσῃ
3584 1052 3909 1121 θερμότητι.

2320 1138 2588 1209 Πρόδηλον
2622 1137 2737 1204 οὖν,
2769 1143 2851 1194 ὅτι
2899 1142 3129 1210 μάταιον
3174 1141 3516 1208 ἀναπέφαται
3545 1142 3604 1194 τὸ
3640 1145 3782 1196 κατά
3803 1144 3905 1197 τοῦ

2318 1231 2652 1298 Μονογενοῦς
2694 1232 2802 1285 τῶν
2832 1232 2898 1284 δι’
2945 1233 3195 1296 ἐναντίας
3224 1234 3607 1304 κατηγόρημα,
3633 1236 3904 1307 δημιουρο

2316 1321 2410 1389 γὸν
2450 1324 2514 1373 ὲκ
2549 1321 2859 1393 μαθήσεως,
2890 1323 3089 1391 μᾶλλον
3117 1323 3174 1376 δὲ
3201 1325 3300 1394 ἤδη
3344 1326 3439 1378 καὶ
3479 1326 3750 1397 ὑπουργὸν
3783 1330 3905 1380 εισ-

2316 1411 2589 1482 φερόντων
2646 1414 2781 1482 ἡμῖν
2836 1412 3016 1476 αὑτὸν,
3059 1411 3149 1465 διὰ
3201 1413 3260 1465 τὸ
3302 1414 3466 1480 φάναι
3496 1414 3586 1469 τὸν
3626 1418 3903 1487 μακάριον

2314 1503 2729 1573 εὑαγγελιστήνσ
2767 1523 2785 1554 ι
2828 1504 3013 1556 Πάντα
3039 1505 3107 1556 δι“
3129 1504 3292 1559 αὑτοῦ
3340 1506 3574 1573 ἐγένετο,
3601 1508 3693 1559 καὶ
3725 1510 3900 1579 χωρὶς

2314 1595 2475 1647 αὑτοῦ
2510 1595 2725 1661 ἐγένετο
2754 1595 2872 1647 οὑδὲ
2902 1596 2981 1649 ἐν.
3034 1614 3050 1645 ι
3086 1595 3395 1664 Θαυμάζειν
3425 1598 3482 1650 δέ
3513 1616 3604 1667 μοι
3633 1600 3729 1651 καὶ
3773 1600 3897 1655 λίαν

2313 1687 2601 1755 ἐπέρχεται
2651 1687 2777 1749 τοὺς
2824 1685 3073 1750 ἀνοσίους
3119 1688 3452 1757 αἱρετικούς.
3485 1689 3565 1742 Τὰ
3618 1690 3717 1760 μὲν
3756 1694 3892 1763 γάρ,

2312 1776 2410 1828 ὅσα
2463 1778 2760 1847 παραλύειν
2798 1778 2945 1831 δοκεῖ
2974 1793 3089 1839 πως
3119 1777 3302 1841 αὑτοῖς
3336 1778 3430 1831 τοῦ
3460 1779 3800 1847 Μονογενοῦς
3830 1782 3895 1835 τὸ

627 1889 749 1943 quae
784 1888 912 1929 vero
945 1884 1092 1928 recte
1120 1882 1174 1926 et
1211 1873 1428 1927 sincere
1474 1870 1683 1940 scripta
1717 1877 1877 1934 sunt,
1918 1878 1974 1924 et
2003 1871 2071 1924 ad
2103 1870 2194 1924 Pa-

2306 1869 2541 1937 ἀξίωμα,
2573 1872 2663 1922 καὶ
2702 1870 2951 1939 δεύτερον
3008 1868 3171 1921 αὑτὸν
3221 1870 3547 1939 ἀποφαίνειν
3576 1871 3669 1924 τοῦ
3699 1874 3891 1943 γεννή-

627 1968 729 2022 lris
761 1968 991 2038 gloriam
1024 1964 1225 2018 Filium
1259 1964 1562 2027 deducunt,
1608 1978 1672 2016 ea
1722 1970 1872 2017 certe
1919 1963 2029 2016 alto
2064 1979 2203 2033 quo-

625 2059 749 2114 dam
781 2058 1023 2112 ohruunt
1089 2056 1331 2118 silentio,
1366 2055 1567 2125 quippe
1609 2055 1704 2124 qui
1748 2070 1919 2108 unum
1964 2054 2067 2108 hoc
2097 2056 2199 2109 sibi

625 2148 967 2218 propositum
1021 2146 1244 2210 habent,
1298 2145 1348 2199 ei
1398 2145 1719 2211 detrahere,
1781 2159 1943 2215 quem
2011 2160 2199 2200 omnes

620 2240 936 2296 collaudant
966 2246 1253 2294 creaturae.
1284 2236 1586 2291 Audientes
1617 2238 1764 2291 enim
1804 2238 1873 2292 ab
1900 2237 2020 2307 ipso
2054 2237 2197 2292 facta

620 2348 744 2388 esse
774 2333 981 2395 omnia,
1017 2329 1447 2384 ministrationis
1471 2344 1669 2384 nomen
1699 2329 1848 2383 illico
1872 2328 2196 2397 subjiciunt,

620 2440 837 2480 servum
865 2439 963 2493 pro
995 2423 1189 2485 libero,
1227 2429 1281 2476 et
1304 2420 1570 2475 famulum
1611 2424 1793 2492 potius
1823 2439 1987 2493 quam
2018 2424 2198 2477 domi-

618 2532 749 2570 num
795 2515 965 2569 lilium
1019 2515 1380 2569 somniantes.
1409 2513 1621 2568 Rursus
1669 2530 1817 2579 vero,
1875 2530 2001 2569 cum
2050 2516 2197 2569 acci-

618 2609 774 2677 piunt
823 2607 959 2660 nihil
1021 2606 1141 2661 sine
1188 2607 1310 2674 ipso
1363 2604 1567 2658 factum
1607 2620 1764 2673 esse,
1824 2620 1935 2660 non
1980 2607 2047 2661 ad
2088 2620 2198 2659 ma-

617 2715 788 2771 gnum
843 2698 1104 2767 quiddam
1159 2708 1212 2752 et
1260 2698 1585 2753 admirabile
1641 2699 1708 2753 de
1764 2699 1886 2769 ipso
1948 2700 2196 2770 cogitan-

617 2790 746 2846 dum
799 2793 1044 2844 animum
1093 2788 1352 2843 evehunt.
1404 2787 1752 2859 Evangelista
1792 2789 1999 2860 quippe
2060 2789 2193 2843 nihil

616 2885 734 2941 sine
768 2884 888 2953 ipso
919 2883 1122 2937 factum
1183 2881 1447 2944 esseait,
1491 2882 1755 2951 quoniam
1807 2881 1968 2935 aliter
2002 2895 2195 2937 creare

616 2992 725 3030 non
754 2984 935 3045 potest
973 2975 1117 3031 Deus
1152 2988 1213 3028 ac
1245 2974 1407 3029 Pater
1447 2989 1612 3043 quam
1646 2988 1742 3042 per
1777 2988 1937 3028 suum
1961 2972 2190 3039 Filium,

614 3068 711 3138 qui
748 3068 1017 3135 sapientia
1057 3075 1110 3121 et
1149 3067 1332 3122 virtus
1359 3076 1445 3121 est
1486 3064 1626 3134 ejus.
1658 3063 1871 3119 Idcirco
1900 3064 2047 3119 enim
2074 3065 2191 3134 glo-

615 3161 699 3215 ria
732 3160 826 3215 Dei
856 3175 919 3214 ac
950 3159 1129 3213 Patris
1157 3168 1242 3212 est
1270 3158 1601 3228 Unigenitus
1625 3177 1637 3211 :
1665 3156 2014 3228 gloriﬁcatur
2044 3155 2189 3211 enim

614 3263 675 3309 ut
712 3262 928 3309 creator
950 3251 1137 3313 Pater,
1166 3268 1262 3320 per
1300 3251 1499 3307 Filium
1544 3252 1804 3306 universa
1838 3264 2096 3319 operans,
2140 3260 2192 3304 et

611 3362 676 3401 ex
716 3345 887 3399 nihilo
928 3344 993 3399 ad
1018 3360 1142 3399 esse
1176 3359 1265 3398 res
1295 3343 1632 3414 producens.
1657 3340 1769 3413 48
1800 3342 1911 3397 Sed
1944 3350 2000 3397 et
2032 3340 2189 3405 illud,

618 3456 636 3489 ι
676 3437 806 3492 Sine
838 3437 960 3507 ipso
1004 3436 1212 3489 factum
1248 3444 1333 3490 est
1380 3434 1534 3498 nihil,
1572 3454 1590 3485 ι
1632 3434 1699 3489 de
1734 3434 1975 3489 hominis
2016 3432 2190 3488 fabri-

619 3530 840 3583 catione
881 3537 1028 3581 recte
1074 3525 1344 3594 accipies,
1380 3524 1523 3593 apud
1555 3532 1608 3579 te
1650 3524 1768 3578 hazc
1804 3523 2187 3594 perpendens:

619 3638 638 3669 ι
678 3618 974 3673 Faciamus
1018 3616 1298 3670 hominem
1338 3614 1405 3669 ad
1455 3614 1750 3683 imaginem
1803 3622 2087 3674 nostram,
2138 3622 2194 3667 et

612 3710 1033 3767 similitudinem
1064 3708 1139 3763 ⁸.»
1171 3706 1269 3760 llic
1290 3707 1435 3761 enim
1466 3706 1619 3760 clare
1640 3705 2007 3775 contemplari
2040 3704 2189 3769 licet,

611 3802 749 3857 nihil
791 3817 915 3857 csse
971 3800 1025 3853 in
1058 3798 1196 3853 Filio
1245 3798 1452 3851 humile
1485 3804 1748 3867 tanquam
1800 3797 1853 3850 in
1898 3796 2190 3859 ministro,

610 3903 671 3948 ut
750 3894 828 3947 illi
888 3892 1080 3945 volunt
1138 3889 1298 3943 :Non
1358 3891 1507 3944 enim
1566 3890 1886 3957 imperando
1950 3888 2195 3958 loquitur

611 3984 797 4040 Verbo
876 3982 1020 4037 Deus
1100 3996 1164 4035 ac
1234 3980 1396 4035 Pater
1464 3999 1477 4035 :
1545 3978 1651 4033 Fac
1704 3979 2024 4044 hominem,
2096 3979 2191 4034 sed

611 4087 878 4149 tanquam
938 4075 1030 4145 qui
1079 4074 1383 4128 coexsistat
1438 4073 1738 4129 secundum
1802 4081 2094 4137 naturam,
2137 4079 2192 4125 et

612 4170 890 4226 indivulse
940 4168 1073 4222 insit
1119 4177 1474 4238 cooperator,
1517 4174 1576 4219 ut
1619 4166 1959 4236 operationis
2000 4165 2081 4219 sic
2138 4172 2191 4219 et

609 4260 1025 4316 deliberationis
1074 4260 1197 4312 vult
1273 4273 1398 4313 esse
1450 4258 1802 4327 participem,
1857 4256 2191 4326 cogitatione

608 4348 831 4419 quidem
889 4348 1018 4403 Filii
1073 4349 1444 4419 cognitionem
1508 4364 1617 4400 non
1672 4347 2047 4416 praeveniens,
2093 4346 2187 4401 sed

613 4452 872 4510 tanquam
901 4455 1054 4494 mens
1097 4440 1371 4494 indivulse
1404 4448 1459 4494 et
1485 4440 1552 4492 ab
1586 4446 1791 4493 aeterno
1828 4438 2098 4506 impresso
2134 4446 2189 4490 et

2304 1982 2481 2036 τορός,
2509 1968 2650 2020 κατά
2683 1984 2743 2034 γε
2766 1967 2855 2018 τὸν
2879 1964 3103 2018 ἐκείνων
3132 1964 3260 2017 ὄντα
3296 1967 3517 2031 σκοπὸν,
3546 1967 3721 2020 ταῦτα
3752 1968 3891 2037 μετὰ

2305 2057 2502 2127 πολλῆς
2541 2075 2685 2120 τινος
2734 2057 3005 2128 θηρῶνται
3037 2061 3293 2129 σπουδῆς,
3331 2059 3426 2113 καὶ
3461 2060 3793 2128 πανταχόθεν
3819 2061 3891 2113 τά

2300 2147 2399 2217 τῆς
2447 2148 2653 2201 ἑαυτῶν
2698 2150 3025 2218 δυστροπίας
3083 2150 3415 2223 ὲρανίζονται
3468 2150 3733 2219 φάρμακα
3773 2166 3787 2179 ⁸
3820 2152 3891 2204 τὰ

2300 2238 2356 2292 δὲ
2400 2241 2498 2293 ὅσα
2536 2242 2694 2293 πάλιν
2751 2243 2897 2294 ἐστὶν
2933 2242 3099 2310 ὑγιῶς
3156 2261 3215 2296 τε
3248 2244 3340 2295 καὶ
3372 2242 3547 2313 ὀρθῶς
3596 2244 3887 2312 εἰρημένα,

2300 2333 2393 2383 καὶ
2424 2334 2503 2394 εἰς
2539 2332 2635 2403 τὴν
2669 2332 2762 2384 τοῦ
2812 2333 3023 2404 Πατρδς
3056 2335 3396 2405 ἀναφέροντα
3424 2333 3603 2398 δόξαν,
3637 2334 3698 2386 τὸ
3733 2333 3884 2397 Υίὸν,

2301 2421 2474 2475 ταῦτα
2503 2422 2567 2492 δὴ
2592 2422 2684 2475 καὶ
2717 2424 2865 2493 μάλα
2891 2424 3134 2493 βαθείαις
3164 2425 3599 2496 καταχωννύουσι
3631 2426 3885 2488 σιωπαῖς,

2298 2511 2487 2581 ὥσπερ
2537 2514 2633 2567 ἕνα
2688 2516 2780 2567 καὶ
2860 2516 3018 2584 μόνον
3067 2516 3279 2587 ἔχοντες
3328 2516 3525 2569 σκοπὸν
3575 2515 3636 2567 τὸ
3687 2515 3886 2567 διαλοιο

2298 2603 2571 2673 ὢρείσθαι
2612 2605 2787 2675 μάτην
2824 2606 2899 2675 τῷ
2935 2608 3085 2677 παρὰ
3116 2608 3293 2677 πάσης
3322 2606 3757 2675 δοξο).ογουμὲνῳ
3784 2605 3889 2673 τῆς

2299 2696 2548 2759 κτίσεως.
2598 2696 2909 2761 Ἀκούοντες
2945 2699 3043 2768 μὲν
3085 2698 3211 2768 γὰρ,
3260 2701 3343 2752 ὅτι
3394 2699 3571 2751 πάντα
3622 2698 3687 2749 δι’
3714 2698 3885 2749 αὑτοῦ

2297 2787 2533 2855 ἐγένετο,
2554 2787 2612 2839 τὸ
2634 2788 2731 2857 τῆς
2758 2789 3061 2858 ὑπουργίας
3092 2790 3262 2859 ὄνομα
3293 2790 3513 2861 θερμῶς
3540 2790 3886 2859 ἐπιφέρουσι,

2295 2878 2483 2933 δοῦλον
2526 2880 2641 2933 ἀντ’
2666 2880 2984 2953 ἐλευθέρου,
3010 2884 3104 2934 καὶ
3138 2882 3500 2955 θεραπευτὴν,
3534 2884 3567 2952 ἢ
3619 2882 3889 2951 δεσπότην

2296 2971 2767 3043 ὀνειροπολοῦντες
2807 2974 2900 3026 τὸν
2950 2975 3095 3027 Υἱόν.
3162 2974 3543 3037 Μανθάνοντες
3593 2974 3649 3026 δὲ
3698 2974 3885 3037 πάλιν,

2295 3063 2377 3115 ὅτι
2407 3065 2573 3135 χωρὶς
2607 3064 2770 3118 αὑτοῦ
2807 3066 3023 3133 ἐγένετο
3062 3065 3182 3117 οὑδὲ
3227 3066 3304 3130 ἓν,
3334 3066 3425 3119 ἐπὶ
3468 3066 3525 3117 τὸ
3553 3068 3771 3135 φρονεῖν
3796 3065 3887 3116 ἐπ’

2296 3157 2442 3225 αὑτῷ
2473 3157 2613 3225 μέγα
2662 3175 2713 3210 τι
2750 3158 2844 3210 καὶ
2874 3158 3203 3225 άξιάγαστον
3239 3159 3339 3210 οὑκ
3368 3158 3766 3211 ἀναϐαίνουσιν.
3798 3156 3890 3219 Ὠς

2296 3248 2403 3318 γὰρ
2438 3249 2638 3320 ἑτέρως
2669 3251 2729 3303 οὑ
2766 3250 3073 3319 πεφυκότος
3096 3249 3451 3320 δημιουργεῖν
3484 3249 3577 3303 τοῦ
3606 3249 3739 3302 Θεοῦ
3784 3250 3888 3302 καὶ

2295 3341 2548 3411 Πατρὸς,
2579 3343 2625 3394 εί
2673 3342 2746 3413 μὴ
2781 3342 2869 3395 διὰ
2910 3341 2999 3395 τοῦ
3048 3346 3179 3395 ἰδίου
3225 3344 3598 3411 γεννήματος,
3634 3344 3692 3405 ὃς
3736 3344 3890 3397 ἐστιν

2294 3432 2443 3503 αὑτῷ
2497 3434 2655 3503 σοφία
2704 3435 2795 3487 καὶ
2826 3434 3089 3503 δύναμις,
3118 3434 3271 3487 οὐδὲν
3322 3435 3460 3494 ὅλως
3506 3436 3677 3508 χωρὶς
3706 3433 3879 3487 αὑτοῦ

2293 3524 2616 3592 γεγενῆσθαί
2654 3541 2816 3595 φησιν
2844 3526 2871 3576 6
2901 3525 3316 3594 εὑαγγελιστής·
3339 3524 3425 3577 διὰ
3459 3524 3567 3595 γὰρ
3584 3525 3741 3577 τοῦτο
3773 3524 3871 3577 καὶ

2292 3614 2418 3679 δόξα
2448 3615 2542 3667 τοῦ
2569 3614 2703 3668 Θεοῦ
2748 3617 2840 3668 καὶ
2875 3616 3088 3713 Ψτρός
3122 3619 3272 3670 ἐστιν
3301 3619 3329 3669 6
3359 3618 3697 3685 Μονογενής’
3732 3616 3887 3680 δοξάο

2294 3704 2447 3767 ζεται
2475 3705 2584 3777 γὰρ
2608 3706 2682 3769 ὼς
2711 3700 3064 3777 δημιοιῖργὺς,
3086 3706 3153 3759 δι’
3177 3700 3237 3760 οὗ
3275 3708 3383 3778 [ῖσ.
3412 3706 3565 3778 Υίοῦ]
3603 3708 3669 3760 τὰ
3706 3707 3885 3760 πάντα

2294 3798 2553 3867 ἐνεργῶν,
2586 3797 2679 3849 καὶ
2711 3798 2790 3860 είς
2836 3797 2897 3849 τὸ
2932 3791 3073 3851 εἶναι
3119 3798 3189 3850 τὰ
3222 3799 3296 3868 μὴ
3344 3798 3472 3850 ὅντα
3520 3799 3881 3868 παραφέρων.

2294 3888 2502 3959 Νοήσαι
2530 3888 2572 3941 δ’
2589 3889 2655 3942 ἄν
2681 3906 2765 3952 τις
2789 3888 2970 3949 καλῶς
2992 3890 3076 3953 τὸ,
3108 3909 3125 3941 ι
3146 3891 3327 3961 Χωρὶς
3348 3890 3511 3943 αὑτοῦ
3530 3893 3746 3958 ἐγένετο
3762 3892 3885 3944 οὑδὲ

2294 3980 2372 4046 ἓν,
2402 4000 2419 4032 ι
2454 3982 2515 4034 τὸ
2548 3983 2834 4052 εἰρημένον
2863 3981 2955 4033 ἐπὶ
2986 3984 3052 4052 τῇ
3087 3982 3182 4034 τοῦ
3222 3981 3510 4053 ἀνθρώπου
3544 3986 3880 4053 κατασκευῇ,

2294 4071 2415 4125 καθ’
2438 4072 2628 4125 ἑαυτὸν
2648 4072 3049 4142 ἐνθυμούμενος
3068 4090 3082 4105 ⁸
3121 4093 3139 4124 ι
3178 4075 3502 4145 Ποιήσωμεν
3532 4074 3877 4144 ἄνθρωποι.

2294 4167 2478 4233 φησὶν,
2517 4186 2533 4216 ι
2566 4168 2683 4219 κατ’
2714 4165 2898 4218 είκόνα
2940 4168 3213 4237 ἡμετέραν
3266 4167 3360 4220 καὶ
3391 4168 3514 4220 καθ’
3548 4167 3827 4237 ὁμοίωσιν.
3857 4183 3874 4215 ι

2297 4257 2512 4321 Ἔξεστι
2553 4258 2661 4327 γάρ
2694 4260 2750 4311 ὲν
2798 4258 2973 4328 τοὺ-τῳ
3016 4259 3080 4329 δὴ
3114 4257 3349 4327 μάλιστα
3382 4258 3753 4311 καταθεᾶσθαι
3784 4273 3880 4309 σα-

2294 4348 2410 4417 φῶς
2465 4348 2615 4400 οὑδὲν
2646 4349 2705 4400 ὲν
2741 4347 2854 4419 Υίῷ
2899 4347 3188 4409 ταπεινὸν,
3224 4346 3301 4408 ὡς
3349 4347 3405 4398 ὲν
3445 4345 3706 4417 ὑπουργῷ
3738 4344 3881 4397 κατὰ

2293 4440 2385 4492 τὸν
2445 4439 2668 4493 ἐκείνων
2738 4440 2927 4508 λόγον·
2971 4440 3032 4491 οὑ
3082 4438 3209 4509 γὰρ,
3275 4438 3511 4506 Ποίησον
3565 4437 3877 4506 ἄνθρωπον,

610 4533 779 4585 insito
802 4528 985 4584 Verbo
1042 4531 1422 4584 manifestata.
1475 4529 1688 4582 Rursus
1744 4538 1924 4582 autem
1973 4543 2094 4597 qua:
2121 4528 2188 4581 de

2300 4531 2569 4585 ἐπιτάττει
2598 4530 2676 4601 τῷ
2710 4530 2866 4600 Λόγῳ
2895 4531 2923 4581 6
2954 4530 3085 4592 Θεὸς
3134 4530 3229 4583 καὶ
3264 4528 3474 4599 Πατὴρ,
3518 4528 3633 4581 ἀλλ’
3658 4528 3733 4590 ὠς
3756 4545 3880 4580 συν-

612 4617 720 4671 Deo
771 4616 1037 4671 dicuntur
1092 4617 1252 4686 longe
1298 4632 1464 4685 supra
1519 4618 1764 4686 exempla
1825 4618 2002 4685 posita
2063 4632 2189 4671 esse

609 4709 890 4764 fatendum
930 4719 1034 4765 est.
1069 4708 1366 4778 Cooperari
1408 4716 1587 4762 tamen
1619 4708 1759 4762 Filio
1798 4707 2017 4762 Patrem
2048 4708 2187 4762 diei-

608 4818 764 4865 mus,
798 4817 908 4856 non
938 4802 1171 4857 scorsiin
1204 4801 1344 4857 duos
1380 4800 1776 4871 intelligentes,
1814 4814 1880 4853 ne
1916 4799 2026 4854 duo
2051 4816 2184 4854 cen-

612 4902 841 4949 seantur
867 4909 991 4948 esse
1021 4892 1127 4955 Dii,
1163 4909 1261 4947 nec
1293 4909 1461 4948 unum
1483 4902 1780 4961 utrumque
1802 4893 1991 4955 simul,
2024 4908 2092 4946 ne
2124 4893 2180 4945 in

610 4986 828 5039 Patrem
880 4983 1086 5050 Filius,
1135 4993 1189 5038 et
1227 4984 1390 5040 Pater
1439 4985 1496 5039 in
1544 4984 1743 5038 Filium
1795 4984 2177 5045 contrahatur,

617 5076 711 5132 sed
764 5076 858 5130 illo
896 5076 1083 5146 potius
1133 5077 1293 5131 modo
1334 5093 1443 5148 quo
1494 5076 1771 5147 splendori
1828 5076 2051 5129 luminis
2096 5076 2183 5128 lu-

605 5184 731 5222 men
775 5167 959 5224 inesse
997 5168 1248 5224 creditur
1295 5186 1360 5223 ex
1401 5186 1509 5239 quo
1550 5168 1815 5240 splendor
1862 5166 2089 5222 effulsit.
2129 5168 2183 5221 In

609 5261 695 5316 his
720 5260 866 5315 enim
893 5262 1224 5331 cogitatione
1250 5263 1471 5331 quidem
1507 5261 1751 5332 sepagari
1778 5260 2185 5329 quodammodo

605 5351 830 5405 videtur
865 5352 917 5406 id
948 5352 1091 5422 quod
1131 5354 1303 5424 gignit
1337 5354 1406 5406 ab
1437 5369 1502 5406 eo
1528 5352 1673 5420 quod
1706 5353 1971 5423 gignitur,
2010 5363 2062 5407 et
2096 5352 2178 5406 in-

606 5442 959 5497 divisibiliter
1000 5444 1183 5513 prodit
1211 5465 1224 5500 :
1259 5444 1353 5500 sed
1383 5459 1550 5497 unum
1575 5453 1657 5497 est
1689 5458 1753 5495 ac
1796 5442 1935 5496 idem
1971 5450 2181 5495 utrum-

607 5549 713 5603 que
745 5535 907 5590 simul
939 5550 1158 5600 natura,
1195 5552 1296 5592 nec
1322 5538 1555 5591 alterum
1593 5535 1712 5589 sine
1745 5534 1917 5587 altero
1952 5548 2182 5602 usquam

608 5634 711 5681 est.
746 5624 853 5683 Sed
886 5629 1003 5685 haec
1026 5646 1223 5686 rursus
1246 5629 1388 5686 Deus
1415 5636 1642 5699 superat
1664 5670 1676 5694 ,
1714 5625 2016 5697 praesertim
2056 5639 2183 5679 cum

682 5807 704 5845 ⁵
741 5806 877 5866 Gen.
914 5825 964 5881 ι,
999 5807 1087 5866 ἳθ.

2291 4622 2419 4677 όντα
2469 4622 2609 4675 κατά
2636 4622 2815 4691 φύσιν,
2853 4624 2945 4675 καὶ
2979 4621 3315 4685 ἀδιαστάτως
3343 4622 3716 4692 ἐνυπάρχοντα
3751 4637 3878 4671 συν-

2288 4715 2547 4785 εργάτην,
2571 4714 2759 4785 ὥσπερ
2783 4717 3037 4778 ἐποιεῖτο,
3080 4714 3171 4767 καὶ⁸
3205 4714 3305 4783 τῆς
3352 4714 3439 4766 ἐπ’
3463 4711 3733 4784 ἀνθρώπῳ
3758 4712 3879 4780 βου-

2286 4808 2495 4879 λήσεως
2540 4810 2848 4873 κοινωνεῖν,
2882 4809 2943 4860 οὑ
2990 4809 3388 4879 προλαμϐάνων
3425 4806 3523 4878 μὲν
3562 4809 3663 4878 τὴν
3698 4809 3754 4859 ὲν
3800 4805 3879 4875 τῷ

2287 4900 2400 4969 Υίῷ
2434 4900 2637 4967 γνῶσιν
2667 4900 2723 4951 ἐν
2753 4899 2831 4969 τῷ
2872 4917 2928 4952 τι
2976 4904 3138 4962 νοεῖν,
3171 4900 3245 4964 ὡς
3284 4900 3341 4952 δὲ
3372 4899 3497 4961 νοῦς
3540 4898 3878 4961 ἀδιαστάτως

2282 5007 2340 5042 τε
2389 4990 2483 5042 καὶ
2516 4990 2758 5058 ἀχρόνως
2784 4988 2862 5059 τῷ
2891 4991 3355 5060 ὲγκεχαραγμένῳ
3397 4990 3491 5042 καὶ
3518 4989 3875 5058 ἐνυπάρχὶντι

2291 5076 2449 5147 Λόγῳ
2498 5076 2916 5148 φανερούμενος.
2954 5080 3136 5134 Ἔστω
3180 5080 3237 5133 δὲ
3291 5081 3452 5133 πάλιν
3483 5082 3625 5152 ὑπὲρ
3655 5080 3753 5152 τὴν
3782 5079 3874 5132 τοῦ

2292 5169 2733 5240 παραδείγματος
2768 5170 2997 5241 δύναμιν
3045 5172 3114 5225 τὰ
3163 5172 3438 5244 θεοπρεπῆ
3494 5174 3827 5246 θεωρήματα
3857 5188 3871 5200 ·

2294 5260 2715 5333 συνεργάζεσθαι
2754 5262 2813 5315 δέ
2858 5280 3039 5334 φαμεν
3082 5264 3244 5317 αὑτοῦ
3273 5264 3377 5336 [ῖσ.
3415 5264 3701 5337 αὑτὸν]τῷ
3738 5264 3871 5333 Υίῷ,

2290 5357 2386 5424 οὑχ
2416 5355 2491 5419 ὡς
2517 5353 2607 5406 δὺο
2626 5353 2871 5417 νοοῦντες
2900 5355 3261 5427 διῃρημένως,
3287 5358 3373 5409 ἵνα
3410 5359 3483 5428 μὴ
3514 5357 3606 5411 δύο
3644 5358 3873 5410 νοῶνται

2289 5446 2423 5512 θεοὶ,
2460 5445 2567 5497 οὐδ’
2597 5446 2671 5509 ὡς
2714 5445 2771 5497 ἓν
2814 5445 2873 5497 τὸ
2904 5449 3327 5520 συναμφότερον,
3362 5451 3449 5502 ⁹ιῖνα
3480 5452 3615 5519 μήτε
3651 5452 3731 5512 εἰς
3761 5450 3871 5502 Πα-

2288 5538 2422 5609 τέρα
2459 5538 2605 5598 Υἰὸς,
2643 5538 2779 5607 μήτε
2807 5536 2913 5607 μὴν
2941 5541 2969 5591 6
2995 5540 3185 5611 Πατὴρ
3215 5543 3294 5605 είς
3334 5542 3463 5595 Υἰὸν
3495 5541 3871 5611 συστέλληται,

2291 5630 2424 5682 ἀλλᾶ
2468 5629 2669 5699 μᾶλλον
2708 5626 2951 5695 ἐκείνως,
2997 5630 3069 5694 ὡς
3116 5634 3179 5685 ἄν
3228 5652 3308 5697 τις
3350 5634 3462 5704 δοίη
3513 5636 3749 5687 συνεῖναι
3795 5629 3871 5703 τῷ
