4168 6584
284 399 356 457 85
1354 395 1419 449 1N
1453 391 1743 449 JOANNIS
1779 390 1882 446 ενι

1988 388 2225 447 :ELIUM
2255 389 2384 446 ιω.
2422 389 2460 443 ι.
2557 375 2561 379 ’
3486 393 3555 449 se

280 523 347 573 ἐκ
372 517 551 589 φωτὸς
570 515 990 586 ἁπαυγάσματι,
1010 514 1067 568 τὸ
1091 515 1149 579 ἐξ
1165 508 1334 586 οὗπερ
1361 512 1709 585 ἐξηστράφθη
1733 511 1872 581 φῶς.

1988 509 2053 568 sit
2099 525 2271 581 supra
2320 509 2690 565 substantiam
2716 551 2732 577 ,
2786 526 2887 567 nec
2921 515 3183 565 accurata
3217 507 3329 564 ulla
3371 507 3447 566 sit
3499 526 3563 567 ac

295 608 388 663 Ἐν
418 607 528 680 γὰρ
558 611 671 673 τοῖς
706 607 966 670 τοιούτοις
996 604 1327 677 χωρίζεσθαι
1364 604 1462 676 μέν
1495 619 1612 667 πως
1661 602 1875 675 ἐπινοίᾳ

276 698 428 751 δοκεί
454 698 512 751 τὸ
541 698 744 767 γεννῶν
780 697 871 750 τοῦ
904 697 1266 766 γεννωμένου,
1284 698 1377 749 καὶ
1404 694 1875 767 προεκκῦπτοντος

277 789 592 861 ἀμερίστως
620 808 633 821 ·
661 789 717 843 ἐν
747 790 803 843 δέ
838 791 985 843 ἐστιν
1019 790 1114 843 καὶ
1147 788 1341 842 ταυτὸν
1378 792 1444 860 τῇ
1476 787 1634 857 φύσει
1658 786 1717 839 τὸ
1748 804 1874 839 συν-

278 883 612 952 αμφότερον,
648 883 740 935 καὶ
766 882 888 952 δίχα
925 881 1019 934 τοῦ
1064 883 1251 953 ἐτέρου
1282 880 1343 933 τὸ
1371 881 1557 952 ἕτερον
1587 878 1838 949 οὐδαμῶς
1858 892 1871 906 ⁸

280 965 432 1021 ἔσται
453 969 506 1022 δὲ
542 969 702 1022 πάλιν
725 971 818 1023 καὶ
848 970 987 1041 ὑπὲρ
1012 970 1170 1023 τοῦτο
1192 969 1344 1035 Θεὸς,
1370 970 1464 1024 ἆτε
1497 970 1560 1041 δὴ
1584 969 1679 1022 καὶ
1708 970 1875 1039 ὑπερ-

279 1060 465 1123 ούσιος
503 1060 599 1125 ὢν,
625 1062 718 1114 καὶ
758 1063 817 1115 τὸ
848 1062 1033 1134 ἄκρως
1062 1062 1381 1134 προσεοικὸς
1414 1063 1514 1117 οὐκ
1543 1062 1681 1132 ἔχων
1703 1063 1760 1115 ἐν
1787 1079 1878 1130 γε-

279 1156 480 1222 νητοῖς,
506 1155 592 1207 ἵνα
613 1155 676 1227 δὴ
704 1158 799 1210 καὶ
820 1159 898 1219 εἰς
927 1156 1112 1209 εἰκόνα
1139 1155 1493 1227 λαμϐάνηται
1521 1172 1574 1209 τι
1596 1156 1695 1225 τῆς
1712 1154 1874 1223 ἁγίας

279 1246 528 1316 Τριὰδος,
559 1247 711 1301 οὐδὲν
737 1248 967 1319 ἔχουσαν
998 1249 1057 1302 τὸ
1088 1248 1423 1315 διαλλάττον,
1450 1247 1525 1311 ὡς
1554 1249 1635 1311 είς
1669 1245 1877 1317 δογμά-

278 1354 385 1390 των
406 1338 711 1409 ἀκρίϐειαν.
743 1342 803 1393 Εἰ
834 1342 889 1395 δέ
910 1341 1189 1411 νομίζουσι
1221 1339 1479 1394 δύνασθαι
1528 1339 1609 1405 τὸ,
1659 1338 1733 1392 δι’
1779 1332 1875 1404 οὗ,

278 1429 572 1500 λεγόμενον
607 1432 691 1501 ἐφ’
734 1432 897 1496 Υἰοῦ,
936 1433 1268 1505 καταφέρειν
1319 1431 1484 1486 αὐτοῦ
1540 1431 1639 1501 τὴν
1685 1430 1874 1484 οὐσίαν

278 1518 379 1589 τῆς
402 1520 537 1591 πρὸς
574 1520 667 1573 τὸν
700 1521 916 1591 Πατέρα
943 1520 1187 1590 ἰσότητός
1215 1538 1275 1574 τε
1304 1520 1397 1573 καὶ
1435 1519 1668 1589 φυσικῆς
1693 1519 1875 1589 ὁμοιό-

279 1628 460 1682 τητος,
487 1611 563 1676 ὡς
595 1613 869 1686 ὑπουργὸν
898 1609 1035 1667 εἶναι
1070 1613 1292 1685 μᾶλλον,
1325 1613 1357 1681 ἢ
1389 1610 1740 1683 δημιουργόν,
1763 1611 1877 1664 δια-

282 1704 710 1760 σκεπτέσθωσαν
749 1708 799 1759 οί
850 1705 1242 1777 παράφρονες,
1293 1704 1387 1757 καὶ
1432 1706 1511 1768 είς
1542 1703 1703 1774 μέσον
1747 1704 1876 1773 ἡμῖν

280 1794 526 1863 ἡκόντων
550 1796 1037 1869 ἀπολογησόμενοι,
1065 1797 1117 1850 τί
1144 1813 1272 1849 ποτε
1306 1797 1411 1867 ἄρα
1441 1797 1532 1850 καὶ
1557 1797 1683 1867 περὶ
1711 1795 1874 1849 αὑτοῦ

1983 601 2228 675 perfecta
2254 602 2309 656 in
2351 601 2516 657 rebus
2552 603 2756 659 creatis
2786 602 3094 659 similitudo
3126 616 3235 674 qua
3264 600 3331 655 ad
3373 603 3562 671 expri-

1984 694 2244 751 mendam
2296 700 2502 749 sanctzc
2552 693 2839 751 Trinitatis
2885 696 3179 766 imaginem
3238 694 3321 749 uti
3381 694 3564 764 possi-

1983 801 2130 841 mus.
2168 786 2329 853 Quod
2370 787 2417 843 si
2449 787 2773 844 existiment
2802 789 2959 858 illud,
2989 805 3081 858 per
3104 805 3285 860 quem,
3327 787 3395 844 de
3422 786 3564 843 Filio

1984 877 2228 944 dictum,
2272 878 2642 935 substantiam
2686 880 2806 950 ejus
2836 880 2904 935 de
2936 880 3245 951 requalitate
3288 889 3342 935 et
3397 888 3563 934 natu-

1983 970 2083 1023 rali
2138 970 2504 1028 similitudine
2549 987 2672 1026 cum
2723 970 2888 1027 Patre
2936 972 3195 1043 dejicere,
3237 973 3312 1027 ita
3354 979 3413 1026 ut
3461 970 3565 1025 mi-

1982 1060 2167 1116 nister
2208 1061 2280 1117 sit
2322 1062 2506 1132 p0tius
2551 1078 2716 1133 quam
2751 1072 2988 1129 creator,
3021 1064 3087 1119 ad
3118 1080 3177 1120 se
3214 1065 3440 1120 redeant
3482 1064 3564 1119 in-

1984 1154 2129 1221 sani,
2160 1164 2214 1210 et
2262 1155 2318 1209 in
2376 1155 2616 1210 medium
2667 1154 2935 1226 prodeant
2987 1155 3145 1211 nobis
3200 1158 3562 1228 responsuri,

1983 1245 2248 1317 quidnam
2289 1246 2357 1302 de
2397 1247 2514 1318 ipso
2550 1244 2712 1303 Patre
2760 1247 2980 1302 tandem
3019 1248 3313 1319 c0gitaturi
3352 1250 3563 1313 simus,

1983 1345 2038 1392 et
2082 1353 2376 1408 quemnam
2432 1338 2611 1409 ipsum
2646 1354 2769 1394 esse
2800 1340 3145 1410 suspicaturi
3194 1340 3404 1406 simus,
3436 1357 3564 1395 cum

1984 1438 2169 1500 pateat
2201 1430 2368 1485 verba
2402 1430 2516 1496 illa,
2542 1446 2632 1498 per
2667 1446 2855 1501 quem,
2903 1429 3009 1501 ipsi
3047 1430 3214 1486 etiam
3246 1445 3278 1484 a
3310 1428 3566 1501 Scriptu-

1986 1535 2044 1574 ra
2076 1521 2264 1575 divina
2324 1522 2770 1577 accommodari?
2804 1542 2821 1574 ι
2856 1520 3058 1578 Fidelis
3091 1523 3260 1588 enim,
3290 1541 3307 1573 ι
3344 1521 3561 1592 inquit,

1992 1631 2009 1663 ι
2050 1611 2196 1669 Deus
2219 1656 2231 1677 ,
2264 1628 2361 1682 per
2392 1630 2553 1683 quem
2586 1614 2772 1668 vocati
2813 1614 2950 1668 estis
2983 1615 3037 1668 in
3083 1614 3399 1669 societatem
3438 1612 3564 1669 Filii

1984 1707 2105 1776 ejus
2126 1708 2168 1762 ³.
2208 1727 2225 1760 ι
2273 1706 2336 1761 Et
2367 1726 2379 1761 :
2428 1727 2445 1759 ε
2479 1706 2684 1763 Paulus
2720 1708 3004 1778 apostolus
3039 1707 3168 1764 Jesu
3226 1708 3434 1764 Christi
3469 1724 3568 1778 per

1986 1800 2325 1853 voluntatem
2386 1798 2477 1854 Dei
2504 1801 2544 1854 ⁸.
2584 1817 2600 1850 ι
2662 1799 2825 1864 Item,
2872 1798 3076 1855 Paulus
3137 1800 3203 1854 ad
3264 1799 3565 1855 nonnullos

280 1884 375 1937 τοῦ
409 1885 619 1959 Πατρός
647 1889 1008 1957 ἐννοὴσομενς
1035 1888 1153 1941 τίνα
1180 1887 1233 1940 δὲ
1269 1882 1408 1940 εἶναι
1433 1888 1525 1940 καὶ
1556 1887 1715 1939 αὑτὸν
1747 1887 1880 1940 ὑπο-

1988 1891 2187 1947 scribit
2221 1907 2233 1942 :
2275 1912 2292 1943 ‹
2326 1893 2517 1959 Itaque
2563 1890 2677 1961 jam
2721 1906 2831 1945 non
2863 1908 2922 1946 es
2955 1909 3180 1955 servus,
3223 1891 3317 1947 scd
3363 1892 3510 1947 ﬁlius
3548 1910 3561 1945 :

282 1976 587 2048 ληψόμεθα,
631 1980 759 2034 ὅταν
789 1983 1038 2051 φαίνητά⁹
1076 1980 1364 2051 δεχόμενος
1391 1979 1469 2044 τὸ,
1504 1979 1575 2031 δι’
1602 1973 1697 2042 οὗ,
1730 1976 1882 2049 παρὰ

279 2076 346 2143 τῇ
379 2073 497 2145 θείᾳ
524 2074 750 2144 Γραφῇ;
790 2092 804 2123 ι
845 2072 1038 2135 Πιστὸς
1091 2074 1218 2143 γὰρ,
1260 2090 1277 2123 ι
1314 2072 1497 2139 φησὶν,
1530 2089 1547 2121 ι
1582 2071 1610 2123 ό
1641 2068 1880 2132 Θεὸς,δι’

280 2157 342 2215 οὗ
365 2163 628 2233 ἐκλήθητε
646 2165 724 2226 εἰς
748 2164 1030 2215 κοινωνίαν
1046 2163 1138 2215 τοῦ
1165 2162 1292 2215 Υἱοῦ
1316 2161 1501 2215 αὐτοῦ’
1530 2181 1547 2213 ι
1571 2162 1681 2225 καὶ,
1705 2158 1850 2212 illa?)
1867 2189 1881 2201 -

278 2258 372 2321 λος
405 2256 702 2320 ἀπόστολος
737 2255 910 2325 ’ἰησοῦ
941 2255 1177 2327 Χριστοῦ
1206 2255 1293 2309 διὰ
1327 2255 1632 2324 θελήματος
1660 2252 1818 2306 Θεοῦ.
1853 2271 1871 2305 ι

280 2349 391 2401 Καὶ
424 2347 586 2400 πάλιν
626 2346 763 2418 πρός
806 2364 958 2409 τινας
984 2349 1011 2399 ὁ
1055 2345 1262 2409 Παῦλος
1306 2345 1640 2399 ἐπιστέλλεγ
1666 2362 1685 2392 ι
1718 2344 1881 2397 Ὥστε

277 2438 464 2492 οὐκέτι
498 2432 550 2490 εῐ
585 2436 792 2501 δοῦλος,
833 2437 970 2490 ἀλλὰ
1018 2437 1133 2501 υἱός
1158 2451 1172 2466 ’
1200 2439 1249 2490 εἰ
1294 2437 1350 2490 δὲ
1392 2437 1526 2501 υίὸς,
1557 2436 1652 2489 καὶ
1686 2435 1882 2506 κληρο-

278 2530 444 2602 νόμος
477 2529 564 2583 διὰ
596 2528 753 2584 Θεοῦ.
805 2528 992 2582 Ταῦτα
1037 2529 1100 2598 δὴ
1144 2528 1439 2598 σύμπαντα
1466 2527 1564 2596 τὴν
1602 2526 1883 2595 ἀναφορὰν

278 2625 359 2687 εἰς
392 2622 452 2676 τὸ
489 2622 583 2676 τοῦ
621 2621 757 2674 Θεοῦ
791 2621 884 2673 καὶ
920 2621 1134 2693 Πατρδς
1179 2620 1293 2691 ἔχει
1356 2621 1669 2691 πρόσωπον,
1694 2619 1789 2671 καὶ
1820 2618 1882 2670 οὐ

278 2714 456 2785 δήπου
482 2714 619 2786 πρὸς
640 2712 800 2767 τοῦτο
826 2713 1022 2783 μανίας
1047 2712 1260 2767 ἐλάσειέ
1289 2730 1394 2777 τις,
1418 2714 1466 2765 εί
1493 2711 1566 2783 μὴ
1595 2711 1747 2782 τύχοι
1770 2713 1885 2774 τοῖς

284 2805 712 2877 προειρημένοις
756 2805 825 2857 τὰ
856 2806 947 2858 ίσα
986 2804 1221 2876 φρονῶν,
1250 2804 1325 2867 ὡς
1348 2804 1407 2857 τὸ
1444 2805 1543 2872 τῆς
1577 2803 1885 2873 ὑπουργίας

282 2896 457 2967 δνομά
483 2913 541 2949 τε
574 2897 672 2949 καὶ⁸
706 2897 960 2967 πρᾶγμα,
993 2895 1090 2947 καλ⁸
1124 2896 1295 2963 αὐτῆς
1326 2891 1750 2964 κατηγορεῖσθαι
1786 2891 1884 2962 τῆς

282 2988 379 3042 τοῦ
423 2988 634 3059 [ἰατρὸς
677 2988 835 3059 δόξης
874 2987 1109 3054 εὐλόγως
1164 2988 1372 3050 εἰπεῖν,
1408 2985 1636 3056 ἐπείπερ
1685 2984 1886 3054 ἠνέχθη

284 3081 383 3134 καὶ
429 3079 701 3133 ἐπάὐτοῦ
749 3080 827 3141 τὸ,
867 3080 945 3131 δι’
980 3074 1075 3135 οὗ.
1136 3077 1444 3148 Ἀδιαφορεῖ
1480 3076 1589 3147 γὰρ
1651 3074 1763 3129 ἐσθ’
1797 3075 1887 3127 ὅτε

279 3170 414 3241 rapi.
460 3169 560 3231 τὰς
610 3169 784 3234 λέξεις
811 3172 844 3239 ἡ
877 3168 997 3222 θεία
1046 3168 1273 3238 Γραφὴ,
1314 3167 1481 3238 μηδὲν
1516 3165 1778 3220 ἀδικοῦσα
1825 3165 1886 3217 τὸ

282 3259 666 3330 ὖνιοκείμενον,
697 3257 1178 3329 καταχρηστικώτε
1190 3275 1280 3328 ρον
1309 3257 1366 3311 δέ
1398 3274 1515 3320 πως
1543 3256 1882 3326 ἐπιφέρουσα

280 3355 396 3415 τοῖς
432 3351 853 3423 σημαινομένοις
880 3350 951 3403 τά
990 3366 1049 3402 τε
1084 3350 1330 3419 ῥήματα,
1374 3346 1468 3400 καὶ
1504 3346 1571 3400 τὰ
1609 3347 1674 3400 δι’
1708 3339 1782 3400 ὧν
1815 3345 1882 3399 ἂν

281 3445 463 3516 υἷηται
497 3441 932 3514 καταδηλοῦσθαι
965 3440 1166 3503 καλῶς.
1197 3439 1345 3511 Πλὴν
1384 3440 1561 3492 ἐκεῖνο
1607 3437 1882 3509 συμφέρον

286 3537 382 3589 επὶ
428 3533 637 3598 τούτοις
684 3534 878 3597 εἰπεῖν,
910 3532 991 3585 ὅτι
1024 3530 1151 3595 δόξα
1178 3528 1386 3601 Κυρίου
1422 3527 1654 3599 κρύπτει
1676 3526 1834 3594 λόγον
1865 3541 1882 3559 ο

284 3627 443 3697 ολίγη
487 3627 596 3697 γὰρ
652 3628 801 3680 πᾶσα
851 3624 1024 3693 λόγων
1082 3620 1373 3692 ἱσχῦς,ὼς
1428 3620 1565 3691 πρὸς
1619 3618 1882 3689 ἐξήγησιν

285 3716 489 3788 ακριὸἧ
523 3717 624 3787 τῆς
661 3718 902 3789 ἀρρήτου
946 3715 1103 3784 δόξης
1145 3701 1652 3783 καὶθθεοπρεποῦς.
1681 3710 1883 3781 Διόπερ

285 3808 349 3862 si:
382 3808 790 3862 σκανδαλιστέον
811 3809 902 3861 ἐπὶ
935 3810 1001 3879 τῇ
1030 3806 1138 3861 τῶν
1170 3805 1515 3877 λαλουμένων
1554 3817 1887 3874 σμικροπρεο

1984 1982 2129 2053 quod
2152 1983 2197 2038 si
2228 1981 2397 2048 ﬁlius,
2425 1990 2478 2037 et
2507 1983 2685 2039 hazres
2717 1998 2813 2053 per
2836 1983 3066 2039 Deum".
3096 2002 3113 2033 ι
3137 1982 3331 2037 Omnia
3363 1986 3566 2055 quippe

1985 2076 2098 2129 haec
2143 2073 2462 2129 referuntur
2515 2075 2582 2130 ad
2625 2090 2917 2145 personam
2962 2073 3053 2129 Dei
3096 2089 3161 2129 ac
3211 2073 3424 2141 Patris,
3467 2090 3565 2129 nc-

1984 2184 2091 2239 que
2140 2182 2275 2223 sane
2331 2183 2397 2223 eo
2457 2166 2746 2223 dementiae
2804 2168 3096 2238 quisquam
3152 2169 3404 2230 venerit,
3452 2167 3565 2222 nisi

1983 2260 2193 2316 nostris
2238 2259 2515 2316 lucreticis
2556 2258 2744 2315 forsan
2797 2260 3149 2330 astipuletur,
3186 2270 3242 2313 ut
3276 2260 3564 2314 ministra-

1986 2353 2153 2408 tionis
2178 2368 2378 2408 nomen
2415 2360 2470 2407 et
2499 2367 2613 2407 rem
2643 2352 2805 2406 etiam
2836 2352 2902 2406 de
2931 2352 3049 2421 ipsa
3083 2351 3194 2424 49
3232 2352 3324 2407 Dei
3367 2369 3432 2408 ac
3460 2351 3567 2409 Pa-

1985 2448 2089 2504 tris
2124 2447 2419 2515 majestate
2454 2453 2827 2502 conseutanee
2876 2445 2983 2500 dici
3016 2446 3178 2511 Velit,
3222 2462 3285 2500 ex
3318 2462 3384 2502 eo
3416 2447 3565 2516 quod

1983 2540 2152 2595 etiam
2202 2539 2337 2593 illud
2360 2578 2375 2603 ,
2409 2554 2501 2607 per
2535 2553 2708 2608 quem,
2749 2536 2817 2593 de
2847 2537 2967 2607 ipso
3008 2536 3213 2592 dictum
3244 2550 3350 2594 esu.
3388 2536 3564 2594 inter—

1984 2633 2113 2688 dum
2146 2633 2296 2687 enim
2349 2630 2639 2702 Scriptura
2668 2645 2827 2687 sacra
2875 2632 2997 2686 sine
3036 2630 3366 2687 discrimine
3400 2648 3565 2687 voces

1985 2732 2255 2796 usurpat,
2309 2739 2489 2794 neque
2544 2732 2727 2778 tamen
2791 2724 2869 2778 rei
2920 2724 3217 2794 propositae
3265 2724 3566 2795 quidquam

1986 2825 2181 2882 nocet,
2210 2816 2306 2871 sed
2337 2814 2571 2870 abusive
2600 2814 3012 2885 quodammodo
3046 2814 3209 2869 rebus
3248 2816 3567 2885 signiﬁcan-

1987 2910 2074 2964 dis
2109 2922 2275 2963 voccs
2320 2906 2745 2973 accommodat,
2773 2914 2827 2960 et
2871 2920 2935 2960 ea
2980 2921 3075 2976 per
3099 2922 3221 2975 quae
3272 2914 3423 2961 recte
3471 2907 3568 2962 de-

1989 3000 2291 3056 monstrari
2326 3008 2496 3069 putet.
2532 2998 2804 3054 Caeterum
2840 3000 2907 3054 de
2937 2999 3023 3057 bis
3051 2998 3187 3053 illud
3218 2998 3403 3054 dicere
3429 3014 3567 3055 con-

1988 3091 2469 3158 venit,nimirum
2522 3090 2758 3161 gloriam
2802 3092 3015 3145 Domini
3071 3091 3411 3147 abscondere
3449 3107 3569 3148 ser-

1994 3197 2237 3238 monem.
2274 3180 2444 3235 Valde
2468 3180 2611 3235 enim
2634 3181 2796 3235 exilis
2816 3189 2900 3237 est
2923 3181 3107 3235 omnis
3132 3181 3221 3234 illa
3250 3196 3567 3237 sermonum

1994 3275 2078 3329 vis
2114 3281 2169 3327 et
2198 3272 2360 3339 ratio,
2392 3271 2459 3326 ad
2497 3270 2879 3341 explicandam
2934 3281 3190 3329 accurate
3235 3269 3567 3326 ineﬂ'abilem

1991 3380 2055 3419 ac
2085 3364 2330 3419 divinam
2374 3362 2741 3433 majestatem.
2776 3362 3125 3435 Quapropter
3158 3376 3266 3416 non
3301 3360 3571 3417 debemus

1984 3454 2297 3510 humilitate
2329 3451 2628 3508 verborum
2661 3452 2907 3518 turbari,
2939 3451 3039 3512 sed
3072 3451 3302 3507 credere
3330 3459 3566 3520 oportet,

1986 3544 2283 3599 humanam
2325 3556 2715 3613 quamcunque
2760 3538 3077 3594 facundiam
3108 3545 3163 3593 et
3199 3537 3399 3592 mentis
3436 3553 3569 3591 acu-

1986 3653 2112 3692 men
2144 3636 2331 3691 divina
2355 3644 2411 3691 et
2438 3633 2708 3690 ineffabili
2735 3644 2928 3688 natura
2962 3630 3211 3705 superari
3248 3650 3259 3686 :
3290 3630 3395 3685 hoc
3422 3629 3576 3686 enim

1986 3738 2148 3802 pacto
2182 3745 2291 3783 non
2327 3743 2524 3799 parum
2565 3728 2689 3799 pios
2725 3742 2826 3780 nos
2868 3724 3280 3795 przcstabimus.

285 3902 417 3974 πείᾳ
443 3943 458 3966 ,
491 3902 916 3974 παραχωρητέον
1075 3900 1275 3970 μᾶλλον
1317 3899 1379 3951 τὸ
1430 3898 1610 3967 νικᾷν,
1647 3895 1741 3948 καὶ
1786 3893 1885 3963 τὴν
1924 3890 1985 3943 ἐν
2004 3888 2217 3958 γλώττῃ
2258 3886 2509 3956 δύναμιν,
2549 3883 2642 3937 καὶ
2671 3880 2873 3944 παντὸς
2911 3880 3145 3948 ὀξύτητα
3177 3879 3269 3932 νοῦ
3332 3882 3397 3951 τῇ
3448 3877 3571 3950 θείᾳ

286 3997 383 4050 καὶ
412 3996 676 4067 ἀφράστῳ
723 3995 880 4065 φύσει
907 4011 921 4027 ο
954 3994 1049 4048 καὶ
1094 3992 1237 4047 κατὰ
1278 3991 1467 4046 τοῦτον
1514 3990 1624 4061 γὰρ
1652 3989 1727 4075 ’δὴ
1779 3988 1869 4042 τὸν
1907 3983 2107 4056 τρόπον
2139 3982 2198 4035 οὐ
2235 3978 2446 4052 μικρῶς
2474 3975 2865 4075 εὐσεόησομενἶ

894 4089 1145 4141 trama.
1184 4089 1274 4154 (τ’.

320 4184 421 4233 Οτι
451 4178 563 4246 ζωὴ
594 4179 743 4233 κατὰ
766 4178 958 4247 φύσιν
1003 4175 1175 4247 ἐστίν
1201 4178 1232 4229 ό
1268 4174 1421 4247 Υἱός,
1450 4172 1555 4247 erat
1575 4171 1671 4247 διὰ
1706 4170 1880 4247 τοῦτο

361 4252 432 4303 οὐ
466 4240 716 4318 γεκητὸς
742 4240 918 4315 [ἀλλ’
949 4248 1019 4300 ἐκ
1056 4244 1163 4315 τῆς
1201 4245 1417 4310 οὐσίας
1455 4240 1558 4296 τοῦ
1589 4240 1737 4294 Θεοῦ
1782 4241 1879 4292 καὶ

361 4320 615 4387 Πατρός.

368 4413 430 4463 ’Ὀ
459 4410 727 4481 γέγονεν,
758 4408 828 4462 ἐν
857 4408 1018 4474 αὐτῷ
1050 4407 1161 4475 ζωὴ
1191 4403 1289 4477 ἦν.

368 4502 489 4554 Ἔτι
520 4499 621 4563 τὰς
662 4499 790 4570 περὶ
828 4498 921 4552 τοῦ
952 4498 1087 4552 Θεοῦ
1132 4497 1306 4566 Λόγου
1349 4493 1611 4559 διαλέξεις
1646 4492 1882 4544 ποιεῖται

292 4594 430 4666 πρὸς
467 4594 616 4664 ἡμᾶς
647 4594 677 4645 ό
719 4592 988 4664 μακάριος
1020 4589 1413 4659 εὐαγγελιστής
1435 4604 1449 4617 ·
1482 4585 1575 4640 καί
1613 4602 1702 4655 μοι
1738 4582 1885 4636 δοκεί

2633 4066 2787 4122 CAP.
2832 4064 2921 4122 Vl.

1990 4168 2147 4234 Quod
2174 4168 2281 4221 vita
2313 4163 2598 4234 secundum
2637 4171 2887 4234 naturam
2918 4163 2987 4216 sit
3024 4161 3231 4234 filius,
3269 4169 3425 4234 atque
3454 4158 3567 4214 ideo

2096 4255 2199 4291 non
2232 4245 2441 4290 creatus
2461 4274 2474 4297 ,
2504 4232 2593 4287 sed
2619 4246 2683 4284 ex
2710 4232 3013 4288 substantia
3034 4232 3132 4287 Dei
3162 4248 3224 4284 ac
3256 4230 3461 4287 Patris.

2061 4399 2100 4462 I,
2134 4397 2188 4462 5,
2219 4396 2273 4449 4.
2307 4395 2461 4461 Quod
2504 4394 2705 4463 factum
2737 4402 2836 4457 est,
2868 4394 2923 4448 in
2953 4394 3066 4463 ipso
3090 4395 3199 4448 vita
3228 4403 3365 4447 erat.

2062 4488 2254 4541 Adhuc
2281 4485 2350 4540 de
2382 4484 2476 4540 Dei
2511 4483 2692 4540 Verbo
2720 4485 3058 4555 evangelista
3096 4485 3289 4540 beatus
3322 4483 3567 4547 disserit,

1993 4579 2237 4649 mihique
2284 4576 2504 4632 videtur
2552 4575 2762 4631 utiliter
2794 4577 2982 4631 omnia
3028 4591 3376 4645 percurrere,
3416 4590 3569 4647 qua:-

292 4683 380 4736 διὰ
413 4682 628 4736 πάντων
668 4680 803 4735 ἱέναι
853 4678 1139 4752 χρησίμως
1182 4676 1290 4731 τῶν
1355 4675 1567 4744 ὅσαπέρ
1602 4676 1718 4726 ἐστι
1745 4668 1882 4725 κατὰ

1990 4689 2210 4744 cunque
2264 4673 2453 4728 insunt
2481 4671 2534 4727 ei
2566 4678 2787 4733 natura,
2819 4677 2879 4724 ut
2903 4676 2959 4725 et
2988 4668 3374 4725 haereticorum
3413 4668 3568 4724 furo-

295 4772 457 4841 φύσιν
508 4771 679 4842 αὐτῷ,
715 4772 804 4825 ἴνα
848 4772 944 4824 καὶ
979 4770 1079 4832 τὰς
1107 4767 1216 4821 τῶν
1259 4764 1710 4837 ἐτεροδοξούντων
1760 4761 1886 4814 δυσ-

294 4865 495 4937 ωπὴσῃ
512 4863 818 4935 παροινίας,
836 4863 931 4916 καὶ
946 4862 1070 4926 τοὺς
1098 4860 1230 4932 ὀρθῇ
1256 4858 1575 4928 διαπρέπειν
1602 4855 1885 4915 ἐθέλοντας

296 4954 499 5018 πίστει,
527 4958 638 5017 τοῖς
675 4956 754 5017 εἰς
800 4953 962 5006 αὑτὸν
999 4950 1252 5023 όχυρώσῃ
1284 4950 1659 5020 θεωρήμασιν,
1689 4948 1791 5000 οὐκ
1821 4947 1886 4999 ἐκ

298 5046 471 5115 λόγων
520 5046 711 5116 σοφίας
750 5046 1020 5116 κοσμικῆς
1050 5044 1112 5097 τὸ
1143 5044 1407 5098 ἀπίθανον
1445 5040 1885 5113 ἐρανιζομένους,

300 5139 414 5194 ἀλλ’
450 5140 507 5192 ἐν
559 5137 830 5204 ἀποδείξει
869 5136 1185 5208 Πνεῦματος
1215 5134 1277 5187 τὸ
1324 5135 1423 5203 τῆς
1462 5131 1721 5203 ἀληθείας
1753 5130 1889 5184 θαυ-

256 5233 257 5236 “
301 5231 573 5304 μάζοντας
620 5230 833 5292 κάλλος.
872 5230 1048 5299 Ὅπερ
1088 5224 1195 5282 οὖν
1233 5225 1479 5298 βούλεται
1512 5224 1600 5278 διὰ
1627 5223 1722 5277 τοῦ
1753 5241 1893 5294 προ-

256 5316 257 5321 ¹
299 5324 549 5395 κειμένου
575 5324 864 5387 διδάσκειν,
883 5322 1057 5375 ἐκεῖνό
1078 5322 1214 5374 ἐστι·
1243 5317 1477 5389 Ποιητὴν
1510 5318 1643 5388 ἡμῖν
1690 5315 1893 5387 ἀρτίως

301 5417 443 5475 κατὰ
469 5414 630 5485 φύσιν
668 5415 798 5469 ὄντα
839 5414 936 5467 καὶ
966 5411 1301 5485 δημιουργὸν
1335 5408 1586 5474 ἀπέδειξε
1618 5408 1709 5461 τὸν
1738 5408 1888 5472 Υίὸν,

255 5564 262 5603 ι
304 5508 483 5561 πάντα
511 5507 578 5560 δι’
610 5506 774 5561 αὑτοῦ
806 5504 1139 5576 γεγενῆσθαι
1173 5503 1370 5571 λέγων,
1401 5500 1496 5553 καὶ
1523 5499 1692 5569 χωρὶς
1724 5496 1890 5553 αὑτοῦ

255 5591 261 5681 ξ
310 5599 442 5671 μηδέ
470 5599 526 5653 ἐν
548 5598 845 5670 κεκλῆσθαι
866 5598 1001 5670 πρὸς
1037 5596 1270 5665 γένεσιν·
1321 5593 1536 5664 Ἐπειδὴ
1564 5592 1620 5645 δὲ
1644 5593 1703 5644 οὐ
1734 5591 1893 5663 μόνον

304 5695 373 5761 τῇ
429 5690 604 5744 κτίσει
654 5691 716 5744 τὸ
762 5693 896 5762 πρὸς
942 5691 1001 5744 τὸ
1046 5685 1183 5743 εῖναι
1240 5688 1538 5759 κεκλῆσθαι
1592 5687 1892 5758 χαρίζεται,

312 5781 522 5851 συνέχει
552 5782 610 5835 δὲ
634 5782 727 5837 καὶ
754 5782 1126 5853 γεγενημένην
1148 5780 1214 5833 δι’
1246 5779 1461 5844 ἑαυτοῦ,
1490 5782 1599 5841 τοῖς
1628 5778 1688 5832 τὸ
1710 5778 1892 5841 atate;

1992 4782 2082 4822 res
2106 4764 2421 4830 confundat,
2449 4770 2506 4819 et
2558 4771 2725 4820 rectae
2753 4762 2877 4818 ﬁdei
2900 4762 3140 4817 cultores
3166 4776 3294 4817 vera
3315 4760 3575 4817 doctrina

1990 4858 2316 4921 conﬁrmet,
2375 4872 2485 4911 non
2559 4872 2624 4910 ex
2690 4853 2943 4909 szeculari
3014 4853 3284 4924 sapientia
3358 4853 3571 4907 fabulas

1994 4960 2291 5016 seetantes,
2344 4953 2440 5006 sed
2490 4950 2547 5004 in
2585 4946 3065 5011 demonstratione
3119 4946 3350 5017 spiritus
3397 4946 3572 5000 admi-

1993 5054 2182 5100 rantes
2204 5041 2673 5114 pulchritudinem
2703 5041 2953 5097 veritatis
2976 5041 3024 5099 ⁸.
3052 5038 3110 5095 Id
3144 5049 3327 5093 autem
3365 5038 3414 5092 ei
3446 5052 3571 5107 pro.-

1994 5136 2238 5208 positum
2270 5142 2376 5192 est.
2409 5134 2727 5190 Creatorem
2767 5145 2822 5190 et
2852 5132 3102 5204 opiﬁcem
3138 5137 3335 5185 natura
3370 5126 3579 5188 Filium

1993 5229 2282 5291 exsistere,
2340 5226 2505 5299 paulo
2560 5234 2689 5282 ante
2736 5226 2896 5283 nobis
2948 5222 3215 5287 ostendit,
3242 5221 3430 5283 omnia
3477 5238 3574 5294 per

1990 5320 2173 5391 ipsum
2216 5319 2356 5375 facta
2376 5334 2502 5376 esse
2522 5318 2737 5383 dicens.
2769 5328 2826 5374 et
2846 5318 2965 5374 sine
2996 5316 3116 5387 ipso
3140 5316 3278 5375 nihil
3304 5315 3359 5370 in
3392 5326 3573 5372 ortum

1994 5412 2277 5469 eductum.
2333 5410 2473 5467 Cum
2523 5422 2706 5468 autem
2760 5418 3030 5466 creaturae
3078 5425 3189 5464 non
3238 5409 3419 5466 solum
3453 5422 3574 5463 esse

1998 5502 2288 5576 largiatur,
2318 5505 2414 5560 sed
2444 5518 2564 5562 eam
2595 5518 2815 5578 quoque
2844 5518 2877 5557 a
2903 5518 2965 5559 se
2998 5511 3239 5559 creatam
3269 5503 3573 5565 contineat,

1999 5596 2243 5665 seipsum
2296 5595 2616 5651 immiscens
2659 5592 3066 5664 quodammodo
3098 5593 3167 5648 iis
3208 5608 3331 5664 quae
3377 5600 3573 5645 natura

1997 5697 2258 5744 aeternam
2318 5687 2663 5742 durationem
2717 5700 2827 5741 non
2881 5683 3109 5751 habent,
3143 5691 3200 5741 et
3246 5684 3355 5738 vita
3410 5682 3572 5735 rebus

1998 5778 2307 5840 exsistens.
2336 5785 2396 5832 ut
2422 5784 2621 5834 creatae
2648 5784 2906 5834 maneant
2948 5790 3014 5833 ac
3049 5784 3339 5834 serventur
3366 5774 3420 5829 in
3460 5787 3574 5832 sum

379 5870 398 5906 ⁸
442 5874 620 5931 lCor.
659 5891 709 5942 1,
748 5878 800 5932 9.
878 5879 898 5908 °
938 5875 1141 5946 Ephcs.
1178 5892 1229 5941 l,
1272 5876 1314 5929 l.
1401 5876 1417 5906 ⁷
1461 5874 1641 5928 (inlat.
1680 5889 1731 5927 ιν
1764 5914 1780 5942 ,
1820 5874 1871 5927 7.

2011 5874 2029 5929 ι
2064 5872 2191 5928 Cor.
2233 5886 2268 5923 tl
2296 5910 2310 5936 ,
2346 5873 2401 5927 αἱ.
