4168 6532
233 390 303 451 89
1337 386 1403 441 IN
1443 384 1731 443 JOANNIS
1753 380 2202 440 EVANGELIUM
2235 381 2365 440 LIB.
2406 381 2445 436 I.
3442 381 3512 439 90

578 504 866 564 'Errouu,
888 499 1016 568 ἦτοι
1046 500 1470 570 συλλογισμοί.

305 597 368 652 El
393 597 468 669 μὴ
496 598 562 650 ὲκ
593 595 695 666 τῆς
721 592 908 655 οὑσίας
942 591 1037 644 τοῦ
1059 590 1194 645 Θεοῦ
1234 592 1327 645 καὶ
1355 592 1564 663 Πατρός
1610 592 1765 644 ἐστιν
1799 591 1828 643 6

236 688 385 753 Υἱὸς,
412 686 610 753 ἔξωθεν
642 685 699 739 δὲ
737 682 898 738 αὑτὸν
930 684 1049 737 κατ’
1074 683 1311 745 ἐκείνους
1345 682 1639 752 ὑπέστησε,
1666 698 1827 749 γενη-

236 782 326 846 τὸς
375 780 482 849 ἄρα
528 777 647 831 ἐστὶ
710 775 806 830 καὶ
851 775 1241 846 πεποιημένος.
1280 774 1404 838 Πῶς
1434 769 1528 827 οῦν
1557 776 1585 827 6
1630 776 1687 826 ὲν
1717 776 1828 836 τοῖς

237 873 518 944 γεγονόσιν
548 869 665 925 ἐστὶ
697 870 766 923 τὰ
797 869 977 923 πάντα
1004 867 1289 937 ζωογονῶν
1310 886 1325 933 ;
1345 868 1409 921 Τί
1446 867 1505 921 δὲ
1532 866 1593 920 τὸ
1614 866 1828 937 ἐξαίρε-

236 983 329 1019 τον
352 967 412 1019 ὲν
435 966 505 1035 τῇ
541 961 663 1032 θείᾳ
692 960 851 1031 φύσει
875 960 1060 1013 λοιπὸν
1090 961 1398 1031 εὑρήσομεν
1424 977 1438 1024 ;
1471 958 1504 1030 ἢ
1529 958 1645 1022 πῶς
1673 961 1701 1011 6
1739 975 1829 1011 σο-

238 1056 485 1128 φώτατος
532 1052 785 1121 Παῦλος,
816 1054 892 1117 ὡς
932 1052 1264 1121 ἁξιάγαστόν
1315 1052 1367 1104 τί
1421 1069 1553 1122 φησι
1602 1052 1693 1105 ἐπὶ
1736 1051 1830 1105 τοῦ

237 1148 377 1202 κατὰ
410 1147 572 1217 φύσιν
604 1145 754 1210 ὄντος
782 1145 941 1210 Θεοῦ,
966 1144 1059 1198 τοῦ
1094 1143 1491 1213 ζωογονοῦντος
1521 1142 1591 1197 τὰ
1619 1144 1829 1209 πάντα;

237 1238 301 1292 El
331 1238 440 1311 γάρ
468 1238 697 1309 γενητὸς
732 1238 996 1309 ὑπάρχων
1027 1240 1055 1290 6
1081 1237 1210 1298 Υἱὸς
1246 1236 1315 1290 τὰ
1349 1236 1526 1289 πάντα
1554 1233 1829 1301 ζωοποιεῖ,

236 1330 435 1403 ἑαυτὴν
458 1334 491 1404 η
517 1332 695 1397 κτίσις
715 1331 975 1396 ζωοποιεῖ
990 1329 1268 1402 χρῄζουσα
1291 1328 1557 1400 μηδαμῶς
1573 1331 1651 1393 είς
1678 1328 1835 1383 τοῦτο

233 1423 330 1477 τοῦ
387 1426 712 1495 ποιήσαντος
755 1422 913 1477 Θεοῦ.
958 1422 1123 1476 Οὑδὲν
1161 1417 1254 1475 οὖν
1306 1420 1415 1492 ἄρα
1451 1422 1512 1474 τὸ
1559 1421 1743 1475 πλεῖον
1776 1422 1834 1474 ἐν

237 1514 358 1586 Θεῷ
388 1517 541 1587 παρὰ
569 1516 668 1587 τὴν
698 1516 897 1571 κτίσιν.
942 1515 1186 1586 Ἐνεργεῖ
1213 1514 1321 1583 γὰρ
1351 1513 1449 1583 οὑχ
1481 1509 1664 1585 ἦττον,
1692 1513 1725 1583 ἢ
1757 1511 1834 1575 ῶς

240 1608 307 1661 ἂν
335 1606 559 1677 δύνηται
582 1606 737 1669 Θεός.
777 1605 940 1658 Ἀλλὰ
962 1604 1123 1659 τοῦτο
1149 1605 1347 1658 ἄτοπον
1370 1621 1382 1635 ·
1413 1606 1515 1657 οὑκ
1545 1604 1655 1675 ἄρα
1680 1620 1837 1673 γενη-

236 1699 328 1763 τὸς
348 1701 376 1753 6
400 1698 547 1763 Υἱὸς,
573 1696 706 1761 Θεὸς
731 1697 789 1751 δὲ
824 1696 1048 1769 μᾶλλον,
1079 1697 1173 1749 καὶ
1203 1695 1289 1749 διὰ
1315 1694 1472 1749 τοῦτο
1498 1695 1641 1749 κατὰ
1673 1694 1836 1765 φύσιν

238 1791 334 1844 και
366 1789 501 1860 ζωή.

311 1886 515 1938 ΑΛΛΟ.
548 1884 662 1953 Τὴν
700 1881 853 1937 θείαν
882 1880 1295 1953 ὑπερθαυμάζει
1322 1879 1483 1949 φύσιν
1504 1916 1523 1946 ,
1558 1879 1653 1933 καὶ
1689 1878 1835 1950 μάλα

241 1976 467 2041 εἰκότως
505 1980 533 2031 6
561 1976 886 2048 Ψαλμῳδὸς,
917 1976 1010 2028 καὶ
1047 1974 1110 2044 δὴ
1146 1975 1239 2028 καὶ
1281 1973 1503 2043 ἀξίωμα
1550 1972 1837 2027 κάλλιστον

239 2067 558 2138 ἀνατίθησιν
577 2069 736 2139 αὐτῇ,
756 2068 949 2136 λέγων’
978 2084 997 2117 ι
1022 2066 1142 2120 Ὅτι
1166 2065 1317 2136 παρὰ
1344 2066 1428 2118 σοι
1456 2065 1606 2134 πηγὴ
1631 2063 1796 2132 ζωῆς.
1813 2081 1833 2115 s

251 2160 390 2213 Ἀλλ’
425 2159 586 2231 εἴπερ
613 2160 887 2230 ὑπέστησε
916 2158 1009 2211 τὸν
1048 2159 1177 2212 Υἱὸν
1211 2161 1239 2211 6
1268 2157 1479 2228 Πατὴρ,
1516 2157 1611 2210 καὶ
1642 2157 1743 2209 οὑκ
1771 2157 1836 2209 ὲκ

236 2256 336 2324 τῆς
364 2251 558 2316 οὑσίας
602 2251 715 2322 ἔχει
746 2250 850 2321 τῆς
891 2250 1112 2313 εαυτοῦ,
1149 2249 1403 2315 ζωοποιεῖ
1435 2248 1490 2301 δὲ
1535 2248 1631 2302 καὶ
1661 2245 1838 2310 οὑτως

237 2346 379 2415 ἔχων
420 2344 490 2398 τά
539 2342 706 2415 νοητὰ
754 2342 865 2415 [Ion
900 2340 1155 2414 γενητὰ],
1188 2341 1281 2394 καὶ
1322 2339 1435 2411 ζωὴ
1492 2339 1633 2393 κατὰ
1677 2339 1838 2407 φύσιν

236 2437 385 2492 ἐστιν
422 2436 499 2500 ὼς
535 2434 800 2500 ζωοποιός
822 2449 834 2463 ·
868 2434 921 2487 τί
960 2433 1138 2505 μάτην
1170 2434 1197 2486 6
1229 2430 1533 2503 Ψαλμῳδὸς
1579 2430 1840 2483 διατείνε-

234 2546 347 2589 ται,
386 2531 541 2600 παρὰ
590 2527 738 2599 μόνῳ
766 2526 846 2597 τῷ
873 2525 995 2597 Θεῷ
1032 2525 1218 2596 πηγὴν
1246 2525 1390 2596 ζωῆς
1436 2521 1577 2578 εἷναι
1621 2523 1836 2592 λέγων;

248 2621 593 2691 Ἐπιδέχεται
623 2619 734 2691 γὰρ
780 2618 915 2673 αὑτὸ
948 2619 1041 2672 καὶ
1066 2621 1099 2685 ή
1135 2617 1245 2671 τῶν
1277 2616 1522 2687 γενητῶν
1561 2615 1758 2686 φὺσις,
1789 2616 1839 2667 εἰ

238 2713 517 2777 ζωοποιεῖ,
554 2712 731 2766 καίτοι
769 2712 868 2781 τῆς
894 2710 1046 2775 Θείας
1074 2712 1172 2780 οὑχ
1207 2709 1468 2782 ὑπάρχων
1492 2712 1520 2763 6
1545 2709 1673 2771 Υἱὸς
1695 2708 1839 2762 κατά

236 2809 339 2877 τήν
392 2823 553 2859 τινων
605 2804 884 2858 ἀδουλίαν.
936 2804 1101 2857 Ἀλλὰ
1152 2804 1311 2858 τοῦτο
1371 2804 1571 2858 ἄτοπον
1597 2821 1609 2834 ·
1644 2804 1840 2857 οὐκοῦν

239 2898 355 2968 ζωὴ
386 2894 528 2951 κατὰ
577 2896 737 2967 φύσιν
774 2898 802 2951 6
842 2897 992 2962 Υἱὸς,
1021 2897 1098 2961 ὼς
1135 2896 1269 2960 Θεὸς
1309 2898 1373 2949 ὲκ
1402 2894 1561 2958 Θεοῦ,
1590 2894 1688 2949 καὶ
1724 2894 1839 2966 ζωὴ

190 2998 199 3002 ’
239 2991 305 3042 ἐκ
338 2988 505 3059 ζωῆς.

310 3081 518 3135 ΑΛΛΟ.
561 3080 626 3136 El
654 3078 767 3151 ζωὴ
791 3081 931 3134 κατὰ
958 3080 1123 3148 φύσιν
1150 3079 1413 3151 ὑπάρχων
1444 3080 1475 3132 6
1507 3078 1650 3146 Υἱὸς,
1675 3096 1841 3150 γενη-

235 3175 328 3236 τός
358 3175 472 3226 ἐστι
514 3171 608 3225 καὶ
650 3172 1022 3243 πεποιημένος
1041 3213 1054 3236 ,
1109 3172 1205 3225 ἅτε
1235 3173 1300 3241 δὴ
1332 3172 1393 3226 τὸ
1416 3175 1481 3225 ἐκ
1518 3172 1619 3242 τῆς
1650 3172 1840 3236 οὑσίας
1866 3197 1913 3258 ο

239 3259 380 3318 εἶναι
408 3263 502 3318 τοῦ
535 3263 673 3317 Θεοῦ
708 3264 801 3317 καὶ
844 3264 1059 3336 Πατρὸς
1087 3263 1188 3318 οὑκ
1229 3264 1368 3335 ἔχων
1397 3264 1539 3318 κατὰ
1573 3265 1671 3337 τὴν
1705 3264 1841 3318 6st-

238 3376 346 3411 νων
392 3357 672 3423 ὑπόνοιαν,
709 3356 1014 3423 ὲπιδέξεται
1058 3358 1171 3411 τῶν
1217 3358 1526 3430 γενητῶνή
1577 3358 1743 3427 φύσις
1780 3356 1841 3413 τὸ

240 3446 379 3506 εἷναί
423 3468 483 3505 τε
532 3452 627 3505 καὶ
664 3450 944 3505 καλεῖσθαι
992 3452 1105 3522 ζωή
1135 3469 1151 3485 σ
1190 3450 1342 3505 ἔσται
1386 3451 1444 3504 δὲ
1495 3450 1674 3504 πάντα
1726 3449 1840 3521 ζωὴ

241 3542 387 3597 κατά
408 3559 472 3611 γε
496 3542 589 3596 τὸν
618 3543 675 3596 ὲν
708 3542 935 3611 δυνάμει
968 3541 1147 3609 λόγον,
1182 3542 1278 3595 καὶ
1313 3543 1361 3595 εἰ
1396 3542 1468 3614 μή
1510 3560 1597 3595 πω
1620 3540 1719 3612 τὴν
1746 3540 1841 3593 τοῦ

244 3636 568 3708 πράγματος
617 3636 899 3706 ἐνέργειαν
949 3633 1107 3705 ἔχει’
1138 3633 1200 3687 τὸ
1253 3634 1363 3706 γὰρ
1410 3634 1547 3699 ὅλως
1601 3631 1742 3688 εἷναί
1789 3652 1843 3688 τι

243 3727 508 3798 πεφυκὸς,
544 3727 628 3798 είη
673 3727 845 3799 δήπου
876 3726 1097 3791 πάντως
1140 3726 1241 3790 ἂν,
1266 3726 1363 3779 καὶ
1400 3728 1448 3779 εί
1488 3728 1657 3797 μήπω
1681 3726 1843 3795 γέγο-

242 3839 335 3877 νιν
366 3839 381 3851 ·
404 3821 518 3891 ἔχει
562 3821 672 3892 γὰρ
703 3820 762 3872 ἐν
801 3822 868 3891 τῇ
902 3819 1065 3888 φύσει
1093 3820 1154 3873 τὸ
1185 3818 1469 3873 δύνασθαι.
1496 3819 1626 3873 Ὅτε
1662 3820 1845 3873 τοίνυν

243 3912 422 3967 κοινὸν
451 3912 551 3983 μὲν
587 3914 653 3982 τῇ
689 3910 865 3963 κτίσει
893 3910 955 3963 τὸ
990 3907 1131 3963 εἶναι
1166 3908 1300 3982 ζωὴ,
1339 3909 1469 3963 ίδιον
1499 3909 1556 3962 δὲ
1612 3910 1709 3963 καὶ
1745 3910 1843 3982 μό-

244 4019 349 4064 νως
372 4001 604 4063 οὑδενόςο
638 4000 691 4053 τί
733 4000 911 4071 μάτην
937 4000 1021 4066 ἐφ’
1048 4000 1227 4069 ἐαυτῷ
1274 3998 1552 4070 κομπάζει
1599 3998 1782 4068 λέγων
1816 3999 1846 4053 6

246 4094 393 4158 Υἱὸς,
430 4112 448 4145 ι
494 4091 637 4161 Ἑγώ
670 4093 783 4163 εἰμι
815 4095 849 4162 ἡ
876 4091 989 4163 ζωή
1019 4108 1033 4157 ;
1070 4111 1089 4142 ι
1127 4091 1274 4162 χρῆν
1296 4090 1407 4164 γὰρ
1440 4092 1613 4162 δήπου
1643 4090 1846 4162 μᾶλλον

246 4189 449 4242 εἰπεῖν’
526 4186 669 4256 Ἐγώ
715 4187 829 4256 είμι
875 4184 993 4256 μεθ’
1059 4184 1218 4256 ἡμῶν
1252 4184 1365 4256 [ἷσ.
1417 4183 1592 4256 ὑμῶν]
1626 4186 1660 4256 ἡ
1708 4181 1845 4256 ζωή.

245 4278 417 4333 Τοῦτο
447 4278 502 4332 δὲ
531 4274 601 4349 ἦν
630 4296 746 4341 πως
767 4278 860 4331 καὶ
884 4275 1267 4348 ἀληθέστερον,
1291 4277 1448 4348 είπερ
1485 4276 1655 4339 ὅντως
1684 4288 1848 4346 γενη-

243 4367 335 4431 τὸς
378 4367 643 4438 ὑπάρχων
682 4366 800 4419 ὲστὶ
862 4366 956 4419 καὶ
1016 4364 1153 4436 ζωή.
1201 4366 1424 4437 Ἐπειδὴ
1476 4364 1535 4419 δὲ
1590 4364 1667 4430 ὡς
1716 4364 1847 4418 ῐδιον

243 4458 446 4528 ἀγαθὸν
482 4459 661 4531 ἑαυτῷ
701 4458 1013 4531 περιτίθησι
1061 4458 1211 4529 μόνῳ
1253 4458 1315 4511 τὸ
1344 4455 1485 4511 εἶναι
1520 4455 1658 4529 ζωὴ,
1690 4456 1848 4527 δῆλος

2306 498 2657 567 Argumenta,
2689 499 2795 553 sive
2823 497 3143 569 syllogismi.

2001 590 2057 646 Si
2092 608 2159 646 ea
2197 590 2512 645 substantia
2569 588 2663 644 Dei
2715 604 2781 645 ac
2829 590 3011 645 Patris
3047 588 3221 650 Filius
3265 602 3375 643 non
3408 597 3513 655 est,
3548 590 3552 594 ’

1930 683 2024 739 sed
2078 682 2428 739 extrinsecus
2469 683 2671 752 ipsum,
2717 692 2776 737 ut
2833 684 2915 738 illi
2956 681 3514 753 volunt,oproduxit,

1931 786 2154 833 creatus
2183 792 2315 847 ergo
2347 784 2433 832 est
2457 792 2521 830 ac
2556 776 2761 832 factus.
2794 778 3083 844 Quomodo
3120 777 3289 847 igitur
3320 775 3416 846 qui
3459 776 3515 829 in

1931 880 2312 927 creaturarum
2374 885 2603 923 numero
2654 878 2763 935 est,
2816 870 2999 924 omnia
3048 868 3326 924 vivilicat?
3374 866 3520 933 Quid

1934 976 2116 1021 autem
2170 964 2223 1018 iu
2277 974 2471 1017 natura
2527 963 2716 1016 divina
2765 963 3110 1031 reperiemus
3161 958 3374 1023 eximii,
3423 966 3519 1011 aut

1932 1057 2213 1127 quomodo
2256 1054 2701 1125 sapientissimus
2731 1051 2941 1108 Paulus
2992 1051 3315 1106 admirabile
3358 1049 3409 1105 id
3451 1049 3522 1105 de

1935 1148 2047 1204 Deo
2083 1146 2323 1202 naturali
2360 1145 2518 1208 dicit,
2554 1142 2702 1214 quod
2744 1142 2990 1197 viviﬁcet
3034 1142 3253 1195 omnia?
3283 1141 3340 1195 Si
3372 1140 3519 1195 enim

1936 1250 2157 1297 creatus
2210 1256 2337 1296 cum
2392 1241 2465 1295 sit
2496 1236 2669 1293 Filius
2704 1236 2894 1292 omnia
2936 1234 3173 1289 viviticat
3203 1236 3247 1297 ',
3284 1233 3521 1301 seipsam

1936 1341 2189 1388 creatura
2222 1331 2482 1395 viviﬁeat,
2512 1329 2625 1385 Deo
2666 1328 2806 1383 nihil
2836 1326 2903 1382 ad
2944 1327 3047 1381 hoc
3094 1324 3356 1396 indigens
3401 1324 3525 1394 opi-

1938 1427 2077 1483 ﬁce:
2112 1426 2249 1480 nihil
2277 1440 2411 1494 ergo
2443 1424 2569 1494 plus
2595 1429 2681 1478 est
2716 1421 2772 1475 in
2816 1423 2930 1475 Deo
2960 1432 3125 1489 quam
3152 1417 3208 1471 in
3240 1407 3524 1478 creatura,

1937 1533 2049 1573 non
2081 1519 2227 1573 enim
2289 1516 2477 1571 minus
2524 1514 2592 1567 ad
2633 1512 2977 1584 operandum
3014 1522 3178 1581 quam
3226 1508 3369 1563 Deus
3425 1507 3525 1560 ha-

1938 1612 2030 1666 bet
2060 1610 2364 1665 facultatis.
2390 1609 2495 1665 Sed
2530 1608 2635 1661 hoc
2662 1604 2990 1662 absurdum.
3043 1601 3164 1658 Non
3202 1615 3336 1673 ergo
3360 1615 3526 1655 crea-
3642 1592 3651 1599 ’

1938 1709 2029 1757 tus
2075 1710 2163 1757 est
2219 1701 2413 1764 Filius,
2457 1699 2553 1757 sed
2608 1699 2752 1755 Deus
2801 1698 3011 1768 potius,
3042 1705 3097 1752 et
3163 1693 3371 1749 idcirco
3416 1692 3529 1748 vita

1940 1810 2161 1867 quoque
2189 1810 2284 1863 per
2314 1802 2594 1846 naturam.

2008 1884 2241 1940 ALIUD.
2276 1884 2527 1937 Divinam
2587 1896 2756 1952 supra
2807 1880 3029 1935 modum
3073 1886 3327 1933 naturam
3378 1873 3534 1931 Psalc

1940 1979 2102 2034 mista
2133 1977 2260 2047 jure
2308 1975 2565 2039 miratur,
2600 1974 2765 2043 eique
2796 1972 3135 2043 singularem
3179 1983 3244 2023 ac
3274 1966 3531 2037 pulcher-

1943 2072 2141 2126 rimam
2191 2066 2611 2139 praerogativam
2670 2064 2889 2129 tribuit,
2935 2062 3131 2116 dicens
3186 2078 3204 2110 ι
3258 2057 3529 2124 Quoniam

1939 2162 2082 2235 apud
2138 2170 2190 2215 te
2234 2169 2322 2216 est
2368 2160 2493 2215 fons
2550 2158 2675 2213 vitae
2722 2158 2786 2209 ³⁸.
2830 2176 2849 2208 ι
2893 2154 2963 2209 Δι
3016 2155 3061 2209 si
3118 2151 3319 2206 Filium
3367 2148 3532 2203 Pater

1939 2253 2224 2326 produxit.
2253 2267 2357 2307 nec
2397 2251 2579 2321 ipsum
2621 2248 2790 2304 habet
2819 2262 2884 2303 ex
2927 2259 3029 2302 sua
3070 2242 3404 2303 substantia,
3442 2240 3532 2294 hic

1941 2354 2126 2400 autem
2162 2346 2353 2408 etiam,
2403 2344 2531 2398 talis
2573 2356 2701 2397 cum
2763 2340 2857 2405 sit,
2889 2345 3175 2392 creaturas
3208 2333 3535 2389 viviﬁcatet

1944 2440 2054 2494 vita
2086 2446 2165 2493 est
2209 2436 2518 2492 secundum
2558 2443 2816 2490 naturam
2849 2442 3042 2505 utpote
3080 2428 3395 2495 viviﬁcans,
3431 2442 3533 2483 cur

1942 2527 2237 2584 Psalmista
2291 2526 2437 2597 apud
2492 2526 2673 2580 solum
2733 2524 2908 2579 Deum
2965 2537 3091 2578 esse
3144 2521 3355 2575 fontem
3408 2519 3535 2573 vitae

1943 2621 2150 2677 frustra
2198 2616 2523 2676 contendit?
2565 2613 2623 2668 Id
2676 2613 2825 2669 enim
2880 2612 2932 2667 in
2976 2626 3161 2667 rerum
3214 2616 3532 2664 creatarum

1942 2721 2198 2768 naturam
2261 2723 2485 2780 quoque
2549 2705 2721 2770 cadit,
2766 2704 2811 2759 si
2874 2703 3075 2769 Filius,
3142 2718 3272 2757 cum
3334 2699 3535 2754 divina!

1943 2814 2161 2859 natura:
2192 2817 2302 2856 non
2338 2801 2433 2867 sit,
2455 2807 2513 2853 ut
2545 2797 2712 2853 stulte
2737 2794 2991 2849 nonnulli
3015 2793 3236 2854 docent,
3271 2789 3533 2846 vis'ilicat.

1945 2896 2054 2951 Sed
2090 2896 2198 2950 hoc
2227 2892 2552 2949 absurdum.
2589 2890 2763 2961 Igitur
2794 2888 2908 2942 vita
2952 2894 3038 2942 est
3084 2883 3391 2940 semiudum
3432 2896 3536 2935 na-

1944 2998 2124 3045 turam
2162 2985 2355 3051 Filius,
2383 2995 2443 3039 ut
2468 2984 2610 3039 Deus
2641 2999 2709 3037 cx
2746 2980 2879 3045 Deo,
2903 2990 2957 3035 et
2988 2979 3101 3034 vita
3128 2994 3194 3033 ex
3232 2978 3363 3031 vita.

2012 3077 2243 3134 ALIUD.
2266 3077 2322 3131 Si
2345 3079 2453 3131 vita
2469 3076 2746 3131 assistens
2772 3071 3079 3129 secundum
3105 3076 3361 3123 naturam
3379 3081 3536 3121 suam

1945 3170 2143 3237 Filius,
2175 3177 2395 3225 creatus
2424 3176 2481 3223 et
2516 3166 2703 3223 factus
2731 3173 2842 3225 est,
2874 3162 3113 3217 maxime
3136 3177 3261 3214 cum
3286 3176 3350 3213 ex
3374 3157 3463 3213 Dei
3486 3164 3540 3212 et

1944 3264 2129 3320 Patris
2183 3261 2496 3319 substantia
2557 3274 2668 3314 nou
2736 3257 2852 3321 sit,
2915 3264 2975 3309 ut
3027 3253 3106 3307 illi
3150 3251 3536 3322 suspicantur.

1945 3371 2133 3413 rerum
2196 3361 2509 3410 creat-arum
2581 3358 2778 3405 natura
2847 3347 2954 3403 erit
3013 3360 3077 3401 ac
3138 3344 3355 3400 dicetur
3408 3342 3536 3404 vita,

1944 3457 2224 3519 eruntque
2255 3446 2441 3502 omnia
2471 3444 2606 3509 vita,
2640 3450 2920 3514 potestate
2948 3439 3234 3503 nimirum,
3268 3437 3373 3492 etsi
3400 3451 3541 3491 uou—

1945 3543 2075 3598 dum
2128 3548 2257 3595 actu
2308 3538 2361 3593 id
2409 3538 2671 3593 habeant.
2701 3534 2862 3602 Quod
2891 3534 3041 3589 enim
3070 3540 3269 3587 natura
3290 3543 3391 3586 sua
3417 3544 3541 3584 esse

1948 3642 2151 3707 potest,
2182 3634 2291 3690 erit
2342 3633 2534 3703 utique
2588 3630 2750 3695 illud,
2795 3629 2926 3684 licet
2972 3625 3217 3682 nondum
3265 3623 3537 3680 exsistat:

1948 3729 2111 3784 habet
2156 3728 2304 3783 enim
2356 3724 2413 3780 in
2461 3740 2563 3781 sua
2610 3733 2812 3778 natura
2858 3718 3160 3777 exsistendi
3214 3717 3537 3788 potentiam.

1946 3823 2083 3877 Cum
2124 3835 2257 3893 ergo
2299 3827 2574 3875 creaturae
2604 3830 2903 3873 commune
2934 3815 3006 3869 sit
3036 3828 3162 3869 esse
3192 3812 3385 3876 vitam,
3416 3809 3540 3863 nul-

1946 3914 2059 3970 lius
2088 3920 2271 3968 autem
2330 3913 2621 3984 proprium
2676 3926 2741 3967 ac
2769 3908 3092 3980 'singulare,
3138 3922 3238 3961 cur
3284 3904 3431 3975 apud
3481 3918 3543 3958 se

1949 4004 2158 4062 frustra
2220 4005 2497 4077 gloriatur
2557 4002 2758 4071 Filius,
2820 4003 3017 4059 dicens
3083 4019 3098 4056 :
3169 4017 3189 4051 ι
3238 3999 3349 4070 Ego
3416 4012 3538 4053 sum

1949 4098 2062 4154 vita
2095 4098 2177 4152 “?
2216 4118 2235 4151 ι
2294 4096 2490 4155 Dicere
2546 4097 2693 4154 enim
2745 4096 2941 4166 utique
3001 4093 3190 4164 potius
3247 4090 3471 4147 deberet
3524 4106 3536 4142 :

1950 4191 2064 4262 Ego
2144 4204 2267 4245 sum
2343 4190 2640 4244 vobiscum
2731 4188 2868 4244 vita.
2949 4186 3064 4242 Hoc
3129 4185 3278 4241 enim
3352 4183 3540 4238 verius

1948 4290 2125 4347 esset,
2158 4280 2438 4352 siquidem
2485 4296 2676 4335 revera
2722 4286 2945 4336 creatus
2986 4284 3092 4342 est,
3125 4290 3189 4330 ac
3226 4276 3359 4328 vita.
3401 4271 3538 4328 Cum

1952 4380 2135 4429 autem
2170 4388 2296 4428 esse
2339 4371 2535 4437 vitam,
2585 4372 2756 4427 veluti
2809 4367 3093 4440 proprium
3148 4381 3213 4421 ac
3260 4363 3541 4436 peculiare

1952 4466 2163 4522 bonum
2190 4464 2297 4521 sibi
2321 4463 2417 4518 uni
2451 4475 2692 4534 arroget,
2720 4468 2874 4533 patet
2903 4460 3096 4527 utique
3120 4459 3303 4530 ipsum
3339 4473 3399 4513 se
3428 4470 3539 4511 nou

241 4551 309 4606 ἂν
338 4551 423 4623 εἴη
469 4552 657 4607 λοιπὸν
698 4552 760 4605 οὑ
792 4554 906 4615 τοῖς
935 4553 1186 4622 γενητοῖς
1228 4548 1442 4615 ἑαυτὸν,
1468 4547 1605 4603 ἀλλὰ
1626 4551 1692 4621 τῇ
1722 4548 1840 4620 Θείᾳ

1952 4560 2005 4614 in
2060 4558 2228 4612 rebus
2284 4556 2512 4620 creatis,
2562 4556 2659 4612 sed
2718 4555 2825 4626 52
2872 4554 2930 4609 in
2984 4553 3170 4609 divina
3229 4552 3541 4608 substantia

242 4638 338 4693 τοῦ
378 4639 591 4711 Πατρὸς
641 4640 953 4694 συντάττων
990 4639 1182 4711 οὑσίᾳ,
1299 4640 1395 4693 καὶ
1431 4640 1495 4692 τὸ
1540 4635 1684 4693 εἶναι
1727 4639 1842 4710 ζωὴ

245 4732 508 4804 πρόσεστι
544 4732 808 4803 φυσικῶς.

313 4847 523 4902 ΑΛΛΟ.
579 4848 653 4902 Τὸ
689 4850 788 4921 τῆς
830 4847 978 4920 ζωῆς
1037 4849 1264 4919 μετέχον
1304 4847 1404 4901 οὑκ
1464 4846 1597 4901 αὑτὸ
1637 4846 1840 4919 κυρίως

243 4941 390 4995 ἐστὶν
413 4943 447 5011 ἡ
473 4939 607 5013 ζωή·
639 4942 828 5014 ἓτερον
864 4942 973 5016 γάρ
1006 4959 1059 4996 τι
1079 4943 1325 5014 ὑπάρχον
1360 4943 1418 4995 ἐν
1443 4940 1622 5011 ἑαυτῷ
1654 4940 1841 5009 φαίνε-

242 5049 352 5087 ται.
379 5032 444 5087 El
482 5033 663 5086 τοίνυν
701 5034 964 5105 μεθεκτὸς
996 5036 1025 5088 6
1066 5032 1196 5097 Υἱὸς
1245 5034 1359 5095 τοῖς
1399 5034 1681 5102 γεννητοῖς
1724 5030 1839 5104 [γρ.

243 5124 517 5197 γενητοῖς]
543 5124 619 5189 ὠς
656 5124 788 5198 ζωὴ,
812 5126 999 5199 ἕτερος
1030 5126 1097 5180 ἂν
1131 5124 1216 5197 εἴη
1251 5123 1405 5196 παρᾶ
1438 5124 1508 5178 τὰ
1543 5125 1844 5195 μετέχοντα

244 5214 410 5271 αὑτοῦ
431 5258 445 5280 ,
476 5217 572 5269 καὶ⁸
600 5216 746 5287 ζωῆς
787 5218 1041 5290 δεόμενα.
1084 5216 1295 5272 υὺκοῦν
1327 5217 1388 5269 οὑ
1433 5216 1687 5287 γενητὸς,
1718 5213 1843 5269 οὔτε

247 5306 354 5392 μὴν
388 5305 771 5371 ζωοποιεῖσθαι
814 5307 992 5377 ζητῶν
1022 5310 1153 5381 παρ’
1186 5307 1394 5379 ἐτέρου⁹
1432 5306 1567 5371 Θεὸς
1603 5302 1697 5361 οὖν
1734 5307 1844 5379 ἄρα

246 5398 431 5452 λοιπὸν
458 5400 487 5452 6
522 5398 803 5464 ζωοποιός.
842 5401 905 5454 El
949 5401 1007 5455 δὲ
1033 5401 1213 5467 τοῦτο,
1242 5400 1339 5453 καὶ
1370 5398 1473 5469 τῆς
1503 5397 1600 5452 τοῦ
1625 5398 1843 5470 Πατρὸς

246 5489 436 5554 οὑσίας
482 5489 988 5563 ὀμολογηθὴσεται,
1043 5492 1202 5565 εἴπερ
1269 5492 1365 5545 ἕνα
1425 5491 1843 5563 προσκυνοῦμεν

247 5579 411 5646 Θεὸν,
440 5594 534 5634 και
583 5581 679 5650 οὑχ
722 5582 893 5653 ἑτέρῳ
933 5582 1038 5635 τινὶ
1083 5583 1234 5660 παρὰ
1276 5583 1365 5635 τὸν
1402 5582 1532 5635 ὅντα
1579 5580 1838 5653 λατρεύο-

251 5688 375 5742 μεν.

1950 4651 2251 4717 collocare,
2279 4649 2369 4705 cui
2398 4650 2564 4705 etiam
2597 4661 2657 4705 ut
2686 4650 2760 4705 sit
2788 4649 2899 4705 vita
2936 4647 3269 4703 naturaliter
3300 4646 3467 4702 inest.

2020 4847 2253 4905 ALIUD.
2287 4846 2443 4913 Quod
2487 4848 2657 4901 vitam
2708 4849 3029 4919 participat,
3081 4849 3264 4918 ipsum
3312 4860 3422 4899 non
3456 4852 3542 4899 est

1946 4944 2169 5013 proprie
2200 4940 2332 5007 vita,
2359 4942 2508 4995 aliud
2534 4941 2679 4997 enim
2709 4941 2969 5011 quiddam
2999 4941 3052 4995 in
3107 4940 3291 5008 seipse
3324 4937 3541 4990 videtur

1947 5050 2094 5089 esse.
2150 5032 2209 5088 Si
2260 5046 2393 5104 ergo
2443 5032 2925 5088 communicahilis
2975 5040 3061 5086 est
3117 5030 3284 5084 rebus
3334 5024 3538 5082 creatis

1947 5126 2146 5191 Filius,
2195 5135 2255 5181 ut
2304 5127 2437 5192 vita,
2474 5126 2622 5180 aliud
2657 5126 2763 5180 erit
2810 5125 2879 5180 ab
2928 5125 2998 5178 iis
3031 5138 3152 5192 qua:
3189 5120 3368 5189 ipsum
3411 5132 3538 5187 par-

1937 5220 2282 5292 ticipant,ac
2315 5219 2429 5275 vita
2461 5218 2729 5289 indigent.
2754 5216 2924 5287 Igitur
2953 5231 3063 5270 non
3095 5219 3337 5274 creatus.
3363 5227 3539 5282 neque

1947 5314 2085 5369 adeo
2116 5312 2379 5368 viviﬁcari
2427 5324 2682 5381 quaerens
2729 5308 2801 5363 ab
2852 5308 2981 5361 alio.
3030 5304 3176 5361 Deus
3225 5303 3413 5374 itaque
3455 5311 3539 5359 est

1947 5405 2253 5461 viviﬁcans.
2319 5401 2479 5471 Quod
2527 5402 2572 5458 si
2620 5403 2696 5457 ita
2739 5407 2843 5462 est.
2875 5413 2941 5454 es
2970 5396 3281 5453 substantia
3318 5410 3538 5467 quoque

1950 5498 2129 5555 Patris
2163 5514 2291 5554 esse
2321 5496 2683 5569 concedetur,
2714 5490 2983 5562 siquidem
3026 5505 3195 5546 unum
3242 5487 3537 5544 adoramus

1949 5587 2118 5643 Deum
2168 5604 2270 5645 nec
2293 5589 2461 5643 alium
2488 5585 2557 5641 ab
2584 5598 2649 5639 eo
2683 5582 2775 5653 qui
2798 5590 2882 5637 est
2922 5581 3179 5638 colimus.

321 5854 343 5886 '
386 5850 408 5907 I
444 5851 584 5909 Tim.
623 5869 709 5921 vr,
753 5855 837 5910 I3.
918 5856 959 5887 ¹⁰
1004 5853 1149 5913 Psal.
1195 5870 1373 5920 xxxv,
1417 5852 1499 5908 lt).
1580 5855 1618 5887 “
1664 5852 1984 5920 Ioan..xiv,
2022 5852 2075 5906 6.
