4168 6554
221 415 288 471 95
1278 403 1342 457 lN
1382 399 1672 459 JOANNIS
1701 398 2172 459 EVANGELIUM.
2199 403 2324 460 LIB.
2366 405 2409 460 l.
2532 352 2536 357 ⁸
3424 410 3498 466 91»

222 534 321 605 μὲν
352 532 379 585 6
410 526 559 590 Υἱὸς,
596 523 939 589 ζωοποιεῖται
967 519 1025 572 δὲ
1055 521 1087 591 ἡ
1115 521 1309 583 κτίσις·
1338 520 1437 572 οὑκ
1481 518 1591 591 ἄρα
1619 517 1814 571 ταυτὸν

1930 515 2115 583 Filius,
2180 528 2435 575 creatura
2494 529 2676 575 autem
2734 522 3043 578 viviﬁeatur

226 623 348 687 Υνὶς
394 621 487 673 καὶ
520 618 717 679 κτίσις,
750 614 873 669 ἐπεὶ
917 612 1049 684 μηδέ
1074 612 1133 665 τὸ
1166 611 1421 664 ἐνεργοῦν
1446 610 1525 681 τῷ
1558 612 1811 681 ἐνεργου-

223 714 389 785 μένῳ-

835 795 1089 849 ΚΕΦΑΛ.
1122 799 1195 849 Z'.

223 896 354 950 Ὀτι
382 892 508 964 φῶς
537 890 685 964 κατὰ
717 889 906 964 φύσεις
943 890 1117 964 ὲσζίν
1143 888 1361 964 ό-Υἰιὸς,
1384 885 1494 964 καὶ
1514 885 1611 964 διὰ
1637 887 1815 964 {abte

292 955 676 1033 οὺδγεῶητὸς,
710 955 846 1033 ἀλλ’
874 960 941 1033 ἐκ
989 959 1099 1025 τῆς
1129 960 1352 1033 Δοὐσίας
1391 955 1682 1033 τοῦ-Θεοῦ
1720 955 1814 1033 καί

292 1026 562 1117 Παςρύς,
598 1032 678 1095 ὡς
728 1027 851 1097 φῶς
894 1030 1187 1097 ἀληθινὸν
1254 1028 1323 1081 ἐκ
1370 1027 1564 1096 φωτὸς
1608 1026 1811 1080 ἁλιοθιο

293 1125 426 1161 νου.

294 1198 401 1251 Καὶ
435 1195 545 1265 ζωὴ
583 1192 661 1265 ἦν
702 1194 768 1249 τὸ
800 1192 927 1263 φῶς
959 1190 1079 1244 τῶν
1101 1188 1445 1258 ἀνθρώπων.

293 1292 402 1343 Καὶ
454 1290 541 1342 διὰ
589 1288 794 1341 τούτων
847 1288 980 1356 ἡμῖν
1012 1286 1040 1336 ὁ
1099 1283 1366 1353 μακάριος
1428 1276 1819 1347 εὑαγγελιστὴς

223 1380 357 1433 Θεὸν
383 1380 511 1432 ὄντα
548 1376 690 1431 κατὰ
725 1375 887 1446 φύσιν
934 1372 1265 1427 ἐπιδεικνύει
1292 1372 1382 1426 τὸν
1412 1371 1562 1436 Υίὸν,
1594 1367 1819 1423 καὶτῶν

221 1469 318 1523 τοῦ
354 1470 722 1538 γεννήσαντος
752 1464 974 1535 ἀγαθῶν
1000 1462 1275 1526 ούσιωδῶς
1305 1461 1661 1533 κληρονόμον.
1681 1461 1821 1530 [lpo-

223 1561 405 1628 δείξας
435 1559 542 1632 γὰρ
590 1559 671 1613 ὅτι
713 1556 827 1625 ζωὴ
860 1554 1003 1610 κατὰ
1042 1554 1203 1623 φύσιν
1234 1553 1495 1624 ὑπάρχων
1517 1592 1530 1616 ,
1567 1552 1728 1615 αὑτὸς
1753 1547 1821 1621 ἦν

224 1656 282 1706 ἐν
304 1655 437 1706 πᾶσι
464 1655 574 1715 τοῖς
603 1651 666 1704 δι’
691 1649 858 1703 αὑτοῦ
886 1647 1223 1718 γενομένοις,
1255 1645 1498 1714 συνέχων
1552 1642 1694 1697 αὑτὰ
1727 1643 1822 1695 καὶ

225 1744 529 1812 ζωογονῶν,
568 1743 662 1797 καὶ
689 1743 755 1795 ἐκ
796 1740 870 1812 μὴ
917 1740 1086 1793 ὄντων
1124 1738 1205 1801 εἰς
1244 1737 1306 1791 τὸ
1346 1734 1485 1790 εἶναι
1532 1735 1822 1809 παρελθεῖν

224 1839 421 1907 ἀφάτῳ
462 1834 691 1905 δυνάμει
728 1831 1091 1904 δωρούμενος,
1131 1831 1226 1884 καὶ
1253 1829 1600 1899 γεγενημένα
1624 1827 1823 1881 διασώ-

227 1930 358 1993 ζων,
378 1927 461 1996 ἐφ’
491 1926 683 1997 ἑτέραν
707 1925 922 1996 ἔρχεται
955 1924 1244 1994 νοημάτων
1276 1920 1583 1992 διασκευὴν,
1618 1937 1822 1974 παντα-

230 2017 391 2089 χόθεν
440 2019 591 2088 ἡμᾶς
623 2016 715 2068 ἐπὶ
764 2015 864 2086 τὴν
898 2013 997 2084 τῆς
1028 2013 1285 2085 ἀληθείας
1320 2012 1625 2083 κατάληψιν
1667 2029 1819 2084 χειρ-

228 2110 488 2177 αγωγεῖν,
517 2109 599 2160 ὅτι
634 2105 698 2177 δὴ
736 2106 829 2159 καὶ
864 2105 1006 2176 μάλα
1036 2105 1323 2176 προσήκοι,
1346 2102 1818 2174 διενθυμούμενος.

230 2200 442 2254 Οὑκοῦν
493 2202 606 2261 τοῖς
656 2198 1048 2268 γεγενημένοις
1094 2198 1122 2248 6
1159 2196 1331 2264 Λόγος
1372 2196 1711 2267 ἐνυπῆρχεν,
1746 2195 1823 2258 ὡς

228 2294 364 2365 ζωή.
412 2291 631 2364 Ἐπειδὴ
655 2292 711 2344 δὲ
742 2290 881 2355 ζῶον
905 2292 963 2345 ἐν
999 2290 1184 2350 αὐτοῖς
1216 2289 1308 2342 ἐπὶ
1335 2290 1437 2357 γῆς
1463 2288 1699 2356 λογικὸν,
1729 2286 1820 2339 νοῦ

231 2406 291 2440 τε
314 2388 407 2440 καὶ
436 2387 745 2456 ἐπιστήμης
768 2384 1038 2448 δεκτικὸν,
1058 2386 1086 2437 ὁ
1114 2383 1416 2454 ἅνθρωπος,
1433 2382 1525 2436 καὶ
1550 2383 1651 2453 τῆς
1668 2382 1820 2453 παρά

228 2478 363 2532 Θεοῦ
391 2478 582 2548 σοφίας
605 2478 850 2549 μέτοχον*
869 2476 1180 2543 ἀναγκαίως
1216 2476 1349 2545 ἡμῖν
1384 2477 1411 2527 ὁ
1439 2473 1822 2544 πνευματοφό-

230 2587 342 2642 ρος,
380 2571 473 2623 καὶ
502 2571 604 2641 τῆς
629 2572 685 2622 ὲν
715 2569 1024 2641 ἀνθρώποις
1051 2569 1241 2638 σοφίας
1283 2568 1515 2638 χορηγὸν
1557 2567 1687 2620 ὄντα
1729 2567 1824 2619 τὸν

228 2663 402 2732 Λόγον
420 2662 747 2715 ἐπιδεικνύει
782 2660 987 2730 σαφῶς,
1007 2661 1092 2712 ἵνα
1107 2661 1291 2729 νοῆται
1310 2659 1374 2712 δι’
1405 2658 1534 2711 Υἰοῦ
1565 2659 1744 2713 πάντα
1766 2661 1824 2712 ἐν

229 2756 395 2808 πᾶσιν
426 2754 686 2825 ὑπάρχων
705 2754 733 2805 6
752 2753 881 2815 Θεὸς
908 2753 1002 2804 καὶ
1020 2752 1226 2822 Πατὴρ,
1245 2751 1358 2821 ζωὴ
1383 2750 1481 2820 μὲν
1502 2753 1559 2804 ἐν
1579 2752 1691 2812 τοῖς
1711 2750 1825 2802 δεο-

234 2846 415 2917 μένοις
450 2846 629 2915 ζωῆςο
665 2843 780 2914 φῶς
810 2844 865 2896 δέ
899 2844 1061 2896 πάλιν
1106 2844 1201 2895 καὶ
1242 2841 1381 2913 ζωὴ,
1436 2843 1494 2893 ἐν
1534 2843 1648 2903 τοῖς
1679 2840 1826 2910 ζωῆς

234 2938 328 2992 καὶ
359 2936 534 3005 φωτὸς
566 2936 827 3005 δεομένης
856 2933 973 3004 lyp.
1009 2932 1332 3003 deopévoug].
1380 2933 1492 2985 Kal.
1538 2930 1625 2984 διὰ
1670 2930 1829 2984 τοῦτὸ

235 3045 392 3098 φησι’
430 3049 446 3078 ι
481 3028 591 3081 Καὶ
619 3029 650 3097 ἡ
684 3022 797 3097 ζωὴ
825 3022 893 3098 ἦν
918 3027 977 3078 τὸ
1008 3025 1123 3094 φῶς
1143 3026 1251 3078 τῶν
1277 3023 1599 3095 ἀνθρώπων
1642 3042 1659 3075 ι
1682 3023 1828 3076 τοῦτ’

233 3124 402 3187 ἐστιν,
432 3122 460 3173 6
484 3122 660 3174 πάντα
691 3118 974 3187 ζωογονῶν
1012 3118 1142 3179 Θεὸς
1175 3118 1366 3185 Λόγος,
1403 3118 1518 3187 ήέν
1551 3118 1684 3169 πᾶσι
1717 3117 1827 3178 τοῖς

232 3210 352 3267 οὖσι
407 3211 558 3282 ζωὴ,
593 3210 688 3263 καὶ
726 3210 786 3262 τὸ
839 3210 1055 3276 λογικὸν
1091 3207 1314 3277 φωτίζει
1368 3205 1527 3271 ζῶον,
1568 3208 1662 3259 καὶ
1711 3210 1822 3269 τοῖς
1851 3202 1895 3262 C

238 3304 507 3367 συνέσεως
536 3303 808 3365 δεκτικοῖς
841 3300 939 3371 τὴν
974 3301 1188 3354 σύνεσιν
1230 3299 1706 3369 ἐπιδαψιλεύεται·
1741 3298 1827 3351 ἵνα

239 3394 478 3466 σώζηται
532 3394 627 3447 καὶ
660 3392 818 3465 ἰσχύῃ
857 3391 1039 3455 καλῶς
1068 3391 1127 3444 τὸ
1156 3392 1248 3445 ἐπί
1278 3394 1343 3462 τῇ
1394 3391 1570 3444 κτίσει
1599 3391 1829 3461 λεγόμε-

237 3504 328 3547 νον
349 3502 361 3516 ’
388 3508 405 3538 ι
444 3485 508 3538 Τί
535 3486 644 3556 γὰρ
673 3484 815 3555 ἔχεις
846 3483 873 3537 ὃ
902 3483 1002 3537 οὑκ
1039 3482 1229 3547 ἔλαϐες
1250 3499 1263 3548 ;
1288 3503 1306 3534 ›
1336 3484 1562 3537 Πλουτεῖ
1590 3483 1697 3553 γὰρ
1736 3484 1828 3536 οὑ-

240 3580 327 3633 δέν
359 3579 569 3631 οἴκοθεν
608 3580 644 3649 ἡ
692 3578 893 3648 γενητὴ
937 3576 1030 3629 καὶ
1069 3576 1415 3647 πεποιημένη
1464 3575 1647 3644 φύσις,
1712 3576 1829 3630 ἀλλ’

242 3672 381 3739 ὅπερ
427 3669 492 3723 ἂν
540 3669 736 3739 ἔχουσα
781 3670 1023 3739 φαίνοιτο
1045 3711 1059 3734 ,
1088 3667 1248 3722 τοῦτο
1286 3669 1507 3733 πάντως
1536 3671 1653 3723 ἐστὶ
1682 3670 1832 3741 παρὰ

243 3761 378 3814 Θεοῦ
408 3759 499 3813 τοῦ
523 3760 614 3813 καὶ
646 3759 705 3812 τὸ
735 3754 894 3824 εἶναι,
930 3761 1022 3813 καί⁷
1051 3761 1199 3823 ὅπως
1229 3759 1458 3814 ἕκαστον
1489 3756 1629 3814 εἶναι
1664 3777 1833 3831 προσ-

243 3856 364 3923 ήκει
416 3852 794 3924 χαριζομένου.
835 3850 907 3905 E5
948 3852 1006 3904 δέ
1046 3852 1207 3904 πάλιν
1247 3853 1307 3903 τὸ
1339 3847 1406 3922 ἦν
1437 3852 1530 3904 ἐπὶ
1559 3852 1657 3921 τῆς
1686 3850 1832 3920 ζωῆς

238 3942 494 4005 τέθειται,
530 3940 617 3993 ἵνα
660 3942 909 4011 πανταχῆ
938 3940 1000 3993 τὸ
1036 3941 1222 4004 άῖδίως
1270 3936 1409 3994 εἶναι
1454 3942 1696 4013 σημαίνῃ
1742 3940 1832 3993 τὸν

240 4032 433 4100 Λόγον,
470 4032 691 4094 καὶτὰς
736 4032 845 4085 τῶν
884 4034 1126 4104 ἀνοήτων
1158 4034 1426 4104 διακόπτῃ
1462 4033 1749 4103 φλυαρίας,
1774 4033 1832 4101 ἐξ

239 4124 339 4175 οὑκ
370 4123 538 4177 ὄντων
574 4125 703 4194 ἡμῖν
738 4125 1098 4195 εἰσφερούσας
1137 4126 1228 4178 τὸν
1258 4126 1409 4190 Υίὸν,
1442 4127 1577 4197 ὅπερ
1609 4126 1701 4198 ὅλῃ
1737 4145 1836 4197 μα-

239 4213 470 4284 χόμενον
506 4212 754 4281 φαίνεται
791 4216 857 4285 τῇ
898 4215 1019 4287 θείᾳ
1053 4216 1265 4287 Γραφῇ.
1304 4217 1439 4287 Περὶ
1476 4218 1574 4288 μὲν
1616 4214 1708 4272 οὖν
1735 4220 1831 4289 τῆς

238 4302 334 4357 τοῦ
368 4303 541 4372 Λόγου
585 4305 720 4374 μετὰ
771 4307 985 4375 Πατρὸς
1017 4307 1320 4378 ἀῖδιότητος
1343 4348 1357 4373 ,
1392 4310 1704 4381 ἀρκούντως
1730 4312 1831 4383 ἤδη

238 4397 601 4469 διειληφότες,
658 4397 715 4450 ἔν
766 4415 822 4450 τε
874 4398 952 4469 τῷ
983 4400 1331 4471 προκειμένῳ
1383 4401 1574 4473 βιϐλίῳ
1629 4404 1832 4476 καὶτῷ

241 4491 362 4544 κατ’
389 4490 620 4561 ἐπίκλην
654 4490 964 4559 Θησαυρῷ,
1010 4494 1168 4562 σιγᾷν
1195 4492 1341 4562 ἔχειν
1375 4495 1674 4566 οἰησόμεθα
1698 4496 1826 4549 δεῖν.

246 4584 311 4636 Ὃ
338 4582 392 4635 δὲ
441 4582 504 4654 δὴ
553 4583 662 4636 τῶν
714 4583 1093 4653 προκειμένων
1136 4585 1378 4655 εἰσφέρει
1407 4587 1607 4657 μᾶλλον
1636 4590 1765 4659 ἡμῖν
1794 4591 1825 4660 ἡ

241 4675 470 4738 διάνοια,
508 4675 664 4729 τοῦτο
708 4676 801 4729 καὶ
836 4675 983 4747 μάλα
1034 4675 1331 4747 προθύμως
1361 4678 1437 4742 ὼς
1479 4679 1559 4733 ἔνι
1598 4681 1829 4751 μάλιστα

246 4766 644 4837 βασανίζοντες,
670 4768 897 4831 ἑαυτούς
930 4786 989 4821 τε
1015 4769 1294 4841 ὠφελῆσαι
1329 4771 1830 4843 σπουδάσομεν,καὶ

241 4860 367 4921 τοὺς
418 4857 645 4930 ῦστερον
698 4860 1141 4930 ἐντευξομένους,
1174 4863 1310 4915 Θεοῦ
1347 4863 1508 4918 πάλιν
1540 4867 1705 4936 ἡμῖν,
1737 4867 1833 4921 καὶ

243 4950 433 5020 θύραν,
463 4952 559 5004 καὶ
582 4950 756 5021 στόμα
789 4956 902 5017 τοῖς
926 4953 1105 5022 λόγοις
1129 4955 1457 5024 ἀνοίγοντος.
1485 4957 1550 5009 Τί
1589 4952 1682 5011 οῦν
1723 4958 1830 5029 ἄρα

244 5045 405 5098 πάλιν
434 5047 565 5116 ἡμῖν
595 5048 622 5098 6
661 5045 1046 5119 Χριστομάχος
1078 5050 1214 5120 ἐρεῖ,
1243 5049 1304 5102 τὸ
1336 5051 1451 5119 φῶς
1484 5051 1590 5104 τῶν
1624 5052 1834 5124 ἀνθρὼ-

243 5152 360 5195 πων
402 5136 688 5206 μανθάνων
745 5139 1012 5209 ὑπάρχειν
1063 5140 1162 5210 τὴν
1213 5139 1379 5212 ζωὴν,
1403 5142 1548 5196 τοῦτ’
1573 5144 1711 5209 ἔστι,
1743 5145 1832 5197 τὸν

241 5227 327 5287 ἀεὶ
355 5226 533 5292 ζῶντα
561 5228 695 5281 Θεὸν
725 5230 923 5297 Λόγον;
956 5231 1129 5294 ποίοις
1167 5233 1319 5302 ἡμᾶς
1343 5235 1832 5302 κατασφενδονήσει

241 5320 542 5390 λογισμοῖς,
576 5321 705 5374 ὅταν
751 5324 830 5385 εἰς
878 5323 1039 5393 μέσον
1074 5326 1299 5395 ἥκωμεν
1330 5326 1599 5395 λέγοντες·
1654 5329 1713 5380 Εἰ
1756 5328 1829 5399 μὴ

239 5409 371 5472 Θεὸς
403 5409 546 5464 κατὰ
599 5411 759 5478 φύσιν
798 5415 944 5467 ἐστὶν
971 5417 999 5468 6
1031 5416 1177 5481 Υἱὸς,
1223 5419 1317 5471 καὶ
1365 5418 1463 5489 τῆς
1512 5418 1605 5471 τοῦ
1639 5421 1829 5491 γεννή-

243 5517 436 5564 σαντος
478 5502 665 5565 οὐσίας
702 5506 932 5575 καρπὸς,
966 5509 1014 5560 εί
1048 5509 1121 5578 μὴ
1164 5510 1279 5577 φῶς
1320 5512 1452 5581 ἡμῖν
1482 5510 1734 5582 ἀληθινὸν
1764 5514 1826 5565 ἐκ

243 5593 421 5662 φωτὸς
454 5594 754 5665 ἐξέλαμψεν
788 5598 1067 5669 ἀληθινοῦ,
1101 5601 1299 5668 ἔξωθεν
1336 5603 1393 5657 δὲ
1422 5605 1513 5657 καὶ
1541 5604 1703 5666 αὑτὸς
1731 5606 1829 5658 ὑπο

245 5683 374 5754 έστη
411 5682 503 5734 καὶ
527 5682 624 5753 τὴν
651 5684 806 5754 ὑμῶν
846 5688 1088 5757 ἀμαθίαν
1114 5708 1121 5717 ·
1150 5692 1393 5765 ὀμοφυὴς
1428 5695 1533 5766 ἄρα
1570 5696 1685 5749 ἐστὶ
1716 5699 1823 5761 τοῖς

317 5870 361 5901 ³⁸
404 5870 421 5926 l
454 5870 584 5927 Cor.
622 5889 697 5942 tv,
737 5876 787 5931 7.

3088 539 3099 576 :
3150 536 3259 577 non
3325 525 3497 579 iahur

1919 541 2115 583 I‘IHUS,
2180 541 2435 575 creatura
2494 541 2676 575 amem
2734 541 3043 578 νινιιιρειι-ιιι·
3088 541 3099 576 Ξ
3150 541 3259 577 non
3326 541 3497 593 Iglllll'

1918 612 2062 668 idem
2119 621 2204 668 est
2258 613 2429 669 Filius
2482 623 2537 669 et
2584 624 2864 683 creatura,
2898 624 2957 671 nt
2988 630 3166 687 neque
3200 615 3344 686 quod
3383 618 3497 688 agit

1914 705 2060 761 idem
2105 715 2190 761 est
2233 722 2355 761 cum
2389 722 2455 762 eo
2488 708 2633 777 quod
2666 709 2871 778 agitur.

2554 799 2706 856 CAP.
2750 799 2860 853 VII.

1923 888 2078 954 Quod
2117 892 2210 945 lux
2243 890 2528 945 secundum
2571 902 2819 944 naturam
2856 893 2924 944 sit
2964 891 3161 952 Filius,
3196 900 3245 944 et
3276 890 3500 959 proinde

1990 979 2093 1014 non
2144 972 2374 1024 creatus,
2407 962 2498 1015 sed
2538 978 2602 1015 ex
2648 961 2950 1015 substantia
2986 962 3080 1015 Dei
3125 978 3186 1015 ac
3211 960 3415 1024 Patris,
3441 970 3496 1012 ut

1991 1032 2084 1084 tua:
2116 1049 2236 1086 vera
2273 1033 2338 1085 de
2370 1032 2482 1086 luce
2516 1050 2656 1086 rora.

1993 1189 2031 1245 Ι.
2065 1191 2118 1245 4.
2155 1190 2222 1245 Et
2254 1192 2361 1245 vita
2390 1201 2503 1245 erat
2537 1190 2628 1243 tua:
2661 1189 2954 1244 hominum.

1992 1285 2192 1341 Beatus
2218 1285 2561 1355 evangelista
2594 1283 2755 1338 nobis
2780 1284 2944 1337 etiam
2977 1282 3065 1337 his
3095 1282 3281 1336 verbis
3309 1288 3502 1336 osten-

1920 1378 2000 1432 dit
2034 1377 2203 1432 Deum
2239 1384 2435 1432 natura
2465 1392 2565 1431 sua
2603 1374 2801 1430 Filium
2828 1375 3120 1439 exsistere,
3149 1381 3203 1429 et
3228 1373 3499 1428 bonorum

1920 1471 2102 1527 Patris
2137 1471 2579 1527 substantialiter
2621 1468 2913 1525 haeredem.
2952 1467 3089 1523 Cum
3137 1468 3286 1523 enim
3344 1467 3501 1537 prius

1922 1562 2171 1616 docuerit
2221 1562 2385 1615 vitam
2454 1559 2759 1616 secundum
2826 1566 3085 1615 naturam
3143 1561 3499 1615 exsistentem

1923 1653 2102 1723 ipsum
2168 1654 2224 1708 in
2295 1653 2557 1707 omnibus
2614 1669 2642 1706 a
2706 1668 2767 1708 se
2811 1652 3018 1708 creatis
3092 1666 3252 1716 esse,
3328 1665 3504 1720 eaque

1923 1747 2209 1801 continere
2268 1760 2332 1799 ac
2380 1746 2680 1811 viviticare,
2714 1753 2770 1801 et
2817 1761 2847 1800 e
2894 1745 3065 1799 nihilo
3102 1744 3170 1799 ad
3204 1758 3329 1800 esse
3376 1756 3504 1811 pro-

1925 1840 2146 1904 ducere,
2182 1849 2234 1893 et
2266 1838 2530 1907 producta
2577 1852 2934 1901 conservare,
2966 1838 3031 1891 ad
3066 1837 3207 1890 alias
3251 1844 3505 1890 content-

1926 1931 2196 2002 plationes
2249 1942 2311 1983 se
2370 1926 2609 1990 confert,
2678 1926 2923 1996 undique
2980 1940 3082 1980 nos
3135 1926 3201 1979 ad
3254 1924 3507 1978 veritatis

1924 2021 2475 2094 comprehensionem
2508 2020 2869 2090 potissimum
2914 2019 3189 2074 deducere
3229 2024 3502 2078 statuens.

1924 2118 2113 2189 Itaque
2150 2118 2207 2170 in
2254 2115 2461 2171 creatis
2511 2115 2679 2169 rebus
2730 2112 2970 2167 Verbum
3019 2115 3216 2176 inerat,
3262 2121 3323 2165 ut
3364 2110 3504 2163 vita.

1924 2213 2058 2265 Cum
2093 2218 2277 2264 autem
2323 2209 2489 2263 homo
2529 2209 2677 2263 inter
2712 2222 2808 2262 eas
2856 2206 3065 2260 animal
3111 2206 3182 2260 sit
3212 2204 3503 2263 rationale,

1928 2301 2125 2355 mentis
2181 2308 2238 2354 et
2293 2299 2541 2354 scientiae
2589 2312 2783 2369 capax,
2838 2311 2903 2350 ac
2954 2295 3155 2349 divinae
3224 2292 3507 2363 sapientiae

1929 2395 2227 2466 particeps,
2275 2390 2591 2447 necessario
2644 2388 2802 2443 nobis
2834 2388 2919 2440 vir
2949 2388 3041 2440 ille
3083 2386 3305 2438 divinus
3358 2384 3509 2437 illius

1925 2504 2146 2558 quoque
2179 2484 2286 2557 54
2313 2485 2594 2555 sapientiae
2623 2468 2743 2554 qua:
2777 2483 2831 2535 in
2865 2481 3117 2535 homines
3150 2479 3321 2541 cadit,
3342 2478 3511 2549 largi-

1927 2588 2098 2633 torem
2140 2592 2263 2631 esse
2303 2574 2502 2629 Filium
2552 2575 2700 2628 clare
2747 2570 3009 2633 ostendit,
3057 2579 3116 2624 ut
3168 2568 3510 2639 intelligatur

1928 2671 2072 2726 Deus
2106 2685 2171 2723 ac
2189 2669 2353 2724 Pater
2387 2684 2481 2736 per
2505 2666 2703 2720 Filium
2733 2664 2918 2717 omnia
2948 2664 3213 2717 exsistere
3246 2662 3300 2714 in
3330 2661 3510 2714 Omni-

1928 2766 2031 2819 bus
2069 2784 2082 2818 :
2117 2764 2230 2816 vita
2263 2761 2485 2831 quidem
2520 2760 2576 2813 in
2605 2759 2676 2812 iis
2702 2772 2826 2827 quae
2860 2756 2971 2809 vita
2995 2763 3049 2808 et
3082 2755 3204 2809 luce
3228 2753 3506 2821 indigent;

1929 2858 2019 2910 lux
2060 2856 2190 2909 item
2245 2862 2300 2907 et
2353 2853 2461 2905 vita
2502 2851 2557 2904 in
2606 2849 2675 2903 iis
2716 2862 2838 2917 quae
2864 2848 2974 2900 vita
3013 2854 3068 2899 et
3120 2845 3244 2899 luce
3293 2851 3506 2898 carent.
3562 2844 3574 2867 ‘

1928 2947 2169 3014 Ideoque
2210 2943 2287 2996 ait
2322 2961 2334 2996 :
2370 2960 2388 2991 ι
2435 2940 2499 2994 Ει
2533 2939 2643 2993 vita
2681 2945 2802 2992 erat
2855 2936 2945 2990 lux
2999 2935 3310 2997 hominum,
3348 2950 3367 2984 ι
3404 2932 3510 2986 hoc

1930 3043 2014 3091 est
2067 3034 2251 3087 omnia
2302 3031 2587 3085 viviﬁcans
2644 3028 2791 3083 Deus
2855 3025 3123 3090 Verbum,
3174 3024 3265 3077 illa
3321 3036 3506 3077 rerum

1930 3125 2176 3180 omnium
2208 3123 2419 3185 vita,et
2449 3119 2655 3173 animal
2681 3118 2910 3172 rationis
2942 3130 3171 3186 compos
3208 3114 3506 3176 illuminat,

1928 3226 1980 3272 et
2010 3217 2077 3270 iis
2110 3230 2233 3285 qua:
2259 3212 2633 3282 intelligentiae
2671 3218 2800 3265 sunt
2829 3208 3050 3277 capacia
3086 3204 3509 3275 intelligentiam

1930 3304 2132 3359 aﬂ‘atim
2157 3302 2407 3370 largitur,
2424 3308 2483 3353 ut
2506 3314 2693 3354 verum
2717 3300 2787 3354 sit
2814 3298 2947 3352 illud
2972 3295 3117 3367 quod
3152 3295 3220 3351 de
3255 3303 3510 3349 creatura

1931 3398 2164 3452 dicitur:
2196 3414 2213 3447 ι
2241 3393 2381 3461 Quid
2409 3393 2552 3447 enim
2580 3392 2748 3446 habes
2775 3390 2923 3461 quod
2956 3406 3062 3444 non
3087 3388 3345 3457 accepisti
3377 3387 3454 3439 ⁸δῖ
3487 3405 3509 3440 ι

1934 3491 1978 3544 Λ
2008 3505 2067 3544 se
2098 3489 2245 3543 enim
2285 3495 2469 3541 creata
2504 3494 2558 3540 et
2588 3484 2730 3538 facta
2778 3496 2974 3537 natura
3012 3482 3152 3535 nihil
3185 3482 3366 3543 habet,
3417 3478 3513 3534 sed

1935 3581 2304 3652 quodcunque
2334 3578 2538 3632 habere
2569 3577 2836 3639 cernitur,
2857 3575 2961 3628 hoc
2997 3574 3189 3643 utique
3211 3582 3294 3627 est
3325 3588 3354 3625 a
3376 3570 3512 3635 Deo,

1934 3672 2025 3741 qui
2078 3678 2129 3725 et
2179 3684 2302 3724 esse
2341 3676 2395 3722 et
2436 3667 2657 3721 essendi
2706 3665 2926 3719 modum
2977 3663 3233 3734 largitur.
3298 3661 3515 3716 Rursus

1935 3772 2141 3827 autem,
2185 3762 2340 3827 illud,
2373 3770 2509 3825 erat,
2557 3759 2625 3815 de
2654 3761 2767 3814 vita
2811 3759 3018 3813 dictum
3060 3765 3169 3820 est,
3205 3764 3263 3810 ut
3310 3757 3516 3826 ubique

1940 3856 2103 3912 Verbi
2150 3855 2511 3909 mternitatem
2549 3852 2841 3921 signiﬁcet,
2875 3860 2930 3907 et
2969 3851 3295 3905 insanorum
3341 3861 3515 3915 nugas

1934 3955 2166 4011 resecet,
2194 3960 2314 4016 quae
2342 3943 2542 3997 Filium
2595 3943 2755 3995 nobis
2790 3957 2820 3996 e
2860 3939 3034 3994 nihilo
3073 3939 3337 4002 educunt,
3370 3935 3515 4005 quod

1936 4039 2157 4110 quidem
2198 4044 2346 4108 patet
2395 4036 2665 4089 universae
2706 4032 2799 4087 Dei
2850 4044 3158 4102 repugnare
3195 4028 3511 4098 Scriptum.

1938 4131 2044 4187 Sed
2069 4131 2135 4186 de
2157 4130 2459 4184 mternitate
2476 4125 2641 4181 Verbi
2660 4140 2785 4179 cum
2817 4122 2977 4176 Patre
3008 4138 3131 4176 eum
3155 4120 3265 4189 jam
3305 4126 3431 4173 ante
3461 4117 3515 4171 in

1938 4226 2041 4280 hoc
2057 4225 2197 4278 libro
2224 4231 2358 4277 eteo
2375 4220 2468 4289 qui
2490 4218 2791 4273 Thesaurus
2818 4215 3113 4283 inscriptus
3136 4218 3240 4275 est,
3256 4219 3517 4263 tractave-

1938 4320 2133 4381 rimus,
2166 4314 2443 4379 _silendum
2487 4320 2764 4382 putamus.
2793 4306 2947 4373 Quod
2974 4313 3154 4359 autem
3180 4318 3361 4357 rerum
3396 4318 3518 4369 pro-

1938 4410 2239 4479 positarum
2286 4419 2482 4460 sensus
2529 4402 2688 4456 nobis
2734 4399 2929 4461 oifert,
2979 4398 3082 4450 hoc
3124 4395 3314 4465 utique
3354 4393 3517 4463 perli-

1939 4502 2130 4555 benter
2216 4498 2396 4568 quoad
2482 4497 2611 4549 licet
2694 4488 3081 4555 examinanda,
3133 4504 3258 4541 eum
3354 4486 3514 4541 nobis

1936 4592 2196 4665 prodesse
2259 4587 2634 4648 studebimus,
2684 4593 2795 4638 tum
2848 4583 3105 4653 posteris,
3160 4580 3269 4634 Deo
3318 4594 3515 4633 rursus

1933 4685 2093 4742 nobis
2115 4685 2338 4754 januam
2364 4688 2418 4736 et
2449 4697 2510 4735 os
2536 4679 2602 4732 ad
2634 4678 3019 4733 disserendum
3054 4674 3351 4744 aperiente.
3372 4673 3513 4739 Quid

1931 4793 2061 4848 ergo
2103 4774 2261 4830 nobis
2309 4773 2504 4826 iterum
2573 4782 2947 4839 responsurus
3001 4773 3088 4821 est
3140 4764 3236 4819 Dei
3298 4762 3512 4827 hostis,

1932 4872 2109 4925 lucem
2146 4866 2427 4922 hominum
2495 4861 2725 4916 audiens
2751 4862 2918 4913 vitam
2961 4856 3249 4917 exsistere,
3270 4855 3374 4907 hoc
3430 4860 3514 4905 est

1934 4975 2150 5030 semper
2185 4957 2379 5012 vivens
2405 4954 2572 5009 Deum
2605 4950 2884 5006 Verbum?
2907 4949 3109 5018 quibus
3140 4961 3242 5000 nos
3289 4945 3515 5012 iinpetet

1936 5050 2260 5112 rationibus,
2294 5049 2423 5103 dum
2473 5047 2527 5100 in
2585 5044 2822 5098 medium
2880 5040 3161 5112 prodimus
3215 5037 3510 5091 dicentes:

1936 5146 2051 5200 Nisi
2087 5144 2229 5199 Deus
2257 5140 2557 5198 secundum
2598 5145 2852 5191 naturam
2891 5135 2960 5189 sit
2993 5131 3188 5191 Filius,
3218 5138 3271 5183 et
3299 5127 3514 5183 fructus

1936 5238 2264 5295 substantia:
2301 5233 2495 5297 Patris,
2530 5230 2634 5285 nisi
2684 5230 2775 5283 lux
2824 5226 2983 5280 nobis
3016 5238 3143 5277 vera
3189 5236 3254 5276 ex
3284 5222 3403 5276 luce
3431 5219 3513 5277 ef-

1934 5330 2151 5386 fulserit
2180 5343 2326 5389 vera,
2359 5322 2456 5379 sed
2493 5323 2610 5392 ipse
2626 5333 2843 5390 quoque
2864 5313 3169 5386 productus
3203 5312 3273 5367 sit
3302 5312 3513 5368 extriti-

1934 5439 2120 5487 secus,
2166 5422 2321 5491 juxta
2362 5424 2601 5472 vestram
2634 5409 2942 5471 inscitiam;
2974 5404 3222 5474 ejusdem
3252 5418 3383 5476 ergo
3415 5420 3509 5475 ge-

1932 5516 2083 5572 neris
2112 5522 2197 5569 cst
2246 5527 2366 5566 cum
2416 5508 2583 5564 rebus
2639 5501 2863 5565 creatis,
2896 5514 2997 5554 nec
3048 5505 3226 5569 potest
3279 5512 3508 5566 usquam

1932 5625 2057 5666 esse
2102 5606 2213 5663 non
2262 5610 2507 5660 creatus.
2547 5593 2832 5663 Quomodo
2887 5592 3075 5663 igitur,
3122 5606 3155 5644 ο
3186 5606 3305 5654 vos,
3358 5586 3509 5643 omni

1933 5701 2167 5759 stultitia
2219 5698 2382 5761 oleni,
2415 5695 2529 5765 ipse
2580 5687 2800 5762 quidem
2858 5685 3151 5748 illuminat,
3197 5683 3279 5737 ha:
3329 5688 3509 5735 autem
