4168 6566
690 390 759 447 95
1722 390 1779 447 S.
1822 391 2102 450 CYBILLI
2144 393 2617 450 ALEXANDRINI
2670 392 2992 449 ARCIIIEP.
3881 388 3959 449 95

692 507 1077 564 illuniluantur
1137 508 1205 564 ab
1265 508 1423 579 ipso?
1451 506 1730 580 Numquid
1782 512 1928 567 enim
1987 512 2135 567 aliud
2187 520 2338 575 estA

2340 512 2787 585 ,πεποιημένοις,
2829 513 2920 565 καὶ
2964 512 3026 563 τὸ
3066 509 3203 565 εῖναι
3251 512 3475 583 γενητὸς
3499 510 3794 582 οὐδαμόθεν
3832 510 3986 565 δια·’

689 597 835 669 qttod
874 599 1165 666 illuminat,
1197 599 1346 655 aliud
1375 600 1524 671 quod
1558 602 1944 658 illuminatur?
1972 605 2141 675 Atqui
2168 620 2267 661 ne-

2368 602 2643 674 φεύξεται.
2673 602 2798 667 Πῶς
2827 599 2941 667 οὖν,
2975 605 3003 656 ό
3028 601 3138 674 [ῖσ.
3158 597 3225 675 ὦ]
3245 604 3423 672 πάσης
3451 601 3955 675 μωρωςάνάπλεῳ.

696 689 827 743 mini
858 689 1311 747 obseurumistud
1331 707 1453 748 esse
1478 700 1673 763 potest.
1708 694 1770 749 Si
1796 695 1942 750 enim
1968 696 2110 750 idem
2144 713 2267 753 esse

2368 692 2592 762 φωτίζει
2649 694 2746 764 μὲν
2783 692 2965 757 αὑτὸς,
3004 694 3072 745 τὰ
3101 693 3158 745 δὲ
3191 695 3279 746 ὑπ’
3314 694 3478 747 αὑτοῦ
3514 692 3849 762 φωτίζεταις
3884 695 3956 746 Ἥ

690 781 1060 838 concedamus
1085 785 1349 853 qualitate
1380 787 1701 841 substantia:
1728 794 1781 843 et
1817 788 2034 843 essendi
2061 790 2222 844 modo
2247 808 2263 845 :

2366 783 2475 853 γὰρ
2502 783 2599 852 οὑχ
2631 783 2817 853 ἕτερον
2870 783 2967 851 μὲν
3007 783 3069 834 τὸ
3106 782 3339 851 φωτίζον
3383 783 3530 835 ἐστὶν
3552 823 3565 845 ,
3594 782 3779 852 ἕτερον
3808 781 3866 834 δὲ
3896 781 3960 833 τὸ

690 873 822 941 quid
862 874 982 943 plus
1012 884 1095 930 est
1128 875 1183 929 in
1214 892 1280 930 eo
1310 877 1456 947 quod
1506 879 1797 945 illuminat,
1831 887 1885 933 et
1927 880 2058 950 quid
2085 882 2265 938 minus

2368 874 2771 944 φωτιζόμενον;
2805 873 2943 925 Ἀλλ’
2977 874 3090 926 ἐστι
3128 874 3287 944 δῆλον
3334 876 3428 927 καὶ
3458 874 3621 927 παντί
3649 890 3727 944 τῳ
3761 873 3954 940 σαφές.

692 965 933 1019 vicissim
964 966 1017 1020 in
1036 982 1101 1021 eo
1128 968 1273 1036 quod
1297 968 1435 1023 lucis
1468 969 1706 1040 indiget?
1729 971 1997 1025 eritenim
2028 973 2081 1026 in
2111 981 2260 1027 utro.

2366 968 2429 1021 Εί
2466 967 2574 1039 γάρ
2610 966 2806 1020 ταυτὸν
2855 962 2993 1019 εἶναι
3031 966 3253 1036 δοίημεν
3276 1006 3290 1028 ,
3329 967 3451 1019 ὅσον
3478 968 3558 1030 είς
3593 966 3781 1028 οὑσίας
3814 962 3960 1016 ποιό-

689 1072 793 1125 que
825 1059 1056 1112 alterum
1082 1060 1352 1122 vicissim,
1374 1068 1427 1115 et.
1449 1060 1536 1115 lux
1565 1062 1785 1131 quidem
1819 1065 1923 1117 erit
1956 1062 2102 1133 quod
2126 1063 2265 1120 lucis

2365 1077 2522 1129 τητα,
2548 1060 2643 1112 καὶ
2671 1058 2760 1111 τὸν
2785 1058 2878 1111 τοῦ
2910 1058 3023 1121 πῶς
3044 1054 3185 1111 εἶναι
3216 1058 3394 1126 λόγον’
3412 1058 3464 1111 τί
3496 1058 3557 1110 τὸ
3586 1057 3751 1110 πλέον
3784 1057 3841 1107 tv
3873 1053 3958 1123 τῷ

691 1146 917 1216 indiget,
939 1156 991 1202 et
1012 1149 1100 1202 lux
1119 1149 1488 1204 confundetur
1504 1167 1626 1205 cum
1647 1168 1712 1207 eo
1737 1156 1880 1223 quod
1903 1153 2262 1209 illuminatur.

2366 1149 2621 1219 φωτίζειν
2655 1150 2924 1221 ἰσχύοντι,
2957 1150 3009 1201 τί
3033 1150 3088 1202 δὲ
3118 1150 3177 1202 τδ
3201 1150 3422 1204 ἔλαττον
3451 1146 3606 1214 αὖθις
3636 1152 3692 1202 tv
3724 1149 3803 1219 τῷ
3834 1165 3956 1218 quo-

688 1237 851 1307 Atqui
878 1255 1128 1310 magnam
1160 1241 1247 1295 hic
1269 1241 1420 1296 vides
1445 1242 1548 1313 55
1570 1244 1835 1300 doctrina:
1859 1244 2258 1302 confusionem.

2364 1243 2457 1306 τὸς
2479 1242 2752 1313 δεομένῳ;
2784 1241 2902 1311 ἥξει
2934 1240 3045 1313 γάρ
3073 1243 3156 1294 ἐπ’
3190 1242 3392 1310 ἀμφοῖν
3413 1279 3428 1304 ,
3460 1240 3595 1309 ὅπερ
3630 1240 3695 1292 ἂν
3730 1241 3820 1301 τοι,
3857 1240 3960 1290 καὶ

688 1327 927 1384 Necesse
960 1331 1107 1386 enim
1138 1340 1311 1387 estea
1345 1348 1465 1402 qua:
1506 1344 1931 1391 commemorata
1966 1345 2097 1393 sunt
2120 1339 2264 1394 invi-

2366 1335 2469 1387 ἀνά
2518 1335 2683 1405 μέρος
2733 1335 2818 1402 ἐφ’
2850 1333 3115 1403 ἐκατέρῳ
3154 1334 3246 1386 καὶ
3295 1332 3409 1400 φῶς
3460 1332 3556 1401 μὲν
3605 1331 3755 1383 ἔσται
3786 1330 3845 1382 τὸ
3895 1331 3958 1382 tv

687 1434 806 1474 cem
851 1419 1149 1491 distingui,
1198 1429 1255 1475 et
1309 1424 1365 1477 in
1405 1424 1623 1494 prepria
1665 1434 1861 1480 natura
1899 1428 2165 1483 collocari
2210 1430 2265 1484 id

2366 1427 2525 1497 χρείᾳ
2572 1426 2768 1495 φωτὸς,
2797 1425 2857 1478 τὸ
2906 1424 2963 1478 δὲ
2999 1423 3113 1493 φῶς
3161 1424 3519 1494 ἀδιαφορήσει
3559 1420 3957 1491 φωτιζόμενον.

689 1510 836 1578 quod
861 1512 1069 1581 aliquid
1096 1514 1409 1583 suppeditat
1431 1516 1663 1571 seorsim
1697 1516 1765 1571 ab
1791 1532 1858 1571 eo
1885 1519 1973 1573 cui
2006 1521 2267 1591 suppedi-

2379 1517 2538 1571 Ἀλλά
2566 1516 2732 1588 πολλή
2760 1534 2841 1579 τις
2870 1517 2927 1569 tv
2959 1515 3169 1577 τούτοις
3207 1516 3240 1585 ἡ
3274 1514 3385 1567 τῶν
3420 1513 3797 1584 θεωρημάτων
3822 1513 3961 1583 ὁρᾶ-

689 1609 853 1655 tatur.
870 1601 985 1657 Non
1007 1612 1094 1659 est
1116 1622 1246 1676 ergo
1273 1610 1517 1679 ejusdem
1546 1619 1760 1667 natura:
1781 1626 1904 1666 cum
1932 1613 2095 1668 rebus
2119 1629 2267 1669 crea-

2366 1629 2454 1666 ται
2506 1611 2788 1681 σύγχυσις,
2815 1611 2911 1663 καὶ
2958 1610 3251 1677 ἀναγκαῖος
3299 1609 3430 1679 ἡμῖν
3472 1608 3765 1675 ἀποτέμνει
3796 1604 3962 1672 λόγος

687 1694 760 1745 tis
792 1691 983 1757 Filius,
1006 1695 1103 1750 sed
1131 1697 1185 1753 in
1213 1699 1393 1757 Patris
1421 1701 1733 1757 substantia
1760 1702 2144 1771 collocabitur,
2173 1706 2266 1762 lux

2366 1704 2473 1756 τῶν
2499 1701 2905 1773 ὀνομασθέντων
2937 1701 3198 1769 ἑκάτερον
3223 1717 3236 1731 ’
3265 1701 3321 1752 tv
3356 1699 3460 1770 ίδίᾳ
3486 1716 3547 1752 τε
3576 1696 3758 1768 τίθησι
3791 1696 3959 1765 φύσει

684 1797 812 1836 vera
849 1784 917 1839 de
955 1786 1080 1842 luce
1125 1803 1257 1845 vera
1292 1792 1590 1847 exsistens.
1622 1793 1731 1849 Sed
1774 1809 1886 1848 non
1930 1796 2035 1849 erit
2078 1794 2265 1852 forsan
2299 1855 2330 1865 _

2316 1855 2335 1865 _
2366 1794 2428 1847 τὸ
2454 1792 2723 1865 χορηγοῦν
2759 1794 2817 1848 tv
2850 1792 3059 1855 τούτοις
3095 1791 3244 1863 παρά
3270 1791 3333 1845 τὸ
3366 1789 3792 1862 χορηγούμενον.
3838 1789 3962 1843 Οὑκ

681 1874 903 1931 diﬂicile
961 1878 1069 1933 huc
1109 1881 1382 1937 translato
1412 1897 1666 1939 sermone
1711 1900 1822 1955 quo
1867 1897 2027 1941 antea
2062 1885 2261 1944 Filium
2298 1855 2327 1910 Ε

2310 1855 2338 1910 Β
2366 1855 2486 1957 ἄρα’
2509 1855 2754 1955 tndem;
2789 1886 2902 1947 τοῖς
2945 1855 3338 1952 πεποιημένοις
3570 1924 3584 1944 ,
3613 1855 3735 1933 ἀλλ’
3772 1882 3831 1934 tv
3882 1882 3956 1949 τῇ

684 1968 850 2021 vitam
876 1983 1021 2033 esse,
1044 1980 1099 2026 et
1116 1972 1283 2027 alium
1309 1974 1377 2028 ab
1396 1975 1465 2030 iis
1484 1976 1537 2030 in
1559 1976 1761 2046 quibus
1783 1986 1868 2034 est
1892 1980 2261 2047 ostendimus,

2366 1976 2460 2029 τοῦ
2493 1976 2708 2047 Πατρός
2751 1975 2910 2046 οὐσίᾳ
2940 1975 3215 2037 κείσεται,
3242 1973 3355 2043 φῶς
3398 1972 3650 2042 ἀληθινὸν
3685 1972 3749 2025 tx
3774 1970 3958 2040 φωτὸς

686 2060 851 2126 hujus
886 2061 1083 2131 capitis
1123 2063 1326 2118 claram
1378 2068 1797 2135 explicationem
1843 2068 2055 2125 atl‘erre.
2088 2070 2259 2137 Quem

2366 2068 2627 2139 ὑπάρχων
2680 2066 2953 2137 ἀληθινοῦ.
2993 2066 3241 2121 Χαλεπὸν
3269 2065 3326 2121 δὲ
3374 2066 3545 2131 οὐδὲν,
3574 2065 3665 2117 τὸν
3716 2064 3808 2118 ἐπὶ
3840 2065 3958 2125 τοῖς

684 2149 926 2204 laborem
950 2167 1017 2205 ne
1044 2153 1168 2209 aliis
1191 2154 1525 2225 relinquere,
1545 2165 1637 2212 aut
1667 2157 1936 2214 desidiam
1968 2161 2151 2216 colere
2180 2161 2262 2215 vi-

2366 2160 2695 2232 προλαὸοὖσι
2732 2157 3275 2231 μεταρρυθμίζοντας
3304 2158 3479 2225 λόγον,
3498 2155 3555 2209 δν
3576 2156 3669 2207 ἐπὶ
3707 2154 3784 2225 τῷ
3810 2153 3960 2206 κατὰ

681 2239 835 2304 dear,
855 2257 1051 2298 rursus
1076 2259 1181 2315 ego
1208 2245 1325 2315 ipse
1345 2248 1787 2318 syllogismorum
1816 2267 1957 2322 quos
1984 2254 2137 2322 prius
2176 2261 2259 2308 at-

2364 2255 2527 2324 φύσιν
2565 2253 2830 2324 ὑπάρχειν
2859 2250 3002 2323 ζωὴν
3033 2251 3123 2304 τὸν
3171 2250 3299 2303 Υίὸν
3346 2246 3697 2318 πεποιήμεθα
3719 2287 3731 2310 ,
3765 2245 3957 2315 ἔτερόν

684 2330 911 2383 tulimus
950 2330 1205 2398 formam,
1240 2337 1420 2405 quoad
1447 2347 1660 2407 potero,
1687 2350 2059 2398 transmutare
2096 2358 2262 2398 cona-

2361 2360 2421 2398 τε
2454 2344 2583 2397 ὄντα
2622 2343 2771 2415 παρὰ
2811 2343 2878 2395 τά
2930 2343 2987 2394 tv
3027 2337 3108 2404 οἷς
3139 2343 3286 2394 ἐστιν
3328 2335 3694 2407 ὲδεικνύομεν,
3732 2337 3820 2389 καὶ
3852 2334 3958 2405 τὴν

682 2418 801 2473 bur.
825 2419 892 2474 Ut
913 2426 1057 2477 enim
1083 2424 1199 2481 illic
1216 2427 1326 2481 vita
1350 2429 1656 2485 secundum
1682 2440 1939 2488 naturam
1961 2434 2260 2501 exsistens,

2364 2436 2422 2489 tv
2447 2434 2581 2505 τῷδε
2630 2435 2706 2505 τῷ
2750 2433 3028 2503 κεφαλαίῳ
3064 2428 3543 2500 διευκρινήσασθαι
3569 2427 3793 2497 γνῶσιν.
3827 2427 3958 2479 Ἐπὶ

680 2514 935 2571 diversus
965 2519 1033 2573 ab
1067 2519 1215 2575 iisin
1252 2522 1458 2592 quibus
1480 2533 1565 2580 est
1595 2526 1810 2581 videtur
1840 2542 1855 2579 :
1887 2528 1961 2582 ita
1997 2528 2086 2583 bic
2125 2545 2263 2600 quo-

2361 2526 2418 2579 δὲ
2457 2526 2551 2579 τοῦ
2587 2526 2661 2597 μὴ
2690 2527 2895 2596 ἑτέροις
2922 2525 3014 2578 τὸν
3043 2525 3134 2578 ἐπὶ
3160 2523 3367 2585 τούτοις
3397 2519 3721 2589 καταλεῖψαι
3750 2518 3915 2571 πόνον
3936 2559 3954 2581 ,

681 2622 792 2676 que
846 2608 937 2664 lux
989 2612 1272 2668 hominum
1322 2630 1449 2670 cum
1506 2633 1627 2673 esse
1680 2619 1914 2685 dicatur,
1946 2637 2010 2676 ac
2071 2638 2262 2678 revera

2361 2619 2395 2688 ἢ
2422 2618 2515 2671 καὶ
2550 2618 2691 2688 ὄκνῳ
2718 2618 3095 2689 κεκρατῆσθαι
3124 2617 3322 2679 δοκεῖν,
3349 2613 3509 2677 αὑτὸς
3534 2612 3645 2678 ἐγὼ
3675 2611 3837 2664 πάλιν
3859 2610 3958 2662 τὸν

679 2699 773 2760 sit,
800 2700 942 2756 alius
991 2717 1114 2758 esse
1154 2704 1224 2758 ab
1265 2705 1332 2762 iis
1364 2708 1738 2778 comperietur
1766 2726 1889 2781 qua:
1938 2711 2077 2767 lucis
2112 2712 2258 2767 indi-

2364 2711 2423 2764 ὲν
2454 2714 2565 2774 τοῖς
2588 2708 2917 2781 προλαϐοῦσι
2942 2708 3317 2778 συλλογισμοῖς
3353 2703 3840 2778 μεταστοιχειῶσαι
3861 2702 3960 2753 τὸν

679 2802 829 2861 gent,
853 2808 1085 2864 eamque
1117 2798 1466 2868 participant.
1500 2801 1558 2856 Id
1589 2811 1771 2858 autem
1803 2819 1869 2859 ex
1900 2806 2259 2875 sequentibus

2363 2800 2555 2862 τύπον,
2597 2800 2672 2864 ὼς
2725 2800 2791 2853 ἂν
2839 2795 2950 2861 οἷός
2996 2816 3057 2851 τε
3113 2792 3187 2861 ὦ,
3238 2797 3589 2869 πειράσομαι.
3635 2795 3720 2857 Ὠς
3747 2793 3861 2864 γάρ
3896 2794 3958 2845 tv

677 2886 991 2942 accuratius
1020 2902 1407 2955 agnoscemus.

2363 2891 2593 2955 ἐκείνοις
2632 2890 2744 2961 ζωὴ
2798 2888 2941 2943 κατά
2972 2889 3135 2957 φύσιν
3165 2889 3448 2959 ὑπάρχων,
3478 2887 3666 2955 ἕτερος
3692 2883 3768 2937 ὣν
3798 2882 3958 2953 παρὰ

2360 2982 2429 3036 τά
2478 2986 2534 3036 tv
2568 2978 2645 3044 οἷς
2676 2978 2743 3053 ἦν
2784 2980 3171 3049 ἀναφαίνεται,
3203 2977 3345 3031 οὕτω
3384 2979 3486 3030 κάν
3534 2975 3708 3046 τούτῳ
3742 2975 3801 3027 τὸ
3836 2972 3958 3041 φῶς

679 3057 786 3111 τῶν
815 3059 1116 3131 ἀνθρώπων
1166 3058 1304 3117 εἶναι
1337 3064 1627 3137 λεγόμενός
1664 3086 1723 3121 τε
1774 3071 1869 3124 καὶ
1903 3074 2018 3126 κατ’
2053 3074 2308 3143 ἀλήθειαν
2345 3074 2441 3140 ὢν,
2464 3075 2649 3143 ἔτερος
2680 3070 3033 3143 εὑρεθήσεται
3081 3068 3230 3141 παρά
3252 3068 3319 3122 τὰ
3352 3066 3527 3137 φωτὸς
3564 3067 3791 3137 δεόμενα
3858 3058 3956 3117 καὶ

682 3150 977 3220 μετέχοντα
1010 3153 1174 3207 αὑτοῦ
1210 3169 1224 3184 ⁸
1262 3156 1370 3209 ἀπὸ
1394 3158 1451 3210 δὲ
1493 3158 1601 3211 τῶν
1638 3162 1835 3231 ἐφεξῆς
1875 3164 2264 3237 ἀκριϐέστερον
2302 3166 2581 3237 εἰσόμεθα.

679 3263 1165 3347 υιιιηοηειναιίοιιςι
1206 3284 1297 3347 per
1340 3271 1677 3347 sptiugismos
1706 3288 1724 3327 :
1750 3276 1904 3341 Quod
1965 3284 2252 3334 secundum
2278 3271 2321 3328 (ἔ

2303 3271 2321 3327 ἶ
2367 3279 2723 3345 Ἀποδείξεις
2765 3279 2862 3333 διὰ
2904 3276 3357 3347 συλλογισμῶν.
3408 3275 3495 3347 ότι
3542 3273 3949 3347 κατὰ-,φύσιν-

749 3344 999 3420 naturam
1049 3328 1306 3418 αίὶιιεέἱι
1348 3328 1521 3397 Filii:
1570 3328 1883 3400 illuminuus
2375 3328 2388 3335 -

2726 3328 2995 3420 φωῖίζωῖί
3384 3328 3504 3413 τὴν·
3540 3328 3954 3415 φωτιξοξιιένην

748 3421 866 3475 qua:
899 3405 1261 3461 illuminatur.
2249 3405 2252 3406 ν

1007 3408 1261 3461 minatur.
2249 3405 2252 3406 ν
2432 3405 2653 3475 κτίσιίκ

751 3517 808 3571 Si
842 3518 1082 3575 Verbum
1127 3530 1213 3578 est
1261 3523 1317 3577 in
1374 3524 1441 3579 iis
1476 3542 1596 3595 qua:
1627 3528 1907 3597 dicuntur,
1945 3548 2053 3588 non
2098 3550 2258 3592 secus

2429 3535 2490 3588 Ei
2539 3536 2596 3587 tv
2626 3537 2741 3597 τοῖς
2771 3533 3087 3604 λεγομένοις
3123 3534 3150 3585 ό
3186 3532 3358 3599 Λόγος
3398 3524 3467 3601 ἦν
3504 3530 3578 3595 ὼς
3625 3530 3760 3599 φῶς,
3805 3529 3950 3582 κατά

678 3627 743 3663 ac
778 3610 869 3665 lux
904 3614 1207 3669 secundum
1258 3623 1508 3671 naturam
1551 3634 1646 3689 per
1679 3623 2150 3694 participationem
2198 3643 2259 3682 se

2360 3619 2520 3690 φύσιν
2557 3620 2645 3675 ὃιά
2667 3621 2905 3692 μετοχῆς
2943 3623 3054 3685 τοῖς
3078 3617 3229 3674 οὖσιν
3260 3620 3452 3673 ἑαυτὸν
3474 3620 3797 3690 ἀναμιγνὺς,
3816 3620 3946 3673 ἓτε-

680 3701 847 3756 rebus
894 3703 1187 3771 immiscet,
1217 3708 1366 3763 aliud
1407 3726 1537 3781 ergo
1574 3720 1659 3769 est
1698 3714 1767 3768 ab
1821 3714 1891 3770 iis
1936 3717 1992 3772 in
2054 3718 2257 3787 quibus

2360 3729 2451 3782 ρος
2471 3713 2577 3783 ἄρα
2612 3713 2729 3767 ἐστὶ
2762 3712 2869 3766 τῶν
2900 3714 2957 3765 tv
2981 3708 3060 3776 οἷς
3097 3710 3236 3767 εἶναι
3274 3710 3613 3765 πιστεύεται.
3662 3712 3718 3765 '0
3750 3712 3806 3765 δὲ
3846 3714 3951 3785 τὴν

674 3810 801 3850 csse
858 3795 1125 3853 creditur.
1171 3801 1339 3867 Quod
1387 3815 1569 3861 autem
1635 3808 1937 3863 secundum
2004 3818 2255 3867 naturam

2358 3804 2519 3873 φύσιν
2542 3805 2728 3876 ἔτερος
2781 3803 2877 3871 ὢν,
2925 3805 2957 3876 ἢ
3004 3806 3141 3875 ὅπερ
3174 3803 3388 3874 ὲστὶνή
3436 3802 3734 3873 μετέχουσα
3779 3803 3948 3859 αὑτοῦ

676 3883 828 3939 aliud
883 3897 971 3943 est
1018 3890 1089 3945 ab
1117 3905 1181 3945 ea
1227 3907 1349 3961 quae
1398 3894 1578 3964 ipsum
1635 3898 1927 3969 participat
1972 3910 2026 3956 ct
2072 3902 2141 3957 ab
2191 3916 2257 3957 eo

2355 3898 2451 3951 καὶ
2500 3896 2845 3967 φωτιζομὲνη
2888 3896 3086 3960 κτίσις,
3135 3894 3251 3959 πῶς
3284 3894 3385 3948 οὑκ
3429 3892 3496 3947 ἂν
3539 3894 3624 3965 εἴη
3684 3894 3876 3949 λοιπὸν
3923 3900 3952 3951 ό

678 3974 1021 4033 illuminatur
1053 3989 1326 4050 creatura,
1367 3985 1644 4055 quomodo
1675 4003 1785 4045 non
1825 3990 1933 4045 erit
1966 4004 2255 4061 supremus

677 4064 864 4118 Deus?
1852 4071 1862 4084 '

1264 3998 1326 4050 'a,
1367 3985 1644 4055 quomodo
1675 4003 1785 4045 non
1825 3990 1933 4045 erit
1966 4004 2255 4061 supremus
2358 3990 2495 4061 ὑπὲρ
2532 3993 2712 4043 πάντα
2738 3988 2910 4057 Θεός;

726 4067 864 4122 cus?
1852 4071 1862 4084 ’

746 4155 978 4214 ALIUD.
1037 4157 1095 4214 Si
1144 4161 1238 4217 lux
1311 4165 1620 4222 secundum
1684 4178 1937 4225 naturam
1999 4186 2122 4227 cum
2184 4175 2256 4231 sit

2424 4173 2629 4225 AAAU.
2660 4172 2723 4226 Ei
2764 4171 2879 4239 φῶς
2916 4172 3057 4225 κατὰ
3088 4170 3246 4241 φύσιν
3279 4170 3407 4226 ὄντα
3434 4171 3527 4226 τὸν
3558 4170 3712 4237 Υίόν,
3742 4172 3801 4225 tv
3829 4173 3949 4235 τοῖς

676 4247 876 4318 Filius,
914 4253 1058 4309 inter
1091 4263 1377 4315 creaturas
1424 4269 1484 4314 ut
1514 4271 1759 4318 creatum
1794 4263 1888 4320 Dei
1926 4266 2099 4323 hostis
2132 4284 2256 4325 esse

2354 4264 2599 4329 γενητοῖς
2629 4260 2701 4323 ὡς
2729 4260 2953 4329 γενητὸν
2976 4262 3003 4314 ό
3029 4260 3297 4332 θεομάχος
3318 4258 3460 4315 εἷναί
3492 4278 3649 4334 φησι,
3668 4260 3737 4315 τὰ
3762 4262 3948 4330 φωτὸς

674 4344 771 4404 ait,
790 4343 1183 4401 illuminanteut
1203 4364 1265 4402 ea
1292 4365 1414 4420 quae
1429 4353 1566 4409 lucis
1583 4354 1857 4426 indigent;
1880 4357 2111 4426 primum
2131 4361 2255 4431 qui-

2353 4349 2651 4419 δεδεημένα
2684 4348 2985 4416 φωτίζοντα
3021 4366 3033 4377 ·
3086 4350 3302 4420 πρῶτον
3329 4351 3430 4421 μὲν
3464 4352 3629 4416 αὑτὸς
3678 4353 3945 4423 ὑπάρχων

674 4432 796 4487 dem
825 4434 939 4503 ipse
964 4434 1019 4487 in
1046 4436 1231 4506 Seipso
1251 4438 1588 4513 intelligetur
1609 4447 1898 4515 exsistere,
1920 4449 2115 4505 deinde
2139 4452 2253 4520 ipse

2354 4438 2409 4490 tv
2440 4437 2615 4507 ἐαυτῷ
2661 4437 3005 4509 νοηθήσεται,
3042 4434 3163 4493 εἶτα
3208 4438 3343 4511 πρὸς
3375 4438 3584 4510 τούτῳ,
3615 4442 3706 4493 καὶ
3767 4441 3936 4505 αὑτδς

673 4542 896 4596 quoque
929 4528 1200 4599 suiipsius
1255 4534 1528 4606 particeps
1576 4538 1779 4603 erit,et
1832 4539 1945 4605 lux,
1978 4542 2249 4611 siquidem

2354 4530 2546 4583 ἑαυτοῦ
2578 4530 2800 4601 μέτοχος
2819 4528 2994 4595 ἔσται,
3027 4530 3125 4583 καὶ
3159 4529 3301 4603 φῶς,
3333 4533 3489 4603 είπερ
3510 4532 3585 4585 ὢν
3623 4534 3681 4585 tv
3707 4536 3817 4597 τοῖς
3837 4550 3940 4602 γε·

671 4618 947 4676 exsistens
976 4620 1030 4675 in
1068 4621 1233 4677 rebus
1259 4626 1480 4689 creatis,
1511 4644 1653 4683 unus
1680 4645 1922 4701 quoque,
1966 4649 2029 4686 ex
2057 4648 2245 4687 earum
2280 4635 2317 4689 Ι]

2290 4635 2322 4689 [)
2356 4624 2615 4692 νομένοις,
2667 4620 2747 4689 εἷς
2781 4626 2874 4678 καὶ
2914 4624 3077 4689 αὑτὸς
3118 4626 3174 4693 ἐξ
3218 4626 3398 4679 αὐτῶν
3434 4626 3703 4697 ὑπάρχειν
3729 4626 3936 4696 ὑπολη-

674 4725 905 4765 numero
951 4727 1073 4768 esse
1123 4714 1240 4785 ipse
1274 4719 1608 4775 censebitur.
1654 4720 1760 4777 Sed
1806 4722 1955 4777 videt
1999 4724 2247 4781 eruditus

2350 4719 2635 4789 φθήσεται.
2688 4716 2827 4770 Ἀλλ’
2883 4717 2987 4789 ὁρᾷ
3030 4734 3131 4771 που
3180 4717 3397 4780 πάντως
3434 4719 3462 4770 ὁ
3500 4719 3938 4787 πεπαιδευμένος

670 4801 838 4856 corde
901 4802 956 4857 in
1012 4805 1302 4874 sapientia,
1342 4809 1491 4863 sicut
1528 4811 1794 4880 scripturn
1850 4820 1936 4869 est
1977 4814 2040 4878 ¹⁸,
2081 4830 2246 4884 quam

2346 4814 2444 4884 τὴν
2473 4811 2697 4884 καρδίαν
2732 4811 2789 4865 tv
2834 4811 3015 4883 σοφίᾳ,
3061 4810 3239 4873 καθὼς
3272 4813 3583 4882 γέγραπται
3610 4852 3623 4876 ,
3664 4812 3795 4880 ὅσην
3822 4811 3936 4879 ἔχει

670 4895 741 4950 sit
792 4895 1090 4951 absurdum
1150 4899 1205 4953 id
1272 4901 1327 4956 in
1388 4904 1632 4957 animum
1700 4904 1978 4960 inducere.
2043 4905 2244 4973 Igitur,

2346 4906 2444 4975 τὴν
2476 4904 2702 4959 ἀτοπίαν
2742 4904 2803 4957 τὸ
2844 4904 2986 4957 οὑτω
3023 4907 3181 4958 νοεῖν.
3215 4904 3421 4958 Οὐκοῦν
3469 4906 3517 4957 εί
3558 4904 3835 4971 μεθεκτῶς
3872 4906 3935 4956 tv

670 4987 715 5041 si
746 5003 840 5058 per
879 4990 1359 5061 participationem
1392 4994 1447 5050 in
1478 4997 1748 5051 creaturis
1770 5005 1855 5053 est
1882 4995 2118 5053 Verbum
2150 5016 2244 5056 eas

2345 4999 2457 5059 τοῖς
2482 4998 2729 5065 γενητοῖς
2768 4997 2912 5048 ἐστιν
2963 4998 2992 5050 ὁ
3042 4994 3291 5064 φωτίζων
3331 4996 3469 5050 αὑτά
3514 4998 3704 5065 Λόγος,
3730 4998 3829 5049 οὑκ
3870 4998 3932 5048 tv

670 5076 1011 5141 illuminans,
1046 5095 1156 5135 non
1185 5083 1289 5136 crit
1320 5083 1501 5153 ipsum
1525 5102 1746 5156 quoque
1781 5088 1835 5141 in
1868 5088 1940 5143 iis
1969 5104 2090 5158 qua:
2121 5106 2245 5160 par-

2350 5090 2460 5151 τοῖς
2500 5087 2782 5158 μετέχουσι
2830 5088 2921 5140 καὶ
2957 5086 3347 5156 φωτιζομένοις
3398 5086 3550 5138 ἔσται
3601 5088 3693 5139 καὶ
3746 5089 3927 5151 αὐτὸς,

669 5168 905 5237 ticipant
955 5177 1011 5224 et
1068 5172 1476 5237 illuminantur,
1532 5176 1627 5231 sed
1682 5177 1831 5233 aliud
1869 5180 2129 5234 nimirum
2174 5181 2243 5235 ab

2350 5181 2464 5235 ἀλλ’
2504 5181 2691 5249 ἕτερος
2727 5178 2968 5250 δηλονότι
3012 5179 3139 5247 παρ’
3170 5178 3371 5233 ἐκεῖνα.
3408 5178 3471 5230 Et
3516 5178 3572 5231 δὲ
3606 5177 3795 5242 τοῦτο,
3832 5181 3932 5233 ούκ

669 5260 827 5327 ipsis.
870 5260 1028 5328 Quod
1069 5264 1117 5319 si
1158 5265 1230 5319 ita
1264 5272 1371 5328 est,
1406 5281 1516 5319 non
1555 5267 1661 5321 erit
1688 5284 1820 5339 ergo
1852 5279 2116 5331 creatum.
2146 5271 2240 5327 sed

2348 5274 2455 5343 ἄρα
2483 5271 2727 5343 γενητὸς,
2761 5271 2874 5324 ἀλλ’
2912 5272 2987 5334 ὡς
3022 5268 3136 5338 φῶς
3176 5270 3314 5322 κατά
3359 5270 3540 5339 φύσιν,
3579 5273 3671 5324 καὶ
3712 5272 3845 5335 Θεὸς
3870 5276 3930 5325 ὲν

670 5351 862 5425 υιηιυι
898 5355 1203 5409 secundum
1240 5366 1516 5422 naturam,
1549 5367 1603 5412 et
1639 5357 1780 5415 Deus
1814 5362 1866 5414 in
1898 5362 1966 5417 iis
1992 5378 2113 5429 qua:
2155 5364 2241 5416 lu.

1340 5371 1516 5422 uram,
1549 5367 1603 5412 et
1639 5357 1780 5415 Deus
1814 5362 1866 5414 in
1898 5362 1966 5417 iis
1992 5378 2113 5429 qum
2155 5364 2241 5416 luo
2346 5367 2457 5427 τοῖς
2486 5362 2661 5433 φωτὸς
2698 5361 2986 5431 δεομένοις-

667 5443 749 5497 cis
782 5443 1048 5516 indigent.

742 5531 968 5588 ALIUD.
1015 5533 1071 5588 Si
1114 5549 1224 5588 non
1256 5550 1320 5589 ex
1356 5536 1665 5594 substantia
1697 5540 1787 5596 Dei
1829 5559 1891 5599 ac
1948 5544 2125 5599 Patris
2156 5554 2240 5599 est

2417 5546 2619 5599 ΔΛΛΟ.
2646 5545 2710 5600 hi
2738 5545 2812 5615 μὴ
2842 5547 2903 5596 ἐκ
2942 5545 3042 5615 τῆς
3071 5544 3259 5606 οὑσίας
3299 5543 3391 5596 τοῦ
3430 5544 3563 5597 θεοῦ
3597 5544 3690 5597 καὶ
3718 5529 3933 5616 Πατρός

671 5621 865 5688 Filius,
909 5624 1006 5680 sed
1053 5625 1402 5683 extrinsecus
1436 5638 1511 5693 ut,
1551 5630 1628 5685 illi
1665 5631 1772 5704 56
1824 5638 2028 5703 volunt,
2060 5639 2235 5708 ipsum

2347 5637 2495 5690 ἔστιν
2516 5640 2543 5690 ὁ
2570 5636 2715 5703 Υἱὸς,
2742 5635 2939 5703 ἔξωθεν
2964 5635 3019 5689 δὲ
3038 5636 3200 5690 αὑτὸν
3227 5638 3346 5689 κατ’
3366 5635 3604 5699 ἐκείνους
3629 5636 3930 5706 ὑπέστησε*

710 5800 752 5831 ¹³
797 5799 955 5853 Prov.
996 5815 1121 5865 ut,
1156 5798 1255 5860 20.
1292 5802 1379 5857 21.
