4168 6564
638 422 711 477 99
1623 417 1679 472 S.
1717 414 1987 472 CYRILLI
2026 407 2493 469 ALEXANDRINI
2532 402 2854 463 ARCHIEP.

3782 410 3913 465 £007

714 533 945 590 ALIUD.
983 531 1141 599 Quod
1172 532 1347 586 lucem
1385 530 1697 601 participat,
1731 546 1839 585 non
1868 537 1953 585 est
2000 527 2216 599 proprie

2390 522 2590 574 ᾹΛΔΟ.
2626 521 2698 572 Τὸ
2726 520 2840 588 φῶς
2887 516 3127 590 μετέχων
3159 516 3252 589 [αι.
3283 519 3459 589 φωτὸς
3491 521 3760 595 μετέχονῙ,
3790 526 3901 577 οὐκ

641 630 766 696 lux;
799 627 944 682 aliud
975 627 1118 681 enim
1150 623 1429 694 quoddam
1480 623 1538 677 in
1584 623 1705 692 ipso
1739 637 1861 679 esse
1884 622 2120 677 videtur.
2158 618 2215 674 Si

641 738 773 792 ergo
806 717 1281 776 communicabilis
1332 714 1611 770 creaturis
1648 721 1732 770 est
1759 713 1949 777 Filius,
1986 722 2046 768 ut
2097 712 2215 777 lux,

642 816 896 869 diversus
921 810 1025 865 erit
1051 809 1120 863 ab
1147 808 1218 864 iis
1245 822 1366 878 quae
1394 806 1729 877 participant
1769 806 1973 876 ipsum,
2001 814 2054 860 et
2078 804 2217 858 lucis

644 905 908 973 indigent.
954 901 1125 971 Igitur
1170 917 1279 954 non
1328 907 1414 954 est
1470 908 1725 961 creatus,
1769 912 1949 967 neque
2012 902 2073 950 ut
2128 910 2218 949 res

641 1003 839 1049 creata:
871 993 940 1047 ab
974 992 1084 1047 alio
1120 990 1423 1045 illuminari
1453 990 1719 1059 postulat.
1755 986 1901 1043 Deus
1925 988 2131 1057 itaque,
2164 994 2219 1040 et

643 1084 954 1137 illuminare
991 1082 1155 1153 potis.
1187 1078 1344 1146 Quod
1377 1080 1422 1134 si
1470 1081 1547 1133 ita
1587 1085 1694 1144 est,
1719 1079 1881 1133 etiam
1935 1092 1999 1131 ex
2037 1077 2219 1131 Patris

641 1175 953 1231 substantia
1013 1173 1232 1242 genitus
1292 1171 1655 1240 intelligetur,
1708 1168 1982 1240 siquidem
2050 1183 2218 1222 unum

641 1268 943 1322 adoramus
998 1264 1202 1320 Deum.
1267 1278 1369 1318 nec
1434 1263 1667 1318 alterum
1733 1261 1801 1316 ab
1855 1274 1921 1316 eo
1980 1260 2071 1330 qui
2136 1267 2221 1315 est

642 1361 899 1416 colimus.

715 1449 945 1503 ALIUD.
969 1449 1171 1503 Rerum
1195 1455 1449 1503 naturam
1480 1445 1796 1516 diligentius
1820 1443 2220 1507 examinantes,

646 1542 817 1597 Deum
842 1543 1090 1597 videmus
1117 1550 1169 1595 et
1203 1548 1533 1605 creaturam,
1566 1546 1822 1607 praeterea
1856 1536 2012 1591 nihil.
2039 1536 2225 1601 Quod-

646 1649 864 1703 cunque
891 1633 1034 1686 enim
1067 1630 1211 1685 Deus
1241 1646 1349 1684 non
1386 1637 1472 1684 est
1501 1636 1703 1682 natura
1733 1642 1854 1695 sua,
1882 1627 1987 1682 hoc
2034 1630 2223 1697 utique

646 1738 893 1784 creatum
934 1736 1038 1793 est,
1067 1735 1121 1782 et
1166 1725 1312 1796 quod
1366 1726 1470 1780 sub
1503 1724 1839 1779 creationem
1886 1723 2083 1777 cadere
2118 1737 2224 1775 non

644 1826 847 1890 potest,
884 1819 1109 1873 omnino
1155 1833 1382 1872 necesse
1439 1825 1523 1871 est
1574 1817 1678 1871 hoc
1729 1832 1853 1872 esse
1895 1815 2085 1871 Deum.
2123 1816 2221 1869 His

645 1914 719 1967 ita
774 1912 878 1966 rite
913 1912 1241 1981 perspectis,
1269 1909 1639 1978 respondeant
1690 1910 1850 1964 nobis
1881 1910 1974 1979 qui
2022 1924 2052 1963 a
2091 1909 2222 1963 sub.
2254 1874 2294 1928 Β

645 2003 851 2057 stantia
888 2000 981 2054 Dei
1031 2016 1093 2053 ac
1132 2001 1309 2055 Patris
1351 1999 1547 2053 Filium
1589 2009 1895 2064 removent,
1947 1998 2223 2070 quomodo

648 2092 821 2162 possit
872 2092 1186 2145 illuminare
1236 2103 1294 2145 ut
1343 2092 1456 2155 lux,
1514 2106 1638 2145 cum
1702 2093 1820 2163 ipsa
1878 2094 2098 2162 propria
2150 2091 2224 2148 sit

650 2193 860 2238 natura:
892 2183 1095 2238 divinae
1125 2200 1225 2239 nec
1261 2185 1419 2239 alteri
1449 2186 1744 2240 tribuatur.
1806 2185 1961 2251 Quod
1997 2187 2041 2241 si
2072 2199 2225 2241 crea-

649 2287 741 2332 tus
778 2291 903 2330 cum
951 2276 1022 2330 sit
1047 2273 1240 2342 Filius,
1271 2277 1433 2331 etiam
1480 2277 1573 2330 lux
1607 2292 1729 2332 esse
1760 2284 1966 2346 potest,
1998 2276 2065 2331 ad
2098 2278 2227 2331 uni-

650 2384 842 2423 versas
871 2369 1062 2437 utique
1105 2384 1192 2422 res
1235 2378 1450 2423 creatas
1488 2369 1780 2439 pertinebit
1822 2369 1984 2424 istius
2018 2384 2225 2438 praero—

649 2460 844 2530 gativae
904 2460 1101 2529 gratia,
1133 2467 1405 2530 eruntque
1451 2460 1635 2515 omnia
1678 2461 1770 2515 lux
1821 2475 1920 2529 per
1947 2471 2223 2516 naturam.

650 2550 796 2616 Quid
825 2566 954 2621 ergo
985 2552 1068 2606 eis
1121 2565 1258 2621 opus
1303 2552 1409 2606 erit
1464 2551 1887 2622 participatione
1936 2551 2083 2613 Filii,
2136 2562 2229 2607 aut

654 2644 784 2713 quid
818 2644 943 2698 inde
979 2645 1060 2700 eis
1093 2644 1335 2707 accedet,
1367 2659 1492 2698 cum
1522 2654 1580 2698 ut
1629 2644 1742 2698 sint
1794 2645 1887 2697 lux
1920 2644 2227 2698 secundum

652 2750 808 2790 suam
860 2745 1113 2790 naturam
1158 2736 1293 2806 ipsae
1339 2751 1560 2807 quoque
1621 2736 1881 2799 habeant,
1912 2751 2022 2790 non
2071 2750 2230 2791 secus

652 2842 718 2881 ac
752 2825 962 2881 Filius?
998 2825 1105 2882 Sed
1152 2827 1504 2883 illuminante
1552 2841 1694 2896 opus
1745 2825 1911 2881 habet
1953 2834 2229 2891 creatura,

651 2935 777 2973 cum
814 2916 961 2974 istud
990 2934 1019 2972 a
1052 2934 1111 2973 se
1162 2934 1271 2973 non
1332 2919 1530 2974 habeat
1564 2936 1578 2971 :
1612 2917 1759 2973 Deus
1802 2917 1972 2989 igitur
2002 2925 2088 2973 est
2137 2933 2235 2987 per

654 3021 907 3067 naturam
943 3011 1142 3077 Filius,
1192 3022 1359 3083 atque
1409 3012 1620 3068 idcirco
1666 3012 1783 3078 lux,
1818 3019 1880 3066 ut
1932 3011 2025 3081 qui
2059 3010 2234 3080 possit

655 3104 969 3161 illuminare
996 3118 1061 3158 ea
1094 3119 1215 3173 quae
1248 3103 1388 3157 lucis
1420 3102 1690 3173 indigent.

727 3281 959 3337 ALIUD.
987 3282 1105 3337 Lux
1154 3282 1454 3337 secundmn
1501 3290 1752 3336 naturam
1808 3297 1963 3337 suam
1998 3297 2121 3336 cum
2165 3282 2236 3337 sit

657 3372 850 3442 Filius,
896 3384 991 3430 aut
1033 3376 1177 3429 alius
1220 3384 1304 3428 est
1364 3389 1393 3426 a
1443 3382 1722 3437 creatura,
1780 3389 1976 3443 nempe
2027 3374 2238 3429 ratione

654 3470 933 3534 essentia},
959 3478 1053 3522 aut
1098 3467 1345 3537 ejusdem
1396 3482 1520 3521 cum
1581 3467 1700 3536 ipsa
1751 3474 1984 3522 naturae.
2018 3464 2075 3537 Si
2107 3481 2237 3537 ergo

654 3561 904 3629 ejusdem
976 3560 1196 3631 generis
1254 3564 1339 3614 est
1407 3573 1471 3613 ac
1527 3559 1871 3624 substantiae,
1913 3558 2141 3617 frustra,
2179 3567 2239 3612 ut

657 3651 897 3714 videtur,
922 3653 1081 3707 nobis
1112 3653 1189 3705 ait
1224 3669 1281 3706 ει
1306 3650 1424 3721 Ego
1454 3650 1548 3705 lux
1575 3651 1633 3705 in
1668 3652 1930 3705 mundum
1962 3650 2087 3705 veni
2110 3650 2174 3706 ".
2213 3669 2231 3702 ι

656 3739 834 3795 liabet
863 3742 1011 3795 enim
1044 3741 1207 3795 etiam
1238 3756 1268 3794 a
1300 3756 1361 3795 se
1389 3750 1643 3795 creatura
1700 3739 1845 3805 quod
1878 3740 1966 3794 lux
1990 3741 2063 3795 sit
2097 3756 2109 3792 :
2142 3741 2234 3794 lux

661 3839 843 3886 autem
904 3830 1043 3885 lucis
1099 3832 1380 3900 particeps
1418 3845 1543 3885 esse
1596 3845 1707 3884 non
1764 3830 1950 3893 debet,
1995 3838 2054 3884 ut
2109 3845 2239 3886 cen-

657 3928 847 3979 seatur
899 3936 1026 3976 esse
1065 3921 1176 3974 lux.
1216 3919 1333 3990 58
1358 3918 1451 3975 Sin
1504 3927 1687 3974 autem
1732 3920 1978 3989 ejusdem
2030 3929 2238 3975 natura!

660 4030 770 4070 non
802 4023 909 4080 est,
939 4012 1035 4068 sed
1067 4020 1321 4067 creatura
1354 4011 1499 4066 lucis
1531 4010 1756 4083 indiget,
1789 4027 1913 4065 cum
1955 4013 2191 4069 audierit
2220 4031 2235 4067 :

664 4126 683 4160 ι
724 4105 867 4173 Quid
903 4107 1050 4161 enim
1097 4105 1269 4161 habes
1322 4104 1468 4175 quod
1512 4119 1623 4159 non
1657 4105 1917 4175 accepisti
1946 4106 2029 4158 ὀἳ
2068 4126 2086 4157 ›
2139 4121 2236 4160 nc-

659 4198 910 4256 cessario
972 4198 1143 4268 igitur
1190 4207 1409 4252 creatus
1461 4211 1587 4253 esse
1636 4212 1748 4252 non
1802 4198 2004 4268 poterit
2041 4196 2237 4263 Filius,

660 4292 769 4348 sibi
820 4289 983 4345 simul
1019 4289 1295 4359 arripiens
1327 4287 1473 4358 quod
1506 4289 1793 4360 proprium
1838 4298 1925 4346 est
1972 4300 2240 4344 creaturae

659 4383 889 4437 bonum.
920 4380 1044 4435 Non
1095 4380 1242 4435 enim
1284 4389 1538 4434 creatura
1585 4380 1677 4434 qu
1728 4380 1834 4435 erit
1884 4389 2080 4435 natura
2117 4394 2237 4443 sua,

659 4472 760 4529 sed
784 4473 925 4527 lucis
957 4472 1141 4543 potius
1175 4472 1360 4542 indiga
1396 4479 1450 4526 et
1477 4473 1777 4542 particeps.

2315 612 2447 665 αὐτὸ
2480 613 2682 683 κυρίως
2718 611 2834 663 ἐστὶ
2855 610 2991 680 φῶς·
3028 611 3214 682 ἓτερον
3248 612 3355 683 γάρ
3378 630 3429 664 τι
3447 614 3691 684 ὑπάρχον
3712 615 3771 667 ἐν
3795 617 3903 670 αὸο

2317 705 2391 774 τῷ
2425 703 2692 772 φαίνεται·
2720 704 2768 755 εί
2785 703 2963 756 τοίνυν
2989 701 3249 772 μεθεκτὸς
3278 705 3305 756 6
3329 704 3459 767 Υίὸς
3484 707 3597 768 τοῖς
3620 709 3900 776 γενητοῖς,

2317 796 2392 860 ὡς
2425 796 2559 864 φῶς,
2586 795 2773 866 ἕτερος
2792 795 2857 849 ἂν
2881 794 2964 865 εῐη
2996 794 3147 865 παρὰ
3174 796 3243 847 τὰ
3272 796 3565 866 μετέχοντα
3589 796 3751 850 αὑτοῦ
3802 799 3903 849 καὶ

2318 888 2495 956 φωτὸς
2522 885 2770 957 δεόμενα·
2806 885 2999 939 οὐκοῦν
3046 888 3106 939 οὑ
3160 887 3408 956 γενητὸς,
3451 888 3561 940 οὐδ’
3591 887 3783 960 ὥσπερ
3829 890 3903 941 τὲ

2317 980 2518 1048 γενητὰ
2554 977 2883 1048 φωτίζεσθαι
2914 980 3041 1049 παρ’
3068 977 3252 1049 ἑτέρου
3286 979 3485 1048 ζητῶνο
3534 978 3663 1042 Θεὸς
3694 979 3751 1031 δὲ
3786 980 3903 1050 ἄρα

2316 1072 2521 1134 λοιπὸν,
2547 1071 2640 1123 καὶ
2670 1069 2925 1138 φωτίζειν
2962 1070 3277 1139 δυνάμενος.
3303 1071 3363 1123 Εἰ
3390 1071 3444 1123 δὲ
3477 1069 3654 1132 τοῦτο,
3683 1072 3906 1140 καὶτῆς

2318 1164 2411 1217 τοῦ
2468 1162 2681 1234 Πατρὸς
2724 1162 2913 1225 οὐσίας
2970 1160 3293 1230 ὲκπεφυκὼς
3351 1161 3691 1232 νοηθήσεται,
3740 1164 3905 1232 εἴπερ

2319 1255 2414 1308 ἕνα
2450 1254 2866 1326 προσκυνοῦμεν
2924 1254 3078 1319 Θεὸν,
3113 1254 3205 1308 καὶ
3258 1254 3357 1325 οὐχ
3386 1254 3557 1327 ἑτέρῳ
3608 1256 3714 1309 τινὶ
3746 1256 3909 1328 παρὰ

2321 1349 2410 1402 τὸν
2442 1348 2569 1401 ὄντα
2592 1348 2947 1418 λατρεύομεν.

2390 1440 2593 1493 ΑΛΛΟ.
2627 1440 2735 1509 Τὴν
2766 1439 2873 1492 τῶν
2888 1440 3054 1492 ὄντων
3090 1439 3331 1510 ἀκριϐῶς
3354 1440 3697 1506 ἐξετάζοντες
3713 1442 3910 1511 φύσιν⁹

2322 1529 2453 1584 Θεὸν
2500 1530 2715 1602 ὁρῶμεν
2772 1532 2865 1585 καὶ
2911 1530 3124 1596 κτίσιν,
3173 1531 3269 1585 καὶ
3324 1532 3509 1604 ἕτερον
3551 1534 3643 1586 ἐπὶ
3690 1534 3913 1597 τούτοις

2323 1622 2496 1675 οὐδέν·
2533 1623 2562 1676 ὃ
2599 1622 2706 1694 γὰρ
2741 1622 2807 1677 ἂν
2848 1624 3054 1696 ἐκπέσῃ
3086 1624 3178 1678 τοῦ
3206 1619 3343 1678 εῖναι
3374 1625 3506 1689 Θεὸς
3539 1627 3682 1680 κατὰ
3715 1626 3911 1696 φύσιν,

2323 1713 2481 1766 τοῦτο
2506 1713 2723 1777 πάντως
2750 1716 2865 1767 ἐστὶ
2891 1716 3135 1787 γενητόν’
3181 1716 3273 1769 καί⁸
3303 1717 3439 1789 ὅπερ
3470 1716 3536 1771 ἂν
3558 1718 3649 1770 τὸν
3676 1717 3771 1771 τοῦ
3800 1735 3914 1771 πε-

2328 1807 2582 1878 ποιῆσθαι
2626 1808 2892 1880 διαφεὺγῃ
2946 1809 3138 1877 λόγον,
3175 1809 3333 1863 τοῦτο
3365 1812 3458 1864 καὶ
3513 1810 3645 1866 εἴσω
3686 1812 3915 1876 πάντως

2324 1900 2441 1953 ἐστὶ
2471 1901 2576 1954 τῶν
2601 1900 2699 1971 τῆς
2725 1900 2976 1971 θεότητος
2995 1901 3157 1970 ὅρων.
3190 1901 3317 1955 Ὅτε
3348 1902 3524 1957 τοίνυν
3564 1902 3761 1974 ἄριστά
3786 1922 3912 1967 πως

2322 1993 2391 2046 τὰ
2436 1992 2659 2046 τοιαῦτα
2702 1993 3092 2064 διεσκέμμεθα,
3131 1994 3397 2061 λεγόντων
3445 1996 3576 2064 ἡμῖν
3608 1998 3655 2049 οί
3686 2000 3784 2066 τῆς
3808 1996 3912 2050 τοῦ

2324 2086 2457 2139 Θεοῦ
2487 2086 2583 2140 καὶ
2616 2086 2829 2156 Πατρὸς
2871 2087 3058 2149 οὐσίας
3099 2086 3426 2153 ἐξωθοῦντες
3456 2086 3548 2140 τὸν
3578 2087 3710 2140 Υίόν
3735 2106 3747 2120 σ
3778 2088 3913 2151 Πῶς

2327 2180 2391 2234 ἂν
2411 2179 2624 2233 δύναιτο
2655 2180 2910 2249 φωτίζειν
2937 2179 3013 2242 ὡς
3041 2180 3174 2248 φῶς,
3208 2179 3339 2233 ἴδιον
3374 2179 3605 2250 ἐχούσης
3629 2181 3765 2234 αὐτὸ
3806 2182 3915 2251 τῆς

2328 2271 2476 2335 θείας
2500 2273 2733 2341 φύσεως,
2771 2272 2941 2342 ἑτέρῳ
2972 2271 3029 2324 δὲ
3063 2272 3499 2343 παραχωρούσης
3533 2273 3737 2341 οὑδενίς
3767 2275 3814 2326 εί
3847 2274 3913 2327 δὲ

2327 2365 2551 2436 γενητὸς
2598 2365 2857 2436 ὑπάρχων
2899 2367 2927 2418 6
2968 2365 3133 2433 Υἱὸς,
3182 2368 3277 2420 καὶ
3327 2367 3441 2436 φῶς
3486 2364 3623 2422 εἶναι
3662 2369 3910 2435 δύναται,

2329 2458 2524 2527 φθάσει
2588 2457 2650 2529 δὴ
2726 2458 2941 2523 πάντως
3013 2460 3103 2512 ἐπὶ
3166 2461 3345 2514 πάντα
3416 2461 3484 2514 τὰ
3552 2468 3756 2534 γενητὰ
3812 2464 3913 2517 τοῦ

2330 2549 2806 2620 πλεονεκτήματος
2843 2552 3086 2622 ήχάρις,
3122 2552 3273 2605 ἔσται
3310 2552 3366 2605 δὲ
3399 2553 3575 2607 πάντα
3609 2554 3725 2621 φῶς
3768 2557 3915 2609 κατὰ

2332 2639 2515 2710 φύσιν.
2547 2640 2642 2702 Τίς
2675 2636 2768 2693 οὖν
2806 2640 2991 2702 αὐτοῖς
3016 2642 3095 2695 ἔτι
3128 2642 3283 2714 χρεία
3308 2643 3543 2714 τῆς⁰τοῦ
3587 2644 3718 2698 Υίοῦ
3753 2663 3915 2716 μετο-

2331 2732 2453 2802 χῆς,
2488 2732 2602 2803 ἥτί
2631 2733 2693 2786 τὸ
2720 2732 2881 2786 πλέον
2926 2732 3175 2786 ἐντεῦθεν
3214 2736 3525 2806 εὑρήσουσι,
3562 2738 3704 2790 κατὰ
3751 2737 3916 2807 φύσιν

2332 2822 2522 2893 ἔχοντα
2564 2824 2818 2878 καὶαὺτὰ
2868 2824 2927 2877 τὸ
2958 2819 3099 2878 εἶναι
3139 2825 3287 2894 φῶς,
3331 2825 3521 2899 ὥσπερ
3563 2824 3655 2882 οὖν
3684 2829 3914 2900 ἀμέλει,

2334 2915 2427 2968 καὶ
2455 2915 2581 2979 Υἱὸς
2609 2918 2665 2969 ὲν
2711 2918 2920 2977 ἑαυτοῖς
2953 2915 2969 2987 [
2998 2934 3087 2985 γρ.
3124 2918 3301 2988 ἑαυτῷ
3323 2917 3379 2989 ];
3426 2918 3584 2972 Ἀλλὰ
3607 2920 3797 2991 χρῄζει
3820 2920 3916 2975 τοῦ

2336 3006 2712 3079 φωτίζοντοςή
2744 3010 2946 3075 κτίσις,
3005 3010 3211 3063 οἴκοθεν
3234 3012 3331 3065 οὐκ
3360 3012 3558 3082 ἔχουσα
3590 3014 3765 3069 τοῦτο.
3785 3016 3919 3080 Θεὸς

2336 3098 2442 3170 ἄρα
2470 3098 2608 3152 κατὰ
2640 3100 2799 3168 φύσιν
2828 3102 2855 3153 6
2887 3100 3034 3168 Υἱὸς,
3076 3102 3169 3155 καὶ
3214 3102 3301 3155 διὰ
3350 3103 3507 3156 τοῦτο
3555 3105 3689 3173 φῶς,
3724 3107 3798 3171 ὡς
3850 3108 3919 3160 τὰ

2261 3204 2305 3261 c
2340 3189 2513 3259 φωτὸς
2544 3190 2772 3259 δεόμενα
2802 3191 3056 3259 φωτίζειν
3085 3194 3397 3264 δυνάμενος.

2409 3282 2610 3334 ΑΛΛΟ.
2636 3282 2752 3344 Φῶς
2776 3283 2914 3336 κατὰ
2947 3284 3107 3352 φύσιν
3138 3288 3396 3357 ὑπάρχων
3424 3291 3451 3341 6
3478 3289 3625 3352 Υἱὸς,
3674 3290 3705 3360 ἧ
3733 3289 3921 3360 ἕτερός

2338 3374 2453 3426 ἐστι
2488 3373 2636 3444 παρὰ
2658 3373 2755 3444 τὴν
2780 3375 2971 3441 κτίσιν,
3008 3376 3167 3447 δῆλον
3188 3378 3243 3430 δὲ
3279 3380 3361 3432 ὅτι.
3390 3379 3531 3434 κατὰ
3559 3381 3649 3434 τὸν
3681 3382 3773 3435 τοῦ
3802 3382 3921 3446 πῶς

2339 3461 2475 3517 εἶναι
2503 3466 2679 3533 λόγον,
2718 3467 2750 3536 ἦ
2785 3468 3028 3538 ὁμοφυὴς
3062 3471 3219 3541 αὐτῇ.
3272 3472 3330 3524 E3
3374 3473 3473 3543 μὲν
3523 3470 3615 3527 οὖν
3650 3476 3924 3545 ὁμογενὴς

2340 3560 2566 3611 ἐστικαὶ
2597 3558 2898 3629 ὁμοούσιος,
2922 3561 3115 3633 μάτην,
3144 3562 3218 3625 ὼς
3270 3563 3463 3631 ἔοικεν,
3515 3568 3646 3636 ἡμῖν
3699 3567 3925 3636 ἐπεφοί-

2337 3664 2468 3717 τησε
2505 3647 2677 3715 λέγων
2708 3663 2721 3677 ·
2759 3667 2777 3700 ι
2802 3647 2943 3716 Ἐγὼ
2967 3650 3082 3716 φῶς
3120 3652 3199 3713 είς
3245 3650 3337 3704 τὸν
3364 3653 3567 3723 κόσμον
3608 3654 3866 3725 ἐλήλυθα·
3894 3674 3915 3708 ι

2339 3740 2453 3810 ἔχει
2485 3738 2594 3811 γὰρ
2636 3743 2670 3813 ἡ
2707 3742 2884 3805 κτίσις
2930 3742 3140 3796 οἴκοθεν
3179 3744 3239 3797 τὸ
3266 3746 3382 3813 φῶς
3430 3741 3570 3799 εἶναι
3602 3748 3697 3800 καὶ
3732 3748 3871 3818 αὑτὴ
3903 3764 3919 3779 ο

2340 3831 2455 3902 φῶς
2483 3833 2539 3885 δὲ
2567 3833 2743 3902 φωτὸς
2791 3831 3077 3903 ἀμέτοχον.
3126 3834 3214 3888 ἵνα
3241 3836 3428 3904 νοῆται
3463 3837 3596 3905 φῶς
3647 3839 3696 3889 εί
3733 3838 3790 3890 δὲ
3817 3838 3925 3891 οὐκ

2339 3924 2487 3978 ἔστιν
2521 3924 2788 3995 ὁμοφυὴς,
2835 3925 3005 3978 δεῖται
3031 3925 3087 3979 δὲ
3118 3925 3293 3994 φωτὸς
3329 3928 3361 3997 ὴ
3395 3928 3568 3991 κτίσις
3614 3928 3924 3992 ἀκούσασα,

2346 4038 2364 4069 ι
2405 4016 2471 4069 Τί
2507 4017 2616 4085 γὰρ
2645 4016 2809 4087 ἔχεις,
2844 4017 2872 4070 ὃ
2900 4019 2999 4071 οὐκ
3048 4018 3257 4086 ἔλαϐες,
3300 4038 3319 4071 ι
3364 4020 3675 4088 ἀναγκαίως
3719 4021 3819 4092 ἤδη
3854 4018 3925 4074 τὸ

2340 4102 2478 4160 εῖναι
2511 4108 2735 4177 γενητὸς
2761 4110 2789 4160 ὁ
2818 4108 2944 4170 Υίὸς
2977 4108 3339 4177 διαφεύξεται,
3375 4109 3707 4173 συνεξέλκων
3733 4110 3921 4181 ἑαυτῷ

2338 4199 2437 4269 τῆς
2473 4200 2701 4263 κτίσεως
2742 4201 2802 4254 τὸ
2832 4201 2960 4256 ίδιον
2994 4202 3215 4271 ἀγαθόν’
3245 4204 3304 4255 οὐ
3337 4202 3445 4274 γὰρ
3475 4205 3507 4274 ὴ
3542 4204 3720 4267 κτίσις
3764 4202 3923 4257 ἔσται

2339 4290 2480 4344 κατὰ
2514 4290 2675 4359 φύσιν
2724 4291 2783 4346 τὸ
2817 4292 2951 4363 φῶς,
3009 4295 3187 4364 φωτὸς
3222 4294 3279 4349 δὲ
3318 4295 3517 4365 μᾶλλον
3556 4295 3778 4367 δεομένη
3825 4296 3925 4350 καὶ

2344 4382 2583 4453 μέτοχος.

734 4561 964 4619 ALIUD.
1004 4561 1061 4617 Si
1116 4562 1256 4616 nihil
1310 4562 1577 4633 sniipsius
1638 4571 1724 4619 est
1774 4563 2084 4634 particeps,
2142 4563 2231 4618 sed

2411 4562 2620 4618 AAAO.
2660 4562 2725 4616 Εἰ
2766 4561 2920 4615 οὐδὲν
2978 4559 3171 4615 ἑαυτοῦ
3222 4562 3465 4633 μέτοχον,
3523 4562 3739 4635 μετέχει
3786 4562 3843 4616 δὲ
3882 4565 3918 4633 ἡ

661 4662 917 4710 creatura
946 4652 1145 4707 Filium
1187 4661 1245 4706 ut
1286 4653 1462 4708 lucem
1488 4655 1832 4726 participat;
1861 4671 1970 4710 non
1998 4664 2081 4709 est
2109 4670 2239 4724 ergo

662 4748 780 4817 ipse
825 4754 1105 4810 creatura,
1138 4744 1233 4801 sed
1295 4761 1475 4801 neque
1526 4755 1781 4801 creatura
1828 4747 1944 4811 lux,
1978 4746 2123 4817 quod
2158 4755 2241 4799 ta-

663 4851 785 4891 men
812 4844 897 4891 est
927 4834 1125 4891 Filius.

730 4926 962 4982 ALIUD.
998 4925 1056 4981 Si
1114 4926 1264 4981 aliud
1319 4936 1403 4983 est
1464 4928 1801 4991 illuminare,
1837 4928 1986 4983 aliud
2035 4928 2238 4983 illumi-

662 5015 807 5080 nari,
843 5015 988 5069 sicut
1019 5030 1180 5085 agere
1220 5024 1274 5070 et
1305 5018 1439 5084 pati,
1471 5026 1525 5071 et
1575 5018 1850 5071 illuminat
1894 5018 2112 5088 quidem
2144 5017 2240 5072 Fi-

663 5106 791 5166 lius,
825 5105 1172 5158 illuminatur
1223 5113 1404 5160 autem
1444 5116 1698 5160 creatura
1732 5124 1744 5159 :
1779 5121 1888 5161 non
1924 5121 2055 5175 ergo
2096 5106 2239 5161 idem

661 5207 748 5251 cst
781 5195 956 5251 Filius
982 5204 1037 5251 et
1060 5204 1340 5261 creatura,
1368 5204 1427 5251 ut
1464 5212 1643 5266 neque
1671 5195 1724 5251 id
1756 5197 1902 5267 quod
1945 5198 2056 5267 agit
2099 5198 2238 5252 idem

661 5299 745 5343 est
776 5303 899 5342 cum
925 5302 993 5341 eo
1028 5288 1174 5359 quod
1205 5289 1406 5359 agitur.

654 5446 661 5449 _
734 5378 775 5433 ι.
820 5379 870 5432 5.
901 5381 969 5432 Et
995 5377 1089 5431 tua:
1118 5380 1171 5431 in
1202 5378 1425 5432 tenebris
1460 5377 1619 5441 lucet,
1648 5386 1696 5432 et
1741 5377 1965 5433 tenebra:
1994 5394 2109 5432 eam
2129 5396 2244 5435 .nan

662 5472 1187 5538 comprehendermzt.

734 5558 1061 5615 Necessario
1139 5558 1299 5612 nobis
1384 5558 1827 5629 sapientissimus
1899 5562 2236 5631 evangelista

664 5653 1065 5723 pracedentem
1098 5649 1407 5705 doctrinam
1436 5651 1711 5721 explicare
1749 5654 1853 5707 hoc
1888 5654 2009 5709 loco
2044 5670 2236 5728 aggre-

735 5832 780 5869 ”
817 5833 980 5889 Joan.
1015 5851 1128 5903 xu,
1162 5834 1251 5889 46.
1328 5836 1371 5867 ὀ
1414 5834 1586 5891 ICor.
1627 5851 1715 5904 tv,
1751 5834 1811 5888 Ἰν

2342 4651 2517 4715 κτίσις
2553 4651 2628 4715 ὡς
2673 4652 2849 4720 φωτὸς
2892 4651 2985 4706 τοῦ
3030 4652 3180 4705 Υίοῦ·
3229 4654 3329 4706 οὐκ
3357 4652 3466 4725 ἄρα
3516 4654 3693 4718 κτίσις
3725 4654 3917 4718 αὐτὸς,

2341 4745 2456 4799 ἀλλ’
2479 4744 2599 4798 οὐδὲ
2628 4747 2660 4815 ἡ
2692 4745 2868 4808 κτίσις
2900 4745 2960 4797 τὸ
2992 4746 3126 4815 φῶς,
3159 4746 3297 4815 ὅπερ
3325 4745 3473 4799 ἐστὶν
3508 4746 3537 4798 6
3567 4746 3717 4809 Υἱός.

2414 4925 2616 4978 ΔΛΛΟ.
2666 4924 2732 4977 El.
2774 4922 2836 4977 τὸ
2895 4922 3147 4992 φωτίζειν
3204 4922 3411 4993 ἕτερον,
3473 4921 3657 4992 ἕτερον
3699 4920 3757 4974 δέ
3806 4920 3922 4973 ἐστι

2335 5017 2397 5070 τὸ
2437 5015 2801 5086 φωτίζεσθαι,
2846 5015 2922 5079 ὡς
2970 5015 3218 5086 ἐνέργεια
3250 5014 3345 5067 καὶ
3390 5014 3593 5077 πάθος,
3626 5014 3721 5067 καὶ
3753 5011 3921 5080 φωτί-

2337 5109 2420 5174 ζει
2450 5109 2547 5180 μὲν
2574 5109 2603 5162 6
2633 5108 2779 5171 Υἱὸς,
2809 5108 3101 5177 φωτίζεται
3134 5107 3245 5177 δὲὴ
3287 5105 3483 5169 κτίσις·
3515 5105 3615 5159 οὐκ
3645 5104 3752 5177 ἄρα
3782 5121 3919 5158 ταυ-

2337 5198 2429 5253 τὸν
2461 5198 2591 5262 Υίὸς
2634 5199 2728 5253 καί⁵
2748 5197 2945 5263 κτίσις,
2980 5199 3104 5251 ἐπεὶ
3131 5196 3265 5269 μηδὲ
3288 5198 3349 5250 τὸ
3386 5195 3644 5268 ἐνεργοῦν
3668 5194 3745 5266 τῷ
3771 5196 3921 5267 svsp-

2340 5307 2438 5360 γου
2448 5289 2613 5360 μένῳ.

2413 5383 2521 5436 Kal
2554 5382 2620 5436 τὸ
2643 5382 2770 5451 φῶς
2797 5383 2863 5435 ἐν
2894 5380 2968 5450 τῇ
3005 5380 3466 5450 σκοτίᾳιφαίνει,
3502 5379 3599 5434 καί
3636 5381 3673 5448 ἠ
3710 5380 3923 5437 σκοτία

2342 5471 2489 5527 αὐτὸ
2516 5474 2587 5526 οὑ
2615 5473 2963 5526 κατέλαϐεν.
3832 5512 3833 5515 η

2426 5564 2766 5633 ’Λναγκαίως
2799 5565 2929 5634 ἡμῖν
2968 5566 2997 5619 6
3036 5564 3346 5635 σοφώτατος
3389 5561 3778 5633 εὐαγγελιστὴς
3823 5560 3921 5632 τὴν

2344 5658 2403 5709 ὲν
2432 5660 2543 5721 τοῖς
2575 5656 2904 5728 προλαϐοῦσι
2935 5655 3168 5729 θεωρίαν
3192 5657 3548 5712 ὲκπλατύνειν
3572 5654 3666 5711 καὶ
3684 5653 3771 5708 διὰ
3811 5652 3922 5709 τῶν
