4168 6582
318 428 417 485 101

1402 432 1467 486 ΙΝ
1506 429 1792 488 JOANNIS
1827 430 2272 488 EVANGELIUM
2300 434 2428 490 LIB.
2474 435 2511 490 Ι.

3492 426 3596 499 ιιβ

316 550 709 622 προκειμένων
735 550 1029 619 ἐπείγεται.
1059 551 1132 604 Ού
1157 551 1264 623 γὰρ
1285 550 1453 621 δήπου
1478 552 1589 612 τοῖς
1618 547 1892 620 ἀκροωμέ⁴

2013 547 2179 603 ditur.
2214 547 2330 603 Non
2372 550 2519 603 enim
2556 551 2786 618 putabat
2819 550 3164 610 auditoribus
3210 557 3346 613 satis
3378 557 3493 613 fore
3527 562 3593 615 ad

318 658 434 707 -σιις
461 643 801 715 ἀποχρήσειν
820 641 1067 713 ἐνόμιζεν
1093 643 1173 705 είς
1196 642 1257 695 τὸ
1284 641 1544 695 δύνασθαι
1574 643 1714 695 νοεῖν
1737 641 1913 694 ἀπλα-

316 733 431 799 νῶς
470 736 601 807 περὶ
644 735 739 788 τοῦ
781 733 916 788 Θεοῦ
982 734 1155 801 Λόγου
1184 774 1198 797 ,
1241 734 1432 803 ὅτιπερ
1474 733 1644 796 δντως
1700 734 1815 787 ἐστὶ
1851 733 1912 786 τὺ

318 825 445 895 φῶς
513 828 622 880 τῶν
659 826 961 897 ἀνθρώπων
1005 825 1196 889 αὐτὸς,
1246 826 1331 879 διὰ
1365 824 1459 878 τοῦ
1500 826 1668 894 φάναι
1715 826 1909 896 μόνον’

325 936 345 966 ι
399 920 564 990 Καὶὴ
614 918 725 987 ζωὴ
757 914 825 988 ἦν
867 917 927 971 τὸ
956 917 1070 987 φῶς
1106 917 1213 971 τῶν
1260 917 1561 989 ἀνθρώπων
1587 935 1600 948 ο
1653 936 1671 969 ι
1708 913 1777 989 ἦν
1804 918 1912 989 γὰρ

319 1008 386 1078 δὴ
418 1008 727 1072 καὶείκδς,
776 1008 1264 1079 ἀναδειχθήσεσθαί
1319 1026 1472 1073 τινας
1532 1009 1911 1071 ἀϐασανίστως

318 1100 434 1152 τῶν
454 1100 763 1170 λεγομένων
786 1100 1105 1164 ἀκούοντας·
1129 1101 1223 1154 καὶ
1247 1100 1310 1171 δὴ
1334 1101 1429 1154 καὶ
1450 1100 1794 1172 πρεσϐεύειν,
1817 1100 1911 1152 καὶ

318 1191 547 1262 ἐτέρους
606 1192 878 1245 διδάσκειν
938 1193 1260 1262 ἐπιχειρεῖν,
1311 1192 1393 1245 ὅτι
1442 1192 1558 1261 φῶς
1600 1191 1699 1262 μὲν
1740 1192 1910 1254 ὅντως

317 1282 472 1335 ἐστὶν
502 1286 530 1336 ό
553 1283 644 1336 τοῦ
672 1282 807 1337 Θεοῦ
830 1283 1020 1352 Λόγος,
1046 1282 1186 1353 πλὴν
1208 1284 1267 1336 ού
1292 1284 1424 1336 πᾶσι
1450 1282 1627 1350 φωτὸς
1651 1284 1904 1353 χορηγός’

316 1372 437 1426 ἀλλ’
471 1368 551 1438 οἷς
583 1374 648 1428 ἂν
682 1374 841 1438 αὐτὸς
879 1374 1156 1446 βούληται,
1197 1374 1257 1426 τὸ
1286 1374 1386 1443 τῆς
1416 1374 1684 1436 συνέσεως
1734 1373 1908 1443 ἐνίησι

316 1465 460 1535 φῶς,
496 1467 806 1536 δοκιμάζων
840 1468 930 1519 τὸν
966 1467 1247 1537 ὀφείλοντα
1278 1466 1482 1529 λαϐεῖν,
1517 1468 1611 1519 καὶ
1643 1465 1746 1534 τῆς
1764 1464 1908 1517 οὕτω

314 1559 585 1631 λαμπρᾶς
623 1561 771 1627 ἀξιον
823 1560 953 1613 ὄντα
978 1561 1207 1629 δωρεᾶς
1245 1562 1278 1631 ἡ
1306 1561 1363 1613 δέ
1398 1577 1460 1628 γε
1492 1559 1599 1612 τῶν
1626 1558 1799 1614 ἄλλων
1823 1559 1908 1611 λο-

316 1650 498 1717 γικῶν
530 1654 844 1721 κτισμάτων
892 1651 1073 1721 φύσις,
1108 1651 1139 1719 ἢ
1171 1651 1230 1715 ἐξ
1256 1650 1472 1704 οίκείων
1504 1650 1694 1723 ὥσπερ
1743 1667 1905 1721 σπερ-

318 1740 534 1809 μάτων,
561 1742 658 1810 τὴν
696 1741 788 1794 ἐπὶ
818 1741 894 1811 τῷ
942 1741 1197 1794 δύνασθαι
1225 1741 1440 1809 φρονεῖν
1473 1740 1780 1810 ἐρανίζεται
1812 1740 1919 1793 δύι

262 1886 267 1889 .
313 1832 576 1903 ναμιν,ῆ
621 1832 895 1903 ἐντίθησιν
939 1834 1075 1903 αὐτῇ
1116 1831 1238 1885 νοῦν
1286 1832 1379 1884 καὶ
1440 1830 1652 1884 σύνεσιν
1704 1833 1733 1884 ὁ
1774 1831 1902 1894 Θεὸς

2014 650 2161 698 recte
2193 644 2604 715 intelligendum
2637 644 2727 699 Dei
2753 644 2993 701 Verbum
3031 662 3226 703 revera
3256 664 3382 705 esse
3414 651 3593 707 lucem

2012 734 2324 798 hominum,
2353 735 2399 790 si
2436 735 2703 789 duntaxat
2742 735 2951 792 diceret
2989 757 3003 793 :
3054 756 3073 791 ι
3122 738 3187 792 Et
3218 740 3329 794 vita
3355 752 3475 796 erat
3504 743 3595 797 lux

2012 824 2323 879 hominum.
2362 843 2380 875 ι
2420 824 2715 879 Probabile
2762 826 2906 880 enim
2958 836 3078 883 erat
3128 831 3346 886 futuros
3378 832 3595 902 aliquos

2011 920 2105 990 qui
2134 927 2340 974 temere
2363 927 2418 973 et
2450 918 2859 975 inconsiderate
2888 935 2950 974 ea
2983 937 3105 991 quae
3135 923 3400 978 dicuntur
3436 940 3596 995 cape-

2011 1018 2151 1069 rent.
2187 1010 2436 1080 aliosque
2467 1010 2727 1064 ducerent
2754 1026 2818 1065 ac
2852 1011 3133 1067 traderent
3170 1016 3344 1069 lucem
3374 1016 3593 1086 quidem

2012 1116 2203 1156 revera
2248 1117 2373 1158 esse
2408 1100 2504 1156 Dei
2538 1100 2812 1165 Verbum,
2860 1111 2917 1157 at
2980 1120 3091 1159 non
3141 1108 3402 1163 omnibus
3454 1109 3595 1164 lucis

2011 1190 2358 1260 largitorem,
2400 1191 2495 1247 sed
2530 1191 2733 1262 quibus
2763 1192 2892 1246 velit
2928 1194 3236 1263 prudentiae
3280 1197 3454 1252 lucem
3493 1199 3595 1251 im-

2012 1283 2253 1345 mittere,
2284 1298 2521 1354 eumque
2558 1287 2793 1355 probare
2825 1288 2917 1356 qui
2956 1287 3156 1357 dignus
3199 1290 3270 1343 sit
3307 1298 3421 1344 tam
3458 1292 3588 1345 illu-

2011 1374 2110 1430 stri
2144 1375 2288 1431 dono
2317 1395 2330 1430 :
2369 1384 2625 1432 caeterum
2660 1380 2891 1433 aliarum
2930 1389 3309 1436 creaturarum
3346 1384 3593 1438 rationa-

2010 1467 2142 1521 lium
2221 1476 2473 1522 naturam
2549 1478 2643 1524 aut
2709 1486 2777 1526 ex
2864 1473 3106 1542 propriis
3184 1473 3595 1542 quodanunedo

2009 1559 2316 1615 seminibus
2348 1560 2655 1629 prudentia:
2682 1562 2789 1617 vim
2836 1566 3111 1633 accipere,
3142 1574 3236 1618 aut
3276 1566 3592 1637 intelligen-

2008 1652 2138 1706 tiam
2193 1654 2243 1706 ei
2287 1653 2749 1724 prudentiamque
2800 1670 2831 1709 a
2875 1655 2984 1710 Deo
3028 1672 3092 1711 ac
3147 1656 3311 1713 Patre
3349 1658 3590 1724 immitti,

2007 1744 2167 1814 quasi
2216 1760 2324 1798 non
2383 1747 2558 1815 possit
2591 1746 2737 1801 istud
2792 1757 3058 1817 praestare
3107 1748 3302 1805 Filius.
3351 1748 3422 1804 Ut
3460 1766 3593 1822 ergo

2007 1832 2364 1886 manifestum
2405 1834 2581 1902 ﬁeret,
2615 1836 2791 1903 ipsum
2819 1835 2987 1890 Deum
3029 1835 3267 1893 Verbum
3306 1840 3358 1893 in
3392 1838 3503 1895 Deo
3528 1856 3591 1897 ac

314 1923 414 1975 καὶ
440 1919 655 1995 Πατὴρ,
686 1924 761 1987 ὡς
788 1926 887 1978 οὐκ
918 1923 1256 1993 ἐξισχύοντος
1278 1924 1433 1977 τοῦτο
1459 1923 1590 1993 δρᾷν
1620 1922 1713 1975 τοῦ
1747 1922 1892 1975 Υἰοῦ.

2003 1927 2165 1982 Patre
2189 1928 2356 1982 vitam
2389 1944 2513 1983 esse
2547 1937 2713 1999 atque
2744 1930 2944 1997 lucem,
2971 1947 3080 1985 non
3104 1933 3416 2003 aliquorum
3450 1936 3591 1988 dun-

317 2021 440 2076 Ἵνα
468 2019 648 2073 τοίνυν
680 2019 933 2089 φαίνηται
990 2017 1174 2087 σαφῶς
1203 2017 1364 2082 αὐτὸς
1400 2018 1427 2070 ό
1456 2016 1587 2080 Θεὸς
1623 2016 1811 2085 Λόγος,
1842 2017 1901 2079 ὃς

313 2109 385 2183 ἦν
425 2113 484 2164 ἐν
516 2109 635 2178 Θεῷ
685 2111 779 2163 καὶ
816 2111 1010 2179 ιῐατρὶ,
1042 2110 1135 2162 καὶ
1183 2108 1317 2180 ζωὴ,
1350 2110 1445 2164 καὶ
1480 2108 1615 2178 φῶς,
1645 2108 1706 2161 ού
1738 2108 1900 2162 τινῶν

317 2203 420 2272 μὲν
472 2201 576 2255 άνά
622 2199 808 2271 μέρος,
848 2200 1050 2270 ἐτέρων
1105 2199 1161 2252 δὲ
1195 2198 1401 2256 οὐκέτι.
1434 2198 1570 2254 ἀλλὰ
1600 2199 1743 2254 κατά
1779 2216 1899 2253 τινα

315 2294 611 2365 μετουσίας
640 2293 878 2364 ἄρρητον
920 2294 1141 2363 τρόπον,
1182 2293 1255 2357 ὡς
1313 2294 1475 2362 σοφία
1536 2294 1630 2347 καί⁹
1686 2293 1900 2356 σύνεσις

313 2388 477 2457 (ὅπερ
502 2386 648 2439 ἐστὶν
675 2386 731 2437 ἐν
759 2387 872 2448 τοῖς
900 2384 1138 2453 λογικοῖς
1162 2384 1221 2437 τὸ
1245 2385 1573 2455 καλούμενον
1593 2385 1753 2455 φῶς),
1775 2387 1899 2437 ἐαυ-

310 2478 404 2531 τὸν
433 2479 574 2542 ὅλοις
603 2480 714 2540 τοῖς
755 2472 872 2531 οὖσι
920 2477 1283 2548 καταμιγνὺς,
1318 2478 1403 2530 ἵνα
1449 2476 1797 2546 λογικεύηται
1830 2476 1899 2529 τὰ

307 2571 526 2640 λογικά,
559 2571 654 2627 καὶ
678 2570 938 2642 φρόνησιν
962 2570 1062 2643 ἔχῃ
1090 2571 1156 2624 τά
1190 2573 1502 2642 φρονήσεως
1535 2570 1778 2636 δεκτικά,
1799 2570 1898 2623 οὐκ

307 2664 377 2718 ἂν
410 2664 614 2735 ἑτέρως
664 2659 804 2717 εἶναι
833 2662 993 2717 τοῦτο
1028 2662 1325 2733 δυνηθέντα
1372 2663 1533 2716 ποτέ·
1584 2662 1898 2730 ἀναγκαίως

309 2759 501 2829 φησὶν,
540 2759 623 2811 δτι
652 2758 746 2811 καὶ
782 2776 800 2809 ι
830 2755 904 2810 Τὸ
929 2757 1042 2826 φῶς
1086 2759 1143 2810 ἐν
1174 2760 1240 2828 τῇ
1282 2756 1470 2825 σκοτία
1508 2754 1707 2824 φαίνει,
1745 2754 1893 2824 καὶὴ

311 2852 505 2905 σκοτία
520 2852 650 2906 αὐτὸ
669 2852 729 2905 οῦ
748 2850 1067 2905 κατέλαϐεν.
1094 2852 1297 2906 »Μόνον
1318 2849 1426 2921 γὰρ
1445 2849 1567 2919 οὐχὶ
1587 2847 1827 2902 τοιοῦτόν
1844 2864 1896 2898 τι

309 2947 425 3008 τοῖς
447 2944 814 3015 ἀκροωμένοις
831 2947 894 2997 ἐκ
911 2944 1113 3013 πολλῆς
1137 2943 1424 3015 ἀκριϐείας
1453 2942 1676 3012 ἀναδοᾷο
1696 2941 1891 3009 Ἔφην,

309 3030 356 3089 ὦ
388 3029 558 3101 οὗτοι,
575 3036 747 3089 καίτοι
772 3035 978 3107 σφόδρα
1006 3034 1273 3088 διδάσκων
1306 3033 1374 3086 τὰ
1407 3032 1605 3103 ἀληθῆ,
1628 3032 1727 3101 τὴν
1751 3028 1894 3099 ζωὴν

306 3124 452 3181 εἶναι
480 3127 590 3180 τῶν
620 3125 921 3198 ἀνθρώπων
971 3127 1031 3181 τὸ
1066 3129 1202 3195 φῶς,
1229 3127 1329 3197 οὐχ
1377 3126 1463 3179 ἵνα
1495 3126 1588 3194 νοῇ
1629 3140 1710 3186 τις
1746 3122 1802 3174 ἐν
1830 3139 1893 3189 γε

303 3220 421 3281 τοῖς
448 3216 679 3288 παροῦσι
728 3216 965 3286 μάλιστα
1019 3215 1219 3283 λόγοις,
1270 3216 1328 3279 ἐξ
1382 3214 1569 3285 ἐτέρου
1618 3212 1891 3275 πολιτείας
1916 3251 1963 3314 C

306 3309 632 3380 κομίζεσθαι
661 3309 829 3381 γέρας
894 3308 985 3361 τὸν
1026 3309 1153 3377 παρ’
1199 3307 1363 3361 αὐτοῦ
1418 3311 1718 3376 φωτισμὸν,
1762 3304 1889 3368 τοὺς

303 3402 529 3471 ὅσοιπερ
568 3399 633 3453 ἂν
666 3400 937 3469 φαίνοιντο
994 3398 1189 3453 δίκαιοί
1222 3415 1281 3451 τε
1335 3398 1427 3452 καὶ
1475 3396 1666 3465 ἀγαθοί
1711 3411 1725 3426 ⁸
1774 3394 1889 3449 ἀλλ’

309 3493 398 3546 ἵνα
464 3494 767 3564 μανθάνητε
815 3491 998 3556 πάλιν,
1024 3493 1213 3562 ὅτιπερ
1265 3490 1323 3545 ὃν
1360 3490 1562 3562 τρόπον
1626 3489 1773 3541 ἐστὶν
1830 3488 1889 3539 ἐν

310 3586 445 3639 πᾶσι
467 3587 577 3648 τοῖς
608 3584 884 3653 γεγονόσιν
913 3586 941 3637 ὁ
972 3582 1143 3650 Λόγος
1166 3583 1301 3653 ζωὴ,
1337 3580 1618 3649 ζωογονῶν
1648 3580 1887 3647 δηλονότι

308 3676 379 3730 τὰ
401 3674 543 3746 ζωῆς
565 3675 813 3729 δεκτικά·
835 3674 1005 3738 οὕτως
1028 3673 1176 3727 ἐστὶν
1202 3675 1259 3727 ἐν
1281 3674 1465 3737 αὐτοῖς
1497 3674 1594 3727 καὶ
1635 3672 1773 3743 φῶς,
1817 3671 1887 3725 τὰ

312 3769 575 3833 συνέσεώς
609 3785 667 3822 τε
693 3770 783 3822 καὶ
818 3770 1131 3839 φρονήσεως
1160 3766 1411 3833 δεκτικὰ,
1439 3766 1598 3820 τοῦτο
1625 3766 1885 3819 δεικνύων

307 3864 443 3934 ὅπερ
465 3862 568 3915 είσί
588 3878 598 3890 ·
619 3862 795 3915 πάντα
819 3861 928 3931 γὰρ
955 3863 1012 3914 ἐν
1036 3860 1170 3913 πᾶσί
1193 3859 1340 3912 ἐστιν
1380 3861 1407 3911 ὁ
1436 3858 1625 3930 Πατὴρ
1652 3858 1716 3911 δι’
1752 3857 1883 3911 Υίοῦ

305 3956 364 4008 ἐν
402 3954 701 4022 Πνεύματι.
745 3954 972 4008 Σκοτίαν
1005 3953 1062 4007 δὲ
1094 3954 1352 4024 ὀνομάζει
1385 3952 1485 4023 τὴν
1521 3952 1615 4005 τοῦ
1650 3948 1880 4021 φωτίζε-

305 4045 428 4098 σθαι
453 4046 715 4116 δεομένην
733 4045 897 4114 φύσιν
917 4043 1327 4107 καθόλου,τοῦτ’
1351 4043 1597 4113 ἐστι,τὴν
1625 4044 1879 4113 γενητήν.

313 4136 534 4206 Ἐπειδὴ
579 4137 688 4206 γὰρ
739 4136 900 4188 αὑτὸν
945 4136 1192 4207 ὠνόμασε
1220 4135 1282 4187 τὸ
1317 4135 1452 4203 φῶς,
1486 4134 1678 4207 ἑτέραν
1719 4130 1882 4187 οὖσαν

300 4226 658 4281 ἐπιδεικνύων
689 4228 787 4297 τὴν
818 4227 1006 4280 ἐπιδεᾶ
1040 4227 1133 4280 καὶ
1166 4227 1431 4298 ἀμέτοχον
1472 4224 1583 4298 [ἵσ.
1632 4225 1879 4298 μέτοχον]

301 4316 469 4371 αὑτοῦ
526 4318 702 4371 κτίσιν
733 4318 977 4388 λογικὴν,
1019 4319 1099 4381 είς
1149 4317 1212 4371 τὺ
1270 4317 1512 4371 ἐναντίον
1558 4317 1881 4389 περιτρέπει

297 4407 394 4462 τοῦ
459 4409 863 4479 σημαινομένου
917 4409 1015 4480 τὴν
1064 4409 1310 4479 δύναμιν,
1366 4409 1465 4461 οῦκ
1518 4408 1625 4461 άπὸ
1654 4407 1877 4473 σκοποῦ,

297 4500 441 4555 κατά
471 4516 537 4569 γε
582 4501 672 4553 τὸν
726 4501 993 4571 ἡμέτερον
1041 4500 1186 4563 νοῦν,
1223 4499 1499 4553 καὶτοῦτο
1537 4499 1726 4560 ποιῶν,
1763 4499 1878 4552 ἀλλ’

2005 2025 2175 2083 taxat,
2220 2019 2455 2073 aliorum
2497 2035 2608 2074 non
2659 2021 2813 2085 item,
2866 2021 2963 2075 sed
3030 2022 3297 2079 incll'abili
3347 2026 3585 2093 quodam

2002 2113 2530 2168 communicationis
2579 2114 2762 2181 modo,
2799 2124 2926 2185 puta
2959 2131 3085 2170 eum
3122 2118 3194 2171 sit
3224 2118 3497 2187 sapientia
3535 2129 3588 2173 et

2002 2205 2297 2274 prudentia
2335 2206 2503 2276 (quod
2535 2208 2589 2261 in
2618 2208 2856 2263 rationis
2889 2209 3239 2279 compotibus
3281 2211 3455 2265 lucem
3491 2227 3587 2281 ap-

2002 2297 2315 2367 pellamus),
2354 2299 2599 2367 seipsum
2638 2300 2914 2355 universis
2962 2300 3127 2356 rebus
3162 2300 3495 2363 immiscere.
3527 2310 3589 2356 ut

2001 2386 2293 2441 rationalia
2358 2389 2633 2443 rationem
2703 2388 2996 2458 accipiant,
3050 2396 3104 2444 et
3166 2389 3583 2461 intelligentiam

2000 2478 2240 2533 habeant
2292 2494 2414 2549 qua:
2451 2479 2573 2548 ejus
2612 2487 2743 2533 sunt
2791 2480 3038 2550 capacia,
3080 2495 3185 2536 nec
3227 2481 3388 2537 aliter
3438 2484 3584 2539 istud

2000 2580 2236 2641 possunt
2287 2571 2531 2643 assequi,
2573 2558 2891 2627 necessario
2924 2571 3111 2637 infert,
3153 2592 3173 2624 ι
3227 2580 3282 2627 et
3314 2574 3488 2629 lucem
3528 2575 3583 2629 in

1998 2663 2243 2719 tenebris
2280 2664 2487 2729 lucere,
2519 2674 2576 2720 et
2618 2665 2878 2720 tenebras
2910 2679 3030 2720 eam
3067 2680 3178 2720 non
3221 2666 3585 2736 comprehen-

1998 2754 2168 2811 disse.
2206 2774 2226 2806 ι
2256 2754 2313 2810 ld
2345 2755 2493 2810 enim
2530 2755 2927 2826 propemodum
2959 2756 3303 2813 auditoribus
3337 2757 3584 2812 studiose

1998 2847 2260 2901 inclamat
2299 2866 2311 2901 :
2342 2846 2484 2909 Dixi.
2512 2864 2546 2903 0
2575 2848 2737 2916 boni,
2764 2849 3050 2903 veritatem
3084 2865 3208 2903 cum
3235 2849 3431 2920 primis
3457 2851 3582 2905 edo-

1997 2952 2151 3003 cens,
2178 2938 2345 2991 vitam
2378 2936 2487 3007 59
2504 2953 2627 2993 esse
2656 2938 2941 2992 hominum
2963 2938 3163 3000 lucem,
3191 2954 3299 2994 non
3337 2951 3393 2994 ut
3426 2941 3579 3010 quis-

1996 3043 2163 3099 quam
2197 3044 2265 3083 ex
2294 3028 2382 3083 his
2418 3029 2601 3084 verbis
2623 3030 2900 3084 existimet
2928 3045 3024 3086 eos
3048 3031 3141 3101 qui
3170 3031 3307 3101 justi
3340 3043 3394 3088 et.
3420 3032 3577 3103 probi

1996 3134 2122 3175 esse
2140 3119 2398 3174 videntur
2428 3120 2658 3175 aliunde
2684 3122 2809 3176 vita:
2840 3122 3167 3178 Christiana:
3186 3125 3391 3179 donum
3424 3126 3576 3179 acci-

1994 3222 2163 3278 pere,
2209 3209 2468 3264 nimirum
2518 3211 2978 3266 illuminalionem
3008 3254 3024 3278 ,
3093 3214 3188 3269 sed
3234 3224 3294 3269 ut
3348 3216 3578 3273 discam

1995 3315 2213 3366 rursus,
2236 3301 2407 3371 quod,
2442 3318 2554 3371 quo
2583 3303 2746 3356 modo
2767 3311 2853 3359 est
2879 3304 2931 3358 in
2956 3306 3212 3361 omnibus
3233 3308 3395 3362 rebus
3425 3324 3575 3363 crea-

1993 3391 2063 3447 tis
2095 3390 2331 3447 Verbum
2389 3395 2530 3459 vita,
2564 3394 2853 3452 viviﬁcaris
2907 3412 3102 3467 nempe
3164 3414 3229 3452 ea
3284 3415 3405 3469 qua:
3451 3400 3574 3454 vitze

1991 3491 2120 3537 sunt
2174 3485 2416 3553 capacia,
2467 3486 2542 3539 ita
2601 3502 2821 3556 quoque
2855 3502 2979 3543 esse
3023 3490 3076 3543 in
3130 3490 3198 3544 iis
3238 3490 3413 3545 lucem
3452 3507 3574 3561 quae

1991 3578 2364 3646 intelligentiae
2403 3587 2459 3633 et
2502 3579 2813 3647 prudentiae
2858 3588 2988 3633 sunt
3039 3582 3283 3651 capacia,
3323 3583 3374 3636 id
3423 3585 3571 3653 quod

1988 3676 2118 3723 sunt
2148 3668 2412 3724 elliciens.
2451 3667 2651 3723 Omnia
2686 3669 2832 3724 enim
2879 3683 2963 3725 est
2992 3672 3044 3727 in
3086 3673 3346 3729 omnibus
3380 3673 3569 3737 Pater,

1987 3778 2084 3834 per
2116 3761 2338 3825 Filium,
2384 3762 2440 3816 in
2497 3760 2725 3832 Spiritu.
2777 3764 3060 3818 Tenebras
3106 3773 3284 3820 autem
3327 3767 3571 3821 nominat

1987 3864 2240 3910 naturam
2286 3855 2426 3910 lucis
2472 3854 2734 3924 indigam,
2770 3854 2874 3908 hoc
2923 3862 3010 3910 est
3060 3871 3278 3912 omnem
3342 3859 3570 3913 omnino

1985 3955 2253 4003 creatam.
2281 3946 2580 4016 Postquam
2611 3946 2757 4001 enim
2789 3946 2969 4016 ipsum
2998 3947 3176 4002 lucem
3208 3950 3566 4019 nuncuparit,

1985 4040 2151 4094 aliam
2195 4054 2317 4095 esse
2357 4038 2655 4095 ostendens
2693 4039 3029 4110 indigentem
3066 4048 3119 4094 et
3168 4041 3346 4110 ipsius
3388 4042 3563 4112 parti-

1985 4133 2161 4202 cipem
2189 4139 2503 4186 creaturam
2544 4131 2896 4196 rationalem,
2936 4132 2988 4186 in
3024 4134 3362 4187 contrarium
3402 4136 3564 4189 vertit

1982 4224 2091 4277 vim
2123 4231 2176 4279 et
2220 4224 2486 4278 rationem
2523 4226 2645 4291 ejus
2700 4223 2853 4294 quod
2896 4223 3261 4295 significatur,
3313 4242 3418 4279 uou
3468 4227 3565 4281 abs

1983 4332 2065 4379 re,
2096 4331 2215 4371 meo
2259 4316 2491 4386 judicio,
2527 4317 2583 4371 id
2617 4316 2849 4380 faciens,
2886 4317 2980 4372 sed
3011 4318 3156 4385 quod
3191 4318 3331 4387 apud
3379 4335 3438 4373 se
3468 4336 3565 4374 ro-

1987 4409 2205 4477 gitaret,
2233 4423 2419 4463 rerum
2464 4417 2776 4461 creatarum
2802 4416 3081 4473 naturam,
3112 4424 3236 4461 cum
3268 4410 3487 4465 nihilex
3504 4428 3563 4467 se

1983 4516 2216 4571 prorsus
2248 4499 2515 4570 proferat,
2553 4498 2646 4553 sed
2682 4514 2846 4554 omne
2886 4514 3046 4554 suum
3086 4514 3229 4563 esse,
3265 4508 3319 4555 et
3353 4511 3561 4557 rectum

295 4594 475 4647 ἐκεῖνο
495 4593 558 4664 δὴ
581 4594 797 4657 πάντως
822 4593 1145 4647 καθ’ἐαυτὸν
1177 4594 1452 4664 ἐννοήσας,
1492 4594 1571 4646 ὅτι
1596 4593 1703 4646 τῶν
1725 4610 1880 4664 γενη-

1993 4593 2320 4649 consistendi
2341 4592 2563 4647 modum
2592 4592 2787 4647 habeat
2813 4592 2882 4646 ab
2909 4592 3123 4663 opiﬁce,
3157 4592 3281 4663 jure
3319 4595 3511 4650 audLre
3544 4615 3558 4651 :

292 4684 400 4736 τῶν
431 4685 465 4754 ὴ
501 4682 680 4752 φύσις,
709 4684 861 4737 οὐδὲν
889 4684 1026 4746 ὅλως
1062 4683 1120 4751 ἐξ
1149 4684 1317 4754 αὐτῆς
1355 4683 1695 4754 πηγὰζουσα,
1733 4682 1876 4753 σύμ-

294 4792 401 4829 παν
440 4776 495 4829 at
545 4775 606 4828 τὸ
658 4771 797 4828 εἷναι
831 4777 1016 4829 καὶτὸ
1056 4771 1114 4829 εὖ
1144 4771 1282 4829 εἶναι
1318 4774 1540 4828 τοιῶσδε
1587 4775 1749 4845 τυχὸν
1792 4776 1876 4828 δε-

291 4868 500 4940 χομένη
526 4868 675 4938 παρὰ
692 4868 784 4921 τοῦ
806 4868 1170 4939 Δημιουργοῦ,
1186 4867 1405 4929 δικαίως
1423 4866 1608 4920 ἀκούει
1624 4881 1668 4917 ἰ
1682 4867 1745 4919 Τί
1766 4865 1875 4938 γὰρ

292 4960 436 5029 ἔχεις
468 4960 495 5011 ὃ
528 4962 629 5013 οὐκ
667 4961 884 5024 ἐλαϐεςς
915 4980 932 5011 i
967 4959 1183 5027 Ἐπειδὴ
1225 4960 1280 5012 δὲ
1336 4960 1469 5028 πρὸς
1528 4962 1638 5022 τοῖς
1671 4958 1872 5023 ἄλλοις,

291 5054 383 5106 καὶ
405 5052 540 5106 αὐτὸ
565 5051 839 5105 θεόσδοτον
868 5052 977 5122 ἔχει
1007 5052 1067 5105 τὸ
1106 5052 1242 5121 φῶς,
1276 5052 1376 5103 οὐκ
1405 5051 1602 5120 ἔχουσα
1630 5051 1872 5120 δηλονότι

291 5143 556 5215 λαμϐάνει
576 5162 591 5177 ο
624 5147 685 5198 τὸ
712 5145 766 5198 δὲ
796 5146 911 5214 φῶς
935 5146 1034 5199 οὐκ
1058 5144 1178 5215 ἔχον
1204 5144 1262 5208 ἐξ
1295 5137 1648 5208 ἐαυτοῦζπῶς
1680 5145 1777 5197 οὐκ
1805 5143 1871 5197 ἂν

289 5238 372 5310 εἴη
397 5237 460 5291 τὸ
493 5238 733 5290 ἐναντίον
753 5240 818 5309 ;ἥ
848 5240 965 5301 πῶς
997 5240 1097 5291 οὐκ
1124 5237 1189 5291 ἂν
1226 5237 1435 5306 λέγοιτο
1462 5239 1677 5302 σκοτία;
1702 5237 1873 5290 Πιθα-

287 5326 351 5398 νὴ
384 5327 515 5397 γὰρ,
554 5327 753 5396 μᾶλλον
786 5328 843 5381 δὲ
885 5328 986 5399 ἠδη
1018 5329 1111 5380 καὶ⁸
1147 5327 1548 5397 ἀναγκαιοτάτη
1589 5326 1710 5381 λίαν
1735 5328 1871 5381 ἀπό-

286 5416 471 5483 δειξις,
496 5417 590 5471 τοῦ
618 5419 719 5489 τὴν
753 5419 852 5489 μέν
885 5419 1060 5472 κτίσιν
1082 5414 1221 5472 εἶναι
1254 5417 1495 5482 σκοτίαν,
1524 5419 1638 5488 φῶς
1676 5419 1733 5472 δέ
1767 5420 1870 5473 πά-

287 5507 368 5560 λιν
403 5509 495 5563 τον
540 5510 634 5564 τοῦ
685 5510 822 5565 Θεοῦ
862 5513 1052 5582 Λόγον,
1084 5513 1144 5566 τὸ
1196 5513 1407 5582 φαίνειν
1454 5513 1511 5564 ἐν
1546 5514 1611 5581 τῇ
1675 5511 1866 5583 σκοτίᾳ

287 5598 346 5651 τὸ
386 5601 526 5670 φῶς.
561 5603 773 5675 Είγάρ
812 5604 1023 5676 δέχεται
1070 5606 1179 5660 τῶν
1218 5605 1461 5677 γενητῶν
1508 5606 1541 5675 ἡ
1582 5603 1741 5672 φύσις
1773 5603 1865 5657 τὸν

288 5692 378 5747 τοῦ
418 5694 553 5749 Θεοῦ
586 5698 755 5766 Λόγον
794 5700 933 5754 κατὰ
980 5701 1293 5772 μετουσίαν,
1346 5701 1419 5764 ὡς
1460 5700 1594 5769 φῶς,
1630 5698 1663 5770 ἢ
1696 5698 1771 5764 ὡς
1802 5702 1865 5753 εκ

361 5876 401 5906 ’⁸
446 5876 463 5931 l
499 5877 626 5934 Cor.
663 5894 714 5931 tv
740 5919 754 5944 ,
794 5881 842 5932 ’⁷.

1987 4705 2004 4735 ι
2043 4684 2182 4752 Quid
2209 4685 2352 4739 enim
2395 4682 2563 4737 habes
2624 4680 2769 4751 quod
2812 4696 2922 4735 non
2961 4681 3223 4752 accepisti
3251 4682 3330 4735 υἷ’
3368 4701 3389 4734 i
3424 4682 3558 4737 Cum

1979 4786 2161 4830 autem
2199 4784 2398 4845 praeter
2427 4783 2624 4829 caetera
2665 4772 2839 4840 ipsam
2890 4788 3110 4843 quoque
3149 4773 3416 4828 divinitus
3459 4774 3558 4827 da-

1977 4876 2088 4923 tam
2139 4870 2313 4923 lucem
2366 4867 2585 4933 habeat,
2620 4880 2742 4921 eam
2795 4865 2982 4936 utique
3029 4880 3153 4921 cum
3202 4881 3313 4919 non
3341 4865 3557 4929 habeat,

1978 4961 2177 5031 accipit.
2221 4980 2234 5015 :
2280 4960 2425 5029 quod
2464 4973 2595 5013 vero
2646 4957 2824 5012 lucem
2867 4974 2935 5012 ex
2986 4958 3167 5026 seipse
3210 4972 3318 5011 non
3370 4957 3555 5022 habet,

1975 5053 2253 5124 quomodo
2292 5068 2401 5107 non
2458 5050 2563 5106 erit
2614 5049 2995 5103 contrarium?
3036 5055 3126 5103 aut
3168 5048 3441 5118 quomodo
3479 5058 3558 5103 te-

1973 5144 2158 5199 nebrae
2205 5159 2313 5197 non
2362 5141 2650 5195 dicentur?
2693 5138 2981 5194 Probabile
3014 5138 3183 5204 enim,
3225 5138 3336 5192 imo
3361 5154 3553 5196 neces-

1974 5238 2178 5294 sarium
2224 5245 2604 5306 argumentum
2650 5240 2736 5288 est
2769 5237 3078 5285 creaturam
3108 5243 3232 5283 esse
3276 5230 3553 5298 tenebras,

1972 5329 2068 5386 Dei
2108 5337 2288 5384 autem
2326 5328 2565 5383 Verbum
2612 5327 2817 5389 lucem,
2854 5319 3000 5392 quod
3040 5338 3060 5371 ι
3099 5320 3189 5375 lux
3222 5321 3277 5376 in
3313 5324 3554 5382 tenebris

1972 5422 2137 5476 lucet.
2173 5440 2188 5470 ι
2220 5418 2355 5472 Nam
2393 5420 2440 5473 si
2474 5431 2656 5472 rerum
2706 5422 3012 5469 creatarum
3052 5418 3247 5465 natura
3287 5412 3377 5468 Dei
3418 5409 3553 5470 Ver-

1972 5514 2099 5567 bum
2148 5528 2244 5581 prr
2299 5509 2772 5581 participationem
2824 5501 3044 5571 accipit,
3101 5511 3159 5556 ut
3209 5504 3409 5571 lucem,
3460 5515 3555 5559 aut

1974 5612 2229 5674 tanquam
2260 5620 2323 5658 ex
2362 5605 2504 5663 lure,
2534 5601 2652 5668 ipsa
2683 5595 2903 5667 quidem
2932 5602 2992 5649 ut
3021 5594 3256 5650 tenebrae
3291 5594 3551 5650 nimirum

1973 5697 2206 5768 accipit;
2246 5696 2387 5749 lucet
2428 5701 2611 5746 autem
2644 5688 2699 5743 in
2743 5687 2864 5758 ipsa
2896 5685 3043 5742 velut
3075 5685 3130 5742 in
3163 5687 3406 5744 tenebris
3434 5687 3550 5752 lux,
