4168 6576
647 401 749 455 103

1652 393 1709 447 S.
1741 388 2020 449 CYRILLI
2057 383 2530 443 ALEXANDRINI
2559 384 2883 440 ARClllEP.

3805 390 3920 446 ιοε

643 511 697 564 id
755 516 839 565 est
902 508 1114 571 Filius,
1171 507 1423 578 quamvis
1486 507 1728 562 tenebrat
1788 506 1963 561 lucem
2028 505 2206 573 utique

2320 499 2516 567 φωτὸς,
2540 498 2682 569 αὕτη
2705 500 2803 569 μὲν
2825 501 2899 563 ὡς
2923 501 3111 554 σκοτία
3132 501 3370 573 δηλονότι
3392 502 3690 574 λαμϐάνει·
3726 506 3918 573 φαίνει

641 601 913 656 nesciant.
951 598 1064 653 Hoc
1092 598 1237 653 enim
1272 596 1568 668 signiﬁcat,
1604 596 1818 667 opinor,
1846 594 1983 649 illud
2020 613 2035 649 :
2064 612 2082 646 ι
2116 593 2220 649 Te-

640 690 823 745 nebrae
853 704 977 745 eam
1006 704 1116 744 non
1166 688 1720 758 comprehenderunt.
1756 704 1777 738 ι
1810 684 2024 741 Cuncta
2069 684 2216 740 enim

641 781 737 837 Dei
764 783 1002 837 Verbum
1052 782 1291 837 illustrat
1348 796 1471 851 quae
1515 788 1646 835 sunt
1691 779 2076 835 illustrationis
2119 794 2217 833 ca-

639 874 819 941 pacia,
846 881 899 928 et
935 874 989 927 in
1048 874 1365 928 universum
1395 887 1458 927 ea
1502 872 1774 926 illuminat
1815 885 1934 940 qua:
1962 877 2216 924 naturam

639 963 841 1018 habent
886 965 1305 1019 illuminationis
1338 978 1617 1033 capacem.
1647 962 1933 1033 lgnoratur
1967 968 2149 1016 autem
2184 975 2215 1016 a

636 1056 898 1112 tenebris.
949 1057 1257 1112 Rationalis
1306 1058 1506 1126 quippe
1552 1065 1749 1109 natura
1797 1070 1918 1125 qua:
1963 1056 2017 1108 in
2052 1052 2216 1108 terris

634 1152 739 1205 est,
780 1144 945 1198 homo
980 1146 1261 1208 nimirum,
1306 1146 1477 1200 coluit
1526 1144 1857 1215 quandoque
1902 1130 2212 1199 creaturam

636 1249 747 1302 pra:
799 1235 1077 1291 Creatore.
1114 1255 1132 1288 ι
1179 1235 1296 1291 Non
1331 1237 1863 1306 comprehenderunt
1919 1236 2141 1291 lucem:
2186 1252 2206 1287 ι

637 1336 747 1376 non
781 1326 925 1380 enim
957 1334 1293 1397 agnoverunt
1323 1326 1635 1381 Creatorem
1670 1326 1872 1380 fontem
1906 1325 2209 1397 sapientitn,

635 1417 1014 1487 intelligentia:
1054 1416 1339 1487 originem,
1367 1417 1670 1486 prudentiae
1706 1416 1968 1471 radicem.
2005 1417 2208 1472 Lucem

634 1520 817 1566 tamen
853 1510 1056 1564 habent
1084 1510 1177 1562 Dei
1210 1509 1606 1573 misericordia,
1634 1518 1688 1564 et
1734 1509 2069 1581 intelligendi
2100 1510 2209 1564 vim

634 1617 761 1657 cum
816 1602 952 1671 ipsis
1014 1600 1419 1671 quodammodo
1481 1601 1757 1657 natalibus
1814 1603 1919 1657 sibi
1984 1602 2207 1656 insitam

631 1693 795 1747 simul
826 1692 1081 1747 afferunt.
1111 1690 1210 1745 llic
1241 1706 1438 1747 rursus
1470 1692 1795 1757 notandum,
1824 1692 1972 1745 nulla
1995 1691 2210 1747 ratione

632 1782 826 1838 Filium
887 1782 981 1838 Dei
1048 1792 1297 1839 creatum
1349 1792 1445 1838 aut
1500 1783 1703 1839 factum
1765 1784 1992 1854 intelligi
2026 1798 2205 1854 posse,

2322 590 2379 645 δὲ
2406 593 2464 645 έν
2495 592 2655 663 αὐτῇ,
2709 593 2962 665 καθάπερ
2993 598 3049 648 ὲν
3091 598 3281 668 σκοτίᾳ
3328 599 3388 651 τὸ
3434 597 3570 667 φῶς,
3607 600 3636 652 6
3679 599 3827 662 Υίὸς,
3865 602 3917 652 εί

2322 684 2418 736 καὶ
2445 683 2544 737 οὑκ
2589 680 2697 737 οἶδε
2745 685 2963 751 πάντως
3010 689 3043 759 ὴ
3083 690 3273 744 σκοτία
3300 690 3361 743 τὸ
3401 691 3516 759 φῶς
3542 707 3554 719 '
3584 690 3743 745 τοῦτο
3773 690 3915 763 γὰρ.

2320 769 2496 845 οἶμαι,
2534 776 2787 847 σημαίνει
2810 778 2891 843 τὸ,
2928 798 2948 830 ι
2997 779 3063 831 Ἠ
3097 782 3286 836 σκοτία
3305 782 3437 838 αὑτὸ
3460 784 3521 837 οὑ
3548 783 3910 838 κατέλαϐεν.»

2323 866 2532 921 Ἅπασι
2570 869 2670 939 μὲν
2711 869 2819 942 γὰρ
2864 871 2893 923 6
2941 872 3033 926 τοῦ
3063 872 3198 928 Θεοῦ
3258 877 3429 945 Λόγος
3471 877 3743 948 ὲλλάμπει
3791 880 3914 943 τοῖς

2321 962 2643 1033 ἐλλάμψεως
2673 964 2962 1031 δεκτικοῖς.
2997 970 3091 1023 καὶ
3121 970 3343 1039 φωτίζει
3376 972 3605 1027 καθόλου
3644 972 3713 1026 τά
3740 975 3915 1043 φύσιν

2320 1056 2512 1127 έχοντα
2551 1057 2647 1112 τοῦ
2693 1059 3025 1128 φωτίζεσθαι
3075 1060 3357 1133 δεκτικήν’
3395 1066 3669 1133 ἀγνοεῖται
3710 1066 3767 1119 δὲ
3798 1066 3915 1118 ὑπὸ

2318 1148 2416 1219 τῆς
2441 1150 2684 1214 σκοτίας·
2712 1153 2745 1221 ἡ
2772 1150 2877 1223 γὰρ
2901 1151 2993 1204 tm
3009 1151 3110 1222 γῆς
3134 1154 3475 1224 τυγχάνουσα
3501 1156 3693 1228 λογικὴ
3716 1155 3909 1224 φύσις,

2315 1241 2461 1296 τοῦτ’
2482 1242 2649 1308 ἐστιν,
2668 1245 2695 1297 6
2712 1244 2805 1299 ἀνθ
2814 1263 3012 1317 ρωπος,
3034 1247 3083 1299 ὲ)
3095 1247 3325 1319 ἀτρευσέ
3345 1265 3470 1301 ποτε
3484 1251 3549 1319 τῇ
3565 1248 3735 1303 κτίσει
3753 1249 3914 1321 παρὰ

2315 1334 2406 1388 τὸν
2427 1336 2693 1391 κτίσαντα
2720 1379 2733 1393 .
2775 1356 2794 1391 ι
2825 1340 2899 1392 Οὑ
2928 1339 3194 1393 κατέλαϐε
3223 1340 3285 1394 τὸ
3305 1340 3421 1409 φῶς
3440 1358 3452 1370 ·
3484 1359 3503 1393 ι
3536 1342 3597 1394 οὑ
3625 1341 3735 1413 γάρ
3760 1342 3911 1409 ἔγνω

2316 1427 2408 1482 τὸν
2437 1430 2802 1500 Δημιουργὸν,
2823 1432 2921 1501 τὴν
2948 1432 3127 1502 πηγὴν
3149 1432 3249 1497 τῆς
3277 1433 3491 1502 σοφίας,
3513 1433 3614 1503 τῆς
3632 1434 3909 1498 συνέσεως

2317 1518 2416 1589 τὴν
2443 1520 2641 1591 ἀρχὴν,
2673 1520 2769 1591 τὴν
2815 1523 2909 1592 τῆς
2960 1527 3281 1595 φρονήσεως
3339 1524 3514 1595 ῥίζαν.
3554 1525 3707 1595 Ἔχει
3738 1525 3784 1578 δ’
3806 1521 3911 1578 οὖν

2314 1611 2464 1681 ὅμως
2487 1614 2551 1665 ὲκ
2574 1612 2982 1685 φιλανθρωπίας
3014 1615 3073 1669 τὸ
3118 1615 3255 1684 φῶς,
3309 1617 3403 1671 καὶ
3453 1616 3908 1685 συγκαταϐεϐλη-

2318 1701 2486 1771 μένην
2507 1702 2697 1773 ὥσπερ
2722 1704 2987 1772 ἐπάγεται
3027 1705 3125 1776 τὴν
3162 1705 3256 1759 τοῦ
3288 1709 3506 1777 φρονεῖν
3532 1706 3760 1776 δύναμιν
3780 1708 3910 1770 ταῖς

2315 1793 2394 1856 είς
2436 1792 2497 1845 τὸ
2528 1787 2667 1847 εἶναι
2698 1794 2953 1865 παρόδοις
2998 1797 3394 1866 συντρέχουσαν
3425 1795 3495 1850 τὰ
3524 1797 3746 1868 γενητὰ.
3797 1797 3911 1867 Ση-

628 1875 739 1945 60
762 1874 857 1929 sed
892 1889 921 1927 a
950 1873 1112 1929 nobis
1143 1876 1361 1944 penitus
1395 1874 1677 1937 dissilum,
1701 1882 1755 1928 et
1790 1890 1956 1943 supra
1989 1884 2206 1929 creatu-

2317 1884 2574 1953 μειωτέον
2595 1884 2651 1939 δὲ
2685 1885 2847 1939 πάλιν
2881 1888 2938 1941 ὲν
2988 1887 3220 1953 τούτοις,
3256 1889 3337 1942 ὅτι
3380 1889 3537 1956 λόγος
3576 1889 3751 1953 οὐδεὶς
3779 1890 3909 1941 επι-

633 1981 820 2020 rarum
854 1974 1110 2020 naturam
1142 1967 1527 2029 constitutum,
1555 1966 1836 2035 aliumque
1866 1965 1933 2019 ab
1957 1965 2023 2021 iis
2048 1981 2207 2036 pror-

631 2072 728 2110 sus
782 2071 927 2121 esse,
989 2065 1045 2111 et
1096 2057 1419 2112 substantiae
1474 2058 1687 2112 ratione
1738 2065 2031 2123 semotum,
2096 2072 2205 2112 non

631 2165 791 2204 secus
838 2150 1097 2205 nimirum
1142 2166 1206 2205 ac
1256 2151 1346 2204 lux
1377 2151 1566 2205 eadem
1608 2166 1718 2206 non
1750 2159 1834 2206 est
1878 2166 2005 2205 cum
2050 2158 2205 2205 tene-

633 2242 771 2309 hris,
821 2243 917 2298 sed
984 2242 1261 2299 contraria
1301 2251 1357 2298 et
1408 2243 1724 2299 diversitate
1783 2254 1989 2299 natura:
2045 2244 2205 2313 plane

631 2334 915 2390 distincta.
959 2338 1066 2391 Sed
1096 2352 1218 2391 cum
1253 2336 1355 2390 hac
1385 2337 1451 2391 dc
1484 2352 1542 2392 re
1581 2340 1717 2393 satis
1747 2346 1906 2392 antea
1933 2346 2205 2394 tractave-

632 2426 827 2492 rimus,
864 2428 1115 2483 addenda.
1152 2439 1283 2484 sunt
1313 2430 1471 2485 nobis
1490 2430 1696 2500 reliqua
1726 2446 1847 2500 qua:
1873 2439 2199 2499 sequuntur.

2309 1976 2500 2049 τρέψει
2532 1977 2757 2047 γενητὸν
2787 1973 2926 2031 εἶναι
2957 1984 3118 2044 νοεῖν,
3172 1981 3205 2051 ἧ
3234 1982 3601 2051 πεποιημένον
3630 1981 3908 2052 ὑπάρχειν

2308 2069 2515 2123 οῖεσθαι
2573 2069 2663 2121 τὸν
2702 2069 2828 2125 Υίὸν
2859 2070 2953 2124 τοῦ
2989 2070 3145 2135 Θεοῦ,
3174 2071 3287 2127 ἀλλ’
3343 2072 3689 2142 ἀφεστηκότα
3719 2073 3903 2143 πάντη

2307 2160 2416 2214 τῶν
2440 2161 2565 2215 καθ’
2604 2162 2769 2231 ἡμᾶς,
2801 2162 2897 2216 καὶ
2922 2162 3019 2233 τὴν
3046 2163 3157 2217 τῶν
3192 2165 3505 2235 κτισμάτων
3536 2164 3904 2219 ἀναϐαίνοντα.

2308 2250 2495 2320 φύσιν,
2535 2252 2718 2324 ἕτερόν
2766 2271 2826 2307 τε
2874 2256 3171 2321 παντελῶς,
3204 2256 3235 2326 ἢ
3266 2258 3405 2329 ὅπερ
3450 2257 3587 2311 εἰσὶν
3617 2256 3777 2319 αὑτά.
3804 2259 3903 2311 καὶ

2308 2343 2441 2397 πολὺ
2497 2344 2814 2415 διεστηκότα
2866 2346 3008 2400 κατὰ
3056 2346 3154 2417 τὴν
3198 2348 3297 2419 τῆς
3339 2350 3527 2412 οὑσίας
3575 2349 3843 2418 ποιότητα
3880 2366 3898 2380 ο

2310 2432 2499 2506 ὥσπερ
2529 2430 2622 2489 οὑν
2644 2436 2835 2505 ἀμέλει
2865 2437 2925 2490 τὸ
2957 2438 3070 2506 φῶς
3099 2438 3232 2509 πρὸς
3265 2440 3363 2511 τὴν
3400 2440 3619 2493 σκοτίαν
3663 2440 3809 2493 ἐστὶν
3837 2438 3902 2492 οὑ

630 2519 845 2585 ταυτὸν,
884 2518 999 2573 ἀλλ’
1028 2521 1129 2590 ἤδη
1166 2522 1261 2575 καὶ
1336 2522 1595 2581 ἐναντίον.
1664 2523 1761 2575 καὶ
1797 2521 2145 2593 ἀσυγκρίτως
2181 2526 2303 2587 ταῖς
2340 2525 2623 2597 διαφοραῖς
2668 2528 2750 2591 είς
2808 2528 3193 2601 ἀλλοτριότητα
3224 2532 3456 2602 φυσικὴν
3499 2530 3894 2603 χωριζόμενον,

646 2614 1031 2685 ’Δποχρώντως
1086 2616 1142 2669 δὲ
1198 2616 1300 2687 ήδη
1333 2616 1424 2670 τὸν
1472 2616 1601 2689 περὶ
1644 2616 1837 2671 τούτου
1866 2617 2213 2683 διαλαϐόντες
2251 2619 2407 2690 λόγον
2439 2623 2498 2674 ὲν
2521 2624 2633 2686 τοῖς
2661 2622 3178 2694 προεξητασμένοις,
3201 2626 3267 2678 τὰ
3310 2625 3472 2679 λοιπά
3524 2625 3633 2679 τῶν
3697 2622 3900 2700 ἑφεξῆς

630 2706 1031 2778 προσθήσομεν.

703 2799 744 2862 l,
776 2797 830 2861 6,
862 2799 913 2852 7.
946 2796 1077 2851 Fuit
1106 2797 1261 2852 Immo
1298 2801 1489 2854 missus
1537 2816 1570 2851 α
1607 2798 1733 2863 Deo,
1760 2800 1847 2853 cui
1875 2816 2062 2855 nomen
2091 2808 2206 2854 erat

629 2889 883 2945 Joannes.
942 2890 1043 2945 Hic
1076 2892 1212 2945 venit
1246 2893 1300 2945 in
1331 2892 1717 2957 testimonium,
1748 2901 1806 2947 ut
1842 2894 2202 2949 testiinonium

631 2983 920 3051 perhiberet
945 2982 1008 3036 de
1037 2982 1253 3037 lumine.

705 3073 889 3128 Multis
918 3081 1078 3129 antea
1109 3073 1179 3129 de
1206 3071 1315 3128 Deo
1351 3072 1534 3129 Verbo
1576 3074 1868 3145 diligenter
1915 3074 2201 3146 expositis.

631 3166 835 3234 quibus
878 3172 1028 3233 patet
1073 3164 1253 3234 ipsum
1298 3164 1598 3220 secundum
1651 3172 1906 3220 naturam
1944 3180 2067 3221 esse
2106 3163 2200 3221 Dei

634 3271 699 3310 ac
740 3256 917 3311 Patris
964 3253 1187 3318 Filium,
1217 3255 1376 3311 ﬁdem
1425 3256 1591 3312 dictis
1622 3256 1881 3328 deinceps
1918 3256 2197 3312 conciliat.

2395 2798 2657 2867 Ἐγένετο
2682 2800 2994 2870 ἄνθρωπος
3034 2802 3493 2871 ἀπεσταλμένος
3527 2805 3688 2872 παρὰ
3715 2805 3895 2871 Θεοῦ,

2311 2889 2499 2958 ὄνομα
2528 2891 2689 2957 αὑτῴ
2724 2892 3025 2960 ’.ιωιίννής⁸
3046 2890 3225 2959 οὗτος
3242 2890 3428 2964 ἦλθεν
3454 2896 3541 2961 είς
3563 2897 3899 2965 μαρτυρίαν

2314 2981 2416 3035 ινα
2446 2983 2803 3053 μαρτυρήσῃ
2833 2986 3095 3053 περὶτοῦ
3127 2988 3340 3056 φωτός.

2380 3070 2558 3125 Πολλά
2590 3072 3106 3144 προεξηγησάμενος
3141 3076 3269 3147 περὶ
3296 3075 3389 3130 τοῦ
3414 3076 3547 3130 Θεοῦ
3575 3078 3769 3146 Λόγου,
3797 3080 3898 3133 καὶ

2308 3158 2377 3211 δι’
2404 3152 2480 3213 ὧν
2526 3161 2875 3230 ἀναφαίνοιτο
2918 3163 3058 3217 κατά
3093 3164 3253 3233 φύσιν
3309 3166 3567 3237 ὑπάρχων
3624 3169 3748 3232 Υἱὸς
3790 3170 3891 3223 τοῦ

2305 3250 2440 3304 Θεοῦ
2489 3252 2581 3306 καὶ
2613 3253 2845 3324 ιῐατρὸς,
2890 3256 3254 3327 ἀκριϐέστατα
3280 3256 3501 3313 διειπὼν
3535 3260 3630 3331 τὴν
3678 3264 3741 3315 ἐκ
3778 3262 3893 3315 τῶν

632 3347 771 3403 Cum
806 3358 988 3404 autem
1019 3364 1116 3419 per
1138 3348 1360 3421 Moysen
1393 3350 1597 3404 dictum
1630 3350 1758 3405 sita
1789 3350 1917 3414 Deo,
1981 3369 1998 3402 ι
2033 3350 2206 3405 inore

2312 3342 2678 3414 ἀκροωμένων
2704 3344 2887 3398 πίστιν
2926 3349 3039 3410 τοῖς
3088 3348 3400 3419 εἰρημένοις
3435 3352 3895 3423 έκπραγματεύε-

635 3440 868 3492 duorum
901 3446 994 3492 aut
1029 3440 1193 3494 trium
1232 3442 1451 3496 testium
1484 3449 1629 3496 stare
1655 3456 1817 3495 omne
1845 3441 2068 3495 verbum
2087 3442 2154 3507 ⁸⁸,
2183 3460 2202 3494 ι

635 3544 847 3600 magna:
882 3532 1231 3587 auctoritatis
1262 3532 1367 3587 sibi
1418 3540 1610 3588 testem
1659 3533 1877 3588 beatum
1909 3533 2204 3604 Baptistam

638 3620 936 3690 prudenter
970 3623 1239 3694 adjungit.
1270 3623 1390 3678 Non
1439 3626 1582 3680 enim
1636 3627 1883 3695 putabat,
1914 3626 2207 3697 quantavis

633 3722 782 3766 esset
818 3714 1141 3768 auctoritate
1180 3715 1461 3784 praeditus,
1493 3716 1563 3771 ab
1608 3717 1676 3771 iis
1706 3719 1798 3787 qui
1834 3717 1887 3771 in
1920 3717 2206 3773 historiam

637 3805 813 3860 nostri
892 3805 1197 3862 Salvatoris
1257 3806 1565 3862 inciderent
1620 3798 1807 3863 tidem
1836 3809 1977 3863 ultra
2035 3810 2206 3879 legem

632 3911 759 3952 esse
790 3896 1133 3966 exigendam,
1171 3898 1337 3952 ctuni
1376 3892 1480 3954 sibi
1514 3898 1869 3962 credendum,
1899 3914 1991 3955 res
2026 3908 2209 3954 mente

635 3995 691 4041 et
724 3986 1084 4058 intelligentia
1116 3997 1302 4045 nostra
1335 3990 1653 4061 superiores
1690 3991 1992 4045 enarranti.
2025 3991 2209 4060 Itaque

637 4087 874 4133 testatur
937 4080 1160 4150 quidem
1224 4081 1343 4151 ipse
1405 4082 1599 4137 beatus
1656 4083 1987 4153 evangelista
2061 4082 2208 4152 quod

640 4186 661 4219 ι
704 4166 943 4224 Verbum
984 4179 1104 4224 erat
1130 4170 1183 4224 in
1212 4170 1508 4240 principio,
1528 4177 1584 4224 et
1618 4169 1761 4225 Deus
1793 4179 1913 4226 erat
1947 4168 2205 4237 Verbum,

631 4270 689 4316 et
711 4268 830 4316 erat
860 4262 915 4316 in
941 4262 1213 4333 principio
1237 4262 1384 4333 apud
1417 4261 1609 4328 Deum,
1649 4281 1668 4315 ι
1702 4270 1757 4318 et
1793 4261 1939 4332 quod
1970 4278 1990 4313 ι
2024 4262 2207 4315 omnia

635 4369 731 4424 per
771 4356 946 4425 ipsum
996 4355 1143 4411 facta
1190 4364 1343 4423 sunt,
1386 4375 1405 4408 ι
1443 4366 1497 4411 et
1551 4355 1695 4426 quod
1731 4363 1848 4411 erat
1899 4356 1956 4409 in
2004 4354 2207 4410 creatis

636 4447 822 4511 rebus,
858 4455 917 4500 ut
961 4448 1095 4508 vita.
1126 4457 1179 4501 et
1224 4448 1369 4517 quod
1433 4450 1526 4501 lux
1578 4448 1859 4502 hominum
1910 4454 2028 4502 erat
2072 4447 2203 4505 vita.

636 4552 695 4594 ut
745 4557 813 4595 ex
868 4541 953 4597 his
995 4541 1251 4597 omnibus
1309 4541 1562 4595 ostendat
1615 4538 1811 4595 Filium
1860 4554 1981 4594 esse
2033 4537 2202 4592 Deum

635 4632 937 4688 secundum
985 4640 1262 4686 naturam.
1292 4634 1352 4687 Ei
1404 4646 1535 4686 vero
1592 4630 1922 4700 astipulatur
1962 4628 2205 4698 Baptista

634 4726 876 4788 divinus,
918 4726 1209 4781 clamans:
1248 4744 1265 4776 ι
1308 4724 1506 4779 Parata
1554 4723 1698 4777 viam
1741 4719 1980 4786 Domini,
2024 4731 2205 4778 rectas

636 4815 799 4871 facite
858 4816 1083 4871 semitas
1130 4815 1225 4871 Dei
1282 4816 1455 4871 nostri
1503 4815 1568 4866 “.
1631 4833 1648 4863 ι
1707 4812 1863 4868 Hunc
1907 4811 2051 4866 enim
2086 4827 2207 4867 esse

636 4906 803 4963 Deum
844 4924 1031 4963 verum
1069 4923 1229 4963 nemo
1263 4924 1372 4963 non
1424 4907 1612 4976 utique
1658 4905 1933 4969 fatebitur,
1973 4903 2061 4956 cui
2108 4903 2208 4957 do-

632 4997 950 5053 minationis
1002 4997 1239 5067 dignitas
1273 4996 1575 5051 secundum
1628 5002 1881 5046 naturam
1918 4990 2069 5054 insit,
2105 5004 2206 5044 nec

631 5089 786 5144 alteri
818 5090 1000 5145 inesse
1028 5089 1403 5159 conspiciatur
1433 5086 1655 5158 proprie
1673 5100 1738 5139 ac
1764 5098 1911 5150 vere,
1936 5081 2204 5152 siquidem

639 5200 656 5231 ι
694 5181 854 5236 nobis
903 5190 989 5237 est
1032 5197 1177 5237 unus
1209 5180 1354 5235 Deus
1387 5193 1454 5233 ac
1485 5178 1666 5241 Pater,
1698 5191 1837 5230 unus
1880 5182 2060 5230 autem
2093 5173 2202 5229 Do—

634 5273 814 5328 minus
874 5271 1035 5329 Jesus
1076 5273 1352 5336 Christus,
1396 5290 1416 5322 ι
1454 5280 1515 5324 ut
1558 5268 1767 5322 Paulus
1827 5267 2057 5334 scribit;
2103 5285 2121 5317 ι
2150 5275 2205 5323 et

633 5363 754 5419 licet
788 5363 899 5420 sint
945 5365 1036 5435 qui
1086 5364 1343 5419 dicantur
1379 5359 1453 5414 dii
1498 5372 1594 5428 per
1633 5356 1886 5428 gratiam,
1918 5364 1973 5411 et
2000 5355 2203 5409 domini

632 5455 812 5519 multi,
843 5456 960 5512 sive
1006 5456 1061 5510 in
1099 5454 1263 5516 cmlo,
1290 5453 1405 5506 sive
1449 5450 1505 5503 in
1530 5457 1699 5510 terra,
1738 5462 1881 5502 unus
1909 5453 2091 5501 tamen
2120 5454 2203 5500 est

630 5562 757 5601 cum
791 5546 902 5603 Deo
918 5547 1080 5603 Patre
1108 5560 1276 5600 verus
1303 5540 1557 5597 Filius“.
1598 5559 1621 5591 ο
1655 5538 1822 5610 Igitur
1845 5538 2092 5594 maxima:
2121 5537 2203 5592 di-

632 5639 914 5707 gnationis
938 5648 1021 5693 est
1044 5652 1142 5707 par
1172 5636 1306 5690 illud
1330 5641 1643 5689 sanctorum
1670 5632 1913 5696 testium,
1940 5631 2072 5687 lides
2102 5646 2199 5685 au-

634 5736 742 5783 tem
776 5730 926 5784 nulla
978 5743 1086 5780 non
1119 5742 1184 5780 cx
1231 5732 1385 5794 parte
1419 5723 1713 5794 inculpata
1749 5722 1908 5778 dictis
1947 5721 2197 5785 debetur,

708 5853 749 5884 τ’
793 5848 951 5902 Deut.
994 5861 1113 5909 xix,
1153 5844 1235 5899 133.
1312 5843 1589 5911 “10mm,
1624 5843 1727 5911 9'5;
1755 5844 1859 5899 lsa.
1892 5858 1992 5908 XL,
2021 5843 2071 5897 5.

2309 3452 2399 3487 ται
2429 3451 2441 3465 ⁸
2470 3434 2657 3506 ἐπειδὴ
2684 3435 2741 3489 δὲ
2776 3437 2917 3491 κατά
2936 3438 2995 3491 τὸ
3026 3440 3312 3510 εἰρημένον
3342 3442 3428 3496 διὰ
3469 3445 3709 3509 Μωσέως
3738 3448 3898 3518 παρὰ

2309 3525 2465 3591 Θεοῦ,
2504 3546 2522 3578 ι
2568 3528 2690 3581 Ἐπὶ
2746 3529 3009 3600 στόματος
3057 3531 3151 3585 δύο
3224 3535 3313 3587 καὶ
3361 3536 3527 3606 τριῶν
3599 3539 3898 3611 μαρτύρων

2311 3618 2639 3689 σταθήσεται
2667 3621 2774 3672 πᾶν
2805 3624 2984 3693 ῥῆμα·
3022 3641 3041 3674 ι
3075 3624 3293 3694 συνάγει
3320 3627 3598 3698 φρονίμως
3615 3630 3898 3701 ὲφ⁹ἑαυτῷ

2308 3708 2398 3761 τὸν
2424 3708 2711 3781 Μακάριον
2750 3710 3081 3783 Βαπτιστὴν,
3130 3714 3222 3766 καὶ
3266 3714 3688 3784 ἀξιολογώτατον
3722 3721 3896 3784 ὅντως

2311 3798 2649 3870 συνεισφέρει
2681 3800 2772 3852 τὸν
2813 3798 3084 3870 μάρτυρα.
3126 3802 3198 3853 Οὑ
3246 3802 3352 3873 γὰρ
3390 3802 3526 3873 ᾤετο
3551 3804 3679 3869 δεῖν,
3718 3806 3766 3859 εί
3798 3809 3897 3860 καὶ

2309 3888 2428 3942 λίαν
2461 3890 2692 3962 ὑπάρχει
2721 3891 2936 3961 σεμνὸς,
2972 3892 3069 3963 τὴν
3108 3892 3248 3965 ὑπὲρ
3278 3894 3439 3965 νόμον
3466 3897 3763 3967 ἀπαιτῆσαι
3798 3899 3856 3949 πί
3869 3929 3891 3938 -

2311 3998 2425 4033 στιν
2443 3982 2568 4044 τοὺς
2600 3982 3014 4053 ἐντευξομένους
3046 3986 3111 4055 τῇ
3161 3985 3289 4054 περὶ
3325 3984 3419 4039 τοῦ
3452 3988 3699 4060 Σωτῆρος
3728 3991 3759 4059 ἡ
3769 3988 3892 4058 μῶν

2311 4075 2619 4143 συγγραφῇ,
2660 4074 2754 4127 καὶ
2807 4074 2953 4145 μόνῳ
2998 4078 3276 4129 πιστεύειν
3298 4077 3446 4149 αύτῷ
3478 4077 3546 4131 τὰ
3576 4079 3715 4151 ὑπὲρ
3740 4082 3889 4143 νοῦν,

2307 4164 2403 4216 καὶ
2463 4164 2722 4236 φρόνησιν
2777 4166 3121 4240 ἐξηγουμένῳ
3168 4171 3267 4242 τὴν
3315 4172 3436 4227 καθ’
3459 4174 3624 4243 ἡμᾶς.
3676 4173 3893 4231 Οὐκοῦν

2310 4258 2575 4327 μαρτυρεῖ
2628 4258 2725 4325 μὲν
2758 4259 2915 4322 αὑτὸς
2968 4261 2995 4311 6
3032 4262 3296 4333 μακάριος
3336 4264 3743 4335 εὑαγγελιστὴς,
3773 4267 3886 4320 ὅτι-

2308 4362 2412 4417 περ
2447 4364 2465 4396 ι
2504 4342 2612 4399 Ἦν
2639 4348 2667 4399 6
2704 4348 2876 4417 Λόγος
2912 4351 2970 4402 ἐν
3024 4352 3189 4423 ἀρχῇ,
3217 4355 3311 4407 καὶ
3360 4354 3492 4419 Θεὸς
3522 4352 3589 4427 ἦν
3623 4360 3651 4410 ό
3689 4357 3884 4425 Λόγος,

2307 4437 2400 4489 καὶ
2438 4432 2504 4504 ἦν
2561 4438 2618 4490 ὲν
2669 4440 2810 4510 ἀρχῇ
2868 4441 3002 4511 πρὸς
3029 4442 3118 4493 τὸν
3162 4445 3313 4508 Θεὸν,
3355 4465 3373 4497 ι
3412 4447 3505 4499 καὶ
3538 4447 3619 4499 ὅτι
3658 4466 3676 4498 ι
3709 4449 3887 4501 πάντα

2306 4526 2372 4579 δι’
2417 4527 2578 4581 αὑτοῦ
2631 4530 2867 4597 ἐγένετο,
2902 4549 2919 4581 ι
2960 4533 3052 4585 καὶ
3100 4529 3167 4605 ἦν
3195 4536 3253 4588 ὲν
3295 4540 3408 4600 τοῖς
3446 4538 3776 4608 γενομένοις,
3808 4540 3885 4603 ὡς

2309 4616 2441 4689 ζωὴ,
2469 4621 2561 4672 καὶ
2586 4622 2668 4673 ὅτι
2697 4622 2756 4673 τὸ
2780 4622 2893 4690 φῶς
2953 4624 3062 4676 τῶν
3113 4625 3413 4697 ἀνθρώπων
3441 4624 3508 4700 ἦν
3539 4631 3572 4699 ἡ
3621 4629 3755 4700 ζωὴ,
3796 4631 3886 4683 ἵνα

2305 4707 2392 4760 διὰ
2410 4707 2613 4760 τούτων
2639 4710 2892 4763 ἁπάντων
2921 4712 3052 4765 Θεὸν
3097 4714 3225 4768 ὅντα
3264 4718 3402 4771 κατὰ
3435 4720 3594 4789 φύσιν
3628 4720 3881 4791 ἀποδείξῃ

2304 4800 2396 4852 τὸν
2422 4800 2567 4853 Υίόν.
2605 4802 2998 4876 Ἐπιμαρτυρεῖ
3020 4806 3074 4859 δὲ
3104 4809 3250 4879 αὑτῷ
3264 4812 3356 4863 καὶ
3377 4810 3659 4876 θεσπέσιος
3681 4812 3881 4865 Βαπτι-

2309 4891 2458 4960 στής’
2492 4908 2510 4942 ι
2558 4890 2914 4963 Ἑτοιμάσατε
2946 4897 3044 4965 τὴν
3085 4899 3202 4952 ὁδὸν
3246 4902 3452 4971 Κυρίου
3497 4924 3514 4953 ι
3553 4903 3712 4973 βοῶν,
3739 4922 3757 4954 ι
3791 4905 3882 4958 εὑ-

2310 4980 2459 5044 θείας
2491 4985 2688 5035 ποιεῖτε
2705 4984 2800 5046 τὰς
2827 4986 3047 5055 τρίϐους
3079 4988 3172 5041 τοῦ
3199 4989 3334 5043 Θεοῦ
3359 4992 3569 5061 ἡμῶν.»
3601 4990 3748 5046 Εἶναι
3773 4993 3881 5063 γάρ

2308 5072 2372 5143 δὴ
2399 5073 2611 5136 πάντως
2650 5076 2763 5144 ὲρεῖ
2800 5094 2882 5142 τις
2911 5078 3044 5131 Θεὸν
3068 5079 3339 5151 ἀληθινὸν,
3367 5082 3457 5136 τὸν
3478 5078 3522 5151 ᾧ
3557 5084 3693 5137 κατά
3722 5084 3881 5153 φύσιν

2305 5166 2601 5239 ἐνυπάρχοι
2653 5167 2714 5220 τὸ
2760 5170 2858 5239 τῆς
2914 5172 3229 5243 κυριότητος
3275 5174 3511 5245 ἀξίωμα,
3549 5178 3641 5231 καὶ
3681 5177 3780 5230 οὑκ
3815 5178 3881 5229 ἂν

2307 5259 2475 5330 ἑτέρῳ
2516 5258 2761 5328 φαίνοιτο
2793 5261 2995 5332 προσὸν
3040 5264 3243 5334 κυρίως
3271 5283 3329 5318 τε
3358 5267 3451 5319 καὶ
3475 5265 3711 5337 ἀληθῶς,
3734 5268 3882 5320 ἐπεί-

2308 5367 2431 5421 περ,
2459 5369 2475 5399 ι
2499 5348 2590 5415 Εἷς
2617 5352 2713 5422 μὲν
2734 5354 2865 5422 ἡμῖν
2892 5355 2921 5405 6
2944 5353 3078 5417 Θεὸς
3112 5355 3206 5408 καὶ
3246 5356 3453 5429 Πατὴρ,
3486 5352 3563 5421 εἷς
3586 5358 3645 5411 δὲ
3680 5358 3882 5430 Κύριος

2316 5441 2517 5511 Ἰησοῦς
2544 5444 2828 5515 Χριστὸς,ι
2865 5446 3006 5499 κατά
3031 5447 3128 5517 τὴν
3154 5447 3365 5502 Παύλου
3398 5453 3580 5522 φωνήν
3609 5468 3623 5482 ·
3664 5468 3681 5501 ι
3715 5450 3808 5524 καὶ
3832 5451 3882 5503 εί

2309 5533 2420 5587 θεοὶ
2459 5536 2597 5589 κατὰ
2650 5537 2808 5609 χάριν
2861 5541 2953 5593 καὶ
2984 5539 3161 5613 κύριοι
3198 5540 3484 5596 καλοῦνται
3519 5543 3703 5597 πολλοὶ
3740 5543 3795 5594 εν
3820 5560 3881 5597 τι

2306 5626 2384 5697 τῷ
2414 5626 2628 5698 οὐρανῷ
2660 5629 2750 5681 καί
2778 5631 2868 5683 ἐπὶ
2914 5634 3012 5703 τῆς
3052 5634 3176 5704 γῆς,
3206 5633 3319 5686 ἀλλ’
3345 5629 3422 5696 εἷς
3458 5635 3595 5704 μετά
3644 5634 3736 5686 τοῦ
3770 5632 3881 5684 Πα-

2306 5722 2431 5792 τρὸς
2461 5722 2589 5784 θεὸς
2628 5722 2876 5794 ἀληθινὸς
2919 5728 2946 5779 ό
2982 5728 3123 5791 Υἱός.
3161 5748 3177 5781 ι
3212 5727 3439 5796 Οὐκοῦν,
3480 5726 3881 5796 ἀξιολογωτάτη

2151 5846 2194 5876 ’⁸
2232 5841 2250 5898 l
2286 5842 2409 5897 Cor.
2446 5855 2576 5907 \‘lll,
2607 5841 2657 5906 ὅ,
2688 5842 2738 5895 6.
