  <div class='ocr_page' id='page_1' title='image "/cluster/home/n/w/nwhite01/storage/ocr_20150623/73/hvd.32044019207877/062.png"; bbox 0 0 4168 6558; ppageno 0'>
   <div class='ocr_carea' id='block_1_1' title="bbox 221 434 326 489">
    <p class='ocr_par' dir='ltr' id='par_1_1' title="bbox 221 434 326 489">
     <span class='ocr_line' id='line_1_1' title="bbox 221 434 326 489; baseline 0 0"><span class='ocrx_word' id='word_1_1' title='bbox 221 434 326 489; x_wconf 75' lang='grc'><strong>105</strong></span> 
     </span>
    </p>
   </div>
   <div class='ocr_carea' id='block_1_2' title="bbox 1310 416 2401 484">
    <p class='ocr_par' dir='ltr' id='par_1_2' title="bbox 1310 416 2401 484">
     <span class='ocr_line' id='line_1_2' title="bbox 1310 416 2401 484; baseline 0.003 -4"><span class='ocrx_word' id='word_1_2' title='bbox 1310 425 1373 481; x_wconf 83' lang='grc' dir='ltr'><strong>ΙΝ</strong></span> <span class='ocrx_word' id='word_1_3' title='bbox 1412 419 1695 479; x_wconf 72' lang='lat' dir='ltr'><strong>JOANNIS</strong></span> <span class='ocrx_word' id='word_1_4' title='bbox 1719 416 2159 479; x_wconf 72' lang='lat' dir='ltr'><strong>EVANGELIUM</strong></span> <span class='ocrx_word' id='word_1_5' title='bbox 2195 426 2320 481; x_wconf 80' lang='lat' dir='ltr'><strong>LIB.</strong></span> <span class='ocrx_word' id='word_1_6' title='bbox 2362 428 2401 484; x_wconf 86' lang='grc' dir='ltr'>Ι.</span> 
     </span>
    </p>
   </div>
   <div class='ocr_carea' id='block_1_3' title="bbox 3369 437 3466 493">
    <p class='ocr_par' dir='ltr' id='par_1_3' title="bbox 3369 437 3466 493">
     <span class='ocr_line' id='line_1_3' title="bbox 3369 437 3466 493; baseline 0.062 -6"><span class='ocrx_word' id='word_1_7' title='bbox 3369 437 3466 493; x_wconf 75' lang='grc'><strong>106</strong></span> 
     </span>
    </p>
   </div>
   <div class='ocr_carea' id='block_1_4' title="bbox 219 536 1780 632">
    <p class='ocr_par' dir='ltr' id='par_1_4' title="bbox 219 536 1780 632">
     <span class='ocr_line' id='line_1_4' title="bbox 219 536 1780 632; baseline -0.008 -31"><span class='ocrx_word' id='word_1_8' title='bbox 219 549 319 622; x_wconf 75' lang='grc' dir='ltr'>μὲν</span> <span class='ocrx_word' id='word_1_9' title='bbox 339 545 450 599; x_wconf 83' lang='grc' dir='ltr'>τῶν</span> <span class='ocrx_word' id='word_1_10' title='bbox 467 543 637 610; x_wconf 81' lang='grc' dir='ltr'><strong>ἁγίων</strong></span> <span class='ocrx_word' id='word_1_11' title='bbox 674 543 965 615; x_wconf 82' lang='grc' dir='ltr'>μαρτύρων</span> <span class='ocrx_word' id='word_1_12' title='bbox 984 545 1015 614; x_wconf 77' lang='grc' dir='ltr'>ἡ</span> <span class='ocrx_word' id='word_1_13' title='bbox 1040 543 1289 614; x_wconf 74' lang='grc' dir='ltr'>ξυνωρὶς,</span> <span class='ocrx_word' id='word_1_14' title='bbox 1326 542 1515 632; x_wconf 85' lang='grc' dir='ltr'>πίστις</span> <span class='ocrx_word' id='word_1_15' title='bbox 1535 540 1591 594; x_wconf 82' lang='grc' dir='ltr'>δὲ</span> <span class='ocrx_word' id='word_1_16' title='bbox 1605 536 1780 632; x_wconf 55' lang='grc' dir='ltr'><strong>Δλοιπὺι</strong></span> 
     </span>
    </p>
   </div>
   <div class='ocr_carea' id='block_1_5' title="bbox 1883 536 3462 632">
    <p class='ocr_par' dir='ltr' id='par_1_5' title="bbox 1899 545 3462 632">
     <span class='ocr_line' id='line_1_5' title="bbox 1899 545 3462 632; baseline 0.015 -41"><span class='ocrx_word' id='word_1_17' title='bbox 1899 552 2019 606; x_wconf 84' lang='lat' dir='ltr'><strong>quae</strong></span> <span class='ocrx_word' id='word_1_18' title='bbox 2067 556 2192 595; x_wconf 91' lang='lat' dir='ltr'><strong>cum</strong></span> <span class='ocrx_word' id='word_1_19' title='bbox 2243 545 2580 615; x_wconf 88' lang='lat' dir='ltr'><strong>plenitudine</strong></span> <span class='ocrx_word' id='word_1_20' title='bbox 2622 549 2776 619; x_wconf 89' lang='lat' dir='ltr'><strong>legis,</strong></span> <span class='ocrx_word' id='word_1_21' title='bbox 2812 561 2925 605; x_wconf 88' lang='lat' dir='ltr'><strong>tum</strong></span> <span class='ocrx_word' id='word_1_22' title='bbox 2962 566 3320 622; x_wconf 85' lang='lat' dir='ltr'><strong>personarum</strong></span> <span class='ocrx_word' id='word_1_23' title='bbox 3356 562 3462 632; x_wconf 74' lang='lat'><strong>61</strong></span> 
     </span>
    </p>
   </div>
   <div class='ocr_carea' id='block_1_6' title="bbox 214 628 1791 705">
    <p class='ocr_par' dir='ltr' id='par_1_6' title="bbox 214 628 1791 705">
     <span class='ocr_line' id='line_1_6' title="bbox 214 628 1791 705; baseline -0.007 -14"><span class='ocrx_word' id='word_1_24' title='bbox 214 632 518 705; x_wconf 80' lang='grc' dir='ltr'><strong>οὐδαμόθεν</strong></span> <span class='ocrx_word' id='word_1_25' title='bbox 545 633 990 704; x_wconf 84' lang='grc' dir='ltr'>κατηγορουμένη</span> <span class='ocrx_word' id='word_1_26' title='bbox 1019 634 1131 696; x_wconf 86' lang='grc' dir='ltr'>τοῖς</span> <span class='ocrx_word' id='word_1_27' title='bbox 1157 631 1467 702; x_wconf 79' lang='grc' dir='ltr'><strong>λεγομένοις</strong></span> <span class='ocrx_word' id='word_1_28' title='bbox 1494 628 1791 699; x_wconf 73' lang='grc' dir='ltr'>ὀφείλεται,</span> 
     </span>
    </p>
   </div>
   <div class='ocr_carea' id='block_1_7' title="bbox 216 716 1793 795">
    <p class='ocr_par' dir='ltr' id='par_1_7' title="bbox 216 716 1793 795">
     <span class='ocr_line' id='line_1_7' title="bbox 216 716 1793 795; baseline -0.004 -15"><span class='ocrx_word' id='word_1_29' title='bbox 216 728 311 780; x_wconf 79' lang='grc' dir='ltr'>καὶ</span> <span class='ocrx_word' id='word_1_30' title='bbox 344 726 405 778; x_wconf 85' lang='grc' dir='ltr'>τὸ</span> <span class='ocrx_word' id='word_1_31' title='bbox 438 725 502 778; x_wconf 83' lang='grc' dir='ltr'>ὲκ</span> <span class='ocrx_word' id='word_1_32' title='bbox 528 716 691 795; x_wconf 80' lang='grc' dir='ltr'>νόμου</span> <span class='ocrx_word' id='word_1_33' title='bbox 713 722 950 778; x_wconf 75' lang='grc' dir='ltr'>λαϐοῦσα</span> <span class='ocrx_word' id='word_1_34' title='bbox 971 723 1263 795; x_wconf 82' lang='grc' dir='ltr'>πλήρωμα,</span> <span class='ocrx_word' id='word_1_35' title='bbox 1280 724 1374 776; x_wconf 76' lang='grc' dir='ltr'>καὶ</span> <span class='ocrx_word' id='word_1_36' title='bbox 1400 726 1464 794; x_wconf 87' lang='grc' dir='ltr'><strong>τῇ</strong></span> <span class='ocrx_word' id='word_1_37' title='bbox 1491 721 1603 776; x_wconf 83' lang='grc' dir='ltr'>τῶν</span> <span class='ocrx_word' id='word_1_38' title='bbox 1627 738 1793 793; x_wconf 89' lang='grc' dir='ltr'>προσ-</span> 
     </span>
    </p>
   </div>
   <div class='ocr_carea' id='block_1_8' title="bbox 214 812 1793 887">
    <p class='ocr_par' dir='ltr' id='par_1_8' title="bbox 214 812 1793 887">
     <span class='ocr_line' id='line_1_8' title="bbox 214 812 1793 887; baseline -0.003 -16"><span class='ocrx_word' id='word_1_39' title='bbox 214 818 382 871; x_wconf 73' lang='grc' dir='ltr'>ώπων</span> <span class='ocrx_word' id='word_1_40' title='bbox 443 817 767 887; x_wconf 69' lang='grc' dir='ltr'>περιφανείᾳ</span> <span class='ocrx_word' id='word_1_41' title='bbox 832 816 1213 887; x_wconf 74' lang='grc' dir='ltr'>βεϐαιουμένη.</span> <span class='ocrx_word' id='word_1_42' title='bbox 1266 815 1339 869; x_wconf 81' lang='grc' dir='ltr'>Τὸ</span> <span class='ocrx_word' id='word_1_43' title='bbox 1387 817 1483 886; x_wconf 86' lang='grc' dir='ltr'>μὲν</span> <span class='ocrx_word' id='word_1_44' title='bbox 1523 812 1615 869; x_wconf 83' lang='grc' dir='ltr'>οὖν</span> <span class='ocrx_word' id='word_1_45' title='bbox 1664 815 1793 885; x_wconf 81' lang='grc' dir='ltr'>περὶ</span> 
     </span>
    </p>
   </div>
   <div class='ocr_carea' id='block_1_9' title="bbox 216 906 1792 978">
    <p class='ocr_par' dir='ltr' id='par_1_9' title="bbox 216 906 1792 978">
     <span class='ocr_line' id='line_1_9' title="bbox 216 906 1792 978; baseline -0.003 -16"><span class='ocrx_word' id='word_1_46' title='bbox 216 908 414 962; x_wconf 79' lang='grc' dir='ltr'>ἑαυτοῦ</span> <span class='ocrx_word' id='word_1_47' title='bbox 440 924 493 959; x_wconf 90' lang='grc' dir='ltr'><strong>τι</strong></span> <span class='ocrx_word' id='word_1_48' title='bbox 524 908 687 973; x_wconf 80' lang='grc' dir='ltr'>φάναι</span> <span class='ocrx_word' id='word_1_49' title='bbox 718 908 811 960; x_wconf 76' lang='grc' dir='ltr'>τὸν</span> <span class='ocrx_word' id='word_1_50' title='bbox 836 908 1103 978; x_wconf 85' lang='grc' dir='ltr'>μακάριον</span> <span class='ocrx_word' id='word_1_51' title='bbox 1132 906 1541 978; x_wconf 82' lang='grc' dir='ltr'>εὑαγγελιστὴν,</span> <span class='ocrx_word' id='word_1_52' title='bbox 1560 907 1654 960; x_wconf 74' lang='grc' dir='ltr'>καὶ</span> <span class='ocrx_word' id='word_1_53' title='bbox 1684 907 1792 959; x_wconf 85' lang='grc' dir='ltr'><strong>τῶν</strong></span> 
     </span>
    </p>
   </div>
   <div class='ocr_carea' id='block_1_10' title="bbox 218 996 1792 1071">
    <p class='ocr_par' dir='ltr' id='par_1_10' title="bbox 218 996 1792 1071">
     <span class='ocr_line' id='line_1_10' title="bbox 218 996 1792 1071; baseline -0.002 -16"><span class='ocrx_word' id='word_1_54' title='bbox 218 1003 366 1055; x_wconf 76' lang='grc' dir='ltr'>ἰδίων</span> <span class='ocrx_word' id='word_1_55' title='bbox 389 999 677 1068; x_wconf 76' lang='grc' dir='ltr'><strong>ἐγκωμίων</strong></span> <span class='ocrx_word' id='word_1_56' title='bbox 706 999 1036 1069; x_wconf 64' lang='grc' dir='ltr'>ἐφάψασθαι,</span> <span class='ocrx_word' id='word_1_57' title='bbox 1079 1001 1332 1071; x_wconf 67' lang='grc' dir='ltr'>φορτικὸν</span> <span class='ocrx_word' id='word_1_58' title='bbox 1377 996 1445 1071; x_wconf 81' lang='grc' dir='ltr'>ἧν</span> <span class='ocrx_word' id='word_1_59' title='bbox 1475 1001 1662 1062; x_wconf 79' lang='grc' dir='ltr'>ὅντως,</span> <span class='ocrx_word' id='word_1_60' title='bbox 1700 1002 1792 1053; x_wconf 74' lang='grc' dir='ltr'>καὶ</span> 
     </span>
    </p>
   </div>
   <div class='ocr_carea' id='block_1_11' title="bbox 214 1085 1789 1160">
    <p class='ocr_par' dir='ltr' id='par_1_11' title="bbox 214 1085 1789 1160">
     <span class='ocr_line' id='line_1_11' title="bbox 214 1085 1789 1160; baseline -0.001 -17"><span class='ocrx_word' id='word_1_61' title='bbox 214 1090 389 1152; x_wconf 82' lang='grc' dir='ltr'>ἄλλως</span> <span class='ocrx_word' id='word_1_62' title='bbox 439 1088 760 1143; x_wconf 85' lang='grc' dir='ltr'>ἀπαίδευτον</span> <span class='ocrx_word' id='word_1_63' title='bbox 783 1105 797 1119; x_wconf 71' lang='grc'><strong>⁸</strong></span> <span class='ocrx_word' id='word_1_64' title='bbox 848 1085 883 1160; x_wconf 83' lang='grc' dir='ltr'>ἦ</span> <span class='ocrx_word' id='word_1_65' title='bbox 912 1089 1020 1160; x_wconf 79' lang='grc' dir='ltr'>γὰρ</span> <span class='ocrx_word' id='word_1_66' title='bbox 1053 1089 1119 1142; x_wconf 89' lang='grc' dir='ltr'>ἂν</span> <span class='ocrx_word' id='word_1_67' title='bbox 1156 1091 1354 1160; x_wconf 71' lang='grc' dir='ltr'>ἤκουσε</span> <span class='ocrx_word' id='word_1_68' title='bbox 1404 1089 1646 1152; x_wconf 80' lang='grc' dir='ltr'><strong>δικαίως,</strong></span> <span class='ocrx_word' id='word_1_69' title='bbox 1680 1106 1697 1139; x_wconf 81' lang='grc' dir='ltr'><strong>ι</strong></span> <span class='ocrx_word' id='word_1_70' title='bbox 1719 1089 1789 1141; x_wconf 82' lang='grc' dir='ltr'><strong>Σὺ</strong></span> 
     </span>
    </p>
   </div>
   <div class='ocr_carea' id='block_1_12' title="bbox 214 1179 1791 1253">
    <p class='ocr_par' dir='ltr' id='par_1_12' title="bbox 214 1179 1791 1253">
     <span class='ocr_line' id='line_1_12' title="bbox 214 1179 1791 1253; baseline -0.002 -18"><span class='ocrx_word' id='word_1_71' title='bbox 214 1182 343 1253; x_wconf 79' lang='grc' dir='ltr'>περὶ</span> <span class='ocrx_word' id='word_1_72' title='bbox 372 1181 596 1234; x_wconf 80' lang='grc' dir='ltr'>σεαυτοῦ</span> <span class='ocrx_word' id='word_1_73' title='bbox 657 1185 969 1253; x_wconf 77' lang='grc' dir='ltr'><strong>μαρτυρεῖς,</strong></span> <span class='ocrx_word' id='word_1_74' title='bbox 1011 1184 1044 1252; x_wconf 75' lang='grc' dir='ltr'><strong>ἡ</strong></span> <span class='ocrx_word' id='word_1_75' title='bbox 1098 1181 1371 1252; x_wconf 83' lang='grc' dir='ltr'>μαρτυρία</span> <span class='ocrx_word' id='word_1_76' title='bbox 1401 1198 1491 1234; x_wconf 73' lang='grc' dir='ltr'><strong>σου</strong></span> <span class='ocrx_word' id='word_1_77' title='bbox 1518 1181 1618 1233; x_wconf 89' lang='grc' dir='ltr'><strong>οὐκ</strong></span> <span class='ocrx_word' id='word_1_78' title='bbox 1645 1179 1791 1233; x_wconf 73' lang='grc' dir='ltr'>ἐστιν</span> 
     </span>
    </p>
   </div>
   <div class='ocr_carea' id='block_1_13' title="bbox 210 1272 1779 1345">
    <p class='ocr_par' dir='ltr' id='par_1_13' title="bbox 210 1272 1779 1345">
     <span class='ocr_line' id='line_1_13' title="bbox 210 1272 1779 1345; baseline -0.001 -18"><span class='ocrx_word' id='word_1_79' title='bbox 210 1274 439 1345; x_wconf 82' lang='grc' dir='ltr'>ἀληθής.</span> <span class='ocrx_word' id='word_1_80' title='bbox 463 1293 481 1324; x_wconf 77' lang='grc' dir='ltr'><strong>ι</strong></span> <span class='ocrx_word' id='word_1_81' title='bbox 504 1273 603 1326; x_wconf 85' lang='grc' dir='ltr'>Διά</span> <span class='ocrx_word' id='word_1_82' title='bbox 622 1291 702 1327; x_wconf 88' lang='grc' dir='ltr'><strong>τοι</strong></span> <span class='ocrx_word' id='word_1_83' title='bbox 721 1273 878 1327; x_wconf 78' lang='grc' dir='ltr'>τοῦτο</span> <span class='ocrx_word' id='word_1_84' title='bbox 896 1277 1009 1338; x_wconf 87' lang='grc' dir='ltr'>τοῖς</span> <span class='ocrx_word' id='word_1_85' title='bbox 1032 1274 1227 1327; x_wconf 84' lang='grc' dir='ltr'><strong>εἰδόσιν</strong></span> <span class='ocrx_word' id='word_1_86' title='bbox 1258 1273 1417 1327; x_wconf 78' lang='grc' dir='ltr'>αὐτὸν</span> <span class='ocrx_word' id='word_1_87' title='bbox 1445 1272 1512 1325; x_wconf 82' lang='grc' dir='ltr'>τὰ</span> <span class='ocrx_word' id='word_1_88' title='bbox 1528 1272 1779 1325; x_wconf 78' lang='grc' dir='ltr'>καθ’ὲαυ-</span> 
     </span>
    </p>
   </div>
   <div class='ocr_carea' id='block_1_14' title="bbox 210 1364 1784 1437">
    <p class='ocr_par' dir='ltr' id='par_1_14' title="bbox 210 1364 1784 1437">
     <span class='ocr_line' id='line_1_14' title="bbox 210 1364 1784 1437; baseline -0.003 -18"><span class='ocrx_word' id='word_1_89' title='bbox 210 1364 302 1419; x_wconf 80' lang='grc' dir='ltr'><strong>τδν</strong></span> <span class='ocrx_word' id='word_1_90' title='bbox 325 1366 467 1417; x_wconf 84' lang='grc' dir='ltr'>νοεῖν</span> <span class='ocrx_word' id='word_1_91' title='bbox 502 1366 808 1435; x_wconf 80' lang='grc' dir='ltr'><strong>ἐπιτρέπει,</strong></span> <span class='ocrx_word' id='word_1_92' title='bbox 857 1368 948 1420; x_wconf 75' lang='grc' dir='ltr'><strong>ἐπὶ</strong></span> <span class='ocrx_word' id='word_1_93' title='bbox 983 1367 1039 1420; x_wconf 80' lang='grc' dir='ltr'>δὲ</span> <span class='ocrx_word' id='word_1_94' title='bbox 1090 1367 1184 1419; x_wconf 81' lang='grc' dir='ltr'>τὸν</span> <span class='ocrx_word' id='word_1_95' title='bbox 1219 1365 1505 1437; x_wconf 86' lang='grc' dir='ltr'>ὁμώνυμον</span> <span class='ocrx_word' id='word_1_96' title='bbox 1547 1366 1784 1435; x_wconf 77' lang='grc' dir='ltr'>ἔρχεται,</span> 
     </span>
    </p>
   </div>
   <div class='ocr_carea' id='block_1_15' title="bbox 210 1453 1790 1525">
    <p class='ocr_par' dir='ltr' id='par_1_15' title="bbox 210 1453 1790 1525">
     <span class='ocr_line' id='line_1_15' title="bbox 210 1453 1790 1525; baseline 0 -17"><span class='ocrx_word' id='word_1_97' title='bbox 210 1453 394 1517; x_wconf 85' lang='grc' dir='ltr'>καλῶς</span> <span class='ocrx_word' id='word_1_98' title='bbox 425 1472 487 1523; x_wconf 81' lang='grc' dir='ltr'><strong>γε</strong></span> <span class='ocrx_word' id='word_1_99' title='bbox 520 1455 724 1525; x_wconf 73' lang='grc' dir='ltr'>σφόδρα</span> <span class='ocrx_word' id='word_1_100' title='bbox 750 1456 909 1509; x_wconf 84' lang='grc' dir='ltr'>τοῦτο</span> <span class='ocrx_word' id='word_1_101' title='bbox 941 1456 1128 1522; x_wconf 84' lang='grc' dir='ltr'>ποιῶν,</span> <span class='ocrx_word' id='word_1_102' title='bbox 1148 1458 1239 1510; x_wconf 79' lang='grc' dir='ltr'>καὶ</span> <span class='ocrx_word' id='word_1_103' title='bbox 1263 1455 1594 1509; x_wconf 75' lang='grc' dir='ltr'><strong>ἀπεστάλθαι</strong></span> <span class='ocrx_word' id='word_1_104' title='bbox 1627 1456 1790 1525; x_wconf 75' lang='grc' dir='ltr'>φησὶν</span> 
     </span>
    </p>
   </div>
   <div class='ocr_carea' id='block_1_16' title="bbox 209 1545 1787 1619">
    <p class='ocr_par' dir='ltr' id='par_1_16' title="bbox 209 1545 1787 1619">
     <span class='ocr_line' id='line_1_16' title="bbox 209 1545 1787 1619; baseline 0 -20"><span class='ocrx_word' id='word_1_105' title='bbox 209 1545 373 1599; x_wconf 78' lang='grc' dir='ltr'>αὑτὸν</span> <span class='ocrx_word' id='word_1_106' title='bbox 430 1547 580 1617; x_wconf 85' lang='grc' dir='ltr'>παρὰ</span> <span class='ocrx_word' id='word_1_107' title='bbox 639 1545 797 1601; x_wconf 83' lang='grc' dir='ltr'>Θεοῦ.</span> <span class='ocrx_word' id='word_1_108' title='bbox 838 1547 985 1600; x_wconf 84' lang='grc' dir='ltr'>Ἔδει</span> <span class='ocrx_word' id='word_1_109' title='bbox 1031 1547 1137 1619; x_wconf 81' lang='grc' dir='ltr'><strong>γὰρ</strong></span> <span class='ocrx_word' id='word_1_110' title='bbox 1179 1548 1277 1601; x_wconf 89' lang='grc' dir='ltr'><strong>οὐκ</strong></span> <span class='ocrx_word' id='word_1_111' title='bbox 1322 1547 1635 1617; x_wconf 75' lang='grc' dir='ltr'>αὐτόμολον,</span> <span class='ocrx_word' id='word_1_112' title='bbox 1667 1546 1787 1599; x_wconf 79' lang='grc' dir='ltr'>οὐδὲ</span> 
     </span>
    </p>
   </div>
   <div class='ocr_carea' id='block_1_17' title="bbox 209 1639 1787 1711">
    <p class='ocr_par' dir='ltr' id='par_1_17' title="bbox 209 1639 1787 1711">
     <span class='ocr_line' id='line_1_17' title="bbox 209 1639 1787 1711; baseline -0.002 -18"><span class='ocrx_word' id='word_1_113' title='bbox 209 1640 526 1710; x_wconf 79' lang='grc' dir='ltr'>αὐτοκλητῳ</span> <span class='ocrx_word' id='word_1_114' title='bbox 548 1640 747 1710; x_wconf 78' lang='grc' dir='ltr'>σπουδῇ</span> <span class='ocrx_word' id='word_1_115' title='bbox 778 1640 914 1710; x_wconf 71' lang='grc' dir='ltr'>πρὸς</span> <span class='ocrx_word' id='word_1_116' title='bbox 942 1639 1039 1710; x_wconf 73' lang='grc' dir='ltr'>τὴν</span> <span class='ocrx_word' id='word_1_117' title='bbox 1069 1641 1209 1711; x_wconf 79' lang='grc' dir='ltr'>ὑπὲρ</span> <span class='ocrx_word' id='word_1_118' title='bbox 1236 1640 1328 1693; x_wconf 81' lang='grc' dir='ltr'><strong>τοῦ</strong></span> <span class='ocrx_word' id='word_1_119' title='bbox 1359 1640 1607 1710; x_wconf 84' lang='grc' dir='ltr'><strong>Σωτῆρος</strong></span> <span class='ocrx_word' id='word_1_120' title='bbox 1630 1639 1787 1709; x_wconf 82' lang='grc' dir='ltr'>ἡμῶν</span> 
     </span>
    </p>
   </div>
   <div class='ocr_carea' id='block_1_18' title="bbox 211 1731 1785 1804">
    <p class='ocr_par' dir='ltr' id='par_1_18' title="bbox 211 1731 1785 1804">
     <span class='ocr_line' id='line_1_18' title="bbox 211 1731 1785 1804; baseline 0.001 -19"><span class='ocrx_word' id='word_1_121' title='bbox 211 1733 357 1787; x_wconf 73' lang='grc' dir='ltr'>ἰόντα</span> <span class='ocrx_word' id='word_1_122' title='bbox 382 1733 685 1804; x_wconf 79' lang='grc' dir='ltr'>μαρτυρίαν</span> <span class='ocrx_word' id='word_1_123' title='bbox 710 1733 974 1786; x_wconf 78' lang='grc' dir='ltr'>δεικνύειν</span> <span class='ocrx_word' id='word_1_124' title='bbox 994 1732 1084 1787; x_wconf 83' lang='grc' dir='ltr'>τὸν</span> <span class='ocrx_word' id='word_1_125' title='bbox 1114 1733 1265 1801; x_wconf 74' lang='grc' dir='ltr'>ἅγιον</span> <span class='ocrx_word' id='word_1_126' title='bbox 1300 1733 1627 1802; x_wconf 80' lang='grc' dir='ltr'>Βαπτιστὴν,</span> <span class='ocrx_word' id='word_1_127' title='bbox 1651 1731 1785 1786; x_wconf 85' lang='grc' dir='ltr'><strong>ἀλλά</strong></span> 
     </span>
    </p>
   </div>
   <div class='ocr_carea' id='block_1_19' title="bbox 204 1814 1787 1895">
    <p class='ocr_par' dir='ltr' id='par_1_19' title="bbox 204 1814 1787 1895">
     <span class='ocr_line' id='line_1_19' title="bbox 204 1814 1787 1895; baseline 0 -18"><span class='ocrx_word' id='word_1_128' title='bbox 204 1828 319 1887; x_wconf 87' lang='grc' dir='ltr'>τοῖς</span> <span class='ocrx_word' id='word_1_129' title='bbox 341 1825 547 1879; x_wconf 78' lang='grc' dir='ltr'>ἄνωθεν</span> <span class='ocrx_word' id='word_1_130' title='bbox 567 1814 1008 1895; x_wconf 82' lang='grc' dir='ltr'>διατεταγμένοις</span> <span class='ocrx_word' id='word_1_131' title='bbox 1036 1824 1344 1889; x_wconf 75' lang='grc' dir='ltr'>ὑπείκοντα,</span> <span class='ocrx_word' id='word_1_132' title='bbox 1370 1827 1464 1879; x_wconf 74' lang='grc' dir='ltr'><strong>καὶ</strong></span> <span class='ocrx_word' id='word_1_133' title='bbox 1489 1828 1601 1889; x_wconf 83' lang='grc' dir='ltr'>τοῖς</span> <span class='ocrx_word' id='word_1_134' title='bbox 1624 1825 1787 1888; x_wconf 80' lang='grc' dir='ltr'>θείοις</span> 
     </span>
    </p>
   </div>
   <div class='ocr_carea' id='block_1_20' title="bbox 206 1916 1782 1989">
    <p class='ocr_par' dir='ltr' id='par_1_20' title="bbox 206 1916 1782 1989">
     <span class='ocr_line' id='line_1_20' title="bbox 206 1916 1782 1989; baseline -0.001 -19"><span class='ocrx_word' id='word_1_135' title='bbox 206 1916 300 1970; x_wconf 88' lang='grc' dir='ltr'><strong>τοῦ</strong></span> <span class='ocrx_word' id='word_1_136' title='bbox 328 1918 541 1989; x_wconf 68' lang='grc' dir='ltr'>Πατρός</span> <span class='ocrx_word' id='word_1_137' title='bbox 571 1918 945 1989; x_wconf 77' lang='grc' dir='ltr'>ὑπηρετοῦντα</span> <span class='ocrx_word' id='word_1_138' title='bbox 970 1917 1255 1989; x_wconf 82' lang='grc' dir='ltr'>θελήμασι.</span> <span class='ocrx_word' id='word_1_139' title='bbox 1289 1918 1387 1971; x_wconf 86' lang='grc' dir='ltr'>Διά</span> <span class='ocrx_word' id='word_1_140' title='bbox 1418 1917 1577 1971; x_wconf 88' lang='grc' dir='ltr'>τοῦτό</span> <span class='ocrx_word' id='word_1_141' title='bbox 1599 1935 1782 1987; x_wconf 68' lang='grc' dir='ltr'>φησιν·</span> 
     </span>
    </p>
   </div>
   <div class='ocr_carea' id='block_1_21' title="bbox 212 2008 1782 2080">
    <p class='ocr_par' dir='ltr' id='par_1_21' title="bbox 212 2008 1782 2080">
     <span class='ocr_line' id='line_1_21' title="bbox 212 2008 1782 2080; baseline 0.002 -21"><span class='ocrx_word' id='word_1_142' title='bbox 212 2028 230 2059; x_wconf 75' lang='grc' dir='ltr'><strong>ι</strong></span> <span class='ocrx_word' id='word_1_143' title='bbox 291 2008 538 2076; x_wconf 80' lang='grc' dir='ltr'>Ἐγένετο</span> <span class='ocrx_word' id='word_1_144' title='bbox 620 2009 900 2079; x_wconf 83' lang='grc' dir='ltr'>ἄνθρωπος</span> <span class='ocrx_word' id='word_1_145' title='bbox 959 2010 1365 2080; x_wconf 79' lang='grc' dir='ltr'>ἀπεσταλμένος</span> <span class='ocrx_word' id='word_1_146' title='bbox 1428 2009 1577 2080; x_wconf 86' lang='grc' dir='ltr'><strong>παρά</strong></span> <span class='ocrx_word' id='word_1_147' title='bbox 1625 2009 1782 2074; x_wconf 79' lang='grc' dir='ltr'>Θεοῦ,</span> 
     </span>
    </p>
   </div>
   <div class='ocr_carea' id='block_1_22' title="bbox 202 2099 1821 2171">
    <p class='ocr_par' dir='ltr' id='par_1_22' title="bbox 202 2099 1821 2171">
     <span class='ocr_line' id='line_1_22' title="bbox 202 2099 1821 2171; baseline 0 -19"><span class='ocrx_word' id='word_1_148' title='bbox 202 2099 375 2169; x_wconf 77' lang='grc' dir='ltr'>ὄνομα</span> <span class='ocrx_word' id='word_1_149' title='bbox 440 2099 589 2169; x_wconf 87' lang='grc' dir='ltr'><strong>αὑτῷ</strong></span> <span class='ocrx_word' id='word_1_150' title='bbox 659 2100 928 2169; x_wconf 81' lang='grc' dir='ltr'>Ἰωάννης.</span> <span class='ocrx_word' id='word_1_151' title='bbox 992 2120 1009 2152; x_wconf 73' lang='grc' dir='ltr'><strong>ι</strong></span> <span class='ocrx_word' id='word_1_152' title='bbox 1082 2101 1468 2171; x_wconf 80' lang='grc' dir='ltr'>Ἐπιτηρητέον</span> <span class='ocrx_word' id='word_1_153' title='bbox 1516 2100 1573 2153; x_wconf 82' lang='grc' dir='ltr'>δὲ</span> <span class='ocrx_word' id='word_1_154' title='bbox 1638 2101 1821 2163; x_wconf 60' lang='grc' dir='ltr'>ὅπωςδ</span> 
     </span>
    </p>
   </div>
   <div class='ocr_carea' id='block_1_23' title="bbox 204 2189 1783 2263">
    <p class='ocr_par' dir='ltr' id='par_1_23' title="bbox 204 2189 1783 2263">
     <span class='ocr_line' id='line_1_23' title="bbox 204 2189 1783 2263; baseline 0.003 -22"><span class='ocrx_word' id='word_1_155' title='bbox 204 2189 423 2259; x_wconf 80' lang='grc' dir='ltr'>ἀσφαλῆ</span> <span class='ocrx_word' id='word_1_156' title='bbox 469 2207 526 2242; x_wconf 87' lang='grc' dir='ltr'><strong>τε</strong></span> <span class='ocrx_word' id='word_1_157' title='bbox 570 2190 664 2243; x_wconf 74' lang='grc' dir='ltr'>καὶ</span> <span class='ocrx_word' id='word_1_158' title='bbox 723 2192 998 2260; x_wconf 81' lang='grc' dir='ltr'>πρέποντα</span> <span class='ocrx_word' id='word_1_159' title='bbox 1034 2191 1123 2245; x_wconf 72' lang='grc' dir='ltr'><strong>τὸν</strong></span> <span class='ocrx_word' id='word_1_160' title='bbox 1162 2194 1291 2263; x_wconf 73' lang='grc' dir='ltr'>περὶ</span> <span class='ocrx_word' id='word_1_161' title='bbox 1335 2192 1566 2245; x_wconf 80' lang='grc' dir='ltr'>ἑκάστου</span> <span class='ocrx_word' id='word_1_162' title='bbox 1630 2192 1783 2261; x_wconf 86' lang='grc' dir='ltr'>λόγον</span> 
     </span>
    </p>
   </div>
   <div class='ocr_carea' id='block_1_24' title="bbox 203 2281 1783 2356">
    <p class='ocr_par' dir='ltr' id='par_1_24' title="bbox 203 2281 1783 2356">
     <span class='ocr_line' id='line_1_24' title="bbox 203 2281 1783 2356; baseline 0.003 -24"><span class='ocrx_word' id='word_1_163' title='bbox 203 2281 519 2350; x_wconf 72' lang='grc' dir='ltr'>ἐποιήσατο,</span> <span class='ocrx_word' id='word_1_164' title='bbox 560 2282 653 2334; x_wconf 76' lang='grc' dir='ltr'><strong>καὶ</strong></span> <span class='ocrx_word' id='word_1_165' title='bbox 688 2284 751 2353; x_wconf 78' lang='grc' dir='ltr'>τῇ</span> <span class='ocrx_word' id='word_1_166' title='bbox 783 2282 890 2335; x_wconf 80' lang='grc' dir='ltr'><strong>τῶν</strong></span> <span class='ocrx_word' id='word_1_167' title='bbox 915 2285 1332 2354; x_wconf 83' lang='grc' dir='ltr'>σημαινομένων</span> <span class='ocrx_word' id='word_1_168' title='bbox 1360 2284 1519 2351; x_wconf 76' lang='grc' dir='ltr'>φύσει</span> <span class='ocrx_word' id='word_1_169' title='bbox 1549 2285 1783 2356; x_wconf 74' lang='grc' dir='ltr'>ἐπάλλη-</span> 
     </span>
    </p>
   </div>
   <div class='ocr_carea' id='block_1_25' title="bbox 199 2375 1780 2453">
    <p class='ocr_par' dir='ltr' id='par_1_25' title="bbox 199 2375 1780 2453">
     <span class='ocr_line' id='line_1_25' title="bbox 199 2375 1780 2453; baseline 0.006 -26"><span class='ocrx_word' id='word_1_170' title='bbox 199 2375 311 2428; x_wconf 87' lang='grc' dir='ltr'>λον.</span> <span class='ocrx_word' id='word_1_171' title='bbox 354 2376 477 2429; x_wconf 71' lang='grc' dir='ltr'><strong>Ἐπὶ</strong></span> <span class='ocrx_word' id='word_1_172' title='bbox 512 2376 610 2447; x_wconf 79' lang='grc' dir='ltr'>μὲν</span> <span class='ocrx_word' id='word_1_173' title='bbox 637 2377 743 2448; x_wconf 81' lang='grc' dir='ltr'><strong>γὰρ</strong></span> <span class='ocrx_word' id='word_1_174' title='bbox 776 2378 868 2431; x_wconf 87' lang='grc' dir='ltr'><strong>τοῦ</strong></span> <span class='ocrx_word' id='word_1_175' title='bbox 898 2378 1033 2432; x_wconf 89' lang='grc' dir='ltr'>Θεοῦ</span> <span class='ocrx_word' id='word_1_176' title='bbox 1064 2380 1258 2448; x_wconf 82' lang='grc' dir='ltr'>Λόγου,</span> <span class='ocrx_word' id='word_1_177' title='bbox 1290 2381 1349 2434; x_wconf 81' lang='grc' dir='ltr'>τὸ</span> <span class='ocrx_word' id='word_1_178' title='bbox 1377 2399 1395 2433; x_wconf 79' lang='grc' dir='ltr'><strong>ι</strong></span> <span class='ocrx_word' id='word_1_179' title='bbox 1422 2377 1490 2453; x_wconf 81' lang='grc' dir='ltr'>ἦν</span> <span class='ocrx_word' id='word_1_180' title='bbox 1511 2400 1529 2434; x_wconf 73' lang='grc' dir='ltr'><strong>ι</strong></span> <span class='ocrx_word' id='word_1_181' title='bbox 1553 2382 1780 2436; x_wconf 78' lang='grc' dir='ltr'>ἀκολού-</span> 
     </span>
    </p>
   </div>
   <div class='ocr_carea' id='block_1_26' title="bbox 201 2465 1780 2541">
    <p class='ocr_par' dir='ltr' id='par_1_26' title="bbox 201 2465 1780 2541">
     <span class='ocr_line' id='line_1_26' title="bbox 201 2465 1780 2541; baseline 0.004 -25"><span class='ocrx_word' id='word_1_182' title='bbox 201 2465 310 2528; x_wconf 88' lang='grc' dir='ltr'><strong>θως</strong></span> <span class='ocrx_word' id='word_1_183' title='bbox 359 2466 672 2537; x_wconf 75' lang='grc' dir='ltr'>εἰσφέρεται</span> <span class='ocrx_word' id='word_1_184' title='bbox 726 2466 976 2537; x_wconf 85' lang='grc' dir='ltr'>πανταχῆ</span> <span class='ocrx_word' id='word_1_185' title='bbox 1030 2468 1131 2538; x_wconf 85' lang='grc' dir='ltr'>τὴν</span> <span class='ocrx_word' id='word_1_186' title='bbox 1188 2468 1468 2539; x_wconf 83' lang='grc' dir='ltr'>ἀῖδιότητα</span> <span class='ocrx_word' id='word_1_187' title='bbox 1516 2473 1780 2541; x_wconf 87' lang='grc' dir='ltr'>σημαῖνον</span> 
     </span>
    </p>
   </div>
   <div class='ocr_carea' id='block_1_27' title="bbox 200 2555 1779 2630">
    <p class='ocr_par' dir='ltr' id='par_1_27' title="bbox 200 2555 1779 2630">
     <span class='ocr_line' id='line_1_27' title="bbox 200 2555 1779 2630; baseline 0.003 -22"><span class='ocrx_word' id='word_1_188' title='bbox 200 2555 388 2619; x_wconf 79' lang='grc' dir='ltr'>αὐτοῦ,</span> <span class='ocrx_word' id='word_1_189' title='bbox 422 2557 515 2611; x_wconf 77' lang='grc' dir='ltr'>καὶ</span> <span class='ocrx_word' id='word_1_190' title='bbox 542 2557 602 2609; x_wconf 79' lang='grc' dir='ltr'>τὸ</span> <span class='ocrx_word' id='word_1_191' title='bbox 637 2558 815 2629; x_wconf 77' lang='grc' dir='ltr'>πάσης</span> <span class='ocrx_word' id='word_1_192' title='bbox 846 2558 1023 2629; x_wconf 83' lang='grc' dir='ltr'>ἀρχῆς</span> <span class='ocrx_word' id='word_1_193' title='bbox 1054 2558 1152 2629; x_wconf 84' lang='grc' dir='ltr'>τῆς</span> <span class='ocrx_word' id='word_1_194' title='bbox 1183 2561 1239 2612; x_wconf 87' lang='grc' dir='ltr'><strong>έν</strong></span> <span class='ocrx_word' id='word_1_195' title='bbox 1271 2558 1449 2630; x_wconf 83' lang='grc' dir='ltr'>χρόνῳ</span> <span class='ocrx_word' id='word_1_196' title='bbox 1476 2560 1779 2630; x_wconf 79' lang='grc' dir='ltr'>πρεσϐύτε·</span> 
     </span>
    </p>
   </div>
   <div class='ocr_carea' id='block_1_28' title="bbox 204 2646 1775 2719">
    <p class='ocr_par' dir='ltr' id='par_1_28' title="bbox 204 2646 1775 2719">
     <span class='ocr_line' id='line_1_28' title="bbox 204 2646 1775 2719; baseline 0.004 -24"><span class='ocrx_word' id='word_1_197' title='bbox 204 2661 316 2714; x_wconf 89' lang='grc' dir='ltr'>ρον,</span> <span class='ocrx_word' id='word_1_198' title='bbox 369 2646 557 2699; x_wconf 76' lang='grc' dir='ltr'>καὶτὸ</span> <span class='ocrx_word' id='word_1_199' title='bbox 614 2646 942 2715; x_wconf 76' lang='grc' dir='ltr'>πεποιῆσθαι</span> <span class='ocrx_word' id='word_1_200' title='bbox 1000 2648 1239 2717; x_wconf 79' lang='grc' dir='ltr'>νομίζειν</span> <span class='ocrx_word' id='word_1_201' title='bbox 1296 2648 1458 2701; x_wconf 74' lang='grc' dir='ltr'>αὑτὸν</span> <span class='ocrx_word' id='word_1_202' title='bbox 1496 2649 1775 2719; x_wconf 83' lang='grc' dir='ltr'>ἁναιροῦν.</span> 
     </span>
    </p>
   </div>
   <div class='ocr_carea' id='block_1_29' title="bbox 200 2737 1778 2808">
    <p class='ocr_par' dir='ltr' id='par_1_29' title="bbox 200 2737 1778 2808">
     <span class='ocr_line' id='line_1_29' title="bbox 200 2737 1778 2808; baseline 0.002 -20"><span class='ocrx_word' id='word_1_203' title='bbox 200 2737 275 2789; x_wconf 80' lang='grc' dir='ltr'>Τὸ</span> <span class='ocrx_word' id='word_1_204' title='bbox 304 2738 414 2808; x_wconf 79' lang='grc' dir='ltr'><strong>γὰρ</strong></span> <span class='ocrx_word' id='word_1_205' title='bbox 436 2737 494 2790; x_wconf 84' lang='grc' dir='ltr'><strong>δν</strong></span> <span class='ocrx_word' id='word_1_206' title='bbox 525 2739 610 2791; x_wconf 76' lang='grc' dir='ltr'>ἀεὶ</span> <span class='ocrx_word' id='word_1_207' title='bbox 645 2738 761 2801; x_wconf 85' lang='grc' dir='ltr'><strong>πῶς</strong></span> <span class='ocrx_word' id='word_1_208' title='bbox 795 2738 860 2791; x_wconf 86' lang='grc' dir='ltr'>ἂν</span> <span class='ocrx_word' id='word_1_209' title='bbox 897 2740 1068 2790; x_wconf 86' lang='grc' dir='ltr'>νοοῖτο</span> <span class='ocrx_word' id='word_1_210' title='bbox 1101 2739 1194 2790; x_wconf 78' lang='grc' dir='ltr'>καὶ</span> <span class='ocrx_word' id='word_1_211' title='bbox 1236 2739 1463 2807; x_wconf 88' lang='grc' dir='ltr'>γενητόν</span> <span class='ocrx_word' id='word_1_212' title='bbox 1493 2755 1507 2803; x_wconf 89' lang='grc'>;</span> <span class='ocrx_word' id='word_1_213' title='bbox 1560 2739 1680 2790; x_wconf 71' lang='grc' dir='ltr'><strong>Ἐπὶ</strong></span> <span class='ocrx_word' id='word_1_214' title='bbox 1723 2739 1778 2791; x_wconf 74' lang='grc' dir='ltr'>δὲ</span> 
     </span>
    </p>
   </div>
   <div class='ocr_carea' id='block_1_30' title="bbox 200 2827 1779 2900">
    <p class='ocr_par' dir='ltr' id='par_1_30' title="bbox 200 2827 1779 2900">
     <span class='ocr_line' id='line_1_30' title="bbox 200 2827 1779 2900; baseline 0.001 -20"><span class='ocrx_word' id='word_1_215' title='bbox 200 2827 293 2880; x_wconf 85' lang='grc' dir='ltr'><strong>τοῦ</strong></span> <span class='ocrx_word' id='word_1_216' title='bbox 327 2830 592 2900; x_wconf 84' lang='grc' dir='ltr'>μακαρίου</span> <span class='ocrx_word' id='word_1_217' title='bbox 621 2829 948 2893; x_wconf 86' lang='grc' dir='ltr'>Βαπτιστοῦ,</span> <span class='ocrx_word' id='word_1_218' title='bbox 992 2830 1305 2900; x_wconf 82' lang='grc' dir='ltr'>πρεπόντως</span> <span class='ocrx_word' id='word_1_219' title='bbox 1336 2831 1520 2899; x_wconf 84' lang='grc' dir='ltr'>φησίν·</span> <span class='ocrx_word' id='word_1_220' title='bbox 1553 2848 1571 2881; x_wconf 81' lang='lat' dir='ltr'><strong>t</strong></span> <span class='ocrx_word' id='word_1_221' title='bbox 1626 2830 1779 2897; x_wconf 85' lang='grc' dir='ltr'>Ἐγέ-</span> 
     </span>
    </p>
   </div>
   <div class='ocr_carea' id='block_1_31' title="bbox 202 2918 1776 2990">
    <p class='ocr_par' dir='ltr' id='par_1_31' title="bbox 202 2918 1776 2990">
     <span class='ocr_line' id='line_1_31' title="bbox 202 2918 1776 2990; baseline 0.002 -21"><span class='ocrx_word' id='word_1_222' title='bbox 202 2934 326 2971; x_wconf 87' lang='grc' dir='ltr'>νετο</span> <span class='ocrx_word' id='word_1_223' title='bbox 351 2918 638 2989; x_wconf 79' lang='grc' dir='ltr'>ἄνθρωπος</span> <span class='ocrx_word' id='word_1_224' title='bbox 687 2920 1095 2989; x_wconf 84' lang='grc' dir='ltr'>ἀπεσταλμένος</span> <span class='ocrx_word' id='word_1_225' title='bbox 1134 2918 1285 2990; x_wconf 84' lang='grc' dir='ltr'>παρὰ</span> <span class='ocrx_word' id='word_1_226' title='bbox 1339 2919 1496 2987; x_wconf 89' lang='grc' dir='ltr'>Θεοῦ,</span> <span class='ocrx_word' id='word_1_227' title='bbox 1532 2939 1550 2974; x_wconf 70' lang='grc' dir='ltr'><strong>ι</strong></span> <span class='ocrx_word' id='word_1_228' title='bbox 1587 2920 1662 2983; x_wconf 84' lang='grc' dir='ltr'>ὡς</span> <span class='ocrx_word' id='word_1_229' title='bbox 1692 2921 1776 2972; x_wconf 78' lang='grc' dir='ltr'><strong>ἐπ’</strong></span> 
     </span>
    </p>
   </div>
   <div class='ocr_carea' id='block_1_32' title="bbox 198 3011 1778 3084">
    <p class='ocr_par' dir='ltr' id='par_1_32' title="bbox 198 3011 1778 3084">
     <span class='ocr_line' id='line_1_32' title="bbox 198 3011 1778 3084; baseline 0.001 -20"><span class='ocrx_word' id='word_1_230' title='bbox 198 3011 492 3082; x_wconf 83' lang='grc' dir='ltr'>ἀνθρώπου</span> <span class='ocrx_word' id='word_1_231' title='bbox 537 3012 769 3083; x_wconf 82' lang='grc' dir='ltr'>γενητὴν</span> <span class='ocrx_word' id='word_1_232' title='bbox 817 3013 1029 3082; x_wconf 71' lang='grc' dir='ltr'>ἔχοντος</span> <span class='ocrx_word' id='word_1_233' title='bbox 1068 3013 1165 3083; x_wconf 79' lang='grc' dir='ltr'>τὴν</span> <span class='ocrx_word' id='word_1_234' title='bbox 1192 3012 1372 3082; x_wconf 86' lang='grc' dir='ltr'>φύσιν.</span> <span class='ocrx_word' id='word_1_235' title='bbox 1415 3014 1572 3065; x_wconf 86' lang='grc' dir='ltr'>Δοκεῖ</span> <span class='ocrx_word' id='word_1_236' title='bbox 1591 3012 1648 3066; x_wconf 85' lang='grc' dir='ltr'><strong>δέ</strong></span> <span class='ocrx_word' id='word_1_237' title='bbox 1688 3030 1778 3084; x_wconf 91' lang='grc' dir='ltr'><strong>μοι</strong></span> 
     </span>
    </p>
   </div>
   <div class='ocr_carea' id='block_1_33' title="bbox 193 3102 1778 3176">
    <p class='ocr_par' dir='ltr' id='par_1_33' title="bbox 193 3102 1778 3176">
     <span class='ocr_line' id='line_1_33' title="bbox 193 3102 1778 3176; baseline 0.003 -22"><span class='ocrx_word' id='word_1_238' title='bbox 193 3104 289 3155; x_wconf 76' lang='grc' dir='ltr'><strong>καὶ</strong></span> <span class='ocrx_word' id='word_1_239' title='bbox 342 3102 470 3157; x_wconf 83' lang='grc' dir='ltr'>λίαν</span> <span class='ocrx_word' id='word_1_240' title='bbox 514 3105 931 3174; x_wconf 78' lang='grc' dir='ltr'>ἢσφαλισμένως</span> <span class='ocrx_word' id='word_1_241' title='bbox 978 3106 1035 3158; x_wconf 83' lang='grc' dir='ltr'>ὲν</span> <span class='ocrx_word' id='word_1_242' title='bbox 1067 3104 1275 3167; x_wconf 79' lang='grc' dir='ltr'>τούτοις</span> <span class='ocrx_word' id='word_1_243' title='bbox 1314 3106 1343 3158; x_wconf 88' lang='grc' dir='ltr'><strong>ό</strong></span> <span class='ocrx_word' id='word_1_244' title='bbox 1390 3105 1778 3176; x_wconf 79' lang='grc' dir='ltr'>εὑαγγελιστὴς</span> 
     </span>
    </p>
   </div>
   <div class='ocr_carea' id='block_1_34' title="bbox 1896 629 3462 715">
    <p class='ocr_par' dir='ltr' id='par_1_34' title="bbox 1896 629 3462 715">
     <span class='ocr_line' id='line_1_34' title="bbox 1896 629 3462 715; baseline 0.015 -33"><span class='ocrx_word' id='word_1_245' title='bbox 1896 629 2146 688; x_wconf 87' lang='lat' dir='ltr'><strong>claritate</strong></span> <span class='ocrx_word' id='word_1_246' title='bbox 2192 637 2574 694; x_wconf 80' lang='lat' dir='ltr'><strong>conﬁrmatur.</strong></span> <span class='ocrx_word' id='word_1_247' title='bbox 2620 638 2696 695; x_wconf 85' lang='lat' dir='ltr'><strong>De</strong></span> <span class='ocrx_word' id='word_1_248' title='bbox 2742 656 2802 699; x_wconf 88' lang='lat' dir='ltr'><strong>se</strong></span> <span class='ocrx_word' id='word_1_249' title='bbox 2850 652 3032 699; x_wconf 90' lang='lat' dir='ltr'><strong>autem</strong></span> <span class='ocrx_word' id='word_1_250' title='bbox 3068 646 3216 715; x_wconf 88' lang='lat' dir='ltr'><strong>loqui</strong></span> <span class='ocrx_word' id='word_1_251' title='bbox 3244 629 3462 705; x_wconf 76' lang='lat' dir='ltr'><strong>beatum</strong></span> 
     </span>
    </p>
   </div>
   <div class='ocr_carea' id='block_1_35' title="bbox 1895 725 3465 810">
    <p class='ocr_par' dir='ltr' id='par_1_35' title="bbox 1895 725 3465 810">
     <span class='ocr_line' id='line_1_35' title="bbox 1895 725 3465 810; baseline 0.015 -35"><span class='ocrx_word' id='word_1_252' title='bbox 1895 725 2309 794; x_wconf 75' lang='lat' dir='ltr'><strong>evangelistam.</strong></span> <span class='ocrx_word' id='word_1_253' title='bbox 2332 742 2570 799; x_wconf 85' lang='lat' dir='ltr'><strong>suasque</strong></span> <span class='ocrx_word' id='word_1_254' title='bbox 2608 732 2798 789; x_wconf 85' lang='lat' dir='ltr'><strong>laudes</strong></span> <span class='ocrx_word' id='word_1_255' title='bbox 2829 736 3119 808; x_wconf 73' lang='lat' dir='ltr'><strong>attingere,</strong></span> <span class='ocrx_word' id='word_1_256' title='bbox 3146 755 3310 810; x_wconf 86' lang='lat' dir='ltr'><strong>grave</strong></span> <span class='ocrx_word' id='word_1_257' title='bbox 3331 757 3465 799; x_wconf 86' lang='lat' dir='ltr'><strong>sane</strong></span> 
     </span>
    </p>
   </div>
   <div class='ocr_carea' id='block_1_36' title="bbox 1897 811 3464 903">
    <p class='ocr_par' dir='ltr' id='par_1_36' title="bbox 1897 811 3464 903">
     <span class='ocr_line' id='line_1_36' title="bbox 1897 811 3464 903; baseline 0.017 -39"><span class='ocrx_word' id='word_1_258' title='bbox 1897 811 2124 880; x_wconf 81' lang='lat' dir='ltr'><strong>fuisset,</strong></span> <span class='ocrx_word' id='word_1_259' title='bbox 2165 831 2230 870; x_wconf 91' lang='lat' dir='ltr'><strong>ac</strong></span> <span class='ocrx_word' id='word_1_260' title='bbox 2283 821 2616 890; x_wconf 84' lang='lat' dir='ltr'><strong>caeteroquin</strong></span> <span class='ocrx_word' id='word_1_261' title='bbox 2679 823 3014 895; x_wconf 87' lang='lat' dir='ltr'><strong>imperitum.</strong></span> <span class='ocrx_word' id='word_1_262' title='bbox 3063 830 3284 902; x_wconf 84' lang='lat' dir='ltr'><strong>Alioqui</strong></span> <span class='ocrx_word' id='word_1_263' title='bbox 3339 834 3464 903; x_wconf 87' lang='lat' dir='ltr'><strong>jure</strong></span> 
     </span>
    </p>
   </div>
   <div class='ocr_carea' id='block_1_37' title="bbox 1896 903 3462 986">
    <p class='ocr_par' dir='ltr' id='par_1_37' title="bbox 1896 903 3462 986">
     <span class='ocr_line' id='line_1_37' title="bbox 1896 903 3462 986; baseline 0.017 -32"><span class='ocrx_word' id='word_1_264' title='bbox 1896 903 2159 959; x_wconf 88' lang='lat' dir='ltr'><strong>audiisset</strong></span> <span class='ocrx_word' id='word_1_265' title='bbox 2186 925 2198 960; x_wconf 93' lang='lat'>:</span> <span class='ocrx_word' id='word_1_266' title='bbox 2234 926 2250 958; x_wconf 83' lang='grc' dir='ltr'><strong>ι</strong></span> <span class='ocrx_word' id='word_1_267' title='bbox 2274 907 2354 962; x_wconf 90' lang='lat' dir='ltr'><strong>Tu</strong></span> <span class='ocrx_word' id='word_1_268' title='bbox 2401 911 2469 965; x_wconf 91' lang='lat' dir='ltr'><strong>de</strong></span> <span class='ocrx_word' id='word_1_269' title='bbox 2498 912 2672 982; x_wconf 90' lang='lat' dir='ltr'><strong>teipso</strong></span> <span class='ocrx_word' id='word_1_270' title='bbox 2718 918 3053 986; x_wconf 75' lang='lat' dir='ltr'><strong>testiﬁcaris,</strong></span> <span class='ocrx_word' id='word_1_271' title='bbox 3085 925 3462 980; x_wconf 88' lang='lat' dir='ltr'><strong>testimonium</strong></span> 
     </span>
    </p>
   </div>
   <div class='ocr_carea' id='block_1_38' title="bbox 1895 1003 3462 1084">
    <p class='ocr_par' dir='ltr' id='par_1_38' title="bbox 1895 1003 3462 1084">
     <span class='ocr_line' id='line_1_38' title="bbox 1895 1003 3462 1084; baseline 0.018 -36"><span class='ocrx_word' id='word_1_272' title='bbox 1895 1003 2045 1050; x_wconf 89' lang='lat' dir='ltr'><strong>tuum</strong></span> <span class='ocrx_word' id='word_1_273' title='bbox 2082 1014 2189 1053; x_wconf 91' lang='lat' dir='ltr'><strong>non</strong></span> <span class='ocrx_word' id='word_1_274' title='bbox 2222 1008 2304 1055; x_wconf 90' lang='lat' dir='ltr'><strong>cst</strong></span> <span class='ocrx_word' id='word_1_275' title='bbox 2331 1018 2518 1058; x_wconf 84' lang='lat' dir='ltr'><strong>verum</strong></span> <span class='ocrx_word' id='word_1_276' title='bbox 2535 1007 2623 1059; x_wconf 58' lang='lat'><strong>&quot;2</strong></span> <span class='ocrx_word' id='word_1_277' title='bbox 2662 1024 2681 1058; x_wconf 76' lang='grc' dir='ltr'><strong>ι</strong></span> <span class='ocrx_word' id='word_1_278' title='bbox 2705 1008 2915 1064; x_wconf 76' lang='lat' dir='ltr'><strong>Idcirco</strong></span> <span class='ocrx_word' id='word_1_279' title='bbox 2948 1012 3016 1068; x_wconf 91' lang='lat' dir='ltr'><strong>iis</strong></span> <span class='ocrx_word' id='word_1_280' title='bbox 3062 1016 3264 1084; x_wconf 91' lang='lat' dir='ltr'><strong>quibus</strong></span> <span class='ocrx_word' id='word_1_281' title='bbox 3298 1027 3462 1076; x_wconf 81' lang='lat' dir='ltr'><strong>notus</strong></span> 
     </span>
    </p>
   </div>
   <div class='ocr_carea' id='block_1_39' title="bbox 1894 1089 3461 1181">
    <p class='ocr_par' dir='ltr' id='par_1_39' title="bbox 1894 1089 3461 1181">
     <span class='ocr_line' id='line_1_39' title="bbox 1894 1089 3461 1181; baseline 0.017 -42"><span class='ocrx_word' id='word_1_282' title='bbox 1894 1092 2031 1149; x_wconf 90' lang='lat' dir='ltr'><strong>erat,</strong></span> <span class='ocrx_word' id='word_1_283' title='bbox 2050 1089 2124 1141; x_wconf 90' lang='lat' dir='ltr'><strong>sei</strong></span> <span class='ocrx_word' id='word_1_284' title='bbox 2134 1105 2287 1158; x_wconf 88' lang='lat' dir='ltr'><strong>psum</strong></span> <span class='ocrx_word' id='word_1_285' title='bbox 2311 1095 2576 1163; x_wconf 86' lang='lat' dir='ltr'><strong>permittit</strong></span> <span class='ocrx_word' id='word_1_286' title='bbox 2594 1102 3025 1168; x_wconf 80' lang='lat' dir='ltr'><strong>agnoscendum,</strong></span> <span class='ocrx_word' id='word_1_287' title='bbox 3045 1106 3461 1181; x_wconf 86' lang='lat' dir='ltr'><strong>ethomonymia</strong></span> 
     </span>
    </p>
   </div>
   <div class='ocr_carea' id='block_1_40' title="bbox 1894 1176 3460 1268">
    <p class='ocr_par' dir='ltr' id='par_1_40' title="bbox 1894 1176 3460 1268">
     <span class='ocr_line' id='line_1_40' title="bbox 1894 1176 3460 1268; baseline 0.018 -40"><span class='ocrx_word' id='word_1_288' title='bbox 1894 1176 2084 1238; x_wconf 86' lang='lat' dir='ltr'><strong>utitur,</strong></span> <span class='ocrx_word' id='word_1_289' title='bbox 2118 1195 2220 1235; x_wconf 88' lang='lat' dir='ltr'><strong>nec</strong></span> <span class='ocrx_word' id='word_1_290' title='bbox 2278 1182 2377 1240; x_wconf 89' lang='lat' dir='ltr'><strong>abs</strong></span> <span class='ocrx_word' id='word_1_291' title='bbox 2431 1201 2511 1253; x_wconf 85' lang='lat' dir='ltr'><strong>re,</strong></span> <span class='ocrx_word' id='word_1_292' title='bbox 2558 1197 2611 1242; x_wconf 89' lang='lat' dir='ltr'><strong>et</strong></span> <span class='ocrx_word' id='word_1_293' title='bbox 2644 1190 2871 1245; x_wconf 89' lang='lat' dir='ltr'><strong>missum</strong></span> <span class='ocrx_word' id='word_1_294' title='bbox 2919 1209 3043 1249; x_wconf 89' lang='lat' dir='ltr'><strong>esse</strong></span> <span class='ocrx_word' id='word_1_295' title='bbox 3089 1198 3162 1250; x_wconf 87' lang='lat' dir='ltr'><strong>ait</strong></span> <span class='ocrx_word' id='word_1_296' title='bbox 3208 1199 3386 1268; x_wconf 90' lang='lat' dir='ltr'><strong>ipsum</strong></span> <span class='ocrx_word' id='word_1_297' title='bbox 3428 1219 3460 1256; x_wconf 88' lang='lat' dir='ltr'><strong>a</strong></span> 
     </span>
    </p>
   </div>
   <div class='ocr_carea' id='block_1_41' title="bbox 1894 1266 3459 1359">
    <p class='ocr_par' dir='ltr' id='par_1_41' title="bbox 1894 1266 3459 1359">
     <span class='ocr_line' id='line_1_41' title="bbox 1894 1266 3459 1359; baseline 0.017 -40"><span class='ocrx_word' id='word_1_298' title='bbox 1894 1266 2026 1325; x_wconf 91' lang='lat' dir='ltr'><strong>Deo.</strong></span> <span class='ocrx_word' id='word_1_299' title='bbox 2058 1268 2296 1327; x_wconf 88' lang='lat' dir='ltr'><strong>Decehat</strong></span> <span class='ocrx_word' id='word_1_300' title='bbox 2334 1275 2478 1330; x_wconf 89' lang='lat' dir='ltr'><strong>enim</strong></span> <span class='ocrx_word' id='word_1_301' title='bbox 2535 1281 2823 1337; x_wconf 82' lang='lat' dir='ltr'><strong>ostendere</strong></span> <span class='ocrx_word' id='word_1_302' title='bbox 2875 1296 3126 1341; x_wconf 89' lang='lat' dir='ltr'><strong>sanetum</strong></span> <span class='ocrx_word' id='word_1_303' title='bbox 3160 1266 3459 1359; x_wconf 38' lang='lat' dir='ltr'><strong>Ba—ptistam</strong></span> 
     </span>
    </p>
   </div>
   <div class='ocr_carea' id='block_1_42' title="bbox 1892 1376 3461 1442">
    <p class='ocr_par' dir='ltr' id='par_1_42' title="bbox 1892 1376 3461 1442">
     <span class='ocr_line' id='line_1_42' title="bbox 1892 1376 3461 1442; baseline 0.017 -29"><span class='ocrx_word' id='word_1_304' title='bbox 1892 1376 1999 1415; x_wconf 91' lang='lat' dir='ltr'><strong>non</strong></span> <span class='ocrx_word' id='word_1_305' title='bbox 2040 1379 2137 1432; x_wconf 85' lang='lat' dir='ltr'><strong>per</strong></span> <span class='ocrx_word' id='word_1_306' title='bbox 2175 1381 2255 1430; x_wconf 89' lang='lat' dir='ltr'><strong>se,</strong></span> <span class='ocrx_word' id='word_1_307' title='bbox 2290 1382 2392 1423; x_wconf 91' lang='lat' dir='ltr'><strong>nec</strong></span> <span class='ocrx_word' id='word_1_308' title='bbox 2446 1386 2543 1424; x_wconf 89' lang='lat' dir='ltr'><strong>sua</strong></span> <span class='ocrx_word' id='word_1_309' title='bbox 2597 1383 2792 1442; x_wconf 84' lang='lat' dir='ltr'><strong>sponte</strong></span> <span class='ocrx_word' id='word_1_310' title='bbox 2839 1377 2907 1430; x_wconf 92' lang='lat' dir='ltr'><strong>ad</strong></span> <span class='ocrx_word' id='word_1_311' title='bbox 2963 1381 3337 1437; x_wconf 88' lang='lat' dir='ltr'><strong>testimonium</strong></span> <span class='ocrx_word' id='word_1_312' title='bbox 3394 1386 3461 1440; x_wconf 90' lang='lat' dir='ltr'><strong>de</strong></span> 
     </span>
    </p>
   </div>
   <div class='ocr_carea' id='block_1_43' title="bbox 1893 1455 3460 1548">
    <p class='ocr_par' dir='ltr' id='par_1_43' title="bbox 1893 1455 3460 1548">
     <span class='ocr_line' id='line_1_43' title="bbox 1893 1455 3460 1548; baseline 0.016 -40"><span class='ocrx_word' id='word_1_313' title='bbox 1893 1455 2178 1516; x_wconf 89' lang='lat' dir='ltr'><strong>Salvatore</strong></span> <span class='ocrx_word' id='word_1_314' title='bbox 2210 1474 2401 1518; x_wconf 91' lang='lat' dir='ltr'><strong>nostro</strong></span> <span class='ocrx_word' id='word_1_315' title='bbox 2430 1466 2710 1522; x_wconf 80' lang='lat' dir='ltr'><strong>ferendum</strong></span> <span class='ocrx_word' id='word_1_316' title='bbox 2744 1475 3064 1540; x_wconf 84' lang='lat' dir='ltr'><strong>accessisse,</strong></span> <span class='ocrx_word' id='word_1_317' title='bbox 3090 1477 3182 1531; x_wconf 90' lang='lat' dir='ltr'><strong>sed</strong></span> <span class='ocrx_word' id='word_1_318' title='bbox 3207 1480 3460 1548; x_wconf 86' lang='lat' dir='ltr'><strong>supernis</strong></span> 
     </span>
    </p>
   </div>
   <div class='ocr_carea' id='block_1_44' title="bbox 1892 1551 3457 1626">
    <p class='ocr_par' dir='ltr' id='par_1_44' title="bbox 1892 1551 3457 1626">
     <span class='ocr_line' id='line_1_44' title="bbox 1892 1551 3457 1626; baseline 0.016 -27"><span class='ocrx_word' id='word_1_319' title='bbox 1892 1551 2161 1607; x_wconf 88' lang='lat' dir='ltr'><strong>mandatis</strong></span> <span class='ocrx_word' id='word_1_320' title='bbox 2193 1554 2621 1626; x_wconf 80' lang='lat' dir='ltr'><strong>obtemperasse,</strong></span> <span class='ocrx_word' id='word_1_321' title='bbox 2654 1576 2716 1616; x_wconf 85' lang='lat' dir='ltr'><strong>ac</strong></span> <span class='ocrx_word' id='word_1_322' title='bbox 2753 1564 2953 1620; x_wconf 83' lang='lat' dir='ltr'><strong>divinis</strong></span> <span class='ocrx_word' id='word_1_323' title='bbox 3005 1562 3184 1624; x_wconf 88' lang='lat' dir='ltr'><strong>Patris</strong></span> <span class='ocrx_word' id='word_1_324' title='bbox 3233 1570 3457 1625; x_wconf 87' lang='lat' dir='ltr'><strong>nutibus</strong></span> 
     </span>
    </p>
   </div>
   <div class='ocr_carea' id='block_1_45' title="bbox 1890 1648 3457 1726">
    <p class='ocr_par' dir='ltr' id='par_1_45' title="bbox 1890 1648 3457 1726">
     <span class='ocr_line' id='line_1_45' title="bbox 1890 1648 3457 1726; baseline 0.015 -33"><span class='ocrx_word' id='word_1_325' title='bbox 1890 1654 2095 1696; x_wconf 84' lang='lat' dir='ltr'><strong>morem</strong></span> <span class='ocrx_word' id='word_1_326' title='bbox 2146 1650 2407 1712; x_wconf 75' lang='lat' dir='ltr'><strong>gessisse.</strong></span> <span class='ocrx_word' id='word_1_327' title='bbox 2450 1648 2721 1714; x_wconf 84' lang='lat' dir='ltr'><strong>Quocirca</strong></span> <span class='ocrx_word' id='word_1_328' title='bbox 2772 1654 2993 1726; x_wconf 89' lang='lat' dir='ltr'><strong>inquit:</strong></span> <span class='ocrx_word' id='word_1_329' title='bbox 3038 1678 3055 1709; x_wconf 77' lang='grc' dir='ltr'><strong>ι</strong></span> <span class='ocrx_word' id='word_1_330' title='bbox 3109 1658 3232 1714; x_wconf 83' lang='lat' dir='ltr'><strong>Fuit</strong></span> <span class='ocrx_word' id='word_1_331' title='bbox 3294 1662 3457 1717; x_wconf 90' lang='lat' dir='ltr'><strong>homo</strong></span> 
     </span>
    </p>
   </div>
   <div class='ocr_carea' id='block_1_46' title="bbox 1890 1728 3458 1803">
    <p class='ocr_par' dir='ltr' id='par_1_46' title="bbox 1890 1728 3458 1803">
     <span class='ocr_line' id='line_1_46' title="bbox 1890 1728 3458 1803; baseline 0.015 -24"><span class='ocrx_word' id='word_1_332' title='bbox 1890 1728 2095 1786; x_wconf 90' lang='lat' dir='ltr'><strong>missus</strong></span> <span class='ocrx_word' id='word_1_333' title='bbox 2136 1747 2166 1785; x_wconf 94' lang='lat' dir='ltr'><strong>a</strong></span> <span class='ocrx_word' id='word_1_334' title='bbox 2204 1732 2334 1799; x_wconf 85' lang='lat' dir='ltr'><strong>Deo,</strong></span> <span class='ocrx_word' id='word_1_335' title='bbox 2369 1739 2455 1791; x_wconf 82' lang='lat' dir='ltr'><strong>cui</strong></span> <span class='ocrx_word' id='word_1_336' title='bbox 2499 1754 2695 1795; x_wconf 83' lang='lat' dir='ltr'><strong>nomen</strong></span> <span class='ocrx_word' id='word_1_337' title='bbox 2743 1752 2863 1797; x_wconf 88' lang='lat' dir='ltr'><strong>erat</strong></span> <span class='ocrx_word' id='word_1_338' title='bbox 2896 1742 3154 1801; x_wconf 85' lang='lat' dir='ltr'><strong>Joannes.</strong></span> <span class='ocrx_word' id='word_1_339' title='bbox 3200 1767 3217 1798; x_wconf 73' lang='grc' dir='ltr'><strong>ι</strong></span> <span class='ocrx_word' id='word_1_340' title='bbox 3257 1746 3458 1803; x_wconf 82' lang='lat' dir='ltr'><strong>Obser-</strong></span> 
     </span>
    </p>
   </div>
   <div class='ocr_carea' id='block_1_47' title="bbox 1891 1823 3457 1902">
    <p class='ocr_par' dir='ltr' id='par_1_47' title="bbox 1891 1823 3457 1902">
     <span class='ocr_line' id='line_1_47' title="bbox 1891 1823 3457 1902; baseline 0.016 -29"><span class='ocrx_word' id='word_1_341' title='bbox 1891 1823 2126 1876; x_wconf 83' lang='lat' dir='ltr'><strong>vandum</strong></span> <span class='ocrx_word' id='word_1_342' title='bbox 2156 1833 2335 1881; x_wconf 89' lang='lat' dir='ltr'><strong>autem</strong></span> <span class='ocrx_word' id='word_1_343' title='bbox 2365 1837 2469 1895; x_wconf 84' lang='lat' dir='ltr'><strong>est,</strong></span> <span class='ocrx_word' id='word_1_344' title='bbox 2517 1847 2625 1899; x_wconf 85' lang='lat' dir='ltr'><strong>quo</strong></span> <span class='ocrx_word' id='word_1_345' title='bbox 2662 1842 2818 1902; x_wconf 88' lang='lat' dir='ltr'><strong>pacto</strong></span> <span class='ocrx_word' id='word_1_346' title='bbox 2852 1845 3022 1899; x_wconf 89' lang='lat' dir='ltr'><strong>certa,</strong></span> <span class='ocrx_word' id='word_1_347' title='bbox 3056 1838 3249 1895; x_wconf 91' lang='lat' dir='ltr'><strong>idonea</strong></span> <span class='ocrx_word' id='word_1_348' title='bbox 3279 1850 3333 1894; x_wconf 90' lang='lat' dir='ltr'><strong>et</strong></span> <span class='ocrx_word' id='word_1_349' title='bbox 3371 1857 3457 1897; x_wconf 83' lang='lat' dir='ltr'><strong>re-</strong></span> 
     </span>
    </p>
   </div>
   <div class='ocr_carea' id='block_1_48' title="bbox 1888 1923 3454 1988">
    <p class='ocr_par' dir='ltr' id='par_1_48' title="bbox 1888 1923 3454 1988">
     <span class='ocr_line' id='line_1_48' title="bbox 1888 1923 3454 1988; baseline 0.015 -23"><span class='ocrx_word' id='word_1_350' title='bbox 1888 1927 2007 1967; x_wconf 90' lang='lat' dir='ltr'><strong>rum</strong></span> <span class='ocrx_word' id='word_1_351' title='bbox 2040 1923 2250 1972; x_wconf 75' lang='lat' dir='ltr'><strong>naturae</strong></span> <span class='ocrx_word' id='word_1_352' title='bbox 2281 1924 2692 1978; x_wconf 88' lang='lat' dir='ltr'><strong>accommodata</strong></span> <span class='ocrx_word' id='word_1_353' title='bbox 2723 1926 2973 1982; x_wconf 89' lang='lat' dir='ltr'><strong>oratione</strong></span> <span class='ocrx_word' id='word_1_354' title='bbox 3007 1936 3210 1987; x_wconf 87' lang='lat' dir='ltr'><strong>utatur.</strong></span> <span class='ocrx_word' id='word_1_355' title='bbox 3243 1930 3454 1988; x_wconf 86' lang='lat' dir='ltr'><strong>Etenim</strong></span> 
     </span>
    </p>
   </div>
   <div class='ocr_carea' id='block_1_49' title="bbox 1887 2004 3452 2091">
    <p class='ocr_par' dir='ltr' id='par_1_49' title="bbox 1887 2004 3452 2091">
     <span class='ocr_line' id='line_1_49' title="bbox 1887 2004 3452 2091; baseline 0.013 -33"><span class='ocrx_word' id='word_1_356' title='bbox 1887 2004 2040 2069; x_wconf 91' lang='lat' dir='ltr'><strong>illud,</strong></span> <span class='ocrx_word' id='word_1_357' title='bbox 2074 2026 2091 2058; x_wconf 86' lang='grc'><strong>‹</strong></span> <span class='ocrx_word' id='word_1_358' title='bbox 2134 2019 2273 2075; x_wconf 87' lang='lat' dir='ltr'><strong>erat,</strong></span> <span class='ocrx_word' id='word_1_359' title='bbox 2316 2031 2333 2061; x_wconf 75' lang='grc' dir='ltr'><strong>ι</strong></span> <span class='ocrx_word' id='word_1_360' title='bbox 2370 2012 2436 2066; x_wconf 89' lang='lat' dir='ltr'><strong>de</strong></span> <span class='ocrx_word' id='word_1_361' title='bbox 2467 2012 2574 2067; x_wconf 85' lang='lat' dir='ltr'><strong>Deo</strong></span> <span class='ocrx_word' id='word_1_362' title='bbox 2607 2014 2787 2071; x_wconf 81' lang='lat' dir='ltr'><strong>Verbo</strong></span> <span class='ocrx_word' id='word_1_363' title='bbox 2820 2029 3187 2075; x_wconf 81' lang='lat' dir='ltr'><strong>consentanea</strong></span> <span class='ocrx_word' id='word_1_364' title='bbox 3227 2022 3452 2091; x_wconf 88' lang='lat' dir='ltr'><strong>dicitur,</strong></span> 
     </span>
    </p>
   </div>
   <div class='ocr_carea' id='block_1_50' title="bbox 1884 2101 3456 2185">
    <p class='ocr_par' dir='ltr' id='par_1_50' title="bbox 1884 2101 3456 2185">
     <span class='ocr_line' id='line_1_50' title="bbox 1884 2101 3456 2185; baseline 0.011 -33"><span class='ocrx_word' id='word_1_365' title='bbox 1884 2101 2243 2155; x_wconf 65' lang='lat' dir='ltr'><strong>mternitatem</strong></span> <span class='ocrx_word' id='word_1_366' title='bbox 2281 2104 2423 2172; x_wconf 86' lang='lat' dir='ltr'><strong>ejus,</strong></span> <span class='ocrx_word' id='word_1_367' title='bbox 2475 2114 2527 2159; x_wconf 84' lang='lat' dir='ltr'><strong>et</strong></span> <span class='ocrx_word' id='word_1_368' title='bbox 2568 2108 2944 2178; x_wconf 86' lang='lat' dir='ltr'><strong>antiquitatem</strong></span> <span class='ocrx_word' id='word_1_369' title='bbox 2997 2114 3146 2166; x_wconf 90' lang='lat' dir='ltr'><strong>omni</strong></span> <span class='ocrx_word' id='word_1_370' title='bbox 3187 2114 3456 2185; x_wconf 87' lang='lat' dir='ltr'><strong>principio</strong></span> 
     </span>
    </p>
   </div>
   <div class='ocr_carea' id='block_1_51' title="bbox 1884 2194 3454 2277">
    <p class='ocr_par' dir='ltr' id='par_1_51' title="bbox 1884 2194 3454 2277">
     <span class='ocr_line' id='line_1_51' title="bbox 1884 2194 3454 2277; baseline 0.011 -31"><span class='ocrx_word' id='word_1_371' title='bbox 1884 2194 2145 2262; x_wconf 89' lang='lat' dir='ltr'><strong>temporis</strong></span> <span class='ocrx_word' id='word_1_372' title='bbox 2188 2196 2427 2265; x_wconf 87' lang='lat' dir='ltr'><strong>priorem</strong></span> <span class='ocrx_word' id='word_1_373' title='bbox 2458 2199 2659 2269; x_wconf 90' lang='lat' dir='ltr'><strong>ubique</strong></span> <span class='ocrx_word' id='word_1_374' title='bbox 2693 2201 3034 2271; x_wconf 82' lang='lat' dir='ltr'><strong>signiﬁcans,</strong></span> <span class='ocrx_word' id='word_1_375' title='bbox 3059 2215 3112 2260; x_wconf 92' lang='lat' dir='ltr'><strong>et</strong></span> <span class='ocrx_word' id='word_1_376' title='bbox 3141 2207 3454 2277; x_wconf 85' lang='lat' dir='ltr'><strong>opinionem</strong></span> 
     </span>
    </p>
   </div>
   <div class='ocr_carea' id='block_1_52' title="bbox 1884 2286 3455 2365">
    <p class='ocr_par' dir='ltr' id='par_1_52' title="bbox 1884 2286 3455 2365">
     <span class='ocr_line' id='line_1_52' title="bbox 1884 2286 3455 2365; baseline 0.011 -27"><span class='ocrx_word' id='word_1_377' title='bbox 1884 2286 2029 2355; x_wconf 92' lang='lat' dir='ltr'><strong>quod</strong></span> <span class='ocrx_word' id='word_1_378' title='bbox 2057 2298 2271 2344; x_wconf 87' lang='lat' dir='ltr'><strong>creatus</strong></span> <span class='ocrx_word' id='word_1_379' title='bbox 2303 2290 2393 2354; x_wconf 85' lang='lat' dir='ltr'><strong>sit,</strong></span> <span class='ocrx_word' id='word_1_380' title='bbox 2423 2307 2491 2344; x_wconf 82' lang='lat' dir='ltr'><strong>ex</strong></span> <span class='ocrx_word' id='word_1_381' title='bbox 2530 2293 2711 2347; x_wconf 90' lang='lat' dir='ltr'><strong>animo</strong></span> <span class='ocrx_word' id='word_1_382' title='bbox 2743 2309 2969 2364; x_wconf 90' lang='lat' dir='ltr'><strong>prorsus</strong></span> <span class='ocrx_word' id='word_1_383' title='bbox 3003 2298 3262 2354; x_wconf 79' lang='lat' dir='ltr'><strong>evellens.</strong></span> <span class='ocrx_word' id='word_1_384' title='bbox 3300 2301 3455 2365; x_wconf 84' lang='lat' dir='ltr'><strong>Quod</strong></span> 
     </span>
    </p>
   </div>
   <div class='ocr_carea' id='block_1_53' title="bbox 1882 2378 3455 2452">
    <p class='ocr_par' dir='ltr' id='par_1_53' title="bbox 1882 2378 3455 2452">
     <span class='ocr_line' id='line_1_53' title="bbox 1882 2378 3455 2452; baseline 0.01 -21"><span class='ocrx_word' id='word_1_385' title='bbox 1882 2378 2025 2431; x_wconf 90' lang='lat' dir='ltr'><strong>enim</strong></span> <span class='ocrx_word' id='word_1_386' title='bbox 2053 2394 2269 2448; x_wconf 89' lang='lat' dir='ltr'><strong>semper</strong></span> <span class='ocrx_word' id='word_1_387' title='bbox 2313 2390 2417 2446; x_wconf 91' lang='lat' dir='ltr'><strong>est,</strong></span> <span class='ocrx_word' id='word_1_388' title='bbox 2458 2386 2733 2452; x_wconf 87' lang='lat' dir='ltr'><strong>quomodo</strong></span> <span class='ocrx_word' id='word_1_389' title='bbox 2759 2396 3004 2442; x_wconf 88' lang='lat' dir='ltr'><strong>creatum</strong></span> <span class='ocrx_word' id='word_1_390' title='bbox 3040 2391 3179 2443; x_wconf 82' lang='lat' dir='ltr'><strong>erit?</strong></span> <span class='ocrx_word' id='word_1_391' title='bbox 3198 2391 3274 2446; x_wconf 90' lang='lat' dir='ltr'><strong>De</strong></span> <span class='ocrx_word' id='word_1_392' title='bbox 3297 2393 3455 2448; x_wconf 84' lang='lat' dir='ltr'><strong>beato</strong></span> 
     </span>
    </p>
   </div>
   <div class='ocr_carea' id='block_1_54' title="bbox 1883 2468 3457 2543">
    <p class='ocr_par' dir='ltr' id='par_1_54' title="bbox 1883 2468 3457 2543">
     <span class='ocr_line' id='line_1_54' title="bbox 1883 2468 3457 2543; baseline 0.015 -25"><span class='ocrx_word' id='word_1_393' title='bbox 1883 2482 2011 2521; x_wconf 87' lang='lat' dir='ltr'><strong>vero</strong></span> <span class='ocrx_word' id='word_1_394' title='bbox 2057 2468 2302 2538; x_wconf 86' lang='lat' dir='ltr'><strong>Baptista</strong></span> <span class='ocrx_word' id='word_1_395' title='bbox 2350 2475 2741 2531; x_wconf 84' lang='lat' dir='ltr'><strong>convenienter</strong></span> <span class='ocrx_word' id='word_1_396' title='bbox 2776 2479 2872 2543; x_wconf 89' lang='lat' dir='ltr'><strong>ait,</strong></span> <span class='ocrx_word' id='word_1_397' title='bbox 2910 2497 2928 2530; x_wconf 80' lang='grc' dir='ltr'><strong>ι</strong></span> <span class='ocrx_word' id='word_1_398' title='bbox 2969 2477 3093 2535; x_wconf 86' lang='lat' dir='ltr'><strong>Fuit</strong></span> <span class='ocrx_word' id='word_1_399' title='bbox 3124 2483 3285 2538; x_wconf 92' lang='lat' dir='ltr'><strong>homo</strong></span> <span class='ocrx_word' id='word_1_400' title='bbox 3323 2487 3457 2541; x_wconf 87' lang='lat' dir='ltr'><strong>mis-</strong></span> 
     </span>
    </p>
   </div>
   <div class='ocr_carea' id='block_1_55' title="bbox 1883 2557 3455 2632">
    <p class='ocr_par' dir='ltr' id='par_1_55' title="bbox 1883 2557 3455 2632">
     <span class='ocr_line' id='line_1_55' title="bbox 1883 2557 3455 2632; baseline 0.012 -23"><span class='ocrx_word' id='word_1_401' title='bbox 1883 2571 1977 2611; x_wconf 86' lang='lat' dir='ltr'><strong>sus</strong></span> <span class='ocrx_word' id='word_1_402' title='bbox 2035 2571 2066 2610; x_wconf 87' lang='lat' dir='ltr'><strong>a</strong></span> <span class='ocrx_word' id='word_1_403' title='bbox 2121 2557 2252 2621; x_wconf 88' lang='lat' dir='ltr'><strong>Deo,</strong></span> <span class='ocrx_word' id='word_1_404' title='bbox 2293 2580 2311 2613; x_wconf 76' lang='grc' dir='ltr'><strong>ι</strong></span> <span class='ocrx_word' id='word_1_405' title='bbox 2361 2568 2551 2632; x_wconf 86' lang='lat' dir='ltr'><strong>utpote</strong></span> <span class='ocrx_word' id='word_1_406' title='bbox 2604 2565 2671 2621; x_wconf 83' lang='lat' dir='ltr'><strong>de</strong></span> <span class='ocrx_word' id='word_1_407' title='bbox 2733 2566 2957 2623; x_wconf 88' lang='lat' dir='ltr'><strong>homine</strong></span> <span class='ocrx_word' id='word_1_408' title='bbox 3018 2582 3197 2625; x_wconf 88' lang='lat' dir='ltr'><strong>creata</strong></span> <span class='ocrx_word' id='word_1_409' title='bbox 3259 2583 3455 2629; x_wconf 80' lang='lat' dir='ltr'><strong>natura</strong></span> 
     </span>
    </p>
   </div>
   <div class='ocr_carea' id='block_1_56' title="bbox 1884 2648 3456 2732">
    <p class='ocr_par' dir='ltr' id='par_1_56' title="bbox 1884 2648 3456 2732">
     <span class='ocr_line' id='line_1_56' title="bbox 1884 2648 3456 2732; baseline 0.015 -34"><span class='ocrx_word' id='word_1_410' title='bbox 1884 2648 2129 2715; x_wconf 58' lang='lat' dir='ltr'><strong>praedito.</strong></span> <span class='ocrx_word' id='word_1_411' title='bbox 2166 2649 2296 2703; x_wconf 84' lang='lat' dir='ltr'><strong>Mihi</strong></span> <span class='ocrx_word' id='word_1_412' title='bbox 2331 2662 2512 2708; x_wconf 92' lang='lat' dir='ltr'><strong>autem</strong></span> <span class='ocrx_word' id='word_1_413' title='bbox 2562 2657 2777 2711; x_wconf 89' lang='lat' dir='ltr'><strong>videtur</strong></span> <span class='ocrx_word' id='word_1_414' title='bbox 2807 2659 2895 2715; x_wconf 89' lang='lat' dir='ltr'><strong>hic</strong></span> <span class='ocrx_word' id='word_1_415' title='bbox 2929 2664 3265 2732; x_wconf 83' lang='lat' dir='ltr'><strong>evangelista</strong></span> <span class='ocrx_word' id='word_1_416' title='bbox 3300 2678 3456 2721; x_wconf 86' lang='lat' dir='ltr'><strong>caute</strong></span> 
     </span>
    </p>
   </div>
   <div class='ocr_carea' id='block_1_57' title="bbox 1882 2738 3454 2819">
    <p class='ocr_par' dir='ltr' id='par_1_57' title="bbox 1882 2738 3454 2819">
     <span class='ocr_line' id='line_1_57' title="bbox 1882 2738 3454 2819; baseline 0.014 -29"><span class='ocrx_word' id='word_1_417' title='bbox 1882 2738 2176 2794; x_wconf 90' lang='lat' dir='ltr'><strong>admodum</strong></span> <span class='ocrx_word' id='word_1_418' title='bbox 2230 2743 2435 2810; x_wconf 88' lang='lat' dir='ltr'><strong>dicere,</strong></span> <span class='ocrx_word' id='word_1_419' title='bbox 2484 2763 2593 2802; x_wconf 89' lang='lat' dir='ltr'><strong>non</strong></span> <span class='ocrx_word' id='word_1_420' title='bbox 2653 2749 2976 2819; x_wconf 88' lang='lat' dir='ltr'><strong>simpliciter</strong></span> <span class='ocrx_word' id='word_1_421' title='bbox 3024 2771 3042 2804; x_wconf 78' lang='grc' dir='ltr'><strong>ι</strong></span> <span class='ocrx_word' id='word_1_422' title='bbox 3078 2754 3224 2817; x_wconf 86' lang='lat' dir='ltr'><strong>Fuit,</strong></span> <span class='ocrx_word' id='word_1_423' title='bbox 3284 2775 3302 2807; x_wconf 82' lang='grc'>›</span> <span class='ocrx_word' id='word_1_424' title='bbox 3360 2760 3454 2812; x_wconf 80' lang='lat' dir='ltr'><strong>sed</strong></span> 
     </span>
    </p>
   </div>
   <div class='ocr_carea' id='block_1_58' title="bbox 1882 2830 3457 2914">
    <p class='ocr_par' dir='ltr' id='par_1_58' title="bbox 1882 2830 3457 2914">
     <span class='ocr_line' id='line_1_58' title="bbox 1882 2830 3457 2914; baseline 0.015 -33"><span class='ocrx_word' id='word_1_425' title='bbox 1882 2830 2090 2893; x_wconf 89' lang='lat' dir='ltr'><strong>addito,</strong></span> <span class='ocrx_word' id='word_1_426' title='bbox 2132 2851 2151 2883; x_wconf 74' lang='grc' dir='ltr'><strong>ι</strong></span> <span class='ocrx_word' id='word_1_427' title='bbox 2189 2834 2371 2899; x_wconf 89' lang='lat' dir='ltr'><strong>homo,</strong></span> <span class='ocrx_word' id='word_1_428' title='bbox 2407 2856 2425 2888; x_wconf 76' lang='grc' dir='ltr'><strong>ι</strong></span> <span class='ocrx_word' id='word_1_429' title='bbox 2464 2843 2807 2895; x_wconf 87' lang='lat' dir='ltr'><strong>temerariam</strong></span> <span class='ocrx_word' id='word_1_430' title='bbox 2837 2845 3202 2914; x_wconf 89' lang='lat' dir='ltr'><strong>quorumdam</strong></span> <span class='ocrx_word' id='word_1_431' title='bbox 3237 2861 3457 2903; x_wconf 84' lang='lat' dir='ltr'><strong>senten-</strong></span> 
     </span>
    </p>
   </div>
   <div class='ocr_carea' id='block_1_59' title="bbox 1883 2920 3458 3010">
    <p class='ocr_par' dir='ltr' id='par_1_59' title="bbox 1883 2920 3458 3010">
     <span class='ocr_line' id='line_1_59' title="bbox 1883 2920 3458 3010; baseline 0.015 -37"><span class='ocrx_word' id='word_1_432' title='bbox 1883 2920 2014 2974; x_wconf 90' lang='lat' dir='ltr'><strong>tiam</strong></span> <span class='ocrx_word' id='word_1_433' title='bbox 2074 2934 2336 2980; x_wconf 82' lang='lat' dir='ltr'><strong>evertere.</strong></span> <span class='ocrx_word' id='word_1_434' title='bbox 2372 2924 2491 2981; x_wconf 83' lang='lat' dir='ltr'><strong>Jatn</strong></span> <span class='ocrx_word' id='word_1_435' title='bbox 2541 2931 2686 2984; x_wconf 87' lang='lat' dir='ltr'><strong>enim</strong></span> <span class='ocrx_word' id='word_1_436' title='bbox 2742 2934 2794 2987; x_wconf 91' lang='lat' dir='ltr'><strong>in</strong></span> <span class='ocrx_word' id='word_1_437' title='bbox 2849 2935 3043 3006; x_wconf 85' lang='lat' dir='ltr'><strong>vulgus</strong></span> <span class='ocrx_word' id='word_1_438' title='bbox 3098 2938 3253 2993; x_wconf 91' lang='lat' dir='ltr'><strong>multi</strong></span> <span class='ocrx_word' id='word_1_439' title='bbox 3301 2955 3458 3010; x_wconf 86' lang='lat' dir='ltr'><strong>spar-</strong></span> 
     </span>
    </p>
   </div>
   <div class='ocr_carea' id='block_1_60' title="bbox 1882 3017 3456 3099">
    <p class='ocr_par' dir='ltr' id='par_1_60' title="bbox 1882 3017 3456 3099">
     <span class='ocr_line' id='line_1_60' title="bbox 1882 3017 3456 3099; baseline 0.01 -31"><span class='ocrx_word' id='word_1_440' title='bbox 1882 3022 2089 3079; x_wconf 85' lang='lat' dir='ltr'><strong>serant,</strong></span> <span class='ocrx_word' id='word_1_441' title='bbox 2129 3031 2256 3071; x_wconf 90' lang='lat' dir='ltr'><strong>vere</strong></span> <span class='ocrx_word' id='word_1_442' title='bbox 2293 3017 2572 3075; x_wconf 84' lang='lat' dir='ltr'><strong>hominem</strong></span> <span class='ocrx_word' id='word_1_443' title='bbox 2622 3037 2731 3075; x_wconf 91' lang='lat' dir='ltr'><strong>non</strong></span> <span class='ocrx_word' id='word_1_444' title='bbox 2789 3039 2911 3079; x_wconf 91' lang='lat' dir='ltr'><strong>esse</strong></span> <span class='ocrx_word' id='word_1_445' title='bbox 2975 3035 3229 3082; x_wconf 80' lang='lat' dir='ltr'><strong>sanctum</strong></span> <span class='ocrx_word' id='word_1_446' title='bbox 3271 3027 3456 3099; x_wconf 82' lang='lat' dir='ltr'><strong>Bapti—</strong></span> 
     </span>
    </p>
   </div>
   <div class='ocr_carea' id='block_1_61' title="bbox 1881 3109 3453 3187">
    <p class='ocr_par' dir='ltr' id='par_1_61' title="bbox 1881 3109 3453 3187">
     <span class='ocr_line' id='line_1_61' title="bbox 1881 3109 3453 3187; baseline 0.012 -28"><span class='ocrx_word' id='word_1_447' title='bbox 1881 3120 2043 3174; x_wconf 87' lang='lat' dir='ltr'><strong>stam,</strong></span> <span class='ocrx_word' id='word_1_448' title='bbox 2089 3109 2182 3162; x_wconf 87' lang='lat' dir='ltr'><strong>sed</strong></span> <span class='ocrx_word' id='word_1_449' title='bbox 2245 3124 2412 3162; x_wconf 91' lang='lat' dir='ltr'><strong>unum</strong></span> <span class='ocrx_word' id='word_1_450' title='bbox 2468 3128 2499 3166; x_wconf 91' lang='lat' dir='ltr'><strong>e</strong></span> <span class='ocrx_word' id='word_1_451' title='bbox 2551 3115 2758 3168; x_wconf 87' lang='lat' dir='ltr'><strong>sanctis</strong></span> <span class='ocrx_word' id='word_1_452' title='bbox 2815 3118 3022 3187; x_wconf 84' lang='lat' dir='ltr'><strong>angelis</strong></span> <span class='ocrx_word' id='word_1_453' title='bbox 3074 3120 3198 3173; x_wconf 86' lang='lat' dir='ltr'><strong>coeli</strong></span> <span class='ocrx_word' id='word_1_454' title='bbox 3233 3120 3453 3186; x_wconf 87' lang='lat' dir='ltr'><strong>incolis.</strong></span> 
     </span>
    </p>
   </div>
   <div class='ocr_carea' id='block_1_62' title="bbox 188 3194 1780 3274">
    <p class='ocr_par' dir='ltr' id='par_1_62' title="bbox 188 3194 1776 3269">
     <span class='ocr_line' id='line_1_62' title="bbox 188 3194 1776 3269; baseline 0.003 -22"><span class='ocrx_word' id='word_1_455' title='bbox 188 3194 290 3263; x_wconf 85' lang='grc' dir='ltr'><strong>οὐχ</strong></span> <span class='ocrx_word' id='word_1_456' title='bbox 316 3194 509 3258; x_wconf 84' lang='grc' dir='ltr'>ἁπλῶς</span> <span class='ocrx_word' id='word_1_457' title='bbox 539 3196 621 3247; x_wconf 82' lang='grc' dir='ltr'>ὅτι</span> <span class='ocrx_word' id='word_1_458' title='bbox 645 3214 663 3245; x_wconf 74' lang='grc' dir='ltr'>ί</span> <span class='ocrx_word' id='word_1_459' title='bbox 685 3194 906 3263; x_wconf 86' lang='grc' dir='ltr'>γέγονεν</span> <span class='ocrx_word' id='word_1_460' title='bbox 941 3216 960 3248; x_wconf 72' lang='grc' dir='ltr'><strong>ι</strong></span> <span class='ocrx_word' id='word_1_461' title='bbox 991 3197 1184 3259; x_wconf 82' lang='grc' dir='ltr'>εἰπεῖν,</span> <span class='ocrx_word' id='word_1_462' title='bbox 1212 3196 1344 3250; x_wconf 84' lang='grc' dir='ltr'><strong>ἀλλά</strong></span> <span class='ocrx_word' id='word_1_463' title='bbox 1379 3197 1465 3251; x_wconf 85' lang='grc' dir='ltr'><strong>διά</strong></span> <span class='ocrx_word' id='word_1_464' title='bbox 1494 3198 1585 3252; x_wconf 86' lang='grc' dir='ltr'><strong>τοῦ</strong></span> <span class='ocrx_word' id='word_1_465' title='bbox 1606 3216 1776 3269; x_wconf 85' lang='grc' dir='ltr'>προσ-</span> 
     </span>
    </p>
   </div>
   <div class='ocr_carea' id='block_1_63' title="bbox 1883 3194 3455 3274">
    <p class='ocr_par' dir='ltr' id='par_1_63' title="bbox 1884 3197 3455 3274">
     <span class='ocr_line' id='line_1_63' title="bbox 1884 3197 3455 3274; baseline 0.013 -25"><span class='ocrx_word' id='word_1_466' title='bbox 1884 3197 2122 3254; x_wconf 84' lang='lat' dir='ltr'><strong>humano</strong></span> <span class='ocrx_word' id='word_1_467' title='bbox 2165 3200 2383 3270; x_wconf 83' lang='lat' dir='ltr'><strong>quidem</strong></span> <span class='ocrx_word' id='word_1_468' title='bbox 2445 3217 2675 3274; x_wconf 85' lang='lat' dir='ltr'><strong>corpore</strong></span> <span class='ocrx_word' id='word_1_469' title='bbox 2720 3214 2985 3273; x_wconf 88' lang='lat' dir='ltr'><strong>utentem,</strong></span> <span class='ocrx_word' id='word_1_470' title='bbox 3026 3217 3080 3265; x_wconf 86' lang='lat' dir='ltr'><strong>et</strong></span> <span class='ocrx_word' id='word_1_471' title='bbox 3136 3211 3364 3268; x_wconf 91' lang='lat' dir='ltr'><strong>missum</strong></span> <span class='ocrx_word' id='word_1_472' title='bbox 3422 3229 3455 3269; x_wconf 86' lang='lat' dir='ltr'><strong>a</strong></span> 
     </span>
    </p>
   </div>
   <div class='ocr_carea' id='block_1_64' title="bbox 194 3283 1780 3360">
    <p class='ocr_par' dir='ltr' id='par_1_64' title="bbox 194 3283 1780 3360">
     <span class='ocr_line' id='line_1_64' title="bbox 194 3283 1780 3360; baseline 0.003 -21"><span class='ocrx_word' id='word_1_473' title='bbox 194 3286 367 3339; x_wconf 86' lang='grc' dir='ltr'>θεῖναι</span> <span class='ocrx_word' id='word_1_474' title='bbox 398 3283 495 3338; x_wconf 81' lang='grc' dir='ltr'><strong>καὶ</strong></span> <span class='ocrx_word' id='word_1_475' title='bbox 528 3305 544 3336; x_wconf 79' lang='grc' dir='ltr'><strong>ι</strong></span> <span class='ocrx_word' id='word_1_476' title='bbox 572 3286 880 3355; x_wconf 82' lang='grc' dir='ltr'>ἄνθρωπος,</span> <span class='ocrx_word' id='word_1_477' title='bbox 918 3306 937 3338; x_wconf 78' lang='grc' dir='ltr'><strong>ι</strong></span> <span class='ocrx_word' id='word_1_478' title='bbox 976 3286 1342 3357; x_wconf 77' lang='grc' dir='ltr'>ἀϐουλοτάτην</span> <span class='ocrx_word' id='word_1_479' title='bbox 1368 3289 1527 3342; x_wconf 83' lang='grc' dir='ltr'>τινῶν</span> <span class='ocrx_word' id='word_1_480' title='bbox 1554 3290 1780 3360; x_wconf 79' lang='grc' dir='ltr'>ἀνατρέ-</span> 
     </span>
    </p>
   </div>
   <div class='ocr_carea' id='block_1_65' title="bbox 197 3377 1779 3453">
    <p class='ocr_par' dir='ltr' id='par_1_65' title="bbox 197 3377 1779 3453">
     <span class='ocr_line' id='line_1_65' title="bbox 197 3377 1779 3453; baseline 0.004 -25"><span class='ocrx_word' id='word_1_481' title='bbox 197 3394 319 3430; x_wconf 91' lang='grc' dir='ltr'>πειν</span> <span class='ocrx_word' id='word_1_482' title='bbox 346 3378 619 3432; x_wconf 83' lang='grc' dir='ltr'>ὑπόνοιαν.</span> <span class='ocrx_word' id='word_1_483' title='bbox 656 3377 794 3449; x_wconf 75' lang='grc' dir='ltr'>’Πδη</span> <span class='ocrx_word' id='word_1_484' title='bbox 818 3377 925 3449; x_wconf 87' lang='grc' dir='ltr'><strong>γάρ</strong></span> <span class='ocrx_word' id='word_1_485' title='bbox 945 3396 1027 3442; x_wconf 87' lang='grc' dir='ltr'><strong>τις</strong></span> <span class='ocrx_word' id='word_1_486' title='bbox 1050 3380 1199 3449; x_wconf 63' lang='grc' dir='ltr'>παρὰ</span> <span class='ocrx_word' id='word_1_487' title='bbox 1215 3380 1427 3444; x_wconf 80' lang='grc' dir='ltr'>πολλοῖς</span> <span class='ocrx_word' id='word_1_488' title='bbox 1449 3382 1779 3453; x_wconf 83' lang='grc' dir='ltr'>περιηνέχθη</span> 
     </span>
    </p>
   </div>
   <div class='ocr_carea' id='block_1_66' title="bbox 197 3467 1779 3541">
    <p class='ocr_par' dir='ltr' id='par_1_66' title="bbox 197 3467 1779 3541">
     <span class='ocr_line' id='line_1_66' title="bbox 197 3467 1779 3541; baseline 0.005 -22"><span class='ocrx_word' id='word_1_489' title='bbox 197 3467 375 3536; x_wconf 75' lang='grc' dir='ltr'>λόγος,</span> <span class='ocrx_word' id='word_1_490' title='bbox 409 3471 508 3523; x_wconf 87' lang='grc' dir='ltr'><strong>οὐκ</strong></span> <span class='ocrx_word' id='word_1_491' title='bbox 540 3469 821 3540; x_wconf 84' lang='grc' dir='ltr'>ἄνθρωπον</span> <span class='ocrx_word' id='word_1_492' title='bbox 847 3468 1013 3533; x_wconf 73' lang='grc' dir='ltr'>ὅντως</span> <span class='ocrx_word' id='word_1_493' title='bbox 1036 3470 1298 3541; x_wconf 87' lang='grc' dir='ltr'>ὑπάρχειν</span> <span class='ocrx_word' id='word_1_494' title='bbox 1331 3471 1490 3540; x_wconf 82' lang='grc' dir='ltr'>φύσει</span> <span class='ocrx_word' id='word_1_495' title='bbox 1512 3472 1602 3526; x_wconf 80' lang='grc' dir='ltr'>τὸν</span> <span class='ocrx_word' id='word_1_496' title='bbox 1625 3472 1779 3541; x_wconf 78' lang='grc' dir='ltr'>ἅγιον</span> 
     </span>
    </p>
   </div>
   <div class='ocr_carea' id='block_1_67' title="bbox 200 3557 1779 3632">
    <p class='ocr_par' dir='ltr' id='par_1_67' title="bbox 200 3557 1779 3632">
     <span class='ocr_line' id='line_1_67' title="bbox 200 3557 1779 3632; baseline 0.004 -21"><span class='ocrx_word' id='word_1_497' title='bbox 200 3557 511 3632; x_wconf 81' lang='grc' dir='ltr'>Βαπτιστὴν</span> <span class='ocrx_word' id='word_1_498' title='bbox 540 3559 892 3631; x_wconf 84' lang='grc' dir='ltr'>διαθρυλλῶν,</span> <span class='ocrx_word' id='word_1_499' title='bbox 952 3560 1066 3613; x_wconf 91' lang='grc' dir='ltr'>ἀλλ’</span> <span class='ocrx_word' id='word_1_500' title='bbox 1105 3560 1201 3614; x_wconf 73' lang='grc' dir='ltr'>ἕνα</span> <span class='ocrx_word' id='word_1_501' title='bbox 1250 3562 1359 3615; x_wconf 83' lang='grc' dir='ltr'>τῶν</span> <span class='ocrx_word' id='word_1_502' title='bbox 1390 3561 1560 3617; x_wconf 77' lang='grc' dir='ltr'>ὄντων</span> <span class='ocrx_word' id='word_1_503' title='bbox 1589 3565 1645 3617; x_wconf 82' lang='grc' dir='ltr'>ὲν</span> <span class='ocrx_word' id='word_1_504' title='bbox 1666 3568 1779 3628; x_wconf 82' lang='grc' dir='ltr'>τοῖς</span> 
     </span>
    </p>
   </div>
   <div class='ocr_carea' id='block_1_68' title="bbox 199 3649 1779 3725">
    <p class='ocr_par' dir='ltr' id='par_1_68' title="bbox 199 3649 1779 3725">
     <span class='ocr_line' id='line_1_68' title="bbox 199 3649 1779 3725; baseline 0.005 -26"><span class='ocrx_word' id='word_1_505' title='bbox 199 3649 446 3718; x_wconf 81' lang='grc' dir='ltr'>οὐρανοῖς</span> <span class='ocrx_word' id='word_1_506' title='bbox 492 3652 662 3718; x_wconf 84' lang='grc' dir='ltr'>ἁγίων</span> <span class='ocrx_word' id='word_1_507' title='bbox 728 3650 974 3718; x_wconf 83' lang='grc' dir='ltr'>ἀγγέλων</span> <span class='ocrx_word' id='word_1_508' title='bbox 997 3690 1011 3716; x_wconf 90' lang='grc'><strong>,</strong></span> <span class='ocrx_word' id='word_1_509' title='bbox 1062 3651 1389 3723; x_wconf 79' lang='grc' dir='ltr'>ἀνθρωπίνῳ</span> <span class='ocrx_word' id='word_1_510' title='bbox 1435 3655 1779 3725; x_wconf 81' lang='grc' dir='ltr'>χρησάμενον</span> 
     </span>
    </p>
   </div>
   <div class='ocr_carea' id='block_1_69' title="bbox 204 3737 1780 3816">
    <p class='ocr_par' dir='ltr' id='par_1_69' title="bbox 204 3737 1780 3816">
     <span class='ocr_line' id='line_1_69' title="bbox 204 3737 1780 3816; baseline 0.005 -24"><span class='ocrx_word' id='word_1_511' title='bbox 204 3737 436 3809; x_wconf 84' lang='grc' dir='ltr'>σώματι,</span> <span class='ocrx_word' id='word_1_512' title='bbox 468 3743 559 3794; x_wconf 75' lang='grc' dir='ltr'>καὶ</span> <span class='ocrx_word' id='word_1_513' title='bbox 590 3742 726 3813; x_wconf 73' lang='grc' dir='ltr'>πρὸς</span> <span class='ocrx_word' id='word_1_514' title='bbox 761 3742 820 3793; x_wconf 77' lang='grc' dir='ltr'>τὸ</span> <span class='ocrx_word' id='word_1_515' title='bbox 871 3742 1165 3813; x_wconf 81' lang='grc' dir='ltr'>κηρύττειν</span> <span class='ocrx_word' id='word_1_516' title='bbox 1195 3745 1601 3815; x_wconf 84' lang='grc' dir='ltr'>ἀπεσταλμένον</span> <span class='ocrx_word' id='word_1_517' title='bbox 1628 3746 1780 3816; x_wconf 87' lang='grc' dir='ltr'><strong>παρά</strong></span> 
     </span>
    </p>
   </div>
   <div class='ocr_carea' id='block_1_70' title="bbox 198 3829 1779 3911">
    <p class='ocr_par' dir='ltr' id='par_1_70' title="bbox 198 3829 1779 3911">
     <span class='ocr_line' id='line_1_70' title="bbox 198 3829 1779 3911; baseline 0.006 -29"><span class='ocrx_word' id='word_1_518' title='bbox 198 3829 354 3885; x_wconf 83' lang='grc' dir='ltr'>Θεοῦ.</span> <span class='ocrx_word' id='word_1_519' title='bbox 400 3832 717 3905; x_wconf 78' lang='grc' dir='ltr'>Ἐξεὺρηται</span> <span class='ocrx_word' id='word_1_520' title='bbox 753 3832 810 3886; x_wconf 84' lang='grc' dir='ltr'>δὲ</span> <span class='ocrx_word' id='word_1_521' title='bbox 852 3833 1015 3887; x_wconf 89' lang='grc' dir='ltr'>πάλιν</span> <span class='ocrx_word' id='word_1_522' title='bbox 1042 3836 1227 3900; x_wconf 84' lang='grc' dir='ltr'>αὐτοῖς</span> <span class='ocrx_word' id='word_1_523' title='bbox 1264 3837 1363 3908; x_wconf 83' lang='grc' dir='ltr'>τῆς</span> <span class='ocrx_word' id='word_1_524' title='bbox 1395 3837 1651 3902; x_wconf 89' lang='grc' dir='ltr'>ὑπονοίας</span> <span class='ocrx_word' id='word_1_525' title='bbox 1678 3839 1779 3911; x_wconf 83' lang='grc' dir='ltr'>τῆς</span> 
     </span>
    </p>
   </div>
   <div class='ocr_carea' id='block_1_71' title="bbox 198 3924 1775 3999">
    <p class='ocr_par' dir='ltr' id='par_1_71' title="bbox 198 3924 1775 3999">
     <span class='ocr_line' id='line_1_71' title="bbox 198 3924 1775 3999; baseline 0.006 -24"><span class='ocrx_word' id='word_1_526' title='bbox 198 3925 289 3976; x_wconf 74' lang='grc' dir='ltr'><strong>ἐπὶ</strong></span> <span class='ocrx_word' id='word_1_527' title='bbox 318 3924 492 3994; x_wconf 83' lang='grc' dir='ltr'>τούτῳ</span> <span class='ocrx_word' id='word_1_528' title='bbox 528 3925 821 3996; x_wconf 78' lang='grc' dir='ltr'>πρόφασις,</span> <span class='ocrx_word' id='word_1_529' title='bbox 854 3925 915 3979; x_wconf 83' lang='grc' dir='ltr'>τὸ</span> <span class='ocrx_word' id='word_1_530' title='bbox 943 3925 1194 3998; x_wconf 78' lang='grc' dir='ltr'>εἰρῆσθαι</span> <span class='ocrx_word' id='word_1_531' title='bbox 1224 3928 1374 3999; x_wconf 84' lang='grc' dir='ltr'>παρὰ</span> <span class='ocrx_word' id='word_1_532' title='bbox 1402 3927 1560 3983; x_wconf 70' lang='grc' dir='ltr'>Θεοῦ*</span> <span class='ocrx_word' id='word_1_533' title='bbox 1591 3948 1610 3983; x_wconf 79' lang='grc' dir='ltr'><strong>ι</strong></span> <span class='ocrx_word' id='word_1_534' title='bbox 1646 3930 1775 3985; x_wconf 83' lang='grc' dir='ltr'>Ἰδοὺ</span> 
     </span>
    </p>
   </div>
   <div class='ocr_carea' id='block_1_72' title="bbox 196 4012 1774 4090">
    <p class='ocr_par' dir='ltr' id='par_1_72' title="bbox 196 4012 1774 4090">
     <span class='ocr_line' id='line_1_72' title="bbox 196 4012 1774 4090; baseline 0.008 -27"><span class='ocrx_word' id='word_1_535' title='bbox 196 4012 306 4080; x_wconf 82' lang='grc' dir='ltr'><strong>ἐγὼ</strong></span> <span class='ocrx_word' id='word_1_536' title='bbox 331 4014 649 4067; x_wconf 80' lang='grc' dir='ltr'>ἀποστέλλω</span> <span class='ocrx_word' id='word_1_537' title='bbox 674 4015 764 4068; x_wconf 83' lang='grc' dir='ltr'><strong>τόν</strong></span> <span class='ocrx_word' id='word_1_538' title='bbox 803 4014 1032 4084; x_wconf 77' lang='grc' dir='ltr'>ἄγγελόν</span> <span class='ocrx_word' id='word_1_539' title='bbox 1073 4034 1173 4088; x_wconf 90' lang='grc' dir='ltr'><strong>μου</strong></span> <span class='ocrx_word' id='word_1_540' title='bbox 1197 4019 1303 4089; x_wconf 73' lang='grc' dir='ltr'><strong>πρὸ</strong></span> <span class='ocrx_word' id='word_1_541' title='bbox 1336 4018 1629 4090; x_wconf 87' lang='grc' dir='ltr'>προσώπου</span> <span class='ocrx_word' id='word_1_542' title='bbox 1658 4039 1774 4085; x_wconf 88' lang='grc' dir='ltr'>σου,</span> 
     </span>
    </p>
   </div>
   <div class='ocr_carea' id='block_1_73' title="bbox 193 4104 1769 4182">
    <p class='ocr_par' dir='ltr' id='par_1_73' title="bbox 193 4104 1769 4182">
     <span class='ocr_line' id='line_1_73' title="bbox 193 4104 1769 4182; baseline 0.007 -26"><span class='ocrx_word' id='word_1_543' title='bbox 193 4104 252 4167; x_wconf 82' lang='grc' dir='ltr'>ὃς</span> <span class='ocrx_word' id='word_1_544' title='bbox 304 4107 706 4160; x_wconf 77' lang='grc' dir='ltr'>κατασκευάσει</span> <span class='ocrx_word' id='word_1_545' title='bbox 757 4108 853 4179; x_wconf 85' lang='grc' dir='ltr'>τὴν</span> <span class='ocrx_word' id='word_1_546' title='bbox 906 4110 1024 4164; x_wconf 82' lang='grc' dir='ltr'>ὁδόν</span> <span class='ocrx_word' id='word_1_547' title='bbox 1098 4127 1192 4163; x_wconf 90' lang='grc' dir='ltr'><strong>σου</strong></span> <span class='ocrx_word' id='word_1_548' title='bbox 1245 4111 1554 4182; x_wconf 82' lang='grc' dir='ltr'>ἔμπροσθέν</span> <span class='ocrx_word' id='word_1_549' title='bbox 1604 4131 1714 4170; x_wconf 89' lang='grc' dir='ltr'>σου.</span> <span class='ocrx_word' id='word_1_550' title='bbox 1751 4135 1769 4167; x_wconf 72' lang='grc' dir='ltr'><strong>ι</strong></span> 
     </span>
    </p>
   </div>
   <div class='ocr_carea' id='block_1_74' title="bbox 207 4194 1773 4272">
    <p class='ocr_par' dir='ltr' id='par_1_74' title="bbox 207 4194 1773 4272">
     <span class='ocr_line' id='line_1_74' title="bbox 207 4194 1773 4272; baseline 0.006 -23"><span class='ocrx_word' id='word_1_551' title='bbox 207 4194 672 4264; x_wconf 80' lang='grc' dir='ltr'>Ἀποσφάλλονται</span> <span class='ocrx_word' id='word_1_552' title='bbox 702 4196 760 4250; x_wconf 82' lang='grc' dir='ltr'>δὲ</span> <span class='ocrx_word' id='word_1_553' title='bbox 796 4197 895 4269; x_wconf 81' lang='grc' dir='ltr'>τῆς</span> <span class='ocrx_word' id='word_1_554' title='bbox 920 4198 1179 4267; x_wconf 85' lang='grc' dir='ltr'>ἀληθείας</span> <span class='ocrx_word' id='word_1_555' title='bbox 1211 4202 1259 4253; x_wconf 82' lang='grc' dir='ltr'>οἱ</span> <span class='ocrx_word' id='word_1_556' title='bbox 1283 4201 1408 4272; x_wconf 77' lang='grc' dir='ltr'>τῇδε</span> <span class='ocrx_word' id='word_1_557' title='bbox 1440 4201 1773 4269; x_wconf 79' lang='grc' dir='ltr'>δοξάζοντες,</span> 
     </span>
    </p>
   </div>
   <div class='ocr_carea' id='block_1_75' title="bbox 190 4284 1775 4365">
    <p class='ocr_par' dir='ltr' id='par_1_75' title="bbox 190 4284 1775 4365">
     <span class='ocr_line' id='line_1_75' title="bbox 190 4284 1775 4365; baseline 0.006 -28"><span class='ocrx_word' id='word_1_558' title='bbox 190 4284 252 4337; x_wconf 88' lang='grc' dir='ltr'><strong>οὐ</strong></span> <span class='ocrx_word' id='word_1_559' title='bbox 285 4286 537 4349; x_wconf 83' lang='grc' dir='ltr'>νοοῦντες</span> <span class='ocrx_word' id='word_1_560' title='bbox 558 4326 573 4352; x_wconf 91' lang='grc'><strong>,</strong></span> <span class='ocrx_word' id='word_1_561' title='bbox 601 4286 683 4339; x_wconf 84' lang='grc' dir='ltr'>ὅτι</span> <span class='ocrx_word' id='word_1_562' title='bbox 710 4287 771 4340; x_wconf 84' lang='grc' dir='ltr'>τὸ</span> <span class='ocrx_word' id='word_1_563' title='bbox 798 4287 1050 4359; x_wconf 70' lang='grc' dir='ltr'>ἅγγελος</span> <span class='ocrx_word' id='word_1_564' title='bbox 1075 4288 1245 4360; x_wconf 77' lang='grc' dir='ltr'>ὃνομα</span> <span class='ocrx_word' id='word_1_565' title='bbox 1268 4290 1607 4362; x_wconf 82' lang='grc' dir='ltr'>λειτουργίας</span> <span class='ocrx_word' id='word_1_566' title='bbox 1637 4295 1775 4365; x_wconf 84' lang='grc' dir='ltr'>μᾶλ-</span> 
     </span>
    </p>
   </div>
   <div class='ocr_carea' id='block_1_76' title="bbox 190 4372 1775 4454">
    <p class='ocr_par' dir='ltr' id='par_1_76' title="bbox 190 4372 1775 4454">
     <span class='ocr_line' id='line_1_76' title="bbox 190 4372 1775 4454; baseline 0.006 -26"><span class='ocrx_word' id='word_1_567' title='bbox 190 4372 278 4428; x_wconf 76' lang='grc' dir='ltr'><strong>λόν</strong></span> <span class='ocrx_word' id='word_1_568' title='bbox 311 4379 403 4430; x_wconf 83' lang='grc' dir='ltr'>ὲστ</span> <span class='ocrx_word' id='word_1_569' title='bbox 416 4394 488 4443; x_wconf 88' lang='grc' dir='ltr'><strong>ιν,</strong></span> <span class='ocrx_word' id='word_1_570' title='bbox 524 4378 670 4448; x_wconf 74' lang='grc' dir='ltr'>ἢπερ</span> <span class='ocrx_word' id='word_1_571' title='bbox 699 4378 888 4442; x_wconf 82' lang='grc' dir='ltr'>οὐσίας</span> <span class='ocrx_word' id='word_1_572' title='bbox 918 4381 1268 4449; x_wconf 80' lang='grc' dir='ltr'>σημαντικὸν,</span> <span class='ocrx_word' id='word_1_573' title='bbox 1298 4380 1487 4453; x_wconf 83' lang='grc' dir='ltr'>ὥσπερ</span> <span class='ocrx_word' id='word_1_574' title='bbox 1511 4379 1604 4436; x_wconf 90' lang='grc' dir='ltr'><strong>οὑν</strong></span> <span class='ocrx_word' id='word_1_575' title='bbox 1641 4384 1775 4454; x_wconf 84' lang='grc' dir='ltr'>ἀμέ-</span> 
     </span>
    </p>
   </div>
   <div class='ocr_carea' id='block_1_77' title="bbox 187 4466 1771 4544">
    <p class='ocr_par' dir='ltr' id='par_1_77' title="bbox 187 4466 1771 4544">
     <span class='ocr_line' id='line_1_77' title="bbox 187 4466 1771 4544; baseline 0.008 -25"><span class='ocrx_word' id='word_1_576' title='bbox 187 4466 287 4532; x_wconf 86' lang='grc' dir='ltr'>λει,</span> <span class='ocrx_word' id='word_1_577' title='bbox 314 4471 411 4523; x_wconf 73' lang='grc' dir='ltr'>καὶ</span> <span class='ocrx_word' id='word_1_578' title='bbox 444 4471 503 4522; x_wconf 83' lang='grc' dir='ltr'>ὲν</span> <span class='ocrx_word' id='word_1_579' title='bbox 547 4471 660 4531; x_wconf 80' lang='grc' dir='ltr'>τοῖς</span> <span class='ocrx_word' id='word_1_580' title='bbox 714 4471 855 4524; x_wconf 87' lang='grc' dir='ltr'><strong>κατά</strong></span> <span class='ocrx_word' id='word_1_581' title='bbox 914 4471 1004 4524; x_wconf 77' lang='grc' dir='ltr'>τὸν</span> <span class='ocrx_word' id='word_1_582' title='bbox 1039 4472 1309 4544; x_wconf 83' lang='grc' dir='ltr'>μακάριον</span> <span class='ocrx_word' id='word_1_583' title='bbox 1353 4474 1471 4527; x_wconf 75' lang='grc' dir='ltr'><strong>Ἰὼϐ</strong></span> <span class='ocrx_word' id='word_1_584' title='bbox 1496 4475 1651 4541; x_wconf 81' lang='grc' dir='ltr'>ἄλλος</span> <span class='ocrx_word' id='word_1_585' title='bbox 1684 4478 1771 4531; x_wconf 83' lang='grc' dir='ltr'><strong>ἐπ’</strong></span> 
     </span>
    </p>
   </div>
   <div class='ocr_carea' id='block_1_78' title="bbox 186 4539 1847 4638">
    <p class='ocr_par' dir='ltr' id='par_1_78' title="bbox 186 4539 1847 4638">
     <span class='ocr_line' id='line_1_78' title="bbox 186 4539 1847 4638; baseline 0.007 -25"><span class='ocrx_word' id='word_1_586' title='bbox 186 4560 329 4632; x_wconf 83' lang='grc' dir='ltr'>ἄλλῳ</span> <span class='ocrx_word' id='word_1_587' title='bbox 370 4561 664 4633; x_wconf 84' lang='grc' dir='ltr'>τρέχουσιν</span> <span class='ocrx_word' id='word_1_588' title='bbox 690 4561 910 4631; x_wconf 80' lang='grc' dir='ltr'>ἄγγελοι</span> <span class='ocrx_word' id='word_1_589' title='bbox 967 4539 1376 4620; x_wconf 18' lang='grc' dir='ltr'>τάῗπολύπλοκα</span> <span class='ocrx_word' id='word_1_590' title='bbox 1409 4539 1769 4638; x_wconf 79' lang='grc' dir='ltr'>κηρύττοντες</span> <span class='ocrx_word' id='word_1_591' title='bbox 1800 4539 1847 4594; x_wconf 79' lang='lat' dir='ltr'><strong>D</strong></span> 
     </span>
    </p>
   </div>
   <div class='ocr_carea' id='block_1_79' title="bbox 186 4652 1765 4732">
    <p class='ocr_par' dir='ltr' id='par_1_79' title="bbox 186 4652 1765 4732">
     <span class='ocr_line' id='line_1_79' title="bbox 186 4652 1765 4732; baseline 0.008 -29"><span class='ocrx_word' id='word_1_592' title='bbox 186 4652 353 4723; x_wconf 85' lang='grc' dir='ltr'>πάθη,</span> <span class='ocrx_word' id='word_1_593' title='bbox 386 4656 493 4708; x_wconf 69' lang='grc' dir='ltr'>καὶ</span> <span class='ocrx_word' id='word_1_594' title='bbox 529 4655 648 4717; x_wconf 84' lang='grc' dir='ltr'>ταῖς</span> <span class='ocrx_word' id='word_1_595' title='bbox 705 4655 1023 4725; x_wconf 83' lang='grc' dir='ltr'>ἀνηκέστοις</span> <span class='ocrx_word' id='word_1_596' title='bbox 1077 4657 1312 4721; x_wconf 73' lang='grc' dir='ltr'>ἐκείναις</span> <span class='ocrx_word' id='word_1_597' title='bbox 1362 4658 1765 4732; x_wconf 83' lang='grc' dir='ltr'>διακονούμενοι</span> 
     </span>
    </p>
   </div>
   <div class='ocr_carea' id='block_1_80' title="bbox 187 4743 1767 4823">
    <p class='ocr_par' dir='ltr' id='par_1_80' title="bbox 187 4743 1767 4823">
     <span class='ocr_line' id='line_1_80' title="bbox 187 4743 1767 4823; baseline 0.008 -27"><span class='ocrx_word' id='word_1_598' title='bbox 187 4748 522 4818; x_wconf 82' lang='grc' dir='ltr'>συμφοραῖς.</span> <span class='ocrx_word' id='word_1_599' title='bbox 538 4743 740 4815; x_wconf 75' lang='grc' dir='ltr'>Ὀρίζει</span> <span class='ocrx_word' id='word_1_600' title='bbox 770 4746 826 4799; x_wconf 84' lang='grc' dir='ltr'><strong>δέ</strong></span> <span class='ocrx_word' id='word_1_601' title='bbox 846 4765 899 4799; x_wconf 86' lang='grc' dir='ltr'><strong>τι</strong></span> <span class='ocrx_word' id='word_1_602' title='bbox 920 4747 1159 4802; x_wconf 83' lang='grc' dir='ltr'>τοιοῦτον</span> <span class='ocrx_word' id='word_1_603' title='bbox 1176 4749 1269 4802; x_wconf 76' lang='grc' dir='ltr'><strong>ὲπὶ</strong></span> <span class='ocrx_word' id='word_1_604' title='bbox 1293 4750 1402 4805; x_wconf 83' lang='grc' dir='ltr'>τῶν</span> <span class='ocrx_word' id='word_1_605' title='bbox 1413 4752 1583 4821; x_wconf 86' lang='grc' dir='ltr'>ἀγίων</span> <span class='ocrx_word' id='word_1_606' title='bbox 1598 4756 1767 4823; x_wconf 86' lang='grc' dir='ltr'>ἀγγέ-</span> 
     </span>
    </p>
   </div>
   <div class='ocr_carea' id='block_1_81' title="bbox 185 4834 1766 4908">
    <p class='ocr_par' dir='ltr' id='par_1_81' title="bbox 185 4834 1766 4908">
     <span class='ocr_line' id='line_1_81' title="bbox 185 4834 1766 4908; baseline 0.009 -21"><span class='ocrx_word' id='word_1_607' title='bbox 185 4834 287 4888; x_wconf 88' lang='grc' dir='ltr'><strong>λων</strong></span> <span class='ocrx_word' id='word_1_608' title='bbox 320 4839 419 4890; x_wconf 77' lang='grc' dir='ltr'>καὶ</span> <span class='ocrx_word' id='word_1_609' title='bbox 455 4836 614 4900; x_wconf 77' lang='grc' dir='ltr'>αὐτὸς</span> <span class='ocrx_word' id='word_1_610' title='bbox 646 4838 777 4907; x_wconf 77' lang='grc' dir='ltr'>ἡμῖν</span> <span class='ocrx_word' id='word_1_611' title='bbox 809 4839 838 4891; x_wconf 83' lang='grc' dir='ltr'>ὁ</span> <span class='ocrx_word' id='word_1_612' title='bbox 867 4839 1175 4908; x_wconf 84' lang='grc' dir='ltr'>σοφώτατος</span> <span class='ocrx_word' id='word_1_613' title='bbox 1200 4842 1410 4908; x_wconf 88' lang='grc' dir='ltr'>Παῦλος</span> <span class='ocrx_word' id='word_1_614' title='bbox 1440 4847 1766 4902; x_wconf 77' lang='grc' dir='ltr'>ἐπιστέλλων</span> 
     </span>
    </p>
   </div>
   <div class='ocr_carea' id='block_1_82' title="bbox 186 4929 1767 5009">
    <p class='ocr_par' dir='ltr' id='par_1_82' title="bbox 186 4929 1767 5009">
     <span class='ocr_line' id='line_1_82' title="bbox 186 4929 1767 5009; baseline 0.008 -27"><span class='ocrx_word' id='word_1_615' title='bbox 186 4929 316 4982; x_wconf 85' lang='grc' dir='ltr'>ὡδί·</span> <span class='ocrx_word' id='word_1_616' title='bbox 354 4951 372 4980; x_wconf 77' lang='grc' dir='ltr'><strong>ι</strong></span> <span class='ocrx_word' id='word_1_617' title='bbox 414 4930 553 4998; x_wconf 71' lang='grc' dir='ltr'>Οὐχὶ</span> <span class='ocrx_word' id='word_1_618' title='bbox 587 4930 786 4992; x_wconf 87' lang='grc' dir='ltr'>πάντες</span> <span class='ocrx_word' id='word_1_619' title='bbox 817 4930 925 4983; x_wconf 76' lang='grc' dir='ltr'>είσὶ</span> <span class='ocrx_word' id='word_1_620' title='bbox 967 4931 1314 5005; x_wconf 83' lang='grc' dir='ltr'>λειτουργικὰ</span> <span class='ocrx_word' id='word_1_621' title='bbox 1359 4938 1645 5009; x_wconf 82' lang='grc' dir='ltr'>πνεύματα</span> <span class='ocrx_word' id='word_1_622' title='bbox 1687 4944 1767 5005; x_wconf 86' lang='grc' dir='ltr'><strong>είς</strong></span> 
     </span>
    </p>
   </div>
   <div class='ocr_carea' id='block_1_83' title="bbox 184 5019 1767 5103">
    <p class='ocr_par' dir='ltr' id='par_1_83' title="bbox 184 5019 1767 5103">
     <span class='ocr_line' id='line_1_83' title="bbox 184 5019 1767 5103; baseline 0.009 -33"><span class='ocrx_word' id='word_1_623' title='bbox 184 5019 465 5074; x_wconf 86' lang='grc' dir='ltr'>διακονίαν</span> <span class='ocrx_word' id='word_1_624' title='bbox 491 5019 1055 5091; x_wconf 86' lang='grc' dir='ltr'>ἀποστελλόμενα,διά</span> <span class='ocrx_word' id='word_1_625' title='bbox 1087 5028 1214 5089; x_wconf 78' lang='grc' dir='ltr'>τοὺς</span> <span class='ocrx_word' id='word_1_626' title='bbox 1245 5028 1533 5096; x_wconf 86' lang='grc' dir='ltr'>μέλλοντας</span> <span class='ocrx_word' id='word_1_627' title='bbox 1568 5031 1767 5103; x_wconf 88' lang='grc' dir='ltr'>κληρο-</span> 
     </span>
    </p>
   </div>
   <div class='ocr_carea' id='block_1_84' title="bbox 187 5112 1769 5195">
    <p class='ocr_par' dir='ltr' id='par_1_84' title="bbox 187 5112 1769 5195">
     <span class='ocr_line' id='line_1_84' title="bbox 187 5112 1769 5195; baseline 0.009 -32"><span class='ocrx_word' id='word_1_628' title='bbox 187 5115 370 5181; x_wconf 88' lang='grc' dir='ltr'>νομεῖν</span> <span class='ocrx_word' id='word_1_629' title='bbox 421 5112 725 5182; x_wconf 79' lang='grc' dir='ltr'>σωτηρίαν;</span> <span class='ocrx_word' id='word_1_630' title='bbox 792 5132 810 5164; x_wconf 75' lang='grc' dir='ltr'><strong>ι</strong></span> <span class='ocrx_word' id='word_1_631' title='bbox 870 5115 1078 5169; x_wconf 85' lang='grc' dir='ltr'>Οὐκοῦν</span> <span class='ocrx_word' id='word_1_632' title='bbox 1149 5118 1379 5187; x_wconf 79' lang='grc' dir='ltr'>ἄγγελος</span> <span class='ocrx_word' id='word_1_633' title='bbox 1429 5122 1456 5173; x_wconf 83' lang='grc' dir='ltr'><strong>ὁ</strong></span> <span class='ocrx_word' id='word_1_634' title='bbox 1501 5124 1769 5195; x_wconf 89' lang='grc' dir='ltr'>μακάριος</span> 
     </span>
    </p>
   </div>
   <div class='ocr_carea' id='block_1_85' title="bbox 188 5202 1770 5285">
    <p class='ocr_par' dir='ltr' id='par_1_85' title="bbox 188 5202 1770 5285">
     <span class='ocr_line' id='line_1_85' title="bbox 188 5202 1770 5285; baseline 0.009 -31"><span class='ocrx_word' id='word_1_635' title='bbox 188 5202 505 5273; x_wconf 79' lang='grc' dir='ltr'>Βαπτιστὴς</span> <span class='ocrx_word' id='word_1_636' title='bbox 544 5203 795 5274; x_wconf 82' lang='grc' dir='ltr'>Ἰωάννης</span> <span class='ocrx_word' id='word_1_637' title='bbox 816 5204 906 5259; x_wconf 82' lang='grc' dir='ltr'>διὰ</span> <span class='ocrx_word' id='word_1_638' title='bbox 928 5207 1027 5277; x_wconf 82' lang='grc' dir='ltr'>τῆς</span> <span class='ocrx_word' id='word_1_639' title='bbox 1048 5210 1142 5261; x_wconf 76' lang='grc' dir='ltr'><strong>τοῦ</strong></span> <span class='ocrx_word' id='word_1_640' title='bbox 1166 5210 1436 5264; x_wconf 89' lang='grc' dir='ltr'>Δεσπότου</span> <span class='ocrx_word' id='word_1_641' title='bbox 1460 5218 1770 5285; x_wconf 86' lang='grc' dir='ltr'>κατωνόμα-</span> 
     </span>
    </p>
   </div>
   <div class='ocr_carea' id='block_1_86' title="bbox 190 5295 1768 5373">
    <p class='ocr_par' dir='ltr' id='par_1_86' title="bbox 190 5295 1768 5373">
     <span class='ocr_line' id='line_1_86' title="bbox 190 5295 1768 5373; baseline 0.008 -26"><span class='ocrx_word' id='word_1_642' title='bbox 190 5311 309 5349; x_wconf 76' lang='grc' dir='ltr'>σται</span> <span class='ocrx_word' id='word_1_643' title='bbox 338 5295 550 5366; x_wconf 80' lang='grc' dir='ltr'>φωνῆς.</span> <span class='ocrx_word' id='word_1_644' title='bbox 577 5298 678 5350; x_wconf 85' lang='grc' dir='ltr'><strong>οὐκ</strong></span> <span class='ocrx_word' id='word_1_645' title='bbox 703 5299 863 5362; x_wconf 85' lang='grc' dir='ltr'>αὐτὸς</span> <span class='ocrx_word' id='word_1_646' title='bbox 897 5301 1040 5354; x_wconf 87' lang='grc' dir='ltr'><strong>κατά</strong></span> <span class='ocrx_word' id='word_1_647' title='bbox 1075 5301 1234 5370; x_wconf 81' lang='grc' dir='ltr'>φύσιν</span> <span class='ocrx_word' id='word_1_648' title='bbox 1277 5304 1505 5372; x_wconf 84' lang='grc' dir='ltr'>ἄγγελος</span> <span class='ocrx_word' id='word_1_649' title='bbox 1533 5304 1627 5373; x_wconf 87' lang='grc' dir='ltr'>ὣν,</span> <span class='ocrx_word' id='word_1_650' title='bbox 1651 5308 1768 5360; x_wconf 82' lang='grc' dir='ltr'>ἀλλ’</span> 
     </span>
    </p>
   </div>
   <div class='ocr_carea' id='block_1_87' title="bbox 185 5386 1767 5471">
    <p class='ocr_par' dir='ltr' id='par_1_87' title="bbox 185 5386 1767 5471">
     <span class='ocr_line' id='line_1_87' title="bbox 185 5386 1767 5471; baseline 0.009 -33"><span class='ocrx_word' id='word_1_651' title='bbox 185 5386 259 5449; x_wconf 85' lang='grc' dir='ltr'>ὡς</span> <span class='ocrx_word' id='word_1_652' title='bbox 286 5389 363 5452; x_wconf 88' lang='grc' dir='ltr'><strong>είς</strong></span> <span class='ocrx_word' id='word_1_653' title='bbox 392 5389 459 5442; x_wconf 75' lang='grc' dir='ltr'>τὸ</span> <span class='ocrx_word' id='word_1_654' title='bbox 491 5389 772 5457; x_wconf 88' lang='grc' dir='ltr'>ἀγγέλλειν</span> <span class='ocrx_word' id='word_1_655' title='bbox 824 5393 1251 5464; x_wconf 85' lang='grc' dir='ltr'>ἀπεσταλμένος,</span> <span class='ocrx_word' id='word_1_656' title='bbox 1301 5397 1418 5462; x_wconf 72' lang='grc' dir='ltr'>καὶ,</span> <span class='ocrx_word' id='word_1_657' title='bbox 1461 5418 1478 5449; x_wconf 78' lang='grc' dir='ltr'><strong>ι</strong></span> <span class='ocrx_word' id='word_1_658' title='bbox 1508 5400 1619 5470; x_wconf 81' lang='grc' dir='ltr'><strong>Τὴν</strong></span> <span class='ocrx_word' id='word_1_659' title='bbox 1650 5401 1767 5471; x_wconf 64' lang='grc' dir='ltr'>ῷὸν</span> 
     </span>
    </p>
   </div>
   <div class='ocr_carea' id='block_1_88' title="bbox 188 5479 1769 5558">
    <p class='ocr_par' dir='ltr' id='par_1_88' title="bbox 188 5479 1769 5558">
     <span class='ocr_line' id='line_1_88' title="bbox 188 5479 1769 5558; baseline 0.01 -29"><span class='ocrx_word' id='word_1_660' title='bbox 188 5479 391 5548; x_wconf 77' lang='grc' dir='ltr'>Κυρίου</span> <span class='ocrx_word' id='word_1_661' title='bbox 451 5482 796 5550; x_wconf 73' lang='grc' dir='ltr'>ἑτοιμάσατε,</span> <span class='ocrx_word' id='word_1_662' title='bbox 844 5503 861 5534; x_wconf 76' lang='grc' dir='ltr'><strong>ι</strong></span> <span class='ocrx_word' id='word_1_663' title='bbox 905 5484 1053 5555; x_wconf 81' lang='grc' dir='ltr'>βοᾷν.</span> <span class='ocrx_word' id='word_1_664' title='bbox 1084 5488 1384 5558; x_wconf 79' lang='grc' dir='ltr'>Χρησίμως</span> <span class='ocrx_word' id='word_1_665' title='bbox 1425 5491 1480 5543; x_wconf 84' lang='grc' dir='ltr'>δὲ</span> <span class='ocrx_word' id='word_1_666' title='bbox 1520 5491 1637 5545; x_wconf 88' lang='grc' dir='ltr'>λίαν</span> <span class='ocrx_word' id='word_1_667' title='bbox 1677 5494 1769 5546; x_wconf 76' lang='grc' dir='ltr'>καὶ</span> 
     </span>
    </p>
   </div>
   <div class='ocr_carea' id='block_1_89' title="bbox 187 5571 1767 5659">
    <p class='ocr_par' dir='ltr' id='par_1_89' title="bbox 187 5571 1767 5659">
     <span class='ocr_line' id='line_1_89' title="bbox 187 5571 1767 5659; baseline 0.01 -36"><span class='ocrx_word' id='word_1_668' title='bbox 187 5571 337 5642; x_wconf 81' lang='grc' dir='ltr'>παρὰ</span> <span class='ocrx_word' id='word_1_669' title='bbox 371 5573 507 5626; x_wconf 73' lang='grc' dir='ltr'>Θεοῦ</span> <span class='ocrx_word' id='word_1_670' title='bbox 561 5575 646 5628; x_wconf 80' lang='grc' dir='ltr'>τὸν</span> <span class='ocrx_word' id='word_1_671' title='bbox 701 5575 932 5645; x_wconf 74' lang='grc' dir='ltr'>ἄγγελον</span> <span class='ocrx_word' id='word_1_672' title='bbox 989 5581 1324 5636; x_wconf 80' lang='grc' dir='ltr'>ἀπεστάλθαι</span> <span class='ocrx_word' id='word_1_673' title='bbox 1377 5583 1767 5659; x_wconf 55' lang='lat' dir='ltr'><strong>sumptam,</strong></span> 
     </span>
    </p>
   </div>
   <div class='ocr_carea' id='block_1_90' title="bbox 258 5752 1376 5837">
    <p class='ocr_par' dir='ltr' id='par_1_90' title="bbox 258 5752 1376 5837">
     <span class='ocr_line' id='line_1_90' title="bbox 258 5752 1376 5837; baseline 0.022 -33"><span class='ocrx_word' id='word_1_674' title='bbox 258 5754 324 5785; x_wconf 70' lang='grc' dir='ltr'>ἰδ’</span> <span class='ocrx_word' id='word_1_675' title='bbox 358 5752 519 5810; x_wconf 90' lang='lat' dir='ltr'><strong>Joan.</strong></span> <span class='ocrx_word' id='word_1_676' title='bbox 544 5774 661 5825; x_wconf 80' lang='lat' dir='ltr'><strong>vm,</strong></span> <span class='ocrx_word' id='word_1_677' title='bbox 695 5761 779 5815; x_wconf 74' lang='lat' dir='ltr'><strong>l3.</strong></span> <span class='ocrx_word' id='word_1_678' title='bbox 856 5761 1148 5821; x_wconf 78' lang='lat' dir='ltr'><strong>&quot;Malach.</strong></span> <span class='ocrx_word' id='word_1_679' title='bbox 1191 5786 1267 5837; x_wconf 82' lang='grc' dir='ltr'>ιιι,</span> <span class='ocrx_word' id='word_1_680' title='bbox 1328 5774 1376 5829; x_wconf 84' lang='lat' dir='ltr'><strong>l.</strong></span> 
     </span>
    </p>
   </div>
   <div class='ocr_carea' id='block_1_91' title="bbox 188 5841 755 5914">
    <p class='ocr_par' dir='ltr' id='par_1_91' title="bbox 188 5841 755 5914">
     <span class='ocr_line' id='line_1_91' title="bbox 188 5841 755 5914; baseline 0.019 -19"><span class='ocrx_word' id='word_1_681' title='bbox 188 5841 242 5896; x_wconf 79' lang='lat'><strong>3.</strong></span> <span class='ocrx_word' id='word_1_682' title='bbox 316 5845 361 5875; x_wconf 82' lang='lat'><strong>&quot;‘</strong></span> <span class='ocrx_word' id='word_1_683' title='bbox 410 5844 588 5903; x_wconf 79' lang='lat' dir='ltr'><strong>Galat.</strong></span> <span class='ocrx_word' id='word_1_684' title='bbox 630 5865 667 5914; x_wconf 85' lang='grc' dir='ltr'><strong>ι,</strong></span> <span class='ocrx_word' id='word_1_685' title='bbox 704 5852 755 5907; x_wconf 84' lang='lat' dir='ltr'><strong>l.</strong></span> 
     </span>
    </p>
   </div>
   <div class='ocr_carea' id='block_1_92' title="bbox 546 5943 1273 6015">
    <p class='ocr_par' dir='ltr' id='par_1_92' title="bbox 546 5943 1273 6015">
     <span class='ocr_line' id='line_1_92' title="bbox 546 5943 1273 6015; baseline 0.018 -15"><span class='ocrx_word' id='word_1_686' title='bbox 546 5943 820 6015; x_wconf 64' lang='grc' dir='ltr'>ῐξλτιιοι..</span> <span class='ocrx_word' id='word_1_687' title='bbox 858 5950 970 6009; x_wconf 78' lang='lat' dir='ltr'><strong>Gn.</strong></span> <span class='ocrx_word' id='word_1_688' title='bbox 1012 5952 1273 6013; x_wconf 67' lang='lat' dir='ltr'><strong>LXXIII.</strong></span> 
     </span>
    </p>
   </div>
   <div class='ocr_carea' id='block_1_93' title="bbox 1476 5776 1996 5851">
    <p class='ocr_par' dir='ltr' id='par_1_93' title="bbox 1476 5776 1996 5851">
     <span class='ocr_line' id='line_1_93' title="bbox 1476 5776 1996 5851; baseline 0.012 -22"><span class='ocrx_word' id='word_1_689' title='bbox 1476 5778 1541 5811; x_wconf 74' lang='grc'><strong>’⁵⁸</strong></span> <span class='ocrx_word' id='word_1_690' title='bbox 1568 5776 1669 5833; x_wconf 88' lang='lat' dir='ltr'><strong>Job</strong></span> <span class='ocrx_word' id='word_1_691' title='bbox 1716 5796 1753 5845; x_wconf 86' lang='lat' dir='ltr'><strong>t,</strong></span> <span class='ocrx_word' id='word_1_692' title='bbox 1786 5779 1845 5833; x_wconf 57' lang='lat' dir='ltr'><strong>lli</strong></span> <span class='ocrx_word' id='word_1_693' title='bbox 1875 5798 1899 5832; x_wconf 71' lang='grc' dir='ltr'>ς</span> <span class='ocrx_word' id='word_1_694' title='bbox 1921 5798 1996 5851; x_wconf 67' lang='grc' dir='ltr'>ιιι.</span> 
     </span>
    </p>
   </div>
   <div class='ocr_carea' id='block_1_94' title="bbox 1884 3286 3455 3365">
    <p class='ocr_par' dir='ltr' id='par_1_94' title="bbox 1884 3286 3455 3365">
     <span class='ocr_line' id='line_1_94' title="bbox 1884 3286 3455 3365; baseline 0.012 -24"><span class='ocrx_word' id='word_1_695' title='bbox 1884 3286 1993 3343; x_wconf 91' lang='lat' dir='ltr'><strong>Deo</strong></span> <span class='ocrx_word' id='word_1_696' title='bbox 2024 3291 2090 3345; x_wconf 91' lang='lat' dir='ltr'><strong>ad</strong></span> <span class='ocrx_word' id='word_1_697' title='bbox 2121 3293 2553 3361; x_wconf 83' lang='lat' dir='ltr'><strong>praedicandum.</strong></span> <span class='ocrx_word' id='word_1_698' title='bbox 2578 3295 2748 3365; x_wconf 89' lang='lat' dir='ltr'><strong>Cujus</strong></span> <span class='ocrx_word' id='word_1_699' title='bbox 2782 3300 2858 3354; x_wconf 90' lang='lat' dir='ltr'><strong>rei</strong></span> <span class='ocrx_word' id='word_1_700' title='bbox 2884 3316 3103 3356; x_wconf 87' lang='lat' dir='ltr'><strong>causam</strong></span> <span class='ocrx_word' id='word_1_701' title='bbox 3135 3304 3275 3358; x_wconf 92' lang='lat' dir='ltr'><strong>hanc</strong></span> <span class='ocrx_word' id='word_1_702' title='bbox 3304 3321 3455 3360; x_wconf 81' lang='lat' dir='ltr'><strong>com—</strong></span> 
     </span>
    </p>
   </div>
   <div class='ocr_carea' id='block_1_95' title="bbox 1882 3382 3455 3471">
    <p class='ocr_par' dir='ltr' id='par_1_95' title="bbox 1882 3382 3455 3471">
     <span class='ocr_line' id='line_1_95' title="bbox 1882 3382 3455 3471; baseline 0.014 -38"><span class='ocrx_word' id='word_1_703' title='bbox 1882 3382 2051 3435; x_wconf 88' lang='lat' dir='ltr'><strong>menti</strong></span> <span class='ocrx_word' id='word_1_704' title='bbox 2105 3394 2233 3437; x_wconf 89' lang='lat' dir='ltr'><strong>sunt</strong></span> <span class='ocrx_word' id='word_1_705' title='bbox 2288 3384 2435 3456; x_wconf 84' lang='lat' dir='ltr'><strong>quod</strong></span> <span class='ocrx_word' id='word_1_706' title='bbox 2487 3403 2516 3440; x_wconf 87' lang='lat' dir='ltr'><strong>a</strong></span> <span class='ocrx_word' id='word_1_707' title='bbox 2560 3387 2669 3444; x_wconf 89' lang='lat' dir='ltr'><strong>Deo</strong></span> <span class='ocrx_word' id='word_1_708' title='bbox 2703 3390 2909 3445; x_wconf 88' lang='lat' dir='ltr'><strong>dictum</strong></span> <span class='ocrx_word' id='word_1_709' title='bbox 2964 3395 3034 3448; x_wconf 79' lang='lat' dir='ltr'><strong>sit</strong></span> <span class='ocrx_word' id='word_1_710' title='bbox 3077 3414 3090 3449; x_wconf 91' lang='lat'><strong>:</strong></span> <span class='ocrx_word' id='word_1_711' title='bbox 3131 3414 3149 3447; x_wconf 79' lang='grc' dir='ltr'><strong>ι</strong></span> <span class='ocrx_word' id='word_1_712' title='bbox 3182 3395 3321 3453; x_wconf 82' lang='lat' dir='ltr'><strong>Ecce</strong></span> <span class='ocrx_word' id='word_1_713' title='bbox 3352 3416 3455 3471; x_wconf 82' lang='lat' dir='ltr'><strong>ego</strong></span> 
     </span>
    </p>
   </div>
   <div class='ocr_carea' id='block_1_96' title="bbox 1882 3474 3454 3559">
    <p class='ocr_par' dir='ltr' id='par_1_96' title="bbox 1882 3474 3454 3559">
     <span class='ocr_line' id='line_1_96' title="bbox 1882 3474 3454 3559; baseline 0.014 -35"><span class='ocrx_word' id='word_1_714' title='bbox 1882 3474 2037 3527; x_wconf 86' lang='lat' dir='ltr'><strong>mitto</strong></span> <span class='ocrx_word' id='word_1_715' title='bbox 2066 3476 2319 3544; x_wconf 78' lang='lat' dir='ltr'><strong>angelum</strong></span> <span class='ocrx_word' id='word_1_716' title='bbox 2364 3494 2545 3534; x_wconf 87' lang='lat' dir='ltr'><strong>meum</strong></span> <span class='ocrx_word' id='word_1_717' title='bbox 2587 3489 2714 3536; x_wconf 91' lang='lat' dir='ltr'><strong>ante</strong></span> <span class='ocrx_word' id='word_1_718' title='bbox 2756 3482 2948 3539; x_wconf 79' lang='lat' dir='ltr'><strong>faciem</strong></span> <span class='ocrx_word' id='word_1_719' title='bbox 2984 3494 3154 3551; x_wconf 91' lang='lat' dir='ltr'><strong>tuam,</strong></span> <span class='ocrx_word' id='word_1_720' title='bbox 3180 3489 3271 3559; x_wconf 89' lang='lat' dir='ltr'><strong>qui</strong></span> <span class='ocrx_word' id='word_1_721' title='bbox 3314 3506 3454 3559; x_wconf 72' lang='lat' dir='ltr'><strong>prm-</strong></span> 
     </span>
    </p>
   </div>
   <div class='ocr_carea' id='block_1_97' title="bbox 1881 3566 3454 3641">
    <p class='ocr_par' dir='ltr' id='par_1_97' title="bbox 1881 3566 3454 3641">
     <span class='ocr_line' id='line_1_97' title="bbox 1881 3566 3454 3641; baseline 0.015 -25"><span class='ocrx_word' id='word_1_722' title='bbox 1881 3566 2096 3634; x_wconf 90' lang='lat' dir='ltr'><strong>parabit</strong></span> <span class='ocrx_word' id='word_1_723' title='bbox 2152 3568 2292 3622; x_wconf 91' lang='lat' dir='ltr'><strong>viam</strong></span> <span class='ocrx_word' id='word_1_724' title='bbox 2351 3579 2499 3625; x_wconf 88' lang='lat' dir='ltr'><strong>tuam</strong></span> <span class='ocrx_word' id='word_1_725' title='bbox 2552 3582 2678 3628; x_wconf 91' lang='lat' dir='ltr'><strong>ante</strong></span> <span class='ocrx_word' id='word_1_726' title='bbox 2728 3582 2781 3630; x_wconf 89' lang='lat' dir='ltr'><strong>te</strong></span> <span class='ocrx_word' id='word_1_727' title='bbox 2805 3576 2870 3631; x_wconf 80' lang='grc'><strong>⁸⁵.</strong></span> <span class='ocrx_word' id='word_1_728' title='bbox 2915 3595 2936 3630; x_wconf 74' lang='grc' dir='ltr'><strong>ι</strong></span> <span class='ocrx_word' id='word_1_729' title='bbox 2976 3577 3082 3634; x_wconf 86' lang='lat' dir='ltr'><strong>Sed</strong></span> <span class='ocrx_word' id='word_1_730' title='bbox 3115 3582 3371 3639; x_wconf 89' lang='lat' dir='ltr'><strong>aberrant</strong></span> <span class='ocrx_word' id='word_1_731' title='bbox 3422 3602 3454 3641; x_wconf 89' lang='lat' dir='ltr'><strong>a</strong></span> 
     </span>
    </p>
   </div>
   <div class='ocr_carea' id='block_1_98' title="bbox 1881 3658 3453 3732">
    <p class='ocr_par' dir='ltr' id='par_1_98' title="bbox 1881 3658 3453 3732">
     <span class='ocr_line' id='line_1_98' title="bbox 1881 3658 3453 3732; baseline 0.013 -23"><span class='ocrx_word' id='word_1_732' title='bbox 1881 3671 2008 3711; x_wconf 81' lang='lat' dir='ltr'><strong>vero</strong></span> <span class='ocrx_word' id='word_1_733' title='bbox 2047 3658 2138 3727; x_wconf 90' lang='lat' dir='ltr'><strong>qui</strong></span> <span class='ocrx_word' id='word_1_734' title='bbox 2176 3660 2231 3713; x_wconf 91' lang='lat' dir='ltr'><strong>in</strong></span> <span class='ocrx_word' id='word_1_735' title='bbox 2261 3660 2362 3715; x_wconf 90' lang='lat' dir='ltr'><strong>hac</strong></span> <span class='ocrx_word' id='word_1_736' title='bbox 2412 3671 2541 3717; x_wconf 90' lang='lat' dir='ltr'><strong>sunt</strong></span> <span class='ocrx_word' id='word_1_737' title='bbox 2578 3666 2872 3732; x_wconf 89' lang='lat' dir='ltr'><strong>sententia,</strong></span> <span class='ocrx_word' id='word_1_738' title='bbox 2905 3667 3038 3723; x_wconf 90' lang='lat' dir='ltr'><strong>dum</strong></span> <span class='ocrx_word' id='word_1_739' title='bbox 3096 3688 3204 3726; x_wconf 91' lang='lat' dir='ltr'><strong>non</strong></span> <span class='ocrx_word' id='word_1_740' title='bbox 3261 3675 3453 3729; x_wconf 89' lang='lat' dir='ltr'><strong>adver-</strong></span> 
     </span>
    </p>
   </div>
   <div class='ocr_carea' id='block_1_99' title="bbox 1880 3752 3452 3835">
    <p class='ocr_par' dir='ltr' id='par_1_99' title="bbox 1880 3752 3452 3835">
     <span class='ocr_line' id='line_1_99' title="bbox 1880 3752 3452 3835; baseline 0.013 -35"><span class='ocrx_word' id='word_1_741' title='bbox 1880 3757 2004 3802; x_wconf 91' lang='lat' dir='ltr'><strong>tunt</strong></span> <span class='ocrx_word' id='word_1_742' title='bbox 2029 3765 2225 3805; x_wconf 91' lang='lat' dir='ltr'><strong>nomen</strong></span> <span class='ocrx_word' id='word_1_743' title='bbox 2253 3752 2408 3818; x_wconf 90' lang='lat' dir='ltr'><strong>illud,</strong></span> <span class='ocrx_word' id='word_1_744' title='bbox 2433 3757 2680 3825; x_wconf 81' lang='lat' dir='ltr'><strong>angelus,</strong></span> <span class='ocrx_word' id='word_1_745' title='bbox 2712 3758 2871 3813; x_wconf 83' lang='lat' dir='ltr'><strong>oﬂicii</strong></span> <span class='ocrx_word' id='word_1_746' title='bbox 2902 3776 3100 3816; x_wconf 90' lang='lat' dir='ltr'><strong>nomen</strong></span> <span class='ocrx_word' id='word_1_747' title='bbox 3120 3779 3243 3819; x_wconf 88' lang='lat' dir='ltr'><strong>esse</strong></span> <span class='ocrx_word' id='word_1_748' title='bbox 3271 3769 3452 3835; x_wconf 79' lang='lat' dir='ltr'><strong>potius</strong></span> 
     </span>
    </p>
   </div>
   <div class='ocr_carea' id='block_1_100' title="bbox 1879 3842 3452 3925">
    <p class='ocr_par' dir='ltr' id='par_1_100' title="bbox 1879 3842 3452 3925">
     <span class='ocr_line' id='line_1_100' title="bbox 1879 3842 3452 3925; baseline 0.013 -32"><span class='ocrx_word' id='word_1_749' title='bbox 1879 3855 2047 3909; x_wconf 91' lang='lat' dir='ltr'><strong>quam</strong></span> <span class='ocrx_word' id='word_1_750' title='bbox 2100 3842 2442 3911; x_wconf 72' lang='lat' dir='ltr'><strong>substantiae,</strong></span> <span class='ocrx_word' id='word_1_751' title='bbox 2493 3849 2954 3917; x_wconf 86' lang='lat' dir='ltr'><strong>quemadmodum</strong></span> <span class='ocrx_word' id='word_1_752' title='bbox 3011 3869 3204 3925; x_wconf 89' lang='lat' dir='ltr'><strong>nempe</strong></span> <span class='ocrx_word' id='word_1_753' title='bbox 3232 3858 3299 3911; x_wconf 92' lang='lat' dir='ltr'><strong>ad</strong></span> <span class='ocrx_word' id='word_1_754' title='bbox 3349 3858 3452 3914; x_wconf 87' lang='lat' dir='ltr'><strong>Job</strong></span> 
     </span>
    </p>
   </div>
   <div class='ocr_carea' id='block_1_101' title="bbox 1878 3932 3449 4016">
    <p class='ocr_par' dir='ltr' id='par_1_101' title="bbox 1878 3932 3449 4016">
     <span class='ocr_line' id='line_1_101' title="bbox 1878 3932 3449 4016; baseline 0.011 -31"><span class='ocrx_word' id='word_1_755' title='bbox 1878 3932 2020 3989; x_wconf 92' lang='lat' dir='ltr'><strong>alius</strong></span> <span class='ocrx_word' id='word_1_756' title='bbox 2064 3941 2188 4003; x_wconf 88' lang='lat' dir='ltr'><strong>post</strong></span> <span class='ocrx_word' id='word_1_757' title='bbox 2217 3935 2384 3991; x_wconf 90' lang='lat' dir='ltr'><strong>alium</strong></span> <span class='ocrx_word' id='word_1_758' title='bbox 2432 3939 2610 4008; x_wconf 85' lang='lat' dir='ltr'><strong>angeli</strong></span> <span class='ocrx_word' id='word_1_759' title='bbox 2646 3949 2968 4006; x_wconf 90' lang='lat' dir='ltr'><strong>accurrunt,</strong></span> <span class='ocrx_word' id='word_1_760' title='bbox 3016 3945 3345 4016; x_wconf 86' lang='lat' dir='ltr'><strong>multiplices</strong></span> <span class='ocrx_word' id='word_1_761' title='bbox 3399 3950 3449 4004; x_wconf 90' lang='lat' dir='ltr'><strong>ei</strong></span> 
     </span>
    </p>
   </div>
   <div class='ocr_carea' id='block_1_102' title="bbox 1876 4033 3451 4097">
    <p class='ocr_par' dir='ltr' id='par_1_102' title="bbox 1876 4033 3451 4097">
     <span class='ocr_line' id='line_1_102' title="bbox 1876 4033 3451 4097; baseline 0.012 -18"><span class='ocrx_word' id='word_1_762' title='bbox 1876 4041 2154 4084; x_wconf 59' lang='lat' dir='ltr'><strong>aerumnas</strong></span> <span class='ocrx_word' id='word_1_763' title='bbox 2214 4033 2625 4097; x_wconf 87' lang='lat' dir='ltr'><strong>annuntiautes,</strong></span> <span class='ocrx_word' id='word_1_764' title='bbox 2680 4043 2732 4088; x_wconf 88' lang='lat' dir='ltr'><strong>et</strong></span> <span class='ocrx_word' id='word_1_765' title='bbox 2793 4036 3178 4093; x_wconf 85' lang='lat' dir='ltr'><strong>insanabilium</strong></span> <span class='ocrx_word' id='word_1_766' title='bbox 3234 4040 3451 4097; x_wconf 86' lang='lat' dir='ltr'><strong>illarqu</strong></span> 
     </span>
    </p>
   </div>
   <div class='ocr_carea' id='block_1_103' title="bbox 1878 4117 3451 4203">
    <p class='ocr_par' dir='ltr' id='par_1_103' title="bbox 1878 4117 3451 4203">
     <span class='ocr_line' id='line_1_103' title="bbox 1878 4117 3451 4203; baseline 0.015 -35"><span class='ocrx_word' id='word_1_767' title='bbox 1878 4117 2248 4173; x_wconf 85' lang='lat' dir='ltr'><strong>calamitatum</strong></span> <span class='ocrx_word' id='word_1_768' title='bbox 2277 4122 2583 4178; x_wconf 87' lang='lat' dir='ltr'><strong>ministerio</strong></span> <span class='ocrx_word' id='word_1_769' title='bbox 2601 4125 2845 4196; x_wconf 86' lang='lat' dir='ltr'><strong>deputati</strong></span> <span class='ocrx_word' id='word_1_770' title='bbox 2864 4130 2954 4183; x_wconf 79' lang='grc'><strong>²⁸’.</strong></span> <span class='ocrx_word' id='word_1_771' title='bbox 2985 4127 3118 4188; x_wconf 80' lang='lat' dir='ltr'><strong>Tale</strong></span> <span class='ocrx_word' id='word_1_772' title='bbox 3134 4133 3263 4203; x_wconf 89' lang='lat' dir='ltr'><strong>quid</strong></span> <span class='ocrx_word' id='word_1_773' title='bbox 3290 4137 3451 4192; x_wconf 91' lang='lat' dir='ltr'><strong>nobis</strong></span> 
     </span>
    </p>
   </div>
   <div class='ocr_carea' id='block_1_104' title="bbox 1876 4205 3451 4291">
    <p class='ocr_par' dir='ltr' id='par_1_104' title="bbox 1876 4205 3451 4291">
     <span class='ocr_line' id='line_1_104' title="bbox 1876 4205 3451 4291; baseline 0.014 -32"><span class='ocrx_word' id='word_1_774' title='bbox 1876 4205 1945 4261; x_wconf 88' lang='lat' dir='ltr'><strong>de</strong></span> <span class='ocrx_word' id='word_1_775' title='bbox 2003 4210 2205 4263; x_wconf 88' lang='lat' dir='ltr'><strong>sanctis</strong></span> <span class='ocrx_word' id='word_1_776' title='bbox 2260 4212 2469 4282; x_wconf 88' lang='lat' dir='ltr'><strong>angelis</strong></span> <span class='ocrx_word' id='word_1_777' title='bbox 2535 4214 2655 4283; x_wconf 90' lang='lat' dir='ltr'><strong>ipse</strong></span> <span class='ocrx_word' id='word_1_778' title='bbox 2720 4233 2941 4289; x_wconf 83' lang='lat' dir='ltr'><strong>quoque</strong></span> <span class='ocrx_word' id='word_1_779' title='bbox 3008 4222 3451 4291; x_wconf 87' lang='lat' dir='ltr'><strong>sapientissimus</strong></span> 
     </span>
    </p>
   </div>
   <div class='ocr_carea' id='block_1_105' title="bbox 1876 4298 3452 4374">
    <p class='ocr_par' dir='ltr' id='par_1_105' title="bbox 1876 4298 3452 4374">
     <span class='ocr_line' id='line_1_105' title="bbox 1876 4298 3452 4374; baseline 0.013 -22"><span class='ocrx_word' id='word_1_780' title='bbox 1876 4298 2080 4354; x_wconf 78' lang='lat' dir='ltr'><strong>Paulus</strong></span> <span class='ocrx_word' id='word_1_781' title='bbox 2126 4302 2319 4357; x_wconf 91' lang='lat' dir='ltr'><strong>scribit</strong></span> <span class='ocrx_word' id='word_1_782' title='bbox 2368 4304 2423 4358; x_wconf 92' lang='lat' dir='ltr'><strong>in</strong></span> <span class='ocrx_word' id='word_1_783' title='bbox 2456 4306 2604 4359; x_wconf 91' lang='lat' dir='ltr'><strong>hunc</strong></span> <span class='ocrx_word' id='word_1_784' title='bbox 2649 4308 2869 4362; x_wconf 89' lang='lat' dir='ltr'><strong>modum</strong></span> <span class='ocrx_word' id='word_1_785' title='bbox 2908 4331 2921 4365; x_wconf 88' lang='lat'><strong>:</strong></span> <span class='ocrx_word' id='word_1_786' title='bbox 2960 4329 2978 4363; x_wconf 83' lang='grc' dir='ltr'><strong>ι</strong></span> <span class='ocrx_word' id='word_1_787' title='bbox 3014 4311 3209 4370; x_wconf 81' lang='lat' dir='ltr'><strong>Nonne</strong></span> <span class='ocrx_word' id='word_1_788' title='bbox 3260 4331 3452 4374; x_wconf 79' lang='lat' dir='ltr'><strong>omnes</strong></span> 
     </span>
    </p>
   </div>
   <div class='ocr_carea' id='block_1_106' title="bbox 1876 4391 3447 4475">
    <p class='ocr_par' dir='ltr' id='par_1_106' title="bbox 1876 4391 3447 4475">
     <span class='ocr_line' id='line_1_106' title="bbox 1876 4391 3447 4475; baseline 0.015 -33"><span class='ocrx_word' id='word_1_789' title='bbox 1876 4397 2006 4444; x_wconf 87' lang='lat' dir='ltr'><strong>sunt</strong></span> <span class='ocrx_word' id='word_1_790' title='bbox 2033 4391 2492 4449; x_wconf 84' lang='lat' dir='ltr'><strong>administratorii</strong></span> <span class='ocrx_word' id='word_1_791' title='bbox 2521 4398 2767 4465; x_wconf 86' lang='lat' dir='ltr'><strong>spiritus,</strong></span> <span class='ocrx_word' id='word_1_792' title='bbox 2790 4400 2844 4454; x_wconf 92' lang='lat' dir='ltr'><strong>in</strong></span> <span class='ocrx_word' id='word_1_793' title='bbox 2874 4402 3238 4461; x_wconf 87' lang='lat' dir='ltr'><strong>ministerium</strong></span> <span class='ocrx_word' id='word_1_794' title='bbox 3268 4408 3447 4475; x_wconf 85' lang='lat' dir='ltr'><strong>missi,</strong></span> 
     </span>
    </p>
   </div>
   <div class='ocr_carea' id='block_1_107' title="bbox 1875 4481 3452 4567">
    <p class='ocr_par' dir='ltr' id='par_1_107' title="bbox 1875 4481 3452 4567">
     <span class='ocr_line' id='line_1_107' title="bbox 1875 4481 3452 4567; baseline 0.015 -34"><span class='ocrx_word' id='word_1_795' title='bbox 1875 4481 1983 4552; x_wconf 78' lang='grc'><strong>62</strong></span> <span class='ocrx_word' id='word_1_796' title='bbox 2019 4493 2243 4552; x_wconf 89' lang='lat' dir='ltr'><strong>pr0pter</strong></span> <span class='ocrx_word' id='word_1_797' title='bbox 2289 4500 2385 4541; x_wconf 90' lang='lat' dir='ltr'><strong>eos</strong></span> <span class='ocrx_word' id='word_1_798' title='bbox 2438 4489 2530 4555; x_wconf 88' lang='lat' dir='ltr'><strong>qui</strong></span> <span class='ocrx_word' id='word_1_799' title='bbox 2594 4490 2964 4549; x_wconf 77' lang='lat' dir='ltr'><strong>haereditatem</strong></span> <span class='ocrx_word' id='word_1_800' title='bbox 3019 4497 3244 4567; x_wconf 89' lang='lat' dir='ltr'><strong>capiunt</strong></span> <span class='ocrx_word' id='word_1_801' title='bbox 3299 4502 3452 4556; x_wconf 87' lang='lat' dir='ltr'><strong>salu-</strong></span> 
     </span>
    </p>
   </div>
   <div class='ocr_carea' id='block_1_108' title="bbox 1876 4576 3447 4655">
    <p class='ocr_par' dir='ltr' id='par_1_108' title="bbox 1876 4576 3447 4655">
     <span class='ocr_line' id='line_1_108' title="bbox 1876 4576 3447 4655; baseline 0.015 -27"><span class='ocrx_word' id='word_1_802' title='bbox 1876 4576 1948 4631; x_wconf 86' lang='lat' dir='ltr'><strong>tis</strong></span> <span class='ocrx_word' id='word_1_803' title='bbox 1979 4577 2116 4629; x_wconf 60' lang='lat'><strong>&quot;1’:</strong></span> <span class='ocrx_word' id='word_1_804' title='bbox 2175 4576 2345 4647; x_wconf 88' lang='lat' dir='ltr'><strong>Igitur</strong></span> <span class='ocrx_word' id='word_1_805' title='bbox 2384 4581 2576 4637; x_wconf 86' lang='lat' dir='ltr'><strong>beatus</strong></span> <span class='ocrx_word' id='word_1_806' title='bbox 2632 4584 2875 4655; x_wconf 50' lang='lat' dir='ltr'><strong>Baptista</strong></span> <span class='ocrx_word' id='word_1_807' title='bbox 2935 4587 3178 4647; x_wconf 79' lang='lat' dir='ltr'><strong>Joannes</strong></span> <span class='ocrx_word' id='word_1_808' title='bbox 3230 4591 3447 4651; x_wconf 88' lang='lat' dir='ltr'><strong>Domini</strong></span> 
     </span>
    </p>
   </div>
   <div class='ocr_carea' id='block_1_109' title="bbox 1879 4672 3451 4745">
    <p class='ocr_par' dir='ltr' id='par_1_109' title="bbox 1879 4672 3451 4745">
     <span class='ocr_line' id='line_1_109' title="bbox 1879 4672 3451 4745; baseline 0.013 -24"><span class='ocrx_word' id='word_1_809' title='bbox 1879 4684 2014 4723; x_wconf 85' lang='lat' dir='ltr'><strong>voce</strong></span> <span class='ocrx_word' id='word_1_810' title='bbox 2068 4672 2296 4739; x_wconf 87' lang='lat' dir='ltr'><strong>angelus</strong></span> <span class='ocrx_word' id='word_1_811' title='bbox 2353 4684 2702 4745; x_wconf 86' lang='lat' dir='ltr'><strong>nuncupatus</strong></span> <span class='ocrx_word' id='word_1_812' title='bbox 2751 4686 2871 4744; x_wconf 88' lang='lat' dir='ltr'><strong>est,</strong></span> <span class='ocrx_word' id='word_1_813' title='bbox 2915 4697 3040 4736; x_wconf 92' lang='lat' dir='ltr'><strong>cum</strong></span> <span class='ocrx_word' id='word_1_814' title='bbox 3126 4700 3234 4739; x_wconf 90' lang='lat' dir='ltr'><strong>non</strong></span> <span class='ocrx_word' id='word_1_815' title='bbox 3303 4696 3451 4744; x_wconf 83' lang='lat' dir='ltr'><strong>esset</strong></span> 
     </span>
    </p>
   </div>
   <div class='ocr_carea' id='block_1_110' title="bbox 1876 4763 3449 4834">
    <p class='ocr_par' dir='ltr' id='par_1_110' title="bbox 1876 4763 3449 4834">
     <span class='ocr_line' id='line_1_110' title="bbox 1876 4763 3449 4834; baseline 0.012 -18"><span class='ocrx_word' id='word_1_816' title='bbox 1876 4763 2103 4831; x_wconf 86' lang='lat' dir='ltr'><strong>angelus</strong></span> <span class='ocrx_word' id='word_1_817' title='bbox 2137 4776 2354 4828; x_wconf 90' lang='lat' dir='ltr'><strong>natura,</strong></span> <span class='ocrx_word' id='word_1_818' title='bbox 2382 4768 2476 4822; x_wconf 88' lang='lat' dir='ltr'><strong>sed</strong></span> <span class='ocrx_word' id='word_1_819' title='bbox 2519 4768 2722 4825; x_wconf 90' lang='lat' dir='ltr'><strong>missus</strong></span> <span class='ocrx_word' id='word_1_820' title='bbox 2756 4773 2820 4826; x_wconf 86' lang='lat' dir='ltr'><strong>ad</strong></span> <span class='ocrx_word' id='word_1_821' title='bbox 2852 4776 3216 4831; x_wconf 88' lang='lat' dir='ltr'><strong>nuntiandum</strong></span> <span class='ocrx_word' id='word_1_822' title='bbox 3245 4788 3300 4833; x_wconf 88' lang='lat' dir='ltr'><strong>et</strong></span> <span class='ocrx_word' id='word_1_823' title='bbox 3332 4781 3449 4834; x_wconf 91' lang='lat' dir='ltr'><strong>cla-</strong></span> 
     </span>
    </p>
   </div>
   <div class='ocr_carea' id='block_1_111' title="bbox 1876 4853 3446 4926">
    <p class='ocr_par' dir='ltr' id='par_1_111' title="bbox 1876 4853 3446 4926">
     <span class='ocr_line' id='line_1_111' title="bbox 1876 4853 3446 4926; baseline 0.012 -21"><span class='ocrx_word' id='word_1_824' title='bbox 1876 4853 2138 4908; x_wconf 89' lang='lat' dir='ltr'><strong>mandum</strong></span> <span class='ocrx_word' id='word_1_825' title='bbox 2176 4874 2190 4909; x_wconf 87' lang='lat'><strong>:</strong></span> <span class='ocrx_word' id='word_1_826' title='bbox 2226 4874 2246 4906; x_wconf 73' lang='grc'><strong>(</strong></span> <span class='ocrx_word' id='word_1_827' title='bbox 2288 4855 2486 4913; x_wconf 90' lang='lat' dir='ltr'><strong>Parate</strong></span> <span class='ocrx_word' id='word_1_828' title='bbox 2532 4860 2673 4915; x_wconf 90' lang='lat' dir='ltr'><strong>viam</strong></span> <span class='ocrx_word' id='word_1_829' title='bbox 2729 4860 2944 4919; x_wconf 89' lang='lat' dir='ltr'><strong>Domini</strong></span> <span class='ocrx_word' id='word_1_830' title='bbox 2996 4867 3063 4921; x_wconf 80' lang='grc'><strong>³⁷.</strong></span> <span class='ocrx_word' id='word_1_831' title='bbox 3108 4885 3129 4921; x_wconf 76' lang='grc' dir='ltr'><strong>ι</strong></span> <span class='ocrx_word' id='word_1_832' title='bbox 3181 4868 3446 4926; x_wconf 63' lang='grc' dir='ltr'>ϐιριθωιιι</span> 
     </span>
    </p>
   </div>
   <div class='ocr_carea' id='block_1_112' title="bbox 1875 4944 3446 5015">
    <p class='ocr_par' dir='ltr' id='par_1_112' title="bbox 1875 4944 3446 5015">
     <span class='ocr_line' id='line_1_112' title="bbox 1875 4944 3446 5015; baseline 0.011 -18"><span class='ocrx_word' id='word_1_833' title='bbox 1875 4944 2082 5000; x_wconf 89' lang='lat' dir='ltr'><strong>utiliter</strong></span> <span class='ocrx_word' id='word_1_834' title='bbox 2136 4947 2430 5003; x_wconf 88' lang='lat' dir='ltr'><strong>admodum</strong></span> <span class='ocrx_word' id='word_1_835' title='bbox 2485 4964 2514 5002; x_wconf 86' lang='lat' dir='ltr'><strong>a</strong></span> <span class='ocrx_word' id='word_1_836' title='bbox 2554 4948 2665 5007; x_wconf 90' lang='lat' dir='ltr'><strong>Deo</strong></span> <span class='ocrx_word' id='word_1_837' title='bbox 2716 4954 2945 5010; x_wconf 86' lang='lat' dir='ltr'><strong>missum</strong></span> <span class='ocrx_word' id='word_1_838' title='bbox 3009 4973 3135 5014; x_wconf 91' lang='lat' dir='ltr'><strong>esse</strong></span> <span class='ocrx_word' id='word_1_839' title='bbox 3195 4961 3446 5015; x_wconf 89' lang='lat' dir='ltr'><strong>nuntium</strong></span> 
     </span>
    </p>
   </div>
   <div class='ocr_carea' id='block_1_113' title="bbox 1876 5038 3489 5117">
    <p class='ocr_par' dir='ltr' id='par_1_113' title="bbox 1876 5038 3489 5117">
     <span class='ocr_line' id='line_1_113' title="bbox 1876 5038 3489 5117; baseline 0.008 -24"><span class='ocrx_word' id='word_1_840' title='bbox 1876 5038 2247 5108; x_wconf 80' lang='lat' dir='ltr'><strong>conﬁrmavit,</strong></span> <span class='ocrx_word' id='word_1_841' title='bbox 2307 5041 2602 5097; x_wconf 87' lang='lat' dir='ltr'><strong>ostendens</strong></span> <span class='ocrx_word' id='word_1_842' title='bbox 2632 5042 3009 5102; x_wconf 79' lang='lat' dir='ltr'><strong>ﬁrmissimum</strong></span> <span class='ocrx_word' id='word_1_843' title='bbox 3057 5049 3179 5117; x_wconf 89' lang='lat' dir='ltr'><strong>ejus</strong></span> <span class='ocrx_word' id='word_1_844' title='bbox 3220 5066 3343 5104; x_wconf 85' lang='lat' dir='ltr'><strong>esse</strong></span> <span class='ocrx_word' id='word_1_845' title='bbox 3370 5058 3451 5105; x_wconf 79' lang='lat' dir='ltr'><strong>te-</strong></span> <span class='ocrx_word' id='word_1_846' title='bbox 3485 5051 3489 5054; x_wconf 82' lang='grc'><em>’</em></span> 
     </span>
    </p>
   </div>
   <div class='ocr_carea' id='block_1_114' title="bbox 1874 5128 3450 5207">
    <p class='ocr_par' dir='ltr' id='par_1_114' title="bbox 1874 5128 3450 5207">
     <span class='ocr_line' id='line_1_114' title="bbox 1874 5128 3450 5207; baseline 0.008 -26"><span class='ocrx_word' id='word_1_847' title='bbox 1874 5129 2216 5184; x_wconf 88' lang='lat' dir='ltr'><strong>stimonium.</strong></span> <span class='ocrx_word' id='word_1_848' title='bbox 2252 5128 2363 5186; x_wconf 87' lang='lat' dir='ltr'><strong>Nec</strong></span> <span class='ocrx_word' id='word_1_849' title='bbox 2386 5132 2531 5186; x_wconf 90' lang='lat' dir='ltr'><strong>enim</strong></span> <span class='ocrx_word' id='word_1_850' title='bbox 2566 5134 2612 5188; x_wconf 90' lang='lat' dir='ltr'><strong>is</strong></span> <span class='ocrx_word' id='word_1_851' title='bbox 2631 5136 2724 5206; x_wconf 86' lang='lat' dir='ltr'><strong>qui</strong></span> <span class='ocrx_word' id='word_1_852' title='bbox 2756 5135 2821 5192; x_wconf 88' lang='lat' dir='ltr'><strong>ad</strong></span> <span class='ocrx_word' id='word_1_853' title='bbox 2849 5138 3256 5207; x_wconf 64' lang='lat' dir='ltr'><strong>pradicandum</strong></span> <span class='ocrx_word' id='word_1_854' title='bbox 3280 5155 3310 5193; x_wconf 91' lang='lat' dir='ltr'><strong>a</strong></span> <span class='ocrx_word' id='word_1_855' title='bbox 3339 5139 3450 5194; x_wconf 70' lang='lat' dir='ltr'><strong>Deo</strong></span> 
     </span>
    </p>
   </div>
   <div class='ocr_carea' id='block_1_115' title="bbox 1874 5220 3451 5305">
    <p class='ocr_par' dir='ltr' id='par_1_115' title="bbox 1874 5220 3451 5305">
     <span class='ocr_line' id='line_1_115' title="bbox 1874 5220 3451 5305; baseline 0.008 -30"><span class='ocrx_word' id='word_1_856' title='bbox 1874 5220 2079 5277; x_wconf 86' lang='lat' dir='ltr'><strong>missus</strong></span> <span class='ocrx_word' id='word_1_857' title='bbox 2116 5232 2259 5287; x_wconf 86' lang='lat' dir='ltr'><strong>erat,</strong></span> <span class='ocrx_word' id='word_1_858' title='bbox 2282 5225 2429 5279; x_wconf 87' lang='lat' dir='ltr'><strong>aliud</strong></span> <span class='ocrx_word' id='word_1_859' title='bbox 2460 5227 2720 5296; x_wconf 87' lang='lat' dir='ltr'><strong>quiddam</strong></span> <span class='ocrx_word' id='word_1_860' title='bbox 2763 5230 3073 5299; x_wconf 86' lang='lat' dir='ltr'><strong>protulerit,</strong></span> <span class='ocrx_word' id='word_1_861' title='bbox 3109 5247 3275 5301; x_wconf 92' lang='lat' dir='ltr'><strong>quam</strong></span> <span class='ocrx_word' id='word_1_862' title='bbox 3305 5237 3451 5305; x_wconf 80' lang='lat' dir='ltr'><strong>quod</strong></span> 
     </span>
    </p>
   </div>
   <div class='ocr_carea' id='block_1_116' title="bbox 1872 5314 3452 5397">
    <p class='ocr_par' dir='ltr' id='par_1_116' title="bbox 1872 5314 3452 5397">
     <span class='ocr_line' id='line_1_116' title="bbox 1872 5314 3452 5397; baseline 0.009 -29"><span class='ocrx_word' id='word_1_863' title='bbox 1872 5329 1902 5368; x_wconf 90' lang='lat' dir='ltr'><strong>a</strong></span> <span class='ocrx_word' id='word_1_864' title='bbox 1934 5314 2187 5371; x_wconf 89' lang='lat' dir='ltr'><strong>mittente</strong></span> <span class='ocrx_word' id='word_1_865' title='bbox 2234 5316 2432 5386; x_wconf 91' lang='lat' dir='ltr'><strong>jussus</strong></span> <span class='ocrx_word' id='word_1_866' title='bbox 2455 5329 2590 5374; x_wconf 84' lang='lat' dir='ltr'><strong>erat.</strong></span> <span class='ocrx_word' id='word_1_867' title='bbox 2616 5320 2806 5391; x_wconf 85' lang='lat' dir='ltr'><strong>itaque</strong></span> <span class='ocrx_word' id='word_1_868' title='bbox 2836 5338 2998 5375; x_wconf 73' lang='lat' dir='ltr'><strong>verax</strong></span> <span class='ocrx_word' id='word_1_869' title='bbox 3027 5330 3113 5378; x_wconf 89' lang='lat' dir='ltr'><strong>est</strong></span> <span class='ocrx_word' id='word_1_870' title='bbox 3146 5325 3323 5389; x_wconf 89' lang='lat' dir='ltr'><strong>testis,</strong></span> <span class='ocrx_word' id='word_1_871' title='bbox 3358 5330 3452 5397; x_wconf 88' lang='lat' dir='ltr'><strong>qui</strong></span> 
     </span>
    </p>
   </div>
   <div class='ocr_carea' id='block_1_117' title="bbox 1872 5407 3452 5483">
    <p class='ocr_par' dir='ltr' id='par_1_117' title="bbox 1872 5407 3452 5483">
     <span class='ocr_line' id='line_1_117' title="bbox 1872 5407 3452 5483; baseline 0.006 -20"><span class='ocrx_word' id='word_1_872' title='bbox 1872 5408 2004 5463; x_wconf 88' lang='lat' dir='ltr'><strong>sita</strong></span> <span class='ocrx_word' id='word_1_873' title='bbox 2039 5407 2151 5464; x_wconf 88' lang='lat' dir='ltr'><strong>Deo</strong></span> <span class='ocrx_word' id='word_1_874' title='bbox 2195 5410 2447 5467; x_wconf 90' lang='lat' dir='ltr'><strong>edoctus.</strong></span> <span class='ocrx_word' id='word_1_875' title='bbox 2492 5411 2607 5467; x_wconf 85' lang='lat' dir='ltr'><strong>Hoc</strong></span> <span class='ocrx_word' id='word_1_876' title='bbox 2656 5414 2800 5468; x_wconf 90' lang='lat' dir='ltr'><strong>enim</strong></span> <span class='ocrx_word' id='word_1_877' title='bbox 2850 5414 3160 5483; x_wconf 79' lang='lat' dir='ltr'><strong>signiﬁcare</strong></span> <span class='ocrx_word' id='word_1_878' title='bbox 3211 5418 3452 5472; x_wconf 86' lang='lat' dir='ltr'><strong>arbitror</strong></span> 
     </span>
    </p>
   </div>
   <div class='ocr_carea' id='block_1_118' title="bbox 1878 5501 3451 5580">
    <p class='ocr_par' dir='ltr' id='par_1_118' title="bbox 1878 5501 3451 5580">
     <span class='ocr_line' id='line_1_118' title="bbox 1878 5501 3451 5580; baseline 0.006 -27"><span class='ocrx_word' id='word_1_879' title='bbox 1878 5501 2034 5566; x_wconf 82' lang='lat' dir='ltr'><strong>illud,</strong></span> <span class='ocrx_word' id='word_1_880' title='bbox 2082 5521 2100 5554; x_wconf 80' lang='grc' dir='ltr'><strong>ι</strong></span> <span class='ocrx_word' id='word_1_881' title='bbox 2141 5503 2342 5560; x_wconf 84' lang='lat' dir='ltr'><strong>missus</strong></span> <span class='ocrx_word' id='word_1_882' title='bbox 2389 5521 2416 5556; x_wconf 85' lang='lat' dir='ltr'><strong>a</strong></span> <span class='ocrx_word' id='word_1_883' title='bbox 2472 5504 2599 5559; x_wconf 87' lang='lat' dir='ltr'><strong>Deo.</strong></span> <span class='ocrx_word' id='word_1_884' title='bbox 2650 5525 2666 5553; x_wconf 75' lang='grc' dir='ltr'><strong>ι</strong></span> <span class='ocrx_word' id='word_1_885' title='bbox 2708 5504 2839 5558; x_wconf 77' lang='lat' dir='ltr'><strong>Nam</strong></span> <span class='ocrx_word' id='word_1_886' title='bbox 2882 5514 2935 5560; x_wconf 86' lang='lat' dir='ltr'><strong>et</strong></span> <span class='ocrx_word' id='word_1_887' title='bbox 2978 5507 3179 5564; x_wconf 86' lang='lat' dir='ltr'><strong>Paulus</strong></span> <span class='ocrx_word' id='word_1_888' title='bbox 3229 5510 3451 5580; x_wconf 85' lang='lat' dir='ltr'><strong>sapien-</strong></span> 
     </span>
    </p>
   </div>
   <div class='ocr_carea' id='block_1_119' title="bbox 1875 5592 3445 5673">
    <p class='ocr_par' dir='ltr' id='par_1_119' title="bbox 1875 5592 3445 5673">
     <span class='ocr_line' id='line_1_119' title="bbox 1875 5592 3445 5673; baseline 0.006 -29"><span class='ocrx_word' id='word_1_889' title='bbox 1875 5592 2148 5661; x_wconf 78' lang='lat' dir='ltr'><strong>tissimus,</strong></span> <span class='ocrx_word' id='word_1_890' title='bbox 2170 5595 2297 5649; x_wconf 89' lang='lat' dir='ltr'><strong>dum</strong></span> <span class='ocrx_word' id='word_1_891' title='bbox 2325 5598 2399 5649; x_wconf 91' lang='lat' dir='ltr'><strong>ait</strong></span> <span class='ocrx_word' id='word_1_892' title='bbox 2428 5596 2473 5628; x_wconf 77' lang='lat'><strong>&quot;&#39;</strong></span> <span class='ocrx_word' id='word_1_893' title='bbox 2493 5613 2550 5651; x_wconf 87' lang='lat' dir='ltr'><strong>se</strong></span> <span class='ocrx_word' id='word_1_894' title='bbox 2569 5596 2795 5651; x_wconf 89' lang='lat' dir='ltr'><strong>missum</strong></span> <span class='ocrx_word' id='word_1_895' title='bbox 2819 5612 2914 5673; x_wconf 58' lang='lat' dir='ltr'><strong>per</strong></span> <span class='ocrx_word' id='word_1_896' title='bbox 2930 5596 3117 5655; x_wconf 83' lang='lat' dir='ltr'><strong>Jcsum</strong></span> <span class='ocrx_word' id='word_1_897' title='bbox 3141 5598 3445 5665; x_wconf 80' lang='lat' dir='ltr'><strong>Christum,</strong></span> 
     </span>
    </p>
   </div>
   <div class='ocr_carea' id='block_1_120' title="bbox 2074 5780 3448 5852">
    <p class='ocr_par' dir='ltr' id='par_1_120' title="bbox 2074 5780 3448 5852">
     <span class='ocr_line' id='line_1_120' title="bbox 2074 5780 3448 5852; baseline 0.006 -24"><span class='ocrx_word' id='word_1_898' title='bbox 2074 5783 2336 5838; x_wconf 46' lang='lat' dir='ltr'><strong>&#39;&quot;ncbr.</strong></span> <span class='ocrx_word' id='word_1_899' title='bbox 2375 5796 2425 5847; x_wconf 86' lang='grc' dir='ltr'><strong>ι,</strong></span> <span class='ocrx_word' id='word_1_900' title='bbox 2488 5780 2573 5833; x_wconf 74' lang='grc' dir='ltr'>Η.</span> <span class='ocrx_word' id='word_1_901' title='bbox 2678 5782 2718 5812; x_wconf 78' lang='grc'>³⁷</span> <span class='ocrx_word' id='word_1_902' title='bbox 2766 5781 2869 5837; x_wconf 89' lang='lat' dir='ltr'><strong>lsa.</strong></span> <span class='ocrx_word' id='word_1_903' title='bbox 2906 5800 3009 5850; x_wconf 78' lang='grc' dir='ltr'>η,</span> <span class='ocrx_word' id='word_1_904' title='bbox 3040 5785 3111 5852; x_wconf 79' lang='grc'><strong>5;</strong></span> <span class='ocrx_word' id='word_1_905' title='bbox 3139 5784 3332 5838; x_wconf 77' lang='lat' dir='ltr'><strong>Matth.</strong></span> <span class='ocrx_word' id='word_1_906' title='bbox 3361 5794 3448 5847; x_wconf 81' lang='lat' dir='ltr'><strong>tu,</strong></span> 
     </span>
    </p>
   </div>
   <div class='ocr_carea' id='block_1_121' title="bbox 3065 5970 3103 6035">
    <p class='ocr_par' dir='ltr' id='par_1_121' title="bbox 3065 5970 3103 6035">
     <span class='ocr_line' id='line_1_121' title="bbox 3065 5970 3103 6035; baseline 0 -3"><span class='ocrx_word' id='word_1_907' title='bbox 3065 5970 3103 6035; x_wconf 71' lang='grc'><strong>4</strong></span> 
     </span>
    </p>
   </div>
  </div>
