4168 6586
677 425 778 480 10⁸7

1671 415 1725 469 S.
1754 412 2030 469 CYBILLI
2060 413 2524 470 ALEXANDNNI
2551 412 2865 470 ARCHIEP.

3817 417 3940 473 ιοε

683 535 928 609 mysterii
976 532 1084 588 vim
1123 547 1231 587 non
1273 529 1340 585 ab
1370 531 1477 584 alio
1531 529 1792 585 didicisse
1828 529 2251 594 conlirmat,sed

2359 530 2708 599 βεϐαιοτάτην
2773 527 2938 582 αὑτοῦ
2998 529 3096 600 τὴν
3159 529 3464 600 μαρτυρίαν
3531 525 3928 584 ἀποδεικνύων.

678 629 745 661 ²⁸“
778 642 876 698 per
914 624 1294 680 revelationem
1343 621 1461 691 ejus
1495 636 1524 675 ιι
1567 635 1676 691 quo
1731 623 1934 678 missus
1970 631 2076 689 est,
2114 623 2240 678 mis-

677 719 820 774 sioni
853 716 1236 772 revelationem
1285 713 1649 784 conjungens,
1675 723 1728 768 et
1756 713 1899 767 hanc
1929 714 2020 767 illa
2058 715 2248 767 subin-

677 808 885 864 dicans.
915 806 1084 877 Igitur
1113 803 1258 874 quod
1291 803 1496 858 missus
1533 811 1618 857 est
1667 815 1700 854 a
1755 800 1887 865 Deo,
1931 801 2178 871 sequitur
2217 817 2247 854 a

680 897 792 952 Deo
841 896 1093 950 edoctum
1135 909 1280 948 esse.
1326 892 1594 948 Caeterum
1648 891 1896 946 veritatis
1944 894 2180 946 cultores
2220 907 2248 943 a

681 986 962 1041 mendacio
1001 986 1161 1053 longe
1190 984 1402 1038 alienos
1439 997 1562 1038 esse
1597 996 1764 1036 nemo
1792 981 2026 1035 dubitat.
2063 999 2082 1032 ι
2121 979 2250 1033 Erat

680 1086 860 1134 autem
904 1091 1102 1132 nomen
1156 1074 1385 1139 homini,
1433 1091 1452 1126 ι
1493 1073 1688 1144 inquit,
1730 1091 1749 1124 ι
1794 1071 2053 1126 Joannes.
2099 1089 2117 1121 ι
2161 1069 2248 1122 ln-

679 1179 963 1226 notescere
994 1168 1228 1223 debebat
1253 1167 1303 1222 is
1333 1165 1424 1236 qui
1452 1166 1655 1220 missus
1685 1172 1827 1230 erat,
1857 1163 2249 1232 significatione

679 1273 898 1330 quoque
940 1255 1203 1320 nominis,
1249 1254 1407 1308 [idem
1447 1261 1504 1309 et
1545 1253 1924 1307 auctoritatem
1961 1252 2245 1306 maximam

681 1348 844 1405 dictis
873 1344 1433 1415 aﬂerentis.Angelus
1461 1343 1606 1399 enim
1640 1341 1885 1409 Gabriel,
1915 1343 1960 1397 is
1991 1343 2246 1396 nimirum

681 1437 775 1510 qui
805 1445 947 1494 astat
979 1445 1105 1492 ante
1142 1435 1332 1494 Deum.
1370 1441 1428 1489 ut
1455 1435 1572 1504 ipse
1619 1434 1695 1487 ait
1729 1435 1796 1496 ”,
1825 1448 1950 1488 cunt
1975 1433 2250 1489 Zachariae

683 1531 852 1586 tilium
927 1546 993 1584 ex
1057 1528 1333 1582 Elisabeth
1400 1525 1805 1594 suscipiendqu
1873 1526 2245 1590 ann‘untiaret,

681 1621 885 1675 addidit
918 1639 931 1674 :
972 1639 990 1672 ι
1035 1619 1100 1672 Et
1129 1616 1371 1672 Joannes
1405 1617 1505 1670 erit
1543 1630 1740 1669 nomen
1784 1616 1905 1685 ejus
1933 1617 2054 1668 ³9⁸.»
2102 1614 2250 1670 Con-

677 1720 785 1769 stat
824 1720 1002 1767 antem
1041 1709 1183 1780 apud
1219 1723 1432 1774 omnes,
1467 1707 1542 1761 ita
1601 1716 1970 1777 nuncupatum
2016 1722 2139 1762 csse
2181 1707 2251 1761 ab

677 1804 892 1874 angelo,
937 1802 1119 1856 divina
1175 1801 1461 1856 voluntate
1493 1813 1558 1853 ac
1609 1797 1795 1866 jussu.
1843 1797 1912 1850 At
1969 1798 2066 1867 qui
2099 1806 2249 1852 tanto

2355 623 2486 676 Οὐδὲ
2507 623 2614 693 γάρ
2630 621 2695 674 ἂν
2717 623 2746 674 δ
2768 639 2840 674 πα
2849 620 2918 692 ρά
2950 620 3084 673 Θεοῦ
3105 622 3238 690 πρὸς
3259 621 3317 672 τὸ
3347 620 3635 692 κηρύττειν
3654 621 3935 676 ἀπεσταλ-

2355 715 2534 785 μένος,
2563 715 2754 783 ἕτερόν
2780 730 2830 765 τι
2855 711 3269 784 παρεφθέγξατο
3294 711 3576 776 διδάσκων,
3605 712 3634 765 ὃ
3668 713 3740 785 μὴ
3783 715 3932 768 πάν-

2352 823 2460 868 τως
2481 801 2549 874 ἦν
2572 804 2711 857 κατὰ
2735 803 2984 873 βούλησιν
3024 803 3116 856 τοῦ
3163 803 3265 874 τὴν
3307 803 3606 872 ἀποστολὴν
3644 804 3928 870 ἐπιθέντος

2351 893 2518 963 αὐτῷ.
2576 893 2784 946 Οὐκοῦν
2843 892 3048 963 ἀληθὴς
3089 894 3118 946 ό
3171 893 3378 962 μάρτυς
3428 893 3761 957 θεοδίδακτος
3802 892 3925 945 ὧν·

2350 985 2505 1036 τοῦτο
2529 982 2637 1053 γὰρ
2659 977 2808 1052 οἶμαι
2852 983 3137 1053 σημαίνειν
3166 983 3225 1035 τὸ
3261 1001 3278 1033 ι
3316 984 3724 1051 ἀπεσταλμένος
3768 984 3932 1054 παρά

2349 1073 2484 1126 Θεοῦ
2509 1092 2521 1105 ·
2560 1093 2578 1124 ι
2612 1074 2736 1126 ἐπεὶ
2765 1074 2857 1126 καὶ
2879 1073 3087 1136 Παῦλος
3117 1075 3247 1143 ἡμῖν
3267 1075 3293 1126 ὁ
3322 1074 3631 1143 σοφώτατος
3654 1075 3933 1128 ἀπεστάλ-

2351 1163 2440 1217 θαι
2468 1164 2640 1231 λέγων
2665 1163 2751 1218 διὰ
2789 1163 2962 1235 Ἰησοῦ
3021 1163 3280 1234 Χριστοῦ,
3335 1164 3428 1217 τοῦ
3484 1167 3783 1236 μυστηρίου
3819 1166 3931 1236 τὴν

2347 1255 2575 1325 δύναμιν
2594 1257 2655 1308 οὑ
2682 1256 2811 1324 παρ’
2829 1255 3015 1326 ἑτέρου
3050 1255 3193 1319 τινὸς
3225 1255 3504 1324 ἐκμαθεῖν,
3535 1256 3671 1308 ἀλλά
3699 1257 3765 1308 δι’
3787 1257 3933 1309 dato-

2349 1346 2631 1416 καλύψεως
2641 1346 2734 1399 τοῦ
2755 1347 3098 1417 πεπομφότος
3114 1345 3548 1408 διεδεδαιώσατο,
3564 1347 3930 1415 συνημμένως

2349 1437 2502 1506 ἡμῖν,
2528 1434 2714 1506 ὥσπερ
2741 1436 2835 1488 καὶ
2861 1435 3216 1500 ἀδιαστάτως,
3248 1437 3304 1488 ὲν
3333 1435 3410 1504 τῷ
3471 1434 3802 1488 ἀπεστάλθαι
3828 1434 3930 1485 λέ-

2349 1545 2487 1596 γειν,
2520 1529 2618 1596 τὴν
2678 1525 3018 1595 ἀποκάλυψιν
3069 1524 3443 1594 ὑπεμφαίνων.
3497 1522 3704 1576 οὐκοῦν
3737 1526 3796 1576 ὲν
3842 1521 3932 1591 τῷ

2349 1617 2683 1672 ἀπεστάλθαι
2715 1617 2867 1686 παρά
2895 1615 3134 1682 Θεοῦ,τὸ
3166 1614 3504 1668 θεοδίδακτον
3537 1611 3676 1667 εἶναι
3703 1615 3932 1674 πάντως

2350 1710 2649 1764 ἀκολουθεῖ.
2671 1709 2743 1762 Τὸ
2773 1709 2831 1762 δὲ
2862 1709 3108 1777 ἀψευδεῖν
3147 1709 3228 1760 ὅτι
3267 1707 3386 1760 λίαν
3417 1707 3777 1759 ὲσπούδασται
3810 1708 3932 1766 τοῖς

2349 1803 2448 1872 τῆς
2493 1802 2746 1872 ἀληθείας
2791 1801 3140 1871 λειτουργοῖς,
3173 1800 3273 1852 οῦκ
3323 1798 3644 1867 ἀμφίλογον.
3679 1817 3697 1848 ι
3726 1793 3834 1850 ἾΙν
3866 1799 3931 1850 at

679 1895 890 1950 honore
932 1904 1017 1948 est.
1078 1899 1312 1947 ornatus
1355 1908 1383 1945 a
1435 1892 1566 1956 Deo,
1619 1889 1896 1960 quomodo
1947 1907 2055 1946 non
2101 1891 2248 1944 omni

2355 1895 2445 1948 καὶ
2501 1894 2669 1962 ὄνομα
2717 1891 2797 1961 τῷ
2854 1890 3144 1962 ἀνθρώπῳ,
3189 1909 3208 1942 ι
3269 1890 3454 1959 φησιν,
3513 1907 3531 1940 ι
3584 1889 3854 1957 Ἰωάννης.
3904 1907 3926 1939 ι

679 1986 842 2040 laude
876 1992 930 2038 et
961 1984 1436 2040 commendatione
1482 1982 1662 2051 major
1689 1982 1808 2036 est?
1841 1982 2110 2046 Quocirca
2143 1984 2249 2035 uti-

680 2077 805 2132 liter
856 2089 920 2130 ac
968 2073 1282 2130 necessario
1323 2072 1526 2128 mentio
1555 2072 1796 2128 nominis
1825 2071 1967 2127 facta
1999 2082 2101 2128 est.
2129 2073 2249 2128 Jam

681 2179 810 2219 vero
851 2178 976 2218 cum
1027 2162 1296 2217 addiderit
1348 2160 1707 2232 evangelista,
1748 2161 1980 2216 missum
2023 2177 2145 2217 esse
2195 2161 2250 2216 in

679 2254 1053 2312 testimonium
1082 2268 1110 2306 a
1143 2251 1251 2308 Deo
1292 2261 1544 2308 sanctum
1585 2251 1909 2321 Baptistam,
1941 2270 1961 2302 ι
1982 2259 2039 2306 ut
2061 2267 2250 2308 omnes

680 2347 966 2402 crederent
999 2359 1096 2413 per
1139 2345 1314 2415 ipsum
1343 2343 1410 2406 ³ο,
1458 2361 1475 2393 ι
1516 2343 1650 2396 illud
1705 2357 1926 2397 rursum
1982 2343 2250 2406 dicemus,

681 2438 726 2490 si
787 2452 888 2492 nos
943 2436 1246 2489 adversarii
1309 2435 1394 2488 his
1457 2435 1640 2488 verbis
1711 2441 1941 2504 urgeant
1989 2451 2002 2486 :
2053 2433 2250 2498 Quidni

681 2540 871 2580 omnes
919 2525 968 2579 ei
1021 2524 1113 2592 qui
1163 2522 1428 2576 divinitus
1459 2523 1660 2576 missus
1706 2531 1822 2575 erat
1871 2522 2254 2575 crediderunt?

680 2625 775 2671 aut
807 2617 1078 2686 quomodo
1134 2620 1393 2684 gravatus
1439 2620 1523 2666 est
1561 2613 1854 2665 nonnullos
1906 2611 1973 2665 ad
2026 2611 2254 2664 creden-

680 2716 806 2766 dum
841 2712 1132 2772 adducere,
1173 2708 1266 2778 qui
1309 2707 1374 2760 ad
1429 2707 1482 2760 id
1536 2721 1775 2776 superno
1823 2706 2041 2759 decreto
2080 2705 2252 2759 fuerat

680 2805 1032 2875 assumptus?
1089 2802 1206 2856 Non
1264 2815 1483 2870 aequum
1544 2809 1648 2861 est,
1696 2815 1729 2853 0
1781 2802 2093 2870 quicunque
2157 2812 2252 2850 vos

679 2902 836 2964 estis,
867 2900 1032 2952 ullam
1071 2897 1123 2949 in
1161 2895 1263 2949 hoc
1328 2889 1525 2947 Joanni
1577 2892 1789 2961 culpam
1823 2891 2119 2951 ascribere,
2155 2889 2252 2944 sed

682 2991 1090 3047 incredulorum
1125 3000 1409 3055 perversos
1442 2999 1504 3038 ac
1537 2984 1851 3054 praefractos
1891 2998 2068 3040 mores
2096 2981 2253 3037 decet

682 3088 958 3140 incusare.
994 3079 1204 3134 Etenim
1234 3077 1378 3148 quod
1419 3076 1483 3130 ad
1515 3075 1783 3145 praeconis
1815 3089 2041 3144 scopum
2073 3083 2127 3130 et
2157 3091 2252 3130 su-

684 3189 865 3247 pernae
891 3171 1171 3226 missionis
1204 3171 1470 3224 rationem
1527 3167 1634 3238 63
1678 3168 1888 3232 attinet,
1919 3167 2123 3222 nemini
2155 3167 2250 3222 do-

684 3268 856 3322 ctrina
890 3264 1079 3326 defuit,
1106 3263 1189 3318 vel
1229 3261 1395 3328 tides;
1431 3259 1526 3314 sed
1557 3274 1680 3312 cum
1707 3258 1852 3311 varia
1896 3259 2006 3314 sint
2031 3259 2248 3314 audito-

687 3375 802 3413 rum
861 3355 1100 3428 ingenia,
1149 3361 1203 3408 et
1243 3352 1620 3420 unusquisque
1672 3357 1996 3418 potestatem
2049 3350 2248 3406 habeat

681 3467 794 3505 sua:
825 3430 1143 3514 voluntatis,
1166 3461 1194 3498 a
1235 3455 1382 3498 recta
1409 3445 1615 3497 ratione
1646 3443 1867 3510 quidam
1895 3443 2244 3506 aberrarunt,

687 3542 788 3595 Iide
826 3539 1131 3610 repudiata.
1183 3535 1395 3589 Idcirco
1441 3534 1818 3603 propheticum
1869 3533 2000 3588 illud
2053 3533 2122 3590 de
2172 3535 2244 3590 iis

685 3630 1060 3701 usurpandum
1104 3637 1186 3682 est
1232 3646 1244 3681 :
1292 3646 1308 3675 ι
1342 3626 1444 3690 Qui
1492 3625 1648 3678 audit
1692 3625 1897 3687 audiat,
1936 3633 1990 3678 et
2021 3626 2114 3694 qui
2158 3633 2244 3680 est

686 3723 1002 3778 inobcdiens
1034 3735 1140 3773 non
1168 3717 1380 3772 obediat
1404 3715 1466 3768 ³⁸.
1517 3734 1536 3765 ι

2353 1985 2500 2037 Ἔδει
2549 1983 2910 2053 γνωρίζεσθαι
2947 1983 3037 2036 τὸν
3090 1981 3516 2052 ἀπεσταλμένον,
3571 1981 3665 2032 καὶ
3705 1982 3771 2048 τῇ
3826 1979 3932 2031 τοῦ

2346 2079 2610 2147 ὀνόματος
2635 2076 2898 2147 σημασίᾳ,
2936 2075 3160 2144 πολλὴν,
3198 2073 3272 2136 ὡς
3302 2070 3478 2144 οἴμαι,
3525 2073 3604 2143 τῷ
3653 2073 3795 2142 λόγῳ
3824 2074 3932 2141 τὴν

2348 2167 2687 2234 ἀξιοπιστίαν
2727 2167 3102 2237 είσφέροντος·
3139 2165 3369 2233 ἄγγελος
3407 2163 3536 2234 γάρ,
3582 2163 3817 2234 Γαϐριὴλ
3865 2165 3930 2216 δὲ

2349 2257 2506 2324 οὗτος
2543 2262 2571 2313 ὁ
2595 2256 2956 2329 παρεστηκὼς
2987 2257 3215 2309 ἐνώπιον
3265 2254 3357 2307 τοῦ
3385 2254 3540 2314 Θεοῦ,
3581 2253 3724 2307 καθά
3757 2271 3931 2322 φησιν

2349 2353 2529 2413 αὐτὸς,
2581 2351 2668 2404 δτε
2710 2349 2788 2418 τῷ
2835 2348 3079 2419 Ζαχαρία
3125 2349 3222 2418 τὴν
3260 2347 3514 2416 γέννησιν
3539 2346 3704 2399 αὑτοῦ
3734 2347 3831 2415 τὴν
3860 2349 3932 2398 ἐκ

2349 2443 2447 2512 τῆς
2488 2441 2766 2495 Ἐλισάϐετ
2826 2439 3226 2511 εὐηγγελίζετο,
3295 2438 3430 2508 πρὸς
3492 2433 3574 2499 οἷς
3613 2437 3902 2508 εὑρίσκεται

2351 2535 2543 2602 λέγων,
2577 2534 2670 2586 καὶ
2715 2532 2872 2586 τοῦτο
2938 2530 3344 2602 προστέθεικεν,
3369 2531 3448 2582 ὅτι
3487 2530 3633 2583 «Καὶ
3671 2529 3929 2597 Ἰωάννης

2351 2627 2504 2679 ἕσται
2538 2627 2598 2678 τὸ
2641 2623 2812 2693 ὄνομα
2853 2623 3038 2676 αὑτοῦ.
3069 2642 3087 2674 ι
3123 2623 3289 2692 Δῆλον
3322 2622 3377 2675 δὲ
3410 2621 3602 2692 δήπου,
3631 2623 3724 2676 καὶ
3756 2624 3930 2674 πᾶσιν

2351 2713 2802 2784 ὁμολογούμενον,
2833 2712 2906 2775 ὡς
2938 2713 3045 2783 ἄρα
3081 2711 3223 2765 κατὰ
3250 2712 3347 2780 τὴν
3373 2711 3521 2764 θείαν
3567 2711 3819 2782 βούλησίν
3865 2728 3928 2763 τε

2352 2808 2444 2861 καὶ⁵
2471 2806 2783 2876 πρόσταξιν,
2818 2805 2962 2859 οῦτω
2999 2804 3146 2876 παρὰ
3193 2804 3286 2856 τοῦ
3325 2804 3556 2872 ἀγγέλου
3612 2807 3931 2872 κατωνομα-

2353 2900 2496 2964 ζετο.
2520 2896 2652 2952 Εἶτα
2678 2900 2794 2961 πῶς
2817 2899 2916 2950 οὐκ
2936 2898 3000 2950 ἂν
3025 2897 3243 2967 νοηθείη
3265 2897 3445 2949 λοιπὸν
3475 2897 3673 2959 παντὸς
3702 2897 3927 2949 ἐπαίνου

2353 2990 2617 3063 κρείττων
2680 2992 2796 3059 ἅμα
2847 2989 2938 3042 καὶ
2994 2987 3410 3057 ἀξιολογώτερος
3441 2990 3467 3040 ό
3500 2987 3733 3060 τοσαύτῃ
3774 2989 3928 3057 παρὰ

2353 3077 2486 3130 Θεοῦ
2517 3077 2956 3146 κατεστεμμένος
2989 3078 3153 3146 τιμῇ;
3183 3075 3261 3128 διο
3287 3076 3350 3146 δὴ
3381 3077 3471 3128 καὶ
3499 3075 3637 3146 ητοῦ
3664 3077 3929 3146 ὀνόματος

2358 3171 2543 3238 μνήμη
2576 3168 2858 3238 χρησίμως
2876 3183 2956 3231 τε,
2973 3167 3067 3220 καὶ
3087 3166 3396 3234 ἀναγκαίως
3421 3167 3928 3237 παραλαμϐάνεται.

2368 3257 2584 3328 Ἐπειδὴ
2619 3257 2674 3309 δὲ
2705 3256 3093 3326 προστέθεικεν
3133 3258 3161 3308 ό
3196 3255 3580 3327 εὐαγγελιστης
3610 3260 3688 3320 εἰς
3728 3274 3930 3327 μαρτυ-

2356 3349 2478 3421 ρίαν
2521 3348 2854 3401 ἀπεστάλθαι
2893 3348 3038 3420 παρὰ
3066 3346 3199 3401 Θεοῦ
3248 3347 3337 3400 τὸν
3384 3347 3537 3417 ἅγιον
3592 3347 3929 3419 Βαπτιστὴν,

2361 3458 2379 3492 ι
2419 3441 2508 3494 ἵνα
2536 3441 2733 3503 πάντες
2764 3439 3099 3492 πιστεύσωσι
3162 3439 3227 3492 δι’
3268 3439 3455 3502 αὑτοῦ,
3494 3458 3512 3490 ι
3567 3440 3727 3492 πάλιν
3754 3442 3933 3492 ἐκεῖνο

2351 3531 2606 3603 ἐροῦμεν,
2630 3533 2757 3584 ὅταν
2783 3532 2912 3600 ἡμῖν
2937 3532 2985 3582 οἱ
3003 3530 3069 3583 δι’
3087 3531 3334 3594 ἐναντίας
3350 3532 3711 3584 ἀντιπίπτωσι
3743 3531 3935 3599 λέγον-

2349 3639 2461 3684 τες,
2497 3622 2648 3674 Διατί
2670 3623 2746 3692 μὴ
2781 3623 2980 3683 πάντες
3003 3620 3080 3688 τῷ
3113 3620 3292 3674 θεόθεν
3343 3621 3733 3693 ἀπεσταλμένῳ
3770 3640 3935 3676 πεπι-

2350 3713 2640 3778 στεύκασι;
2679 3713 2795 3777 πῶς
2849 3713 2905 3766 δὲ
2963 3713 3223 3784 ἡτόνησεν
3266 3713 3342 3776 είς
3400 3713 3460 3766 τὸ
3505 3713 3687 3766 πεῖσαί
3718 3729 3871 3774 τινας
3906 3732 3939 3782 ὁ

686 3816 818 3888 πρξς
847 3813 1003 3867 τοῦτο
1034 3811 1120 3866 διά
1144 3810 1242 3880 τῆς
1263 3807 1466 3863 ἀνωθεν
1498 3807 1676 3878 ψήφου
1697 3807 2242 3876 προκεχειρισμένος;
2281 3809 2354 3861 Οὐ
2421 3811 2518 3879 τῆς
2558 3809 2802 3862 Ἰωάννου
2859 3808 3152 3878 ῥᾳθυμίας,
3218 3800 3261 3859 ὦ
3303 3797 3470 3868 οὗτοι,
3531 3806 3735 3860 δίκαιον
3789 3809 3936 3877 ἡμᾶς

687 3922 744 3972 ἐν
775 3906 981 3968 τούτοις
1031 3903 1372 3972 κατηγορεῖν,
1433 3899 1568 3952 ἀλλά
1597 3897 1694 3968 τῆς
1731 3899 1838 3950 τῶν
1881 3896 2248 3952 ἀπειθούντων
2286 3899 2613 3970 δυσιροπίας
2667 3899 2960 3972 καταὸοᾷν.
3021 3903 3185 3954 Ὅσον
3237 3901 3332 3970 μὲν
3390 3900 3492 3970 γάρ
3534 3901 3612 3962 είς
3683 3900 3767 3951 τὸν
3840 3899 3936 3953 τοῦ

689 3997 1150 4071 προκηρύττοντος
1188 3991 1402 4054 σκοπὸν,
1441 3990 1534 4042 καὶ
1576 3989 1667 4042 τὸν
1708 3989 1804 4058 τῆς
1868 3988 2169 4058 ἀποστολῆς
2217 3989 2318 4060 τῆς
2355 3990 2561 4045 ἀνωθεν
2611 3994 2832 4063 τρόπον,
2881 3991 3056 4054 οὐδεὶς
3101 3991 3166 4044 ἂν
3207 3991 3414 4063 ηὑρέθη
3453 3989 3554 4060 τῆς
3586 3990 3938 4054 διδασκαλίας

689 4088 970 4160 ἀμέτοχος,
1021 4084 1126 4138 οὐδ’
1157 4082 1221 4136 ἂν
1258 4081 1528 4152 ἐνέμεινεν
1573 4079 1825 4148 ἀπειθὴς.
1881 4079 2098 4149 Ἐπειδὴ
2133 4079 2189 4131 δὲ
2227 4080 2493 4152 διάφοροςτ
2519 4083 2579 4134 ὲν
2614 4084 2727 4145 τοῖς
2767 4082 3136 4153 ἀκροωμένοις
3167 4083 3199 4152 ἡ
3231 4081 3446 4152 γνώμη,
3484 4081 3698 4151 καὶτῆς
3729 4083 3940 4147 οἰκείας

689 4180 1056 4255 προαιρέσεως
1087 4177 1310 4240 ἕκαστος
1334 4174 1445 4245 ἔχει
1474 4172 1571 4244 τὴν
1610 4172 1876 4237 ἐξουσίαν,
1913 4171 2305 4242 ἀπεσφάλησάν
2338 4191 2481 4238 τινες
2497 4173 2591 4227 τοῦ
2627 4173 3021 4245 συμφέροντος,
3043 4175 3104 4227 οὐ
3127 4174 3560 4247 παραδεξάμενοι
3600 4172 3696 4244 τὴν
3727 4175 3935 4230 πίστιν.

689 4277 778 4342 Διὸ
801 4275 977 4336 αὐτοῖς
1003 4270 1192 4344 ῥητέον
1215 4268 1452 4339 δηλονότι
1482 4265 1622 4319 κατά
1643 4267 1703 4318 τὸ
1728 4268 1785 4318 ὲν
1802 4265 1880 4335 τῷ
1900 4269 2154 4338 προφήτῃ
2179 4267 2480 4338 κείμενονί
2504 4268 2562 4320 ὐ
2599 4267 2812 4322 ἀκούων
2832 4270 3098 4332 ἀκουέτω,
3130 4271 3265 4324 καὶὸ
3289 4269 3527 4322 ἀπειθῶν
3558 4268 3869 4323 ἀπείθείτω.
3911 4291 3932 4320 ι

762 4371 804 4430 Ι,
837 4368 891 4420 7.
930 4365 1030 4418 Hic
1084 4363 1218 4417 venit
1275 4362 1328 4414 in
1356 4358 1736 4424 testimonium,
1783 4367 1839 4410 ut
1893 4359 2247 4412 testimonium

2433 4354 2622 4426 Οὗτος
2651 4357 2839 4431 ἦλθεν
2887 4365 2973 4430 είς
3017 4365 3382 4432 μαρτυρίαν,
3443 4362 3542 4415 ἵνα
3574 4361 3940 4431 μαρτιφήσιι

691 4456 974 4528 perhiberet
1010 4453 1072 4508 de
1097 4451 1313 4505 lumine.

764 4546 1074 4617 Emphasim
1108 4543 1271 4598 habet
1300 4542 1453 4603 illud,
1485 4558 1502 4590 ι
1534 4538 1653 4598 llic,
1683 4557 1699 4590 ι
1731 4547 1784 4593 et
1815 4543 2062 4594 virtutem
2097 4547 2262 4608 atque

695 4652 938 4707 personae
970 4634 1273 4690 claritatem
1303 4630 1598 4701 signilicat.
1627 4627 1675 4682 ls
1703 4631 1870 4690 enim,
1909 4649 1924 4680 ι
1959 4631 2050 4698 qui
2082 4646 2111 4684 a
2153 4630 2263 4683 Deo

694 4729 894 4784 missus
929 4737 1031 4789 est,
1082 4743 1100 4775 ι
1140 4723 1338 4793 inquit,
1388 4720 1481 4790 qui
1520 4718 1827 4772 universam
1861 4716 2106 4772 Iudaeam
2140 4735 2262 4772 cum

696 4818 985 4872 sanctitate
1011 4815 1134 4869 vita:
1176 4821 1291 4867 tum
1340 4809 1564 4881 pietatis
1615 4808 1923 4862 incredibili
1973 4808 2266 4878 splendore

696 4910 751 4962 in
787 4905 1206 4962 admirationem
1259 4903 1342 4956 sui
1389 4901 1601 4971 rapuit,
1635 4899 1729 4967 qui
1783 4908 2099 4953 sanctorum
2142 4914 2266 4968 pro-

695 4982 984 5072 phetarum
1016 4996 1255 5052 oraculis
1283 4992 1682 5064 praenuntiatus
1707 4988 1833 5054 fuit,
1883 4991 2027 5059 apud
2069 4990 2263 5046 Isaiam

697 5093 952 5162 quidem:
993 5108 1012 5142 ι
1057 5087 1174 5144 Vos
1221 5087 1510 5143 clamantis
1558 5085 1616 5138 in
1654 5082 1874 5138 deserto
1908 5084 1952 5114 ⁸⁸
1995 5101 2011 5151 ;
2059 5101 2079 5136 ι
2119 5083 2264 5154 apud

698 5183 916 5239 beatum
956 5196 1086 5236 vero
1124 5177 1385 5234 Davidem
1427 5195 1440 5230 :
1482 5195 1499 5226 ι
1565 5171 1813 5228 Lucerna
1858 5173 2082 5228 Christo
2130 5189 2267 5244 prato

701 5285 888 5347 parata
921 5273 965 5306 ⁸³
1003 5292 1022 5324 ι
1067 5277 1455 5341 nuncupatus:
1493 5285 1510 5318 ι
1559 5265 1656 5320 Hic
1708 5266 1856 5322 venit
1913 5265 1968 5318 in
2020 5265 2266 5320 testimo-

699 5371 872 5435 nium,
902 5374 961 5422 ut
1001 5363 1377 5420 testimonium
1411 5356 1719 5430 perhiberet
1766 5357 1834 5410 de
1867 5357 2094 5410 lumine.
2145 5375 2163 5407 ι
2202 5353 2267 5410 Ει

699 5464 877 5516 lucem
907 5457 1128 5529 quidem
1168 5455 1257 5508 hic
1299 5453 1466 5508 Deum
1498 5449 1736 5504 Verbum
1761 5441 2028 5515 nominat,
2068 5463 2266 5502 unum-

698 5567 808 5623 que
865 5564 989 5605 esse
1040 5545 1304 5608 ostendit,
1362 5550 1415 5598 et
1474 5541 1764 5611 ipsammet
1811 5537 1988 5594 lucem
2045 5539 2267 5610 proprie

699 5643 990 5701 exsistere,
1030 5646 1156 5707 post
1208 5649 1371 5705 quam
1428 5633 1532 5687 alia
1584 5631 1733 5690 nulla
1771 5639 1853 5687 est
1895 5639 2110 5697 natura,
2140 5631 2264 5685 illn-

776 5797 854 5829 κ’
879 5793 996 5848 Gal.
1028 5813 1064 5861 ι,
1100 5798 1184 5850 12.

703 5868 846 5925 Psal.
885 5882 1041 5921 cxxxt
1064 5907 1077 5933 ,
1125 5867 1210 5922 Π.

1285 5797 1328 5828 ’⁸
1367 5795 1497 5852 Luc.
1533 5797 1701 5864 1,“,
1743 5795 1830 5850 ει.
1909 5795 2129 5851 ¹³”ἱι)ἱι1.
2163 5794 2247 5850 15.

2359 4453 2488 4518 περὶ
2518 4453 2622 4506 τοῦ
2650 4455 2866 4521 φωτός.

2435 4541 2709 4610 Ἔμφασιν
2744 4543 2963 4613 ἀρετῆς,
2998 4543 3092 4596 καὶ
3124 4543 3223 4612 τῆς
3253 4542 3347 4595 τοῦ
3383 4540 3676 4613 προσώπου
3707 4558 3942 4612 περιφαο

2361 4628 2505 4692 νείας
2531 4631 2706 4683 ὠδίνει
2732 4632 2812 4693 τὸ,
2846 4650 2864 4682 ι
2902 4628 3072 4694 οὗτος.
3113 4652 3130 4683 ³
3163 4651 3179 4685 ⁸
3223 4632 3278 4684 ’θ
3296 4633 3402 4704 γὰρ
3432 4634 3495 4684 ἐκ
3511 4631 3670 4696 θεθῦν
3703 4652 3720 4684 ’
3748 4635 3940 4703 φησὶνν

2368 4738 2384 4770 ι
2420 4721 2846 4791 ἀπεσταλμένος,
2887 4741 2902 4771 ι
2938 4723 2965 4774 ό
2998 4725 3176 4776 πᾶσαν
3206 4724 3426 4787 εἰκότως
3455 4723 3805 4793 καταπλήξας
3835 4724 3941 4793 τὴν

2379 4811 2660 4875 Ἰουδαίαν,
2725 4814 2788 4882 τῇ
2849 4830 2905 4866 τε
2937 4815 3029 4867 τοῦ
3082 4815 3196 4885 βίου
3234 4816 3542 4886 σεμνότητι,
3577 4816 3672 4869 καὶ
3707 4818 3825 4878 ταῖς
3855 4819 3942 4880 εἰς

2368 4899 2598 4970 ἄσκησιν
2629 4902 2972 4972 ὑπερϐολαῖς,
3010 4905 3037 4956 ό
3066 4904 3154 4957 διὰ
3192 4904 3374 4974 φωνῆς
3421 4906 3591 4973 ἁγίων
3617 4922 3944 4977 προκηρύτ-

2365 4989 2589 5060 τόμενος
2642 4993 2970 5064 προφητῶν·
3047 4996 3140 5047 καὶ
3201 4996 3351 5064 παρά
3407 4996 3506 5066 μὲν
3551 4996 3629 5067 τῷ
3695 4998 3892 5068 Ἠσαίᾳ
3923 5014 3942 5030 ⁸

2375 5100 2392 5132 ι
2425 5081 2580 5153 Φωνὴ
2621 5082 2847 5152 βοῶντος
2893 5086 2950 5139 ὲν
2977 5089 3042 5156 τῇ
3073 5086 3261 5157 ἐρήμῳ
3282 5103 3294 5116 ·
3330 5106 3348 5139 ι
3386 5087 3534 5158 παρὰ
3563 5089 3621 5140 δὲ
3646 5087 3724 5158 τῷ
3760 5106 3947 5159 μακαο

2371 5174 2470 5243 ρίῳ
2495 5175 2674 5227 Δαϐίδο
2712 5194 2729 5226 ι
2753 5177 2956 5247 Λύχνος
2980 5177 3201 5247 Χριστῷ
3229 5178 3736 5249 προητοιμασμένος
3767 5198 3784 5229 ι
3820 5181 3945 5232 ὀνο-

2372 5266 2594 5333 μασθείς
2611 5282 2625 5295 ο
2654 5285 2672 5317 ι
2694 5260 2859 5329 Οὗτος
2875 5263 3036 5337 ἦλθεν
3056 5269 3133 5330 είς
3159 5269 3482 5340 μαρτυρίαν,
3506 5269 3593 5322 ίνα
3614 5273 3946 5342 μαρτυρήσῃ

2369 5356 2493 5426 περὶ
2540 5356 2631 5410 τοῦ
2680 5357 2880 5425 φωτός·
2925 5377 2944 5408 ι
2984 5359 3076 5411 καὶ
3109 5358 3223 5428 φῶς
3257 5361 3353 5429 μὲν
3377 5362 3446 5429 ,ἐν
3489 5361 3662 5433 τούτῳ
3688 5363 3777 5415 τὸν
3809 5363 3946 5418 Θεὸν

2367 5447 2539 5515 Λόγον
2587 5447 2867 5512 ἀποκαλεῖ,
2897 5448 2992 5502 ἕνα
3018 5449 3074 5502 δὲ
3117 5449 3246 5504 ὄντα
3295 5450 3551 5516 δεικνύει,
3585 5455 3679 5507 καὶ
3721 5453 3854 5507 αὐτὸ
3877 5454 3948 5526 δὴ

2367 5537 2526 5591 τοῦτο
2582 5539 2783 5608 κυρίως
2833 5540 3143 5611 ὑπάρχοντα
3185 5541 3320 5610 φῶς,
3375 5542 3494 5614 μεθ’
3538 5543 3567 5597 δ
3601 5544 3745 5598 κατά
3782 5529 3948 5614 φύσιν

2371 5627 2555 5699 ἕτερον
2584 5628 2754 5692 οὐδὲν,
2795 5628 2895 5699 τὴν
2940 5629 3035 5682 τοῦ
3082 5629 3340 5685 δύνασθαι
3374 5631 3628 5703 φωτίζειν
3659 5634 3948 5706 ἐνέργειαν

2331 5794 2374 5826 ⁸⁰
2412 5795 2565 5855 Joan.
2600 5816 2636 5862 ι,
2672 5799 2723 5855 7.
2801 5801 2839 5833 ³³
2884 5799 3079 5857 Ezech.
3114 5817 3208 5866 nt,
3241 5800 3330 5854 27.
3410 5800 3453 5833 ⁹¹
3497 5794 3601 5854 ιςσζ
3637 5814 3734 5865 ιι,
3767 5798 3819 5853 3.
3900 5797 3950 5830 ³³
