4168 6590
258 451 360 508 109

1324 441 1390 497 ἎΝ
1431 440 1710 500 JUAN‘tiS
1765 436 2209 500 EVAI‘iCbLliJM
2251 437 2377 498 LIB.
2416 448 2458 502 Ι.

3404 451 3496 506 ιιι

255 563 399 632 ἕχον,
441 561 536 614 καὶ
558 559 733 629 φωτὸς
767 560 828 612 οὐ
848 558 1053 629 δεηθέν.
1086 556 1291 610 Οὐκοῦν
1324 557 1555 626 ἔκφυλός
1589 574 1668 621 τε,
1713 558 1829 621 καὶ,

1942 557 2178 612 minandi
2221 558 2272 610 vi
2308 557 2609 626 praeditam,
2644 568 2697 614 et
2729 557 2950 612 minime
2979 557 3116 614 lucis
3141 556 3498 629 indigentem.

257 653 324 704 ἶν’
345 649 519 714 οὕτως
561 649 827 718 εἴπωμεν,
877 648 1172 720 έτεροφυὴς
1201 648 1278 712 ὡς
1320 649 1451 720 πρὸς
1481 649 1579 719 τὴν
1609 650 1782 702 κτίσιν
1801 651 1832 702 6

254 740 350 794 τοῦ
378 738 514 792 Θεοῦ
539 739 729 806 Λόγος,
765 740 921 809 εἴπερ
957 737 1126 802 δντως
1159 752 1218 791 τε
1267 741 1364 792 καὶ
1407 739 1622 810 ἀληθῶς
1669 741 1833 803 αὐτὸς

259 831 358 900 μέν
387 832 502 883 ἐστι
544 829 746 900 κυρίως
776 829 836 882 τὸ
858 829 994 897 φῶς,
1018 830 1194 897 φωτὸς
1219 830 1273 882 δὲ
1305 833 1337 900 ἡ
1372 831 1548 895 κτίσις
1584 831 1826 901 μέτοχος.

268 922 326 974 ⁸0
347 921 403 974 δὲ
438 923 548 983 τοῖς
573 921 962 990 πεποιημένοις
1010 919 1343 984 ἀσύντακτος
1373 922 1497 992 ἤδη,
1528 923 1622 975 καὶ
1653 924 1831 992 ἑτερο-

258 1011 398 1082 φυὴς
433 1009 520 1064 διὰ
573 1008 730 1062 τοῦτο
765 1011 1074 1080 νοούμενος,
1131 1010 1248 1073 πῶς
1297 1012 1396 1063 οὐκ
1431 1010 1496 1064 ἂν
1529 1011 1615 1082 εἴη
1649 1011 1831 1065 λοιπὸν

255 1104 389 1155 εἵσω
417 1101 528 1154 τῶν
558 1102 658 1172 τῆς
711 1100 964 1173 θεότητος
1011 1103 1175 1174 ὅρων,
1202 1103 1296 1156 καὶ
1324 1103 1423 1171 τῆς
1461 1102 1554 1156 τοῦ
1583 1103 1831 1166 τεκόντος

254 1193 485 1262 εὐφυΐας
515 1195 797 1258 ἀνάπλεως
819 1211 833 1259 ;

331 1397 455 1449 οὐκ
475 1392 555 1466 ἦν
591 1390 821 1462 ἐκεῖνος
849 1395 915 1448 τὸ
966 1395 1116 1464 φῶς,
1163 1398 1298 1451 ἀλλ’
1335 1396 1436 1450 ἵνα
1475 1395 1830 1466 μαρτυρήσῃ

251 1486 389 1556 περὶ
408 1486 517 1540 τοῦ
548 1489 761 1555 φωτός.

327 1577 440 1640 Τάς
465 1579 523 1630 ἐν
555 1580 621 1649 τῇ
652 1580 844 1649 ἐρήμῳ
872 1577 1153 1649 διατριϐὰς
1171 1577 1275 1630 τῶν
1307 1580 1363 1630 ὲν
1386 1577 1600 1630 πόλεσιν
1633 1577 1831 1629 ἐνδιαι-

251 1669 517 1739 τημάτων
570 1672 914 1740 προτιμήσας
962 1673 990 1723 6
1045 1668 1372 1739 Βαπτιστὴς,
1431 1669 1537 1736 καὶ¹
1569 1668 1728 1736 ξένην
1775 1670 1833 1721 ἐν

254 1758 492 1830 ἀσκήσει
521 1757 617 1829 τὴν
656 1761 954 1830 καρτερίαν
1006 1758 1432 1829 ἐπιδειξάμενος,
1471 1758 1567 1810 καλ⁸
1600 1760 1680 1821 είς
1702 1757 1833 1810 αὐτὸ

251 1851 356 1922 τῆς
389 1853 450 1904 ὲν
481 1851 787 1922 ἀνθρώποις
810 1849 1153 1920 δικαιοσύνης
1183 1850 1244 1902 τὸ
1275 1849 1572 1919 ἀκρότατον
1597 1849 1832 1920 ἀναδρα-

259 1909 402 2014 μῶν,
429 1944 526 1996 xui.
567 1909 712 2013 μάλα
751 1909 972 2005 δικαίως
1018 1909 1458 2011 ἀπεθαυμάζετο,
1499 1940 1594 1994 καὶ
1631 1939 1696 2010 δὴ
1735 1909 1834 1994 καὶ
1866 1909 1907 1962 Β

254 2035 567 2106 ὑπείληπτο
622 2036 772 2106 παρά
825 2052 964 2088 τισιν
1014 2034 1177 2097 αὐτὸς
1223 2030 1411 2087 εἷναιό
1439 2035 1692 2104 Χριστόςδ
1725 2032 1834 2085 Καὶ

251 2127 390 2195 γοῦν
409 2129 458 2179 οί
487 2126 598 2180 τῶν
633 2126 934 2179 Ἰουδαϊκῶν
958 2125 1250 2197 ἡγούμενοι
1291 2126 1584 2196 ταγμάτων
1614 2124 1702 2178 διά
1727 2123 1834 2176 τῶν

249 2219 571 2288 προσόντων
616 2217 764 2288 αὐτῷ
803 2218 942 2271 κατά
984 2219 1188 2290 ἀρετὴν
1232 2216 1722 2287 πλεονεκτημάτων
1755 2217 1836 2278 είς

247 2308 517 2380 τοιαύτην
556 2307 860 2379 ινεχθέντες
901 2308 1190 2372 ὑπόνοιαν,
1246 2307 1636 2361 ἀποστέλλουσι
1681 2323 1834 2368 τινας

249 2398 395 2469 πρὸς
447 2399 608 2453 αὑτὸν
661 2399 1036 2452 ἀναπυθέσθαι
1100 2399 1522 2470 προστάξαντες,
1581 2399 1628 2450 εί
1671 2398 1834 2460 αὑτός

250 2492 406 2544 ἔστιν
441 2492 470 2542 6
500 2491 751 2561 Χριστός.
786 2492 900 2544 Οὐκ
949 2492 1222 2562 ἀγνοήσας
1275 2491 1454 2545 τοίνυν
1501 2492 1528 2543 6
1567 2490 1836 2559 μακάριος

248 2581 650 2654 εὐαγγελιστὴς
683 2582 752 2636 τά
779 2583 929 2653 παρὰ
954 2583 1168 2646 πολλοῖς
1183 2580 1681 2652 διατεθρυλλημὲνα
1708 2580 1836 2649 περὶ

248 2670 448 2734 αὑτοῦ,
473 2671 686 2741 τίθησιν
720 2673 1033 2738 ἀναγκαίως
1067 2672 1150 2734 τὸ,
1194 2691 1212 2721 ι
1249 2672 1362 2724 Οὐκ
1387 2667 1454 2740 ἦν
1518 2672 1726 2732 ἐκεῖνος
1776 2669 1842 2722 τὸ

252 2761 398 2830 φῶς,
441 2783 459 2813 ι
496 2763 582 2815 ἵνα
609 2764 703 2815 καὶ
739 2765 948 2833 πλάνην
999 2763 1352 2834 ἀπορῥιζώσῃ
1385 2763 1480 2831 τὴν
1520 2762 1612 2814 ἐπὶ
1643 2761 1836 2830 τούτῳ,

252 2854 352 2904 καὶ
420 2853 579 2906 πάλιν
634 2855 972 2918 ἀξιοπιστίαν
1020 2853 1361 2923 ὲπισωρεύσῃ
1415 2850 1536 2904 τινὰ
1585 2850 1665 2920 τῷ
1703 2851 1840 2921 πρὸς

255 2943 574 3014 μαρτυρίαν
604 2943 997 3015 άπεσταλμὲνῳ
1011 2945 1156 3015 παρὰ
1183 2943 1337 2996 Θεοῦ.
1363 2943 1484 3005 Πῶς
1504 2943 1611 3015 γὰρ
1639 2943 1698 2996 ού
1723 2943 1841 2995 λίαν

251 3035 603 3106 ὑπερφερὴς,
630 3036 746 3099 πῶς
772 3036 827 3088 δὲ
857 3036 975 3106 οὐχὶ
997 3037 1136 3090 κατά
1162 3037 1335 3090 πάντα
1354 3037 1554 3106 τρόπον
1587 3033 1844 3099 ἀξιοθαύ-

247 3141 494 3194 μαστος,
549 3127 578 3177 6
631 3127 874 3197 μεγάλην
927 3126 1068 3179 οὕτω
1106 3127 1586 3197 κατημφιεσμένος
1618 3125 1840 3196 ἀρετὴν,

1933 647 2122 718 Itaque
2152 647 2246 702 Dei
2280 647 2516 704 Verbum
2543 650 2782 704 alienum
2817 658 3126 721 est,atque,
3152 659 3212 705 ut
3243 651 3320 706 ita
3353 651 3502 706 dicas

1933 754 2077 802 mus,
2111 740 2340 795 alterius
2369 741 2585 811 generis
2617 755 2648 794 a
2675 749 2949 806 creatura,
2976 743 3245 814 siquidem
3285 758 3500 813 reapse,

1932 837 1987 883 et
2018 845 2166 895 vere,
2200 845 2266 885 ac
2315 833 2533 902 proprie
2575 833 2664 888 lux
2703 841 2810 895 est,
2850 843 3100 889 creatura
3136 841 3317 889 autem
3365 835 3504 890 lueis

1935 921 2228 990 particeps.
2261 919 2363 986 Qui
2416 933 2596 976 autem
2633 924 2686 977 in
2743 924 2934 978 ordine
2967 934 3342 980 creaturarum
3393 936 3504 981 non

1932 1021 2038 1076 est,
2074 1021 2241 1084 atque
2273 1014 2477 1070 idcirco
2505 1016 2705 1070 diversi
2743 1017 2962 1085 generis
2992 1033 3116 1072 esse
3151 1024 3409 1072 censetur
3435 1018 3505 1072 ab

1935 1105 2064 1167 illis,
2093 1105 2370 1174 quomodo
2405 1108 2682 1162 increatus
2723 1123 2833 1161 non
2874 1109 3014 1163 erit?
3052 1109 3163 1162 imo
3202 1124 3334 1164 vero
3367 1123 3505 1178 quo-

1935 1196 2098 1252 modo
2135 1199 2377 1254 rationes
2411 1215 2602 1256 omnes
2641 1199 2862 1256 deitatis
2915 1201 2968 1254 in
3009 1216 3070 1256 se
3102 1216 3212 1256 non
3255 1201 3503 1264 habebit,

1933 1302 1988 1344 ct
2014 1289 2158 1346 Patri
2199 1307 2306 1346 non
2337 1294 2444 1347 erit
2471 1293 3002 1349 consubstantialis?

2008 1408 2044 1471 I,
2086 1405 2140 1461 8.
2171 1406 2294 1462 Non
2342 1418 2455 1462 erat
2481 1408 2568 1462 ille
2598 1409 2710 1469 lux,
2740 1408 2830 1462 sed
2859 1417 2915 1461 ut
2946 1410 3299 1463 testimonium
3329 1403 3504 1478 perhi-

1936 1500 2074 1553 beret
2111 1500 2175 1554 de
2201 1497 2415 1553 Ιιιιιιὶηε.

2004 1591 2162 1654 Cum,
2190 1590 2394 1646 relictis
2427 1595 2678 1660 urliibus,
2715 1593 2769 1648 in
2807 1587 3154 1648 solitudinem
3174 1589 3414 1663 Baptista
3449 1608 3510 1648 se

1937 1686 2254 1753 recepisset,
2299 1691 2354 1739 et
2384 1679 2644 1740 inauditis
2678 1686 2900 1755 pietatis
2943 1687 3222 1741 laboribus
3259 1696 3319 1741 Se
3353 1695 3511 1739 exer-

1937 1783 2106 1840 ceret,
2140 1783 2306 1844 atque
2337 1773 2592 1829 humanae
2626 1773 2856 1845 iustitia:
2909 1792 3181 1832 summum
3231 1776 3508 1847 fastigium

1938 1864 2236 1934 attigisset,
2271 1865 2618 1920 admirationi
2667 1868 2862 1920 merito
2912 1864 3131 1921 cunctis
3177 1867 3511 1931 erat,adeo-

1936 1968 2044 2021 que
2096 1961 2154 2006 ut
2207 1953 2460 2007 nonnulli
2506 1953 2786 2009 Christum
2839 1964 3094 2024 putarent
3142 1956 3320 2025 ipsum
3365 1971 3505 2012 esse.

1936 2028 2206 2108 Quocirca
2252 2037 2566 2098 Judzeorum
2602 2040 2888 2115 principes
2929 2047 2999 2101 ob
3048 2046 3355 2116 singulares
3387 2045 3510 2116 ejus

1936 2135 2172 2189 virtutes
2223 2135 2277 2188 in
2321 2150 2438 2190 eam
2487 2136 2708 2190 adducti
2764 2137 3114 2200 sententiam,
3158 2137 3390 2191 mittunt
3441 2135 3509 2191 ad

1935 2239 2060 2278 eum
2119 2237 2243 2279 enm
2303 2227 2578 2282 mandatis
2609 2235 2791 2283 certos
2823 2228 3098 2294 homines,
3127 2230 3218 2298 qui
3252 2233 3511 2300 rogarent

1939 2323 2122 2369 utrum
2148 2316 2406 2371 Christus
2429 2326 2594 2372 esset.
2626 2317 2759 2373 Cum
2792 2334 2922 2388 ergo
2954 2318 3151 2374 beatus
3173 2320 3510 2390 evangelista

1937 2407 2121 2462 varios
2161 2407 2228 2461 de
2260 2409 2352 2462 illo
2379 2425 2630 2465 rumores
2667 2425 2895 2481 sparsos
2931 2427 3038 2464 non
3073 2409 3182 2482 64
3210 2413 3508 2482 ignoraret,

1938 2500 2256 2554 necessario
2309 2501 2616 2572 subjungit,
2682 2520 2700 2552 ι
2741 2500 2860 2556 Non
2902 2510 3021 2556 erat
3070 2503 3165 2556 ille
3219 2504 3338 2566 lux,
3383 2522 3403 2555 ι
3459 2513 3515 2556 ut

1937 2605 2184 2644 errorem
2225 2592 2502 2657 evelleret,
2529 2593 2807 2663 simulque
2839 2592 3154 2648 ostenderet
3181 2601 3402 2664 quanta:
3441 2583 3515 2650 sit

1939 2682 2289 2735 auctoritatis
2351 2683 2398 2738 is
2446 2682 2542 2754 qui
2577 2699 2605 2736 a
2641 2682 2752 2738 Deo
2793 2683 2848 2737 in
2895 2684 3274 2738 testimonium
3308 2685 3513 2738 missus

1939 2781 2081 2826 erat.
2114 2770 2220 2837 Qui
2261 2771 2410 2826 enim
2448 2772 2565 2827 ﬁeri
2608 2782 2790 2842 potest
2837 2784 2895 2828 ut
2936 2775 3027 2829 ille
3069 2791 3176 2829 non
3213 2777 3513 2845 praecellat,

1940 2872 1994 2916 et
2050 2865 2200 2917 omni
2258 2863 2624 2919 admiratione
2672 2866 2873 2937 dignus
2918 2867 3187 2932 videatur,
3216 2867 3310 2938 qui
3364 2876 3514 2922 tanta

1942 2955 2149 3009 virtute
2211 2955 2473 3025 praeditus
2522 2956 2854 3026 iustitiaque
2919 2959 2991 3012 sit
3049 2959 3406 3028 conspicuus,
3457 2963 3518 3013 ut

1945 3045 2122 3114 ipsum
2165 3045 2447 3099 Christum
2483 3047 2748 3110 imitetur,
2791 3052 2846 3101 et
2893 3047 2964 3102 ob
3002 3049 3258 3102 eximiam
3300 3050 3516 3119 pictatis

1944 3135 2406 3204 pulchritudinem
2467 3137 2586 3205 ipsa
2649 3137 2865 3192 demum
2931 3139 3022 3191 lux
3079 3153 3203 3193 esse
3262 3139 3518 3210 putetur?

242 3217 346 3271 καὶ
372 3217 690 3288 διαπρεπὴς
721 3221 800 3280 εἰς
855 3218 1218 3287 δικαιοσύνην,
1251 3219 1325 3282 ὼς
1371 3219 1535 3271 αὐτὸν
1559 3219 1840 3288 ἀπομιμή-

1949 3224 2066 3280 Non
2101 3237 2219 3280 erat
2272 3228 2439 3298 igitur
2488 3229 2579 3284 ille
2621 3229 2737 3293 lux,
2784 3229 2983 3300 inquit,
3029 3229 3124 3285 sed
3170 3230 3237 3285 ad
3269 3233 3518 3288 testimo-

249 3309 462 3363 σασθαι
486 3311 578 3362 τὸν
611 3310 864 3381 Χριστὸν,
895 3309 1042 3363 διάτε
1064 3310 1122 3361 τὸ
1150 3309 1424 3380 ἐξαίρετον
1443 3311 1542 3379 τῆς
1561 3308 1842 3372 εὐλαϐείας

247 3401 480 3463 κάλλος,
512 3401 644 3455 αὐτὸ
659 3401 722 3472 δὴ
752 3402 936 3455 λοιπὸν
962 3402 1228 3471 ὑπάρχειν
1249 3401 1593 3454 ὑπονοεῖσθαι
1609 3401 1670 3452 τὸ
1693 3401 1840 3469 φῶς;

248 3494 368 3546 Οὐκ
393 3487 466 3564 ἦν
492 3489 604 3556 οὖν,
637 3494 818 3563 φησιν,
845 3495 1048 3557 ἐκεῖνος
1062 3493 1120 3547 τὸ
1142 3493 1276 3563 φῶς,
1297 3493 1411 3547 ἀλλ’
1432 3495 1510 3556 είς
1536 3493 1844 3564 μαρτυρίαν

246 3585 356 3656 τὴν
388 3585 520 3654 περ).
550 3584 644 3637 τοῦ
678 3585 850 3652 φωτὸς
882 3586 1306 3656 ἀπεσταλμένος.
1330 3584 1539 3654 Τόφῶς
1563 3584 1618 3638 δὲ
1649 3585 1840 3655 λέγων,

253 3679 407 3747 μετά
439 3679 540 3748 τῆς
574 3679 668 3731 τοῦ
703 3677 906 3749 ἄρθρου
943 3678 1260 3750 προσθήκης
1284 3721 1295 3742 ,
1331 3679 1389 3731 ἓν
1439 3679 1570 3732 αὐτὸ
1610 3677 1842 3732 δεικνύει

251 3769 457 3838 σαφῶς
486 3783 501 3798 ·
533 3768 646 3840 ἔχει
669 3769 776 3840 γάρ
808 3769 950 3823 οὓτω
974 3769 1116 3823 κατά
1149 3770 1426 3840 ἀλήθειαν.
1460 3771 1580 3823 Ὅτι
1613 3769 1712 3840 μὲν
1736 3771 1843 3840 γὰρ

250 3860 376 3928 φῶς
410 3859 480 3912 ἂν
507 3859 725 3912 καλοῖτο
748 3859 988 3922 δικαίως,
1021 3859 1115 3912 καὶ
1135 3862 1164 3912 6
1202 3859 1470 3931 μακάριος
1512 3860 1840 3931 Βαπτιστὴτ,

245 3952 281 4022 ἦ
327 3953 432 4006 καὶ
473 3951 705 4015 ἕκαστος
745 3951 852 4005 τῶν
886 3952 1076 4020 ἁγίων,
1119 3953 1218 4005 οὐκ
1249 3951 1619 4025 ἀρνησόμεθα,
1651 3952 1741 4005 διὰ
1784 3952 1844 4006 τὸ

247 4042 343 4093 ἐπ’
408 4039 600 4104 αὐτοῖς
653 4039 805 4111 παρὰ
856 4039 950 4094 τοῦ
1007 4042 1256 4112 Σωτῆρος
1303 4041 1459 4112 ἡμῶν
1531 4041 1840 4114 εἰρημένον,

248 4154 270 4184 ι
298 4132 502 4203 Ὑμεῖς
540 4133 663 4184 ἐστε
683 4133 744 4184 τὸ
768 4132 882 4199 φῶς
911 4131 1004 4185 τοῦ
1035 4132 1264 4203 κόσμου.
1298 4150 1316 4184 ι
1345 4131 1572 4204 Εἴρηται
1606 4133 1660 4186 δὲ
1684 4134 1844 4186 πάλιν

242 4225 389 4295 περὶ
426 4221 525 4276 τοῦ
573 4223 726 4291 ἁγίου
763 4223 1090 4289 Βαπτιστοῦ,
1129 4241 1147 4274 ι
1195 4223 1501 4294 Ἦτοίμασα
1541 4224 1732 4294 λύχνον
1766 4225 1844 4295 τῷ

240 4311 488 4384 Χριστῷ
525 4327 647 4382 μου.
692 4329 710 4361 ι
735 4311 864 4375 Καὶ,
889 4328 908 4360 ι
933 4309 1168 4374 Ἐκεῖνος
1191 4307 1259 4382 ἦν
1290 4312 1318 4364 6
1341 4309 1531 4380 λύχνος
1561 4311 1589 4363 6
1621 4310 1843 4380 καιόμε-

240 4425 342 4471 νος
398 4405 504 4459 καὶ
563 4404 803 4472 φαίνων·
860 4403 1018 4472 ὑμεῖς
1062 4402 1117 4456 δὲ
1153 4402 1455 4473 ἠθελήσατε
1501 4400 1637 4473 πρδς
1693 4401 1843 4472 ὤραν

239 4496 703 4568 ἀγαλλιασθῆναι
763 4498 821 4548 ἐν
857 4494 936 4565 τῷ
991 4495 1130 4563 φωτὶ
1187 4494 1376 4548 αὑτοῦ.
1413 4513 1432 4545 ι
1477 4494 1620 4546 Ἀλλ’
1669 4495 1844 4546 εἶκαὶ

1947 3317 2100 3370 nium
2133 3317 2200 3371 de
2233 3317 2440 3374 lumine
2477 3319 2876 3389 perhibendum
2919 3319 3143 3376 missus.
3165 3319 3299 3375 Cum
3333 3328 3515 3376 autem

1946 3408 2005 3460 τὸ
2037 3407 2152 3476 φῶς
2187 3407 2283 3472 ait,
2307 3408 2544 3465 articulo
2575 3409 2783 3473 addito,
2816 3425 2979 3464 unam
3015 3411 3192 3466 lucem
3227 3426 3348 3467 esse
3373 3413 3520 3468 clare

1947 3499 2208 3565 ostendit,
2250 3499 2402 3568 quod
2457 3515 2591 3555 sane
2637 3515 2826 3556 verum
2885 3509 2989 3556 est.
3035 3500 3250 3556 Etenim
3299 3502 3516 3557 beatum

1947 3587 2270 3660 Baptistam,
2303 3597 2399 3643 aut
2433 3596 2685 3645 sanctum
2711 3589 3037 3659 quemlibet,
3083 3589 3258 3644 lucem
3299 3603 3519 3660 quoque

1949 3680 2146 3734 merito
2181 3679 2362 3734 vocari
2401 3694 2510 3733 non
2555 3679 2771 3733 inﬁcias
2801 3679 3027 3742 ibimus,
3057 3689 3181 3732 cum
3221 3678 3289 3732 de
3317 3677 3453 3747 ipsis
3489 3692 3520 3729 a

1949 3771 2235 3826 Salvalore
2284 3777 2481 3825 nostro
2533 3769 2741 3825 dictum
2804 3771 2878 3824 sit
2928 3786 2943 3823 :
3006 3787 3025 3820 ι
3068 3759 3177 3824 Vos
3233 3770 3368 3824 estis
3425 3767 3519 3824 lux

1947 3861 2136 3916 mundi
2176 3860 2242 3915 “.
2284 3879 2302 3911 ι
2339 3859 2403 3915 Et
2421 3860 2715 3917 choanne
2739 3860 3006 3931 Baptista,
3047 3877 3066 3911 ι
3100 3859 3295 3916 Paravi
3332 3861 3518 3916 lucer-

1949 3964 2072 4002 nam
2102 3948 2328 4004 Christo
2360 3963 2484 4003 meo
2513 3947 2581 4001 ³⁵.
2607 3967 2626 4000 ι
2666 3947 2819 4010 ltem,
2844 3965 2862 3998 ι
2915 3947 3010 4002 llle
3037 3955 3154 4002 erat
3182 3946 3405 4002 lucerna
3428 3961 3522 3998 ar-

1947 4041 2082 4095 dens
2099 4047 2153 4094 et
2171 4039 2389 4094 lucens:
2411 4053 2508 4094 vos
2538 4045 2719 4094 autem
2740 4037 2992 4092 voluistis
3026 4036 3090 4091 ad
3123 4037 3313 4091 horam
3339 4038 3524 4093 exsul-

1947 4141 2065 4186 tare
2111 4132 2165 4185 in
2194 4131 2315 4186 luce
2357 4130 2479 4200 ejus
2513 4130 2580 4185 ³⁸.
2630 4148 2649 4182 ι
2692 4128 3077 4184 Verumtamen
3121 4130 3374 4198 quamvis
3425 4129 3520 4184 lux

1946 4224 2122 4279 sancti
2175 4230 2230 4278 et
2276 4221 2498 4277 lucerna
2538 4219 2781 4290 Baptista
2819 4202 3109 4278 dicantur,
3151 4232 3261 4271 non
3299 4217 3522 4287 ignora-

1947 4332 2069 4372 mus
2091 4326 2278 4371 tamen
2298 4330 2392 4370 eos
2413 4313 2644 4384 gratiam
2663 4326 2726 4366 ac
2748 4311 2948 4364 donum
2973 4309 3197 4362 luminis
3218 4307 3519 4378 accepisse.

1950 4404 2134 4475 Neque
2155 4403 2302 4458 enim
2333 4403 2427 4457 lux
2457 4401 2682 4471 propria
2710 4407 2796 4454 est
2827 4399 3089 4462 lucernae,
3109 4413 3288 4468 neque
3310 4399 3523 4453 sanctis

1949 4491 2302 4551 illuminatio,
2339 4488 2435 4544 sed
2466 4488 2719 4543 veritatis
2771 4487 3177 4542 illuminatione
3226 4487 3521 4558 splenden-

240 4591 369 4658 φῶς
406 4590 466 4642 οἱ
500 4588 665 4656 ἅγιοι,
695 4587 788 4639 καὶ
804 4586 994 4655 λύχνος
1019 4588 1048 4637 6
1070 4584 1398 4656 Βαπτιστὴς,
1429 4585 1526 4654 τὴν
1551 4586 1636 4637 ἐπ’
1660 4585 1840 4648 αὐτοῖς

1952 4593 2054 4647 tes,
2085 4590 2140 4637 et
2183 4581 2468 4652 conspicui
2517 4580 2647 4635 facti
2688 4587 2837 4644 sunt,
2869 4587 2924 4634 et
2957 4580 3252 4634 luminaria
3303 4589 3434 4636 sunt
3465 4581 3518 4636 in

241 4684 352 4736 οὐκ
387 4681 739 4750 ἀγνοήσομεν
774 4677 952 4748 χάριν,
986 4677 1079 4728 καὶ
1107 4676 1204 4746 τὴν
1227 4677 1336 4730 ἀπὸ
1361 4677 1455 4730 τοῦ
1482 4677 1655 4746 φωτὸς
1681 4693 1844 4747 χορη-

237 4775 401 4844 γίαν.
435 4770 577 4825 Οὔτε
611 4771 718 4841 γὰρ
747 4772 876 4823 ἴδιον
906 4771 964 4821 ὲν
1000 4768 1078 4839 τῷ
1119 4768 1297 4840 λύχνῳ
1329 4769 1390 4822 τὸ
1415 4769 1548 4836 φῶς,
1579 4769 1700 4822 οὔτε
1738 4769 1845 4840 μὴν

239 4867 304 4917 ἐν
372 4865 497 4923 τοῖς
557 4861 730 4928 ἁγίοις
785 4860 814 4911 6
860 4859 1158 4928 φωτισμὸς,
1191 4857 1326 4911 ἀλλά
1359 4861 1424 4929 τῇ
1462 4859 1561 4929 τῆς
1586 4858 1845 4929 ἀληθείας

239 4949 535 5022 ἐλλάμψει
587 4949 821 5020 φαιδροὶ,
881 4948 976 5002 καὶ
1007 4947 1286 5018 διαφανεῖς
1329 4949 1719 5009 ἀνεδείκνυντο,
1751 4950 1844 5002 καὶ

241 5040 559 5115 φωστῆρές
592 5040 728 5093 εἰσιν
753 5041 810 5092 ὲν
845 5039 1034 5110 κόσμῳ
1052 5038 1212 5106 λόγον
1240 5039 1383 5108 ζωῆς
1413 5039 1844 5110 ὲπέχοντες.Καὶ

239 5136 333 5198 τίς
371 5136 410 5204 ἡ
444 5129 581 5202 ζωὴ,
612 5125 680 5203 ἦς
712 5129 800 5182 τὸν
829 5129 986 5197 λόγον
1015 5129 1299 5200 ἐπέχοντες
1321 5127 1684 5199 ἐχρημάτιζον
1706 5129 1840 5197 φῶς,

239 5227 278 5298 ἢ
308 5226 543 5286 πάντως
571 5221 733 5284 αὐτὸς
757 5223 785 5274 6
809 5221 1140 5293 Μονογενὴς.
1171 5222 1198 5273 6
1231 5219 1422 5290 λέγων·
1464 5239 1481 5271 ι
1504 5216 1645 5288 Ἐγώ
1673 5222 1786 5291 εἰμι
1813 5220 1845 5293 ή

1951 4673 2154 4728 mundo
2173 4675 2296 4728 vita)
2317 4687 2627 4728 sermonem
2653 4672 2975 4727 retinentes.
3004 4669 3124 4726 Vita
3154 4679 3338 4726 autem
3362 4673 3523 4744 cujus

1951 4767 2006 4820 in
2062 4780 2120 4821 se
2153 4764 2413 4819 dicuntur
2470 4763 2673 4820 habere
2729 4779 3063 4830 sermonem,
3113 4779 3366 4834 quaenam
3416 4766 3522 4819 alia

1950 4872 2075 4914 esse
2105 4865 2310 4928 potest,
2335 4870 2496 4927 quam
2523 4854 2852 4932 Unigenitus
2883 4864 3031 4911 certe
3067 4857 3204 4927 ipse,
3239 4857 3331 4926 qui
3366 4855 3435 4910 de
3462 4869 3523 4910 se.

1951 4951 2048 5014 ait,
2087 4968 2104 5000 ι
2138 4948 2250 5020 Ego
2286 4963 2404 5002 sum
2453 4950 2563 5003 vita
2607 4948 2694 5000 "1’
2743 4967 2762 4999 ι
2807 4947 2975 5020 igitur
3031 4963 3137 5002 una
3176 4945 3398 5018 quidem
3437 4954 3524 5001 est

1951 5058 2144 5113 reapse
2203 5059 2332 5098 vera
2399 5043 2515 5106 lux,
2584 5041 2921 5105 illuminans,
2989 5056 3099 5096 non
3157 5039 3520 5094 illuminata:

1955 5132 2117 5187 unius
2145 5139 2326 5187 autem
2359 5131 2773 5203 participatione
2789 5130 3055 5202 quidquid
3083 5130 3177 5184 lux
3194 5127 3520 5197 dicitur,lux

1959 5239 2055 5294 per
2085 5223 2443 5278 imitationem
2474 5223 2623 5281 illius
2661 5241 2785 5282 esse
2817 5222 3152 5280 censebitur.

240 5302 371 5386 ζωῆ
409 5333 424 5379 ;
473 5333 491 5363 ι
524 5313 750 5377 Οὐκοῦν,
784 5313 843 5368 ἓν
872 5315 969 5385 μὲν
995 5313 1159 5377 ὅντως
1182 5314 1297 5366 ἐστὶ
1326 5314 1384 5364 τὸ
1419 5311 1559 5365 κατά
1587 5310 1841 5384 ἀλήθειαν
1878 5316 2016 5384 φῶς,
2037 5316 2288 5386 φωτίζον,
2312 5318 2373 5370 ού
2396 5318 2779 5389 φωτιζόμενον·
2818 5320 2880 5388 τῇ
2921 5316 2976 5368 δὲ
3004 5310 3099 5367 τοῦ
3138 5313 3255 5378 ἑνός
3295 5316 3520 5390 μετοχῇ⁹

242 5417 368 5470 πᾶν
438 5408 542 5462 εἴτι
591 5408 810 5477 λέγεται
842 5406 976 5476 φῶς,
1032 5405 1170 5460 κατά
1200 5406 1430 5478 μίμησιν
1463 5404 1560 5477 τὴν
1596 5405 1671 5469 ὡς
1703 5405 1839 5477 πρὸς
1877 5410 2051 5466 ἐκεῖνο
2077 5409 2415 5482 νοηθήσεται.

326 5574 380 5606 ⁸⁸
426 5571 613 5628 Matth.
646 5590 698 5640 v,
731 5574 817 5629 Η.
897 5574 943 5606 ³⁸
980 5573 1122 5631 Psal.
1158 5590 1321 5632 cxxxr
1350 5614 1365 5639 ,
1403 5574 1490 5628 l7.
1571 5573 1630 5606 ³¹⁵
1668 5571 1833 5628 Joan.

1949 5573 2037 5630 53.
2119 5575 2159 5606 ³⁷
2209 5573 2368 5629 Joan.
2400 5589 2512 5639 xiv,
2541 5570 2593 5625 6.
