4168 6554
670 423 768 480 III

1291 531 1442 596 CAP.
1487 528 1627 584 VIII.

667 650 822 716 Quod
871 647 1013 700 solm
1065 645 1161 706 Dei
1206 644 1379 698 Filius
1428 643 1662 716 aituero
1712 644 1827 707 lux,
1852 653 2094 695 creatura
2140 659 2241 699 non

808 720 951 781 item,
986 733 1100 780 cum
1127 718 1194 782 sit
1225 716 1358 776 lucis
1395 713 1676 783 particeps,
1705 721 1880 780 νιροιε
1903 723 2100 774 creata.

739 892 776 955 I,
809 893 862 946 9.
897 891 1028 945 Erat
1057 891 1148 944 lux
1180 908 1320 946 vera.

737 965 966 1046 Divi‘nus
1012 985 1351 1053 evangelista
1392 980 1479 1036 hic
1519 979 1729 1034 utiliter
1784 980 2046 1042 retraetat
2095 978 2240 1048 quod

669 1083 832 1135 antea
881 1074 1094 1140 dictum
1147 1081 1252 1127 est.
1287 1074 1445 1128 Clare
1481 1069 1773 1140 distinguit
1806 1085 1990 1134 veram
2033 1071 2237 1134 lucem,

668 1167 771 1220 hoc
804 1174 890 1222 est
928 1163 1308 1239 unigenitum,
1347 1164 1416 1217 ab
1467 1163 1534 1218 iis
1561 1178 1682 1233 qua:
1709 1177 1818 1218 non
1879 1168 2009 1216 sunt
2047 1161 2238 1215 istius»

663 1259 836 1322 modi,
863 1259 1122 1312 nimirum
1165 1257 1455 1312 creaturis.
1481 1255 1775 1326 Distinguit
1801 1264 1986 1326 aperte
2014 1253 2066 1308 id
2089 1253 2236 1323 quod

665 1360 752 1406 est
790 1359 988 1406 natura
1039 1349 1108 1404 ab
1138 1365 1204 1403 co
1254 1347 1401 1419 quod
1436 1363 1530 1420 per
1578 1347 1810 1416 gratiam
1847 1345 2029 1414 :quod
2068 1346 2239 1416 parti-

667 1443 882 1512 cipatur
911 1441 1017 1511 65
1053 1441 1120 1494 ab
1165 1455 1230 1494 eo
1264 1439 1412 1510 quod
1445 1438 1736 1509 participat
1767 1455 1779 1490 :
1811 1435 1956 1505 quod
1994 1435 2238 1504 scipsum

668 1534 1044 1605 indigentibus
1122 1532 1392 1602 largitur,
1460 1529 1530 1584 ab
1597 1529 1666 1583 iis
1753 1528 1954 1597 quibus
2020 1527 2239 1599 largitio

669 1627 749 1680 lit.
804 1624 958 1690 Quod
1013 1623 1058 1678 si
1123 1623 1214 1675 lux
1292 1636 1420 1676 vera
1475 1627 1559 1675 est
1625 1619 1841 1682 Filius,
1887 1618 2038 1672 nulla
2110 1633 2240 1688 ergo

665 1726 862 1786 praeter
906 1715 1088 1786 ipsum
1140 1722 1224 1769 est
1268 1727 1394 1768 vera
1463 1713 1553 1768 lux
1612 1730 1624 1766 :
1677 1727 1858 1782 neque
1917 1710 2121 1764 habent
2173 1723 2236 1764 ex

665 1826 722 1863 se
759 1815 1026 1863 creatura:
1057 1814 1114 1862 ut
1144 1806 1355 1876 possint
1387 1819 1511 1859 esse
1536 1813 1589 1858 et
1629 1803 1818 1858 vocari
1849 1803 1964 1864 lux,
2001 1801 2095 1855 sed
2139 1815 2240 1855 nec

1704 419 1761 481 S-
1799 417 2078 478 CYBILLI
2121 418 2588 476 ALEXANDIIINI
2628 419 2922 475 AHCIIIEP

3825 418 3943 473 ΗΞ

2949 533 3196 588 ΚΕΦΔΛ.
3233 536 3314 587 H'.

2349 643 2475 697 ’Ότι
2491 647 2677 712 μάγος
2707 651 2739 699 ό
2777 645 2908 710 Υἱὸς
2936 645 3044 698 τοῦ
3071 646 3219 700 Θεοῦ
3247 645 3374 714 φῶς
3397 644 3567 714 ἐστιν
3603 642 3937 714 ἀληθινὸν,

2416 717 2453 780 ἡ
2493 711 2575 771 δὲ
2617 717 2816 802 ξιτίσις
2871 716 3090 780 οὐκέτι,
3133 711 3326 785 φωέὸς
3357 711 3516 769 οὖσα
3527 714 3815 784 μέτοχος,
3846 713 3942 780 ὡς

2415 802 2558 853 γένη
2567 803 2657 854 τη.

2414 891 2524 949 *Ην
2546 897 2611 949 τὸ
2642 896 2767 966 φῶς
2801 898 2865 950 τὸ
2897 897 3208 964 ἀληθινόν.

2427 988 2884 1058 Ἐπεξεργάζεται
2943 989 3109 1044 πάλιν
3151 988 3435 1060 χρησίμως
3461 989 3524 1042 τὸ
3573 987 3867 1059 εἰρημένον
3901 986 3942 1046 6

2343 1078 2626 1144 θεσπέσιος
2656 1082 3069 1152 εὑαγγελιστής.
3095 1080 3449 1152 Ἀποδιορίζει
3481 1080 3668 1149 σαφῶς
3695 1080 3757 1132 τὸ
3780 1079 3939 1132 κατά

2342 1171 2595 1243 ἀλήθειαν
2611 1173 2746 1242 φῶς,
2779 1173 2920 1226 τοῦτ’
2955 1173 3089 1240 ἔστι,
3109 1173 3199 1226 τὸν
3221 1175 3498 1244 Μονογενῆ
3522 1171 3630 1224 τῶν
3655 1172 3728 1241 μὴ
3747 1169 3936 1232 οὕτως

2343 1262 2595 1334 ἐχόντων,
2627 1263 2770 1317 τοῦτ’
2787 1265 2924 1329 ἔστι,
2948 1264 3056 1319 τῶν
3073 1265 3314 1334 γενητῶν
3333 1282 3346 1295 ·
3370 1263 3744 1332 ἀποδιίστησιν
3757 1263 3922 1332 εναρ-

2342 1356 2454 1425 γῶς
2472 1357 2531 1410 τὸ
2547 1357 2704 1426 φύσει
2716 1357 2822 1410 τῶν
2835 1357 2976 1411 κατά
2993 1357 3173 1429 χάριν,
3191 1357 3300 1409 τῶν
3317 1359 3373 1410 ὲν
3390 1355 3602 1427 μεθέξει
3619 1354 3680 1408 τὸ
3697 1353 3936 1424 μετεχός

2346 1468 2524 1522 μενον,
2553 1451 2659 1504 τῶν
2694 1453 2750 1504 ἐν
2772 1453 3005 1524 χορηγίᾳ
3054 1453 3115 1504 τὸ
3141 1455 3253 1515 τοῖς
3282 1450 3556 1521 δεομένοις
3575 1449 3737 1508 ἑαυτὸ
3752 1464 3936 1519 χορη-

2342 1542 2491 1612 γοῦν.
2508 1543 2680 1595 Καὶεὶ
2699 1543 2811 1611 φῶς
2835 1545 2979 1596 ἐστιν
2999 1543 3287 1614 ἀληθινδνό
3302 1542 3449 1606 Υίὺς,
3476 1541 3628 1600 οὐδὲν
3648 1539 3756 1611 ἄρα
3789 1538 3936 1609 παρ’
4011 1541 4016 1545 “

2342 1635 2503 1692 αὑτὸν
2530 1636 2650 1690 κατ’
2677 1635 2934 1707 ἀλήθειαν
2967 1635 3103 1704 φῶς,
3144 1635 3263 1689 οὑδὲ
3305 1633 3514 1694 οἴκοθεν
3546 1632 3660 1703 ἔχει
3695 1631 3939 1700 δυνάμει

2344 1728 2406 1784 τὸ
2462 1723 2600 1788 εἶναι
2652 1729 2744 1787 καὶ
2770 1725 3048 1784 καλεῖσθαι
3093 1726 3235 1797 φῶς·
3277 1727 3390 1786 ἀλλ’
3421 1725 3542 1782 οὐδὲ
3577 1724 3795 1794 φύσεως
3827 1723 3936 1792 τῆς

2344 1820 2478 1884 ἰδίας
2495 1819 2718 1880 ἐκδώσει
2737 1819 2947 1889 καρπὸν
2959 1817 3027 1871 τὰ
3047 1818 3246 1888 γενητὰ
3263 1818 3352 1872 τὸν
3365 1816 3714 1888 δηλούμενον,
3735 1814 3939 1883 ὥσπερ

663 1917 730 1956 ex
759 1914 858 1953 sua
890 1908 1090 1952 natura
1121 1897 1360 1950 fructum
1397 1895 1619 1950 luminis
1656 1909 1894 1965 unquam
1922 1893 2195 1949 ediderint
2224 1911 2236 1948 :

2350 1912 2399 1970 δὲ
2427 1911 2486 1976 ἐξ
2521 1912 2620 1970 οὑκ
2655 1911 2822 1964 ὅντων
2847 1909 3015 1973 ἐστὶν,
3045 1907 3214 1972 οὕτως
3247 1910 3311 1962 ὲκ
3353 1907 3447 1966 τοῦ
3479 1907 3556 1978 μὴ
3596 1900 3738 1964 εἶναι
3782 1903 3932 1974 φῶς,

665 1991 762 2048 sed
809 1989 1273 2061 quemadmodum
1330 1995 1461 2042 sunt
1499 2002 1564 2040 ex
1605 1986 1800 2052 nihilo,
1833 1987 1913 2044 sic
1966 2001 2089 2040 cum
2129 2000 2241 2039 non

669 2085 780 2138 sint
811 2085 923 2147 lux,
947 2097 1074 2138 esse
1107 2082 1384 2153 incipiunt
1417 2087 1646 2149 accepto
1677 2079 1790 2132 veri
1825 2077 2116 2152 splendore
2156 2078 2240 2132 lu-

667 2174 854 2237 minis,
905 2183 960 2229 ct
1012 2174 1435 2245 participatione
1487 2171 1688 2226 divinae
1756 2180 1965 2225 natura
2007 2171 2074 2225 ad
2121 2169 2241 2240 ejus

670 2267 1031 2320 imitationem
1074 2265 1368 2329 illustrata,
1408 2264 1683 2334 simulque
1736 2265 1824 2318 lux
1882 2264 2141 2318 dicuntur
2186 2270 2241 2319 et

669 2369 816 2412 sunt.
851 2357 916 2411 Et
959 2356 1053 2412 Dei
1106 2356 1326 2429 quidem
1358 2347 1610 2410 Verbum
1652 2355 2090 2412 substantialiter
2147 2355 2240 2410 lux

667 2457 772 2514 est,
805 2465 911 2503 non
940 2447 1365 2518 participatione
1394 2463 1490 2518 per
1519 2448 1780 2518 gratiam,
1813 2463 1993 2517 neque
2032 2447 2243 2502 adven-

670 2543 842 2597 titiam
871 2541 1017 2595 illam
1043 2542 1098 2594 in
1127 2556 1187 2596 sc
1209 2540 1422 2596 habens
1452 2540 1770 2611 dignitatem
1797 2547 1890 2594 aut
1923 2539 2241 2603 ascititiam,

668 2642 728 2713 ut
771 2633 1148 2733 gratiamﬁed
1189 2639 1402 2686 natura:
1451 2630 1808 2684 inunutabilis
1855 2629 2092 2686 fructum
2142 2629 2243 2684 im-

670 2718 1007 2787 mutabilem:
1052 2733 1108 2778 et
1146 2723 1539 2778 inconcussum
1599 2721 1804 2781 bonum
1850 2735 1915 2774 ex
1969 2719 2130 2776 Patre
2174 2718 2243 2773 ad

670 2817 994 2874 substantia:
1051 2815 1232 2871 Patris
1291 2815 1563 2870 lia-credent
1623 2813 1928 2885 pertinens.
1976 2810 2244 2866 Creatura

667 2925 796 2964 vero
830 2909 1147 2978 neutiquam
1190 2923 1256 2964 eo
1284 2907 1447 2961 modo
1492 2906 1584 2964 lux
1621 2907 1764 2959 erit:
1794 2912 1852 2962 ut
1885 2921 1994 2958 non
2035 2904 2243 2958 habens

669 3001 890 3072 accipit,
940 2999 1285 3054 illuminatur
1347 3006 1408 3052 ut
1459 2997 1720 3059 tenebrae,
1789 2995 2018 3049 aseitam
2081 2993 2248 3048 habet

669 3093 923 3163 gratiam,
989 3105 1052 3143 ex
1111 3087 1454 3146 humanitate
1519 3086 1828 3156 largientis,
1896 3085 2242 3155 dignitatem.

670 3184 840 3255 Igitur
879 3180 1014 3236 illud
1070 3179 1289 3250 quidem
1325 3187 1410 3239 est
1461 3179 1553 3233 lux
1607 3192 1757 3241 vera,
1799 3177 1914 3232 haec
1961 3191 2091 3232 vero
2135 3193 2243 3232 non
2272 3219 2315 3279 ϐ

670 3279 819 3330 item.
861 3272 1096 3326 Tantum
1151 3286 1280 3340 ergo
1327 3269 1667 3324 discriminis
1718 3276 1772 3321 et
1807 3267 2077 3322 intervalli
2120 3283 2245 3324 cum

670 3368 740 3423 sit
771 3367 912 3422 inter
934 3373 1246 3420 creaturam
1277 3377 1339 3415 ac
1376 3361 1466 3416 Dei
1498 3359 1720 3422 Filium,
1748 3367 2016 3430 quantum
2048 3367 2248 3418 natura

668 3461 812 3513 inter
842 3457 1167 3520 scdistant,
1193 3455 1320 3524 quis
1364 3469 1478 3508 non
1512 3467 1610 3507 eos
1635 3453 1873 3508 delirare
1903 3452 2028 3521 jure
2061 3452 2252 3506 existi-

669 3560 800 3616 met,
820 3565 885 3603 ac
912 3557 1143 3618 prorsus
1172 3545 1440 3612 insanire,
1464 3545 1780 3615 quicunque
1800 3551 2047 3600 creatum
2069 3546 2250 3614 ipsum

670 3644 884 3706 dicunt,
915 3649 968 3700 et
1004 3641 1058 3694 in
1105 3649 1482 3694 creaturarum
1519 3636 1712 3694 ordine
1762 3636 2010 3698 universi
2049 3651 2248 3708 paren-

669 3747 777 3789 tem
814 3740 870 3788 ct
912 3740 1198 3792 auctorem
1243 3727 1609 3796 constituunt,
1641 3743 1750 3792 non
1803 3726 2248 3782 animadvertene

670 3837 774 3890 tes,
807 3835 865 3879 ut
891 3840 1038 3887 reor,
1067 3837 1179 3894 quo
1212 3829 1605 3892 prorupturum
1639 3822 1712 3878 sit
1735 3818 2032 3892 impietatis
2070 3817 2250 3873 audax

672 3916 806 3971 illud
855 3914 1096 3978 facinus,
1142 3912 1272 3967 dum
1324 3919 1378 3967 et
1424 3910 1556 3983 quid
1604 3909 1813 3974 dicant,
1845 3918 1899 3963 et
1935 3909 2003 3964 de
2046 3908 2249 3978 quibus

671 4007 944 4064 atlirment
991 4004 1244 4070 nesciunt
1280 4003 1368 4058 ³⁷’.
1415 4002 1571 4072 Quod
1613 4003 1755 4062 enim
1807 4000 2122 4071 diligentius
2154 4013 2249 4054 re-

671 4099 890 4153 ritatem
932 4096 1208 4154 dictorum
1259 4103 1573 4150 nostrorum
1623 4092 2080 4163 inquirentibus,
2134 4105 2251 4144 ma-

671 4188 934 4246 nifestum
975 4186 1218 4253 futurum
1265 4187 1337 4241 sit
1377 4185 1696 4242 nullatenus
1725 4181 2110 4254 Unigenitum,
2148 4180 2252 4234 hoc

671 4288 756 4337 est
806 4282 983 4336 lucem
1039 4293 1247 4342 veram,
1308 4286 1549 4338 creatum
1601 4284 1697 4332 aut
1743 4277 1990 4340 factum,
2048 4283 2145 4326 aut
2196 4273 2252 4330 in

672 4371 994 4426 universum
1013 4365 1261 4436 ejusdem
1288 4375 1499 4420 naturae
1526 4382 1652 4430 eum
1676 4373 1932 4426 creatura
1960 4360 2249 4424 exsistere,

671 4461 858 4530 quivis
915 4458 1071 4512 nullo
1117 4458 1336 4529 negotio
1372 4457 1558 4512 videre
1593 4455 1835 4525 undique
1884 4453 2114 4524 poterit,
2157 4451 2252 4509 sed

2343 2003 2436 2056 ἐπὶ
2463 2002 2524 2062 τὸ
2548 1998 2686 2060 εἶναι
2706 2001 2820 2070 φῶς
2841 2000 3192 2070 ἀναϐήσεται,
3209 1996 3304 2052 τοῦ
3337 1997 3516 2068 φωτὸς
3545 1995 3639 2052 τοῦ
3667 1993 3936 2064 ἀληθινοῦ

2343 2092 2613 2163 δεξάμενα
2639 2091 2737 2163 τὴν
2762 2091 2956 2162 αὑγὴν,
2985 2091 3078 2144 καὶ
3106 2093 3170 2160 τῇ
3199 2088 3409 2159 μεθέξει
3441 2087 3544 2156 τῆς
3571 2085 3725 2148 θείας
3757 2101 3934 2140 κατα·

2343 2182 2776 2254 λαμπρυνόμενα
2841 2181 3074 2250 φύσεως,
3124 2179 3260 2250 πρὸς
3299 2179 3396 2247 τὴν
3428 2175 3640 2244 ἐκείνης
3668 2174 3932 2244 μίμησιν.

2345 2292 2448 2346 χρη
2460 2275 2640 2345 ματιεῖ
2662 2289 2722 2326 τε
2744 2272 2878 2342 άμα,
2898 2271 2992 2325 καλ⁸
3011 2270 3162 2322 ἔσται
3201 2267 3335 2338 φῶς.
3356 2266 3468 2321 Καὶ
3493 2267 3522 2320 ό
3557 2264 3656 2336 μὲν
3672 2263 3768 2324 τοῦ
3789 2261 3934 2316 Θεοῦ

2344 2366 2514 2434 Λόγος
2545 2365 2818 2428 οὑσιωδῶς
2848 2365 2965 2417 ἐστι
2989 2361 3121 2431 φῶς,
3153 2360 3213 2414 οὑ
3244 2356 3458 2429 μεθέξει
3494 2359 3560 2428 τῇ
3594 2354 3740 2414 κατὰ
3767 2354 3935 2424 χάριν

2343 2456 2502 2510 τοῦτο
2524 2456 2806 2526 ὑπάρχων,
2854 2454 2976 2508 οὑδὲ
3009 2450 3358 2522 συμϐεϐηκὸς
3387 2449 3525 2520 ἔχων
3557 2450 3614 2502 ἐν
3658 2443 3842 2515 ἑαυτῷ
3870 2442 3937 2497 τδ

2346 2549 2584 2620 ἀξίωμα,
2614 2548 2727 2606 ἀλλ’
2747 2547 2868 2601 οὑδὲ
2893 2545 3234 2606 ἐπείσακτον,
3257 2541 3332 2606 ὡς
3349 2541 3529 2611 χάριν,
3560 2536 3696 2591 ἀλλά
3711 2534 3937 2606 φύσεως

2346 2642 2762 2713 ἀπαραποιήτου
2817 2637 3026 2708 καρπὸν
3077 2636 3363 2706 ἄτρεπτον,
3419 2633 3514 2686 καὶ
3569 2626 3939 2684 ἀναλλοίωτον

2345 2733 2570 2800 ἀγαθὸν,
2598 2732 2665 2790 ὲκ
2694 2729 2908 2800 Πατρδς
2948 2728 3133 2798 διῆκον
3177 2727 3258 2788 είς
3289 2725 3379 2777 τὸν
3411 2723 3512 2791 τῆς
3544 2721 3732 2784 οὐσίας
3761 2718 3938 2773 αὑτοῦ

2347 2825 2704 2896 κληρονόμον.
2747 2823 2810 2876 Ἢ
2852 2821 2909 2875 δὲ
2947 2820 3121 2883 κτίσις
3151 2819 3250 2889 οὑχ
3279 2817 3424 2870 οὑτω
3452 2815 3673 2886 φορέσει
3704 2813 3767 2866 τὸ
3794 2807 3942 2865 εἶναι

2349 2916 2465 2987 φῶς
2491 2932 2505 2946 ⁸
2537 2915 2613 2978 ὡς
2634 2914 2734 2968 οὑκ
2760 2913 2960 2982 ἔχουσα
2987 2909 3279 2982 λαμϐάνει,
3297 2908 3372 2970 ὼς
3402 2907 3592 2963 σκοτία
3611 2903 3940 2974 φωτίζεται,

2348 3007 2638 3077 ἐπίκτητον
2665 3005 2777 3075 ἔχει
2804 3003 2902 3074 τὴν
2939 3002 3119 3073 χάριν,
3154 3003 3218 3054 ἐκ
3257 2996 3670 3070 φιλανθρωπίας
3696 2995 3802 3064 τῆς
3838 2992 3942 3047 τοῦ

2346 3099 2598 3163 διδόντος,
2631 3097 2691 3152 τὸ
2713 3095 2948 3165 ἀξίωμα.
2983 3093 3192 3148 Οὐκοῦν
3231 3094 3260 3145 ὁ
3305 3093 3402 3162 μὲν
3430 3090 3545 3159 φῶς
3586 3088 3868 3160 ἀληθινὸν,
3906 3090 3944 3159 ἡ

2348 3190 2406 3243 δὲ
2433 3187 2638 3242 οὐκέτι.
2663 3184 2944 3253 Τοσαύτης
2966 3180 3256 3253 τοιγαροῦν
3292 3179 3495 3250 μεταξὺ
3532 3179 3798 3248 κειμένης
3819 3178 3947 3230 δια-

2354 3283 2548 3353 φορᾶς,
2583 3280 2678 3334 καὶ
2711 3276 2854 3331 οὑτω
2905 3274 3118 3347 μακροῦ
3171 3273 3585 3344 διατειχίζοντος
3635 3271 3796 3338 λόγον
3839 3270 3946 3338 τῆς

2353 3373 2584 3434 κτίσεως
2615 3371 2708 3423 τὸν
2741 3368 2868 3422 Υίὸν
2915 3367 3008 3420 τοῦ
3040 3365 3200 3428 Θεοῦ,
3234 3366 3357 3418 ὅσον
3393 3366 3472 3426 εἰς
3503 3363 3815 3432 ταυτότητα
3839 3361 3946 3431 (ρύ-

2355 3480 2512 3526 σεως,
2573 3459 2693 3524 πῶς
2753 3460 2854 3515 οὑκ
2899 3459 2964 3513 ἄν
3007 3475 3092 3522 τις
3122 3457 3217 3512 καὶ
3241 3456 3386 3526 μάλα
3424 3455 3648 3518 εἰκότως
3669 3453 3946 3508 ὑπολάϐοι

2353 3556 2713 3627 παραληρεῖν,
2766 3553 2964 3626 μᾶλλον
3018 3552 3077 3605 δὲ
3111 3551 3291 3620 πάσης
3318 3549 3425 3614 ἔξω
3453 3548 3712 3617 γενέσθαι
3739 3545 3948 3618 φρενὸς

2352 3646 2562 3716 ἀγαθῆς
2588 3647 2732 3710 τοὺς,
2759 3647 2984 3715 ὅσοιπερ
2999 3642 3065 3696 ἂν
3087 3641 3314 3712 γενητὸν
3336 3637 3476 3694 εἶναι
3495 3639 3729 3708 λέγωσιν
3748 3639 3944 3703 αὑτὸν,

2351 3740 2446 3792 καὶ
2465 3741 2577 3802 τοῖς
2601 3736 2990 3807 πεποιημένοις
3014 3733 3379 3788 σνντάττωσιν
3396 3733 3487 3786 τὸν
3502 3732 3762 3788 ἁπάντων
3785 3749 3948 3801 γενε-

2355 3829 2626 3902 σιονργὸν,
2678 3827 2774 3900 οὑχ
2818 3825 3072 3897 ὁρῶντες,
3127 3823 3202 3887 ὥς
3231 3823 3296 3894 γέ
3351 3840 3446 3892 μοι
3481 3822 3753 3892 φαίνεται,
3802 3823 3949 3894 πρὸς

2353 3923 2484 3992 ὅσην
2507 3922 2688 3983 αὑτοῖς
2707 3918 2964 3974 ἀσέϐειαν
2989 3915 3429 3972 ἀποκινδυνεύσει
3453 3915 3514 3968 τὸ
3541 3915 3824 3986 τόλμημα,
3867 3915 3950 3986 μὴ

2353 4012 2532 4066 νοοῦσι
2565 4012 2702 4082 μήτε
2725 4011 2760 4064 ἀ
2789 4009 3030 4078 λέγουσι,
3058 4010 3195 4078 μήτε
3224 4008 3354 4077 περὶ
3377 4006 3538 4060 τίνων
3559 4007 3912 4062 διαϐεϐαιοῦν
3928 4037 3948 4047 -

2354 4120 2464 4157 ται.
2505 4103 2630 4154 Ὅτι
2657 4100 2766 4171 γὰρ
2791 4103 2905 4162 τοῖς
2935 4099 3324 4170 ἀκριϐέστερον
3365 4097 3678 4167 βασανίζειν
3718 4099 3948 4152 εἰωθόσι

2354 4195 2451 4264 τὴν
2478 4194 2534 4249 ἐν
2565 4194 2678 4255 τοῖς
2719 4191 3102 4262 προκειμένοις
3142 4189 3418 4259 ἀλήθειαν,
3469 4189 3768 4259 οὐδαμόθεν
3805 4193 3949 4259 ἡμῖν

2354 4285 2382 4336 ὁ
2402 4283 2735 4352 Μονογενὴς.
2759 4282 2904 4337 τοῦτ’
2933 4281 3070 4344 ἐστι,
3099 4279 3156 4332 τὸ
3168 4279 3282 4347 φῶς
3307 4279 3369 4331 τὸ
3397 4278 3670 4349 ἀληθινὸν,
3688 4282 3946 4350 γενητὸς,

2355 4375 2387 4445 ἢ
2424 4373 2812 4444 πεποιημένος,
2844 4373 2877 4444 ἢ
2908 4373 3002 4426 καὶ
3029 4372 3248 4441 ὅλωςτῇ
3279 4370 3453 4427 κτίσει
3487 4370 3746 4442 συμφυὴς
3773 4373 3951 4443 ὑπάρ-

2355 4482 2466 4536 χων
2482 4464 2624 4518 κατά
2649 4481 2699 4517 τι
2724 4464 2856 4533 γοῦν
2883 4461 3358 4531 ἀποδειχθήσεται,
3391 4459 3727 4530 πανταχόθεν
3753 4463 3856 4532 μὲν
3881 4464 3950 4516 ἂν

673 4567 740 4606 οι
793 4549 1150 4621 sequentibus
1200 4547 1543 4619 argumentis
1600 4561 1711 4601 non
1761 4545 1968 4614 minus,
2021 4557 2142 4611 quae
2187 4542 2246 4596 ad

2359 4571 2445 4616 τις
2473 4551 2703 4618 κατίδοι,
2727 4553 2822 4608 καὶ
2854 4551 2999 4623 μάλα
3023 4550 3239 4622 ῥᾳδίως,
3277 4551 3376 4618 οὑχ
3400 4549 3600 4619 ἥκιστα
3622 4549 3682 4602 δὲ
3703 4551 3794 4604 διὰ
3833 4552 3948 4605 τῶν

675 4641 996 4711 ampliorem
1028 4656 1210 4704 rerum
1239 4639 1652 4711 propositarum
1682 4636 2104 4706 explicationem
2139 4634 2251 4688 col-

676 4735 926 4804 legimus.

672 4825 952 4889 Rationes,
985 4826 1088 4878 sive
1125 4825 1394 4878 rationum
1412 4820 1671 4886 collectio,
1739 4832 1804 4870 ex
1831 4816 2018 4883 quibus
2046 4813 2248 4875 discere

745 4897 862 4949 livet
895 4895 1067 4949 solum
1099 4893 1304 4946 Filium
1344 4892 1511 4944 lucem
1536 4906 1647 4946 esse
1690 4903 1896 4946 rerum,
1949 4895 2249 4938 creaturam

744 4984 846 5019 non
876 4967 1023 5030 item,
1050 4980 1212 5034 neque
1241 4963 1442 5017 idcirco
1469 4958 1706 5026 ejusdem
1727 4973 1843 5010 cum
1872 4956 1985 5023 ipso
2020 4966 2246 5008 naturw.

743 5059 801 5113 Si
830 5057 998 5111 Filius
1034 5057 1167 5127 quia
1217 5051 1479 5124 splendor
1508 5048 1696 5119 gloria:
1725 5045 1816 5101 Dei
1865 5061 1928 5099 ac
1960 5044 2135 5099 Patris
2159 5061 2253 5100 ex-

670 5150 836 5217 sistit,
863 5149 1069 5202 idcirco
1097 5161 1224 5202 vera
1248 5144 1339 5197 lux
1362 5149 1466 5204 est,
1501 5155 1607 5193 non
1636 5137 1742 5192 erit
1767 5136 2013 5205 ejusdem
2043 5142 2254 5189 natura:

669 5256 794 5296 cum
828 5249 1106 5301 creatura,
1157 5251 1223 5291 ne
1254 5240 1512 5289 creatura
1571 5242 1792 5298 quoque
1846 5225 2101 5295 Splendor
2133 5241 2254 5280 esse

669 5341 961 5386 censeatur
995 5329 1187 5400 gloriae
1227 5341 1291 5379 ac
1319 5322 1503 5376 Patris
1527 5359 1542 5385 ,
1575 5319 1629 5374 id
1657 5334 1780 5374 esse
1821 5319 1968 5389 potis
2017 5333 2112 5388 per
2155 5333 2254 5372 na-

669 5434 849 5477 turam
885 5420 1033 5492 quod
1069 5427 1156 5473 est
1189 5416 1386 5469 Filius.

737 5603 848 5673 66
867 5602 902 5652 Α
914 5596 1092 5650 LIUD.
1115 5593 1172 5645 Si
1191 5591 1372 5646 omnis
1386 5597 1639 5642 creatura
1658 5603 1782 5643 vera
1805 5587 1900 5643 lux
1917 5600 2039 5642 esse
2054 5591 2251 5655 potest,

669 5709 834 5764 quam
873 5691 944 5744 ob
999 5698 1228 5739 causam
1261 5681 1406 5738 istud
1441 5680 1507 5737 de
1543 5680 1658 5736 solo
1685 5677 1824 5735 Filio
1879 5677 2117 5734 dicitur?
2146 5676 2254 5731 Ne-

739 5850 818 5880 ⁸⁷·
859 5848 878 5901 ί
912 5844 1052 5898 Tim.
1097 5859 1134 5905 ι,
1167 5841 1216 5896 7.

2359 4643 2554 4716 ἐφεξῆς
2574 4643 3027 4714 ὑποτεταγμένων
3055 4641 3294 4705 ἐννοιῶν,
3315 4639 3404 4694 διὰ
3437 4639 3534 4711 τὴν
3573 4643 3632 4694 ὲν
3665 4645 3779 4706 τοῖς
3811 4661 3951 4715 προ-

2359 4737 2632 4806 κειμένοις
2659 4734 2892 4808 θεωρίαν
2928 4733 3378 4803 συνειλεγμένων.

2363 4831 2628 4882 Ἔννοιαι
2655 4823 2786 4893 ἦτοι
2811 4821 3228 4893 συλλογισμοί,
3243 4892 3246 4893 ν
3261 4821 3332 4874 δι’
3354 4813 3444 4880 ὧν
3460 4819 3686 4893 Αὲξεστιλ
3706 4823 3951 4891 μαθεῖν,

2430 4897 2517 4949 ὅτι
2567 4891 2755 4965 μόνος
2783 4898 2826 4965 Ad
2878 4891 3027 4965 mg
3055 4892 3190 4965 59(ch
3219 4892 3396 4965 ἐστιν
3439 4891 3770 4965 ἀληθινρνἱ
3789 4893 3828 4959 ἠ
3883 4894 3954 4948 δὲ

2430 4959 2625 5030 κτίσις
2656 4963 2870 5027 οὐκέτι,
2902 4959 3104 5027 διόπερ
3135 4960 3274 5013 οὐδὲ
3309 4959 3581 5029 όμοφυὴς
3614 4961 3799 5026 αὐτῷ.

2432 5059 2492 5110 Εἰ
2542 5058 2879 5124 ἀπαύγασμα
2921 5054 3019 5123 τῆς
3066 5051 3221 5122 δόξης
3266 5051 3358 5104 τοῦ
3415 5050 3548 5104 Θεοῦ
3585 5053 3680 5105 καὶ
3731 5055 3953 5126 Πατρὸς

2363 5150 2621 5220 ὑπάρχων
2649 5150 2676 5201 ὁ
2708 5147 2854 5210 Υἱὸς,
2889 5145 3002 5216 φῶς
3045 5143 3294 5214 ἀληθινόν
3321 5143 3409 5196 διὰ
3433 5142 3594 5198 τοῦτό
3638 5145 3812 5212 ἐστιν,
3850 5150 3957 5204 οὐκ

2361 5241 2512 5296 ἔσται
2540 5245 2606 5313 τῇ
2645 5239 2819 5298 κτίσει
2866 5236 3130 5307 όμοφυὴς,
3161 5236 3246 5288 ἵνα
3288 5234 3366 5306 μὴ
3411 5233 3507 5286 κα)⁸
3539 5237 3573 5306 ή
3611 5235 3797 5300 κτίσις
3834 5241 3958 5294 ἀπ.

2361 5333 2617 5405 αὑγασμα
2660 5332 2847 5400 νοῆται
2898 5328 2996 5399 τῆς
3041 5326 3198 5395 δόξης
3244 5326 3337 5380 τοῦ
3380 5325 3514 5379 Θεοῦ
3564 5329 3660 5381 καὶ
3706 5330 3956 5403 Πατρὸς,

2358 5422 2556 5494 ἔχουσα
2581 5421 2807 5492 δυνάμει
2828 5414 3052 5473 τὸ-εῐναι
3079 5417 3234 5469 τοῦτο
3259 5416 3400 5470 κατά
3422 5415 3604 5484 φύσιν,
3633 5419 3775 5492 ὅπερ
3804 5422 3959 5478 ἐστὶν

2357 5515 2388 5566 ὁ
2421 5513 2631 5637 lat/{$0.
2690 5578 2756 5633 Ei
2819 5579 2968 5632 πᾶσα
3023 5579 3056 5649 ὴ
3106 5577 3283 5640 κτίσις
3335 5577 3588 5646 ἀληθινὸν
3649 5578 3795 5636 εἶναι
3852 5583 3964 5636 δῦ-

2360 5674 2516 5731 νοὲται
2553 5673 2691 5745 φῶς,
2723 5671 2810 5726 διὰ
2830 5671 2987 5726 ποίαν
3004 5671 3182 5725 αἰτίαν
3208 5669 3298 5723 ἐπὶ
3330 5671 3491 5741 μόνον
3520 5670 3763 5728 τέθειται
3797 5676 3966 5731 τοῦτο
