4168 6590
609 387 710 444 ίίδ

1634 385 1692 442 S.
1731 381 1998 441 CYRILIJ
2039 380 2506 438 ΑιειεΑΝυιιιΝι
2545 383 2863 441 ARCHIEP.

607 518 698 578 pto
748 504 1038 558 illmninati
1071 519 1279 560 smnus.
1334 499 1487 558 Alius
1534 502 1701 572 igitur
1753 517 1784 556 a
1838 501 1996 557 nobis
2047 509 2101 556 et
2142 515 2171 553 a

2286 501 2333 552 iv
2387 501 2542 573 χρείᾳ
2575 503 2967 576 καθεστηκόσιν
2996 507 3024 560 6
3065 505 3196 568 Θεὸς
3239 505 3332 559 καὶ
3362 503 3546 574 Πατὴρ
3581 502 3865 572 ἐπηγγέλ-

605 607 855 651 creatura
897 603 982 650 est
1029 592 1208 664 quoad
1252 593 1556 647 naturalem
1598 593 1937 647 identitatem
1974 590 2175 662 Unige-

608 689 776 752 nitus,
809 702 934 741 cum
969 687 1038 741 sit
1083 686 1179 741 lux
1213 702 1359 752 vera,
1405 693 1462 742 et
1510 693 1705 740 natura
1754 701 1854 741 sua
1900 685 2174 740 illuminet

606 791 670 831 ea
686 792 806 848 qum
831 777 968 833 lucis
1001 778 1263 846 indigent.

676 953 902 1009 ALIUD.
931 954 986 1008 Si
1016 954 1188 1010 Filius
1219 955 1372 1010 solus
1417 972 1526 1011 non
1554 966 1631 1011 est
1664 957 1753 1010 qu
1786 969 1936 1016 vera,
1968 954 2064 1010 sed
2120 954 2173 1008 in

605 1058 910 1100 creaturam
934 1047 1170 1114 idipsum
1199 1047 1382 1108 cadit,
1407 1048 1462 1100 in
1490 1047 1651 1102 nobis
1671 1048 1838 1102 etiam
1863 1046 1992 1100 erit.
2014 1046 2174 1111 Quae-

606 1154 730 1191 nam
766 1153 897 1208 ergo
919 1138 1061 1192 ratio
1102 1149 1322 1194 sanctos
1359 1138 1546 1193 Patres
1575 1139 1788 1192 induxit
1827 1146 1886 1191 ut
1915 1138 1981 1192 ad
2007 1136 2175 1191 Deum

607 1229 912 1282 clamarent
973 1247 986 1282 :
1042 1247 1060 1280 ι
1101 1229 1302 1284 Emitte
1356 1230 1533 1284 Iuccm
1587 1238 1733 1282 tuam
1803 1238 1857 1284 et
1896 1230 2178 1283 veritatem

607 1318 856 1373 tuam“?
889 1339 908 1372 ›
947 1317 1088 1385 Quid
1139 1336 1272 1375 vero
1305 1321 1560 1374 utilitatis
1607 1321 1710 1375 sibi
1735 1320 1856 1374 fore
1891 1321 2176 1390 putabant,

609 1410 738 1464 dum
771 1426 862 1466 eas
892 1427 1056 1468 voces
1095 1411 1390 1468 identidem
1423 1412 1769 1482 repeterent?
1805 1410 1940 1465 Nam
1987 1411 2036 1465 si
2076 1426 2179 1466 no-

609 1512 733 1556 rant
762 1501 1005 1573 indigere
1039 1503 1175 1558 Iucis
1211 1504 1482 1559 hominem
1511 1542 1525 1566 ,
1577 1511 1631 1558 et
1664 1501 1883 1557 aliunde
1912 1501 1968 1556 id
2009 1502 2057 1555 ei
2087 1516 2180 1555 aco

609 1591 801 1648 cedere
832 1600 1084 1662 oportere
1120 1612 1132 1647 :
1178 1593 1454 1663 quomodo
1486 1608 1614 1648 vere
1654 1594 1796 1648 dicet
1841 1592 2063 1661 aliquis,
2099 1593 2183 1660 ip-

609 1700 728 1740 sum
759 1700 881 1739 esse
926 1699 1145 1754 quoque
1177 1700 1358 1739 veram
1400 1685 1624 1739 lucem?
1668 1683 1822 1750 Quod
1864 1684 1910 1738 si
1947 1682 2083 1737 nihil
2130 1682 2180 1736 ei

605 1793 743 1846 opus
765 1787 881 1832 erat
912 1777 1255 1831 illuminante
1285 1776 1479 1841 Verbo,
1532 1791 1631 1831 cur
1671 1778 1873 1830 frustra
1917 1775 2186 1829 vocabant

2279 591 2400 644 λετο
2427 591 2618 647 δώσειν
2649 595 2829 661 αὑτὸν,
2861 597 2955 650 καὶ
2983 596 3233 660 λαϐόντες
3264 593 3666 665 πεφωτίσμεθα.
3692 593 3864 645 Ἐτε-

2281 702 2374 755 ρος
2402 687 2508 757 ἄρα
2535 686 2671 758 πρός
2697 705 2756 741 τε
2782 691 2952 760 ἡμᾶς,
2980 689 3074 742 καὶ
3109 687 3206 760 τὴν
3235 687 3431 749 κτίσιν,
3458 687 3581 739 ὅσον
3613 685 3692 747 εἰς
3721 700 3864 736 ταυ-

2279 776 2476 847 τότητα
2497 769 2762 851 φυσικὴν,
2794 783 2822 832 6
2849 781 3174 850 Μονογενὴς,
3211 779 3326 848 φῶς
3363 779 3620 847 ὑπάρχων
3659 773 3858 844 ἀληθι-

2281 866 2386 931 νὸν,
2419 867 2512 920 καὶ
2544 869 2798 937 φωτίζειν
2824 870 3064 937 πεφυκὸς
3093 867 3161 921 τὰ
3192 867 3368 936 φωτὸς
3393 867 3640 935 δεόμενα.

2349 958 2548 1010 ΑΛΛΟ.
2584 961 2644 1012 Et
2682 960 2754 1030 μὴ
2793 960 2952 1030 μόνος
2995 961 3024 1012 6
3071 959 3187 1022 Υἱὸς
3227 958 3342 1028 φῶς
3389 960 3533 1010 ἐστιν
3577 953 3857 1026 ἀληθινὸν,

2281 1047 2392 1118 ἔχει
2416 1049 2472 1102 δὲ
2496 1051 2626 1104 αὑτὸ
2645 1052 2738 1105 καὶ
2829 1052 3023 1114 κτίσις.
3053 1051 3200 1104 ἔσται
3233 1051 3471 1121 δηλονότι
3497 1049 3591 1103 καὶ
3615 1053 3672 1102 ἐν
3697 1050 3854 1117 ἡμῖν.

2283 1141 2440 1204 Ποίος
2469 1135 2561 1193 οὖν
2588 1140 2693 1213 ἄρα
2717 1143 2842 1204 τοὺς
2871 1142 3057 1209 ἁγίους
3092 1140 3343 1193 ἀνέπεισε
3371 1138 3528 1206 λόγος
3561 1138 3693 1207 πρὸς
3721 1136 3857 1188 Θεὸν

2282 1231 2537 1302 ἀναϐοᾷνο
2567 1250 2585 1282 ι
2637 1233 3043 1296 Ἐξαπόστειλον
3077 1233 3138 1284 τὸ
3172 1231 3282 1299 φῶς
3329 1248 3441 1293 σου,
3467 1231 3561 1282 καὶ
3591 1229 3688 1300 τὴν
3719 1229 3859 1298 ἁλή-

2282 1321 2430 1374 θειάν
2463 1339 2554 1374 σου
2577 1339 2590 1385 ;
2614 1341 2631 1372 ι
2654 1322 2718 1374 Τί
2749 1323 2805 1374 δέ
2832 1323 2980 1393 ἡμᾶς
3015 1321 3261 1375 ἐντεῦθεν
3291 1320 3593 1391 ὠφελήσειν
3621 1319 3861 1386 οἰόμενοι

2282 1412 2380 1474 τὰς
2423 1411 2671 1477 τοιαύτας
2716 1413 2974 1476 πολλάκις
3018 1415 3268 1484 ἠφίεσαν,
3317 1412 3436 1466 είπὲ
3477 1430 3584 1482 μοι,
3635 1410 3860 1478 φωνάςς

2287 1503 2348 1555 EI
2407 1503 2503 1572 μὲν
2536 1503 2644 1574 γὰρ
2689 1504 2885 1574 ᾔδεσαν
2926 1507 2984 1558 ἐν
3024 1506 3182 1577 χρείᾳ
3235 1505 3410 1573 φωτὸς
3458 1504 3722 1574 ὑπάρχειν
3769 1501 3867 1554 τὸν

2285 1590 2589 1662 ἄνθρωπον,
2624 1594 2718 1646 καὶ
2758 1594 2857 1664 τῆς
2894 1594 3024 1664 παρ’
3064 1595 3252 1665 ἐτέρου
3295 1593 3613 1665 προσθήκης
3650 1591 3864 1650 ἐπιδεᾶ.

2288 1681 2402 1744 πῶς
2434 1683 2550 1752 ἐρεῖ
2589 1699 2673 1746 τις
2703 1682 2998 1754 ἀληθεύων,
3033 1684 3115 1738 ὅτι
3150 1683 3265 1753 φῶς
3295 1683 3528 1754 ὑπάρχει
3570 1681 3662 1734 καὶ
3697 1677 3866 1741 aii-:6;

2288 1774 2567 1844 ἀληθινόνς
2616 1777 2663 1828 εί
2707 1775 2764 1828 δέ
2807 1775 2905 1829 οὑκ
2951 1775 3118 1828 ἐδεῖτο
3163 1773 3256 1828 τοῦ
3291 1773 3615 1844 φωτίζοντος
3660 1771 3864 1838 Λόγου,

608 1869 784 1938 ipsum
841 1883 870 1922 a
911 1883 1020 1938 quo
1071 1867 1206 1922 nihil
1232 1867 1410 1938 juvari
1458 1867 1742 1937 poterant?
1790 1867 1859 1919 At
1907 1866 2014 1920 dici
2064 1881 2174 1920 non

2286 1863 2331 1916 τί
2365 1864 2541 1934 μάτην
2591 1864 2816 1919 ἐκάλουν
2865 1865 2956 1918 τὸν
3002 1865 3154 1920 οὐδὲν
3193 1864 3471 1934 ὠφελῆσαι
3521 1863 3864 1932 δυνάμενον;

607 1968 788 2029 petest
839 1968 1155 2015 sanctorum
1221 1968 1455 2014 mentem
1525 1959 1807 2029 deceptam
1873 1957 2082 2027 fuisse,
2128 1969 2183 2015 et

610 2058 873 2118 praeterea
919 2052 1034 2120 ipse
1068 2049 1210 2104 Deus
1259 2059 1313 2104 et
1361 2049 1517 2103 Pater
1561 2049 1878 2102 hominibus
1920 2056 2182 2118 tanquam

501 2169 506 2184 ι
611 2143 750 2198 lucis
809 2142 1010 2213 indigis
1062 2143 1228 2197 mittit
1288 2140 1504 2196 Filium.
1557 2141 1712 2196 Alius
1769 2141 1940 2211 igitur
1986 2156 2183 2196 secun-

610 2233 738 2286 dum
765 2243 1018 2287 naturam
1047 2241 1132 2289 est
1171 2231 1499 2304 Unigenitus
1524 2246 1553 2285 a
1589 2237 1868 2294 creatura,
1903 2237 1963 2283 ut
1999 2229 2091 2301 qui
2115 2244 2181 2285 ea

611 2339 733 2395 quae
762 2324 904 2380 lucis
942 2325 1186 2395 indigent
1214 2325 1509 2378 illuminat.

679 2415 910 2470 ALIUD.
959 2415 1016 2470 Si
1049 2426 1354 2471 creaturam
1406 2415 1547 2470 lucis
1594 2413 1842 2485 indigere
1889 2414 2179 2478 videmus,

609 2525 729 2564 eam
759 2518 938 2566 autem
988 2508 1311 2580 Unigenitus
1341 2509 1647 2576 illtuninat,
1682 2524 1794 2566 non
1833 2509 2070 2582 seipsam
2111 2509 2181 2564 ad

611 2602 786 2656 lucem
825 2601 935 2672 agit
967 2610 1223 2657 creatura
1281 2619 1294 2657 ι
1334 2616 1439 2656 non
1470 2615 1602 2672 ergo
1628 2608 1713 2656 est
1743 2601 1836 2655 lux
1861 2615 2012 2666 vera,
2073 2600 2183 2654 sie-

612 2695 692 2749 uti
723 2693 918 2749 Filius.

684 2785 911 2840 ALIUD.
943 2785 999 2840 Si
1029 2786 1300 2841 naturalis
1342 2795 1396 2842 et
1429 2803 1554 2842 vera
1586 2787 1679 2841 lux
1714 2800 1823 2840 non
1855 2784 2182 2840 obtenebra-

609 2885 723 2939 tur,
757 2891 881 2930 vera
911 2885 1096 2931 autem
1138 2877 1230 2930 lux
1275 2886 1361 2932 est
1417 2875 1766 2947 Unigenitus,
1835 2885 1891 2932 et
1930 2877 2183 2932 similiter

611 2982 738 3022 vera
774 2968 860 3022 lin
902 2977 986 3023 est
1029 2977 1302 3033 creatura,
1352 2970 1708 3038 quamobrem
1769 2970 1838 3024 de
1885 2966 2026 3023 Filio
2056 2969 2180 3038 qui—

613 3054 737 3109 dem
777 3054 1059 3126 Scriptura
1083 3057 1253 3112 dicit:
1303 3077 1323 3109 ε
1361 3057 1622 3113 Tenebrae
1651 3073 1770 3113 eam
1800 3073 1909 3113 non
1929 3074 2181 3128 compre-

613 3147 957 3216 henderunt;
995 3167 1014 3200 ι
1050 3153 1120 3205 de
1167 3152 1328 3206 nobis
1355 3160 1536 3206 autem
1571 3150 1773 3206 Paulus
1803 3150 1991 3204 scribit
2024 3169 2037 3204 :
2069 3169 2087 3200 ι
2123 3150 2180 3203 In

2300 1956 2437 2009 Ἀλλ’
2465 1959 2563 2010 οὑκ
2602 1957 2747 2012 ἔστιν
2782 1959 2973 2022 εἰπεῖν,
3019 1958 3101 2011 ὅτι
3151 1957 3249 2026 τῆς
3293 1955 3545 2024 ἀληθείας
3581 1953 3870 2021 ἀπεσφάλ-

2286 2045 2407 2100 λετο
2431 2049 2539 2102 τῶν
2574 2050 2741 2119 ἁγίων
2790 2052 2818 2103 6
2863 2051 3005 2115 νοῦς,
3040 2050 3134 2104 καὶ
3179 2049 3340 2112 αὑτὸς
3370 2047 3426 2099 δὲ
3474 2047 3633 2100 πάλιν
3667 2048 3695 2100 6
3727 2044 3872 2106 Θεὸς

2287 2139 2381 2191 καὶ
2433 2141 2639 2210 Πατὴρ,
2690 2137 2766 2202 ὡς
2799 2140 2974 2210 φωτὸς
3015 2139 3286 2210 δεομένοις
3335 2138 3542 2208 πέμπει
3590 2135 3682 2187 τὸν
3709 2134 3864 2186 Υἱόν.

2290 2229 2513 2300 Ἕτερος
2541 2229 2647 2300 ἄρα
2675 2230 2818 2282 κατὰ
2847 2230 3027 2298 φύσιν,
3057 2231 3132 2293 ὡς
3155 2229 3290 2298 πρὸς
3313 2228 3412 2300 τὴν
3443 2226 3618 2281 κτίσιν
3637 2227 3665 2278 ό
3691 2226 3871 2279 Μονο-

2287 2319 2470 2391 γενὴς,
2493 2321 2567 2385 ὼς
2598 2321 2846 2388 φωτίζων
2871 2321 2939 2374 τὰ
2964 2321 3139 2389 φωτὸς
3167 2319 3415 2390 δεόμενα.

2357 2411 2557 2463 ΑΛΛΟ.
2592 2411 2651 2462 Εί
2683 2410 2859 2477 φωτὸς
2889 2411 3103 2482 ὁρῶμεν
3133 2411 3232 2481 τὴν
3261 2410 3436 2462 κτίσιν
3460 2407 3666 2470 ἐπιδεᾶ,
3694 2405 3870 2474 φωτε-

2289 2499 2370 2566 ζει
2399 2500 2455 2554 δὲ
2500 2499 2661 2556 αὑτὸν
2706 2499 2818 2573 [πο.
2861 2499 3053 2572 αὑτὴν]
3103 2503 3131 2553 6
3176 2498 3501 2569 Μονογενὴς,
3532 2499 3630 2568 οὑχ
3663 2497 3869 2566 ἑαυτὴν

2286 2593 2320 2660 ἡ
2354 2592 2530 2654 κτίσις
2562 2591 2684 2660 ἄγει
2721 2593 2855 2662 πρὸς
2888 2591 2948 2644 τὺ
2986 2591 3132 2660 φῶς’
3170 2589 3362 2644 οὑκοῦν
3386 2590 3503 2643 οὑδέ
3531 2589 3645 2658 φῶς
3672 2587 3867 2658 ἀληθι-

2288 2682 2376 2736 νὸν
2405 2681 2592 2754 ὥσπερ
2619 2685 2647 2735 6
2675 2682 2822 2746 Υίός.

2359 2772 2559 2827 ΑΛΛΟ.
2588 2774 2650 2825 Et
2693 2773 2752 2826 τὸ
2793 2773 2950 2842 φύσει
2995 2774 3088 2826 καὶ
3138 2772 3280 2826 κατὰ
3331 2770 3585 2842 ἀλήθειαν
3635 2770 3748 2839 φῶς
3799 2769 3863 2822 οὑ

2291 2864 2614 2927 σκοτίζεται,
2649 2865 2764 2934 φῶς
2805 2865 2862 2916 δὲ
2900 2864 3147 2933 ἀληθινὸν
3189 2866 3215 2916 6
3245 2861 3570 2932 Μονογενὴς,
3615 2861 3709 2914 καὶ
3746 2859 3864 2928 φῶς

2287 2953 2486 3022 ὁμοίως
2509 2954 2757 3024 ἀληθινὸν
2784 2955 2816 3024 ή
2848 2955 3042 3021 κτίσις,
3073 2955 3193 3006 ὅτου
3226 2953 3288 3023 δὴ
3323 2953 3480 3023 χάριν
3513 2953 3603 3004 ἐπὶ
3639 2951 3734 3021 μὲν
3763 2949 3859 3003 τοῦ

2291 3041 2418 3095 Υῑοῠ
2447 3043 2656 3113 τίθησιν
2685 3045 2717 3112 ἡ
2748 3043 2956 3114 Γραφὴ,
2986 3044 3065 3096 τόο
3105 3062 3121 3093 ι
3175 3044 3239 3094 Ἡ
3271 3042 3454 3094 σκοτία
3483 3041 3613 3094 αὑτὸ
3639 3041 3699 3094 οὑ
3731 3058 3862 3093 κατ-

2289 3134 2514 3187 έλαϐεν·
2555 3153 2574 3186 ι
2609 3136 2693 3204 ἐφ’
2719 3137 2850 3206 ἡμῖν
2901 3135 2956 3188 δὲ
3005 3138 3033 3188 6
3082 3134 3310 3198 Παῦλοςο
3345 3153 3363 3185 ι
3411 3135 3498 3188 Ἐν
3541 3129 3621 3197 οἷς
3661 3137 3689 3187 6
3731 3133 3863 3196 Θεὸς

615 3238 816 3306 quibus
847 3239 989 3295 Deus
1012 3239 1175 3310 hujus
1197 3243 1382 3307 saeculi
1416 3241 1716 3295 excaacavit
1748 3249 1957 3296 mentes
1988 3241 2182 3294 inﬁde-

2287 3223 2380 3277 τοῦ
2425 3225 2618 3287 αἰῶνος
2657 3225 2844 3278 τούτου
2891 3225 3166 3294 ἐτύφλωσε
3211 3225 3276 3276 τὰ
3307 3225 3552 3294 νοήματα
3592 3222 3700 3276 τῶν
3732 3224 3861 3275 ἀπί-

615 3329 748 3384 Iium
772 3332 816 3363 ι’
843 3346 860 3397 ;
887 3349 907 3384 ι
949 3339 1002 3386 et
1029 3347 1223 3389 rursus
1244 3332 1496 3388 Salvator
1525 3335 1644 3403 ipse
1675 3351 1689 3388 :
1723 3353 1741 3384 ι
1787 3331 1972 3388 Donec
2005 3334 2184 3387 lucem

617 3419 849 3485 habetis,
886 3421 1163 3477 ambulate
1192 3423 1247 3476 in
1274 3422 1392 3477 luce
1414 3463 1428 3486 ,
1459 3431 1519 3476 ut
1544 3437 1653 3476 non
1685 3437 1785 3478 vos
1808 3421 2048 3477 tenebrae
2075 3422 2188 3492 68

615 3512 1084 3582 comprehendant
1127 3513 1474 3568 “‘lCunctis
1555 3515 1702 3570 enim
1783 3523 1931 3584 patet
2004 3513 2180 3584 quod,

612 3603 724 3657 nisi
757 3603 980 3672 quidam
1032 3613 1282 3659 nostrum
1313 3605 1554 3660 tenebris
1589 3606 1817 3660 involuti
1857 3616 2064 3670 essent,
2097 3605 2186 3660 ni—

618 3697 693 3750 hil
730 3697 833 3752 tale
860 3695 1111 3752 Salvator
1159 3696 1412 3752 dixisset.
1475 3697 1762 3763 Quomodo
1812 3713 1942 3769 ergo
1995 3705 2185 3755 natura

619 3788 760 3844 idem
811 3797 941 3844 sunt
1004 3789 1332 3860 Unigenitus
1387 3798 1441 3845 et
1492 3798 1767 3851 creatura,
1830 3791 2204 3844 immutabilis

617 3895 741 3935 cum
781 3880 1049 3943 mutabili,
1101 3881 1419 3950 impatibilis
1453 3895 1575 3935 cum
1628 3880 1869 3935 tenebris
1904 3881 2104 3947 obsita,
2134 3890 2188 3936 et

618 3986 740 4040 quae
770 3971 944 4027 lucem
978 3971 1228 4027 amittere
1261 3980 1470 4041 potest,
1503 3971 1798 4025 ascititiam
1823 3973 2078 4027 videlicet
2101 3973 2185 4026 lu-

621 4074 740 4116 cem
773 4061 1001 4125 habens,
1029 4075 1137 4116 non
1157 4070 1355 4114 natura
1394 4060 1496 4121 sibi
1525 4060 1780 4121 insitam?

693 4318 924 4375 ALIUD.
959 4319 1012 4374 Si
1058 4319 1376 4390 Uuigcnitus
1413 4322 1502 4374 lux
1540 4337 1666 4375 vera
1727 4324 1880 4379 solus
1922 4340 2029 4379 non
2077 4333 2182 4390 est,

617 4411 714 4467 sed
741 4411 900 4467 habet
925 4411 979 4465 id
1007 4426 1225 4481 quoque
1252 4420 1501 4466 creatura
1529 4453 1542 4475 ,
1571 4421 1755 4484 utpote
1789 4415 2034 4483 ejusdem
2060 4431 2184 4471 cum

618 4504 740 4571 ipso
771 4511 1007 4566 naturzr,
1055 4517 1166 4571 quo
1201 4511 1357 4572 pacto
1381 4519 1480 4559 nos
1513 4512 1774 4575 tanquam
1819 4509 1887 4562 ad
1919 4507 2087 4564 Deum
2118 4527 2181 4564 ac
2216 4543 2258 4598 υ

618 4588 836 4646 Patrem
857 4592 1163 4647 clamamus
1197 4612 1209 4646 :
1255 4612 1271 4640 ι
1308 4592 1362 4646 In
1396 4593 1602 4650 lumine
1632 4603 1725 4649 tuo
1759 4598 2064 4654 videbimus
2089 4603 2181 4654 Iu-

615 4701 743 4741 mon
762 4684 851 4740 ιιι
883 4703 901 4736 ι
942 4682 998 4738 Si
1028 4683 1171 4739 enim
1209 4696 1401 4738 sumus
1437 4684 1524 4738 lux
1575 4701 1724 4750 vera,
1747 4690 2022 4758 quomodo
2057 4691 2184 4743 illu-

615 4775 953 4829 minabimur
997 4775 1051 4829 in
1095 4774 1242 4828 alio?
1291 4773 1386 4829 Sin
1419 4783 1599 4829 autem
1653 4785 1711 4831 ut
1747 4779 1926 4836 alieno
1982 4783 2188 4835 lumine

617 4866 954 4935 indigentes,
990 4866 1102 4919 haec
1123 4864 1390 4930 dicimus,
1440 4869 1644 4937 patebit
1675 4871 1862 4942 utique
1919 4887 2020 4927 nos
2055 4887 2184 4928 vere

620 4959 795 5010 lucem
827 4971 936 5010 non
966 4971 1108 5010 esse.
1168 4955 1342 5025 Igitur
1377 4972 1552 5028 neque
1572 4959 1816 5029 ejusdem
1843 4978 1969 5018 cum
2004 4963 2180 5019 Verbo

617 5055 848 5112 naturae,
875 5046 1021 5117 quod
1053 5061 1154 5101 nos
1181 5055 1332 5102 tanto
1369 5065 1467 5120 per
1491 5057 1744 5105 naturam
1782 5053 2071 5109 intervallo
2099 5068 2188 5109 su-

618 5145 789 5210 perat.

686 5225 894 5281 ALIUD
923 5227 1260 5297 explicatius.
1299 5226 1562 5284 Dominus
1604 5241 1794 5285 noster
1828 5230 1990 5286 Jcsus
2017 5230 2181 5285 Chri-

617 5331 734 5373 stus
765 5319 818 5371 in
857 5319 1144 5389 Evangelia
1167 5320 1442 5388 reperitur
1469 5321 1658 5377 dicens
1693 5340 1705 5375 :
1741 5341 1759 5374 ι
1806 5321 1918 5375 l-Iuc
1969 5333 2052 5376 cst
2087 5337 2183 5374 au-

616 5422 723 5465 tem
751 5411 1037 5479 judicium,
1069 5410 1198 5480 quia
1225 5409 1313 5463 lux
1347 5413 1497 5465 venit
1546 5414 1600 5466 in
1656 5414 1942 5474 mundum,
2001 5420 2056 5466 et
2101 5413 2182 5467 di-

617 5507 865 5562 lexerunt
914 5508 1160 5565 homines
1221 5508 1393 5575 magis
1457 5506 1710 5561 tenebras
1764 5521 1928 5574 quam
1983 5505 2182 5560 lucem.

619 5597 785 5654 Erant
811 5602 954 5657 enim
990 5619 1178 5660 eorum
1217 5603 1356 5656 mala
1405 5616 1590 5670 onera.
1646 5596 1835 5653 Omnis
1891 5597 2038 5652 enim
2089 5599 2183 5668 qui

2290 3333 2428 3369 στων
2451 3333 2466 3348 ’
2503 3335 2521 3366 ι
2573 3317 2668 3369 καὶ
2713 3316 2874 3370 πάλιν
2907 3318 3065 3381 αὑτὸς
3100 3320 3127 3369 6
3175 3317 3364 3386 Σωτήρ
3387 3332 3400 3344 ⁶
3436 3334 3454 3366 ι
3489 3316 3632 3378 Ἕως
3658 3316 3717 3367 τὸ
3746 3315 3864 3382 φῶς
3943 3378 3964 3393 .

2288 3405 2462 3474 ἔχετε,
2486 3410 2836 3477 περιπατεῖτε
2863 3410 2920 3460 ἐν
2940 3407 3014 3476 τῷ
3045 3409 3203 3477 φωτὶ,
3227 3407 3312 3459 ἴνα
3344 3406 3418 3476 μὴ
3443 3408 3475 3476 ἡ
3503 3405 3689 3459 σκοτία
3719 3407 3862 3474 ὑμᾶς

2288 3497 2603 3571 καταλά6ῃ;
2643 3519 2660 3551 ν
2697 3499 2964 3570 Πρόδηλον
2991 3499 3098 3569 γὰρ
3130 3498 3298 3568 δήπου
3325 3498 3488 3550 πᾶσίν
3514 3499 3681 3558 ἐστιν,
3714 3498 3784 3560 ὡς
3812 3499 3863 3550 εἰ

2292 3587 2366 3657 μή
2398 3604 2548 3650 τινας
2572 3587 2674 3639 ὑπὸ
2701 3589 2799 3659 τῆς
2829 3588 3043 3650 σκοτίας
3069 3588 3323 3658 ἐνεχώρει
3350 3587 3862 3658 καταλαμϐάνεσθαι

2286 3667 2394 3731 τῶν
2428 3679 2548 3732 καθ’
2582 3681 2748 3751 ἡμᾶς,
2776 3679 2925 3734 οὐδὲν
2964 3678 3067 3749 ἔφη
3094 3697 3146 3732 τι
3175 3679 3410 3732 τοιοῦτον
3439 3682 3467 3734 6
3497 3680 3708 3751 Σωτήρ.
3739 3681 3863 3742 Πῶς

2286 3767 2382 3824 οὖν
2414 3771 2494 3822 ἔτι
2523 3771 2716 3824 ταυτὸν
2745 3772 2823 3837 εἰς
2851 3769 3009 3839 φύσιν
3040 3772 3067 3823 6
3113 3770 3416 3842 Μονογενὴς
3459 3771 3550 3823 καὶ
3586 3773 3619 3840 ὴ
3663 3771 3861 3835 κτίσις,

2287 3866 2316 3917 6
2349 3860 2703 3922 ἀναλλοίωτος
2724 3861 2788 3930 τῇ
2808 3859 3181 3931 ἀλλοιουμένῃ,
3214 3862 3402 3912 παθεῖν
3427 3861 3576 3914 οὐδὲν
3604 3861 3709 3913 τῶν
3743 3859 3861 3912 ἁδι-

2287 3955 2525 4009 κοὺντων
2556 3952 2878 4022 ἀνεχόμενος
2909 3953 2977 4022 τῇ
3019 3950 3371 4022 σκοτιζομένῃ
3422 3951 3515 4004 καὶ
3548 3953 3865 4021 άποκτήσα-

2289 4047 2413 4100 σθαι
2443 4044 2710 4116 δυναμένῃ
2732 4042 2823 4096 τὸν
2848 4043 3159 4114 φωτισμὸν,
3201 4044 3275 4107 ὼς
3314 4045 3369 4096 ἐν
3409 4044 3724 4115 προσθήκης
3764 4044 3862 4113 μὲ-

2291 4155 2372 4209 ρει
2405 4137 2672 4209 προσόντα
2695 4135 2957 4207 δηλονότι,
2991 4135 3084 4189 καὶ
3121 4137 3236 4206 οὑχὶ
3270 4135 3408 4190 κατὰ
3435 4137 3594 4206 φύσιν
3631 4136 3861 4208 ἐρριζω-

2289 4231 2455 4302 μένην
2488 4232 2546 4283 ἐν
2572 4231 2738 4300 αὐτῇς
2786 4262 2788 4264 τ

2301 4309 2303 4311 ’
2355 4322 2555 4374 ΑΛΛΟ.
2588 4319 2653 4373 Εἰ
2700 4319 2775 4390 μὴ
2819 4318 2978 4390 μόνος
3015 4319 3044 4371 6
3077 4319 3383 4390 Μονογενὴς
3413 4319 3471 4371 τὸ
3513 4320 3629 4387 φῶς
3657 4321 3770 4372 ἐστι
3798 4319 3860 4372 τὸ

2286 4409 2557 4479 ἀληθινὸν,
2598 4408 2709 4478 ἔχει
2755 4408 2813 4460 δὲ
2869 4407 2962 4461 καὶ
3011 4408 3140 4460 αὑτὸ
3181 4411 3212 4478 ὴ
3251 4410 3443 4473 κτίσις,
3493 4411 3568 4471 ὼς
3614 4411 3860 4479 ὁμοφυὴς

2287 4503 2454 4572 αὑτῷ,
2490 4501 2630 4555 κατὰ
2663 4501 2782 4555 τίνα
2811 4501 3008 4570 τρόπον
3047 4501 3362 4571 ἁναϐοῶμεν
3390 4505 3570 4571 ἡμεῖς,
3618 4504 3692 4568 ὡς
3723 4503 3860 4572 πρὸς

2287 4593 2417 4646 Θεὸν
2457 4593 2551 4646 καὶ
2577 4593 2813 4663 Πατέρα·
2843 4612 2860 4643 ι
2887 4593 2974 4644 Ἑν
2995 4592 3072 4664 τῷ
3097 4593 3234 4660 φωτί
3265 4610 3355 4645 σου
3382 4593 3622 4663 ὀψόμεθα
3654 4593 3800 4664 φῶς;
3833 4614 3851 4644 ι

2285 4683 2349 4736 ΕΞ
2391 4685 2498 4752 γὰρ
2541 4682 2657 4751 φῶς
2702 4683 2865 4753 ἐσμεν
2904 4681 3172 4752 ἀληθινὸν,
3221 4683 3335 4746 πῶς
3387 4686 3443 4735 ἐν
3487 4686 3656 4755 ἑτέρῳ
3695 4703 3857 4754 φωτιο

2288 4774 2631 4845 σθησόμεθα;
2665 4774 2725 4826 Εί
2760 4774 2816 4826 δὲ
2860 4773 2934 4836 ὡς
2970 4774 3258 4845 χρῄζοντες
3307 4777 3630 4830 ἐπεισάκτου
3661 4777 3853 4847 φωτὸς,

2285 4866 2353 4919 τὰ
2383 4864 2602 4918 τοιαῦτά
2628 4881 2828 4934 φαμεν,
2858 4865 2956 4917 οὑκ
2983 4865 3135 4928 ὄντες
3171 4865 3408 4936 δηλονότι
3435 4869 3574 4920 κατὰ
3605 4867 3858 4938 ἀλήθειαν

2286 4958 2400 5026 φῶς
2432 4955 2772 5026 ἁλωσόμεθα.
2818 4955 3024 5009 Οὑκοῦν
3052 4958 3170 5011 οὐδὲ
3203 4961 3458 5028 ὁμοφυεῖς
3497 4959 3572 5027 τῷ
3609 4958 3858 5012 τοσοῦτον

2289 5051 2428 5103 κατὰ
2462 5047 2623 5119 φύσιν
2653 5048 2791 5128 ὑπὲρ
2824 5049 2970 5119 ἡμᾶς
3005 5048 3300 5119 ὑπάρχοντι
3336 5050 3512 5119 Λόγῳ.

2359 5227 2540 5281 ΑΑᾹΟ
2597 5227 3047 5297 διηγηματικῶς.
3093 5227 3149 5279 'O
3203 5229 3406 5298 Κύριος
3455 5227 3610 5299 ἡμῶν
3654 5229 3858 5299 ’,Ιησοῦς

2285 5321 2518 5391 Χριστὸς
2569 5321 2625 5374 ἐν
2691 5325 2801 5383 τοῖς
2854 5319 3201 5388 Εὑαγγελίοις
3267 5321 3576 5392 εὑρίσκεται
3644 5323 3854 5392 λέγων·

2292 5432 2310 5463 ι
2347 5413 2492 5485 Αὑτη
2518 5412 2574 5466 δέ
2601 5414 2746 5466 ἐστιν
2770 5413 2803 5482 ἡ
2832 5411 3030 5481 κρίσις,
3053 5412 3132 5464 ὅτι
3156 5410 3214 5464 τὸ
3242 5411 3356 5481 φῶς
3378 5413 3632 5482 ἐλήλυθεν
3661 5416 3740 5477 είς
3765 5415 3858 5467 τὸν

2290 5505 2510 5575 κόσμον,
2536 5505 2628 5557 καὶ
2650 5503 2941 5572 ἠγάπησαν
2965 5502 3013 5554 οἱ
3043 5501 3313 5573 ἄνθρωποι
3337 5502 3536 5572 μᾶλλον
3557 5504 3618 5557 τὸ
3646 5505 3871 5568 σκότος,

2289 5599 2321 5669 ἢ
2351 5598 2407 5650 τὸ
2438 5595 2572 5665 φῶς.
2604 5590 2712 5648 Ἦν
2745 5594 2853 5665 γὰρ
2878 5593 3056 5646 αὐτῶν
3080 5594 3288 5665 πονηρὰ
3315 5593 3383 5647 τὰ
3417 5587 3717 5666 ἐργαζΠᾶς
3739 5597 3858 5670 γὰρ

688 5789 731 5823 δ’
766 5787 911 5850 Psal.
949 5804 1077 5854 xui,
1115 5791 1169 5845 5-
1241 5790 1288 5820 “
1325 5787 1367 5845 lt
1395 5787 1519 5844 Cor.
1557 5804 1630 5860 iv,
1663 5789 1715 5849 4.
1795 5787 1838 5817 ³³
1878 5785 2034 5848 .Ioan.
2068 5802 2174 5852 xu,

2286 5827 2295 5839 .
2371 5785 2415 5817 δε
2458 5783 2600 5842 Psal.
2637 5801 2811 5842 xxxv.
2849 5785 2934 5844 10.
