4168 6606
586 371 688 427 IIJ

1579 373 1636 428 S.
1677 370 1952 427 CYItILLI
1991 369 2463 426 ALEXANDRINI
2494 370 2817 427 ARCHIEP.

3749 362 3859 417 ηο

647 487 975 558 collustrari,
1006 504 1125 542 cum
1174 486 1599 542 substantialiter
1628 489 1723 542 lux
1754 505 1866 544 esse
1908 497 2148 558 nequeat,

2324 490 2453 543 ἐστι
2482 489 2550 542 τὸ
2580 490 2891 558 ἀληθινὸν,
2921 486 2958 552 ἡ
2988 483 3055 558 δὲ
3088 480 3205 558 τῶν
3235 481 3499 558 γενητῶν
3526 478 3750 558 φύσιςι
3781 476 3857 528 ἐκ

647 558 781 612 sicut
810 556 921 611 ille.

647 712 936 768 Psalmista
981 731 994 766 :
1051 732 1071 765 ι
1132 711 1419 782 Signatum
1460 723 1544 769 est
1595 730 1764 786 super
1814 732 1914 770 nos
1966 717 2149 770 lumen

578 802 763 856 vultus
793 804 892 865 tui,
924 801 1147 857 Domine
1178 802 1246 855 "°.
1272 821 1293 855 ι
1321 804 1605 873 Atqualis,
1639 806 1887 872 obsecro,
1927 816 2009 861 est
2035 808 2152 860 vuI-

577 904 670 949 tus
697 894 786 949 ille
832 892 929 949 Dei
981 909 1045 949 ac
1086 893 1289 958 Patris,
1327 894 1487 963 cujus
1520 911 1685 964 super
1735 912 1834 951 nos
1878 899 2151 966 signatum

575 996 660 1041 est
689 985 907 1040 lumen?
956 984 1098 1039 Num
1153 986 1249 1039 Dei
1296 983 1471 1041 Filius
1529 987 1865 1055 unigenitus,
1921 990 2011 1042 illa
2060 1006 2155 1059 per

576 1076 756 1128 nmnia
782 1074 983 1130 similis
1012 1075 1213 1143 imago,
1243 1082 1299 1127 et
1328 1075 1420 1143 qui
1454 1074 1686 1145 proinde
1726 1078 1844 1130 ait:
1876 1097 1893 1128 ι
1939 1077 2042 1143 Qui
2068 1080 2152 1132 vi-

574 1164 655 1217 dit
685 1179 794 1227 me,
826 1164 963 1218 vidit
992 1171 1047 1218 et
1076 1163 1294 1218 Patrem
1322 1164 1412 1218 "‘2
1448 1184 1466 1216 ι
1499 1166 1764 1235 Signatus
1801 1167 1947 1221 enim
1979 1178 2064 1223 est
2098 1170 2152 1223 in

576 1253 736 1309 nobis
772 1253 865 1322 qui
898 1252 1212 1307 conformes
1236 1267 1337 1308 nos
1371 1252 1475 1308 sibi
1504 1252 1761 1315 reddidit.
1794 1264 1847 1309 et
1879 1270 1975 1324 per
1992 1271 2151 1309 suum

579 1345 847 1414 Spiritum
884 1344 1344 1399 illuminationem
1394 1343 1671 1413 impressit
1704 1346 1869 1399 veluti
1913 1344 2153 1400 divinam

578 1438 689 1507 70
721 1436 1013 1507 imaginem
1041 1436 1391 1491 credentibus
1420 1436 1473 1489 in
1508 1436 1683 1504 ipsum
1719 1445 1778 1489 ut
1803 1445 1858 1490 et
1890 1436 1996 1506 ipsi
2022 1454 2155 1492 nun-

585 1536 865 1596 cupentur
909 1526 976 1580 ad
1025 1524 1147 1595 ejus
1188 1524 1610 1579 similitudinem
1643 1524 1742 1587 dii,
1784 1523 1990 1594 Deique
2033 1526 2150 1582 lilii.

581 1617 688 1672 Sed
723 1618 766 1672 si
790 1625 973 1672 creata
998 1632 1083 1671 res
1117 1614 1189 1670 sit
1215 1630 1341 1669 vera
1375 1614 1464 1668 illa
1494 1614 1608 1678 lux,
1636 1616 1911 1685 quomodo
1940 1616 2155 1687 signata

579 1718 665 1766 est
698 1710 757 1763 in
794 1709 999 1765 nobis?
1043 1708 1159 1763 Lux
1220 1709 1419 1779 quippe
1465 1708 1521 1761 in
1579 1708 1825 1763 tenebris
1877 1709 2047 1773 lucet,
2100 1717 2158 1763 ut

2327 560 2613 638 χορηγίας
2644 544 2759 638 τῆς
2802 544 3151 638 πάρ’ἀρτοῦ
3199 544 3541 638 patria/sxa};
3568 548 3632 638 τρ
3669 544 3859 638 *εἶξαι

2325 619 2806 697 ᾧῶέόὑόἰωδῶς
2851 619 2960 679 οὐκ
2995 625 3245 693 ἔχουσα,
3293 619 3554 686 καθάπερ
3588 619 3856 682 ἐκεῖνος.

2338 717 2395 771 Ὀ
2450 716 2780 787 Ψαλμῳδόςο
2836 732 2858 765 ‹
2909 710 3247 783 Ἐσημειώθη
3298 710 3382 777 ἐφ’
3417 711 3563 779 ἡμᾶς
3611 707 3672 759 τὸ
3723 706 3851 775 φῶς

2255 808 2349 861 τοῦ
2380 806 2673 876 προσώπου
2708 821 2824 866 σου,
2862 803 3056 873 Κύριε.
3096 821 3113 854 ι
3147 802 3255 855 Καὶ
3295 802 3444 851 ποῖον
3482 799 3587 867 ἄρα
3633 796 3755 848 ἐστὶ
3787 794 3863 847 τὸ

2256 900 2546 970 πρόσωπον
2573 896 2668 950 τοῦ
2704 894 2837 948 Θεοῦ
2867 896 2958 947 καὶ
2992 892 3224 961 Πατρὸς,
3252 883 3312 943 οῦ
3339 890 3399 942 τὸ
3431 888 3545 958 φῶς
3577 889 3661 957 ἐφ’
3694 888 3861 957 ἡμᾶς

2258 989 2663 1059 σεσημείωταιῖ
2705 982 2785 1037 Ἦ
2829 984 3045 1046 πάντως
3099 984 3129 1034 6
3195 977 3489 1048 μονογενὴς
3548 974 3643 1027 τοῦ
3707 970 3861 1025 Θεοῦ

2255 1082 2402 1145 Υἱὸς.
2438 1082 2473 1151 ἡ
2507 1078 2927 1149 ἀπαράλλακτος
2966 1073 3149 1135 εἰκὼν,
3185 1072 3281 1125 καὶ
3328 1070 3415 1122 διὰ
3448 1067 3603 1121 τοῦτο
3642 1066 3855 1133 λέγων,

2261 1193 2279 1224 ‹
2324 1174 2384 1225 '0
2417 1171 2676 1241 ἑωρακὼς
2719 1169 2839 1240 ἐμὲ,
2886 1166 3098 1237 ἑώρακε
3137 1164 3228 1216 τὸν
3261 1162 3523 1231 Πατέρα;
3560 1179 3578 1211 ι
3625 1160 3858 1226 Ἐνεση-

2259 1259 2435 1331 ράνθη
2473 1259 2529 1312 δὲ
2571 1260 2722 1329 ἡμῖν,
2752 1256 3114 1326 συμμόρφους
3148 1253 3296 1321 ἡμᾶς
3322 1248 3607 1315 ἀποδείξας
3640 1246 3854 1316 ἑαυτῷ,

2256 1353 2352 1407 καὶ
2381 1352 2470 1404 τὸν
2499 1350 2587 1404 διὰ
2620 1348 2713 1402 τοῦ
2736 1347 3052 1417 Πνεύματος
3077 1344 3172 1397 τοῦ
3210 1345 3337 1397 ἰδίου
3367 1341 3644 1412 φωιισμδν
3678 1342 3857 1408 ἐγχα-

2260 1444 2425 1517 ράξας
2462 1442 2538 1505 ὡς
2571 1442 2717 1494 θείαν
2757 1439 2938 1492 εἰκόνα
2986 1439 3099 1499 τοῖς
3143 1434 3495 1488 πιστεύσασιν
3545 1435 3625 1495 εἰς
3656 1433 3850 1497 αὐτὸν,

2258 1536 2348 1588 ἵνα
2390 1534 2481 1588 καὶ
2532 1534 2685 1586 αὐτοὶ
2732 1527 3120 1601 χρηματίζοιεν
3162 1528 3259 1597 ἥδη
3308 1523 3608 1579 κατάὐτὸν
3640 1523 3751 1575 θεοί
3786 1539 3850 1574 τε

2260 1628 2352 1681 καὶ
2380 1626 2513 1679 Θεοῦ
2548 1624 2651 1677 υἱοί
2671 1642 2683 1653 ·
2731 1623 2847 1675 ἀλλ’
2880 1621 3038 1690 εἴπερ
3064 1616 3133 1690 ἦν
3156 1637 3207 1671 τι
3236 1618 3345 1670 τῶν
3370 1616 3613 1685 γενητῶν
3640 1615 3699 1667 τὸ
3727 1614 3852 1682 φῶς

2259 1716 2320 1769 τὸ
2348 1716 2616 1786 ἀληθινὸν,
2647 1714 2762 1777 πῶς
2791 1714 2922 1783 ἡμῖν
2972 1708 3313 1779 ἐνεσημάνθγ
3340 1724 3354 1772 ;
3392 1706 3464 1759 T6
3496 1706 3606 1776 γὰρ
3637 1704 3755 1773 φῶς
3790 1705 3849 1755 ἐν

575 1804 773 1859 scribit
810 1802 1072 1858 Joannes.
1110 1801 1232 1856 Lux
1282 1801 1430 1855 enim
1476 1800 1532 1854 in
1561 1800 1684 1854 Iuce
1712 1800 1989 1870 quomodo
2019 1817 2154 1855 con-

2269 1812 2325 1879 τῇ
2358 1808 2544 1877 σκοτίᾳ
2579 1806 2779 1875 φαίνει,
2810 1803 2947 1857 κατὰ
2979 1802 3077 1871 τὴν
3120 1800 3214 1854 τοῦ
3252 1798 3701 1868 Πνευματοφόρου
3733 1814 3852 1864 φωο

577 1895 764 1969 spicua
797 1894 999 1949 fuerit?

643 1987 874 2043 ALIUD.
917 1985 1210 2041 Psalmista
1253 1988 1316 2050 εἷς
1362 1984 1477 2038 Lux
1522 1992 1643 2038 orta
1672 1991 1755 2039 est
1797 1983 1966 2053 justo,
2009 2006 2028 2038 ι
2065 1987 2151 2040 in-

578 2083 697 2154 quit
728 2080 794 2133 ".
842 2079 898 2133 Si
932 2080 1110 2134 lucem
1146 2079 1389 2139 habenti.
1426 2088 1479 2134 et
1509 2078 1657 2132 illius
1690 2092 1800 2131 non
1833 2078 2034 2148 indigo,
2063 2094 2155 2133 su-

580 2185 856 2241 pervacua
883 2176 985 2223 est.
1021 2166 1117 2222 Sin
1149 2176 1328 2221 autem
1360 2176 1418 2221 ut
1451 2181 1555 2221 non
1586 2167 1803 2222 habenti
1834 2167 1924 2221 lux
1955 2170 2150 2235 oritur,

584 2267 675 2318 Inx
707 2278 837 2332 ergo
857 2260 1008 2317 solus
1037 2269 1119 2316 est
1152 2257 1499 2330 Unigenitus,
1533 2259 1670 2314 lucis
1695 2268 1874 2313 autem
1905 2267 2156 2315 creatura

581 2362 666 2409 est
692 2353 986 2421 particeps,
1019 2359 1183 2420 atque
1211 2349 1417 2405 ideirco
1447 2350 1675 2405 alterius
1711 2358 1939 2405 naturae.

652 2441 884 2500 ALIUD.
922 2441 1214 2497 Psalmista
1266 2442 1415 2497 canit
1444 2462 1457 2496 :
1498 2460 1516 2492 ι
1558 2441 1676 2496 Νοη
1708 2444 1856 2499 enim
1890 2444 1942 2497 in
1974 2444 2158 2514 gladio

584 2552 684 2592 suo
726 2535 1091 2607 possederunt
1126 2543 1348 2599 terram,
1400 2544 1455 2590 et
1496 2535 1777 2590 brachium
1824 2550 2013 2591 eorum
2046 2551 2155 2590 non

583 2628 819 2684 aalvavit
849 2642 970 2689 eos,
1003 2626 1101 2683 sed
1143 2627 1363 2681 dextera
1394 2634 1511 2689 tua,
1554 2636 1608 2682 et
1646 2628 1931 2683 brachium
1980 2637 2157 2695 tuum,

580 2729 638 2778 et
676 2719 1005 2774 illuminatio
1054 2719 1238 2775 vultus
1275 2719 1351 2773 tui
1396 2719 1460 2772 ⁵³.
1507 2740 1526 2772 ›
1576 2719 2032 2775 Illuminationem
2065 2720 2160 2775 Dei

584 2828 649 2868 nc
670 2810 852 2865 Patris
890 2810 976 2865 hic
1022 2827 1216 2866 rursus
1251 2812 1502 2865 nominat
1544 2814 1934 2868 revelationem
1971 2829 2092 2882 qua:
2128 2829 2158 2867 a

582 2902 724 2957 Filio
750 2912 835 2956 est
871 2917 967 2971 per
1002 2900 1291 2973 Spiritum,
1330 2911 1384 2958 et
1408 2903 1749 2974 singularum
1787 2920 1970 2959 rerum
2002 2905 2159 2975 quasi

582 2992 1095 3057 manuductionem,
1125 3009 1154 3047 τι
1188 3008 1300 3063 quo
1333 3010 1441 3048 uno
1484 2996 1690 3049 servati
1737 3003 1866 3050 sunt
1896 2994 2165 3052 Israelitae

584 3092 641 3151 et
667 3081 1052 3153 Egyptiorum
1081 3083 1373 3152 tyrannide
1404 3086 1638 3140 liberati.
1675 3086 1731 3140 Si
1764 3102 1895 3156 ergo
1932 3104 2038 3142 non
2076 3104 2166 3143 so-

2260 1904 2376 1974 νήν.
2416 1899 2535 1962 Φῶς
2563 1898 2670 1967 γὰρ
2702 1898 2760 1950 ἐν
2796 1895 2934 1965 φωτὶ
2974 1893 3091 1956 πῶς
3134 1893 3199 1947 ἂν
3236 1892 3446 1959 γένοιτο
3495 1887 3851 1959 καταφανές;

2329 1994 2532 2047 AAAO.
2562 1992 2618 2045 '0
2647 1988 2951 2060 Ψαλμῳδός
2969 2002 2984 2018 ·
3016 2004 3033 2037 ι
3065 1985 3184 2047 Φῶς
3212 1982 3452 2038 ἀνέτειλε
3475 1982 3551 2052 τῷ
3572 1979 3791 2049 δικαίῳ,
3828 1996 3847 2029 ι

2262 2086 2445 2159 φησίν·
2476 2086 2522 2137 εἰ
2571 2082 2667 2154 μὲν
2707 2080 2882 2151 ἔχοντι
2911 2078 3007 2132 καὶ
3053 2076 3145 2148 μὴ
3174 2075 3429 2146 δεομένῳ,
3481 2071 3750 2143 περιττόν.
3785 2069 3855 2123 Εἰ

2260 2178 2316 2231 δὲ
2348 2177 2422 2239 ὡς
2449 2176 2549 2228 οὐκ
2582 2173 2755 2243 ἔχοντι
2799 2171 2860 2223 τὸ
2899 2170 3012 2238 φῶς
3050 2168 3349 2231 ἀνατέλλει,
3392 2164 3508 2235 φῶς
3546 2165 3653 2237 ἄρα
3688 2163 3853 2233 μόνος

2262 2270 2291 2321 6
2317 2266 2644 2337 Μονογενὴς,
2691 2264 2869 2334 φωτὸς
2917 2262 2972 2314 δὲ
3016 2262 3052 2330 ἡ
3108 2260 3285 2323 κτίσις
3338 2257 3579 2330 μέτοχος,
3618 2255 3714 2309 καὶ
3757 2252 3856 2306 διὰ

2261 2361 2419 2414 τοῦτο
2446 2357 2737 2425 ἀλλοφυής.

2332 2447 2533 2501 AAAO.
2577 2445 2633 2496 '0
2669 2441 2969 2512 Ψαλμῳδός
3006 2456 3196 2510 φησιν·
3236 2456 3254 2489 ι
3286 2438 3359 2492 Οὐ
3386 2438 3494 2508 γὰρ
3524 2435 3581 2490 ὲν
3612 2438 3677 2506 τῇ
3714 2437 3854 2504 ῥομ-

2266 2540 2401 2610 φαίᾳ
2431 2536 2609 2590 αὐτῶν
2643 2534 3088 2605 ὲκληρονόμησαν
3116 2533 3240 2601 γῆν,
3282 2532 3375 2584 καὶ
3409 2530 3439 2583 6
3485 2528 3719 2601 βραχίων
3752 2529 3859 2579 az)-

2264 2631 2373 2684 τῶν
2403 2630 2501 2682 οὐκ
2535 2628 2735 2680 ἔσωσεν
2770 2626 2988 2688 αὐτοὺς,
3019 2624 3133 2677 ἀλλ’
3161 2626 3192 2693 ἡ
3226 2623 3375 2688 δεξιά
3399 2640 3513 2685 σου,
3539 2621 3632 2674 καὶ
3658 2622 3684 2673 6
3715 2618 3856 2690 βρα-

2266 2720 2398 2791 χίων
2430 2734 2546 2780 σου,
2574 2716 2719 2769 καὶὸ
2748 2712 3024 2783 φωτισμὸς
3069 2711 3165 2765 τοῦ
3204 2711 3495 2783 προσώπου
3534 2726 3649 2762 σου.
3685 2728 3703 2759 ›
3733 2709 3857 2758 Φωο

2267 2808 2458 2877 τισμδν
2484 2804 2578 2857 τοῦ
2612 2802 2747 2856 Θεοῦ
2789 2804 2881 2854 καὶ
2911 2798 3123 2869 Πατρὸς
3156 2798 3410 2868 ὀνομάζει
3448 2800 3607 2852 πάλιν
3636 2798 3692 2849 ἐν
3722 2792 3855 2847 τοῦ-

2266 2910 2402 2958 τοις,
2434 2893 2534 2962 τὴν
2580 2890 2640 2956 ἐξ
2686 2888 2816 2942 Υῑοῦ
2859 2888 2949 2942 διὰ
2990 2886 3083 2939 τοῦ
3130 2886 3445 2957 Πνεύματος
3484 2883 3856 2954 ἀποκάλυψιν,

2270 2987 2365 3040 καὶ
2392 2984 2489 3051 τὴν
2522 2984 2603 3045 εἷς
2629 2980 2835 3034 ἕκαστα
2862 2980 2969 3031 τῶν
2996 2980 3164 3031 όντων
3191 2978 3576 3048 χειραγωγίαν,
3604 2977 3632 3027 ὅ
3660 2975 3724 3047 δὴ
3756 2975 3860 3028 καὶ

2276 3079 2432 3149 μόνον
2452 3075 2677 3129 διέσωσε
2700 3072 2793 3125 τὸν
2822 3069 3059 3141 Ἰσραὴλ,
3086 3070 3298 3140 καὶτῆς
3325 3069 3640 3135 Αἰγυπτίων
3666 3070 3859 3122 πλεον-

586 3173 672 3226 Ius
710 3170 1045 3243 Unigenitus
1093 3180 1178 3233 est
1213 3174 1303 3226 lux
1342 3190 1495 3237 vera,
1543 3176 1637 3230 sed
1691 3154 1930 3245 digni—tas
1978 3180 2167 3234 eadem

2271 3169 2418 3234 εξίας
2443 3164 2782 3237 ἀπήλλαξεν·
2818 3163 2972 3231 εἰπερ
2997 3154 3092 3215 οῦν
3138 3161 3197 3212 οὐ
3239 3162 3398 3232 μόνος
3446 3160 3592 3214 ἐστὶν
3619 3164 3647 3214 6
3680 3161 3861 3215 Move-

584 3271 671 3317 est
700 3264 752 3317 in
782 3265 1071 3330 creaturis,
1098 3265 1289 3334 quidni
1316 3268 1540 3337 proprio
1575 3268 1781 3324 lumine
1810 3272 2011 3325 servati
2040 3280 2170 3328 sunt

587 3353 869 3417 Israelitw,
917 3356 1015 3410 sed
1052 3364 1277 3428 accepto
1321 3359 1502 3414 alieno
1551 3375 1651 3415 nec
1707 3363 2025 3417 necessario
2082 3365 2168 3417 ln-

589 3446 777 3500 mine?
823 3446 984 3516 Atqui
1037 3449 1389 3505 manifestum
1422 3459 1505 3505 est
1542 3450 1894 3521 Unigenilum
1928 3463 1986 3507 ut
2029 3454 2169 3510 lucis

590 3538 966 3609 indigentibus
1005 3541 1300 3597 illuxisse:
1352 3544 1523 3613 Igitur
1586 3544 1701 3613 ipse
1763 3560 1906 3600 unus
1951 3554 2035 3601 est
2076 3548 2168 3601 lux

593 3645 747 3697 vera,
774 3647 892 3686 eam
926 3640 1109 3687 autem
1143 3633 1212 3688 ab
1243 3634 1362 3703 ipso
1398 3643 1653 3689 creatura
1684 3638 2044 3706 consequitur
2073 3653 2169 3707 per

592 3722 845 3793 gratiam.
899 3724 1055 3790 Quod
1093 3725 1140 3780 si
1171 3728 1246 3780 ita
1294 3737 1401 3793 est,
1448 3730 1724 3798 quomodo
1775 3729 2023 3799 ejusdem
2062 3732 2171 3785 erit

592 3829 717 3869 cum
751 3815 871 3885 ipso
904 3817 1157 3871 naturae?

665 4073 899 4133 ALIUD.
952 4078 1292 4134 Psaltnista:
1332 4097 1351 4130 ι
1384 4079 1605 4145 Beatus,
1644 4100 1662 4131 ι
1702 4082 1904 4152 inquit,
1934 4100 1953 4134 ‹
1992 4098 2170 4154 popu-

595 4161 684 4216 Ius
720 4164 813 4233 qui
840 4163 1378 4234 scitjubilationem:
1407 4165 1952 4229 Domine.inlumine
1987 4172 2169 4225 vultus

592 4253 673 4307 tui
708 4255 1066 4310 ambulabunt
1106 4255 1174 4310 “.
1216 4274 1235 4307 ι
1273 4256 1473 4323 Quidni
1509 4258 1692 4327 potius
1730 4259 1834 4329 ipsi
1873 4260 1927 4314 in
1956 4276 2058 4315 suo
2088 4260 2173 4315 Iu-

596 4343 744 4398 mine
776 4345 1174 4399 ambulabunt?
1195 4354 1288 4400 aut
1314 4361 1437 4412 cur,
1470 4362 1679 4416 qua-so,
1708 4348 1926 4404 aliunde
1948 4358 2172 4419 accepta

596 4434 997 4491 illuminatioue
1030 4437 1131 4492 sibi
1161 4439 1248 4491 vix
1277 4439 1506 4493 salutem
1551 4440 1869 4501 conciliant.
1904 4441 1950 4496 si
1984 4456 2173 4510 reapse

596 4542 726 4581 vera
756 4536 883 4581 sunt
925 4529 1027 4597 ipsi
1070 4530 1178 4593 lux,
1218 4546 1327 4584 non
1363 4547 1527 4588 secus
1555 4547 1618 4587 ac
1645 4534 1735 4588 ille
1767 4531 1862 4588 Dei
1895 4549 1960 4588 ac
1995 4533 2173 4587 Patris
2206 4516 2249 4572 Ῑ)

600 4617 805 4683 vultus,
838 4618 943 4673 hoc
982 4630 1066 4675 est
1103 4620 1310 4677 Filius?
1361 4623 1525 4694 Atqui
1575 4626 1776 4680 nemini
1833 4626 2058 4681 dubium
2091 4633 2175 4680 est

602 4706 839 4763 Verbum
870 4722 1134 4767 creaturae
1178 4713 1637 4771 illuminationem
1683 4717 1891 4787 largiri,
1928 4726 1985 4770 ut
2034 4717 2175 4771 indi-

599 4802 772 4873 genti,
801 4802 942 4857 hanc
973 4814 1151 4860 autem
1190 4815 1414 4877 accepto
1446 4824 1511 4863 eo
1544 4810 1691 4879 quod
1721 4826 1831 4864 non
1861 4812 2045 4873 habet,
2075 4812 2177 4864 sal-

600 4895 740 4948 vari.
771 4894 1054 4961 Quomodo
1074 4914 1203 4969 ergo
1233 4900 1371 4954 idem
1399 4912 1561 4955 erunt
1588 4903 1771 4973 quoad
1804 4904 2174 4959 substantiam

602 4985 949 5058 Unigcnitus,
982 4998 1037 5044 et
1075 5006 1194 5059 quae
1218 5007 1314 5062 per
1345 4993 1527 5063 ipsum
1552 4993 1696 5050 facta
1731 4997 1897 5051 sunt?

672 5258 901 5316 ALIUD.
943 5261 1280 5321 Psalmista:
1345 5285 1364 5318 ι
1412 5266 1671 5324 Exortum
1718 5280 1801 5325 est
1834 5272 1889 5326 in
1937 5274 2181 5329 tenebris

607 5352 790 5407 lumen
821 5355 1006 5421 rectis,
1048 5375 1065 5406 ι
1120 5358 1297 5428 inquit
1348 5359 1413 5412 ".
1461 5359 1747 5426 Quomodo
1793 5364 1958 5427 enim,
1995 5380 2183 5434 quaeso

607 5454 679 5509 te,
713 5446 819 5500 erit
843 5456 1025 5503 rectus
1070 5449 1123 5502 in
1156 5450 1422 5514 tenebris,
1467 5467 1593 5506 cum
1624 5452 1694 5506 sit
1736 5453 1902 5508 etiam
1942 5455 2060 5525 ipse
2090 5456 2182 5511 lux

609 5549 760 5597 vera,
794 5540 1233 5607 quandoquidem
1260 5541 1326 5608 id
1358 5542 1523 5598 habet
1566 5558 1785 5613 quoque
1814 5559 1994 5600 rerum
2024 5563 2181 5602 crea-

611 5634 794 5682 tarum
826 5639 1022 5685 natura
1059 5647 1169 5687 non
1200 5647 1363 5689 secus
1395 5649 1460 5689 ac
1506 5632 1874 5706 Unigenitus?
1925 5639 2080 5706 Quod
2129 5643 2176 5698 si

686 5743 743 5823 ’ξ
773 5743 915 5823 Psai.
949 5763 1022 5811 IV,
1054 5748 1108 5823 7.
1186 5752 1230 5784 ⁸¹
1274 5750 1433 5806 Joan.
1504 5769 1614 5820 xxv,
1644 5756 1695 5812 9.
1774 5756 1816 5788 "
1858 5754 1999 5811 Psal.
2066 5774 2227 5823 XCVI,
2277 5759 2359 5811 II.

592 5806 667 5848 ν
705 5811 849 5872 Psal.
884 5833 969 5875 cxi
991 5806 1020 5886 ,⁷
1042 5806 1091 5873 t.

2269 3261 2431 3333 γενὴς
2455 3261 2514 3313 τὸ
2544 3259 2658 3329 ιρῶς
2687 3257 2748 3311 τὸ
2773 3255 3047 3327 ἀληθινὸν,
3074 3256 3368 3324 ἐνυπάρχει
3407 3257 3463 3308 δὲ
3504 3257 3597 3307 καὶ
3619 3257 3730 3316 τοῖς
3756 3270 3857 3322 γι-

2270 3356 2450 3426 νητοῖς
2486 3353 2546 3406 τὸ
2577 3353 2689 3405 ἴσον
2719 3348 2954 3418 ἀξίωμα,
2994 3346 3047 3399 τί
3091 3345 3168 3417 μὴ
3200 3344 3280 3415 τῷ
3317 3346 3499 3414 οἰκείῳ
3540 3343 3855 3406 διεσώζοντο

2271 3446 2410 3517 φωτὶ
2468 3445 2517 3497 οἱ
2574 3442 2702 3512 περὶ
2744 3434 2818 3493 ῶν
2869 3442 2898 3492 6
2939 3439 3127 3507 λόγος,
3188 3438 3525 3510 προσθήκαις
3568 3436 3626 3489 δὲ
3666 3437 3854 3506 ῶσπερ

2270 3532 2551 3603 ἀλλοτρίου
2613 3530 2710 3583 καὶ
2746 3528 2848 3581 οὐκ
2892 3528 3189 3596 ἀναγκαίου
3228 3527 3406 3597 φωτὸς
3451 3525 3856 3594 ὲφοδιαζόμενοι

2271 3626 2585 3697 φαίνονται;
2638 3620 2775 3674 Ἀλλ’
2831 3618 2947 3672 ἐστι
2998 3618 3176 3687 δῆλον,
3236 3618 3312 3681 ὡς
3358 3617 3629 3687 δεομένοις
3678 3616 3855 3683 φωτὸς

2270 3716 2582 3787 ἐπέλαμψεν
2614 3716 2641 3766 6
2672 3713 3020 3781 Μονογενήςο
3049 3709 3244 3763 οὐκοῦν
3283 3708 3443 3770 αὐτὸς
3489 3712 3586 3778 μὲν
3632 3708 3726 3760 καὶ
3758 3706 3857 3776 μό⁴

2271 3827 2360 3872 νος
2381 3809 2442 3861 τὸ
2472 3807 2586 3875 φῶς
2611 3808 2728 3858 ἐστι
2757 3803 2817 3856 τὸ
2846 3801 3117 3871 ἀληθινὸν,
3144 3800 3442 3864 δανείζεται
3462 3799 3517 3851 δὲ
3541 3797 3670 3867 παρ’
3692 3795 3855 3850 αὐτοῦ

2271 3899 2369 3970 τὴν
2396 3898 2553 3967 χάριν
2598 3896 2632 3965 ἡ
2673 3892 2872 3955 κτίσις.
2906 3892 2970 3944 Εἰ
3004 3890 3060 3943 δὲ
3088 3889 3264 3952 τοῦτο,
3306 3888 3422 3953 πῶς
3458 3890 3522 3943 ἂν
3550 3888 3634 3959 εἴη
3673 3887 3858 3941 λοιπὸν

2273 3991 2368 4044 καὶ
2395 3987 2643 4059 ὁμοφυὴς
2677 3984 2827 4054 αὐτῷ
2850 4002 2863 4050 ;

2341 4081 2542 4134 AAAO.
2578 4079 2637 4131 '0
2670 4075 3010 4146 Ψαλμῳδός·
3060 4092 3078 4125 ι
3124 4071 3429 4143 Μακάριος,
3484 4090 3501 4124 ι
3545 4072 3732 4141 φησὶν,
3767 4091 3785 4121 ι
3830 4074 3859 4125 6

2273 4174 2399 4237 λαὸς
2433 4174 2463 4224 6
2486 4169 2767 4240 γινώσκων
2793 4167 3127 4237 ἀλαλαγμόν·
3152 4163 3345 4237 Κύριε,
3381 4167 3438 4217 ὲν
3485 4163 3563 4234 τῷ
3586 4164 3725 4232 φωτὶ
3762 4162 3859 4215 τοῦ

2275 4264 2567 4335 προσώπου
2610 4278 2703 4314 σου
2737 4260 3112 4332 πορεύσονται.
3145 4276 3163 4307 ι
3189 4253 3339 4309 Διατί
3366 4254 3441 4326 μὴ
3470 4254 3667 4325 μᾶλλον
3696 4254 3754 4308 ὲν
3780 4252 3862 4324 τῷ

2278 4361 2393 4431 ἰδίῳ
2422 4359 2516 4412 καὶ
2544 4359 2697 4411 αὐτοὶ
2737 4354 3041 4426 βαδιοῦνται
3065 4350 3238 4420 φωτίς
3278 4350 3330 4401 τί
3374 4349 3453 4413 δὲ,
3480 4348 3600 4400 εἰπέ
3633 4364 3744 4418 μοι,
3770 4346 3862 4398 τὸν

2277 4455 2405 4523 παρ’
2446 4451 2632 4523 ἐτέρου
2691 4449 3038 4515 συλλέγοντες
3086 4442 3400 4514 φωτισμὸν,
3456 4442 3607 4510 μόλις
3650 4440 3864 4501 ἑαυτοῖς

2278 4544 2604 4617 κατορθοῦσι
2632 4542 2728 4613 τὴν
2758 4538 3052 4609 σωτηρίαν,
3096 4536 3252 4604 εἴπερ
3284 4532 3455 4595 ὅντως
3494 4532 3602 4584 εἰσὶ
3630 4532 3725 4584 καὶ
3759 4530 3861 4583 αὺ-

2279 4640 2361 4693 τοὶ
2401 4638 2544 4692 κατὰ
2582 4635 2837 4704 ἀλήθειαν
2871 4629 3007 4698 φῶς,
3057 4627 3245 4697 ὥσπερ
3290 4621 3386 4679 οὖν
3432 4624 3648 4695 ἀμέλει,
3680 4622 3865 4676 καὶτὸ

2279 4731 2568 4801 πρόσωπον
2616 4724 2708 4778 τοῦ
2768 4721 2903 4776 Θεοῦ
2986 4720 3081 4774 καὶ
3136 4718 3372 4789 Πατρὸς,
3420 4716 3561 4770 τοῦτ’
3614 4716 3778 4778 ἔστιν,
3834 4717 3867 4766 6

2280 4822 2438 4883 Υἱός;
2482 4817 2596 4871 ἀλλ’
2645 4816 2812 4875 ἔστιν,
2841 4809 3019 4881 οἶμαι,
3054 4809 3216 4862 παντί
3271 4825 3348 4878 τῳ
3401 4806 3730 4875 καταφανὲς,
3783 4804 3863 4855 ὅτι

2283 4911 2508 4982 χορηγεῖ
2563 4906 2660 4977 μὲν
2698 4907 2726 4958 ὁ
2751 4903 2921 4970 Λόγος
2952 4900 3027 4963 ὡς
3066 4898 3294 4969 δεομένῃ
3331 4899 3396 4967 τῇ
3433 4895 3606 4949 κτίσει
3633 4894 3723 4947 τὸν
3753 4912 3864 4962 φω-

2285 5001 2555 5072 τισμὸν,ἡ
2592 4997 2649 5050 δὲ
2687 4997 2821 5065 ὅπερ
2850 4994 2951 5047 οὐκ
3003 4991 3116 5062 ἔχει
3160 4988 3398 5043 λαϐοῦσα
3447 4986 3701 5051 σώζεται.
3744 4985 3866 5046 Πῶς

2286 5091 2379 5149 οὖν
2418 5092 2499 5146 ἔτι
2541 5087 2731 5144 ταυτὸν
2761 5088 2839 5162 είς
2881 5083 3071 5137 οὐσίαν
3116 5084 3144 5135 6
3178 5080 3505 5151 Μονογενὴς,
3554 5081 3648 5133 καὶ.
3694 5079 3762 5132 τὲ
3798 5078 3863 5130 δι’

2289 5186 2451 5242 αὑτοῦ
2488 5182 2746 5251 γεγονότα
2772 5196 2786 5243 ;

2358 5277 2557 5330 AAAO.
2599 5274 2657 5328 Ὀ
2704 5265 3007 5340 Ψαλμῳδός
3046 5282 3058 5295 ·
3104 5286 3126 5317 ι
3164 5265 3531 5330 Ἐξανέτειλεν
3575 5266 3631 5317 ἐν
3688 5263 3867 5316 σκότει

2290 5368 2414 5438 φῶς
2432 5368 2544 5429 τοῖς
2566 5364 2769 5423 εὺθὲσι,
2809 5381 2826 5411 ι
2862 5359 3047 5430 φησίν.
3094 5358 3217 5421 Πῶς
3246 5358 3354 5427 γὰρ
3379 5356 3518 5421 ὅλως
3551 5351 3618 5426 ἦν
3643 5356 3671 5408 6
3710 5353 3868 5415 εὐθὺς

2288 5464 2346 5513 ἐν
2374 5461 2553 5513 σκότει
2579 5456 2697 5525 φῶς
2715 5454 2976 5523 ὑπάρχων
3000 5450 3092 5503 καῖ¹
3120 5449 3281 5512 αὐτὸς
3321 5449 3382 5501 τὸ
3410 5446 3682 5516 ἀληθινὸν,
3712 5446 3873 5527 εἰπερ

2287 5551 2399 5622 ἔχει
2430 5549 2586 5603 τοῦτο
2615 5545 2709 5598 καὶ
2740 5542 2848 5595 τῶν
2877 5538 3122 5611 γενητῶν
3154 5541 3187 5610 ἡ
3217 5537 3399 5606 φύσις,
3427 5536 3618 5605 ὥσπερ
3641 5535 3671 5586 6
3703 5534 3869 5586 Μονο-

2284 5645 2477 5715 γενής;
2535 5640 2599 5694 Εἰ
2650 5636 2706 5690 δὲ
2748 5635 2847 5689 οὐκ
2899 5632 3078 5703 ἔχουσι
3124 5633 3236 5695 τοῖς
3276 5629 3456 5683 εὑθέσι
3496 5627 3558 5680 τὺ
3588 5626 3703 5696 φῶς
3731 5626 3866 5678 ἀπο-

2440 5757 2483 5789 ³³
2525 5754 2671 5811 Psal.
2729 5763 2901 5812 σιιιι,
2961 5746 3013 5801 4.
3092 5745 3137 5777 ³⁵
3205 5742 3352 5797 PsaI.
3412 5752 3694 5803 Lxxxvut,
3776 5732 3864 5791 16·
