4168 6562
209 373 306 434 121

1245 385 1316 440 ΙΝ
1336 383 1620 442 JOANNIS
1657 385 2102 444 EVANGELIUM
2132 390 2261 446 LIB.
2305 391 2346 446 1.

3371 388 3477 447 12°.

216 499 518 564 στέλλεται,
557 500 764 557 πολλῶν
790 503 921 574 ἡμῖν
952 505 1012 558 οὐ
1045 505 1221 575 δεήσει
1261 507 1459 576 λόγωνο
1512 509 1650 579 αὐτὴ
1688 508 1795 578 γὰρ

1910 515 2082 566 littnen
2117 513 2280 566 rectis
2309 511 2564 574 mittitur,
2597 517 2857 578 tanquam
2899 505 3001 576 71
3037 519 3102 560 ea
3136 505 3475 572 carentibus,

216 590 249 655 ἡ
279 589 388 646 τῶν
419 593 762 662 πραγμάτων
804 593 1093 665 ἀναϐοήσει
1139 595 1318 665 φύσις,
1350 598 1426 662 ὡς
1467 598 1567 651 ούκ
1601 599 1666 653 ἂν
1708 599 1792 669 εἴη
1835 633 1844 644 .

1898 618 2007 657 non
2044 602 2233 658 multis
2259 600 2440 655 verbis
2470 598 2629 654 nobis
2665 612 2803 668 opus
2826 605 2912 653 est
2943 615 2957 651 ι
3004 597 3126 665 ipsa
3155 596 3356 665 quippe
3387 612 3476 652 re-

213 683 407 736 ταυτὸν
435 685 517 744 είς
546 683 733 738 οὐσίαν
759 683 837 754 τῷ
865 683 1054 754 τελείῳ
1082 686 1144 740 τὸ
1186 687 1414 752 ἐπιδεὲς,
1449 687 1528 758 τῷ
1558 687 1797 760 δεομένῳ

1910 710 2018 749 rum
2049 701 2246 748 natura
2301 691 2558 747 clamabit
2612 705 2719 744 non
2755 705 2882 744 esse
2931 687 3074 744 idem
3114 686 3298 757 quoad
3347 687 3479 743 sub-

216 773 278 825 τδ
317 773 585 845 χορηγοῦν
617 777 682 828 ἐκ
709 775 1072 847 πλεονασμοῦ.

289 953 491 1007 ΑΛΔΟ.
529 973 549 1005 ι
576 954 837 1020 Φωτίζου,
866 956 1515 1032 φωτίζου,’1ερουσαλὴμ,
1543 962 1668 1033 ἥκει
1689 962 1800 1035 γάρ

221 1062 316 1097 σου
345 1045 408 1097 τὸ
432 1047 566 1115 φῶς,
595 1047 689 1100 καὶ
713 1047 746 1117 ἡ
774 1047 900 1114 δόξα
929 1050 1136 1121 Κυρίου
1167 1051 1262 1105 ἐπὶ
1283 1052 1344 1105 σὲ
1368 1054 1748 1111 ἀνατέταλκεν.
1774 1075 1793 1108 ι

220 1135 284 1188 Et
328 1136 428 1207 μὲν
471 1135 683 1191 οἴκοθεν
725 1138 838 1208 ἔχει
871 1141 932 1193 τὸ
957 1140 1073 1208 φῶς
1111 1145 1144 1212 ὴ
1193 1143 1302 1196 τῶν
1347 1147 1590 1216 γενητῶν
1618 1146 1799 1216 φύσις,

220 1229 315 1281 καὶ
341 1226 500 1282 τοῦτό
531 1231 647 1282 ἐστι
676 1229 900 1302 κυρίως,
937 1231 1074 1304 ὅπερ
1106 1228 1246 1286 εἷναί
1285 1252 1466 1306 φαμεν
1505 1237 1598 1291 τὸν
1625 1241 1800 1294 Μονο-

221 1322 353 1392 γενῆ
385 1321 528 1376 κατὰ
557 1339 622 1391 γε
661 1323 724 1376 τὸ
761 1319 901 1379 εἶναι
932 1325 1050 1394 φῶς
1082 1326 1354 1397 ἀληθινὸν,
1395 1329 1512 1394 πῶς
1543 1332 1610 1385 ἂν
1635 1332 1800 1405 δεηθῇ

219 1414 315 1468 τοῦ
362 1413 688 1485 φωτίζοντος
735 1418 898 1472 αὐτὸν
947 1417 1056 1491 [ίσ.
1085 1419 1276 1492 αὐτὴν]
1322 1423 1356 1493 η
1407 1422 1802 1497 Ἱερουσαλήμ;

233 1507 451 1578 Ἐπειδὴ
482 1507 539 1561 δὲ
568 1508 644 1574 ὡς
687 1509 746 1563 ὲν
775 1509 999 1581 χάριτος
1029 1509 1184 1583 μέρει
1216 1513 1277 1566 τὸ
1304 1514 1632 1582 φωτίζεσθαι
1661 1517 1803 1589 λαμ-

223 1600 396 1666 ϐάνει,
438 1601 596 1672 μόνος
622 1601 734 1674 ἄρα
769 1603 832 1655 τὸ
869 1602 986 1672 φῶς
1014 1602 1076 1658 τὸ
1101 1603 1352 1676 ἀληθινὸν
1375 1609 1404 1660 6
1430 1607 1560 1672 Υἱὸς
1583 1609 1612 1661 6
1641 1612 1806 1680 φωτί-

224 1689 333 1754 ζων
361 1691 552 1761 αὐτὴν,
599 1693 694 1746 καὶ
735 1693 874 1763 ὅπερ
903 1695 1004 1748 οὐκ
1035 1693 1149 1766 ἔχει
1185 1694 1380 1761 διδούς.
1422 1693 1487 1751 El
1529 1698 1585 1751 δὲ
1625 1699 1802 1767 τοῦτο,

225 1783 344 1847 πῶς
393 1785 454 1838 ού
499 1783 720 1849 πάντως.
760 1787 856 1840 καὶ
900 1785 1086 1859 ἕτερος
1137 1787 1279 1842 κατὰ
1323 1788 1520 1859 φύσιν,
1559 1791 1636 1856 ὡς
1668 1795 1807 1864 πρὸς

227 1876 389 1930 αὐτόν
408 1894 423 1941 ;

297 1967 503 2020 ΑΛΛυ.
550 1985 569 2018 ι
609 1967 739 2020 Ἰδοὺ
767 1967 974 2021 δέδωκά
1000 1985 1060 2021 σε
1086 1969 1166 2032 είς
1192 1968 1455 2042 διαθήκην
1484 1970 1696 2039 γένους,
1724 1973 1804 2036 είς

229 2060 346 2128 φῶς
369 2057 558 2114 ἐθνῶν.
590 2077 608 2110 ι
648 2058 773 2122 Πῶς
803 2058 912 2130 γὰρ
939 2059 1076 2122 ὅλως
1103 2060 1295 2132 ἐδεήθη
1321 2062 1498 2131 φωτὸς
1523 2065 1556 2135 η
1585 2064 1677 2116 ἐπὶ
1702 2064 1806 2133 γῆς

225 2145 356 2203 οὖσα
382 2149 573 2222 λογικὴ
609 2151 818 2216 κτίσις,
865 2151 1025 2223 εἴπερ
1057 2152 1175 2205 ἐστὶ
1206 2154 1347 2207 κατὰ
1376 2155 1542 2223 φύσιν
1570 2156 1706 2227 αὐτῇ
1746 2157 1806 2209 τὸ

224 2235 363 2294 εἶναι
392 2239 509 2310 φῶς
534 2241 592 2294 τὺ
626 2240 911 2311 ἀληθινόν;
959 2243 1046 2307 Ὠς
1085 2245 1192 2315 γὰρ
1218 2245 1319 2298 ούκ
1348 2247 1547 2320 ἐχούσῃ
1590 2249 1690 2319 ἤδη
1725 2247 1804 2301 δί-

223 2332 385 2385 δωσιν
427 2336 456 2386 ὁ
488 2333 620 2399 Θεὸς
645 2336 738 2388 καὶ⁵
754 2335 942 2408 Πατὴρ
963 2336 1056 2390 τὸν
1077 2336 1205 2390 ἴδιον
1228 2337 1376 2392 Υίόνο
1420 2341 1453 2410 ἡ
1478 2340 1533 2393 δὲ
1553 2341 1693 2394 οὕτω
1712 2342 1808 2394 λα·

224 2423 393 2477 ϐοὖσα
428 2424 495 2478 δι’
532 2426 696 2479 αὑτοῦ
726 2427 911 2497 βοήσει
951 2427 1047 2482 τοῦ
1082 2430 1427 2500 πράγματος,
1472 2433 1694 2503 καὶτῆς
1724 2436 1803 2486 oio

225 2515 379 2579 κείας
412 2516 626 2584 φύσεως
660 2519 758 2589 τὴν
791 2521 1004 2583 πενίαν,
1039 2523 1130 2574 καὶ
1156 2522 1246 2576 τοῦ
1277 2523 1599 2592 φωτίζοντος
1631 2525 1804 2593 Λόγου

224 2608 286 2660 τὸ
321 2607 572 2662 πλούσιον
603 2610 839 2681 ἀξίωμα.

295 2703 496 2756 ΑΛΛΟ.
547 2725 564 2756 ι
597 2705 707 2758 Καὶ
723 2705 817 2758 νῦν
839 2708 866 2759 ὁ
887 2702 1032 2770 οἶκος
1059 2707 1152 2761 τοῦ
1190 2708 1401 2772 Ἰακὼϐ,
1427 2709 1579 2762 δεῦτε
1609 2727 1808 2781 πορευ-

227 2791 412 2862 θῶμεν
443 2794 520 2864 τῷ
551 2796 690 2864 φωτὶ
738 2795 964 2867 Κυρίου.
996 2817 1015 2850 ι
1071 2797 1172 2851 Διὰ
1203 2799 1254 2851 τί
1290 2802 1384 2852 καὶ
1424 2793 1568 2852 οὗτοι
1619 2803 1695 2870 μὴ
1728 2801 1807 2871 τῷ

227 2884 412 2954 οἰκείῳ
443 2885 762 2957 πορεύονται
804 2888 962 2956 φωτὶ,
1003 2887 1252 2958 δᾳδουχεῖ
1285 2889 1340 2942 δὲ
1370 2892 1551 2952 αὐτοῖς
1577 2892 1604 2942 6
1632 2893 1807 2945 Μονο-

227 2977 391 3044 γενὴς
425 2977 484 3030 τδ
531 2977 660 3031 ἴδιον
705 2977 870 3032 αὑτοῦ
912 2979 1012 3049 τῆς
1061 2981 1247 3045 οὐσίας
1293 2983 1521 3046 ἐντιθεὶς
1566 2984 1804 3051 ἀγαθόνς

240 3069 378 3120 Ἀλλ’
413 3070 475 3122 ού
523 3069 600 3139 τῷ
631 3069 814 3140 οίκείῳ
846 3069 1215 3142 θαρρήσαντες
1249 3073 1584 3138 δανείζονται
1618 3075 1678 3128 τὸ
1708 3075 1806 3128 ἁλ-

1899 785 2158 839 stantiam
2186 799 2310 838 cum
2365 782 2609 853 perfecto
2639 781 2694 835 id
2741 780 2886 850 quod
2924 786 3069 852 eget,
3130 793 3309 849 neque
3353 793 3477 833 cum

1901 878 2092 946 indigo
2124 876 2174 930 id
2209 874 2358 946 quod
2389 873 2592 928 aﬂ'atim
2625 873 2877 944 largitur.

1971 965 2204 1023 ALIUD.
2263 986 2281 1018 ι
2333 966 2683 1030 lllumiuare,
2732 964 3066 1030 illuminare,
3105 963 3411 1020 Jerusalem
3461 982 3502 1017 :.

1901 1061 2054 1115 venit
2108 1061 2254 1116 enim
2290 1060 2476 1114 lumen
2512 1068 2688 1120 tuum,
2733 1067 2787 1111 et
2833 1057 3006 1128 gloria
3048 1055 3259 1110 Domini
3310 1071 3480 1124 super

1903 1163 1957 1210 te
1986 1165 2105 1210 orta
2131 1163 2215 1211 est
2238 1154 2304 1209 ⁵⁸.
2342 1173 2361 1206 ι
2393 1153 2466 1206 At
2497 1152 2544 1207 si
2576 1165 2684 1206 ase
2711 1151 2895 1204 lumen
2928 1149 3091 1204 habet
3117 1165 3297 1204 rerum
3321 1164 3478 1203 crea-

1905 1255 2086 1301 tarum
2125 1254 2350 1310 natura,
2392 1254 2557 1314 atque
2605 1243 2657 1298 id
2691 1243 2913 1313 proprie
2951 1249 3066 1307 est,
3098 1239 3243 1310 quod
3278 1238 3480 1310 Unige-

1903 1341 2080 1395 nitum
2113 1355 2238 1396 esse
2272 1339 2546 1404 dicimus,
2581 1338 2844 1393 nimirum
2877 1338 2966 1390 lux
3017 1350 3168 1398 vera,
3204 1333 3480 1404 quomodo

1906 1429 2032 1486 luce
2071 1429 2337 1500 indigebit
2387 1426 2688 1484 Jerusalem
2722 1443 2752 1481 a
2779 1442 2890 1496 qua
2938 1422 3317 1480 illuminctur?
3341 1421 3479 1476 Cum

1906 1529 2087 1575 autem
2146 1522 2329 1590 gratiae
2361 1520 2482 1574 loco
2518 1519 2982 1573 illuminationem
3014 1516 3281 1587 accipiat,
3327 1513 3480 1568 solus

1905 1627 2040 1682 ergo
2069 1629 2197 1667 vera
2228 1614 2320 1667 lux
2357 1621 2442 1669 est
2477 1611 2650 1667 Filius
2688 1611 2778 1683 qui
2816 1609 3117 1665 Jerusalem
3170 1607 3480 1668 illuminat,

1906 1703 2068 1772 eique
2113 1703 2287 1757 lucem
2331 1719 2438 1772 qua
2480 1710 2631 1756 caret
2677 1700 2938 1770 impertit.
2981 1697 3137 1764 Quod
3199 1697 3244 1751 si
3292 1710 3481 1751 verum

1907 1805 2021 1861 est,
2061 1799 2155 1866 qui
2191 1797 2305 1850 ﬁeri
2343 1803 2530 1866 potest
2569 1805 2626 1848 ιιι
2687 1810 2794 1849 non
2833 1795 2906 1848 sit
2950 1793 3204 1848 diversus
3253 1790 3322 1845 ab
3363 1791 3484 1860 ipso

1909 1890 2214 1946 secundum
2247 1889 2542 1944 naturam?

1980 1980 2211 2037 ALIUD.
2243 1999 2261 2032 ι
2297 1981 2436 2036 Ecce
2471 1980 2594 2034 dedi
2631 1991 2683 2035 te
2711 1981 2768 2034 in
2811 1984 3206 2034 testamentum
3243 1973 3482 2045 generis.

1909 2075 1962 2127 in
1997 2075 2174 2128 lucem
2207 2073 2448 2144 gentium
2481 2073 2547 2125 ⁵⁷.
2589 2091 2606 2122 ι
2644 2069 2932 2137 Quomodo
2961 2068 3133 2131 enim,
3161 2081 3365 2136 qua-so,
3397 2065 3484 2117 lu-

1907 2167 1988 2222 cis
2019 2165 2256 2235 indiguit
2303 2165 2586 2219 rationalis
2618 2165 2681 2216 ac
2706 2171 2927 2217 terrena
2962 2169 3238 2221 creatura,
3274 2158 3320 2212 si
3357 2156 3486 2226 qui-

1907 2260 2029 2313 dem
2063 2260 2153 2312 lux
2179 2273 2304 2313 vera
2339 2265 2424 2312 est
2454 2273 2548 2326 per
2585 2255 2885 2309 naturam?
2911 2254 2970 2307 Εἰ
3013 2252 3217 2322 quippe
3248 2249 3394 2304 Deus
3421 2261 3485 2300 ac

1910 2352 2070 2406 Pater
2107 2365 2205 2404 ceu
2243 2365 2352 2404 non
2395 2347 2617 2402 habenti
2651 2361 2812 2400 suum
2849 2344 2942 2398 dat
2991 2343 3212 2398 Filium.
3246 2341 3366 2407 Quo
3409 2339 3484 2392 ita

1909 2452 2186 2513 suscepto,
2230 2442 2350 2511 ipso
2390 2438 2536 2493 facto
2578 2435 2841 2507 prmdicat
2877 2445 2930 2490 et
2983 2450 3097 2488 sua:
3133 2441 3345 2486 natura:
3385 2443 3484 2500 pe-

1909 2536 2156 2598 muriam,
2211 2542 2264 2588 et
2327 2516 2696 2586 illumina'ntis
2767 2526 2929 2582 Verbi
2991 2523 3482 2596 locupletissimam

1908 2627 2253 2698 dignitatem.

1977 2716 2210 2772 ALIUD.
2245 2735 2262 2768 ι
2307 2714 2372 2768 Et
2405 2730 2576 2780 nunc,
2609 2715 2806 2768 domus
2841 2706 3259 2771 Jacob,‘Venite,
3293 2703 3488 2756 ambu-

1909 2809 2084 2864 lemus
2109 2807 2166 2860 iu
2185 2808 2308 2862 luce
2331 2805 2542 2860 Domini
2560 2805 2625 2858 ⁵⁸.
2654 2824 2671 2854 ι
2691 2801 2894 2868 Quidni
2920 2815 3018 2853 sua
3043 2799 3166 2852 luce
3193 2796 3245 2850 hi
3270 2809 3490 2865 quoque

1910 2901 2213 2962 ambulant,
2257 2898 2350 2954 sed
2389 2913 2485 2954 eos
2533 2897 2771 2951 illustrat
2801 2892 3147 2964 Unigenitus,
3203 2888 3486 2958 propriqu

1909 2992 2163 3047 essentia!
2190 3007 2303 3046 sua:
2329 2989 2529 3044 bonum
2565 2987 2704 3059 ipsis
2737 2982 3034 3040 inserens?
3065 2985 3133 3034 At
3167 2979 3489 3049 quicunque

1911 3099 2012 3139 suo
2036 3083 2353 3145 confidunt,
2385 3081 2625 3135 alienum
2671 3093 2780 3132 non
2817 3074 3138 3146 quarritant.
3171 3069 3323 3126 Istud
3351 3084 3488 3140 ergo

225 3158 455 3229 λάτριον.
514 3161 602 3222 Ὠς
642 3160 742 3212 οὐκ
790 3160 1006 3232 ἔχοντες
1054 3163 1183 3234 ἄρα,
1225 3163 1381 3217 τοῦτο
1436 3169 1608 3218 ποιεῖν
1641 3167 1807 3234 ἐγνώ-

1912 3174 2150 3239 faciunt,
2185 3173 2343 3244 quasi
2366 3187 2476 3226 non
2512 3170 2807 3224 habentes.

224 3267 406 3306 κασιν.

293 3338 496 3392 ΑΛΛΟ.
536 3339 594 3392 Ὀ
617 3340 835 3413 Σωτήρ*
868 3361 885 3393 ι
907 3340 1048 3411 Ἑγώ
1070 3345 1184 3414 είμι
1203 3343 1262 3396 τὸ
1289 3343 1402 3414 φῶς
1422 3345 1514 3397 τοῦ
1540 3347 1764 3417 κόσμου,
1781 3367 1798 3400 ι

225 3428 390 3498 φησίν
410 3447 423 3461 ·
459 3447 477 3480 ι
517 3431 544 3482 6
567 3431 872 3485 ἀκολουθῶν
908 3434 1051 3503 ἐμοὶ,
1082 3434 1144 3486 ού
1179 3433 1254 3504 μὴ
1278 3437 1627 3509 περιπατήσῃ
1651 3440 1708 3492 ὲν
1734 3441 1802 3510 τῇ

227 3521 437 3593 σκοτίᾳ,
467 3522 580 3576 ἀλλ’
607 3523 718 3588 ’ἐξει
762 3523 820 3577 τὺ
865 3523 980 3594 φῶς
1016 3526 1117 3596 τῆς
1160 3525 1327 3596 ζωῆς.
1359 3547 1379 3579 ι
1422 3527 1806 3600 ’Ἀποτολμάτω

227 3612 322 3664 καὶ
372 3613 406 3682 ή
458 3613 635 3676 κτίσις
683 3613 780 3683 τὴν
829 3613 1084 3685 τοιαύτην
1125 3615 1566 3685 ἀναφθέγξασθαι
1601 3619 1802 3691 φωνὴν,

227 3697 388 3768 εἴπερ
413 3700 530 3752 ἐστὶ
557 3702 650 3753 καὶ
673 3702 810 3773 αὑτὴ
843 3701 985 3756 κατὰ
1013 3703 1278 3774 ἀλήθειαν·
1299 3706 1415 3774 φῶς
1438 3722 1452 3737 ·
1501 3709 1549 3760 εί
1584 3707 1639 3761 δὲ
1668 3710 1805 3762 ἁπο-

227 3788 440 3860 φρίττει
467 3789 528 3842 τὸ
560 3791 732 3861 ῥῆμα,
767 3794 860 3846 καὶ
893 3795 954 3848 τὸ
987 3797 1218 3864 πρᾶγμα
1249 3796 1538 3866 φθέγξεται
1572 3799 1633 3852 τὸ
1673 3802 1800 3870 60.1;-

226 3879 370 3933 θινὸν
397 3880 774 3952 ὀμολογήσασα
788 3884 922 3953 φῶς,
954 3885 1096 3939 τοῦτ’
1126 3887 1262 3953 ἐστι,
1291 3889 1390 3942 τὸν·
1416 3890 1562 3943 Υίόν.

293 3972 498 4027 ΑΛΛΟ.
545 3991 564 4024 ι
600 3973 657 4027 '0
693 3974 928 4043 Κύριος,
975 3996 994 4026 ι
1024 3979 1166 4040 Ἕως
1205 3980 1266 4032 τὸ
1311 3981 1427 4050 φῶς
1477 3982 1661 4052 ἔχετε,
1717 4003 1808 4037 πι-

227 4061 448 4116 στεύετε
475 4065 557 4128 εις
581 4065 641 4118 τὸ
670 4066 806 4134 φῶς,
838 4068 924 4120 ἵνα
951 4069 1056 4121 υἱοὶ
1089 4071 1264 4138 φωτὸς
1292 4073 1545 4144 γένησθε,
1570 4094 1588 4126 ι
1618 4077 1804 4146 φησίν.

228 4154 376 4225 Ἀρα
405 4155 514 4227 γὰρ
543 4155 764 4225 ἔμελλον
805 4160 866 4211 ού
895 4159 1242 4225 πιστεύοντες
1273 4163 1532 4219 ἀπολέσαι
1573 4166 1634 4220 τὸ
1667 4168 1805 4236 φῶς,

224 4247 278 4300 ot
300 4249 416 4316 φῶς
439 4247 582 4301 κατὰ
609 4248 770 4317 φύσιν
795 4249 1152 4323 ὑπάρχοντεςο
1186 4255 1344 4328 εἴπερ
1371 4257 1510 4321 ὅλως
1533 4257 1809 4330 ἐνδέχεται

224 4336 326 4407 τὴν
357 4339 593 4410 γενητὴν
621 4341 809 4394 ούσίαν
837 4342 897 4395 τὸ
941 4343 1056 4414 φῶς
1089 4341 1231 4399 εἶναι
1275 4348 1337 4400 τὸ
1378 4349 1653 4419 ἀληθινόν.
1700 4353 1808 4406 Καὶ

227 4429 352 4494 πῶς
379 4430 445 4483 ἂν
472 4432 682 4500 γένοιτο
711 4434 868 4486 τοῦτό
896 4452 1024 4488 ποτε
1050 4455 1068 4502 ;
1108 4439 1183 4492 υὺ
1211 4443 1320 4510 γὰρ
1358 4441 1450 4493 ἐπὶ
1479 4441 1588 4496 τῶν
1615 4443 1810 4496 ούσιω-

1978 3348 2205 3405 ALIUD.
2255 3348 2525 3409 Salvator,
2561 3365 2580 3397 ι
2613 3345 2726 3416 Ego
2775 3360 2896 3399 sum
2935 3342 3031 3396 lux
3081 3338 3294 3400 mundi,
3334 3356 3352 3387 ι
3401 3337 3488 3390 ἰη-

1907 3444 2062 3514 quit;
2091 3462 2110 3494 ‹
2138 3442 2231 3512 qui
2274 3439 2524 3510 sequitur
2595 3455 2703 3506 nte,
2741 3453 2852 3492 non
2903 3432 3206 3488 ambulabit
3241 3430 3296 3484 in
3330 3437 3486 3483 tene—

1907 3535 2045 3598 bris,
2074 3534 2169 3589 sed
2204 3532 2426 3586 habebit
2451 3532 2634 3585 lumen
2667 3519 3261 3582 vitae".i.lstiusmodi
3297 3532 3487 3574 vocem

1907 3632 2160 3680 creatura
2191 3623 2455 3678 audacter
2481 3623 2715 3686 emittat,
2752 3622 2797 3676 si
2837 3628 2922 3674 est
2953 3616 3070 3688 ipsa
3101 3626 3324 3684 quoque
3359 3624 3489 3663 vera

1907 3717 2023 3772 lux.
2057 3714 2151 3769 Sin
2185 3723 2368 3770 autem
2413 3715 2468 3769 id
2505 3712 2754 3782 proferre
2798 3711 3153 3766 exhorrescat
3177 3744 3194 3770 ,
3246 3720 3332 3759 res
3371 3701 3489 3772 ipsa

1908 3805 2225 3876 prtedicabit
2257 3819 2442 3859 veram
2475 3804 2652 3858 lucem
2691 3816 2814 3857 esse
2837 3799 3059 3853 Filium.

1979 3982 2208 4040 ALIUD.
2244 4001 2263 4034 ι
2299 3981 2481 4036 Donec
2507 3982 2684 4036 lucem
2711 3977 2948 4040 habetis,
2974 3974 3180 4030 credite
3205 3972 3258 4026 in
3285 3972 3488 4031 lucem,

1913 4089 1970 4136 ut
1998 4077 2394 4136 liliilucissitis
2422 4075 2563 4142 '°°"°,
2591 4094 2610 4127 ι
2630 4073 2810 4145 inquit
2845 4071 3134 4126 Dominus.
3160 4068 3325 4124 Certe
3344 4065 3490 4120 enim

1911 4171 2088 4227 lucem
2129 4165 2389 4223 amissuri
2427 4171 2608 4226 erant,
2653 4164 2702 4218 si
2749 4177 2857 4217 non
2890 4159 3210 4220 crederent,
3268 4155 3363 4226 qui
3397 4153 3487 4206 lux

1911 4269 2040 4318 sunt
2071 4257 2372 4316 secundum
2407 4264 2694 4316 naturam,
2726 4254 2771 4307 si
2815 4252 2933 4307 ﬁeri
2972 4258 3152 4321 potest
3199 4257 3257 4301 ut
3295 4257 3488 4299 verum

1911 4355 2098 4408 lumen
2143 4352 2218 4407 sit
2263 4357 2450 4405 creata
2509 4346 2840 4402 substantia.
2898 4343 2967 4398 At
3023 4339 3304 4412 quomodo
3337 4331 3490 4391 istud

1912 4446 2029 4500 tieri
2058 4457 2298 4513 unquam
2337 4439 2559 4512 posset?
2579 4437 2924 4493 Privationes
2945 4434 3093 4490 enim
3118 4433 3172 4486 in
3202 4431 3272 4486 iis
3323 4427 3492 4484 rebus

227 4523 334 4588 δὼς
361 4525 672 4595 προσόντων
701 4526 842 4579 τισὶν
877 4529 935 4581 αί
969 4531 1254 4600 στερήσεις
1289 4533 1432 4587 κατὰ
1458 4533 1518 4586 τὸ
1548 4537 1807 4600 παντελὲς

1914 4553 2034 4609 quae
2078 4534 2522 4592 substantialiter
2569 4532 2764 4586 insunt
2821 4528 3101 4599 aliquibus
3153 4525 3385 4581 omnino
3423 4537 3493 4577 ex

230 4617 294 4668 ὲκ
327 4615 600 4687 ῥᾳθυμίας
626 4617 1034 4688 συμϐαίνουσιν,
1077 4621 1193 4675 ἀλλ’
1221 4624 1306 4691 ἐφ’
1332 4616 1408 4678 ὧν
1432 4623 1496 4678 ἆν
1520 4627 1556 4696 ἡ
1591 4626 1812 4697 θέλησις.

230 4705 329 4776 τὴν
360 4708 552 4779 κτῆσιν
585 4710 908 4779 ἐργάζηται,
954 4712 1050 4764 καὶ
1087 4713 1180 4766 ἐπὶ
1223 4714 1333 4769 τῶν
1373 4717 1474 4770 ὅσα.
1504 4718 1568 4790 δὴ
1601 4719 1812 4786 πέςευκε

232 4799 618 4866 προσγίνεσθαί
661 4817 760 4864 τε,
800 4804 894 4856 καὶ
929 4803 1285 4872 ἁπογίνεσθαι
1339 4810 1509 4880 χωρὶς
1560 4813 1660 4881 τῆς
1714 4809 1814 4865 τοῦ

231 4893 590 4961 ὑποκειμένου
623 4893 847 4964 φθορᾶς.
879 4890 1024 4950 Οἷονο
1059 4897 1274 4966 λογικὸς
1305 4902 1402 4970 μὲν
1429 4901 1570 4956 κατὰ
1599 4903 1759 4971 φύσιν
1783 4907 1812 4958 6

231 4984 536 5055 ἄνθρωπος,
569 4987 850 5056 ναυπηγὸς
880 4988 938 5040 δὲ
967 4989 1109 5042 κατὰ
1141 4989 1433 5062 θέλησιν,ἦ
1463 4994 1556 5047 καὶ
1575 4995 1812 5066 ἀσθενὴς

231 5075 291 5128 τὸ
317 5075 479 5145 σῶμα
507 5077 651 5129 κατὰ
683 5077 1048 5148 συμϐεϐηκός.
1093 5080 1320 5150 Ἀλογος
1353 5084 1451 5154 μὲν
1479 5080 1572 5138 οὖν
1615 5088 1715 5140 οὐκ
1743 5088 1810 5142 ἂν

231 5167 314 5237 εἴη
345 5167 641 5235 παντελῶς,
669 5168 770 5240 τὴν
793 5170 854 5223 δέ
879 5187 944 5238 γε
971 5174 1322 5244 ναυπηγικὴν
1350 5178 1644 5250 ἐμπειρίαν
1676 5181 1812 5234 ἁπο-

233 5259 397 5320 λὲσει,
432 5261 754 5333 ῥαθυμήσας
778 5264 968 5335 τυχὸν,
992 5265 1088 5319 καὶ
1119 5267 1182 5320 τὸ
1207 5269 1272 5321 ἐκ
1298 5269 1503 5334 πάθους
1533 5273 1812 5344 συμϐεϐη-

235 5353 332 5417 κὸς
360 5354 782 5425 ἀποκρούσεται,
822 5357 1141 5430 θεραπείαις
1184 5363 1327 5415 τισὶν
1358 5364 1452 5416 ἐπὶ
1493 5365 1555 5417 τὸ
1592 5365 1812 5434 ἄμεινον

233 5446 562 5516 ἀνατρέχων.
595 5448 806 5502 Οὐκοῦν
830 5449 904 5504 τὰ
927 5452 1200 5516 ούσιωὸῶς
1229 5455 1500 5524 προσόντα
1524 5458 1686 5520 τισὶν,
1723 5459 1812 5529 ip-

235 5536 541 5608 ῥιζωμένην
583 5538 694 5609 ἔχει
743 5541 842 5611 τὴν
892 5542 1074 5612 φύσιν.
1133 5543 1303 5617 Εἴπερ
1330 5543 1423 5600 οὖν
1465 5547 1600 5610 ὅλως
1639 5550 1672 5617 ἡ
1704 5547 1813 5601 τῶν

235 5630 477 5704 γενητῶν
520 5634 681 5703 φύσις
725 5636 788 5690 τὸ
838 5637 953 5706 φῶς
1000 5635 1141 5693 εἷναι
1177 5639 1399 5695 δύναται
1446 5641 1506 5694 τὸ
1546 5641 1816 5711 ἀληθινὸν,

1913 4629 2133 4701 pigritia
2188 4642 2298 4681 non
2347 4624 2712 4694 contingunt.
2749 4619 2846 4676 sed
2881 4620 2939 4676 in
2969 4618 3039 4674 iis
3085 4631 3323 4689 quarum
3362 4628 3494 4686 pos-

1910 4719 2088 4777 sessio
2143 4719 2432 4774 voluntate
2488 4715 2823 4788 aequiritur,
2880 4719 2936 4768 et
3003 4723 3350 4782 quaacunque
3420 4705 3494 4759 ita

1909 4818 2241 4882 comparatae
2292 4815 2455 4874 sunt,
2507 4814 2572 4862 ut
2648 4807 2845 4862 adesse
2919 4815 2975 4860 et
3035 4803 3232 4859 abesse
3293 4802 3496 4869 queant

1911 4904 2120 4974 absque
2150 4899 2384 4970 subjecti
2421 4901 2670 4955 interitu.
2701 4896 2949 4966 Exempli
2978 4895 3153 4967 gratia
3205 4911 3218 4948 :
3253 4891 3494 4945 rationa-

1913 4999 1981 5054 lis
2019 4997 2240 5068 quidem
2288 4996 2392 5065 72
2438 5001 2522 5049 est
2562 4994 2726 5048 homo
2768 5003 2966 5046 natura
2991 5031 3004 5054 ,
3065 4986 3362 5041 fabricator
3398 4996 3496 5036 na-

1917 5091 2065 5146 vium
2094 5089 2395 5153 voluntate,
2430 5099 2663 5157 oorpore
2703 5099 2870 5154 reger,
2901 5099 2965 5138 ex
2997 5075 3296 5134 accidenti.
3326 5071 3491 5143 Atqui

1919 5183 2038 5238 ﬁeri
2079 5196 2187 5236 non
2228 5187 2408 5250 potest
2451 5185 2511 5232 ut
2555 5179 2644 5234 ille
2705 5177 2779 5233 sit
2813 5170 3183 5235 irrationalis,
3245 5167 3338 5224 hic
3399 5181 3497 5221 au—

1920 5283 2028 5330 tem
2061 5273 2510 5330 fabricaudarum
2566 5272 2792 5328 navium
2826 5276 3002 5322 artem
3034 5262 3282 5326 amittet,
3326 5261 3496 5332 pigri-

1922 5367 1996 5420 tia
2025 5367 2290 5421 nimirum
2314 5405 2330 5429 ,
2357 5376 2412 5420 et
2441 5364 2618 5420 morbi
2662 5375 2854 5418 casum
2899 5356 3134 5427 depellet
3182 5356 3286 5411 iste
3340 5368 3496 5410 cura-

1923 5458 2091 5512 tione.
2126 5455 2317 5525 ltaque
2347 5471 2471 5526 quae
2502 5449 2949 5510 substantialiter
2976 5449 3165 5502 insunt
3193 5445 3498 5516 aliquibus,

1924 5549 2190 5605 radicitus
2223 5549 2448 5602 inﬁxam
2485 5547 2692 5600 habent
2723 5529 3006 5596 naturam.
3039 5537 3098 5592 Si
3141 5551 3274 5608 ergo
3315 5549 3498 5591 rerum

1928 5651 2238 5699 creatarum
2279 5650 2479 5696 natura
2529 5652 2658 5692 vera
2707 5636 2801 5689 lux
2838 5649 2962 5689 esse
2990 5638 3192 5704 potest,
3221 5627 3498 5700 quomodo

306 5809 354 5843 "
392 5809 496 5868 lsa.
530 5827 627 5878 ιι,
667 5816 710 5869 l.
788 5818 834 5849 ⁸⁷
865 5819 973 5874 lsa.
1007 5834 1155 5888 χιιι,
1186 5821 1236 5876 6.
1315 5824 1358 5856 δ’
1401 5821 1501 5880 lsa.
1539 5839 1610 5893 tt,
1643 5823 1695 5879 '5.
1774 5824 1815 5854 “
1846 5820 2002 5877 Joan.
2038 5837 2167 5888 vttt,
2205 5823 2288 5878 12.
2373 5820 2487 5852 ⁵⁰’τ⁰
2527 5815 2685 5873 Joan-
2718 5830 2835 5883 XII.
2869 5813 2956 5870 36-
