4168 6572
655 393 758 450 123

1634 386 1693 443 S.
1739 381 2011 440 CYlllLLl
2047 375 2518 434 ALEXANDRINI
2555 372 2873 431 ARCllIEP.

3798 355 3906 412 lu

652 518 832 570 lucem
886 514 1145 569 amittunt
1196 516 1289 584 qui
1329 513 1556 568 credere
1605 520 1887 570 recusant,
1946 515 2039 559 aut
2085 517 2223 570 quo-

2337 500 2443 562 πῶς
2474 496 2796 552 ἀπολλύουσι
2829 494 2890 546 τὸ
2920 491 3035 561 φῶς
3072 490 3122 543 οἱ
3152 486 3428 541 πιστεύειν
3456 484 3556 537 οὐκ
3596 480 3910 540 ἐθέλοντες,

654 606 817 659 modo
844 606 937 659 lilii
979 614 1108 659 sunt
1162 605 1305 658 lucis
1353 604 1388 657 ii
1421 602 1515 672 qui
1566 599 1828 656 credunt?
1854 597 2007 677 Nam.
2044 598 2090 651 si
2130 597 2220 649 lux

655 698 757 764 ipsi
791 712 1009 767 quoque
1047 706 1175 751 sunt
1212 711 1308 764 per
1364 704 1649 753 naturam,
1713 691 2046 761 suiipsorum
2090 703 2221 757 ergo

654 790 747 843 lilii
775 790 1132 843 vocabuntur.
1169 790 1426 855 Quaenam
1459 801 1590 856 ergo
1621 801 1832 840 merces
1858 785 1964 839 erit
1989 782 2219 837 creden-

654 880 1009 935 tibus?Suut
1043 882 1191 934 enim
1245 880 1584 949 suiipsorum
1644 880 1825 948 potius
1879 877 1999 939 lilii,
2053 879 2223 929 etiam.

659 975 761 1026 lide
798 990 907 1028 non
964 982 1244 1043 suscepta.
1303 972 1399 1027 His
1455 987 1583 1041 ergo
1637 971 1956 1025 rationibus
1989 969 2221 1023 veritate

655 1067 930 1131 discussa,
963 1066 1213 1119 dicemus
1256 1063 1611 1134 Unigenitum
1658 1065 1831 1115 solum
1877 1077 2003 1115 esse
2038 1075 2218 1114 veram

656 1158 1187 1221 luccm,creaturam
1220 1166 1401 1211 autem
1442 1156 1583 1210 lucis
1620 1156 1893 1225 indigam,
1927 1162 2095 1223 atque
2140 1152 2222 1205 id-

657 1251 810 1304 circo
839 1250 1068 1305 alterius
1100 1261 1330 1308 naturae.

728 1339 961 1395 ALIUD.
1009 1361 1026 1392 ι
1081 1340 1226 1393 Dixit
1267 1355 1394 1409 ergo
1422 1340 1530 1396 illis
1571 1338 1771 1395 Jesus:
1807 1337 1998 1394 Adhuc
2046 1338 2222 1392 modi-

661 1448 783 1487 cum
844 1433 1024 1486 lumen
1085 1432 1137 1484 in
1185 1432 1342 1485 vobis
1388 1440 1492 1495 est,
1544 1432 1820 1485 ambulate
1859 1432 1988 1485 dum
2042 1432 2220 1485 lucem

661 1522 912 1585 habetis,
946 1533 1005 1576 ut
1039 1537 1149 1577 non
1181 1537 1278 1577 vos
1319 1523 1555 1576 tenebrae
1590 1523 2154 1589 comprehendant".
2197 1542 2216 1575 ι

669 1615 882 1681 Quibus
912 1615 1074 1670 dictis
1097 1616 1362 1669 rationem
1395 1615 2059 1685 quampriusattulimus,
2088 1616 2224 1672 scite

658 1707 1112 1761 accommodabis.
1132 1706 1261 1772 Quae
1283 1706 1424 1763 enim
1456 1717 1540 1763 est
1566 1717 1762 1761 natura
1791 1708 1905 1774 lux,
1927 1725 1955 1762 a
1986 1709 2223 1764 tenebris

666 1813 777 1852 non
810 1799 1304 1868 comprehendetur
1332 1816 1594 1869 unquam.

728 1948 960 2005 ALIUD.
997 1948 1280 2006 Joannes:
1324 1969 1343 2004 ι
1378 1952 1481 2018 Qui
1523 1953 1657 2008 dicit
1684 1971 1743 2009 se
1774 1955 1827 2008 in
1861 1956 1985 2010 luce
2013 1974 2155 2021 esse,
2202 1978 2219 2010 ι

659 2038 865 2107 inquit,
895 2057 913 2088 ι
951 2046 1001 2093 et
1044 2038 1272 2094 fratrem
1333 2056 1492 2096 suum
1556 2044 1696 2105 odit,
1743 2046 1794 2098 iu
1846 2047 2089 2102 tenebris
2141 2056 2225 2103 est

662 2146 839 2199 usque
859 2132 1039 2185 adhuc
1060 2133 1129 2185 ⁷².
1164 2151 1181 2183 ι
1215 2131 1257 2186 Α
1285 2136 1569 2203 pr0posito
1607 2136 1777 2204 igitur
1808 2138 1897 2191 lux
1924 2147 2008 2192 est
2042 2140 2094 2193 in
2130 2156 2227 2195 no-

662 2221 771 2283 bis,
819 2229 874 2275 et
919 2223 1205 2277 voluntate
1238 2225 1424 2292 pelius
1474 2241 1638 2294 quam
1696 2228 2011 2283 substantia
2061 2232 2227 2285 rebus

662 2312 862 2367 creatis
910 2312 1074 2378 inest,
1110 2313 1155 2366 si
1191 2313 1285 2382 qui
1336 2312 1451 2367 odit
1486 2316 1714 2369 fratrem
1754 2316 1809 2369 in
1844 2319 2090 2374 tenebris
2120 2329 2227 2375 est.

663 2400 783 2455 Lux
824 2410 1008 2457 autem
1066 2405 1371 2459 secundum
1415 2406 1784 2461 substantiam
1818 2418 1902 2462 est
1965 2410 2232 2480 Unigeni-

664 2503 775 2557 tus,
805 2508 914 2547 non
939 2494 1083 2548 enim
1117 2495 1470 2548 arbitrariam
1505 2495 1670 2550 habet
1704 2497 1855 2550 illam
1882 2498 2226 2569 dignitatem.

666 2583 837 2653 Igitur
865 2601 1041 2655 neque
1075 2586 1323 2655 ejusdem
1361 2596 1443 2641 est
1474 2597 1685 2642 naturae
1709 2604 1833 2642 cum
1883 2591 2050 2646 rebus
2078 2606 2232 2647 crea-

666 2681 759 2740 tis,
787 2677 875 2745 qui
915 2685 1066 2731 tauto
1095 2692 1190 2731 eas
1216 2678 1502 2732 intervallo
1548 2690 1800 2748 superat.

733 2766 976 2832 ALlLTD,
1010 2768 1130 2821 huic
1167 2769 1334 2839 affine.
1374 2789 1390 2821 ι
1425 2769 1525 2834 Qui
1576 2769 1798 2825 fratrem
1834 2787 1995 2827 suum
2028 2772 2229 2843 diligit,

665 2856 721 2909 in
749 2857 870 2912 luce
911 2868 1092 2913 manet
1116 2861 1182 2913 ⁷³.
1223 2879 1240 2911 ι
1272 2860 1527 2916 Charitas
1559 2863 1834 2918 creaturis
1877 2880 1938 2919 ea
1966 2880 2088 2934 quae
2121 2881 2229 2919 non

2321 591 2354 660 ἢ
2382 590 2496 653 πῶς
2523 590 2589 642 ἂν
2613 589 2717 641 υἱοὶ
2739 585 2915 657 φωτὸς
2937 582 3198 651 γένωνται
3226 580 3276 633 οί
3303 575 3669 637 πιστεύοντες;
3708 570 3769 622 El
3790 569 3909 638 γάρ

2322 686 2429 735 εἰσι
2459 682 2551 735 καὶ
2572 680 2723 732 αὐτοὶ
2744 678 2885 732 κατὰ
2909 675 3068 744 φύσιν
3092 672 3150 725 τδ
3172 671 3306 741 φῶς,
3336 666 3540 722 ἑαυτῶν
3564 666 3667 735 ἄρα
3688 679 3793 733 χρη
3805 677 3911 729 μα-

2320 772 2525 825 τιοῦσιν
2572 770 2696 823 υἱοί.
2763 768 2872 820 Καὶ
2927 764 3078 826 ποῖός
3130 763 3245 815 ἐστι
3293 762 3405 821 τοῖς
3466 754 3813 809 πιστεύουσιν
3871 750 3911 802 ὀ

2326 862 2548 931 μισθός;
2579 860 2698 912 Εἰσὶ
2718 858 2824 929 γὰρ
2855 855 3050 927 μᾶλλον
3083 850 3290 906 ἑαυτῶν
3318 849 3441 910 υἱοὶ,
3472 846 3567 899 καὶ
3594 844 3692 913 τὴν
3716 841 3909 893 πίστιν

2321 952 2381 1004 οὐ
2428 949 2881 1021 παραδεξάμενοι.
2918 945 3049 998 Ἀπὸ
3074 944 3137 1013 δὴ
3161 941 3269 996 τῶν
3292 938 3547 993 τοιούτων
3588 932 3807 987 ἐννοιῶν
3839 932 3909 982 τὸ

2322 1042 2521 1113 ἀληθὲς
2556 1041 2921 1109 λογιζόμενοι,
2975 1037 3131 1107 μόνον
3160 1033 3389 1105 ἐροῦμεν
3416 1026 3554 1082 εἶναι
3598 1026 3658 1078 τὸ
3696 1023 3812 1091 φῶς
3840 1022 3906 1073 τὸ

2322 1133 2571 1204 ἀληθινὸν
2602 1133 2693 1185 τὸν
2722 1129 3022 1198 Μονογενῆ,
3058 1127 3234 1195 φωτὸς
3265 1124 3322 1177 δέ
3355 1121 3452 1190 τὴν
3481 1117 3654 1172 κτίσιν
3686 1114 3902 1175 ἐπιδεᾶ,

2323 1227 2416 1278 καὶ
2440 1225 2526 1277 διὰ
2549 1224 2703 1276 τοῦτο
2721 1220 2981 1287 ἁλλοφυᾶ.

2392 1317 2594 1370 ΑΛΛΟ.
2634 1332 2649 1364 ι
2685 1307 2850 1365 Εἶπεν
2881 1307 2972 1363 οὖν
3002 1310 3183 1369 αὐτοῖς
3216 1308 3244 1359 6
3279 1300 3500 1373 ’ἰησοῦςο
3535 1299 3671 1365 “Eu;
3703 1293 3902 1365 μικρὸν

2324 1406 2511 1477 χρόνον
2539 1404 2598 1458 τὸ
2627 1404 2740 1473 φῶς
2775 1405 2832 1457 ἐν
2867 1403 2993 1472 ὑμῖν
3019 1403 3154 1462 ἐστι,
3186 1395 3558 1467 περιπατεῖτε,
3586 1389 3661 1451 ῶς
3690 1388 3749 1440 τὸ
3780 1386 3902 1454 φῶς

2325 1500 2497 1569 ἔχετε,
2545 1498 2631 1551 ἵνα
2675 1496 2748 1567 μὴ
2779 1498 2811 1566 ἡ
2845 1496 3033 1549 σκοτία
3066 1492 3210 1562 ὑμᾶς
3241 1486 3541 1557 καταλάϐῃ,
3574 1501 3592 1534 ι
3642 1480 3753 1535 Καὶ
3785 1480 3903 1541 τοῖς

2325 1589 2703 1662 προκειμένοις
2737 1588 3068 1659 ἐφαρμόσεις
3097 1584 3361 1653 ἐντέχνως
3380 1579 3469 1631 τὸν
3505 1580 3562 1629 ἐν
3589 1577 3699 1637 τοῖς
3728 1589 3903 1642 προα-

2325 1680 2695 1751 ποδεδομένοις
2724 1680 2900 1748 λόγον.
2947 1678 3019 1731 Τὸ
3057 1675 3165 1746 γὰρ
3199 1673 3315 1743 φῶς
3358 1670 3499 1725 κατὰ
3528 1668 3689 1737 φύσιν
3723 1663 3906 1734 ὑπάρ-

2326 1791 2440 1845 χον,
2470 1774 2571 1829 οὑκ
2595 1773 2661 1827 ἂν
2694 1772 2797 1825 ὑπὸ
2833 1771 3055 1833 σκότους
3093 1762 3464 1834 καταληφθείη
3495 1759 3649 1813 ποτέ.

2397 1948 2599 2002 ΑΛΛΟ.
2651 1947 2710 1999 '0
2754 1944 3003 2013 Ἰωάννης
3029 1960 3042 1974 ο
3099 1961 3116 1993 ι
3148 1941 3204 1993 Ὀ
3246 1938 3420 2006 λέγων
3462 1936 3519 1991 ἐν
3559 1932 3636 2002 τῷ
3679 1930 3839 1999 φωτὶ,
3878 1945 3899 1978 ι

2328 2038 2511 2107 φησὶν,
2548 2056 2566 2088 ι
2600 2030 2758 2099 εἶναι,
2808 2035 2900 2087 καὶ
2940 2034 3032 2086 τὸν
3072 2029 3295 2099 ἀδελφὸν
3328 2024 3493 2081 αὑτοῦ
3519 2021 3714 2093 μισῶν,
3743 2022 3798 2071 ἐν
3831 2020 3903 2086 τῇ

2329 2131 2517 2201 σκοτίᾳ
2545 2129 2692 2182 ἐστὶν
2748 2128 2852 2191 ἕως
2882 2125 3027 2195 ἄρτι.
3062 2143 3080 2176 ι
3128 2116 3514 2193 Προαιρετικδν
3546 2115 3651 2182 ἄρα
3690 2111 3749 2163 τὸ
3782 2107 3905 2177 φῶς

2327 2221 2383 2273 ἐν
2415 2220 2565 2289 ἡμῖν,
2611 2218 2704 2270 κα)⁸
2752 2214 2891 2270 κατὰ
2931 2213 3148 2283 θέλησιν
3190 2209 3410 2280 μᾶλλον,
3461 2207 3494 2277 ἢ
3542 2203 3660 2257 κατ’
3709 2201 3906 2254 οὐσίαν

2328 2313 2682 2383 προσπέφυκε
2710 2311 2820 2371 τοῖς
2849 2309 3118 2378 γενητοῖς,
3167 2305 3321 2373 εἴπερ
3349 2303 3377 2353 6
3418 2299 3587 2369 μισῶν
3620 2295 3708 2348 τὸν
3750 2294 3908 2346 ἁδελ-

2329 2404 2427 2471 φδν
2457 2404 2513 2455 ἐν
2546 2404 2609 2471 τῇ
2643 2398 2831 2469 σκοτίιι⁸
2862 2397 3016 2449 ἐστί’
3068 2393 3182 2463 φῶς
3216 2392 3271 2444 δὲ
3300 2392 3417 2442 κατ’
3451 2384 3637 2439 οὐσίαν
3670 2385 3697 2434 6
3722 2383 3907 2434 Μονο-

2329 2496 2491 2563 γενὴς
2517 2509 2530 2523 ο
2567 2491 2628 2544 οὐ
2659 2490 2766 2561 γὰρ
2797 2490 3166 2560 προαιρέσεως
3194 2484 3305 2553 ἔχει
3332 2478 3542 2549 καρπὸν
3574 2476 3634 2528 τὸ
3662 2473 3905 2539 ἀξίωμα.

2331 2586 2566 2648 Οὐκοῦν,
2629 2584 2746 2637 οὖδέ
2808 2580 3053 2651 ὁμοφυὴς
3111 2579 3220 2640 τοῖς
3282 2574 3526 2643 γενητοῖς
3575 2570 3603 2621 6
3649 2565 3913 2620 τοσοῦτον

2332 2680 2431 2730 ὑπε
2440 2676 2559 2747 ρκεί
2567 2692 2742 2745 μενος.

2402 2745 2603 2829 almo,
2645 2766 2831 2829 τούτῳ
2859 2759 3149 2831 συγγενές
3173 2775 3185 2787 ·
3235 2775 3251 2806 ι
3294 2756 3351 2807 Ὀ
3382 2749 3608 2820 ἀγαπῶν
3634 2748 3723 2800 τὸν
3752 2745 3911 2798 ἀδελ-

2332 2863 2428 2932 φὸν
2458 2858 2643 2925 αὑτοῦ,
2672 2861 2727 2911 ἐν
2761 2857 2837 2926 τῷ
2871 2856 3008 2923 φωτὶ
3044 2852 3215 2924 μένει.
3248 2869 3265 2901 ι
3296 2849 3357 2901 Ἦ
3391 2846 3575 2914 ἀγάπη
3606 2845 3715 2905 τοῖς
3740 2858 3911 2909 γενηο

667 2944 871 2998 habent
907 2948 1201 3013 conciliat,
1235 2948 1414 3001 lucem
1450 2949 1735 3003 nimirum.
1785 2949 1899 3003 Lux
1937 2931 2115 3005 autem
2148 2962 2232 3005 est

2337 2958 2461 3019 τοῖς,
2511 2952 2654 3020 ἅπερ
2697 2949 2797 3001 οὐκ
2839 2947 3018 3015 ἔχουσι
3052 2942 3318 3013 προξενεῖ,
3370 2939 3430 2993 τὸ
3476 2936 3589 3005 φῶς
3640 2931 3909 3003 δηλονότι.

673 3033 999 3105 linigenitus
1025 3056 1037 3091 :
1067 3039 1209 3093 alius
1255 3040 1421 3110 igitur
1454 3052 1539 3095 est
1570 3042 1638 3095 ab
1666 3043 1735 3096 iis
1786 3042 1839 3096 in
1884 3043 2084 3113 quibus
2136 3059 2232 3113 per

2337 3046 2447 3108 Φῶς
2480 3044 2535 3097 δὲ
2563 3044 2589 3095 ὁ
2625 3038 2926 3107 Μονογενής
2952 3053 2965 3066 ’
3011 3036 3195 3102 ἐτερος
3241 3030 3333 3085 οὖν
3361 3032 3467 3101 ἄρα
3501 3028 3617 3081 ἐστὶ
3656 3022 3806 3094 παρὰ
3832 3022 3912 3076 τὰ

669 3128 998 3182 charitatem
1038 3141 1145 3184 est.

1300 3220 1451 3277 CAP.
1494 3222 1585 3276 IX.

672 3310 825 3388 Quod
846 3311 1070 3388 hominis
1089 3311 1269 3388 anima
1308 3324 1427 3366 ante
1458 3328 1645 3379 corpus
1676 3330 1779 3367 non
1806 3315 2048 3388 exsistat,
2076 3333 2237 3388 neque

742 3382 803 3431 ob
864 3380 1209 3452 prafcedentia
1278 3393 1491 3449 peccata
1544 3399 1758 3452 corpore
1814 3380 2236 3451 includaturfut

743 3451 986 3504 nonnulli
1023 3463 1289 3506 asserunt.

744 3542 792 3605 Ι,
833 3541 887 3597 9’.
921 3541 1051 3607 Qua:
1088 3543 1359 3597 illuminat
1399 3559 1601 3597 omnem
1641 3542 1901 3598 hominem
1952 3548 2237 3601 venientem

673 3633 727 3687 in
760 3632 897 3686 hunc
925 3633 1194 3687 mundum.

746 3721 919 3777 Recte
969 3724 1253 3793 theologus
1310 3739 1417 3778 nou
1447 3727 1624 3781 solum
1666 3728 1945 3783 existimat
1984 3744 2237 3785 asseren-

676 3813 806 3866 dum
837 3814 1190 3884 Unigenitum
1222 3817 1326 3886 73
1356 3832 1539 3871 veram
1574 3834 1694 3873 esse
1719 3820 1893 3875 lucem
1914 3860 1927 3882 .
1963 3822 2057 3876 sed
2092 3821 2237 3877 dicta

676 3921 773 3959 sua
805 3905 987 3960 statim
1020 3906 1268 3960 declarat
1289 3946 1303 3971 ,
1334 3922 1527 3976 magna
1572 3925 1706 3963 voce
1750 3917 1961 3966 tantum
1988 3930 2095 3969 non
2125 3916 2236 3969 cla-

674 4010 834 4050 mans
866 4013 877 4048 :
917 3994 1118 4052 Lucem
1163 3995 1313 4051 illam
1343 4013 1466 4053 esse
1496 3998 1621 4053 dico
1652 4016 1833 4055 veram
1856 4042 1871 4070 ,
1912 4020 1930 4054 ι
1959 4019 2081 4073 qua:
2111 4004 2235 4060 illu-

674 4088 847 4141 minat
881 4102 1097 4144 omnem
1141 4087 1420 4145 hominem
1448 4091 1755 4145 venientem
1793 4093 1847 4147 in
1889 4094 2038 4150 hunc
2078 4114 2242 4153 mun-

673 4176 826 4233 dum.
859 4196 877 4229 ι
918 4177 1110 4233 Nonne
1149 4194 1302 4250 ergo,
1344 4180 1557 4250 inquiet
1602 4180 1785 4237 forsan
1820 4184 2021 4255 aliquis
2057 4186 2242 4243 divina

672 4271 928 4340 dogmata
958 4271 1280 4326 examinare
1310 4273 1527 4335 solitus,
1565 4274 1743 4342 angeli
1778 4274 2057 4331 hominum
2091 4294 2244 4333 men-

673 4371 781 4415 tem
820 4360 1500 4426 illuminant?Cornelius,
1526 4363 1779 4428 obsecro,
1821 4381 1851 4419 a
1884 4383 2123 4436 quonam
2164 4369 2247 4422 di-

675 4453 808 4506 dicit
841 4468 965 4506 eum
998 4453 1089 4521 qui
1127 4453 1197 4507 sit
1227 4454 1533 4522 baptizatus
1565 4471 1593 4509 a
1628 4456 1735 4511 Deo
1770 4458 1972 4513 salvari
2001 4460 2094 4513 7‘?
2133 4459 2243 4513 Ma-

676 4560 783 4599 nue
809 4559 940 4597 vero
965 4543 1058 4597 ille
1090 4552 1245 4613 pater
1272 4542 1578 4611 Gedeonis,
1613 4546 1860 4615 nunquid
1910 4562 2008 4615 per
2047 4563 2239 4603 vocem
2274 4518 2320 4575 θ

677 4633 857 4703 angeli
893 4648 981 4688 res
1012 4631 1228 4688 futuras
1259 4633 1489 4690 edoctus
1535 4638 1726 4691 est"?
1767 4635 2066 4693 Zacharias
2110 4638 2240 4694 item

679 4725 968 4795 propheta,
1008 4724 1255 4794 nunquid
1302 4734 1489 4795 aperte
1535 4728 1781 4782 clamat:
1822 4749 1839 4781 ι
1878 4731 1945 4783 Ει
1973 4729 2113 4783 dixit
2147 4746 2242 4783 an-

677 4819 832 4887 gelus
884 4817 978 4888 qui
1014 4818 1344 4887 loquebatur
1374 4820 1428 4873 iu
1476 4836 1602 4874 me:
1650 4820 1762 4892 Ego
1803 4822 1903 4875 tibi
1953 4821 2240 4876 ostendam

673 4911 807 4982 quid
858 4918 987 4966 sunt
1019 4910 1133 4965 hazc
1151 4911 1249 4966 ".1
1291 4910 1504 4967 Rursus
1542 4911 1736 4967 iisdem
1776 4912 2062 4982 repetitis,
2100 4927 2246 4966 nun-

674 5002 805 5074 quid
847 5004 995 5056 clare
1036 5003 1276 5058 ostendit
1305 5005 1531 5073 angelos
1566 5004 1748 5057 animo
1783 5018 1884 5058 suo
1930 5019 2112 5057 rerum
2147 5017 2243 5058 oc-

676 5097 947 5151 cultarum
1004 5097 1369 5167 cognitionem
1419 5096 1709 5151 revelare?
1747 5114 1764 5146 ι
1805 5095 1946 5149 Ecce
2003 5095 2173 5159 enim,
2222 5113 2239 5144 ι

677 5189 891 5257 inquit,
921 5205 938 5237 ι
984 5188 1211 5259 angelus
1250 5191 1345 5258 qui
1388 5188 1713 5258 loquebatur
1763 5186 1815 5241 in
1872 5202 1979 5249 me,
2022 5187 2240 5251 stabat,

677 5288 731 5333 et
782 5280 922 5334 alius
956 5281 1186 5349 angelus
1231 5278 1617 5347 egrediebatur
1651 5279 1706 5331 in
1756 5292 2051 5333 occursum
2099 5277 2240 5345 ejus.

680 5369 745 5423 Et
777 5371 912 5424 dixit
947 5371 1010 5424 ad
1046 5386 1169 5425 eum
1202 5389 1216 5425 :
1253 5370 1426 5423 Curre
1459 5376 1513 5422 et
1558 5369 1785 5437 loquere
1830 5367 2243 5423 adolescentulo

677 5463 793 5526 illi,
827 5463 1022 5519 dicens
1060 5485 1071 5517 :
1106 5462 1394 5531 Frugifera
1447 5461 1788 5514 habitabitur
1825 5461 2163 5527 Jerusalem,
2213 5480 2241 5517 a

681 5560 1031 5615 multitudine
1084 5560 1367 5614 hominum
1421 5564 1472 5609 et
1525 5555 1899 5625 jumentorum
1952 5557 2003 5611 in
2061 5558 2243 5612 medio

753 5719 795 5748 τι
853 5714 1009 5768 .loan.
1077 5729 1173 5779 xu,
1225 5714 1313 5767 55.
1418 5713 1460 5745 ⁷³
1501 5713 1657 5767 .loan.
1716 5728 1789 5775 ll,
1852 5718 1903 5768 υ.

683 5790 727 5817 ⁷⁸
760 5786 928 5842 Zach.
963 5801 1008 5845 ι,
1042 5784 1091 5836 9.

1986 5716 2025 5745 7"
2070 5713 2201 5768 ibid.
2260 5710 2340 5765 10.

2336 3141 2392 3193 ἐν
2418 3132 2497 3200 οἷς
2531 3134 2589 3200 ἐξ
2622 3134 2839 3201 ἀγάπης
2868 3128 3094 3195 γίνεται.

2945 3218 3192 3271 ΚΕΦΔΛ.
3232 3216 3306 3268 Θ¹.

2339 3318 2467 3369 ’Ὅτι
2494 3315 2564 3367 οὺ
2588 3308 2859 3377 προὺπάρ
2867 3324 2952 3377 χει
2976 3306 3081 3358 τοῦ
3107 3304 3375 3377 σώματος
3396 3301 3432 3366 ἡ
3462 3300 3653 3377 ψυχὴ,
3676 3295 3817 3352 οὐδὲ
3839 3294 3910 3377 ἐξ

2408 3363 3272 3453 ὖτέρωίάλιαρτημὰτξυν
3297 3373 3333 3439 ἠ
3353 3363 3729 3439 -σωράέωσις,
3760 3363 3913 3418 κατά

2408 3472 2596 3519 τινας.

2414 3548 2484 3598 Ὃ
2514 3539 2741 3613 φωτίζει
2778 3536 2971 3592 πάντα
3007 3535 3317 3602 ἄνθρωπον
3343 3531 3667 3600 ἐρχόμενον
3688 3529 3773 3593 εις
3804 3525 3915 3578 τὸν

2341 3639 2588 3704 κόσμον.
3252 3636 3255 3637 ⁷

2422 3703 2703 3797 ’Ᾱσφαλῶς
2741 3726 2769 3777 6
2798 3720 3038 3787 Θεολόγος
3066 3718 3126 3770 οὐ
3161 3716 3316 3786 μόνον
3357 3712 3526 3765 οἴεται
3568 3709 3698 3773 δεῖν,
3737 3706 3819 3759 δτι
3847 3703 3912 3797 δὴ

2344 3822 2457 3891 φῶς
2487 3794 2720 3887 ὑπάρχοι
2747 3814 2805 3867 τὸ
2828 3811 3073 3882 ἀληθινὸν
3109 3813 3136 3862 ὁ
3166 3804 3470 3874 Μονογενὴς
3504 3802 3758 3891 ἐξειπεῖν,
3793 3794 3913 3891 αλλ’

2344 3887 2537 3978 ἐπάγει
2582 3909 2694 3969 τοῖς
2741 3902 3048 3975 εἰρημένοις
3094 3896 3432 3969 παραχρῆμα
3475 3894 3571 3961 τὴν
3616 3887 3909 3978 ἀπόδειξιν,

2349 3974 2629 4073 μονονονχὶ
2657 3995 2751 4051 καὶ
2787 3974 3019 4061 συντόνῳ
3044 3990 3163 4043 λίαν
3199 3982 3585 4056 ἀνακεκραγίος
3611 3983 3676 4051 τῇ
3716 3974 3869 4073 φωνῇ
3896 3996 3909 4011 ο

2344 4069 2461 4156 ἑιιῶς
2487 4087 2626 4144 εἷναί
2652 4104 2792 4157 φημι
2842 4085 2903 4138 τὸ
2956 4079 3223 4151 ἀληθινὸν,
3278 4096 3296 4129 ι
3324 4078 3352 4129 ὃ
3377 4074 3597 4144 φωτίζει
3624 4073 3799 4125 πάντα
3824 4069 3919 4122 ἂν-

2348 4183 2562 4253 θρωπον
2593 4177 2883 4250 ἐρχόμενον
2914 4175 2993 4235 είς
3028 4169 3119 4223 τὸν
3145 4169 3365 4235 κόσμον.
3399 4185 3417 4217 ι
3466 4158 3591 4234 Ἆρ’
3630 4159 3747 4226 οὖν,
3774 4161 3917 4253 εἴποι

2346 4251 2428 4333 τις
2450 4270 2535 4338 {av
2580 4270 2686 4337 ὅτῳ
2728 4265 2792 4335 δὴ
2843 4263 2993 4332 φίλον
3036 4261 3135 4314 οὐκ
3194 4257 3566 4318 ἀϐασανίστως
3609 4254 3717 4306 τῶν
3758 4251 3925 4305 θείων

2347 4359 2717 4432 ἐπακροᾶσθαι
2746 4356 3027 4426 δογμάτων
3046 4393 3059 4415 ,
3110 4351 3170 4404 o6
3202 4348 3527 4417 φωτίζουσιν
3558 4344 3779 4414 ἄγγελοι
3807 4339 3925 4395 τῶν

2348 4455 2442 4510 ἀνθ
2454 4453 2647 4524 ρώπων
2668 4448 2758 4503 τὸν
2782 4446 2939 4510 νοῦν;
2964 4442 3262 4513 Κορνηλίος
3289 4441 3366 4502 δέ,
3387 4438 3505 4492 εἰπέ
3536 4452 3644 4506 μοι,
3669 4435 3759 4489 διὰ
3777 4433 3921 4524 τίνος

2349 4523 2666 4614 ἐμάνθανεν,
2717 4538 2796 4590 ὅτι
2831 4534 2934 4605 χρὴ
2980 4531 3340 4602 βαπτισθέντα
3376 4524 3734 4589 διασώζεσθαι
3769 4523 3922 4592 παρὰ

2349 4632 2517 4697 Θεοῦ;
2566 4627 2765 4685 Μανωέ
2793 4626 2848 4678 δέ
2876 4624 2968 4676 τοῦ
2996 4620 3198 4675 Γεδεὼν
3224 4622 3252 4672 ὁ
3286 4619 3487 4688 πατὴρ,
3535 4618 3594 4670 οὐ
3625 4615 3712 4669 διὰ
3736 4614 3923 4683 φωνῆς

2349 4723 2577 4793 ἀγγέλου
2632 4719 2701 4771 τὰ
2751 4716 2981 4785 ἐσόμενα
3034 4709 3494 4784 προεπαιδεύετο;
3541 4704 3817 4775 Ζαχαρίας
3862 4704 3924 4757 δὲ

2348 4818 2546 4887 ὁμοίιος
2570 4812 2700 4881 ἡμῖν
2733 4809 2760 4858 6
2803 4806 3083 4876 προφήτης
3119 4804 3237 4873 οὐχὶ
3268 4799 3453 4870 σαφῶς
3479 4797 3883 4887 ἀναφθέγγεται
3906 4811 3922 4823 °

2354 4886 2510 4958 «Καὶ
2536 4898 2685 4955 εἶπεν
2714 4901 2741 4951 6
2770 4898 2996 4965 ἄγγελος
3023 4898 3051 4949 6
3090 4893 3263 4947 λαλῶν
3293 4892 3349 4944 ἐν
3382 4890 3540 4962 ἐμοί·
3595 4888 3736 4953 Ἐγὼ
3764 4886 3924 4950 δείξω

2352 5016 2433 5052 σοι
2461 4996 2513 5049 τί
2544 4998 2655 5046 ἐστι
2688 4990 2879 5045 ταῦτα.
2914 5009 2931 5040 ι
2994 4986 3099 5040 Kal
3133 4987 3292 5039 πάλιν
3320 4982 3407 5037 διὰ
3441 4982 3551 5034 τῶν
3584 4980 3765 5033 αὐτῶν
3788 4980 3925 5049 ἡμῖν

2353 5089 2640 5160 ἐρχόμενος
2677 5086 2805 5153 ἡμῖν
2832 5082 2989 5148 λόγον
3035 5077 3147 5149 [γρ.
3192 5074 3419 5145 λόγων],
3462 5074 3561 5126 οὐκ
3600 5068 3924 5160 ἐπιδεικνύει

2357 5158 2541 5249 σαφῶς
2561 5221 2574 5242 ,
2621 5177 2702 5230 ὅτι
2743 5174 2849 5227 τῶν
2879 5169 3273 5240 κεκρυμμένων
3305 5166 3404 5236 τὴν
3437 5164 3638 5233 γνῶσιν
3664 5158 3926 5227 έξεκάλυ⁶

2352 5290 2483 5327 πτον
2529 5270 2746 5339 ἄγγελοι
2796 5265 2935 5319 κατὰ
2979 5260 3103 5315 νοῦν
3143 5258 3327 5329 αὐτῷ;
3368 5276 3386 5307 ι
3421 5256 3528 5309 Καὶ
3576 5254 3684 5307 ἰδοὺ
3733 5251 3862 5321 γὰρ,
3904 5268 3924 5301 ›

2352 5364 2544 5434 φησιν,
2595 5380 2612 5412 ι
2641 5362 2669 5413 6
2712 5356 2938 5426 ἄγγελος
2982 5355 3010 5404 6
3052 5349 3227 5403 λαλῶν
3276 5350 3332 5401 ἐν
3372 5346 3493 5416 ἐμοὶ⁸
3530 5344 3791 5413 εἱστήκει,
3832 5342 3929 5434 καὶ

2352 5432 2580 5526 ἄγγελος
2626 5454 2811 5521 ἕτερος
2861 5443 3209 5514 ἐξεπορεύετο
3258 5443 3335 5505 εἰς
3384 5440 3689 5505 ἀπάντησιν
3748 5432 3925 5526 αὐτῷ.

2354 5522 2458 5605 κώ
2483 5544 2601 5602 εἷπε
2622 5544 2754 5612 πρὸς
2780 5538 2941 5592 αὐτὸν
2970 5534 3141 5601 λέγων
3164 5549 3177 5563 ·
3210 5531 3391 5600 Δράμε
3420 5528 3511 5581 καὶ
3536 5526 3767 5594 λάλησον
3790 5522 3928 5592 πρὸς

3131 5693 3173 5721 ⁷⁸
3238 5688 3415 5744 Judic.
3478 5702 3608 5751 xm,
3690 5684 3723 5736 3

2433 5712 2476 5741 τι
2549 5707 2773 5761 Λεμι,
2834 5696 2853 5749 l
2917 5708 3035 5774 sqq.
3131 5694 3173 5721 ”
3238 5694 3415 5744 Judic.
3478 5702 3608 5751 xm,
3691 5694 3723 5736 ὃ
3798 5694 3921 5755 sqq.
