4168 6538
240 379 344 440 ηδ

1297 383 1362 438 IN
1382 383 1664 441 JOANMS
1701 383 2151 443 EVANGELIUM
2189 390 2318 445 ue.
2355 389 2396 444 ι.
2436 354 2439 357 ί

2868 30 3090 121 χ’]

2738 163 2908 254 αλ

2654 267 2779 295 »ι-ιο

3379 402 3483 457 126

234 500 328 553 τὸν
364 498 583 553 νεανίαν
614 501 842 564 ἐκεῖνον,
885 498 1060 568 λέγων
1085 518 1097 532 -
1148 502 1515 572 Κατάκαρπος
1550 518 1805 571 κατοικη·

1910 504 2112 571 ejus".
2147 526 2164 558 ι
2204 505 2346 571 Quid
2398 509 2573 562 vero?
2615 507 2801 566 Daniel
2839 511 2954 581 ipse
2988 513 3076 568 cui
3122 514 3479 578 admirabiles

237 588 461 661 θήσεται
506 591 876 661 Ἰερουσαλὴμ,
926 591 1033 644 ἀπὸ
1079 591 1313 661 πλήθους
1358 593 1679 662 ἀνθρώπων,
1716 595 1811 646 καὶ

238 682 452 753 κτηνῶν
476 682 587 736 τῶν
613 684 671 735 ἐν
704 683 851 753 μέσῳ
879 684 1064 752 αὐτῆς.
1096 683 1199 752 ιίΤί
1232 683 1323 748 δέ;
1353 684 1473 736 εἰπέ
1508 701 1625 751 μοι·
1660 684 1753 737 καὶ
1781 686 1810 736 6

240 774 549 841 σοφώτατος
581 774 776 844 Δανιὴλ
800 776 920 835 ταῖς
949 772 1293 841 ἀξιαγάστοις
1328 774 1615 837 όπτασίαις
1639 791 1810 845 προσ-

239 865 416 919 ϐαλὼν
447 868 563 936 οὐχὶ
604 867 710 920 τῶν
736 866 1025 936 ὁρωμένων
1055 865 1149 935 τὴν
1195 865 1534 935 ἀποκάλυψιν
1578 866 1665 919 διὰ
1714 867 1810 936 τῆς

238 957 483 1025 ἀγγέλων
530 956 830 1027 ἐρανίζεται
875 956 1092 1023 φωνῆς;
1130 958 1328 1009 ’Ἄκουε
1365 957 1471 1025 γὰρ
1516 956 1766 1024 λέγοντος
1793 971 1807 985 ⁶

245 1067 262 1098 ι
294 1050 399 1100 Καὶ
418 1049 630 1115 ἐγένετο
652 1049 709 1100 ἐν
730 1047 804 1116 τῷ
834 1048 960 1099 ἰδεῖν
996 1065 1083 1116 με,
1105 1047 1214 1114 ἐγὼ
1236 1048 1455 1117 Δανιὴλ,
1482 1049 1578 1117 τὴν
1600 1048 1806 1118 ὅρασιν,

239 1140 331 1191 καὶ
385 1140 607 1209 ἐζήτουν
662 1138 914 1190 σύνεσιν’
970 1138 1061 1189 καὶ
1102 1139 1211 1190 ἰδοὺ
1261 1138 1391 1207 ἔστη
1431 1138 1657 1190 ἐνώπιόν
1709 1154 1808 1206 μου

237 1231 312 1294 ὼς
356 1232 541 1302 ὅρασις
587 1231 809 1299 ἀνδρός,
858 1230 951 1283 καὶ
995 1232 1201 1299 ἥκουσα
1248 1229 1429 1298 φωνὴν
1475 1228 1663 1296 ἀνδρὸς
1708 1226 1809 1280 ἀνά

240 1320 400 1385 μέσον
428 1320 521 1373 τοῦ
555 1320 755 1387 Ούὸἀλ,
803 1322 897 1374 καὶ¹
945 1320 1190 1385 ἐκάλεσε,
1225 1320 1318 1371 καὶ
1357 1315 1477 1371 εἷπε
1504 1334 1517 1348 °
1548 1316 1805 1388 Γαόριὴλ,

237 1411 510 1465 συνέτισον
556 1415 759 1465 ἐκεῖνον
809 1412 907 1483 τὴν
955 1412 1161 1483 ὅρασιν.
1203 1430 1220 1462 ι
1281 1409 1485 1463 Ούκοῦν
1535 1408 1707 1461 ἔνεστι
1748 1409 1809 1461 τὸ

234 1502 491 1556 δύνασθαι
542 1504 795 1572 φωτίζειν
840 1503 1113 1571 ἀγγέλοις,
1162 1502 1255 1555 καὶ
1302 1502 1360 1554 ού
1412 1501 1570 1570 μόνον
1604 1500 1806 1563 αὐτοῖς,

234 1596 350 1650 ἀλλ’
386 1596 483 1667 ἤδη
530 1596 625 1649 καὶ
658 1594 941 1663 ἄνθρωπος
974 1595 1063 1648 τὸν
1104 1593 1163 1658 ἐξ
1193 1591 1477 1664 ἀνθρώπου
1507 1591 1808 1655 δανείζεται

235 1688 535 1756 φωτισμόν.
582 1687 691 1739 Καὶ
726 1683 855 1752 γοῦν
894 1686 921 1737 6
965 1683 1267 1753 φιλομαθὴς
1309 1684 1511 1745 ἐκεῖνος
1556 1681 1808 1751 εὐνοῦχος

232 1777 330 1840 τὰς
381 1776 508 1846 περὶ
550 1774 642 1828 τοῦ
688 1774 940 1845 Σωτῆρος
973 1774 1129 1843 ἡμῶν
1169 1771 1499 1843 προφητείας
1532 1772 1592 1823 ού
1629 1772 1807 1834 συνεὶς

231 1868 309 1937 τῷ
328 1868 576 1936 Φιλίππῳ
600 1866 751 1937 φησί·
771 1865 1002 1935 (Δέομαί
1025 1883 1136 1931 σου,
1161 1864 1287 1933 περὶ
1307 1863 1449 1926 τίνος
1474 1865 1501 1915 6
1526 1864 1808 1932 προφήτης

232 1957 404 2026 λέγει,
449 1959 577 2028 περὶ
621 1956 839 2017 ἐαυτοῦ,
873 1955 904 2025 ἢ
938 1955 1063 2023 περὶ
1106 1953 1290 2023 ἐτέρου
1328 1952 1510 2016 τινός;
1548 1972 1566 2003 ι
1616 1952 1724 2003 Καὶ
1758 1953 1806 2003 οί

184 2072 187 2077 ν
232 2054 347 2114 τοῖς
387 2050 531 2105 κατὰ
573 2050 663 2103 τὸν
706 2050 820 2119 βίον
862 2046 1169 2101 διδάσκαλοι
1214 2045 1661 2116 προστρέχοντες,
1709 2045 1806 2113 οὐχ

233 2144 422 2214 ἐτέρου
464 2142 645 2204 τινὸς,
700 2137 875 2210 οἶμαι,
924 2140 1112 2209 χάριν,
1159 2137 1348 2189 τούτου
1398 2136 1455 2188 δὲ
1506 2136 1599 2187 καὶ
1644 2135 1804 2204 μόνου

231 2235 539 2305 προσίασιν.
582 2231 740 2286 Ἀλλά
778 2234 830 2284 τί
869 2230 934 2300 δὴ
965 2230 1173 2291 τούτοις
1217 2228 1639 2298 ἐνδιατρίόομεν,
1686 2226 1804 2290 ἐξὸν

230 2324 661 2379 ἀπαλλάττεσθαι
700 2322 916 2393 ῥαδίως,
957 2322 1131 2374 ἐκεῖνο
1168 2318 1511 2391 παραθέντας
1546 2319 1625 2381 εἰς
1666 2316 1805 2370 ἀπό-

229 2418 392 2484 δειξιν
419 2417 479 2469 τὸ
524 2415 674 2486 παρά
702 2414 797 2467 τοῦ
829 2414 1077 2483 Σωτῆρος
1106 2412 1260 2481 ἡμῶν
1292 2410 1429 2480 πρὸς
1460 2412 1588 2472 τοὺς
1619 2410 1806 2477 ἁγίους

228 2509 515 2581 εἰρημένον
561 2506 886 2569 ἀποστόλους
913 2522 926 2536 ο
986 2523 1005 2555 ι
1042 2506 1229 2574 Ὑμεῖς
1281 2505 1404 2555 ἐστε
1446 2502 1505 2553 τὸ
1550 2501 1661 2569 φῶς
1711 2499 1805 2553 τοῦ

229 2601 464 2669 κόσμους
499 2616 518 2651 9
553 2598 791 2651 Τοιαῦτα
826 2599 921 2667 μὲν
964 2597 1025 2667 δή
1076 2614 1157 2659 τις
1200 2596 1338 2648 κατά
1382 2595 1441 2647 τὺ
1482 2594 1627 2656 εἰκὸς
1674 2595 1809 2647 ἐπα-

228 2694 473 2765 πορήσας
498 2693 630 2760 ἐρεῖ,
662 2691 808 2759 παρὰ
834 2689 891 2743 δὲ
924 2688 1078 2759 ἡμῶν
1103 2686 1519 2740 ἀντακούσεταιο
1569 2686 1655 2736 Ἐν
1688 2702 1810 2736 συν-

234 2782 380 2835 θέσει
409 2782 477 2834 τά
508 2780 650 2833 κατά
674 2780 772 2849 τὴν
801 2780 974 2833 κτίσιν
1004 2779 1238 2847 ὁρῶμεν,
1264 2772 1308 2830 ὦ
1338 2772 1509 2841 οὗτος,
1540 2776 1634 2827 καὶ
1658 2775 1808 2827 οὐδὲν

233 2875 291 2926 ἐν
324 2874 458 2943 αύτῇ
494 2872 555 2925 τὸ
589 2870 790 2924 ἁπλοῦν
816 2887 827 2898 ο
881 2869 1075 2922 οὐκοῦν
1109 2873 1136 2922 ό
1170 2868 1365 2937 σοφοῦν
1396 2867 1612 2938 ἐτέρους
1655 2867 1811 2919 δυνά-

235 2981 415 3035 μενος,
442 2963 598 3032 εἴπερ
644 2962 729 3031 εἴη
779 2962 1022 3031 γενητὸς,
1070 2961 1169 3012 οῦκ
1243 2958 1568 3028 αὐτόχρημά
1601 2959 1807 3027 ἐστινὴ

231 3057 415 3126 σοφία,
460 3056 594 3108 ἀλλά
622 3055 723 3122 τῆς
771 3053 995 3123 ἐνούσης
1024 3054 1081 3105 ἐν
1122 3050 1272 3120 αὐτῷ
1305 3050 1495 3118 σοφίας
1522 3050 1766 3112 διάκονος
1790 3064 1802 3076 ⁸

1914 594 2153 650 visiones
2190 597 2385 650 oblata:
2419 606 2578 661 sunt,
2631 614 2815 655 nonne
2860 617 3049 655 earnm
3085 605 3476 663 revelationem

1912 687 2229 754 angelorum
2282 702 2416 742 voce
2472 690 2713 759 accipit?
2757 691 2898 745 Audi
2953 693 3098 748 enim
3165 694 3476 765 loquentem

1912 773 2111 841 ipsum.
2139 793 2157 826 ί
2199 774 2263 828 Ει
2294 775 2495 830 factum
2539 786 2651 843 est,
2690 798 2709 832 ι
2769 782 2968 849 inquit,
2996 801 3014 833 ι
3056 799 3182 838 cum
3235 786 3477 841 viderem

1910 881 2010 935 ego
2034 867 2222 921 Daniel
2253 868 2516 923 visionem
2540 912 2553 933 ,
2582 880 2636 924 et
2664 873 2978 939 quaerebam
3015 876 3434 945 intelligentiam
3460 896 3475 943 ;

1910 965 1963 1011 et
1999 957 2155 1011 stetit
2209 957 2263 1011 in
2316 971 2619 1029 coriSpectu
2656 976 2776 1015 meo
2808 965 2968 1031 quasi
3007 967 3221 1032 species
3254 969 3390 1032 viri,
3425 977 3481 1023 et

1911 1047 2095 1100 audivi
2137 1062 2324 1101 vocem
2387 1048 2528 1101 inter
2568 1048 2737 1111 Ubal,
2786 1058 2841 1103 et
2889 1053 3137 1115 vocavit,
3187 1062 3240 1107 et
3290 1055 3476 1108 dixit:

1910 1135 2152 1199 Gabriel,
2195 1138 2281 1191 lac
2336 1138 2633 1209 intelligere
2660 1139 2823 1192 istum
2861 1139 3127 1193 visionem
3151 1142 3215 1191 ".
3251 1161 3267 1192 ι
3311 1141 3480 1213 igitur

1913 1228 2222 1283 ill-.mtinare
2247 1238 2478 1299 possunt
2500 1230 2700 1299 angeli,
2735 1246 2912 1301 neque
2936 1247 3066 1285 vero
3098 1232 3201 1301 ipsi
3239 1240 3477 1297 tantum,

1911 1320 2005 1374 sed
2037 1327 2090 1375 et
2119 1321 2280 1375 homo
2306 1322 2581 1375 hominem
2612 1322 2907 1377 illuminat.
2936 1322 3207 1389 Quocirca
3234 1324 3483 1380 discendi

1910 1411 2190 1467 studiosus
2236 1412 2325 1467 ille
2376 1413 2686 1476 eunuchus,
2719 1429 2844 1467 cum
2882 1414 3185 1471 Salvatoris
3241 1417 3483 1487 pr0phe-

1913 1503 2015 1556 tias
2039 1518 2149 1557 non
2182 1503 2534 1573 intelligeret,
2563 1501 2877 1573 Philippum
2906 1506 3228 1573 compellat:
3260 1522 3276 1555 ι
3308 1502 3482 1559 Obsc-

1910 1608 2008 1647 cro
2048 1602 2118 1657 te,
2148 1594 2217 1649 de
2255 1611 2364 1664 quo
2398 1596 2667 1666 prepheta
2718 1597 2849 1650 dicit
2885 1598 3040 1652 haec?
3074 1599 3140 1653 de
3188 1614 3268 1660 se,
3310 1615 3378 1651 an
3413 1598 3480 1653 de

1911 1682 2021 1734 alio
2059 1681 2247 1752 aliquo
2279 1683 2365 1736 πί
2404 1702 2423 1734 ι
2460 1682 2725 1739 Doctores
2757 1687 2882 1739 item
2931 1696 2983 1742 et
3016 1687 3263 1759 magistri
3300 1704 3483 1743 rerum

1909 1775 2035 1827 vita:
2088 1774 2336 1837 utilium,
2387 1790 2499 1828 non
2554 1775 2718 1829 aliam
2788 1778 2859 1831 ob
2917 1792 3139 1832 causam
3197 1794 3361 1849 quam
3408 1779 3482 1833 ob

1912 1867 2073 1920 istam
2105 1865 2192 1920 sui
2230 1866 2444 1935 capiam
2478 1866 2714 1922 faciunt.
2742 1866 2847 1922 Sed
2888 1884 2989 1921 cur
3018 1869 3071 1922 in
3104 1868 3187 1923 his
3218 1870 3481 1924 immora-

1908 1971 2051 2021 mur,
2104 1969 2229 2010 cum
2267 1954 2335 2008 ad
2380 1955 2482 2009 hoc
2513 1956 2857 2026 probandum
2902 1956 3208 2012 Salvatoris
3239 1960 3483 2014 auctori-

1909 2054 2021 2102 tate
2067 2046 2232 2100 liceat
2262 2047 2341 2101 uti
2369 2046 2461 2117 qui
2513 2048 2630 2102 suis
2675 2049 2941 2117 apostolis
2987 2049 3062 2102 ait
3097 2068 3108 2103 :
3141 2069 3158 2100 ι
3192 2048 3302 2105 Vos
3345 2051 3482 2106 estis

1909 2137 2001 2190 lux
2038 2136 2333 2189 mundi"?
2372 2154 2389 2186 ι
2424 2134 2579 2188 Talia
2631 2136 2884 2205 quidem,
2922 2143 2983 2189 ut
3029 2134 3268 2200 videtur,
3321 2135 3484 2190 dubi-

1907 2228 2072 2281 tando
2099 2235 2305 2297 qureret
2348 2227 2568 2297 aliquis.
2605 2227 2711 2282 Sed
2743 2243 2771 2281 a
2807 2228 2965 2282 nobis
2998 2228 3240 2283 vicissim
3275 2227 3429 2281 audit
3459 2243 3479 2286 :

1907 2318 2093 2384 Nihil,
2130 2335 2162 2373 o
2192 2318 2448 2389 quisquis
2479 2334 2572 2381 es,
2620 2319 2675 2373 in
2718 2319 2993 2373 creaturis
3038 2318 3304 2387 reperitur
3342 2317 3479 2373 sim-

1908 2413 2030 2481 plex
2076 2419 2173 2463 aut
2223 2410 2647 2479 compositionis
2682 2425 2875 2479 expers
2907 2427 2920 2463 :
2952 2408 3116 2478 igitur
3163 2409 3481 2479 quicunque

1909 2505 2073 2556 alium
2102 2501 2325 2557 erudire
2359 2510 2537 2571 potest
2567 2502 2633 2555 ad
2668 2502 3015 2571 sapientiam,
3050 2500 3095 2555 si
3127 2509 3347 2554 creatus
3372 2508 3481 2565 est,

1909 2608 2015 2647 non
2045 2602 2129 2647 est
2171 2593 2404 2662 ipsamet
2429 2593 2719 2661 sapientia,
2748 2592 2843 2647 sed
2877 2592 3164 2660 sapientia:
3191 2607 3297 2660 qua
3341 2607 3482 2662 pra:-

1907 2684 2056 2737 ditws
2092 2694 2177 2738 est
2209 2684 2483 2737 minister.
2536 2682 2643 2753 74
2680 2685 2735 2749 in
2770 2683 3043 2752 sapientia
3076 2683 3220 2736 enim
3260 2682 3487 2751 sapiens

1908 2785 1994 2829 est
2036 2776 2284 2843 sapiens,
2344 2784 2395 2827 ct
2437 2775 2529 2843 qui
2583 2775 2930 2843 prudentiam
2978 2776 3192 2839 edocet,
3238 2791 3346 2829 non
3395 2782 3484 2829 est

1910 2865 2146 2934 ipsamet
2202 2866 2517 2933 prudentia,
2567 2866 2661 2919 sed
2716 2865 3021 2934 prudentia:
3071 2882 3174 2935 qua
3221 2866 3484 2935 prmditus

1908 2966 1991 3012 est
2026 2958 2293 3012 minister.
2328 2956 2383 3010 in
2426 2958 2713 3027 prudentia
2749 2958 2949 3027 quippe
2980 2971 3107 3013 sunt
3140 2959 3479 3028 prudentes;

1910 3050 1991 3104 sic
2028 3050 2344 3119 quicunque
2399 3050 2539 3102 alios
2596 3049 2908 3104 illuminare
2968 3059 3183 3119 potest,
3242 3067 3349 3104 non
3401 3058 3485 3105 est

229 3153 286 3204 tv
315 3148 477 3217 σοφίᾳ
503 3149 609 3217 γὰρ
643 3147 671 3197 6
700 3146 862 3213 σοφός
895 3147 1009 3196 ἐστι
1042 3143 1225 3210 σοφὸς,
1258 3141 1350 3194 καὶ
1381 3144 1408 3193 ό
1437 3143 1688 3202 συνετοὺς
1717 3142 1780 3191 ἐκ

1913 3143 2030 3211 ipsa
2060 3141 2278 3210 proprie
2310 3141 2420 3202 lux,
2456 3140 2552 3193 sed
2602 3139 2742 3193 lucis
2771 3155 2877 3209 qua
2915 3141 3178 3209 praeditus
3211 3149 3297 3195 est
3328 3156 3483 3195 com-

226 3238 513 3303 διδάσκων,
538 3238 637 3289 οὐκ
670 3234 992 3306 αὐτόχρημά
1018 3238 1165 3285 ἐστιν
1224 3233 1255 3302 ὴ
1291 3231 1521 3293 σύνεσις,
1550 3230 1682 3282 ἀλλά
1711 3230 1807 3297 τῆς

230 3329 643 3399 ἐνυπαρχούσης
670 3325 820 3396 αὐτῷ
855 3324 1119 3386 συνέσεως
1153 3322 1444 3393 ὑπουργός.
1484 3321 1571 3372 Ἐν
1597 3320 1806 3371 συνέσει

230 3420 338 3490 γάρ
366 3420 471 3471 εἱσι
496 3417 591 3470 καὶ
619 3411 761 3469 οὗτοι
798 3414 1028 3476 συνετοὶ,
1061 3414 1153 3472 καὶ
1181 3413 1208 3464 6
1244 3409 1496 3481 φωτίζειν
1530 3406 1597 3463 αὖ
1645 3409 1806 3463 πάλιν

232 3510 451 3579 ἐτέρους
498 3506 671 3570 εἰδὼς,
728 3506 826 3557 οὐκ
870 3503 1001 3557 αὐτὸ
1048 3502 1251 3573 κυρίως
1285 3500 1350 3553 ἂν
1381 3502 1551 3552 νοοῖτο
1579 3498 1638 3550 τὸ
1669 3497 1803 3564 φῶς,

232 3603 369 3659 ἁλλά
400 3599 575 3671 φωτὸς
595 3598 689 3652 τοῦ
722 3599 778 3650 ἐν
812 3596 959 3667 αύτῷ
982 3596 1304 3663 δανειστής,·
1337 3594 1414 3654 είς
1438 3591 1652 3661 ἐτέρους
1677 3588 1807 3642 αὐτὸ

234 3693 621 3765 παραπέμπων
671 3688 931 3751 διδακτῶς
956 3727 970 3751 ,
1024 3688 1116 3740 καὶ
1177 3684 1647 3753 κοινοποιούμενος
1696 3683 1807 3743 τοῖς

233 3786 411 3849 ἄλλοις
441 3786 577 3854 ὅπερ
622 3783 841 3851 εἴληφεν
870 3778 1094 3847 ἀγαθόν.
1148 3778 1329 3829 Διάτοι
1357 3774 1512 3827 τοῦτο
1545 3773 1637 3825 καὶ
1672 3771 1806 3841 πρὸς

233 3880 356 3941 τοὺς
386 3877 575 3944 ἁγίους
606 3874 935 3934 ἀποστόλους
967 3870 1182 3937 ἐλέγετο
1209 3885 1219 3896 ·
1262 3886 1279 3917 ι
1313 3867 1527 3936 Δωρεάν
1562 3865 1804 3927 ἐλάϐετε,

228 3969 437 4041 δωρεὰν
464 3968 601 4020 δότε.
635 3986 654 4016 ι
687 3966 829 4018 Ὅσα
854 3963 959 4033 γὰρ
989 3958 1055 4031 ἦν
1085 3962 1265 4021 αὐτοῖς
1302 3959 1505 4028 ἀγαθὰ,
1532 3958 1702 4013 ταῦτα
1742 3958 1806 4028 δὴ

230 4063 449 4123 πάντως
497 4059 612 4111 ἐστὶ
658 4057 753 4109 καὶ
802 4055 1071 4108 θεόσδοτα.
1110 4053 1218 4106 Καὶ
1245 4052 1344 4103 οὐκ
1389 4050 1452 4103 ἂν
1486 4050 1620 4112 ὅλως
1660 4048 1808 4110 ἰδίοις

229 4153 457 4223 ἀγαθοῖς
499 4152 531 4220 ή
566 4148 674 4200 τῶν
706 4143 1010 4215 ἀνθρώπων
1057 4139 1431 4211 ἐναγλαΐζοιτο
1462 4139 1642 4206 φύσις,
1692 4136 1805 4190 ἀλλ’

229 4244 353 4296 οὐδὲ
384 4244 416 4312 ή
446 4239 552 4294 τῶν
580 4238 747 4305 ἁγίων
773 4236 1039 4303 ἀγγέλων.
1074 4234 1228 4287 Μετὰ
1262 4231 1369 4301 γάρ
1391 4229 1483 4283 τοῦ
1508 4227 1808 4298 κεκλῆσθαι

234 4334 369 4405 πρὸς
399 4331 629 4399 γένεσιν,
668 4328 760 4381 καὶ
794 4326 883 4379 τὸν
913 4325 1003 4378 τοῦ
1041 4324 1157 4386 πῶς
1201 4319 1337 4375 εἶναι
1381 4321 1535 4387 λόγον
1581 4320 1807 4371 ἕκαστον

230 4430 342 4478 «iw
394 4424 560 4476 όντων
604 4420 718 4488 ἔχει
775 4416 923 4487 παρά
968 4414 1133 4478 Θεοῦ,
1182 4413 1273 4466 καὶ
1321 4411 1471 4464 οὐδὲν
1520 4412 1576 4462 ἐν
1625 4410 1807 4473 αὐτοῖς

1910 3232 2179 3296 modator,
2212 3230 2339 3283 dum
2368 3230 2492 3284 aliis
2523 3229 2767 3283 infundit
2795 3230 3154 3301 docendoque
3173 3234 3482 3286 communi-

1910 3332 1999 3378 cat
2030 3325 2175 3393 qnod
2226 3323 2445 3392 accepit
2492 3323 2721 3377 bonum.
2766 3322 3117 3393 Proindeque
3147 3323 3359 3378 dictum
3399 3332 3486 3380 est

1907 3415 2069 3468 etiam
2103 3414 2311 3468 sanctis
2347 3414 2652 3483 apostolis:
2693 3432 2711 3465 ι
2749 3412 2933 3471 Gratis
2985 3416 3315 3484 accepistis,
3360 3432 3486 3487 gra-

1910 3508 1980 3561 tis
2031 3506 2236 3559 date“.
2276 3525 2294 3557 ι
2342 3504 2621 3576 Quidquid
2667 3506 2813 3560 enim
2847 3508 3117 3561 bonorum
3171 3507 3477 3573 habebant,

1910 3598 2040 3650 illud
2066 3597 2330 3651 divinitus
2358 3599 2646 3652 consecuti
2687 3605 2865 3653 erant.
2897 3597 3084 3668 Neque
3119 3614 3250 3653 vero
3286 3608 3482 3653 natura

1911 3689 2189 3744 hominum
2250 3690 2305 3743 in
2359 3689 2678 3744 universum
2747 3691 2989 3760 propriis
3047 3690 3205 3744 bonis
3261 3690 3485 3761 gloriari

1908 3789 2117 3851 potest,
2174 3796 2240 3836 ne
2302 3782 2422 3852 ipsa
2489 3782 2710 3852 quidem
2772 3792 3097 3838 sanctorum
3156 3784 3480 3854 angelorum

1908 3884 2126 3928 natura.
2173 3873 2308 3927 Nam
2346 3880 2541 3943 praeter
2573 3890 2737 3943 quam
2769 3877 2917 3943 quod
2958 3875 3023 3930 ad
3054 3891 3180 3929 esse
3215 3876 3483 3944 producta

1908 3976 2035 4022 sunt
2057 3969 2259 4032 omnia,
2290 3965 2721 4036 unumquodque
2746 3967 3053 4023 exsistendi
3080 3967 3300 4021 modum
3320 3967 3483 4021 habet

1908 4073 1937 4112 a
1986 4058 2117 4120 Deo,
2168 4073 2270 4113 nec
2300 4060 2354 4112 in
2388 4059 2455 4113 iis
2500 4058 2801 4128 quidquam
2871 4059 3322 4114 substantialiter
3358 4075 3483 4114 esse

1908 4150 2245 4219 putabimus,
2276 4148 2418 4219 quod
2441 4165 2467 4202 a
2499 4149 2839 4219 benignitate
2873 4149 3157 4205 Creatoris
3182 4166 3289 4204 non
3319 4149 3483 4218 proti-

1909 4239 2169 4303 ciscatur,
2222 4246 2275 4293 et
2324 4240 2539 4308 opiﬁcis
2591 4240 2784 4309 gratiae
2850 4239 3122 4295 radicitus
3187 4239 3481 4293 innitatur.

1909 4330 2094 4401 Itaque
2111 4347 2234 4385 cum
2256 4347 2345 4385 res
2367 4339 2564 4385 creata:
2595 4329 2923 4400 composita:
2960 4331 3107 4397 sint,
3143 4330 3235 4383 lux
3261 4330 3482 4399 quidem

1910 4426 2054 4478 inter
2082 4438 2177 4478 eas
2207 4422 2345 4475 nihil
2382 4421 2607 4490 proprie
2626 4436 2687 4473 ac
2712 4420 3042 4489 simpliciter
3072 4422 3199 4486 erit,
3233 4423 3486 4477 auteitra

232 4514 503 4576 ούσιωδῶς
537 4512 862 4578 ἐνυπάρχειν
892 4504 1298 4574 διακεισὸμεθα,
1332 4502 1359 4553 ὂ
1392 4500 1466 4571 μὴ
1498 4498 1666 4567 δῶρόν
1694 4503 1805 4552 ἐστι

1914 4514 2412 4584 compositionem,
2477 4512 2571 4567 sed
2642 4527 2739 4583 per
2803 4513 3277 4582 participationem
3340 4516 3485 4569 istud

232 4609 331 4678 τῆς
354 4605 448 4660 τοῦ
474 4604 758 4665 κτίσαντος
789 4597 1115 4669 φιλοτιμίας,
1163 4595 1257 4648 καὶ
1282 4593 1433 4666 ῥίζαν
1463 4592 1575 4661 ἔχει
1598 4591 1696 4661 τὴν
1717 4590 1807 4642 τοῦ

233 4698 736 4768 δημιουργήσαντος
778 4692 958 4761 χάριν.
994 4686 1201 4741 Οὐκοῦν
1245 4684 1541 4756 ἐπειδήπερ
1588 4684 1643 4733 ἐν
1685 4698 1810 4733 συν-

235 4792 384 4845 θέσει
429 4791 498 4843 τὰ
543 4786 766 4857 γενητὰ,
816 4784 931 4852 φῶς
977 4782 1073 4851 μὲν
1122 4781 1179 4832 ἐν
1225 4778 1408 4839 αὐτοῖς
1455 4775 1607 4829 οὐδὲν
1658 4773 1809 4827 ἔσται

234 4882 437 4952 κυρίως
469 4896 528 4933 τε
579 4878 669 4931 καὶ
700 4875 924 4939 ἀπλῶς,
980 4874 1098 4943 ἦτοι
1148 4869 1489 4932 ἀσυνθέτως,
1531 4866 1809 4935 μεθεκτῶς

233 4975 292 5026 δὲ
322 4974 415 5025 καὶ
442 4971 601 5024 τοῦτο
630 4970 849 5038 φορέσει
898 4965 1035 5037 μετὰ
1067 4964 1174 5016 τῶν
1200 4963 1373 5016 ἄλλων
1400 4960 1632 5014 λαϐόντα
1661 4960 1812 5030 παρὰ

235 5063 393 5117 Θεοῦ.
420 5061 538 5124 Φῶς
564 5060 620 5114 δέ
643 5056 710 5113 αὖ
737 5060 795 5112 τὸ
818 5056 1090 5128 ἀληθινὸν,
1121 5054 1181 5107 τὸ
1210 5050 1441 5122 φωτίζον
1472 5053 1636 5116 ἐστὶν,
1665 5053 1725 5104 ού
1754 5052 1813 5103 τὸ

234 5155 364 5226 παρ’
391 5154 577 5225 ἐτέρου
608 5153 993 5222 φωτιζόμενον,
1024 5149 1160 5217 ὅπερ
1190 5148 1335 5197 ἐστὶν
1360 5147 1387 5196 ὁ
1421 5146 1730 5212 Μονογενὴς
1760 5147 1817 5197 ἐν

238 5250 382 5319 ἁπλῇ
441 5249 535 5301 καὶ
566 5246 847 5316 ἀσυνθέτῳ
889 5242 1176 5313 νοούμενος
1221 5240 1401 5308 φύσει,
1450 5238 1672 5306 διπλόης
1704 5238 1812 5309 γὰρ

234 5341 457 5409 ἀπάσης
497 5340 557 5392 τὸ
594 5338 736 5391 θεῖον
788 5336 1092 5405 ἀποφοιτᾷ,.
1130 5334 1243 5385 Καὶ
1292 5330 1466 5383 ταῦτα
1516 5330 1613 5397 μὲν
1647 5330 1774 5400 τῇδε
1798 5343 1809 5354 ’

237 5431 403 5483 πάλιν
434 5430 489 5483 δὲ
522 5432 655 5499 ἡμῖν
697 5430 811 5495 ἐρεῖ
841 5426 1003 5496 τυχὸν
1031 5428 1059 5478 6
1086 5425 1153 5477 δι’
1182 5422 1453 5483 ἐναντίας·
1500 5419 1563 5473 Εἰ
1593 5421 1668 5491 μὴ
1698 5420 1811 5489 φῶς

240 5524 486 5593 ὑπῆρχον
504 5523 643 5575 κατὰ
669 5520 829 5588 φύσιν
856 5520 904 5571 οἱ
934 5517 1098 5586 ἆγιοι,
1124 5515 1213 5569 διὰ
1234 5514 1392 5568 ποίαν
1419 5512 1595 5567 αἰτίαν
1618 5514 1813 5576 αὐτοὺς

237 5614 361 5684 οὐχὶ
388 5612 560 5683 φωτὸς
590 5611 855 5671 ἀπεκάλει
894 5610 1176 5681 μετόχους,
1211 5605 1342 5661 ἀλλὰ
1389 5605 1503 5674 φῶς
1538 5604 1817 5675 ὠνόμαζεν

314 5796 356 5828 ’⁷
393 5792 561 5861 Zach,
596 5808 671 5861 ιι,
706 5793 759 5860 5,
793 5793 843 5847 ι.

923 5794 965 5826 ⁷⁸
1004 5793 1134 5848 Dan.
1174 5793 1300 5864 vitri,
1340 5794 1436 5860 15,
1479 5794 1558 5851 lli.
1637 5797 1678 5827 ”
1717 5795 1835 5851 Act.
1872 5809 2005 5859 v.11,
2042 5795 2130 5851 3i.

1911 4608 2074 4662 etiam
2120 4621 2243 4661 cum
2307 4606 2521 4661 caneris
2574 4620 2604 4659 a
2660 4604 2769 4659 Deo
2805 4607 3091 4676 suscipiet.
3152 4605 3268 4660 Lux
3305 4615 3487 4661 autem

1915 4712 2042 4752 vera
2074 4703 2155 4750 est
2188 4710 2306 4764 qua!
2342 4696 2647 4760 illuminat,
2695 4708 2807 4748 non
2845 4710 2968 4764 qua:
3023 4696 3365 4750 illuminatur
3418 4697 3488 4751 ab

1913 4793 2045 4853 alio.
2090 4787 2398 4858 cujnsmodi
2450 4786 2913 4856 estUnigenitus,
2948 4788 3042 4857 qui
3092 4788 3146 4840 in
3179 4787 3411 4856 simplici
3437 4795 3487 4842 et

1913 4879 2279 4946 incomposita
2311 4885 2508 4931 natura
2538 4892 2662 4931 esse
2697 4878 3046 4947 intelligitur,
3068 4892 3195 4931 cum
3228 4878 3283 4931 in
3312 4876 3480 4929 Deum

1913 4972 2057 5025 nulla
2099 4972 2297 5025 cadere
2354 4968 2529 5038 possit
2561 4971 2909 5039 compositio.
2943 4971 3122 5039 Atque
3152 4971 3266 5023 haec
3308 4970 3379 5021 ita
3431 4983 3488 5023 se

1914 5065 2131 5133 quidem
2168 5064 2405 5125 habent;
2437 5063 2531 5117 sed
2586 5078 2813 5116 rursum
2850 5063 3009 5115 nobis
3044 5062 3232 5115 forsan
3262 5059 3486 5127 objiciet

1917 5152 2309 5206 adversarius:
2350 5149 2405 5204 Si
2463 5152 2635 5205 sancti
2693 5152 2783 5205 lux
2838 5166 2945 5204 non
3000 5157 3130 5204 sunt
3184 5149 3488 5203 secundum

1918 5252 2202 5304 naturam,
2236 5257 2400 5312 quam
2450 5244 2520 5297 ob
2553 5257 2777 5297 causam
2816 5258 2920 5295 non
2967 5240 3105 5294 lucis
3155 5241 3489 5311 participes,

1918 5334 2013 5390 sed
2035 5336 2210 5389 lucem
2240 5350 2335 5388 eos
2367 5333 2621 5389 Salvator
2661 5333 3040 5402 nuncupavit?
3068 5332 3177 5385 Aut
3212 5335 3488 5402 quomodo

1917 5428 2145 5482 alterius
2182 5427 2286 5480 erit
2310 5426 2378 5481 ab
2411 5427 2530 5496 ipso
2562 5436 2772 5479 naturae
2819 5433 3097 5486 creatura,
3136 5424 3183 5480 si
3225 5424 3487 5496 quemad-

1922 5518 2142 5572 modum
2181 5520 2296 5587 ipsc
2339 5519 2428 5570 lux
2466 5526 2815 5586 nuncupatus
2845 5525 2958 5579 est,
2994 5518 3066 5570 ita
3100 5519 3262 5573 etiam
3311 5518 3483 5572 homi-

1934 5612 2142 5665 neslux
2172 5610 2426 5680 appellati
2464 5610 2632 5665 stitit?
2655 5629 2671 5659 ι
2716 5608 2824 5664 Vos
2855 5611 2999 5664 enim
3034 5609 3169 5667 estis
3206 5610 3297 5665 lux
3329 5623 3484 5664 mun-

2214 5794 2257 5825 ⁸ο
2301 5791 2490 5847 Matth.
2528 5807 2578 5859 ν,
2619 5791 2699 5847 li.
2778 5794 2819 5825 ⁸⁸
2867 5792 3052 5849 Matth.
3088 5809 3115 5846 ι
3141 5831 3154 5857 ,
3190 5794 3242 5847 8.
