4168 6540
699 375 803 433 £27

1720 376 1779 431 S.
1811 373 2091 432 CYRILLI
2121 372 2587 429 ALEXANDRINI
2628 370 2949 428 ARCIIIEP.

3856 373 3970 428 128

708 499 761 551 di
787 498 857 560 ",
891 516 908 549 ι
932 496 1189 565 discipuli
1235 496 1550 552 audierunt.
1581 496 1683 551 Cui
1720 497 1801 551 sic
1837 496 2265 565 respondemus:

2373 492 2400 542 ό
2429 491 2657 561 Σωτηρ;
2717 491 2840 553 Πῶς
2888 489 2945 542 δὲ
2978 488 3276 562 ὲτεροφυὴς
3307 489 3340 560 ή
3368 490 3545 554 κτίσις
3575 490 3651 553 ὡς
3686 489 3824 561 πρὸς
3861 490 3973 544 αὑ·

695 594 809 643 (iur
847 605 999 660 ergo,
1023 591 1163 646 bone
1192 591 1295 653 vir,
1320 590 1394 645 dii
1428 590 1636 661 Deique
1668 590 1763 644 ﬁlii
1789 591 1935 660 apud
1958 590 2272 660 Scripturas

696 680 909 735 divinas
952 682 1248 750 nuneupati
1278 681 1671 751 sumus,juxta
1709 682 1878 737 illud:
1909 700 1927 733 ι
1972 681 2083 752 Ego
2122 682 2266 744 dixi,

701 772 779 825 Dii
812 774 968 836 eSIiS,
1001 786 1052 827 et
1087 773 1179 828 ﬁlii
1210 774 1424 830 Excelsi
1444 790 1636 830 omnes
1651 776 1737 829 ⁸⁸⁸3
1766 795 1784 828 ι
1821 779 1902 829 Αη
1927 776 2094 845 igitur
2124 776 2270 831 desi-

698 875 888 920 nentes
916 882 1038 922 esse
1069 877 1264 922 natura
1300 868 1350 921 id
1383 868 1532 938 quod
1569 885 1792 934 sumus,
1827 871 1892 923 ad
1949 872 2189 925 divinam
2216 881 2269 927 et

698 956 1025 1012 ineffabilem
1054 960 1423 1015 substantiam
1456 962 1776 1025 evehemur,
1804 970 1859 1018 et
1897 962 2137 1019 Verbum
2171 964 2264 1020 Dei

696 1058 963 1119 negantes
1025 1066 1151 1105 esse
1204 1067 1331 1106 vere
1404 1050 1643 1115 Filium,
1708 1054 1857 1108 illius
1918 1054 2039 1109 loco
2122 1054 2265 1111 Patri

693 1142 1100 1209 assidebimus,
1153 1150 1207 1197 et
1275 1144 1507 1214 gratiam
1581 1162 1687 1215 qua
1751 1162 1855 1201 nos
1921 1156 2109 1212 ornat,
2162 1149 2265 1201 im-

692 1232 913 1299 pietatis
964 1234 1249 1287 materiam
1308 1235 1608 1290 faciemus?
1650 1238 1829 1293 Absit.
1886 1236 1992 1294 Sed
2050 1240 2104 1293 in
2147 1242 2265 1297 suis

694 1322 857 1378 lxonis
902 1324 1322 1382 immutabiliter
1376 1337 1554 1385 manet
1585 1329 1675 1384 Dei
1730 1330 1901 1386 Filius
1945 1351 1957 1386 :
2002 1348 2108 1388 nos
2164 1349 2264 1388 au-

693 1421 803 1467 tem
858 1413 1151 1485 adoptione
1201 1418 1292 1472 ﬁlii
1345 1436 1556 1485 sumus,
1614 1429 1668 1475 et
1719 1421 1795 1476 dii
1857 1439 1955 1493 per
2007 1425 2261 1495 gratiam,

695 1518 803 1558 non
863 1505 1181 1575 ignorantes
1227 1508 1283 1562 id
1337 1510 1484 1579 quod
1542 1528 1767 1575 sumus,
1820 1523 1875 1569 et
1943 1516 2047 1571 hoc
2103 1530 2262 1588 pacto

692 1610 913 1666 quoque
956 1608 1176 1654 sanctos
1235 1600 1409 1655 lucem
1444 1616 1567 1657 esse
1621 1604 1924 1663 credimus.
1959 1607 2067 1663 Sed
2126 1610 2261 1664 illud

692 1689 1236 1746 animadvertendum
1322 1693 1548 1764 insuper
1660 1698 1944 1754 existimo.
2030 1699 2263 1756 Creatu-

694 1793 765 1832 ne
838 1780 1069 1837 rationis
1138 1791 1420 1852 compotes
1498 1796 1723 1856 accepto
1773 1789 1980 1845 lumine
2054 1793 2259 1849 illumi-

2377 581 2485 647 τὸν,
2516 584 2575 634 st’
2602 580 2851 653 καθάπερ
2880 582 3042 645 αὐτὸς
3080 582 3395 652 ὠνόμασται
3425 582 3561 652 φῶς,
3592 581 3735 636 οὕτω
3768 583 3865 636 καὶ
3891 581 3970 637 τὰ

2374 672 2594 741 λογικάς
2654 692 2673 725 ι
2707 673 2895 744 Ὑμεῖς
2938 674 3051 744 γάρ
3095 675 3217 726 ἐστε
3258 674 3352 727 τοῦ
3398 673 3608 744 κόσμου
3654 674 3717 727 τὸ
3761 673 3902 742 φῶς,
3942 692 3963 725 ι

2374 765 2572 835 ἢκουον
2598 766 2648 818 ot
2681 764 2939 835 μαθηταί.
2973 765 3037 816 Τί
3066 760 3159 819 οὖν
3181 782 3196 828 ;
3221 758 3265 817 ὦ
3291 764 3555 835 βέλτιστε,
3591 765 3754 819 πάλιν
3794 764 3969 835 ἐροῦ-

2375 875 2473 929 μεν
2515 859 2666 929 αὐτῷ
2686 874 2698 887 °
2745 858 2857 912 θεοὶ
2887 859 2981 910 καὶ
3005 856 3140 909 Θεοῦ
3172 858 3280 910 υἱοὶ
3314 857 3466 927 παρά
3496 859 3616 919 ταῖς
3656 855 3834 918 θείαις
3866 872 3971 907 κε-

2370 950 2617 1022 κλήμεθα
2645 951 2908 1019 Γραφαῖς,
2941 949 3082 1002 κατά
3121 950 3181 1001 τό
3207 966 3219 978 ·
3252 967 3270 998 ι
3303 948 3443 1015 Ἐγὼ
3473 943 3624 1010 εἶπα,
3649 947 3773 1000 Θεοί
3805 949 3963 1011 ἐστε,

2369 1042 2462 1095 καὶ
2483 1043 2587 1095 utet
2628 1042 2881 1111 Ὑψίστου
2908 1043 3140 1106 πάντες;
3174 1061 3191 1091 ι
3212 1037 3280 1093 *Α
3292 1042 3335 1111 ρ’
3359 1036 3452 1093 οὖν
3478 1040 3705 1109 ἀφέντες
3731 1038 3791 1091 τὺ
3814 1035 3966 1090 εἶναι

2369 1134 2508 1187 κατά
2537 1134 2717 1204 φύσιν,
2753 1134 2892 1203 ὅπερ
2929 1134 3118 1203 ἐσμὲν,
3160 1132 3253 1183 ἐπὶ
3287 1130 3383 1202 τὴν
3410 1130 3559 1184 θείαν
3588 1147 3671 1190 τε.
3719 1130 3813 1183 καὶ
3856 1129 3967 1199 5(a-

2369 1226 2532 1294 ρητον
2559 1224 2747 1276 οὐσίαν
2794 1222 3198 1292 ἀναϐησόμεθα,
3248 1222 3341 1275 καὶ⁵
3367 1222 3460 1274 τὸν
3495 1222 3589 1274 τοῦ
3616 1220 3753 1274 Θεοῦ
3778 1221 3965 1287 Λόγον

2366 1315 2465 1384 τῆς
2495 1317 2614 1367 κατ’
2643 1314 2902 1386 ἀλήθειαν
2930 1314 3286 1377 ἐκϐάλλοντες
3332 1313 3578 1381 υίότητος
3598 1354 3611 1378 ,
3656 1314 3769 1365 ἀντ’
3802 1312 3962 1364 ἑκεί-

2366 1421 2459 1460 νου
2484 1405 2562 1477 τῷ
2590 1407 2766 1477 Πατρί
2806 1406 3252 1477 συνεδρεύσομεν,
3280 1406 3375 1459 καὶ
3408 1404 3666 1457 ὑπόθεσιν
3696 1403 3963 1466 ἀσεϐείας

2365 1496 2464 1567 τὴν
2507 1498 2599 1550 τοῦ
2645 1498 2916 1568 τιμῶντος
2950 1495 3291 1569 ποιησόμεθα
3332 1497 3527 1569 χάριν;
3580 1496 3673 1565 Μὴ
3712 1496 3954 1565 γένοιτο’

2364 1587 2479 1640 ἀλλ’
2526 1588 2680 1641 ἔσται
2730 1588 2828 1657 μὲν
2886 1590 2944 1642 ὲν
3002 1584 3197 1660 οἷσπερ
3243 1589 3390 1640 ἐστὶν
3445 1589 3884 1658 ἀπαραποιήτως
3925 1588 3960 1639 ὁ

2366 1679 2493 1743 Υἱός
2523 1696 2539 1710 °
2598 1679 2740 1732 θετοί
2781 1679 2836 1732 δὲ
2878 1681 3038 1750 ἡμεῖς
3086 1682 3165 1744 εἰς
3212 1681 3454 1750 υίότητα,
3508 1679 3601 1732 καὶ
3642 1679 3753 1732 θεοὶ
3808 1679 3961 1731 κατά

2362 1773 2542 1844 χάριν,
2584 1773 2686 1826 οὐκ
2722 1772 3043 1840 ἀγνοοῦντες
3082 1774 3219 1844 ὅπερ
3262 1773 3458 1842 ἐσμέν
3512 1771 3656 1825 οὓτω
3701 1770 3758 1824 δὲ
3807 1768 3957 1823 εἶναι

691 1876 824 1922 naut
850 1910 862 1932 ,
905 1868 1009 1939 75
1054 1875 1555 1931 communicatione
1589 1876 1970 1934 doctrinarum
2022 1898 2161 1952 quas
2198 1900 2263 1939 ex

2373 1866 2466 1919 καὶ
2532 1864 2646 1933 φῶς
2732 1866 2856 1929 τοὺς
2923 1866 3111 1934 ἁγίους
3182 1866 3532 1935 πιστεύομεν.
3612 1863 3825 1935 Χρῆναι

692 1975 790 2014 sua
827 1970 1003 2017 mente
1024 1962 1078 2016 in
1107 1964 1335 2019 aliorum
1365 1974 1599 2023 mentem
1627 1972 1924 2027 infundunt
1948 1992 1962 2029 ;
1988 1993 2108 2045 quae
2142 1979 2267 2033 illit-

692 2052 921 2107 mlnatio
959 2054 1204 2111 doctrina
1245 2058 1372 2127 jure
1407 2062 1587 2131 potius
1626 2066 1946 2135 appellanda
1980 2078 2064 2125 est
2104 2087 2263 2141 quam

692 2147 970 2201 revelatio.
1005 2148 1110 2202 Sed
1135 2147 1226 2204 Dei
1246 2149 1485 2207 Verbum
1520 2173 1539 2207 ι
1566 2157 1839 2215 illuminat
1863 2172 2075 2217 Omnem
2101 2166 2267 2221 homi-

695 2252 815 2291 nem
844 2240 1147 2295 venientem
1176 2243 1229 2297 in
1263 2245 1527 2301 muluium
1556 2292 1569 2313 ,
1610 2270 1626 2301 ι
1671 2267 1781 2307 ηοη
1837 2254 2085 2311 docendo
2119 2260 2264 2315 sicut

694 2330 911 2400 angeli,
949 2332 1098 2387 verbi
1138 2336 1347 2404 gratia,
1386 2337 1469 2393 vel
1498 2340 1784 2397 homines:
1836 2347 1929 2399 sed
1975 2350 2159 2417 potius
2208 2363 2268 2407 ut

698 2421 858 2485 Deus,
889 2425 1159 2491 creando,
1196 2428 1493 2500 unicuique
1521 2434 1595 2488 rei
1631 2435 1684 2487 in
1714 2445 1895 2491 ortum
1929 2439 2146 2496 educta:
2179 2459 2267 2497 sa-

696 2513 911 2580 pientiie
938 2514 1051 2569 sive
1081 2518 1416 2587 cognitionis
1447 2520 1645 2578 divina:
1674 2540 1858 2581 semen
1885 2529 2024 2583 indit
2049 2573 2062 2596 ,
2100 2540 2153 2585 et
2184 2534 2267 2587 in-

695 2606 1007 2675 t.-|ligentiae
1053 2609 1294 2665 radicem
1357 2613 1587 2680 inserit,
1645 2623 1812 2687 atque
1866 2621 1941 2674 ita
2000 2625 2268 2682 rationale

693 2700 895 2753 animal
923 2700 1102 2767 emeit,
1139 2713 1347 2758 natura:
1387 2705 1521 2760 illud
1548 2721 1663 2763 sure
1690 2711 1964 2781 particeps
1992 2715 2227 2773 reddens
2251 2760 2265 2783 ,

692 2801 745 2844 et
779 2791 1068 2849 iueﬂ'abilis
1095 2794 1178 2849 sui
1205 2798 1515 2865 splendoris
1548 2800 1761 2856 lucidos
1795 2805 1962 2858 veluti
1998 2807 2265 2876 quosdam

691 2899 921 2955 vapores
952 2888 1072 2953 ejus
1108 2889 1292 2942 animo
1321 2889 1639 2958 immittens,
1682 2910 1743 2949 ea
1772 2898 1985 2953 ratione
2013 2912 2077 2952 ac
2108 2901 2269 2955 modo

690 2989 801 3042 quo
833 2974 950 3045 ipse
979 2978 1148 3040 novit,
1188 2981 1321 3034 nihil
1348 2984 1494 3037 enim
1523 3000 1994 3053 supervacaneum
2024 2990 2115 3045 hic
2144 2992 2269 3046 aﬂ‘e-

691 3064 919 3119 rendum
974 3076 1127 3136 puto.
1155 3070 1425 3136 Quocirca
1467 3082 1659 3130 auctor
1703 3077 1794 3131 ille
1836 3080 2011 3135 nostri
2050 3084 2267 3152 generis

2368 1950 2520 2025 οἷμαι
2567 1957 2787 2010 κάκεῖνο
2838 1955 3330 2026 διασκεπτομὲνους
3364 1956 3514 2026 ὁρᾷν.
3564 1954 3645 2007 Τὰ
3696 1953 3795 2022 μὲν
3842 1950 3959 2021 γὰρ

2367 2046 2560 2115 λογικά
2606 2045 2715 2099 τῶν
2768 2046 3083 2116 κτισμάτων
3130 2046 3473 2116 φωτιζόμενα
3518 2043 3773 2113 φωτίζει,
3810 2042 3958 2095 κατά

2371 2137 2653 2207 μετάδοσιν
2720 2136 3095 2207 θεωρημάτων
3147 2135 3257 2189 τῶν
3314 2138 3377 2189 ἐκ
3433 2135 3522 2188 νοῦ
3572 2134 3708 2204 πρὸς
3757 2133 3956 2203 ἑτέραν

2367 2230 2727 2299 εἰσχεομὲνων
2755 2229 3028 2289 διάνοιαν,
3090 2229 3187 2281 καὶ
3235 2226 3551 2280 διδασκαλία
3590 2225 3791 2295 μᾶλλον
3831 2225 3959 2293 ἦτοι

2367 2319 2709 2389 ἀποκάλυψις
2734 2322 2763 2374 ό
2786 2318 3022 2381 τοιοῦτος
3057 2319 3121 2372 ἂν
3155 2319 3377 2380 δικαίως
3411 2316 3629 2370 καλοῖτο
3652 2315 3956 2384 φωτισμός.

2379 2411 2438 2463 '0
2457 2411 2513 2463 δὲ
2541 2410 2633 2463 τοῦ
2667 2410 2802 2463 Θεοῦ
2828 2410 3006 2479 Λόγος
3030 2426 3049 2460 ‹
3081 2410 3303 2478 φωτίζει
3351 2408 3526 2461 πάντα
3551 2406 3837 2477 ἄνθρωπον
3862 2408 3957 2473 ἑρ-

2368 2503 2596 2573 χόμενον
2632 2504 2709 2565 εἰς
2738 2501 2830 2556 τὸν
2861 2503 3066 2573 κόσμον
3099 2520 3118 2553 ι
3154 2502 3213 2554 ού
3241 2499 3636 2561 διδασκαλικῶς
3659 2536 3673 2561 ,
3703 2497 3962 2564 καθάπερ

2369 2597 2591 2665 ἄγγελοι
2618 2596 2796 2667 τυχὸν,
2829 2598 2861 2669 ἢ
2897 2597 2991 2650 καὶ
3014 2596 3109 2652 ἄνθ
3119 2612 3310 2667 ρωποι,
3335 2592 3471 2647 ἀλλά
3498 2591 3698 2662 μᾶλλον
3721 2592 3799 2652 ὡς
3824 2588 3960 2653 Θεὸς

2368 2690 2773 2761 δημιουργικῶς
2815 2688 3032 2757 ἑκάστῳ
3060 2687 3167 2739 τῶν
3205 2687 3282 2748 είς
3316 2685 3378 2737 τὸ
3416 2678 3556 2735 εἶναι
3603 2678 3962 2749 καλουμένων

2372 2780 2594 2850 σπέρμα
2624 2779 2836 2848 σοφίας,
2870 2777 2987 2848 ἤτοι
3017 2774 3343 2844 θεογνωσίας
3374 2772 3635 2841 ἐντίθησι,
3672 2770 3763 2824 καὶ
3801 2768 3963 2839 ῥίζαν

2369 2872 2664 2943 ὲμφυτεύει
2696 2871 2963 2931 συνέσεως
2984 2908 2997 2931 ,
3053 2867 3269 2936 λογικόν
3308 2883 3367 2918 τε
3403 2864 3573 2926 οὕτως
3613 2861 3867 2916 ἀποτελεῖ
3900 2861 3963 2912 τὸ

2370 2965 2509 3029 ζῶον
2544 2965 2644 3035 τῆς
2672 2962 2878 3025 οἰκείας
2904 2960 3118 3029 φύσεως
3153 2958 3379 3029 μέτοχον
3406 2952 3775 3009 ἀποδεικνύων
3796 2992 3812 3016 ,
3864 2953 3965 3003 καὶ

2369 3057 2469 3127 τῆς
2526 3055 2806 3125 ἀφράστου
2869 3052 3253 3122 λαμπρότητος
3308 3048 3497 3118 ὥσπερ
3544 3049 3695 3109 τινάς
3748 3045 3964 3114 ἀτμοὺς

2933 3143 2967 3171 Γ.
2994 3143 3067 3171 ...Ἃ
3109 3142 3230 3171 ..-ιδ’
3270 3140 3328 3171 31..
3351 3140 3510 3171 mu'm-Xn
3539 3134 3643 3171 ait:
3675 3137 3873 3171 ρΛΑφΛυ
3898 3153 3930 3171 ῳ

692 3155 900 3219 Adam,
954 3173 1060 3213 non
1105 3159 1156 3213 in
1196 3168 1481 3231 tempore,
1530 3165 1693 3220 sicuti
1746 3182 1847 3224 nos
1876 3210 1890 3232 ,
1942 3171 2265 3241 sapientiam

2373 3147 2679 3215 φωτοειδεῖς
2701 3148 2863 3207 ὲνιεις
2892 3143 2969 3214 τῷ
2994 3143 3088 3212 νῷ,
3109 3142 3230 3195 καθ’
3270 3140 3328 3194 ὃν
3350 3140 3510 3201 αὐτὸς
3539 3137 3647 3190 οἶδε
3675 3137 3873 3207 τρόπον
3898 3153 3963 3188 τε

2442 3238 2453 3249 ι
2493 3237 2551 3249 ιι
2733 3236 2810 3249 Α..
2883 3236 2895 3249 ι
3049 3231 3071 3249 ν
3232 3233 3287 3249 κν
3442 3232 3495 3249 ΩΑ
3534 3228 3821 3249 ,4,'_-_-__’,
3862 3244 3931 3249 -Α

691 3246 911 3302 videtur
945 3266 1070 3306 esse
1092 3262 1424 3311 consecutus
1448 3296 1462 3318 ,
1498 3257 1593 3312 sed
1625 3274 1652 3311 a
1689 3260 1866 3329 primo
1897 3263 2080 3318 statim
2112 3274 2268 3321 ortus

692 3339 775 3391 sui
820 3338 976 3393 initio
1007 3340 1246 3411 perfecta
1290 3344 1649 3416 intelligentia
1691 3349 1954 3418 praeditus
1979 3356 2265 3420 cernitur,

691 3428 823 3483 dum
862 3440 1142 3502 acceptam
1179 3432 1447 3491 divinitus
1488 3438 1938 3498 illuminationem
1998 3446 2266 3502 illibatam

691 3522 747 3575 in
794 3523 979 3592 Seipso
1030 3537 1426 3594 conservaret,
1471 3540 1526 3583 et
1579 3530 1848 3603 integram
1896 3544 2109 3592 natura:
2156 3554 2271 3594 sua:

694 3615 957 3670 retineret
1010 3615 1354 3686 dignitatem.
1404 3621 1678 3677 illuminat
1718 3625 1923 3694 igitur,
1978 3637 2036 3682 ut
2086 3631 2268 3701 opifex

696 3705 917 3775 quidem
960 3706 1163 3771 Filius,
1199 3711 1433 3767 maxime
1460 3728 1583 3767 cum
1614 3714 1684 3768 sit
1715 3716 1830 3785 ipse
1865 3718 1955 3771 lux
1985 3718 2074 3772 illa
2106 3738 2232 3775 vera
2254 3763 2266 3787 ,

694 3807 947 3855 creatura
978 3812 1158 3856 autem
1186 3804 1601 3874 participatione
1632 3823 1755 3861 cum
1786 3809 1909 3866 luce
1932 3852 1946 3873 ,
1987 3812 2269 3867 illumina-

696 3903 788 3945 tur
810 3934 824 3957 ,
853 3904 907 3948 et
939 3894 1144 3948 idcirco
1177 3894 1268 3950 lux
1304 3897 1508 3951 dicitur
1540 3904 1593 3952 et
1633 3908 1745 3963 est,
1776 3902 1842 3955 ad
1887 3919 1973 3959 res
2002 3920 2271 3974 superna-

696 3987 907 4040 turalcs
951 3994 1174 4052 evecta,
1218 3986 1574 4058 gloriﬁcantis
1616 3991 1742 4058 Dei,
1796 4002 1851 4047 et
1893 3998 2063 4050 variis
2098 3997 2269 4066 ipsam

697 4076 1020 4131 coronantis
1072 4072 1374 4135 honoribus
1421 4082 1637 4150 gratia,
1691 4083 1831 4138 adeo
1880 4094 1938 4137 ut
2002 4096 2273 4157 quotquot

698 4166 846 4221 hunc
894 4168 1158 4223 honorem
1204 4172 1515 4240 accepimus
1556 4176 1884 4240 juremerito
1926 4178 1979 4230 iu
2034 4179 2270 4233 medium

698 4258 937 4328 prodire,
970 4269 1023 4315 et
1054 4277 1248 4332 magna
1279 4279 1413 4318 voce
1438 4265 1641 4333 gratias
1662 4278 1884 4336 agentes
1912 4271 2273 4340 gratulatorio

696 4352 944 4407 carmine
974 4353 1157 4409 dicere
1195 4354 1489 4411 debeamus
1519 4373 1532 4408 :
1592 4375 1610 4408 ι
1645 4355 1896 4425 Benedic,
1928 4362 2107 4415 anima
2131 4376 2269 4428 mea,

702 4441 952 4510 Domino,
980 4454 1033 4499 et
1063 4448 1170 4501 noli
1207 4448 1452 4504 oblivisci
1476 4464 1667 4505 omnes
1703 4454 2088 4511 retributiones
2119 4456 2268 4526 ejus:

697 4536 795 4606 qui
847 4538 1173 4607 prepitiatur
1220 4542 1477 4598 omnibus
1530 4544 1916 4615 iniquitatibus
1971 4549 2122 4613 tuis,
2178 4549 2271 4618 qui
2307 4560 2348 4612 D

699 4637 1067 4685 Sanat-omnes
1101 4630 1442 4689 infirmitates
1471 4644 1624 4702 tuas;
1653 4636 1746 4705 qui
1774 4637 2074 4693 redimitde
2108 4639 2278 4693 inter-

697 4721 777 4774 itu
829 4722 991 4776 vitam
1039 4731 1218 4789 tuam;
1270 4726 1362 4795 qui
1403 4734 1636 4780 coronat
1678 4735 1727 4782 te
1783 4727 1837 4781 in
1892 4728 2274 4783 misericordia

695 4821 749 4867 et
779 4814 1265 4882 miserationibus;
1313 4819 1405 4888 qui
1439 4819 1611 4887 replet
1647 4819 1700 4871 in
1746 4819 1904 4873 bonis
1943 4820 2273 4877 desiderium

694 4914 850 4961 tuum
868 4906 933 4961 ⁸⁸.
971 4925 990 4960 ι
1024 4906 1177 4962 Facit
1203 4910 1346 4963 enim
1371 4910 1619 4980 profecto
1647 4911 2059 4967 misericordias
2094 4913 2271 4969 Domi-

696 5014 802 5054 nus
825 5040 840 5065 ,
877 5000 973 5069 qui
1008 5015 1097 5055 res
1122 5016 1322 5070 parvas
1354 5010 1518 5071 atque
1553 5002 1794 5071 abjectas
1814 5046 1828 5070 ,
1862 5004 1909 5057 si
1938 5013 2151 5059 natura:
2176 5021 2273 5060 cu-

693 5091 896 5161 jusque
940 5093 1082 5147 ratio
1129 5103 1447 5164 spectetur,
1498 5111 1729 5165 magnas
1778 5103 1941 5165 atque
1992 5099 2275 5154 mirabiles

698 5184 861 5238 ctlicit
894 5200 994 5240 sua
1015 5201 1141 5257 erga
1169 5188 1318 5257 ipsas
1352 5187 1598 5241 bonitate
1620 5227 1633 5249 ,
1671 5188 1872 5257 quippe
1903 5191 1993 5259 qui
2026 5193 2142 5246 suis
2176 5207 2275 5246 nos

698 5277 981 5331 cumulare
1004 5275 1163 5330 donis
1186 5276 1376 5340 voluit,
1406 5285 1462 5328 ut
1488 5274 1651 5338 Deus,
1683 5284 1846 5345 atque
1882 5278 2088 5331 idcirco
2142 5277 2275 5332 deos

698 5377 753 5421 et
800 5366 976 5421 lucem
1024 5368 1347 5436 appellavit,
1395 5368 1625 5435 aliisque
1684 5369 1953 5436 ejusmodi
2008 5369 2274 5423 bonorum

701 5461 1018 5523 nominibus
1060 5459 1300 5514 ornavit.
1339 5458 1502 5511 Addit
1545 5458 1830 5529 theologus
1874 5476 1975 5515 nec
2026 5459 2232 5514 frustra
2258 5500 2272 5522 ,

707 5574 725 5605 ι
757 5554 815 5610 ln
844 5554 1048 5609 mundo
1070 5560 1210 5618 erat,
1244 5571 1262 5603 ι
1298 5552 1662 5606 necessariam
1688 5552 1816 5606 hinc
1843 5553 1999 5608 nobis
2030 5561 2278 5607 contem-

703 5647 1000 5719 plationem
1035 5643 1297 5699 inferens.
1329 5643 1466 5698 Cum
1507 5644 1650 5699 enim
1684 5644 1921 5700 dixerit:
1963 5664 1982 5697 ι
2018 5643 2146 5698 Erat
2186 5644 2275 5697 lux

2371 3238 2464 3291 καὶ
2493 3237 2651 3306 λόγον
2670 3255 2685 3269 ·
2729 3236 2810 3289 δεῖ
2837 3236 2974 3306 γὰρ,
3020 3231 3172 3303 οἶμαι
3195 3273 3208 3297 ,
3232 3233 3411 3300 λέγειν
3437 3232 3496 3282 ὲν
3528 3229 3737 3291 τούτοις
3764 3228 3827 3280 οὐ
3860 3244 3965 3279 περ

2376 3329 2530 3401 ριττά
2555 3345 2567 3357 ·
2596 3329 2765 3382 διάτοι
2804 3326 2964 3379 τοῦτο
3006 3324 3101 3380 καὶ
3138 3327 3166 3378 ὁ
3206 3323 3504 3394 προπάτωρ
3537 3320 3742 3391 Ἀδὰμ,
3776 3319 3877 3372 οὐκ
3902 3320 3962 3371 ὲν

2371 3423 2582 3493 χρόνῳ,
2622 3419 2873 3489 καθάπερ
2898 3419 3060 3489 ἡμεῖς
3079 3458 3093 3481 ,
3123 3416 3185 3469 τὸ
3225 3412 3362 3469 εἶναι
3394 3413 3554 3481 σοφὸς
3582 3409 3962 3480 ἁποκερδάνας

2371 3514 2596 3585 ὁρᾶται,
2641 3510 2759 3564 ἀλλ’
2794 3512 2859 3563 ἐκ
2908 3509 3141 3578 πρώτων
3194 3506 3354 3569 εὐθὺς
3395 3503 3503 3557 τῶν
3555 3503 3653 3573 τῆς
3691 3500 3964 3570 γενέσεως

2372 3605 2579 3677 χρόνων
2609 3603 2812 3666 τέλειος
2851 3604 2907 3655 ἐν
2952 3600 3165 3654 συνέσει
3200 3599 3480 3668 φαίνεται,
3527 3594 3617 3646 τὸν
3646 3591 3962 3659 δοθέντατῇ

2374 3695 2533 3765 φύσει
2562 3694 2713 3766 παρά
2729 3692 2863 3747 Θεοῦ
2893 3692 3170 3763 φωτισμὸν
3187 3690 3452 3744 ἀθόλωτον
3472 3686 3573 3751 ἔτι,
3599 3686 3693 3739 καί⁹
3716 3682 3963 3753 καθαρὸν

2372 3788 2652 3852 διασώζων
2686 3790 2742 3841 ὲν
2772 3786 2981 3857 ἐαυτῷ,
3027 3786 3121 3839 καὶ
3153 3781 3529 3853 ἁκαπήλευτον
3558 3779 3696 3848 ἔχων
3722 3776 3822 3843 τῆς
3856 3774 3963 3843 φύε

2377 3899 2512 3945 σεως
2537 3882 2597 3933 τὸ
2627 3880 2864 3951 ἀξίωμα.
2926 3878 3153 3942 Φωτίζει
3191 3875 3508 3945 τοιγαροῦν,
3552 3869 3964 3942 δημιουργικῶς

2378 3974 2475 4043 μὲν
2502 3976 2529 4024 ὁ
2558 3972 2705 4035 Υἱὸς,
2739 3971 2833 4023 ἆτε
2852 3970 2914 4039 δὴ
2944 3970 3003 4022 τὸ
3025 3967 3139 4037 φῶς
3166 3967 3423 4036 ὑπάρχων
3447 3964 3578 4017 αὐτὸ
3597 3964 3657 4016 τὸ
3682 3960 3962 4032 ἀληθινὸν,

2375 4064 2515 4118 κατά
2532 4063 2765 4133 μετοχὴν
2794 4062 2850 4113 δὲ
2880 4062 2912 4131 ἡ
2930 4059 3109 4123 κτίσις
3128 4058 3228 4128 τὴν
3248 4056 3384 4129 πρὸς
3412 4056 3472 4109 τὸ
3493 4056 3608 4124 φῶς
3637 4052 3966 4122 ἐκλαμπρὺ-

2374 4173 2522 4207 νεται
2543 4195 2556 4215 ,
2604 4154 2698 4206 καὶ
2728 4152 2973 4205 καλεῖται
2997 4150 3087 4204 διά
3112 4148 3302 4211 τοῦτο,
3351 4148 3445 4201 καὶ
3472 4148 3679 4214 γίνεται
3710 4144 3850 4213 φῶς,
3882 4143 3966 4204 εἰς

2374 4248 2441 4299 τὰ
2475 4245 2614 4317 ὑπὲρ
2651 4245 2812 4313 φύσιν
2853 4242 3218 4298 ἀναόαίνουσα
3261 4240 3346 4293 διά
3375 4240 3472 4309 τὴν
3497 4235 3592 4292 τοῦ
3636 4236 3967 4303 δοξάσαντος

2375 4339 2553 4409 χάριν,
2601 4337 2693 4390 καὶ
2726 4335 3005 4406 διαφόροις
3054 4333 3225 4404 αὐτὴν
3274 4332 3562 4400 στέφοντος
3610 4330 3833 4398 τιμαῖς,
3888 4325 3967 4387 ὠς

2375 4432 2530 4502 ἥκειν
2558 4432 2637 4494 είς
2675 4430 2838 4501 μέσον
2884 4427 3123 4494 εὐλόγως
3155 4424 3266 4477 τῶν
3297 4421 3673 4492 τετιμημένων
3704 4420 3964 4481 ἕκαστον,

2376 4524 2467 4575 καὶ
2495 4521 2558 4592 δὴ
2592 4519 2981 4591 χαριστηρίους
3014 4515 3360 4569 ἀνατείνοντα
3383 4509 3710 4582 προσευχὰς,
3750 4507 3965 4579 μεγάλῃ

2376 4614 2561 4668 λοιπὸν
2594 4611 2959 4683 ἀναμελῳδεῖν
2988 4612 3053 4680 τῇ
3091 4610 3241 4678 φωνῇ
3269 4623 3284 4638 ο
3317 4624 3337 4657 ι
3366 4604 3594 4671 Εύλόγει
3622 4604 3655 4672 ἡ
3681 4601 3827 4671 ψυχή
3860 4616 3965 4670 μου

2378 4707 2468 4758 τὸν
2499 4705 2728 4775 Κύριον,
2766 4703 2861 4755 καὶ
2891 4701 2963 4772 μὴ
2990 4698 3349 4753 ἐπιλανθάνου
3385 4697 3567 4758 πάσας
3596 4694 3696 4756 τάς
3721 4695 3966 4746 ἀνταπο-

2376 4796 2549 4858 δόσεις
2577 4794 2765 4849 αὐτοῦο
2801 4794 2889 4847 τὸν
2918 4792 3296 4847 εύιλατεύοντα
3326 4790 3530 4852 πάσαις
3551 4790 3671 4849 ταῖς
3707 4784 3970 4853 ἀνομίαις

2379 4905 2494 4951 σου,
2524 4887 2615 4939 τὸν
2648 4885 2874 4956 ἰώμενον
2909 4886 3091 4948 πάσας
3121 4884 3220 4947 τὰς
3241 4883 3429 4945 νόσους
3460 4898 3575 4943 σου,
3623 4879 3713 4932 τὸν
3738 4876 3968 4945 λυτρούς-

2382 4996 2539 5048 μενον
2562 4980 2625 5030 ἐκ
2642 4977 2847 5049 φθορᾶς
2877 4977 2976 5049 τὴν
3000 4977 3143 5047 ζωήν
3170 4993 3286 5039 σου,
3308 4974 3400 5026 τὸν
3423 4968 3789 5039 στεφανοῦν-τά
3820 4984 3883 5019 σε
3911 4970 3967 5019 ἐν

2384 5072 2542 5134 ἐλέει,
2563 5072 2657 5124 καὶ
2676 5074 2994 5141 οίκτιρμοῖς,
3027 5070 3119 5124 τὸν
3145 5067 3432 5140 ἐμπιπλῶν
3443 5083 3510 5119 τα
3536 5067 3593 5117 ὲν
3622 5060 3845 5130 ἀγαθοῖς
3867 5060 3969 5130 τὴν

2383 5164 2674 5234 ἐπιθυμίαν
2728 5178 2840 5217 σου.
2892 5183 2909 5213 ι
2959 5165 3111 5216 Ποιεῖ
3152 5161 3262 5234 γὰρ
3312 5161 3480 5222 ὅντως
3528 5154 3901 5225 ἐλεημοσύνας
3943 5154 3971 5205 ὁ

2382 5256 2606 5328 Κύριος,
2639 5256 2708 5309 τά
2739 5254 2910 5326 μικρά
2936 5253 3460 5322 καιέξουθενημένα,
3491 5248 3635 5303 κατά
3658 5264 3724 5316 γε
3750 5246 3844 5299 τὸν
3866 5245 3968 5313 τῆς

2382 5347 2587 5411 οἰκείας
2637 5348 2850 5417 φύσεως
2884 5347 3075 5414 λόγον,
3135 5345 3369 5415 μεγάλα,
3422 5341 3518 5395 καὶ
3552 5336 3970 5407 ἀξιοθαύμαστα

2384 5440 2472 5492 διὰ
2501 5440 2601 5509 τῆς
2644 5442 2725 5502 εἰς
2756 5438 2898 5491 αὐτά
2933 5437 3295 5509 χρηστότητος
3335 5430 3738 5493 ἀποδεικνύων,
3778 5429 3968 5515 ῶσπερ

2384 5526 2477 5584 οῦν
2498 5530 2689 5600 ἀμέλει
2715 5530 2811 5582 καὶ
2837 5532 2984 5599 ἡμᾶς
3014 5532 3123 5592 τοῖς
3152 5528 3305 5591 ἰδίοις
3334 5527 3497 5581 αὐτοῦ
3532 5522 3966 5594 κατασεμνύνειν

2387 5624 2611 5691 ἀγαθοῖς
2640 5621 2839 5693 χρῆναι
2868 5620 2975 5673 δεῖν
3015 5620 3261 5690 ἀῳθόνως,
3292 5618 3612 5687 ἐδοκίμασεν
3754 5616 3785 5675 ό
3814 5612 3968 5675 Θεὸς,

779 5811 824 5842 ⁸³
867 5809 1056 5865 Matth.
1093 5826 1141 5870 ν.
1184 5809 1263 5865 Η.
1340 5811 1383 5843 ⁸³
1418 5810 1561 5866 Psal.
1595 5825 1754 5864 Lxxxt
1780 5848 1792 5871 ,
1831 5809 1880 5861 6.
1963 5808 2006 5838 ⁸⁵
2047 5804 2194 5859 Psal.
2228 5819 2337 5866 cn,
2381 5802 2484 5856 l-S.
