4168 6576
290 430 395 486 129

1373 416 1439 471 ιΝ
1466 415 1763 472 JOANNIS
1798 411 2250 471 EVANGELIUM
2290 415 2421 473 LIB.
2460 418 2501 472 I.
2594 370 2597 374 ι

3440 420 3541 476 130

287 545 386 597 καὶ
410 539 497 595 διὰ
525 538 681 592 τοῦτο
711 536 867 600 θεοὺς
890 552 971 603 τε,
990 535 1081 589 καὶ
1103 533 1237 603 φῶς,
1261 532 1354 586 καὶ
1382 531 1436 583 τί
1466 530 1575 600 γάρ
1606 529 1727 599 οὐχὶ
1755 527 1863 581 τῶν

1968 541 2114 593 vera,
2140 544 2261 597 quae
2290 530 2561 585 illuminat
2594 546 2810 587 omnem
2837 532 3112 589 hominem
3146 535 3450 590 venientem
3484 537 3543 593 in

285 634 513 704 ἀγαθῶν
565 629 851 685 ἀποκαλεῖ.
903 623 1036 680 Εἶτα
1076 625 1212 696 πρὸς
1244 623 1418 693 τούτῳ
1448 622 1630 692 φησὶν,
1666 622 1747 673 ὅτι
1775 620 1867 672 καὶ

295 748 313 778 ι
339 727 426 779 Ἐν
455 724 533 795 τῷ
568 722 759 792 κόσμῳ
783 716 850 791 ἦν
868 734 882 749 ο
920 738 939 771 ι
992 717 1188 785 ἐπάγει
1219 714 1313 768 καὶ
1338 714 1506 766 τοῦτο
1531 710 1814 783 χρησίμως
1838 712 1866 763 6

290 816 540 884 θεολόγοξ
555 854 569 876 .
615 810 1053 881 ἀναγκαιοτάτην
1075 810 1205 879 ἡμῖν
1220 806 1287 859 δι’
1308 804 1472 860 αὑτοῦ
1510 805 1608 873 τὴν
1635 800 1867 872 θεωρίαν

290 907 533 976 εἰσφέρει
550 904 660 974 [Im
677 898 991 972 είσφέρων].
1022 897 1241 968 Ἐπειδὴ
1255 896 1361 967 γὰρ
1377 896 1502 967 ἔφη,
1522 890 1657 947 «Ἦν
1672 893 1733 946 τὸ
1752 892 1867 962 φῶς

288 999 350 1051 τὸ
377 995 648 1067 ἀληθινὸν.
673 994 701 1047 ὃ
720 992 942 1062 φωτίζει
960 993 1138 1047 πάντα
1156 991 1440 1061 ἄνθρωπον
1464 987 1758 1059 ἐρχόμενον
1780 986 1861 1049 είς

288 1091 378 1143 τὸν
400 1089 621 1158 κόσμον,
637 1083 730 1158 »ἦν
748 1086 805 1139 δὲ
820 1086 881 1140 οὐ
912 1084 1118 1154 σφόδρα
1136 1085 1250 1146 τοῖς
1265 1081 1633 1154 ἀκροωμένοις
1652 1096 1715 1132 συ
1724 1094 1868 1148 μφα-

289 1182 379 1244 ve;
398 1220 415 1244 ,
450 1179 678 1249 πότερόν
705 1194 834 1231 ποτε
865 1176 959 1230 τὸν
1005 1175 1291 1247 ἄνθρωπον
1320 1174 1633 1243 ἐρχόμενον
1659 1173 1739 1232 είς
1770 1169 1863 1224 τὸν

287 1273 491 1343 κόσμον
520 1271 739 1340 φωτίζει
761 1270 823 1323 τὸ
848 1268 984 1339 φῶς,
1020 1266 1052 1338 ἢ
1079 1267 1210 1320 αὐτὸ
1229 1266 1290 1319 τὸ
1323 1266 1437 1334 φῶς
1479 1265 1541 1317 τὸ
1589 1261 1861 1333 ἀληθινὸν,

286 1365 362 1427 ὡς
374 1364 483 1419 ἀπό
499 1380 643 1426 τινος
660 1361 849 1433 ἑτέρου
878 1360 1046 1414 τόπου
1071 1356 1420 1430 μεταχθιροῦν
1433 1356 1511 1417 είς
1528 1356 1619 1409 τὸν
1639 1354 1863 1422 κόσμον,

284 1456 375 1508 τὸν
402 1457 481 1518 είς
506 1456 713 1516 πάντας
746 1452 1069 1524 ἀνθρώπους
1100 1452 1331 1504 ποιεῖται
1364 1446 1664 1515 φωτισμὸν,
1701 1446 1867 1512 ἀναγ-

284 1548 457 1611 καίως
490 1547 621 1617 ἡμῖν
653 1549 681 1599 6
713 1543 1163 1615 ΙΙνευματοφόρος
1188 1539 1518 1594 ὲκκαλύπτει
1549 1537 1612 1590 τὸ
1643 1536 1862 1608 ἀληθὲς,

285 1638 379 1691 καὶ
411 1636 519 1689 τῶν
546 1636 777 1689 ιοίκείων
808 1633 1071 1705 ῥημάτων
1099 1630 1441 1704 διερμηνεύει
1487 1629 1583 1700 τὴν
1611 1627 1861 1696 δύναμιν,

286 1728 460 1796 λέγων
500 1728 663 1790 εὐθὺς
705 1728 837 1797 περὶ
875 1725 972 1780 τοῦ
1012 1725 1218 1795 φωτὸς,
1246 1724 1327 1777 ὅτι
1373 1740 1390 1773 ι
1434 1722 1523 1773 Ἐν
1556 1720 1633 1790 τῷ
1673 1721 1864 1791 κόσμῳ

284 1816 387 1889 ἦν·
430 1838 449 1872 ι
500 1818 589 1873 ἵνα
614 1818 802 1873 λοιπὸν
824 1819 886 1872 τδ
926 1835 944 1869 ι
991 1816 1284 1888 ἐρχόμενον
1323 1815 1403 1876 είς
1448 1813 1539 1866 τὸν
1590 1813 1793 1883 κόσμον
1835 1828 1858 1869 ο

1969 617 2113 672 hunc
2146 620 2430 685 mundum,
2467 636 2566 676 nec
2592 623 2700 694 76
2745 626 3087 681 auditoribus
3116 626 3407 681 admodum
3448 642 3546 696 pa.

1969 718 2147 773 teret,
2196 719 2379 766 utrum
2420 713 2832 785 intelligendum
2868 726 3049 781 esset,
3122 716 3408 773 Hominem
3446 734 3537 772 ve-

1968 802 2207 858 nientem
2256 804 2312 859 in
2342 805 2495 860 hunc
2526 807 2791 861 mundum
2824 809 2914 863 lux
2951 809 3253 874 illuminat,
3318 825 3385 863 an
3421 808 3542 864 Lux

1967 908 2097 949 vera
2122 896 2228 950 alio
2250 899 2485 966 quodam
2507 914 2573 953 ex
2599 899 2722 953 loco
2740 902 2962 957 veniens
2986 902 3039 956 in
3070 903 3217 957 hunc
3240 903 3499 958 mundum
3525 921 3539 958 :

1967 987 2286 1042 necessario
2342 988 2505 1045 nobis
2545 987 2788 1045 Joannes
2837 993 3125 1048 veritatem
3169 996 3436 1065 exponit,
3487 1003 3544 1050 et

1968 1092 2193 1131 suorum
2236 1078 2532 1135 verborum
2582 1081 2691 1136 vim
2731 1090 2786 1138 et
2831 1097 3051 1139 sensum
3104 1085 3499 1156 interpretatur
3525 1125 3540 1150 ,

1966 1166 2114 1222 illico
2147 1170 2449 1239 subjiciens
2500 1172 2568 1227 de
2625 1173 2751 1228 luce
2782 1191 2796 1229 :
2848 1196 2867 1227 ι
2906 1175 2963 1230 1η
3001 1176 3205 1232 mundo
3234 1188 3390 1243 erat,
3421 1196 3439 1229 ι
3484 1183 3545 1231 ut

1967 1261 2098 1317 illud
2150 1262 2365 1319 demum
2396 1304 2413 1329 ,
2471 1285 2490 1318 ι
2528 1267 2829 1323 venientem
2884 1268 2938 1322 in
2977 1268 3125 1323 hunc
3172 1261 3435 1323 mundum
3461 1306 3477 1333 ,
3518 1289 3538 1319 ι

1968 1354 2303 1425 intelligatur
2334 1358 2401 1412 de
2426 1359 2670 1422 homine,
2699 1369 2752 1416 et
2777 1362 2843 1417 de
2866 1362 3381 1417 naturailluminata
3406 1378 3545 1433 prae-

1965 1443 2213 1510 dicetur,
2259 1456 2447 1518 utpote
2494 1467 2617 1519 quae
2667 1467 2737 1506 ex
2796 1454 2968 1508 nihilo
3008 1454 3078 1508 ad
3123 1470 3249 1510 esse
3290 1462 3539 1510 vocatur.

1965 1534 2169 1591 Locum
2207 1540 2348 1593 enim
2386 1542 2552 1598 veluti
2593 1544 2882 1612 quemdam
2929 1556 3311 1602 creaturarum
3353 1547 3545 1602 animo

1964 1628 2344 1697 concipimus,
2399 1634 2658 1689 nimirum
2686 1636 2985 1707 aliquando
3032 1653 3140 1693 non
3189 1653 3344 1704 esse,
3399 1639 3545 1695 unde

1965 1717 2031 1770 ad
2086 1735 2209 1775 esse
2258 1724 2673 1791 quodammodo
2720 1728 3083 1797 prodeuntes,
3119 1731 3285 1784 alium
3320 1731 3542 1786 tandem

1966 1809 2145 1863 locum
2186 1812 2240 1864 in
2282 1815 2602 1871 exsistentia
2640 1819 2884 1888 capiunt.
2906 1820 3387 1877 Accommodatius
3414 1836 3546 1893 ergo

287 1912 429 1965 κατὰ
452 1912 546 1965 τοῦ
576 1911 865 1982 ἀνθρώπου
891 1913 1040 1979 νοῇς,
1075 1909 1169 1961 καὶ
1200 1906 1399 1978 μᾶλλον
1429 1905 1531 1977 τῆς
1557 1904 1863 1975 φωτιζομέ-

1967 1909 2135 1968 atque
2177 1903 2465 1961 decentius
2507 1906 2575 1961 de
2604 1916 2799 1962 natura
2850 1909 3132 1963 hominum
3178 1909 3288 1965 dici
3323 1920 3541 1981 potest,

288 2022 384 2075 νης
414 2004 784 2075 κατηγορῆται
820 2003 1063 2071 φύσεως,
1096 2001 1169 2063 ὡς
1202 2001 1267 2052 ἐκ
1293 1997 1387 2052 τοῦ
1419 1997 1493 2069 μὴ
1526 1998 1676 2061 ὄντος
1698 2000 1777 2061 είς
1804 1996 1867 2052 τὸ

287 2092 423 2150 εῖναι
462 2095 798 2166 καλουμένης
830 2112 842 2125 ·
891 2094 1054 2155 τόπος
1102 2093 1212 2162 γὰρ
1246 2091 1435 2161 ὥσπερ
1479 2089 1562 2153 τίς
1607 2091 1724 2143 ἐστι
1754 2090 1867 2153 τοῖς

286 2190 536 2258 γενητοῖς
572 2186 786 2256 ἐπινοίᾳ
822 2184 1197 2254 θεωρούμενος
1220 2182 1282 2234 τὸ
1323 2182 1397 2252 μὴ
1425 2176 1563 2235 εἷναί
1595 2196 1746 2243 ποτε,
1771 2180 1866 2247 ἀφ’

283 2273 344 2331 οὗ
368 2280 431 2349 δὴ
477 2278 679 2350 τρόπον
716 2275 839 2329 τινὰ
883 2275 1019 2345 πρὸς
1052 2275 1113 2327 τὸ
1161 2270 1300 2327 εἶναι
1342 2273 1659 2343 βαδίζοντα,
1701 2269 1868 2326 τόπον

284 2372 471 2440 ἓτερον
504 2369 605 2440 ἤδη
640 2369 731 2422 τὸν
765 2370 822 2420 ὲν
858 2365 1088 2439 ὑπάρξει
1115 2365 1405 2436 λαμϐάνει.
1437 2362 1644 2418 Οὐκοῦν
1670 2361 1867 2418 οίκειό·

285 2462 442 2531 τερίν
475 2478 533 2514 τε
592 2462 686 2514 καὶ
713 2458 1160 2531 πρεπωδέστατον
1188 2460 1220 2529 ἡ
1250 2457 1361 2511 τῶν
1410 2454 1714 2526 ἀνθρώπων
1738 2456 1865 2507 επι-

281 2552 496 2616 δέξεται
519 2550 683 2620 φύσις
722 2549 784 2602 τὸ
817 2551 881 2602 ἐκ
910 2549 1144 2621 πρώτων
1184 2548 1346 2611 εὐθὺς
1378 2546 1707 2616 φωτίζεσθαι
1737 2543 1867 2617 χρό-

284 2661 418 2707 νων,
475 2642 787 2713 σύνδρομόν
822 2658 917 2704 τε,
978 2641 1072 2693 καὶ
1125 2636 1743 2708 συγκατεσκευασμένην
1787 2631 1869 2707 τῷ

283 2731 423 2787 εἶναι
465 2733 769 2802 λαμϐάνειν
794 2726 915 2802 ’τὴν
947 2732 1163 2786 σύνεσιν
1208 2730 1361 2802 παρὰ
1403 2731 1496 2783 τοῦ
1522 2730 1674 2793 ὄντος
1698 2732 1756 2784 ὲν
1788 2728 1869 2801 τῷ

285 2827 477 2895 κόσμῳ
505 2825 701 2891 φωτὸς,
732 2823 875 2876 τοῦτ’
902 2822 1016 2875 ἔστι
1034 2864 1049 2890 ,
1083 2822 1175 2877 τοῦ
1207 2821 1543 2890 Μονογενοῦς
1563 2861 1577 2885 ,
1600 2821 1659 2885 ὃς
1684 2821 1748 2891 δὴ
1772 2820 1867 2873 καὶ

283 2917 510 2986 ἀρρήτῳ
543 2917 609 2984 τῇ
652 2915 751 2983 τῆς
784 2912 1034 2982 θεότητος
1065 2913 1301 2983 ,δυνάμει
1342 2912 1412 2965 τὰ
1440 2913 1619 2967 πάντα
1648 2912 1865 2982 πληροῖ,

286 3007 382 3058 καὶ
413 3006 755 3075 συμπάρεστι
799 3004 896 3073 μὲν
924 3001 1173 3071 ἀγγέλοις
1201 3005 1257 3054 ὲν
1282 3002 1494 3072 οὐρανῷ
1512 3042 1525 3065 ,
1574 2999 1788 3055 σύνεστι
1809 2999 1869 3055 δὲ

280 3099 395 3158 τοῖς
428 3097 520 3149 ἐπὶ
544 3097 645 3166 τῆς
680 3097 801 3165 γῆς,
826 3094 980 3149 κενὸν
1025 3093 1082 3147 δὲ
1109 3094 1205 3164 τῆς
1230 3093 1424 3147 ἑαυτοῦ
1461 3094 1714 3163 θεότητος
1744 3089 1867 3146 οὐδὲ

280 3188 445 3241 αὐτὸν
468 3187 662 3256 ἀφίησι
690 3186 782 3238 τὸν
811 3186 963 3257 ᾅδην,
1000 3186 1093 3237 καὶ
1126 3188 1373 3255 πανταχῇ
1403 3189 1517 3248 τοῖς
1545 3187 1710 3239 πᾶσιν
1739 3186 1864 3239 ἑπι-

277 3278 467 3347 δημῶν
503 3278 714 3338 οὐδενὸς
748 3277 1143 3339 ἀπανίσταται,
1183 3275 1259 3338 ὡς
1299 3276 1390 3327 ἐπὶ
1414 3276 1587 3345 τούτῳ
1618 3275 1713 3328 καὶ
1745 3273 1865 3330 λίαν

280 3368 504 3431 εἰκότως
533 3367 990 3438 άποθαυμάζοντα
1013 3366 1191 3434 λέγειν
1214 3366 1304 3418 τὸν
1338 3366 1647 3434 σοφώτατον
1671 3366 1863 3438 Μελῳ-

278 3464 388 3516 δόν·
419 3482 436 3514 ι
458 3462 568 3516 Ποῦ
601 3460 849 3532 πορευθῶ
878 3461 986 3515 ἀπὸ
1019 3461 1111 3514 τοῦ
1130 3460 1451 3529 Πνεύματός
1481 3475 1598 3523 σου,
1628 3459 1722 3512 καὶ
1753 3459 1865 3513 ἀπὸ

278 3555 372 3608 τοῦ
405 3553 698 3626 προσώπου
742 3570 834 3606 σου
879 3553 982 3605 ποῦ
1018 3552 1212 3621 φύγω;
1276 3551 1401 3604 Ἐάν
1428 3550 1613 3604 ἁναΕῶ
1652 3551 1733 3614 εἰς
1770 3550 1864 3605 τὸν

278 3648 339 3699 οὑ
350 3646 529 3717 ρανὸν,
559 3647 622 3698 σὺ
646 3641 693 3699 εἷ
718 3647 834 3699 ἐκεῖ
855 3660 869 3673 °
897 3646 993 3699 ἐὰν
1014 3644 1239 3699 καταϐῶ
1263 3644 1341 3707 εἰς
1368 3643 1459 3697 τὸν
1492 3643 1648 3715 ᾅδην,
1671 3642 1858 3714 πάρει’

277 3740 374 3794 ἐὰν
402 3738 657 3793 ἀναλάϐω
705 3738 804 3801 τὰς
851 3737 1134 3808 πτέρυγάς
1187 3753 1288 3806 μου
1327 3734 1449 3788 κατ’
1492 3734 1718 3806 ὄρθρον,
1769 3734 1864 3788 καὶ

278 3830 691 3899 κατασκηνὼσω
719 3830 799 3893 είς
835 3829 902 3883 τὰ
928 3828 1132 3898 ἔσχατα
1162 3828 1262 3897 τῆς
1290 3827 1587 3898 θαλάσσης,
1637 3828 1731 3880 καὶ
1754 3826 1864 3897 γὰρ

274 3924 396 3975 ἐκεῖ
420 3923 452 3993 ἡ
493 3921 613 3992 χείρ
644 3936 736 3972 σου
763 3918 1023 3988 ὁδηγήσει
1055 3934 1122 3988 με
1142 3957 1155 3981 ,
1183 3917 1276 3969 καὶ
1301 3915 1521 3981 καθέξει
1556 3932 1621 3986 με
1652 3916 1685 3985 ή
1712 3915 1863 3982 δεξιά

279 4033 397 4069 σου.
433 4035 450 4066 ι
496 4014 703 4076 Παντὸς
729 4011 836 4085 γὰρ
870 4012 1059 4077 τόπου,
1092 4011 1186 4063 καὶ
1215 4011 1395 4080 πάσης
1418 4009 1650 4071 κτίσεως
1680 4010 1712 4079 ἡ
1741 4007 1861 4060 θεία

276 4107 691 4178 περιδράττεται
720 4106 863 4177 χεὶρ,
902 4103 1199 4174 συνέχουσα
1240 4102 1377 4173 πρὸς
1402 4103 1463 4155 τὸ
1503 4097 1639 4156 εἶναι
1665 4100 1733 4153 τὰ
1763 4117 1863 4153 πεο

277 4199 583 4269 ποιημένα,
627 4197 722 4250 καὶ
765 4196 1204 4266 περισφίγγουσα
1237 4193 1374 4265 πρὸς
1421 4192 1566 4264 ζωὴν
1609 4191 1679 4245 τά
1716 4193 1861 4263 ζωῆς

271 4291 538 4361 δεόμενα,
580 4291 674 4343 καὶ
700 4292 813 4351 τοῖς
842 4288 1111 4349 συνέσεως
1139 4285 1408 4348 δεκτικοῖς
1452 4287 1512 4338 τὸ
1545 4286 1733 4355 νοητὸν
1775 4286 1861 4338 ὲν-

278 4384 579 4455 σπείρουσα
612 4382 747 4452 φῶς.
780 4383 935 4435 Ἐστι
960 4381 1016 4433 δὲ
1045 4381 1145 4434 οὐκ
1183 4381 1242 4433 ἐν
1273 4380 1445 4449 τόπῳ,
1481 4378 1734 4450 καθάπερ
1758 4378 1858 4449 ἤδη

273 4476 633 4546 προείπομεν,
659 4474 777 4527 οὐδὲ
808 4473 903 4545 τὴν
928 4473 1296 4544 μεταόατικὴν
1326 4471 1585 4541 ὑπομένει
1611 4472 1822 4541 κίνησιν
1841 4485 1855 4499 ⁸

1972 1993 2165 2063 primis
2217 1996 2400 2050 statim
2444 1998 2786 2067 temporibus
2828 1998 3164 2065 illuminari,
3192 2008 3245 2055 et
3276 2017 3385 2063 una
3415 2016 3542 2057 cum

1971 2084 2090 2155 ipso
2134 2101 2258 2141 esse
2300 2087 2408 2140 vim
2456 2089 2622 2143 etiam
2676 2088 3013 2159 intelligendi
3058 2091 3129 2146 ab
3188 2106 3253 2146 ea
3310 2108 3435 2162 qua:
3485 2094 3541 2149 in

1970 2176 2175 2233 mundo
2216 2185 2300 2233 est
2336 2178 2488 2245 luce,
2544 2180 2811 2235 nimirum
2873 2180 3187 2254 Unigenito,
3216 2187 3498 2256 suscipere
3523 2224 3543 2252 ,

1968 2268 2061 2339 qui
2094 2268 2353 2324 ineffabili
2381 2270 2602 2327 deitatis
2637 2274 2837 2329 virtute
2860 2282 3063 2331 cuncta
3089 2276 3265 2346 replet
3295 2318 3313 2345 ,
3358 2285 3415 2333 et
3456 2285 3545 2334 est

1968 2360 2187 2430 quidem
2215 2376 2336 2418 cum
2364 2365 2576 2433 angelis
2607 2363 2662 2418 in
2697 2365 2840 2419 coelo
2867 2406 2881 2431 ,
2925 2366 2979 2420 in
3015 2368 3180 2424 terris
3206 2384 3329 2423 cum
3364 2369 3543 2426 horni—

1967 2452 2164 2516 nibus,
2206 2454 2448 2524 nihilque
2486 2454 2607 2525 ejus
2627 2456 2828 2512 deitate
2868 2472 3102 2513 vacuum
3153 2468 3264 2526 est,
3306 2476 3375 2519 ne
3406 2460 3543 2531 ipsis

1966 2542 2186 2613 quidem
2235 2544 2429 2601 inferis
2476 2548 2762 2616 exceptis,
2814 2556 2871 2602 et
2927 2547 3131 2619 ubique
3178 2560 3378 2606 cuncta
3437 2552 3541 2606 imo

1965 2649 2198 2700 means,
2277 2651 2309 2689 a
2357 2636 2511 2692 nullo
2569 2637 2756 2703 abest,
2803 2639 2940 2694 adeo
2992 2649 3050 2694 ut
3098 2643 3449 2697 vehementer
3490 2644 3542 2697 id

1967 2727 2409 2795 sapientissimus
2442 2726 2736 2783 Psalmista
2766 2732 2997 2787 miratus
3020 2732 3169 2786 dicat
3198 2750 3212 2786 :
3250 2751 3269 2783 ι
3306 2734 3426 2799 Quo
3454 2735 3545 2788 ibo

1970 2831 2000 2871 a
2029 2816 2238 2887 Spiritu
2265 2827 2381 2884 tuo,
2418 2830 2469 2874 et
2499 2835 2607 2888 quo
2637 2836 2667 2879 a
2700 2820 2834 2877 facie
2867 2831 2959 2876 tua
2991 2822 3231 2892 fugiam?
3265 2824 3322 2878 Si
3351 2840 3545 2880 ascen-

1969 2909 2102 2961 dero
2130 2909 2183 2963 in
2207 2910 2431 2973 coelum,
2464 2919 2518 2963 tu
2550 2911 2661 2971 illic
2695 2927 2755 2965 cs
2789 2928 2801 2963 :
2846 2912 2891 2968 si
2930 2912 3265 2970 descendere
3293 2915 3347 2969 in
3383 2915 3548 2970 infer—

1969 3012 2124 3063 num,
2162 2997 2330 3052 ades:
2367 2997 2413 3052 si
2443 3013 2731 3068 sumpsero
2758 3014 2966 3069 pennas
3002 3017 3150 3058 meas
3184 3003 3455 3071 diluculo,
3490 3013 3545 3058 et

1969 3085 2286 3140 habitavere
2323 3086 2378 3139 in
2406 3090 2668 3143 extremis
2717 3089 2904 3155 maris,
2958 3093 3159 3147 etenim
3190 3092 3322 3147 illuc
3348 3110 3545 3151 manus

1966 3186 2058 3234 tua
2097 3178 2328 3233 deducet
2364 3194 2488 3245 me,
2528 3188 2582 3234 et
2614 3180 2818 3235 tenebit
2870 3196 2956 3235 me
3008 3183 3236 3239 dextera
3282 3193 3376 3240 tua
3408 3186 3474 3241 ⁸⁸.
3517 3185 3539 3239 ι

1891 3252 1933 3311 C
1966 3270 2194 3326 Omnem
2228 3270 2374 3325 enim
2419 3272 2599 3326 locum
2644 3281 2699 3328 et
2740 3289 2957 3329 omnem
3014 3284 3323 3332 creaturam
3354 3280 3539 3335 divina

1964 3381 2160 3421 manus
2206 3367 2625 3437 complectitur,
2665 3370 2958 3427 continens
3001 3380 3056 3425 et
3096 3386 3439 3430 conservans
3485 3378 3540 3429 in

1962 3473 2066 3515 suo
2093 3475 2220 3515 esse
2264 3475 2356 3517 res
2388 3470 2605 3517 creatas
2630 3501 2645 3527 ,
2696 3471 2750 3516 et
2787 3462 2953 3516 vitam
2995 3462 3291 3521 infundens
3319 3465 3386 3520 iis
3418 3482 3541 3536 quan

1963 3553 2075 3607 vita
2104 3560 2331 3621 carent,
2368 3566 2423 3609 et
2455 3553 2831 3623 intelligentiae
2863 3556 3159 3625 capacibus
3193 3557 3542 3614 intellectua-

1960 3643 2064 3699 lem
2097 3644 2274 3700 lucem
2308 3645 2575 3702 inserens.
2614 3645 2736 3702 Non
2766 3656 2852 3703 est
2883 3655 3066 3703 autem
3112 3648 3167 3704 in
3198 3648 3319 3705 loco
3343 3688 3357 3715 ,
3397 3650 3540 3705 sicut

1960 3747 2121 3792 antea
2154 3736 2414 3802 diximus,
2447 3753 2550 3795 nec
2579 3740 2632 3795 in
2661 3755 2789 3796 eum
2820 3740 2967 3795 cadit
2995 3749 3181 3797 motus
3222 3740 3413 3801 localis
3440 3744 3461 3812 (
3484 3742 3537 3797 id

1957 3828 2105 3881 enim
2156 3829 2436 3898 proprium
2487 3839 2573 3885 est
2618 3828 2973 3900 corporum),
3005 3830 3101 3888 sed
3137 3831 3321 3889 omnia
3355 3833 3541 3901 potius

1959 3917 2182 3987 implet,
2213 3926 2272 3972 ut
2303 3918 2468 3974 Deus.
2495 3918 2601 3974 Sed
2629 3919 2698 3973 ad
2736 3919 2850 3975 haec
2884 3919 3071 3975 forsan
3101 3920 3250 3976 dicet
3284 3922 3485 3992 aliquis
3519 3940 3534 3977 :

1960 4008 2099 4075 Quid
2136 4024 2266 4078 ergo
2304 4011 2627 4080 responsuri
2662 4026 2860 4068 sumus
2882 4051 2896 4075 ,
2930 4025 2963 4065 0
2992 4010 3165 4078 bone,
3201 4012 3245 4068 si
3286 4014 3414 4083 quis
3454 4014 3538 4067 lo-

1960 4109 2215 4169 quentem
2236 4099 2520 4161 Christum
2553 4102 2712 4158 nobis
2744 4102 2798 4158 in
2826 4102 3066 4163 medium
3093 4104 3326 4163 aderat:
3374 4123 3392 4157 ι
3425 4103 3538 4174 Ego

1962 4193 2053 4249 lux
2085 4193 2138 4247 in
2169 4192 2431 4253 mundum
2462 4194 2583 4248 veni
2612 4194 2675 4248 ⁸⁸.
2705 4212 2724 4245 ι
2763 4193 2902 4261 Quid
2933 4209 3062 4250 vero
3090 4210 3215 4249 cum
3242 4194 3538 4251 Psalmista

1958 4284 2182 4348 clamat,
2211 4303 2230 4336 ι
2260 4283 2649 4343 Emittelucem
2668 4294 2840 4351 tuam,
2862 4296 2915 4340 et
2934 4286 3218 4343 veritatem
3238 4293 3387 4341 tuam
3413 4288 3478 4341 ".
3514 4307 3534 4339 ι

1960 4376 2100 4432 Ecce
2136 4378 2281 4433 enim
2313 4378 2433 4448 ipse
2477 4377 2567 4432 hic
2598 4386 2788 4447 aperte
2823 4378 2899 4431 ait
2944 4391 3004 4433 se
3046 4378 3100 4435 in
3136 4377 3397 4433 mundum
3440 4394 3536 4434 ve-

1961 4471 2147 4534 nisse,
2194 4475 2256 4524 ut
2301 4470 2393 4539 qui
2444 4484 2550 4522 non
2600 4478 2747 4524 esset
2792 4469 2847 4523 in
2897 4469 3019 4540 ipso
3065 4470 3347 4525 nimirum.
3396 4470 3536 4527 Mitti

276 4564 546 4634 σωμάτων
592 4562 701 4633 γὰρ
737 4561 866 4614 ῐδιον
902 4561 1061 4613 τοῦτό
1095 4577 1191 4628 γε’
1240 4560 1439 4631 πληροῖ
1464 4560 1521 4612 δὲ
1571 4560 1769 4630 μᾶλλον
1791 4561 1858 4614 τά

1963 4569 2147 4614 autem
2177 4575 2397 4616 rursum
2425 4559 2593 4614 David
2624 4562 2852 4631 rogabat
2882 4577 3007 4617 eum
3035 4564 3127 4631 qui
3160 4563 3266 4633 77
3291 4566 3534 4619 nondum

275 4655 453 4707 πάντα
478 4654 551 4718 ὡς
582 4654 736 4713 Θεός.
783 4652 922 4705 Ἀλλ’
953 4654 1069 4724 ἐρεῖ
1094 4670 1176 4715 τις
1199 4652 1336 4723 πρὸς
1367 4652 1540 4706 ταῦτα
1568 4652 1725 4722 τυχόν
1750 4670 1763 4684 ι
1792 4652 1857 4705 Τί

1963 4653 2188 4718 aderat,
2238 4659 2297 4705 ut
2336 4659 2556 4707 constat
2600 4667 2668 4706 ex
2719 4652 2976 4722 loquendi
3015 4652 3288 4723 formula,
3327 4664 3383 4709 et
3415 4657 3533 4725 ipsa

274 4741 368 4797 οὖν
401 4760 607 4813 φαμεν,
654 4737 699 4795 ὦ
730 4745 976 4810 γενναῖε,
1019 4744 1148 4795 ὅταν
1175 4759 1259 4805 τις
1285 4744 1418 4812 ἡμῖν
1447 4743 1525 4805 εἰς
1558 4742 1723 4812 μέσον
1750 4743 1859 4815 ἄγῃ

274 4836 505 4903 λέγοντα
532 4834 622 4887 τὸν
646 4832 901 4904 Χριστόν·
928 4850 946 4882 ι
970 4831 1111 4899 Ἐγὼ
1140 4831 1256 4900 φῶς
1284 4834 1364 4895 εἰς
1392 4833 1483 4886 τὸν
1512 4834 1715 4903 κόσμον
1737 4833 1857 4905 ἐλή-

273 4927 409 4980 λυθα
433 4946 478 4993 ;ι
510 4929 574 4980 Τί
604 4928 661 4982 δὲ
692 4930 819 4981 ὅταν
848 4931 875 4981 6
900 4928 1203 4999 Ψαλμῳδὸς
1235 4929 1662 4999 ἀναφθέγγηται·
1692 4949 1711 4982 ι
1742 4930 1860 4997 Ἐξ-

274 5021 594 5074 απόστειλον
624 5026 684 5073 τὸ
709 5021 824 5090 φῶς
850 5037 964 5086 σου,
996 5022 1089 5074 καὶ
1115 5021 1213 5092 τὴν
1235 5021 1490 5092 ἀλήθειάν
1525 5039 1619 5075 σου
1643 5040 1689 5087 ;ι
1728 5023 1859 5076 Ἰδοὺ

274 5116 383 5185 γάρ
417 5113 604 5167 ἐνθάδε
654 5112 840 5181 σαφῶς
874 5113 1036 5175 αὐτὸς
1079 5113 1178 5182 μὲν
1227 5112 1541 5183 ἐληλυθέναι
1587 5114 1751 5184 φησὶν
1780 5115 1861 5176 είς

272 5207 364 5259 τὸν
390 5206 617 5275 κόσμον,
648 5204 724 5266 ὡς
744 5204 843 5256 οὐκ
872 5203 948 5256 ὢν
978 5205 1033 5255 ἐν
1054 5201 1203 5273 αὐτῷ
1227 5202 1468 5272 δηλονότι
1500 5221 1515 5234 ·
1545 5203 1859 5274 πέμπεσθαι

273 5298 329 5350 δὲ
382 5297 543 5350 πάλιν
586 5299 615 5349 6
655 5295 906 5364 Μελῳδὸς
951 5294 1199 5364 ἐλιπάρει
1245 5293 1336 5347 τὸν
1382 5292 1534 5347 οὔπω
1596 5294 1858 5365 παρόντα,

273 5391 417 5444 κατά
464 5405 529 5457 γε
571 5387 634 5441 τὸ
687 5387 745 5440 ἐν
773 5386 852 5458 τῷ
878 5386 1023 5456 λόγῳ
1052 5385 1265 5455 σχῆμα,
1321 5386 1544 5456 καὶτῆς
1590 5387 1666 5449 ὡς
1714 5387 1862 5456 ἡμᾶς

276 5472 581 5550 ἀποστολῆς
603 5478 703 5549 τὴν
736 5478 996 5549 ἔμφασιν.
1048 5477 1194 5548 Πρὸς
1222 5476 1287 5547 δὴ
1314 5478 1382 5529 τὰ.
1405 5476 1632 5533 τοιαῦτά
1658 5494 1858 5548 φαμεν,

272 5571 356 5624 ὅτι
409 5570 486 5640 τῷ
528 5572 824 5638 Μονογενεῖ
878 5568 1179 5637 θεοπρεπὲς
1224 5568 1443 5640 ἀξίωμα
1488 5568 1784 5640 περιτιθεὶς
1833 5569 1862 5621 6

273 5660 558 5727 θεολόγος,
603 5661 660 5713 ὲν
688 5658 768 5730 τῷ
811 5659 1004 5731 κόσμῳ
1036 5659 1199 5731 φησὶν
1242 5660 1357 5723 ἀεὶ,
1414 5659 1508 5712 καὶ
1540 5658 1627 5712 διὰ
1662 5658 1861 5723 παντὸς

1964 4745 2249 4799 missionis
2283 4745 2349 4801 ad
2382 4760 2484 4801 nos
2513 4744 2937 4815 signiﬁcatione.
2967 4746 3047 4800 Ad
3084 4747 3197 4801 haec
3237 4749 3538 4818 responde»

1964 4851 2089 4891 mus
2124 4836 2441 4905 theologum
2497 4834 2797 4907 Unigenilo
2830 4838 3152 4908 dignitatem
3182 4838 3294 4894 Deo
3329 4856 3534 4894 come-

1964 4931 2204 4984 nientem
2237 4930 2496 4994 tribuere,
2534 4930 2663 4985 dum
2690 4932 2769 4986 ait
2790 4932 2843 4984 in
2876 4932 3082 4986 mundo
3108 4932 3287 5000 ipsum
3318 4947 3537 5001 semper

1963 5023 2267 5086 exsistere,
2298 5034 2354 5077 ut
2384 5023 2546 5077 vitam
2580 5039 2676 5093 per
2711 5032 2997 5086 naturam,
3038 5032 3095 5076 ut
3130 5024 3306 5077 lucem
3340 5037 3537 5076 secun-

1963 5114 2092 5168 dum
2165 5114 2568 5180 substantiam,
2640 5116 3012 5185 perficientem
3067 5123 3415 5179 creaturam,
3476 5125 3535 5170 ut

1963 5204 2133 5260 Deum
2156 5247 2171 5271 ,
2214 5220 2324 5259 non
2359 5206 2480 5260 loco
2515 5207 3038 5275 circumscriptum,
3079 5219 3187 5259 non
3214 5205 3408 5274 spatiis
3437 5206 3537 5260 de-

1964 5296 2213 5363 ﬁnitum,
2257 5312 2366 5351 non
2407 5298 2717 5368 quantitate
2753 5302 3087 5359 coercitum,
3133 5310 3243 5350 non
3281 5297 3351 5351 ah
3385 5298 3533 5363 ullo,

1966 5400 2023 5444 ut
2051 5391 2218 5445 verbo
2242 5390 2425 5445 dicam
2448 5433 2463 5457 ,
2487 5392 2969 5463 comprehensum,
3006 5402 3185 5458 neque
3207 5387 3298 5444 cui
3326 5403 3391 5443 ex
3427 5404 3538 5443 uno

1966 5483 2088 5537 loco
2118 5483 2173 5537 in
2212 5484 2380 5537 alium
2425 5484 2709 5539 incumbat
2754 5481 3024 5552 migrandi
3068 5480 3402 5545 necessitas,
3441 5480 3536 5535 sed

1961 5574 2054 5643 qui
2104 5588 2349 5643 prasens
2398 5573 2473 5629 sit
2512 5574 2805 5635 omnibus,
2853 5586 2955 5628 nec
2997 5572 3068 5628 ab
3106 5573 3217 5628 ullo
3256 5571 3419 5627 absit.
3468 5573 3542 5624 Se

1962 5667 2142 5719 autem
2190 5666 2245 5719 in
2296 5664 2560 5719 mundum
2593 5663 2812 5720 venisse
2838 5705 2854 5733 ,
2894 5664 3145 5734 quamvis
3190 5675 3433 5734 praesens
3466 5660 3542 5716 sit

344 5838 388 5867 ”
433 5836 578 5893 Psal.
610 5854 884 5903 cxxxvnl,
920 5838 1080 5894 7-10.
1158 5839 1203 5870 ⁸⁸
1240 5839 1398 5894 Joan.
1444 5857 1554 5907 xu,
1592 5842 1677 5896 ιίϋ.
1758 5843 1801 5878 ⁸⁷
1845 5841 1863 5898 ι

1963 5847 1987 5896 ἱ.
2024 5856 2135 5897 XLII
2158 5882 2173 5908 ,
2206 5841 2259 5895 5.
