4168 6562
654 394 745 451 131
1679 394 1737 449 S.
1765 386 2043 449 CYRILLI
2072 389 2561 446 ALEXANDRINI.
2597 392 2917 448 ARClllEP.

3822 401 3929 459 £52

652 521 706 571 in
758 530 844 581 eo,
873 515 1216 571 continuavit
1265 515 1477 571 ratione
1522 513 1942 568 incarnationis.
1996 530 2014 562 ι
2066 511 2219 565 Visus

2334 514 2593 583 ὑπάρχειν
2624 515 2804 579 αὐτὸν,
2844 516 2917 576 ὡς
2946 514 3087 587 ζωὴν
3121 516 3256 569 κατὰ
3293 518 3486 584 φύσιν,
3521 522 3596 584 ώς
3626 520 3742 589 ψῶς
3794 521 3925 572 κατ’

651 609 794 664 enim
827 616 912 663 est
951 610 1006 663 in
1048 616 1225 672 terra,
1261 614 1315 663 et
1352 622 1477 661 cum
1525 606 1840 660 hominibus
1872 615 2230 658 conversatus

651 710 737 756 est
763 701 809 733 ⁸⁸
831 740 846 764 ,
878 720 898 752 ι
932 716 1053 754 cum
1095 715 1261 754 carne
1284 699 1557 760 videlicet,
1591 695 2030 751 manifestiorem
2071 695 2228 748 nobis

653 808 807 845 suam
840 793 1183 862 praesentiam
1222 792 1325 845 hoc
1352 796 1513 860 pacto
1535 788 1775 842 efficiens
1795 829 1809 853 ,
1840 796 1894 841 et
1925 788 2018 856 qui
2050 802 2227 856 quon-

652 885 777 940 dam
832 887 950 940 solo
998 885 1276 939 intellectu
1336 880 1729 951 comprehendi
1779 889 2042 949 poterat,
2091 880 2227 948 ipsis

652 993 870 1047 quoque
910 992 1058 1032 nunc
1104 975 1358 1045 corporis
1403 974 1584 1028 oculis
1632 980 1926 1042 perceptus
1982 971 2225 1026 crassio-

652 1085 809 1136 rem,
855 1077 914 1123 ut
962 1070 1036 1121 ita
1088 1064 1305 1128 dicam,
1367 1065 1699 1135 cognitionis
1748 1063 1950 1116 divina:
2001 1076 2225 1116 sensum

652 1164 813 1216 nobis
850 1161 1036 1213 intulit
1066 1158 1196 1213 dum
1236 1173 1333 1226 per
1374 1157 1640 1210 miracula
1680 1162 1733 1210 et
1775 1154 2021 1225 prodigia
2064 1152 2226 1208 nobis

653 1262 735 1307 est
766 1254 1003 1321 agnitus.
1037 1248 1148 1303 Nec
1180 1250 1284 1302 alia
1316 1248 1545 1313 ratione,
1576 1255 1635 1300 ut
1665 1246 1938 1308 existimo,
1979 1244 2121 1297 mitti
2157 1243 2225 1299 ad
2262 1292 2273 1305 ,

653 1358 757 1395 nos
818 1341 908 1393 Dei
978 1339 1214 1393 Verbum
1265 1343 1526 1392 mundum
1582 1340 1731 1393 hunc
1788 1337 2223 1390 illuminaturum

652 1429 953 1483 Psalmisla
989 1428 1237 1497 rogabat.
1264 1428 1397 1483 lllud
1421 1429 1649 1498 insuper
1674 1427 2222 1483 animadvertendum

649 1520 937 1583 existimo,
977 1521 1234 1573 nimirum
1268 1519 1414 1590 quod
1451 1520 1600 1572 omni
1634 1533 1889 1574 sermone
1928 1532 2083 1571 mens
2125 1531 2222 1586 pe-

650 1612 976 1665 netrahilior
1034 1622 1155 1678 est,
1202 1620 1256 1667 et
1302 1612 1499 1666 mentis
1530 1619 1711 1665 motus
1756 1611 1940 1681 lingua
1983 1611 2219 1664 acutior.

650 1704 839 1774 Igitur,
878 1705 1074 1758 mentis
1104 1704 1402 1759 subtilitate
1431 1713 1485 1758 et
1524 1704 1778 1758 acumine
1805 1744 1820 1768 ,
1858 1703 2067 1756 variam
2099 1703 2224 1771 qui-

648 1797 771 1850 dem
801 1805 1006 1850 naturae
1031 1796 1231 1849 divinae
1259 1794 1727 1864 pulchritudinem
1759 1795 2220 1862 contemplamur,

2332 604 2518 656 οὐσίαν
2540 647 2551 665 ,
2610 606 2922 677 πληροῦντα
2953 607 3048 677 τὴν
3080 608 3254 660 κτίσιν
3274 650 3288 675 ,
3333 611 3407 671 ὡς
3445 612 3575 664 Θεὸν
3596 651 3609 673 ,
3664 614 3728 664 οὐ
3760 614 3925 680 τόπῳ

2330 699 2703 768 περιγραπτὺν
2723 742 2736 763 ,
2768 700 2829 751 ού
2862 700 3191 771 διαστήμασι
3226 705 3494 775 μετρητὸν
3515 746 3527 767 ,
3559 705 3620 757 ού
3653 705 3923 773 ποσότητι

2328 788 2672 856 καταληπτὸν
2694 829 2708 851 ,
2756 790 2816 841 ού
2845 789 2902 841 δὲ
2931 790 3037 843 ὑπό
3074 808 3219 854 τινος
3252 792 3386 855 ὅλως
3420 794 3921 863 ἐμπεριεχόμενον,

2326 879 2445 931 οὐδὲ
2481 880 2832 949 μεταϐάσεως
2864 882 2962 952 τῆς
3012 884 3091 946 είς
3120 883 3284 937 τόπον
3331 886 3395 937 ἐκ
3426 885 3589 937 τόπου
3627 885 3919 955 δεόμενον,

2328 970 2440 1023 ἀλλ’
2469 972 2721 1041 ἐνδημεῖν
2766 973 2863 1042 μὲν
2888 973 3089 1026 ἆπασιν
3113 1015 3126 1038 ,
3156 976 3626 1044 ἀπολιμπάνεσθαι
3650 978 3705 1030 δὲ
3742 976 3891 1048 μηδε

2325 1062 2433 1123 νός.
2482 1063 2825 1133 Ἐληλυθέναι
2865 1066 2922 1118 δὲ
2955 1067 3146 1119 ἑαυτὸν
3180 1068 3237 1119 ἐν
3276 1068 3466 1137 κόσμῳ
3511 1068 3918 1139 διῖσχυρίσατο,

2325 1152 2501 1205 καίτοι
2534 1152 2728 1224 παρὼν
2757 1155 2815 1207 ὲν
2842 1155 2991 1226 αὐτῷ
3021 1157 3163 1210 κατά
3186 1159 3279 1211 τὸν
3307 1160 3404 1228 τῆς
3434 1159 3758 1229 ὲνανθρωπή
3770 1177 3919 1221 σεως

2323 1242 2544 1311 τρόπον.
2596 1263 2614 1295 ι
2648 1245 2827 1315 Ὠφθη
2865 1245 2973 1317 γὰρ
3007 1248 3096 1299 ἐπὶ
3123 1248 3223 1317 τῆς
3249 1250 3381 1319 γῆς,
3417 1249 3511 1302 καὶ
3542 1252 3652 1312 τοῖς
3691 1248 3919 1318 ἀνθρώο

2325 1350 2449 1397 ποις
2491 1338 2900 1408 συνανεστράφη
2943 1357 2961 1390 ι
3016 1339 3154 1409 μετά
3196 1341 3432 1410 σαρκὸς,
3490 1341 3918 1410 ἐμφανεστέραν

2325 1426 2520 1478 ἑαυτοῦ
2560 1426 2657 1498 τὴν
2706 1429 2763 1481 ὲν
2803 1432 2993 1500 κόσμῳ
3027 1432 3328 1502 παρουσίαν
3368 1431 3457 1484 διὰ
3487 1432 3674 1485 τούτου
3708 1431 3913 1495 τιθεὶς,

2326 1518 2419 1569 κα)⁸
2447 1519 2475 1571 ὁ
2507 1517 2677 1571 πάλαι
2700 1522 2881 1591 νοήσει
2908 1523 3255 1593 καταληπτὸς
3276 1565 3289 1589 ,
3323 1524 3417 1577 καὶ
3444 1524 3627 1587 αὐτοῖς
3655 1525 3755 1595 ἤδη
3790 1529 3915 1586 τοῖς

2322 1607 2417 1659 τοῦ
2460 1606 2707 1679 σώματος
2734 1611 3009 1681 ὁρώμενος
3058 1613 3377 1683 ὀφθαλμοῖς,
3411 1615 3754 1684 παχυτέραν,
3821 1616 3915 1666 ἵνα

2322 1699 2493 1763 οὕτως
2521 1702 2681 1768 εἴπω,
2701 1703 2798 1772 τῆς
2832 1704 3157 1772 θεογνωσίας
3181 1708 3313 1777 ἡμῖν
3338 1706 3562 1760 ἐνετίθει
3595 1707 3692 1777 τὴν
3714 1705 3915 1774 αἴσθη-

2326 1809 2429 1857 σιν,
2470 1793 2558 1847 διὰ
2617 1795 2912 1866 θαυμάτων
2974 1798 3068 1851 καὶ
3112 1801 3513 1871 μεγαλουργίας
3546 1802 3912 1868 ἐπιγινωσκόο

648 1886 745 1940 sed
761 1886 827 1940 de
851 1886 968 1955 ipsa
995 1887 1235 1940 humano
1257 1886 1422 1939 modo
1442 1893 1495 1940 et
1522 1894 1714 1940 nostro
1739 1898 1891 1937 more
1916 1882 2215 1953 loquimur,

2325 1900 2502 1953 μενος.
2574 1863 3021 1941 Ἀποστέλλεσθαι
3059 1863 3124 1943 δὲ,
3160 1863 3232 1955 th;
3271 1863 3419 1961 ἡμας
3470 1863 3773 1960 φωτιοῦντα
3814 1892 3910 1945 τὸν

647 1994 771 2033 cum
814 1979 963 2033 illius
1003 1978 1250 2033 veritatis
1291 1992 1561 2031 cacumen
1613 1978 1835 2046 assequi
1876 1975 2065 2045 lingua
2111 1988 2223 2029 non

646 2072 844 2139 possit.
898 2070 1137 2139 Ideoque
1190 2068 1394 2124 Paulus
1435 2071 1526 2122 ille
1580 2069 1970 2139 mysteriorum
2024 2065 2219 2120 Salva-

648 2165 788 2218 toris
821 2163 1212 2232 dispensator,
1263 2176 1570 2216 sermonem
1618 2162 1835 2231 petebat
1901 2174 1930 2212 a
1998 2159 2109 2213 Deo
2153 2158 2221 2213 ad

647 2256 1000 2326 aperiendum
1049 2270 1112 2310 os
1161 2269 1321 2310 suum
1361 2255 1429 2307 ⁸³.
1465 2253 1607 2307 Nihil
1637 2269 1766 2324 ergo
1796 2253 2034 2307 naturali
2074 2250 2218 2306 Uni-

646 2350 815 2420 geniti
852 2349 1103 2419 dignitati
1143 2347 1397 2403 detrahet
1440 2355 1640 2402 nostra:
1690 2348 1958 2402 orationis
2002 2346 2216 2416 inOpia,

646 2439 739 2495 sed
775 2440 959 2493 omnia
998 2438 1064 2492 de
1100 2439 1236 2507 ipso,
1273 2453 1370 2507 pro
1398 2453 1464 2493 eo
1506 2452 1570 2491 ac
1610 2436 1778 2492 Deum
1810 2438 1988 2504 decet,
2018 2439 2219 2492 intelli-

646 2540 871 2601 gentur;
914 2546 1038 2600 quae
1067 2546 1196 2585 vero
1230 2546 1459 2585 necesse
1497 2538 1582 2585 est
1623 2529 1848 2599 eloqui,
1883 2544 1945 2583 ea
1980 2528 2219 2583 humano

648 2639 798 2678 more
822 2624 1077 2678 dicentur
1102 2663 1117 2686 ,
1164 2639 1288 2677 cum
1332 2623 1400 2677 ab
1446 2624 1566 2693 ipso
1602 2633 1823 2691 propter
1857 2637 1957 2675 nos
1985 2659 2000 2683 ,
2042 2631 2155 2673 tum
2188 2634 2218 2672 a

645 2715 857 2769 sanctis
890 2715 956 2766 de
985 2715 1104 2782 ipso
1128 2753 1143 2777 ,
1188 2728 1286 2783 pro
1314 2714 1535 2767 modulo
1568 2723 1779 2766 natura:
1805 2719 2028 2765 nostrae.
2058 2708 2219 2762 Sulli-

643 2812 829 2860 cercnt
863 2806 1081 2874 quidem
1112 2820 1171 2859 ea
1200 2820 1321 2873 quae
1350 2805 1619 2859 hactenus
1655 2803 1897 2857 diximus
1931 2801 1997 2854 ad
2030 2816 2214 2855 rerum

643 2897 1049 2965 prepositarum
1086 2897 1548 2965 explicationem:
1588 2896 1681 2949 sed
1723 2895 1981 2965 quoniam
2023 2893 2217 2947 decere

643 2987 918 3054 arbitror,
954 2996 1014 3041 ut
1057 2988 1326 3043 desidiam
1372 2990 1557 3042 vincat
1600 2988 1845 3041 calamus
1883 2985 2086 3038 divinis
2118 2984 2218 3035 do-

642 3080 843 3147 gntatis
876 3080 1217 3146 inserviens,
1256 3081 1482 3152 agedum
1524 3081 1700 3149 ipsam
1734 3077 2021 3132 lectionem
2059 3088 2219 3129 accu-

643 3171 821 3225 ratius
870 3174 1312 3242 perpendamus,
1366 3171 1641 3242 quomodo
1694 3169 1960 3224 nimirum
2019 3183 2287 3259 conve—C

643 3265 859 3319 nienter
894 3265 1230 3335 intelligatur
1275 3265 1341 3319 de
1386 3264 1605 3318 homine
1636 3261 1769 3317 illud
1793 3304 1809 3329 ,
1852 3280 1871 3313 ι
1905 3259 2213 3315 Venientem

643 3358 698 3410 in
730 3357 875 3412 hunc
901 3356 1185 3410 mundum.
1216 3374 1235 3408 ι
1270 3355 1325 3408 In
1352 3356 1475 3424 ipso
1500 3356 1643 3409 enim
1664 3364 1779 3408 erat
1801 3354 1915 3418 lux,
1937 3353 2081 3408 sicut
2103 3352 2218 3421 ipse

641 3462 859 3517 quoque
894 3447 1056 3502 nobis
1107 3447 1219 3517 78
1251 3454 1487 3502 testatus
1517 3452 1601 3500 est
1628 3444 1964 3515 evangelista
1989 3482 2004 3505 ,
2041 3456 2216 3511 neque

647 3553 666 3586 ι
686 3537 991 3591 venientem
1017 3536 1073 3589 in
1102 3537 1249 3589 hunc
1278 3535 1562 3599 mundum,
1587 3534 1651 3587 ad
1686 3535 1861 3589 lucem
1897 3532 2209 3596 referimus,

642 3624 737 3680 sed
776 3625 843 3679 ad
888 3624 1166 3678 hominem
1198 3625 1292 3693 qui
1330 3624 1696 3679 illuminatur.
1731 3624 1899 3677 Aiunt
1921 3638 2053 3693 ergo
2079 3638 2217 3676 non-

642 3717 816 3783 nulli,
862 3732 931 3771 ex
960 3715 1123 3771 corde
1151 3731 1253 3770 suo
1281 3726 1596 3773 eructantes
1637 3725 1689 3771 et
1715 3732 1823 3770 non
1860 3732 1928 3770 ex
1968 3731 2065 3771 ore
2106 3715 2215 3769 Do-

641 3807 821 3871 mini,
870 3807 1033 3862 sicuti
1083 3808 1356 3878 scriptum
1399 3809 1549 3863 est"
1576 3847 1591 3871 ,
1642 3816 1936 3877 antequam
1979 3820 2217 3875 corpora

642 3900 1052 3967 conderentur,
1111 3902 1168 3955 in
1219 3902 1361 3955 cmlo
1408 3900 1579 3956 fuisse
1623 3902 1909 3956 hominum
1957 3901 2214 3966 animas,

644 3991 804 4061 longo
829 4000 1074 4061 tempore
1109 3992 1168 4046 in
1202 3992 1529 4063 incorporea
1564 3991 1829 4047 felicitate
1858 3992 2213 4057 constitutas,

637 4090 693 4137 et
721 4098 853 4138 vero
881 4084 1025 4138 bono
1052 4084 1247 4154 purius
1278 4086 1526 4140 fruentes
1567 4104 1581 4140 :
1633 4084 1730 4141 sed
1761 4085 2005 4140 melioris
2049 4084 2215 4140 sortis

638 4175 890 4231 satietate
930 4191 994 4231 ac
1032 4176 1327 4233 deterioris
1354 4177 1661 4247 cupiditate
1684 4217 1699 4242 ,
1748 4177 1817 4231 ad
1848 4185 2215 4247 praposteras

636 4268 1000 4339 cogitationes
1041 4278 1095 4323 et
1129 4268 1458 4339 cupiditates
1485 4285 1611 4326 esse
1640 4268 1912 4340 delapsas.
1959 4268 2216 4340 Indigna-

636 4364 752 4409 tum
791 4356 917 4425 jure
949 4355 1209 4426 Opificem
1230 4399 1244 4425 ,
1276 4372 1370 4413 eas
1401 4357 1621 4427 quidem
1653 4358 1709 4412 in
1744 4357 2010 4412 mundum
2039 4357 2217 4413 mitte-

636 4457 717 4508 re,
746 4452 801 4497 et
829 4445 1153 4513 corporibus
1183 4446 1483 4516 implicitas
1505 4489 1519 4512 ,
1564 4454 1620 4501 et
1658 4446 1725 4500 ad
1761 4446 2046 4502 ferendum
2070 4462 2212 4502 onus

2323 1976 2527 2047 κόσμον
2556 1979 2649 2031 τὸν
2690 1980 2785 2032 ⁸τοῦ
2826 1980 2962 2033 Θεοῦ
3006 1982 3179 2049 Λόγον
3204 2024 3221 2047 ,
3285 1986 3315 2037 ὁ
3372 1984 3625 2053 Μελῳδδς
3662 1984 3726 2036 οὐ
3777 1982 3909 2036 καθ’

2321 2068 2505 2140 ἕτερόν
2534 2088 2654 2123 τινα
2686 2072 2910 2141 τρόπον,
2936 2072 3012 2136 ὥς
3037 2074 3100 2142 γέ
3128 2092 3215 2145 μοι
3245 2075 3670 2141 φαίνεται,κατά
3700 2075 3754 2128 δὲ
3778 2074 3909 2127 τοῦ·

2320 2179 2410 2217 τον
2448 2163 2607 2217 αὐτὸν
2651 2166 2968 2235 παρεκάλει.
3004 2166 3216 2238 Χρῆναι
3254 2168 3309 2219 δὲ
3344 2164 3498 2237 οἶμαι
3549 2166 3683 2237 πρὸς
3726 2167 3907 2237 τούτῳ

2322 2252 2541 2305 κάκεῖνο
2573 2252 2973 2323 διενθυμεῖσθαι
3006 2255 3097 2306 τὸν
3123 2256 3429 2325 φιλομαθῆ,
3465 2257 3545 2308 ὅτι
3573 2256 3773 2319 παντὸς
3803 2257 3908 2326 μὲι

2320 2340 2479 2409 λόγου
2504 2342 2816 2414 τομώτερος
2846 2343 2969 2407 νοῦς
2989 2384 3002 2407 ,
3034 2344 3263 2416 ὀξυτέρα
3285 2347 3340 2399 δὲ
3374 2345 3618 2417 γλώττης
3649 2349 3746 2417 τῆς
3780 2346 3907 2401 6:2-

2320 2431 2466 2495 νοίας
2494 2435 2525 2501 ἡ
2559 2432 2790 2502 κίνησις.
2815 2434 3023 2487 Ούκοῦν
3051 2436 3174 2488 ὅσον
3199 2431 3333 2507 ἦκεν
3352 2438 3431 2498 εἰς
3450 2437 3752 2506 λεπτότητα
3779 2437 3906 2497 νοῦ,

2320 2527 2414 2578 καὶ
2455 2524 2552 2597 τὴν
2603 2525 2779 2591 ὀξεῖαν
2825 2529 2882 2579 ὲν
2929 2528 3077 2597 αύτῴ
3106 2529 3352 2597 κίνησιν,
3409 2528 3470 2580 τὸ
3510 2528 3751 2581 ποικίλον
3799 2530 3905 2599 τῆς

2320 2614 2469 2680 Θείας
2515 2618 2733 2686 φύσεως
2779 2619 3167 2689 κατεθεώμεθα
3217 2621 3447 2683 κάλλος·
3521 2620 3789 2691 λαλοῦμεν
3845 2623 3906 2677 ἃ

2321 2708 2447 2777 περὶ
2477 2708 2642 2777 αὐτῆς
2665 2709 3154 2781 ἁνθρωπινότερον,
3181 2713 3274 2763 καὶ
3294 2712 3436 2781 λόγῳ
3462 2711 3542 2781 τῷ
3578 2712 3698 2765 καθ’
3729 2714 3905 2782 ἡμᾶς,

2318 2799 2417 2851 ούκ
2449 2799 2679 2871 ἐχούσης
2720 2802 2817 2872 τῆς
2850 2801 3097 2871 γλώττης
3130 2803 3265 2873 πρὸς
3290 2803 3347 2855 τὸ
3376 2804 3474 2872 τῆς
3506 2803 3761 2873 ἀληθείας
3808 2807 3907 2858 '5):-

2317 2891 2585 2945 τείνεσθαι
2633 2894 2849 2965 μέτρον.
2908 2896 2999 2947 Διὸ
3050 2896 3113 2965 δὴ
3149 2895 3241 2948 καὶ
3271 2898 3299 2949 ό
3340 2897 3549 2960 Παῦλος
3578 2899 3605 2950 ό
3647 2898 3757 2951 τῶν
3802 2900 3904 2951 τοῦ

2320 2983 2569 3054 Σωτῆρος
2620 2986 2928 3056 μυστηρίων
2987 2989 3222 3058 ταμίας,
3285 2990 3441 3058 λόγον
3501 2991 3698 3062 ἀπῄτει
3748 2994 3905 3063 παρὰ

2318 3071 2450 3125 Θεοῦ
2474 3074 2564 3127 τὸν
2583 3076 2641 3127 ὲν
2661 3076 2859 3142 ἀνοίξει
2882 3076 2974 3129 τοῦ
2995 3078 3259 3147 στόματος
3280 3079 3464 3132 αὐτοῦ.
3491 3080 3655 3133 Οὐδὲν
3671 3077 3764 3134 οὖν
3787 3082 3902 3152 ἄρα

2319 3163 2637 3234 λυμανεῖται
2670 3170 2782 3230 τοῖς
2810 3173 3058 3237 φυσικοῖς
3088 3170 3181 3223 τοῦ
3213 3172 3547 3240 Μονογενοῦς
3591 3172 3901 3243 ἀξιώμασιν

2319 3256 2351 3325 ἡ
2382 3255 2488 3308 τῶν
2517 3257 2649 3328 παρ’
2673 3261 2805 3329 ἡμῖν
2830 3260 3001 3327 λόγων
3033 3262 3192 3314 πενία
3212 3300 3227 3325 ,
3282 3262 3415 3315 ἀλλά
3437 3263 3756 3332 νοηθήσεται
3793 3264 3899 3333 μὲν

2319 3346 2637 3419 θεοπρεπῶς
2653 3350 2721 3403 τὰ
2743 3350 2871 3420 περὶ
2893 3350 3056 3404 αὑτοῦ
3072 3392 3086 3414 ,
3104 3351 3466 3424 λαληθήσεται
3486 3352 3542 3404 δὲ
3566 3354 3634 3405 τά
3654 3371 3720 3406 πε
3729 3354 3781 3424 pi
3801 3353 3905 3422 τὴν

2318 3439 2507 3510 χρείαν
2557 3439 3070 3514 ἀνθρωπινώτερον,
3122 3446 3274 3514 παρά
3320 3462 3378 3497 τε
3418 3444 3583 3498 αὑτοῦ
3628 3445 3694 3499 δι’
3725 3447 3899 3515 ἡμᾶς.

2317 3531 2413 3583 καὶ⁷
2442 3531 2594 3602 παρά
2620 3533 2727 3584 τῶν
2750 3534 2921 3602 ἁγίων
2945 3536 3073 3605 περὶ
3098 3535 3266 3588 αὑτοῦ
3300 3537 3441 3589 κατά
3463 3536 3521 3588 τὸ
3561 3538 3659 3606 τῆς
3682 3536 3904 3605 φύσεως

2321 3620 2541 3691 μέτρον.
2583 3616 2692 3672 Ἦν
2720 3622 2817 3691 μὲν
2851 3618 2942 3675 οὖν
2962 3662 2977 3685 ,
3007 3622 3081 3685 ὡς
3112 3622 3286 3687 ἔοικε,
3317 3626 3430 3685 τοῖς
3458 3624 3769 3693 εἰρημένοις
3796 3624 3902 3691 ἀρ·-

2317 3712 2531 3765 κεῖσθαι
2571 3712 2735 3765 καλὸν
2786 3716 2866 3776 είς
2914 3714 3011 3785 τὴν
3057 3714 3165 3767 τῶν
3194 3715 3569 3785 προκειμένων
3598 3714 3898 3785 ἐξήγησιν·

2316 3802 2505 3874 ἐπειδὴ
2527 3802 2583 3857 δὲ
2606 3800 2760 3872 οἶμαι
2786 3807 3084 3876 προσήκειν
3112 3805 3271 3860 ὄκνου
3305 3805 3566 3875 φέρεσθαι
3610 3806 3897 3876 κρείττονα

2315 3891 2407 3945 τὸν
2430 3895 2541 3956 τοῖς
2566 3891 2729 3957 θείοις
2760 3892 3025 3962 δόγμασιν
3055 3892 3431 3965 ὑπηρετοῦντα
3466 3892 3734 3962 κάλαμον,
3762 3890 3896 3960 φέρε

2318 3983 2480 4037 πάλιν
2519 3983 2649 4037 αὐτὸ
2678 3984 3013 4055 παραθέντες
3049 3984 3109 4037 τὸ
3137 3984 3469 4053 ἀνάγνωσμα
3516 3982 3896 4053 βασανίσωμεν

2316 4072 2733 4145 ἀκριεέστερον,
2761 4076 2877 4136 πῶς
2910 4074 2975 4127 ἂν
3004 4076 3175 4128 νοοῖτο
3213 4073 3355 4128 κατὰ
3376 4073 3466 4127 τὸν
3502 4074 3781 4144 πρέποντα
3808 4072 3894 4125 λό-

2317 4181 2412 4232 γον
2443 4164 2536 4217 τοῦ
2562 4164 2854 4235 ἀνθρώπου
2885 4164 3379 4237 κατηγορούμενον,
3403 4167 3485 4231 τὸ,
3518 4182 3536 4217 ι
3574 4165 3896 4237 Ἐρχόμενον

2316 4258 2395 4319 είς
2423 4256 2514 4310 τὸν
2538 4257 2761 4327 κόσμον.
2814 4276 2833 4309 ι
2870 4252 2977 4310 ’Ἤν
3002 4257 3111 4327 γὰρ
3142 4259 3199 4312 έν
3223 4257 3370 4327 αὐτῷ
3399 4257 3459 4311 τὸ
3482 4257 3615 4325 φῶς,
3645 4258 3896 4326 καθάπερ

2316 4345 2409 4403 οὖν
2454 4350 2549 4404 καὶ
2592 4351 2753 4414 αὐτᾶς
2793 4352 2928 4421 ἡμῖν
2965 4352 2993 4403 ὀ
3041 4348 3430 4421 εὐαγγελιστὴς
3472 4350 3895 4422 διεμαρτύρατο,

2317 4442 2414 4496 καὶ
2442 4443 2500 4495 ού
2526 4443 2586 4496 τὸ
2616 4444 2733 4512 φῶς
2758 4444 2838 4506 εἰς
2868 4442 2960 4495 τὸν
2986 4442 3188 4511 κόσμον
3215 4441 3469 4512 ἔρχεσθαι
3497 4442 3729 4512 μᾶλλον,
3762 4441 3898 4494 ἀλλὰ

638 4541 883 4597 coactas,
913 4550 976 4589 ac
1002 4538 1148 4590 velut
1176 4537 1232 4590 in
1258 4539 1519 4607 spelunca
1546 4538 1784 4607 quadam
1806 4538 2210 4594 vehementium

2320 4534 2407 4588 τὸν
2455 4533 2816 4604 φωτιζόμενον
2881 4533 3167 4604 ἄνθρωπον
3234 4534 3702 4604 διεδεόαιούμεθα.
3761 4533 3899 4588 Φασὶ

638 4626 1004 4695 cupiditatum
1038 4628 1279 4683 inclusas
1314 4629 1431 4697 ipso
1462 4630 1839 4700 experimento
1869 4646 1962 4685 eas
1993 4631 2210 4695 docere,

644 4734 806 4788 quam
835 4719 1090 4773 acerbqu
1139 4721 1211 4774 sit
1264 4720 1318 4775 in
1360 4720 1515 4790 pejus
1548 4720 1874 4784 deﬂectere,
1916 4728 1970 4777 et
2003 4730 2211 4775 rectum

642 4808 802 4863 nihili
832 4807 1030 4863 facere.
1082 4809 1165 4862 Ad
1212 4811 1571 4867 astruendum
1614 4825 1746 4865 vero
1776 4818 1887 4864 tam
1914 4809 2209 4864 ridiculum

639 4914 800 4954 suum
832 4908 1199 4953 commentum
1225 4941 1240 4965 ,
1289 4902 1529 4970 primum
1564 4901 1809 4956 omnium
1850 4901 2032 4955 locum
2061 4899 2211 4953 hunc

636 4992 986 5061 evangelistae
1022 4993 1295 5061 arripiunt
1331 5011 1345 5047 :
1396 5011 1414 5044 ι
1446 4993 1572 5048 Erat
1600 4993 1691 5052 lux
1723 5008 1886 5061 vera,
1932 5009 2051 5063 quae
2088 4992 2212 5047 illu-

637 5084 811 5139 minat
845 5097 1063 5137 omnem
1106 5082 1381 5137 lintninem
1418 5085 1726 5139 venientem
1766 5084 1823 5138 in
1870 5084 2018 5138 hunc
2051 5098 2211 5137 mun-

637 5175 802 5238 dum;
836 5193 853 5225 ι
887 5172 1087 5228 deinde
1131 5173 1236 5226 alia
1279 5175 1527 5244 quaedam
1561 5191 1628 5229 ex
1663 5175 1951 5244 Scriptura
1982 5173 2167 5227 divina
2195 5212 2210 5238 ,

637 5265 949 5333 cujusmodi
979 5274 1061 5320 est
1092 5265 1264 5319 illud:
1306 5283 1324 5316 ι
1358 5266 1684 5337 Priusquam
1720 5266 2065 5331 humiliarer,
2111 5280 2211 5334 ego

636 5356 843 5426 deliqui
865 5359 951 5425 ‘i;
1012 5376 1028 5411 ι
1103 5373 1204 5414 nec
1267 5359 1393 5414 illos
1465 5374 1579 5414 suae
1645 5359 1813 5429 pudet
1877 5358 2211 5429 nugacitatis

638 5450 767 5504 dum
804 5450 976 5520 aiunt,
1026 5449 1168 5507 Ecce
1222 5459 1513 5521 antequam
1572 5451 1980 5515 humiliaretur,
2033 5450 2088 5505 id
2130 5458 2215 5506 est

638 5552 926 5611 antequam
960 5558 1195 5614 corpore
1230 5543 1642 5612 includeretur,
1692 5559 1752 5599 se
1795 5542 2095 5613 deliquisse
2136 5542 2215 5598 l‘a-

637 5640 783 5689 tetur
819 5634 1001 5688 anima
1027 5676 1043 5701 ,
1074 5645 1243 5706 atque
1275 5635 1486 5692 idcirco
1512 5637 1639 5706 jure
1674 5635 1871 5692 merito
1920 5651 1978 5692 se
2033 5637 2213 5690 humi-

706 5818 751 5851 ⁸⁸
790 5818 1002 5875 Baruch
1038 5835 1136 5887 ιιι,
1176 5821 1266 5875 38.
1342 5820 1387 5852 "
1426 5819 1545 5875 Col.
1579 5835 1666 5887 ιγ,
1699 5821 1750 5875 5.
1827 5820 1873 5854 "
1910 5819 2111 5877 Jerem.
2147 5838 2278 5879 χχιιι
2302 5864 2316 5889 ,
2361 5822 2443 5880 l6.

2316 4625 2604 4695 τοιγαροῦν
2637 4642 2810 4688 τινες,
2850 4625 2921 4678 τὰ
2962 4626 3028 4677 ὲκ
3058 4625 3284 4696 καρδίας
3307 4626 3486 4681 αὐτῶν
3522 4624 3896 4698 ἐρευγόμενοι,

2316 4720 2411 4771 καὶ
2448 4719 2548 4771 οὐκ
2591 4718 2698 4770 ἀπὸ
2750 4716 3017 4786 πόματος
3049 4718 3286 4788 Κυρίου,
3343 4718 3527 4781 καθὼς
3562 4719 3896 4789 γέγραπται,

2317 4810 2398 4863 ὃτι
2445 4809 2551 4879 πρὸ
2579 4812 2677 4879 τῆς
2711 4808 2819 4861 τῶν
2868 4809 3138 4879 σωμάτων
3167 4811 3514 4881 κατασκευῆς
3544 4811 3897 4881 προϋπῆρχον

2322 4903 2419 4972 μὲν
2455 4901 2599 4955 κατά
2630 4902 2721 4955 τὸν
2749 4902 2974 4974 οὐρανὸν
2997 4905 3053 4956 αί
3084 4903 3194 4957 τῶν
3219 4903 3522 4975 ἀνθρώπων
3550 4904 3746 4974 ψυχαὶ,
3793 4920 3898 4973 μα-

2318 4995 2449 5066 κρὸν
2505 4997 2563 5049 ὲν
2615 4996 2892 5068 ἀσωμάτῳ
2941 4998 3303 5069 μακαριότητι
3348 4997 3629 5067 τρίδουσαι
3682 4995 3895 5066 χρόνον,

2318 5089 2409 5141 καὶ
2456 5087 2835 5160 καθαρώτερον
2873 5088 3244 5142 ἀπολαύουσαι
3294 5086 3386 5139 τοῦ
3432 5087 3600 5149 ὅντως
3643 5084 3846 5155 ἀγαθοῦ
3877 5101 3891 5113 ·

2318 5181 2504 5251 ἐπειδὴ
2532 5180 2589 5233 δὲ
2633 5181 2803 5245 αύτάς
2843 5183 2872 5234 ὁ
2912 5180 3021 5233 τῶν
3054 5181 3354 5251 ἀμεινόνων
3383 5180 3553 5250 εἰσῄει
3581 5178 3739 5250 κόρος
3759 5219 3774 5243 ,
3801 5178 3896 5230 καὶ

2318 5272 2454 5342 πρὸς
2485 5272 2554 5325 τά
2584 5273 2750 5345 χείρω
2778 5274 2965 5328 λοιπὸν
2997 5273 3420 5334 ἀποκλίνουσαι,
3467 5271 3601 5344 πρὸς
3632 5272 3897 5334 ὲκτόπους

2317 5363 2633 5419 κατέόαινον
2670 5366 2879 5428 ἑννοίας
2918 5383 2979 5418 τε
3013 5366 3107 5419 καὶ
3145 5364 3461 5433 ἐπιθυμίας,
3508 5364 3896 5432 ἀγανακτήσας

2314 5455 2536 5519 εἰκότως
2562 5458 2590 5509 ὁ
2618 5456 2958 5527 Δημιουργὸς
2990 5456 3310 5510 ἀποστέλλει
3344 5456 3444 5527 μὲν
3482 5453 3652 5518 αὐτὰς
3694 5457 3773 5518 είς
3805 5454 3894 5523 τὸν

2315 5548 2542 5619 κόσμον,
2578 5552 2692 5612 τοῖς
2724 5548 2782 5600 δὲ
2815 5549 2924 5602 ἀπὸ
2956 5549 3059 5618 γῆς
3098 5547 3351 5614 ἐνέπλεξε
3390 5547 3637 5618 σώμασιν
3667 5545 3896 5618 ἀχθοφο-

2318 5642 2432 5709 ρεῖν
2462 5640 2800 5707 ἀναγκάσας,
2824 5640 2919 5692 καὶ
2944 5639 3224 5709 μονονουχὶ
3254 5638 3499 5709 σπηλαίῳ
3525 5638 3633 5691 τινί
3669 5638 3774 5691 τῶν
3806 5640 3897 5689 int-

2523 5820 2567 5851 “
2604 5816 2747 5872 Psal.
2786 5833 2987 5883 c;vut,
3033 5817 3122 5873 67.
