4168 6570
310 418 416 475 135

1376 415 1443 470 IN
1477 414 1759 472 JOANNIS
1795 415 2248 477 EVANGELIUM
2286 419 2417 475 LIB.
2458 418 2499 475 l.
2598 371 2602 375 φ

3454 420 3555 474 1⁸58

307 534 490 589 τόπων
539 532 966 602 ἐγκατακλείσας
1005 530 1234 601 ἡδονῶν,
1290 532 1567 586 παιδεύειν
1623 532 1791 596 αὑτὰς
1830 532 1889 600 ἐξ

1991 534 2181 590 liatam
2211 550 2334 591 esse
2358 574 2373 601 ,
2407 535 2601 590 mortis
2631 542 2684 589 et
2716 534 3087 604 corruptionis
3122 533 3355 588 vinculis
3382 532 3557 602 illiga-

308 626 481 696 αὑτῆς
518 625 812 695 ὲδοκίμασε
855 625 954 693 τῆς
991 623 1225 694 πείρας,
1265 625 1462 696 πικρὸν
1502 627 1648 688 ὅπως
1687 625 1805 679 ἐστὶ
1830 626 1891 679 τὺ

309 718 404 769 ἐπὶ
443 718 513 771 τὰ
556 718 722 788 χείρω
767 716 1064 786 φέρεσθαι,
1112 715 1204 769 καὶ
1258 716 1527 771 ποιεῖσθαι
1575 717 1731 785 λόγον
1781 717 1891 770 τῶν

307 808 531 873 ἀγαθῶν
582 809 792 862 οὐδένα.
846 808 1177 877 ’Λρπάςουσι
1226 808 1282 862 δὲ
1340 811 1423 871 είς
1482 808 1754 872 ἀπόδειξιν
1791 808 1889 879 τὴν

309 898 452 953 οὑτω
489 900 833 971 γελοιοτάτης
884 900 1096 953 ἐαυτῶν
1137 899 1484 970 μυθολογίας,
1526 900 1621 952 καὶ
1657 898 1787 952 αὑτὸ
1823 897 1888 970 δὴ

313 990 526 1060 πρῶτον
573 992 633 1043 τὸ
668 991 759 1044 νῦν
796 994 853 1043 ἐν
894 992 1110 1063 χερσίν·
1159 1010 1176 1041 ι
1210 987 1317 1043 Ἦν
1356 991 1415 1044 τὸ
1454 991 1569 1060 φῶς
1606 990 1666 1043 τὸ
1702 989 1889 1060 ἀληθι-

310 1082 399 1134 νὸν
422 1122 436 1145 ,
494 1083 522 1135 ὂ
561 1082 781 1151 φωτίζει
828 1083 1003 1136 πάντα
1036 1081 1323 1152 ἄνθρωπον
1365 1083 1658 1153 ἐρχόμενον
1690 1084 1767 1145 είς
1796 1082 1886 1136 τὸν

310 1172 513 1241 κόσμον
536 1187 550 1199 °
582 1191 602 1223 ι
662 1171 799 1242 πρὸς
842 1171 897 1223 δέ
940 1187 1002 1238 γε
1041 1170 1246 1241 τούτῳ,
1296 1172 1390 1223 καὶ
1426 1171 1590 1242 ἕτερά
1631 1189 1752 1223 τινα
1779 1171 1887 1224 τῶν

308 1261 419 1315 ἀπὸ
442 1262 537 1331 τῆς
559 1262 709 1323 θείας
750 1263 971 1331 Γραφῆς
993 1301 1005 1322 ,
1066 1255 1177 1314 οἷον
1224 1260 1313 1323 τὸ,
1359 1279 1377 1310 ι
1409 1260 1521 1330 Πρὸ
1555 1261 1650 1312 τοῦ
1692 1278 1761 1330 με
1794 1277 1889 1313 τα-

310 1354 673 1423 πεινωθῆναι,
719 1353 829 1422 ἐγὼ
881 1353 1305 1424 ἐπλημμέλησα’
1342 1372 1358 1402 ι
1396 1354 1489 1405 καὶ
1520 1353 1585 1422 δὴ
1624 1356 1715 1406 καί
1756 1370 1886 1421 φασι

309 1445 647 1515 παραληρεῖν
691 1446 789 1498 οὑκ
828 1446 1168 1516 αἰδούμενοι·
1226 1445 1357 1498 Ἰδοὺ
1396 1445 1502 1515 πρὸ
1548 1445 1648 1513 τῆς
1694 1461 1885 1497 ταπει-

308 1536 548 1601 νώσεως,
597 1536 739 1589 τοῦτ’
777 1536 949 1598 ἐστι..
980 1538 1078 1605 τῆς
1134 1535 1573 1605 ἐνσωματὼσεως
1636 1536 1889 1605 πεπλημ-

313 1627 607 1697 μεληκέναι
629 1628 793 1698 φησὶν
824 1630 857 1697 ἡ
889 1627 1056 1698 ψυχὴ,
1082 1628 1170 1681 διά
1189 1645 1245 1680 τε
1270 1627 1427 1681 τοῦτο
1457 1627 1887 1680 τεταπεινῶσθαι

309 1717 530 1782 δικαίως
556 1718 859 1771 ἐνδεθεῖσαν
887 1718 1122 1788 Θανάτῳ,
1155 1719 1248 1771 καὶ
1288 1717 1482 1789 φθορᾷ,
1520 1717 1770 1788 καθάπερ
1796 1714 1888 1771 οὖν

311 1809 403 1861 καὶ
429 1808 456 1860 ό
483 1806 694 1872 Παῦλος
727 1808 899 1871 οὓτως
932 1809 1187 1879 ὀνομάζει
1223 1808 1281 1861 τὸ
1304 1808 1484 1878 σῶμα,
1516 1809 1687 1877 λέγων
1711 1823 1723 1836 ·
1752 1828 1767 1857 ι
1790 1808 1886 1871 Τίς

1994 633 2101 679 tam
2125 664 2140 690 ,
2183 625 2644 694 quemadmodum
2698 624 2902 681 l‘aulus
2960 627 3073 695 ipse
3105 639 3322 695 quoque
3358 639 3560 693 corpus

1988 715 2239 769 nominat
2284 715 2521 770 dicens:
2582 734 2600 766 ι
2637 715 2771 781 Quis
2811 732 2896 771 me
2926 716 3179 772 liberabit
3221 718 3288 769 de
3332 731 3560 785 corpore

1990 808 2184 863 mortis
2204 807 2367 876 hujus
2400 808 2486 861 9’?
2509 827 2527 858 ι
2561 806 2717 872 Quod
2749 809 2794 863 si
2829 809 3008 863 anima
3040 817 3247 877 peccat,
3278 807 3552 876 inquiunt,

1989 906 2284 969 antequam
2337 899 2697 963 liumilietur,
2754 907 2808 953 et
2853 900 3001 954 venit
3053 900 3107 952 in
3152 898 3435 959 mundum,
3465 912 3560 965 pa-

1992 999 2066 1046 tet
2110 991 2258 1060 quod
2296 991 2455 1061 prius
2498 992 2765 1057 exsistat;
2820 991 3092 1059 quomodo
3136 990 3305 1051 enim,
3351 1002 3557 1057 quaeso.

1987 1089 2238 1151 peccaret
2274 1082 2327 1136 id
2360 1082 2505 1151 quod
2531 1085 2775 1136 nondum
2807 1082 3058 1136 exsistit?
3088 1080 3248 1135 Venit
3283 1088 3464 1133 autem
3502 1078 3558 1131 in

1987 1173 2274 1239 mundum,
2310 1173 2405 1229 sed
2434 1174 2707 1243 aliquibus
2734 1189 2800 1227 ex
2841 1174 2979 1226 locis
3008 1172 3256 1226 videlicet
3289 1169 3557 1239 profecta.

1989 1260 2305 1319 Istiusmodi
2350 1278 2525 1334 nugas
2562 1264 2829 1319 adversus
2863 1262 3123 1317 Ecclesiae
3168 1262 3421 1330 dogmata
3449 1300 3464 1325 ,
3506 1266 3560 1311 et

1987 1371 2160 1412 vanas
2210 1356 2430 1412 fabulas
2475 1357 2875 1427 simpliciorum
2933 1356 3161 1409 auribus
3208 1356 3557 1422 ingerentes.

1984 1446 2110 1515 jure
2141 1448 2365 1502 audient
2395 1463 2407 1501 :
2456 1468 2474 1500 ι
2514 1447 2607 1503 Vae
2639 1449 2730 1519 qui
2767 1448 3095 1517 proplietant
3128 1446 3194 1500 de
3223 1444 3386 1499 cerdo
3420 1457 3557 1503 suo.

1988 1550 2043 1596 et
2070 1558 2298 1611 prorsus
2338 1558 2444 1596 non
2479 1543 2665 1597 vident
2692 1541 2757 1595 ’3.
2800 1560 2817 1592 ι
2889 1539 3141 1594 Visiones
3184 1539 3327 1591 enim
3374 1550 3561 1591 revera

1988 1641 2042 1687 et
2071 1632 2444 1688 divinationes
2476 1672 2490 1696 ,
2543 1649 2605 1686 ac
2634 1632 2945 1702 prophetias
2985 1631 3171 1685 cordis
3197 1630 3282 1684 sui
3322 1627 3562 1697 Spiritus

1988 1723 2339 1777 sermonibus
2371 1732 2710 1793 opponentes
2739 1763 2754 1787 ,
2798 1738 2905 1777 non
2937 1724 3181 1776 sentiunt
3210 1729 3470 1789 quantam
3506 1720 3560 1773 in

1989 1814 2377 1867 absurditatem
2410 1827 2509 1867 sua
2540 1813 2774 1866 consilia
2809 1819 3102 1881 properent
3128 1853 3141 1873 ,
3176 1809 3463 1865 Psalmista
3495 1809 3561 1861 ad

314 1918 381 1968 με
422 1901 643 1970 ῥύσεται
694 1903 758 1954 ἐκ
786 1901 876 1954 τοῦ
919 1900 1169 1971 σώματος
1195 1900 1286 1953 τοῦ
1325 1900 1557 1955 θανάτου
1606 1900 1877 1965 τούτους»

1989 1903 2152 1957 Deum
2176 1904 2390 1958 dicente
2417 1923 2428 1958 :
2452 1922 2469 1953 ι
2490 1903 2570 1955 Tu
2600 1903 2864 1957 terribilis
2880 1920 2959 1967 es,
2982 1903 3183 1972 etquis
3202 1903 3417 1957 resistet
3441 1902 3559 1963 tibi,

312 1990 374 2042 Εἰ
424 1990 481 2043 δὲ
522 1991 861 2061 πλημμελεῖ,
905 1994 1102 2063 φησὶν,
1155 1992 1260 2063 πρὸ
1289 1992 1385 2063 τῆς
1433 1992 1913 2064 ταπεινώσεως

309 2080 476 2152 ψυχὴ,
507 2084 599 2135 καὶ
638 2082 854 2153 ἔρχεται
880 2086 957 2146 εἰς
990 2084 1079 2136 τὸν
1105 2082 1328 2153 κόσμον,
1356 2083 1431 2147 ὠς
1456 2084 1887 2154 προῦπάρχουσα

310 2172 583 2243 δηλονότι·
632 2175 748 2239 πῶς
784 2177 892 2245 γὰρ
932 2176 1068 2238 ὅλως
1099 2175 1333 2245 ἁμάρτοι
1366 2174 1427 2227 τὸ
1463 2175 1629 2244 μήπω
1660 2175 1888 2245 ὑφεστη-

311 2265 445 2332 κός;
477 2267 735 2337 Ἔρχεται
760 2268 818 2319 δὲ
855 2269 934 2330 είς
970 2268 1060 2321 τὸν
1090 2268 1294 2337 κόσμον
1318 2265 1427 2318 ἀπό
1454 2282 1613 2319 τινων
1648 2264 1887 2337 δηλονότι

309 2356 489 2410 τόπων
527 2359 839 2430 κινουμένη.
868 2358 1108 2412 Τοιαῦτα
1142 2375 1261 2410 τινα
1288 2356 1398 2410 τῶν
1429 2357 1530 2426 τῆς
1561 2355 1885 2428 Ἐκκλησίας

310 2450 868 2521 καταρραψῳδοῠντες
908 2450 1226 2520 δογμάτων,
1291 2450 1384 2502 καὶ
1434 2448 1626 2513 ὕθλους
1664 2432 1886 2501 είκαίων

308 2538 663 2610 διηγημάτων
697 2544 817 2605 ταῖς
868 2540 976 2593 τῶν
1022 2539 1405 2611 ἁπλουστέρων
1460 2538 1887 2610 ἐπισωρεύοντες

1986 2010 2053 2049 cx
2084 2002 2211 2049 tunc
2241 1996 2320 2048 ira
2345 2004 2435 2048 tua
2457 1995 2503 2026 ⁸⁸
2525 1995 2546 2047 ?
2568 2014 2585 2045 ›
2618 1994 2769 2059 Quod
2802 2003 2982 2047 autem
3015 1994 3465 2048 absurdissimum
3493 1994 3563 2046 sit

1988 2096 2177 2155 putare
2204 2087 2439 2139 animam
2465 2094 2592 2141 ante
2621 2100 2823 2154 corpus
2855 2086 3119 2140 exsistere
3139 2124 3152 2145 .
3179 2094 3232 2138 et
3261 2083 3329 2137 ob
3364 2097 3563 2152 prazce-

1998 2176 2169 2230 Jcntia
2192 2175 2300 2245 79
2318 2184 2542 2246 peccata
2573 2178 2628 2230 in
2650 2185 2863 2230 terrena
2888 2190 3120 2246 corpora
3137 2175 3309 2244 ipsam
3327 2173 3561 2234 demitti,

1988 2281 2053 2321 ex
2088 2266 2400 2337 subjunctis
2426 2270 2768 2338 argumentis
2796 2275 3057 2339 quantum
3090 2268 3144 2320 in
3178 2267 3331 2321 nobis
3360 2273 3444 2320 est
3471 2263 3563 2319 de-

1990 2365 2299 2413 monstrare
2329 2360 2674 2425 conabimur,
2701 2360 2939 2415 scientes
2968 2358 3113 2428 quod
3144 2358 3415 2425 scriptum
3436 2364 3520 2410 est
3545 2374 3559 2409 :

1996 2465 2013 2496 ι
2045 2446 2118 2499 Da
2161 2450 2392 2517 sapienti
2425 2452 2766 2507 occasionem
2809 2460 2862 2505 et
2888 2450 3188 2520 Sapientior
3217 2451 3354 2515 erit,
3387 2448 3563 2502 mani-

2008 2534 2143 2590 festa
2166 2536 2315 2606 justo
2345 2546 2398 2592 et
2432 2539 2657 2624 insuper
2691 2538 2924 2610 accipiet
2956 2541 3020 2589 ⁸³.
3059 2559 3075 2590 ι

308 2632 519 2699 ἀκοαῖς,
546 2634 769 2697 δικαίως
806 2634 1126 2688 ἀκούσονται
1150 2650 1163 2663 ·
1211 2652 1228 2684 ι
1265 2633 1400 2686 Οὐαὶ
1434 2635 1545 2694 τοῖς
1573 2630 2007 2703 προφητεύουσιν
2045 2631 2151 2683 ἀπὸ
2187 2631 2417 2704 καρδίας
2446 2632 2625 2686 αὐτῶν
2650 2674 2667 2702 ,
2720 2634 2813 2687 καὶ
2879 2633 2940 2685 τὸ
3002 2632 3228 2684 καθόλου
3307 2632 3381 2702 μὴ
3443 2630 3563 2700 βλέ-

309 2741 521 2780 πουσιν.
560 2745 579 2776 ›
630 2726 876 2796 Ὀράσεις
908 2724 1015 2793 γὰρ
1040 2724 1241 2785 ὅντως,
1271 2723 1361 2775 καὶ
1390 2723 1746 2791 οίωνίσματα,
1790 2722 1882 2774 καὶ
1924 2722 2264 2790 προφητείας
2310 2724 2533 2794 καρδίας
2574 2723 2750 2777 αὑτῶν
2783 2726 2894 2785 τοῖς
2937 2723 3023 2776 διὰ
3085 2723 3175 2775 τοῦ
3250 2724 3564 2793 Πνεύματος

309 2816 766 2888 ἀντιπαραθέντες
833 2816 1009 2882 λόγοις
1023 2854 1038 2878 ,

1121 2814 1221 2866 οὑκ
1260 2814 1605 2865 αἰσθάνονται
1643 2813 1779 2882 πρὸς
1823 2813 1955 2883 ὅσην
1992 2815 2174 2875 αὐτοῖς
2209 2815 2441 2868 ἀτοπίαν
2487 2815 2776 2885 δραμεῖται
2818 2817 2877 2868 τό
2912 2816 3241 2886 ἐπιχείρημα
3266 2857 3281 2878 ,
3317 2818 3565 2883 λέγοντος

308 2906 404 2960 τοῦ
443 2904 747 2975 Ψαλμῳδοῦ
782 2904 916 2974 πρὸς
952 2902 1101 2955 Θεόν’
1137 2919 1154 2952 ι
1190 2901 1259 2952 Σὺ
1301 2900 1528 2970 φοϐερὸς
1569 2894 1640 2963 εἴ,
1680 2900 1774 2951 καὶ
1808 2899 1890 2962 τίς
1928 2902 2308 2973 ἀντιστήσεταί
2344 2920 2425 2956 σοι
2476 2904 2583 2956 ἀπὸ
2632 2905 2728 2975 τῆς
2759 2906 2927 2975 ὀργῆς
2966 2922 3093 2971 σου;
3135 2908 3252 2960 "Ott
3320 2908 3377 2961 δὲ
3446 2908 3565 2962 λίαν

309 3002 460 3055 ἐστὶν
491 3000 840 3053 ἀτοπώτατον
890 2996 1155 3067 ὑπάρχειν
1187 2996 1284 3065 μὲν
1327 2994 1535 3047 οἴεσθαι
1597 2993 1691 3064 τὴν
1759 2994 1956 3065 ψυχὴν,
1998 2997 2060 3049 ἐκ
2101 2998 2544 3068 προγενεστέρων
2586 2998 2643 3050 δὲ
2678 2999 3087 3069 ἁμαρτημάτων
3125 3000 3205 3062 είς
3253 2999 3321 3052 τὰ
3375 3002 3439 3053 ὲκ
3464 3002 3566 3071 γῆς

307 3094 762 3166 καταπέμπεσθαι
791 3094 1018 3164 σώματα
1064 3091 1309 3161 νομίζειν
1342 3090 1501 3143 αὑτὸν
1528 3089 1649 3160 [ῐσ.
1681 3091 1848 3160 αὐτὴν
1871 3092 1903 3161 1,
1944 3092 2032 3144 διὰ
2069 3093 2176 3145 τῶν
2222 3094 2643 3162 ὑπεζευγμένων
2695 3094 2910 3147 ἐννοιῶν
2975 3094 3113 3147 κατὰ
3188 3095 3247 3147 τὸ
3289 3095 3565 3166 ἐγχωροῦν

306 3198 438 3268 ἡμῖν
481 3191 758 3255 ἀποδεῖξαι
796 3189 1171 3259 πειρασόμεθα
1194 3228 1208 3252 ,
1250 3188 1312 3239 τὸ
1339 3188 1723 3258 γεγραμμένον
1744 3188 1945 3251 εἰδότες
1967 3204 1980 3218 ⁸

306 3285 540 3357 γνώριζε
568 3283 779 3351 δικαίῳ,
805 3282 898 3333 καὶ
937 3279 1232 3350 προσθήσει
1256 3278 1350 3330 τοῦ
1384 3278 1649 3347 δέχεσθαι.
1682 3297 1701 3329 ι

2028 3208 2047 3240 ι
2096 3190 2248 3242 Δίδου
2300 3190 2448 3259 cogor?)
2520 3191 2775 3262 ἀφορμὴν
2806 3232 2821 3256 ,
2878 3193 2971 3244 καὶ
3026 3190 3329 3262 σοφώτερος
3390 3194 3565 3272 ἔσται,

310 3400 578 3473 "Ervom;
620 3397 748 3473 ἤτοι
797 3394 1137 3473 θεωρήματα
1188 3392 1497 3473 σχήματος
1545 3395 1889 3461 συμπεπλε-

1997 3386 2285 3467 Rationes,
2347 3388 2451 3441 sire
2509 3388 2886 3456 propositiones
2938 3403 3003 3441 ex
3060 3390 3378 3459 syflogismis
3437 3409 3566 3448 con-

377 3471 595 3542 γμένου
623 3467 723 3523 καὶ
744 3467 1237 3535 συλλογιστικοῦ.

378 3612 449 3659 α’.
476 3603 536 3656 Εἰ
558 3603 664 3673 τῆς
686 3602 792 3655 τῶν
822 3600 1086 3669 σωμάτων
1124 3563 1466 3670 κατασῗιευῆς
1494 3602 1524 3671 ἡ
1547 3601 1641 3654 τοῦ
1669 3602 1879 3672 ἀνθρώ-

314 3714 410 3749 που
452 3694 856 3765 προῦφεστήκει
906 3691 1072 3762 ψυχὴ,
1125 3692 1461 3745 ἀποκλίνασα
1507 3693 1563 3745 δὲ
1634 3694 1771 3763 πρὸς
1825 3694 1885 3745 τὸ

310 3786 532 3856 φαῦλον,
577 3784 717 3838 κατὰ
759 3783 856 3847 τάς
877 3800 1037 3836 τινων
1080 3783 1355 3846 ὑπονοίας,
1387 3783 1607 3836 κόλασιν
1646 3784 1756 3855 ἔχει
1790 3782 1884 3837 τοῦ

310 3878 776 3948 πλημμελήματος
816 3875 911 3946 τὴν
949 3876 1029 3939 είς
1070 3874 1250 3946 σάρκα
1291 3874 1536 3939 κάθοδον,
1580 3875 1721 3939 πῶς,
1765 3875 1883 3929 εἰπέ

313 3987 422 4040 μοι,
446 3967 770 4037 φωτίζεσθαί
792 3984 953 4037 φησιν
967 3969 1270 4038 ἐρχομένην
1288 3966 1455 4037 αὐτὴν
1480 3967 1557 4030 είς
1574 3967 1663 4020 τὸν
1684 3968 1887 4038 κόσμον

307 4062 337 4114 ὁ
362 4059 785 4130 εὑαγγελιστής;
816 4058 961 4129 Τιμὴ
992 4058 1120 4130 γὰρ,
1163 4054 1335 4129 οἶμαι,
1375 4059 1436 4111 τὸ
1471 4060 1703 4130 πρᾶγμά
1747 4061 1882 4121 ἐστι,

310 4155 403 4207 καὶ
432 4152 781 4224 χαρισμάτων
834 4151 1119 4223 προσθήκη
1167 4150 1458 4221 λαμπρῶν
1498 4150 1787 4215 κολάζεται
1830 4151 1887 4204 δέ

309 4263 393 4308 τις
424 4245 482 4296 οὑ
537 4242 864 4314 τιμώμενος,
909 4242 1028 4295 οὑδὲ
1076 4244 1396 4314 τιμωρεῖται
1454 4230 1677 4314 μέτοχος
1727 4245 1886 4297 θείων

309 4334 761 4405 ἁναδεικνύμενος
788 4333 1029 4402 ἀγαθῶν,
1077 4334 1213 4387 ἀλλὰ
1239 4337 1349 4398 τοῖς
1379 4333 1437 4398 ἐξ
1463 4337 1632 4406 ὀργῆς
1669 4336 1767 4405 τῆς
1792 4335 1884 4389 τοῦ

310 4427 629 4491 κολάζοντος
664 4425 885 4495 ὁμιλῶν.
932 4426 1147 4496 Ἐπειδὴ
1186 4425 1240 4477 δέ
1264 4426 1363 4479 οὑκ
1396 4427 1453 4478 ἐν
1484 4426 1694 4488 τούτοις
1726 4428 1885 4496 ἐρχό-

314 4534 471 4586 μενος
502 4519 577 4579 είς
604 4515 693 4569 τὸν
727 4515 927 4586 κόσμον
958 4516 985 4567 ὁ
1012 4515 1321 4586 ἄνθρωπος,
1356 4516 1470 4569 ἀλλ’
1503 4517 1568 4570 ἐκ
1593 4517 1702 4569 τῶν
1729 4519 1884 4570 ἐναν-

308 4608 438 4661 τίων
494 4606 808 4677 φωτίζεται,
862 4606 1127 4677 πρόδηλον
1165 4608 1227 4677 δή
1289 4625 1391 4660 που
1444 4608 1649 4671 λοιπὸν,
1698 4609 1888 4678 ὅτιπερ

309 4702 369 4753 οὐ
399 4700 618 4754 κόλασιν
643 4700 755 4770 ἔχει
786 4699 884 4771 τὴν
922 4700 1198 4770 σάρκωσιν
1227 4702 1254 4752 ὁ
1305 4701 1443 4769 μετὰ
1492 4702 1693 4771 σαρκὸς
1722 4698 1887 4769 τιμώ-

313 4810 490 4863 μενος.

384 4924 448 4994 β’.
490 4926 691 4977 ᾹΛΔΟ.
734 4925 797 4977 Ei
843 4924 949 4996 πρὸ
976 4924 1072 4977 τοῦ
1106 4924 1354 4993 σώματος
1395 4926 1428 4994 ἠ
1457 4923 1604 4994 ψυχὴ
1632 4921 1757 4986 νοῦς
1786 4917 1853 4992 ἦν
1873 4963 1887 4988 ,

310 5015 391 5069 ἔτι
430 5016 666 5087 καθαρὸς
688 5018 748 5069 ἐν
785 5016 1149 5087 μακαριότητι
1180 5015 1470 5081 διατελῶν,
1511 5015 1807 5077 ἀποκλίνας
1834 5014 1891 5066 δέ

312 5107 446 5177 πρὸς
474 5107 533 5158 τὸ
564 5106 761 5174 φαῦλον
806 5106 1011 5175 ὑπέϐη,
1053 5106 1146 5159 καὶ
1173 5105 1260 5158 διὰ
1304 5105 1462 5158 τοῦτο
1500 5108 1557 5159 ἐν
1598 5106 1763 5178 σαρκὶ
1794 5105 1888 5173 γέ-

311 5215 455 5266 γονε,
504 5199 623 5262 πῶς
684 5199 971 5268 ἐρχόμενος
1028 5201 1106 5261 είς
1162 5198 1255 5252 τὸν
1297 5198 1501 5268 κόσμον
1554 5198 1882 5268 φωτίζεταις

328 5290 561 5357 Ἀνάγκη
591 5288 700 5357 γὰρ
728 5289 904 5357 λέγειν
950 5289 1155 5360 ἔρημον
1183 5285 1319 5343 εἶναι
1346 5290 1522 5359 φωτὸς
1551 5292 1679 5360 πρὶν
1709 5290 1885 5343 ἐλθεῖν

312 5379 492 5431 αὐτόν’
527 5379 576 5431 εί
610 5379 666 5431 δὲ
702 5379 890 5441 τοῦτο,
932 5380 1048 5444 πῶς
1068 5376 1137 5451 ἦν
1158 5381 1237 5434 ἔτι
1276 5380 1403 5444 νοῦς
1424 5380 1663 5450 καθαρὸς
1703 5382 1731 5432 ὁ
1762 5381 1884 5433 τότε

317 5468 467 5534 μόλις
510 5467 648 5539 ἔχων
674 5469 767 5522 τοῦ
795 5469 1124 5538 φωτίζεσθαι
1157 5471 1257 5542 τὴν
1312 5471 1505 5541 ἀρχὴν,
1545 5471 1632 5523 ὅτε
1678 5470 1773 5523 καὶ
1805 5469 1886 5532 είς

316 5555 404 5609 τὸν
434 5557 636 5629 κόσμον
668 5558 912 5631 ἔρχεται,
938 5561 1033 5615 καὶ
1060 5562 1122 5615 οὑ
1141 5561 1264 5633 δίχα
1296 5561 1531 5633 σαρκός;

382 5838 428 5869 ⁹¹
467 5835 626 5893 Rom.
659 5855 732 5894 ru
754 5879 770 5906 ,
802 5840 891 5897 ‘24.

975 5842 1021 5875 "
1060 5839 1262 5898 Jerem.
1304 5858 1438 5897 χχιιι
1466 5884 1480 5911 ,
1521 5842 1606 5897 16.
1681 5842 1727 5875 ³⁸
1760 5840 1906 5898 Psal.

2058 3460 2223 3511 κοπίδ’

2060 3596 2109 3648 1.
2146 3593 2199 3647 Si
2229 3595 2409 3647 anima
2438 3592 2675 3649 hominis
2709 3604 2834 3649 ante
2865 3594 3276 3652 fabricationem
3320 3601 3566 3669 corporis

1987 3687 2313 3751 exsistebat,
2350 3686 2445 3741 sed
2494 3687 2548 3740 in
2581 3686 2773 3741 vitium
2822 3688 3068 3757 delapsa,
3124 3697 3182 3743 ut
3212 3691 3434 3761 quidam
3468 3708 3562 3747 su-

1989 3779 2294 3849 spicantur,
2326 3795 2503 3849 paena:
2532 3781 2653 3834 loco
2678 3779 2732 3833 in
2765 3794 2965 3850 corpus
3006 3781 3232 3838 detrusa
3259 3791 3345 3839 est
3379 3805 3390 3839 :
3428 3801 3564 3855 quo-

1988 3872 2171 3937 modo,
2201 3886 2410 3943 quaeso,
2437 3873 2769 3943 evangelista
2797 3873 2971 3942 ipsam
3004 3874 3061 3928 in
3101 3874 3246 3929 hunc
3299 3877 3563 3931 mundum

1990 3966 2299 4019 venientem
2335 3964 2631 4017 illuminari
2673 3964 2841 4018 dicit?
2868 3964 3053 4019 Honor
3090 3967 3233 4020 enim
3277 3966 3421 4021 istud
3454 3977 3561 4026 est.

1991 4062 2045 4109 et
2076 4055 2371 4109 illustrium
2401 4055 2703 4125 gratiarum
2736 4056 3005 4109 accessio.
3036 4056 3140 4110 Sed
3185 4073 3345 4111 nemo
3377 4059 3566 4126 plecti—

1989 4154 2082 4200 tur
2110 4147 2236 4200 dum
2270 4146 2592 4211 honoratur,
2621 4163 2792 4217 neque
2828 4148 3051 4217 punitur
3095 4163 3218 4203 cum
3253 4149 3561 4203 divinorum

1990 4237 2257 4290 bonorum
2293 4236 2349 4290 ﬁt
2372 4239 2665 4307 particeps,
2699 4237 2794 4291 sed
2847 4253 2971 4291 cum
3028 4236 3081 4290 in
3111 4239 3386 4306 punientis
3427 4240 3563 4291 iram

1991 4328 2242 4381 incurrit.
2268 4327 2407 4381 Cum
2439 4339 2620 4382 autem
2666 4327 2829 4380 homo
2868 4326 3094 4380 veniens
3126 4328 3179 4380 iu
3226 4328 3371 4381 hunc
3400 4343 3563 4381 mun-

1990 4420 2118 4471 dum
2149 4418 2376 4472 minime
2417 4418 2696 4487 puniatur,
2724 4417 2820 4471 sed
2856 4423 3046 4470 contra
3076 4418 3261 4485 potius
3293 4419 3565 4473 illumine-

1993 4516 2098 4570 tur,
2132 4514 2281 4575 patet
2329 4506 2517 4576 utique
2547 4520 2721 4576 poenae
2764 4507 2885 4559 loco
2924 4507 2972 4560 ei
3017 4522 3123 4561 non
3158 4521 3280 4563 esse
3307 4522 3565 4578 corpora-

1989 4597 2216 4661 tionem,
2244 4597 2337 4666 qui
2371 4597 2423 4651 iu
2456 4611 2627 4651 carne
2661 4597 2984 4650 honoratur.

1918 4760 1962 4815 ὓ

2058 4906 2288 4963 2.AL1U
2302 4906 2360 4961 Ι).
2392 4908 2448 4960 Si
2484 4914 2608 4961 ante
2637 4920 2839 4975 corpus
2870 4906 3049 4959 anima
3076 4919 3230 4959 mens
3257 4912 3372 4957 erat
3403 4919 3563 4973 pura,

1990 5003 2045 5057 in
2084 4999 2343 5055 felicitate
2371 5000 2597 5066 degens,
2637 4997 2732 5051 sed
2768 4998 3129 5051 conversione
3156 4996 3208 5049 in
3246 4995 3433 5049 vitium
3464 4995 3563 5049 de-

1989 5094 2140 5163 lapsa
2188 5098 2294 5154 est,
2336 5097 2501 5159 atque
2551 5088 2758 5143 idcirco
2818 5090 3018 5142 innexa
3074 5098 3158 5141 est
3221 5087 3394 5148 carni,
3429 5102 3567 5155 quo-

1992 5183 2155 5240 modo
2188 5182 2414 5236 veniens
2448 5182 2502 5234 in
2548 5181 2693 5235 hunc
2744 5179 3007 5233 mundum
3053 5175 3429 5229 illuminatur?
3464 5175 3567 5230 Ne-

1994 5276 2234 5335 cessario
2263 5276 2407 5328 enim
2444 5274 2732 5327 dicendum
2766 5280 2847 5325 est
2878 5270 3051 5338 ipsam
3100 5267 3237 5321 lucis
3291 5275 3565 5337 expertem

1993 5381 2116 5422 esse
2160 5374 2453 5435 antequam
2489 5364 2689 5418 veniat.
2723 5359 2879 5425 Quod
2930 5359 2976 5413 si
3023 5358 3101 5410 ita
3152 5364 3253 5423 est,
3291 5359 3568 5427 quomodo

1994 5472 2130 5528 pura
2172 5470 2327 5510 mens
2374 5463 2517 5519 erat,
2547 5466 2668 5521 quae
2697 5452 2785 5504 vix
2824 5458 2941 5503 tum
2978 5448 3217 5519 primum
3264 5447 3565 5502 illuminari

1992 5550 2188 5619 incipit
2217 5562 2344 5604 cum
2375 5546 2523 5603 venit
2565 5545 2623 5598 in
2668 5540 2958 5609 mundum,
3006 5542 3170 5615 idque
3214 5555 3323 5596 non
3356 5539 3569 5611 absque

1992 5657 2160 5698 carne
2176 5642 2199 5695 τ

1950 5855 2112 5906 Lxsv,
2145 5837 2197 5894 8.
2275 5838 2318 5869 ”
2359 5832 2525 5890 Prov.
2558 5849 2609 5888 Ix
2635 5873 2649 5897 ,
2681 5833 2735 5887 9.
