4168 6558
680 390 771 448 {3|
1702 392 1761 446 S.
1788 382 2065 446 CYRILLI
2094 384 2584 443 ALEXANDRINI.
2619 389 2940 445 ARCHIEP.

3858 398 3958 455 ίδὶ

679 517 733 566 in
785 511 1241 579 eo,eonﬂrmavit
1290 511 1500 567 ratione
1546 510 1964 565 incarnationis.
2019 527 2036 559 ι
2089 508 2242 562 Visus

2356 510 2616 580 ὑπάρχειν
2646 511 2826 575 αὑτὸν,
2867 513 2940 573 ὡς
2968 511 3109 584 ζωὴν
3143 514 3277 566 κατὰ
3315 515 3508 581 φύσιν,
3544 518 3621 580 ὡς
3652 517 3773 585 φῶς
3832 517 3954 568 κατ’

678 606 822 661 enim
855 612 939 660 est
979 607 1033 658 in
1074 612 1250 669 terra,
1286 610 1338 659 et
1376 618 1501 657 cum
1549 602 1864 656 hominibus
1895 611 2251 655 conversatus

679 706 763 752 est
790 697 836 729 ⁸⁸
858 736 873 760 ,
905 716 924 748 ι
958 712 1078 750 cum
1120 711 1285 750 carne
1309 695 1581 757 videlicet,
1616 692 2052 747 manifestiorem
2094 691 2251 745 nobis

680 804 834 842 suam
865 789 1207 859 praesentiam
1246 787 1349 841 hoc
1375 793 1537 856 pacto
1559 784 1798 839 eiliciens
1819 826 1833 849 ,
1863 792 1918 838 et
1948 784 2041 853 qui
2073 798 2249 853 quon-

678 881 803 936 dam
857 883 974 936 solo
1022 881 1300 935 intellectu
1361 877 1753 948 comprehendi
1803 886 2064 947 poterat,
2114 877 2249 945 ipsis

678 989 894 1043 quoque
934 988 1081 1028 nunc
1128 972 1382 1041 corporis
1428 972 1608 1025 oculis
1656 977 1949 1039 perceptus
2005 968 2248 1022 crassio-

677 1081 833 1131 rem,
878 1073 938 1119 ut
986 1066 1060 1117 ita
1112 1061 1330 1125 dicam,
1392 1062 1723 1132 cognitionis
1772 1060 1973 1114 divinae
2024 1072 2247 1113 sensum

676 1159 838 1212 nobis
875 1157 1061 1210 intulit
1091 1155 1221 1211 dum
1260 1171 1361 1223 per
1399 1154 1664 1208 miracula
1704 1159 1757 1207 et
1798 1151 2043 1222 prodigia
2087 1149 2248 1205 nobis

678 1258 761 1303 est
791 1250 1028 1318 agnitus.
1061 1245 1173 1300 Nec
1205 1247 1309 1299 alia
1341 1246 1569 1310 ratione,
1600 1253 1659 1297 ut
1688 1244 1960 1304 existimo,
2002 1241 2144 1294 mitti
2179 1240 2247 1295 ad
2284 1288 2296 1302 .

678 1354 783 1391 nos
843 1338 934 1391 Dei
1003 1336 1239 1391 Verbum
1289 1340 1549 1389 mundum
1606 1336 1753 1389 hunc
1811 1334 2246 1387 illuminaturum

678 1425 978 1479 Psalmista
1014 1426 1260 1495 rogabat.
1287 1425 1420 1479 Illud
1445 1426 1672 1495 insuper
1696 1424 2244 1480 animadvertendum

674 1517 961 1580 existimo,
1000 1518 1256 1570 nimirum
1292 1515 1436 1586 quod
1473 1516 1623 1569 omni
1657 1529 1911 1570 sermone
1950 1529 2106 1569 mens
2149 1528 2245 1583 pe-

675 1609 999 1662 netrabilior
1055 1619 1177 1674 est,
1224 1617 1278 1663 et
1324 1608 1521 1663 mentis
1552 1616 1733 1661 motus
1778 1607 1962 1677 lingua
2006 1609 2241 1661 acutior.

674 1701 860 1771 Igitur,
899 1701 1095 1755 mentis
1126 1700 1424 1755 subtilitate
1453 1708 1507 1755 et
1547 1701 1801 1755 acumine
1828 1740 1844 1765 ,
1881 1700 2090 1753 variam
2122 1700 2246 1768 qui-

670 1794 791 1847 dem
822 1802 1027 1846 natura:
1052 1793 1253 1846 divinae
1281 1792 1749 1861 pulchritudinem
1781 1791 2242 1858 contemplamur,

2354 601 2541 653 οὐσίαν
2562 644 2574 662 ,
2632 603 2944 674 πληροῦνται
2975 604 3071 674 τὴν
3102 605 3277 657 κτίσιν
3297 647 3310 671 ,
3355 608 3429 668 ὡς
3466 609 3600 661 Θεὸν
3621 648 3634 671 ,
3692 611 3757 661 οὐ
3793 611 3955 677 τόπῳ

2352 710 2587 764 περιγρα
2600 696 2726 748 πτὺν
2746 738 2759 760 ,
2791 697 2851 749 οὐ
2884 697 3214 768 διαστήμασι
3248 702 3550 771 μετρητὸν,
3583 703 3644 754 οὐ
3680 701 3949 768 ποσότητι

2351 785 2694 852 καταληπτὸν
2716 826 2730 848 ,
2779 787 2839 838 οὐ
2868 786 2924 838 δὲ
2953 787 3059 839 ὑπό
3097 806 3241 851 τινος
3274 789 3409 852 ὅλως
3442 791 3947 860 ἐμπεριεχόμενον,

2348 875 2468 927 οὐδὲ
2504 876 2855 946 μεταϐάσεως
2887 879 2985 949 τῆς
3034 880 3114 943 εἰς
3142 880 3306 933 τόπον
3354 884 3417 934 ἐκ
3448 882 3612 934 τόπου
3651 882 3947 952 δεόμενον,

2350 967 2463 1020 ἀλλ’
2492 969 2743 1037 ἐνδημεῖν
2788 970 2885 1039 μὲν
2910 970 3112 1023 ἅπασιν
3135 1012 3149 1035 ,
3178 973 3650 1041 ἀπολιμπάνεσθαι
3674 975 3737 1027 δὲ
3773 973 3923 1043 μηδε

2348 1058 2456 1120 νός.
2505 1060 2847 1131 Ἐληλυθέναι
2887 1062 2943 1115 δὲ
2977 1064 3168 1116 ἑαυτὸν
3202 1065 3260 1116 ὲν
3298 1065 3489 1135 κόσμῳ
3534 1065 3948 1135 διῐσχυρίσατο,

2348 1149 2525 1202 καίτοι
2558 1148 2751 1221 παρὼν
2780 1152 2838 1203 ὲν
2865 1152 3013 1222 αὐτῷ
3044 1154 3185 1207 κατά
3209 1156 3302 1208 τὸν
3329 1158 3427 1225 τῆς
3457 1156 3947 1226 ὲνανθρωπὴσεως

2346 1239 2567 1308 τρόπον.
2620 1260 2638 1291 ι
2672 1242 2849 1311 Ὠφθη
2887 1242 2995 1313 γὰρ
3029 1244 3119 1296 ἐπὶ
3145 1244 3246 1314 τῆς
3272 1246 3404 1315 γῆς,
3440 1246 3533 1299 καὶ
3564 1249 3675 1308 τοῖς
3720 1244 3948 1315 ἀνθρώο

2348 1347 2472 1394 ποις
2515 1335 2922 1405 συνανεστράφη
2965 1354 2983 1386 ι
3038 1336 3177 1406 μετά
3219 1338 3455 1407 σαρκὸς,
3512 1338 3949 1407 ἐμφανεστέραν

2348 1422 2543 1475 ἑαυτοῦ
2583 1423 2680 1494 τὴν
2728 1426 2786 1478 ὲν
2825 1429 3015 1497 κόσμῳ
3049 1428 3350 1499 παρουσίαν
3391 1428 3480 1481 διὰ
3509 1428 3699 1482 τούτου
3737 1428 3945 1491 τιθεὶς,

2349 1514 2442 1566 καὶ
2470 1516 2498 1567 6
2530 1514 2701 1567 πάλαι
2723 1518 2903 1587 νοήσει
2930 1520 3277 1589 καταληπτὸς
3298 1562 3311 1585 ,
3346 1521 3440 1574 καὶ
3467 1520 3652 1584 αὐτοῖς
3679 1521 3788 1592 ήδη
3822 1525 3948 1582 τοῖς

2346 1603 2439 1656 τοῦ
2484 1603 2730 1675 σώματος
2757 1608 3031 1678 ὁρώμενος
3080 1610 3400 1679 ὀφθαλμοῖς,
3434 1612 3786 1681 παχυτέραν,
3856 1612 3948 1663 ἶνα

2345 1695 2517 1759 οὕτως
2545 1698 2704 1764 εἴπω,
2724 1700 2821 1769 τῆς
2854 1701 3180 1769 θεογνωσίας
3204 1704 3335 1774 ἡμῖν
3361 1703 3585 1756 ἐνετίθει
3617 1704 3716 1773 τὴν
3742 1702 3947 1771 αἰσθη-

2349 1806 2452 1854 σιν,
2494 1790 2582 1844 διὰ
2640 1792 2935 1863 θαυμάτων
2996 1795 3091 1847 κοιλ⁸
3134 1798 3536 1868 μεγαλουργίας
3569 1799 3944 1865 ὲπιγινωπεόο

668 1883 764 1937 sed
780 1882 847 1937 de
870 1883 989 1952 ipsa
1017 1884 1256 1936 humano
1280 1882 1443 1936 modo
1464 1889 1518 1936 et
1544 1890 1736 1936 nostro
1761 1894 1914 1934 more
1941 1879 2237 1949 loquimur,

2349 1897 2525 1951 μενος.
2596 1860 3043 1938 Ἀποστέλλεσθαι
3081 1860 3146 1939 δὲ.
3184 1860 3255 1952 ως
3294 1860 3441 1957 ὴμάς
3492 1860 3807 1957 φωτιοῦντα
3846 1888 3943 1941 τὸν

668 1990 791 2029 cum
835 1976 985 2029 illius
1024 1974 1272 2028 veritatis
1314 1988 1583 2027 cacumen
1636 1974 1858 2042 assequi
1898 1972 2088 2043 lingua
2135 1985 2246 2025 non

668 2068 866 2135 possit.
920 2066 1159 2135 Ideoque
1211 2064 1416 2121 Paulus
1458 2067 1549 2119 ille
1604 2065 1993 2135 mysteriorum
2047 2062 2242 2117 Salva-

671 2160 809 2214 toris
844 2159 1235 2228 dispensator,
1286 2172 1593 2212 sermonem
1642 2158 1859 2227 petebat
1924 2170 1953 2208 a
2021 2155 2133 2210 Deo
2176 2154 2244 2210 ad

670 2251 1023 2322 aperiendum
1071 2266 1135 2305 os
1184 2265 1344 2305 suum
1383 2250 1452 2303 3°.
1488 2248 1631 2303 Nihil
1660 2264 1789 2319 ergo
1818 2249 2057 2303 naturali
2098 2247 2240 2302 Uni-

669 2346 838 2416 geniti
874 2345 1125 2415 dignitati
1166 2343 1420 2399 detrahet
1463 2351 1663 2398 nostrae
1713 2344 1982 2399 orationis
2025 2343 2239 2412 inepia,

669 2435 761 2490 sed
796 2436 981 2488 omnia
1021 2434 1087 2487 de
1123 2435 1259 2503 ipso,
1295 2449 1393 2503 pro
1421 2449 1487 2489 eo
1529 2448 1593 2487 ac
1633 2433 1801 2488 Deum
1833 2434 2011 2500 decet,
2043 2435 2242 2489 intelli-

669 2535 895 2597 gentur;
938 2541 1061 2596 qum
1090 2541 1219 2580 vero
1253 2541 1481 2581 necesse
1520 2534 1605 2581 est
1646 2525 1871 2595 eloqui,
1906 2541 1968 2580 ea
2002 2524 2242 2579 humano

672 2634 821 2674 more
845 2619 1100 2673 dicentur
1125 2659 1139 2682 ,
1186 2634 1310 2673 cum
1354 2620 1423 2673 ab
1468 2620 1589 2689 ipso
1625 2629 1845 2688 propter
1880 2633 1979 2671 nos
2007 2656 2023 2679 ,
2065 2628 2178 2670 tum
2210 2630 2241 2669 a

668 2710 880 2764 sanctis
913 2710 979 2762 de
1009 2710 1127 2777 ipso
1151 2748 1165 2773 ,
1211 2724 1308 2779 pro
1336 2710 1557 2763 modulo
1590 2720 1801 2762 natura:
1828 2714 2051 2762 nostrae.
2082 2705 2241 2758 Suiii-

666 2808 853 2856 cerent
886 2802 1103 2870 quidem
1134 2816 1194 2855 ea
1223 2816 1344 2869 qua:
1372 2801 1642 2855 hactenus
1678 2799 1921 2854 diximus
1954 2798 2019 2851 ad
2054 2812 2238 2852 rerum

666 2892 1071 2960 propositarum
1109 2893 1571 2961 explicationem:
1610 2892 1704 2945 sed
1746 2891 2004 2961 quoniam
2047 2889 2240 2943 decere

665 2983 941 3049 arbitror,
977 2992 1037 3037 ut
1080 2984 1349 3039 desidiam
1394 2986 1579 3038 vincat
1622 2984 1868 3037 calamus
1906 2981 2109 3035 divinis
2141 2980 2241 3031 do-

665 3075 865 3142 gmatis
899 3076 1239 3141 inserviens,
1279 3077 1505 3147 agedum
1547 3076 1724 3145 ipsam
1756 3073 2044 3128 lectionem
2082 3085 2242 3125 accu-

665 3166 844 3221 ratius
893 3169 1335 3237 perpendamus,
1388 3167 1663 3237 quomodo
1718 3165 1983 3219 nimirum
2043 3178 2311 3254 conve-C

665 3261 881 3314 nienter
916 3260 1253 3330 intelligatur
1297 3261 1364 3315 de
1408 3260 1628 3314 homine
1658 3257 1792 3312 illud
1815 3299 1831 3325 ,
1875 3276 1894 3308 ι
1928 3255 2239 3311 Venientem

664 3354 721 3406 in
752 3353 897 3407 hunc
923 3352 1209 3406 mundum.
1238 3370 1257 3404 ι
1293 3351 1348 3405 In
1375 3352 1497 3421 ipso
1523 3352 1666 3406 enim
1687 3359 1803 3404 erat
1825 3349 1939 3413 lux,
1961 3349 2105 3403 sicut
2128 3348 2243 3416 ipse

663 3458 882 3513 quoque
916 3443 1078 3498 nobis
1130 3443 1241 3513 78
1273 3449 1510 3498 testatus
1540 3448 1624 3496 est
1652 3440 1988 3510 evangelista
2013 3477 2029 3500 ,
2065 3451 2240 3506 neque

669 3549 688 3582 ι
707 3533 1014 3587 venientem
1040 3532 1095 3585 in
1125 3533 1272 3586 hunc
1301 3532 1584 3594 mundum,
1609 3530 1674 3583 ad
1710 3531 1885 3584 lucem
1922 3527 2234 3591 referimus,

664 3620 759 3675 sed
799 3620 866 3674 ad
910 3620 1189 3674 hominem
1221 3621 1314 3689 qui
1352 3620 1720 3675 illuminatur.
1755 3619 1923 3672 Aiunt
1945 3633 2076 3688 ergo
2103 3632 2241 3671 non-

665 3712 839 3777 nulli,
885 3727 953 3765 ex
983 3711 1147 3766 corde
1174 3727 1275 3766 suo
1304 3721 1619 3768 eructantes
1660 3720 1713 3766 et
1738 3727 1846 3765 non
1884 3728 1952 3765 ex
1991 3726 2088 3765 ore
2129 3710 2238 3764 Do-

663 3802 844 3867 mini,
893 3802 1057 3857 sicuti
1107 3804 1378 3873 scriptum
1422 3804 1571 3858 est”
1598 3842 1613 3867 ,
1664 3810 1958 3872 antequam
2001 3815 2240 3870 corpora

664 3895 1076 3962 conderentur,
1135 3897 1191 3950 in
1242 3896 1384 3950 caelo
1431 3895 1602 3951 fuisse
1646 3897 1932 3951 hominum
1980 3896 2237 3962 animas,

666 3987 827 4057 longo
852 3995 1098 4056 tempore
1133 3987 1191 4041 in
1225 3987 1552 4057 incorporea
1586 3986 1852 4042 felicitate
1880 3988 2235 4053 constitutas,

660 4085 716 4132 et
743 4093 877 4133 vero
903 4079 1048 4134 bono
1076 4079 1269 4149 purius
1301 4080 1549 4135 fruentes
1589 4099 1602 4135 :
1655 4079 1751 4136 sed
1782 4080 2028 4137 melioris
2072 4080 2238 4136 sortis

661 4171 1017 4226 satietate'ac
1056 4171 1349 4228 deterioris
1376 4172 1682 4242 cupiditate
1704 4213 1720 4237 ,
1770 4173 1839 4227 ad
1870 4182 2237 4243 praeposteras

659 4264 1023 4334 cogitationes
1063 4272 1117 4318 et
1151 4263 1480 4334 cupiditates
1507 4280 1632 4321 esse
1662 4264 1934 4336 delapsas.
1982 4265 2239 4336 Indigna-

659 4359 775 4405 tum
814 4352 939 4420 jure
972 4350 1231 4421 Opiﬁcem
1252 4394 1267 4419 ,
1298 4367 1392 4407 eas
1424 4352 1643 4423 quidem
1675 4354 1730 4409 in
1766 4353 2032 4410 mundum
2061 4353 2239 4408 mitte-

658 4452 739 4503 re,
768 4447 823 4492 et
852 4440 1175 4508 corporibus
1206 4441 1505 4511 implicitas
1528 4485 1541 4509 ,
1586 4450 1641 4498 et
1679 4443 1745 4497 ad
1782 4443 2068 4499 ferendum
2093 4458 2235 4498 onus

2346 1973 2551 2043 κόσμον
2578 1976 2672 2028 τὸν
2712 1976 2809 2029 τοῦ
2849 1977 2985 2029 Θεοῦ
3027 1978 3201 2046 Λόγον
3227 2021 3243 2043 ,
3308 1983 3338 2033 6
3394 1980 3647 2049 Μελῳδδς
3686 1982 3753 2032 οὐ
3810 1980 3942 2033 καθ’

2344 2065 2529 2136 ἔτερόν
2557 2084 2678 2120 τινα
2709 2069 2932 2138 τρόπον,
2959 2069 3035 2133 ὣς
3060 2071 3123 2139 γέ
3151 2088 3238 2141 μοι
3267 2071 3694 2137 φαίνεται,κατά
3723 2072 3785 2124 δὲ
3811 2072 3942 2123 τοῦ-

2343 2176 2433 2214 τον
2470 2159 2630 2213 αὑτὸν
2674 2162 2991 2231 παρεκάλει.
3025 2163 3239 2234 Χρῆναι
3276 2164 3332 2216 δὲ
3367 2160 3521 2234 οἶμαι
3572 2163 3707 2233 πρὸς
3752 2164 3939 2235 τούτῳ

2344 2249 2563 2301 κάκεῖνο
2596 2248 2996 2319 διενθυμείσθαι
3029 2251 3119 2303 τὸν
3146 2252 3452 2322 φιλομαθῆ,
3488 2254 3568 2305 ὅτι
3595 2253 3807 2315 παντὸς
3836 2254 3940 2323 μὲι

2342 2337 2503 2406 λόγου
2527 2339 2838 2411 τομώτερος
2868 2340 2991 2404 νοῦς
3011 2381 3024 2403 ,
3056 2342 3286 2413 ὀξυτέρα
3308 2343 3363 2395 δὲ
3397 2341 3639 2413 γλώττης
3672 2346 3774 2413 τῆς
3813 2343 3937 2397 διι-

2342 2428 2488 2491 νοίας
2516 2432 2548 2498 ὴ
2582 2428 2813 2498 κίνησις,
2838 2430 3045 2483 Οὐκοῦν
3074 2433 3197 2484 ὅσον
3221 2428 3355 2504 ἧκεν
3375 2436 3453 2494 εἰς
3472 2433 3779 2502 λεπτότητα
3811 2435 3936 2495 νοῦ,

2343 2524 2437 2575 καὶ
2478 2521 2575 2593 τὴν
2625 2521 2801 2587 ὀξεῖαν
2848 2525 2905 2576 ὲν
2952 2524 3099 2593 αὐτῷ
3128 2525 3375 2593 κίνησιν,
3432 2525 3492 2577 τὸ
3533 2525 3777 2578 ποικίλον
3833 2527 3935 2596 τῆς

2343 2612 2492 2676 θείας
2538 2614 2757 2682 φύσεως
2802 2615 3190 2685 κατεθεὼμεθα
3239 2618 3470 2679 κάλλος·
3544 2617 3823 2689 λαλοῦμεν
3877 2620 3936 2674 δὲ

2344 2705 2471 2774 περὶ
2499 2704 2665 2773 αὐτῆς
2688 2705 3177 2778 ἀνθρωπινότερον,
3203 2710 3297 2759 καὶ
3317 2708 3459 2777 λόγῳ
3486 2708 3565 2777 τῷ
3601 2708 3723 2762 καθ’
3754 2711 3933 2779 ἡμᾶς,

2340 2795 2440 2847 οὐκ
2471 2795 2702 2867 ἐχούσης
2742 2799 2839 2868 τῆς
2874 2797 3119 2867 γλώττης
3152 2800 3286 2870 πρὸς
3312 2799 3370 2851 τὸ
3400 2801 3497 2869 τῆς
3530 2800 3788 2870 ἀληθείας
3843 2804 3935 2856 ἐκο

2340 2888 2607 2941 τείνεσθαι
2655 2890 2871 2961 μέτρον.
2931 2892 3021 2944 Διὸ
3072 2892 3135 2962 δὴ
3171 2892 3264 2944 καὶ
3294 2895 3323 2945 6
3362 2893 3572 2956 Παῦλος
3601 2896 3628 2947 6
3670 2896 3781 2948 τῶν
3836 2898 3933 2949 τοῦ

2343 2979 2592 3050 Σωτῆρος
2643 2982 2951 3052 μυστηρίων
3009 2985 3244 3055 ταμίας,
3308 2986 3465 3055 λόγον
3524 2988 3723 3059 ἀπῄτει
3775 2993 3935 3061 παρὰ

2341 3067 2474 3121 Θεοῦ
2497 3070 2588 3122 τὸν
2606 3072 2663 3123 ὲν
2684 3072 2881 3138 ἀνοίξει
2904 3072 2996 3126 τοῦ
3017 3075 3283 3144 στόματος
3303 3076 3487 3130 αὐτοῦ.
3514 3078 3678 3131 Οὐδὲν
3694 3074 3790 3132 οῦν
3816 3080 3933 3150 ἄρα

2343 3159 2660 3229 λυμανεῖται.
2693 3167 2805 3226 τοῖς
2832 3170 3080 3233 φυσικοῖς
3110 3166 3204 3220 τοῦ
3236 3169 3571 3237 Μονογενοῦς
3614 3170 3932 3241 ἀξιώμασιν

2344 3252 2375 3320 ἠ
2406 3250 2512 3304 τῶν
2540 3253 2671 3324 παρ’
2697 3257 2828 3325 ἡμῖν
2852 3256 3023 3323 λόγων
3055 3258 3216 3311 πενία
3236 3298 3250 3323 ,
3305 3259 3439 3312 ἀλλά
3460 3260 3783 3329 νοηθήσεται
3820 3262 3931 3331 μὲν

2343 3342 2660 3415 θεοπρεπῶς
2676 3346 2745 3399 τά
2766 3363 2831 3398 πε
2842 3346 2894 3416 pl.
2916 3347 3078 3400 αὐτοῦ
3095 3389 3109 3411 ,
3126 3348 3489 3421 λαληθήσεται
3509 3349 3566 3402 δὲ
3590 3351 3657 3402 τὰ
3677 3368 3747 3403 πε
3756 3352 3808 3422 pl.
3830 3351 3935 3420 τὴν

2342 3435 2529 3505 χρείαν
2580 3436 3093 3510 ἀνθρωπινώτερον,
3144 3442 3297 3511 παρά
3343 3459 3401 3494 τε
3440 3441 3606 3495 αὑτοῦ
3651 3442 3717 3495 δι’
3751 3445 3931 3513 ἡμᾶς,

2341 3526 2435 3579 καὶ
2465 3527 2617 3598 παρά
2643 3528 2751 3580 τῶν
2773 3530 2943 3598 ἀγίιω
2967 3533 3095 3602 περὶ
3121 3532 3289 3585 αὑτοῦ
3323 3534 3464 3586 κατά
3486 3534 3545 3586 τὸ
3584 3535 3683 3604 τῆς
3704 3535 3933 3602 φύσεως

2344 3614 2563 3686 μέτρον.
2606 3611 2715 3669 *Ην
2743 3617 2840 3687 μὲν
2873 3614 2965 3671 οὖν
2985 3659 2999 3682 ,
3030 3619 3104 3682 ὡς
3135 3619 3309 3684 ἔοικε,
3340 3623 3453 3683 τοῖς
3481 3622 3797 3690 εἰρημένοις
3821 3622 3933 3689 ἀρ·-

2339 3707 2554 3761 κεῖσθαι
2594 3708 2758 3761 καλὸν
2808 3711 2889 3772 εἰς
2937 3710 3034 3781 τὴν
3079 3710 3188 3763 τῶν
3218 3713 3593 3782 προκειμένων
3620 3711 3929 3782 ἐξήγησιν·

2339 3798 2528 3870 ἐπειδὴ
2550 3798 2607 3853 δὲ
2629 3796 2782 3868 οἶμαι
2808 3803 3107 3872 προσήκειν
3135 3802 3294 3856 ὄκνου
3328 3803 3589 3873 φέρεσθαι
3632 3804 3929 3874 κρείττονα

2339 3887 2430 3941 τὸν
2452 3890 2564 3952 τοῖς
2589 3888 2752 3952 θείοις
2784 3888 3048 3959 δόγμασιν
3078 3889 3454 3962 ὑπηρετοῦντα
3489 3889 3757 3959 κάλαμον,
3788 3888 3927 3957 φέρε

2341 3979 2503 4033 πάλιν
2542 3979 2672 4033 αὐτὸ
2701 3979 3035 4050 παραθέντες
3072 3981 3132 4033 τὸ
3160 3982 3491 4049 ἀνάγνωσμα
3539 3980 3927 4050 βασανίσωμεν

2338 4067 2756 4140 ἀκριϐέστερον,
2784 4071 2901 4132 πῶς
2932 4070 2997 4123 ἂν
3027 4073 3197 4125 νοοῖτο
3236 4070 3377 4125 κατά
3398 4070 3488 4123 τὸν
3524 4071 3807 4140 πρέποντα
3834 4070 3925 4122 3.6-

2340 4177 2435 4228 γον
2466 4158 2560 4211 τοῦ
2586 4158 2877 4230 ἀνθρώπου
2908 4160 3402 4233 κατηγορούμενον,
3426 4163 3507 4227 τὸ,
3540 4180 3559 4214 ι
3596 4162 3927 4233 Ἑρχόμενον

2339 4253 2418 4314 είς
2447 4251 2537 4305 τὸν
2562 4252 2785 4322 κόσμον.
2837 4272 2856 4305 ι
2893 4248 2999 4306 1Ἦν
3025 4254 3133 4324 γὰρ
3164 4256 3221 4309 ὲν
3245 4254 3392 4323 αὐτῷ
3420 4253 3481 4307 τὸ
3504 4254 3637 4321 φῶς,
3667 4254 3925 4323 καθάπερ

2339 4340 2432 4399 οῦν
2478 4345 2574 4399 καὶ
2616 4346 2776 4409 αὐτος
2816 4347 2951 4416 ἡμῖν
2988 4348 3016 4399 ὁ
3063 4345 3452 4417 εὐαγγελιστὴς
3494 4346 3921 4419 διεμαρτύρατο,

2340 4437 2436 4491 καὶ
2464 4438 2524 4490 οὐ
2549 4437 2610 4491 τὸ
2639 4438 2756 4507 φῶς
2781 4439 2861 4501 εἰς
2891 4437 2983 4490 τὸν
3008 4439 3210 4507 κόσμον
3236 4438 3491 4509 ἔρχεσθαι
3519 4439 3752 4509 μᾶλλον,
3784 4439 3924 4491 ἀλλὰ

660 4536 904 4593 coactas,
935 4544 998 4584 ac
1024 4533 1170 4586 velut
1199 4532 1254 4585 in
1280 4535 1541 4603 spelunca
1568 4536 1805 4604 quadam
1826 4535 2233 4590 vehementium

2342 4529 2430 4583 τὸν
2478 4528 2839 4599 φωτιζόμενον
2904 4528 3189 4600 ἄνθρωπον
3255 4530 3725 4600 διεϐεϐαιούμεθα.
3782 4530 3925 4585 Φασὶ

661 4621 1026 4691 cupiditatum
1060 4623 1301 4679 inclusas
1336 4625 1453 4694 ipso
1484 4627 1861 4697 experimento
1890 4642 1985 4681 eas
2015 4627 2233 4689 docere,

666 4729 827 4784 quam
856 4714 1113 4768 acerbum
1161 4716 1233 4769 sit
1286 4716 1339 4770 in
1382 4717 1536 4787 pejus
1570 4716 1895 4780 deﬂectere,
1939 4724 1993 4773 et
2026 4725 2235 4771 rectum

664 4804 822 4859 nihili
851 4803 1052 4859 facere.
1104 4804 1185 4858 Ad
1234 4807 1593 4862 astruendum
1636 4821 1767 4861 vero
1797 4815 1909 4861 tam
1936 4805 2231 4860 ridiculum

660 4909 821 4949 suum
852 4903 1220 4949 commentum
1246 4936 1261 4961 ,
1310 4897 1550 4965 primum
1586 4897 1831 4952 omnium
1872 4896 2053 4951 locum
2083 4894 2233 4949 hunc

656 4988 1006 5057 evangelista:
1042 4988 1316 5057 arripiunt
1352 5007 1366 5043 :
1418 5007 1436 5040 ι
1468 4989 1595 5044 Erat
1622 4989 1713 5047 lux
1744 5004 1908 5056 vera,
1954 5004 2073 5058 qua:
2110 4988 2233 5043 illu-

658 5080 831 5134 minat
865 5094 1083 5134 omnem
1127 5079 1402 5135 hominem
1440 5082 1748 5135 venientem
1788 5079 1843 5133 in
1892 5079 2039 5133 hunc
2072 5095 2232 5133 mun-

658 5170 823 5234 dum;
856 5189 874 5221 ι
907 5170 1107 5225 deinde
1151 5172 1256 5224 alia
1300 5172 1549 5242 quaedam
1583 5186 1650 5225 ex
1685 5170 1973 5240 Scriptura
2004 5170 2187 5223 divina
2215 5209 2231 5235 ,

658 5261 970 5330 cujusmodi
999 5271 1082 5317 est
1112 5263 1284 5317 illud:
1326 5281 1345 5313 ι
1380 5263 1705 5333 Priusquam
1742 5262 2086 5327 humiliarer,
2132 5277 2232 5330 ego

656 5353 973 5423 deliqui";
1032 5372 1049 5408 ι
1124 5371 1224 5413 nec
1288 5356 1414 5412 illos
1486 5371 1600 5411 suae
1667 5355 1833 5425 pudet
1899 5355 2232 5425 nugacitatis

657 5447 787 5501 dum
824 5447 998 5517 aiunt,
1048 5447 1188 5505 Ecce
1243 5456 1535 5519 antequam
1593 5448 2002 5511 humiliaretur,
2055 5447 2110 5502 id
2152 5454 2236 5502 est

658 5550 947 5609 antequam
982 5556 1216 5612 corpore
1251 5541 1663 5608 includeretur,
1712 5555 1772 5595 se
1816 5539 2118 5611 deliquisse
2158 5539 2236 5594 fa-

657 5637 803 5687 tetur
839 5632 1022 5686 anima
1048 5673 1064 5699 ,
1096 5642 1264 5704 atque
1297 5633 1506 5689 ideirco
1532 5633 1659 5704 jure
1694 5632 1893 5689 merito
1941 5648 2000 5689 se
2056 5633 2235 5687 humi-

726 5816 770 5848 "
810 5816 1023 5873 Baruch
1060 5831 1157 5884 ιιι,
1196 5817 1287 5872 38.
1364 5815 1408 5848 ”
1446 5815 1565 5871 Col.
1600 5831 1687 5884 tv,
1720 5817 1772 5871 ὅ.
1850 5817 1895 5851 ⁹⁶
1932 5815 2133 5873 Jerem.
2170 5834 2299 5874 unt
2324 5860 2337 5883 ,
2382 5818 2465 5875 l6.

2339 4620 2626 4691 τοιγαροῦν
2659 4637 2833 4683 τινες,
2872 4620 2944 4673 τὰ
2985 4622 3050 4673 ἐκ
3080 4620 3306 4692 καρδίας
3329 4622 3508 4678 αὐτῶν
3543 4621 3920 4694 ἐρευγόμενοι,

2340 4714 2434 4766 καί
2470 4714 2569 4766 οὐκ
2613 4713 2720 4766 ἀπὸ
2771 4711 3040 4782 στόματος
3071 4714 3308 4784 Κυρίου,
3365 4714 3549 4777 καθὼς
3583 4716 3917 4785 γέγραπται,

2340 4805 2421 4859 ὃτι
2467 4805 2572 4876 πρὸ
2601 4808 2698 4876 τῆς
2732 4804 2841 4857 τῶν
2891 4805 3159 4875 σωμάτων
3189 4808 3535 4877 κατασκευῆς
3566 4808 3919 4878 προϋπῆρχον

2343 4899 2441 4968 μὲν
2476 4897 2620 4952 κατὰ
2652 4898 2743 4951 τὸν
2770 4898 2997 4970 οὐρανὸν
3019 4900 3075 4952 αἰ
3106 4898 3216 4952 τῶν
3241 4899 3543 4971 ἀνθρώπων
3571 4900 3768 4970 ψυχαὶ,
3816 4917 3919 4969 μα-

2339 4991 2471 5062 κρὸν
2527 4992 2584 5045 ὲν
2636 4992 2914 5063 ἀσωμάτῳ
2964 4994 3324 5065 μακαριότητι
3370 4993 3651 5063 τρίδουσαι
3704 4992 3916 5062 χρόνον,

2339 5084 2431 5136 καὶ
2478 5083 2858 5155 καθαρώτερον
2896 5084 3265 5138 ἀπολαύουσαι
3314 5082 3407 5135 τοῦ
3454 5083 3622 5145 ὅντως
3665 5081 3873 5151 ἀγαθοῦ
3901 5098 3914 5109 ο

2339 5175 2526 5247 ἐπειδὴ
2554 5174 2610 5228 δὲ
2656 5176 2826 5241 αὐτὰς
2866 5179 2895 5229 6
2934 5176 3042 5229 τῶν
3075 5176 3375 5246 ἀμεινόνων
3404 5175 3575 5246 εἰσῄει
3603 5174 3762 5246 κόρος
3784 5216 3798 5240 ,
3825 5176 3920 5227 καὶ

2340 5268 2476 5339 πρὸς
2507 5268 2575 5321 τὰ
2606 5269 2774 5341 χείρω
2801 5269 2987 5323 λοιπὸν
3018 5269 3441 5330 ἀποκλίνουσαι.
3489 5267 3624 5340 πρὸς
3655 5268 3921 5330 ὲκτόπους

2338 5360 2656 5414 κατέδαινον
2692 5362 2902 5424 ἐννοίας
2940 5379 3001 5414 τε
3034 5361 3128 5415 καὶ
3166 5359 3482 5428 ἐπιθυμίας,
3530 5360 3922 5428 ἀγανακτήσας

2336 5451 2557 5515 εἰκότως
2584 5453 2611 5505 6
2640 5452 2980 5523 Δημιουργὸς
3012 5452 3331 5506 ἀποστέλλει
3366 5452 3466 5523 μὲν
3503 5450 3674 5515 αὐτὰς
3716 5453 3798 5515 εἰς
3828 5451 3920 5515 τὸν

2336 5544 2563 5614 κόσμον,
2600 5547 2714 5608 τοῖς
2747 5544 2805 5597 δὲ
2837 5544 2945 5598 ἀπὸ
2978 5544 3081 5614 γῆς
3119 5544 3373 5610 ἐνέπλεξε
3411 5543 3659 5615 σώμασιν
3688 5542 3923 5615 ἀχθοφο-

2339 5638 2453 5705 ρεῖν
2483 5636 2823 5703 ἀναγκάσας,
2847 5636 2940 5689 καὶ
2965 5635 3245 5705 μονονουχὶ
3275 5634 3521 5706 σπηλαίῳ
3547 5636 3653 5687 τινὶ
3691 5635 3799 5688 τῶν
3831 5637 3923 5687 ἑκ-

2545 5815 2589 5847 “
2627 5812 2769 5868 Psal.
2808 5829 3009 5875 c;vnt,
3054 5813 3142 5869 δῖ.
