4168 6568
267 415 379 471 I35
1359 416 1426 472 IN
1459 415 1742 474 JOANNIS
1777 415 2229 477 EVANGELIUM
2268 419 2399 475 LIB.
2439 418 2481 476 Ι.
2577 370 2581 374 ἡ
3436 419 3536 475 ιτι

265 532 463 587 τόπων
516 534 949 604 ἐγκατακλείσας
987 532 1217 603 ἡδονῶν,
1272 534 1549 588 παιδεύειν
1606 533 1773 597 αὑτὰς
1812 533 1911 601 ἐξ,

1900 535 2162 598 A'liatam
2193 551 2316 592 esse
2340 575 2355 600 ,
2389 535 2583 590 mortis
2613 543 2666 590 et
2699 533 3069 605 corruptionis
3104 533 3337 588 vinculis
3365 532 3538 602 illiga-

267 625 454 696 αὑτῆς
494 627 794 697 ἐδοκίμασε
837 626 936 695 τῆς
973 625 1206 697 πείρας,
1247 626 1443 697 πικρὸν
1484 628 1630 689 ὅπως
1670 626 1788 680 ἐστὶ
1812 627 1873 680 τὸ

1976 634 2122 690 tam,
2165 626 2626 695 quemadmodum
2679 625 2884 681 Paulus
2941 627 3056 695 ipse
3087 639 3305 695 quoque
3340 638 3542 693 corpus

269 717 372 769 ἐπὶ
413 719 489 772 τὰ
535 720 704 789 χείρω
749 718 1046 788 φέρεσθαι,
1094 717 1187 771 καὶ
1240 717 1509 772 ποιεῖσθαι
1557 718 1714 785 λόγον
1764 718 1874 771 τῶν

1969 716 2221 770 nominat
2266 715 2504 771 dicens:
2565 734 2583 766 ι
2619 716 2754 781 Quis
2793 732 2879 771 me
2908 717 3161 773 liberabit
3204 718 3271 770 de
3314 731 3541 785 corpore

266 807 509 873 ἀγαθῶν
564 812 775 864 οὐδένα.
829 810 1159 879 Ἀρπάζουσι
1208 810 1263 863 δὲ
1322 812 1405 873 είς
1464 809 1737 873 ἀπόδειξιν
1773 808 1871 880 τὴν

1972 809 2166 863 mortis
2186 807 2349 877 hujus
2382 808 2468 861 9'?
2492 826 2509 859 ι
2544 807 2700 872 Quod
2732 810 2776 863 si
2812 809 2990 862 anima
3022 818 3229 878 peccat,
3260 808 3534 876 inquiunt,

268 898 423 953 οὑτω
463 902 816 973 γελοιοτάτης
867 901 1078 954 ἑαυτῶν
1119 900 1467 972 μυθολογίας,
1508 902 1604 953 καὶ⁵
1639 899 1769 953 αὐτὸ
1806 898 1871 971 δὴ

1971 907 2267 970 antequam
2318 899 2680 963 ltumilietur,
2737 908 2791 954 et
2836 900 2983 954 venit
3035 900 3089 953 in
3134 898 3417 959 mundum,
3447 912 3542 965 pa-

271 990 503 1060 πρῶτον
553 994 617 1046 τὸ
650 993 742 1046 νῦν
779 996 836 1045 ὲν
876 994 1092 1065 χερσίν’
1141 1012 1158 1044 ι
1192 988 1299 1045 Ἤν
1338 993 1397 1046 τὸ
1436 992 1552 1062 φῶς
1588 991 1649 1044 τὸ
1684 990 1871 1061 ἀληθι-

1975 999 2049 1047 tet
2092 992 2239 1061 quod
2278 993 2437 1062 prius
2480 993 2748 1058 exsistat;
2804 992 3074 1059 quomodo
3119 991 3288 1052 enim,
3333 1003 3537 1057 quaeso.

268 1082 363 1133 νὺν
388 1122 404 1145 ,
467 1084 497 1136 ὃ
540 1084 764 1153 φωτίζει
810 1085 985 1137 πάντα
1019 1084 1305 1154 ἄνθρωπον
1347 1085 1640 1156 ἐρχόμενον
1672 1086 1749 1147 είς
1778 1084 1869 1137 τὸν

1970 1091 2221 1152 peccaret
2256 1083 2309 1137 id
2342 1083 2487 1152 quod
2514 1085 2758 1137 nondum
2789 1082 3040 1137 exsistit?
3070 1080 3230 1135 Venit
3266 1088 3446 1134 autem
3484 1079 3539 1131 in

268 1171 487 1241 κόσμον
514 1188 527 1201 ⁸
563 1193 583 1224 ι
645 1173 782 1244 πρὸς
826 1173 880 1225 δέ
922 1190 985 1240 γε
1024 1173 1228 1243 τούτῳ,
1279 1173 1372 1226 καὶ
1408 1173 1572 1244 ἕτερά
1614 1190 1734 1225 τινα
1761 1172 1870 1225 τῶν

1970 1174 2256 1240 mundum,
2292 1175 2389 1230 sed
2417 1175 2691 1244 aliquibus
2718 1190 2782 1228 ex
2824 1174 2961 1227 locis
2990 1173 3239 1226 videlicet
3272 1170 3538 1239 profecta.

266 1261 384 1314 ἀπὸ
410 1263 513 1332 τῆς
538 1263 691 1326 θείας
734 1265 953 1333 Γραφῆς
976 1303 989 1324 ,
1048 1257 1160 1316 οἷον
1206 1262 1296 1325 τὸ,
1342 1280 1359 1312 ι
1391 1262 1503 1332 Πρὸ
1537 1262 1632 1314 τοῦ
1674 1279 1742 1331 με
1776 1279 1871 1315 τα-

1972 1261 2288 1320 lstiusmotli
2332 1279 2507 1336 nugas
2544 1266 2811 1321 adversus
2844 1262 3105 1317 Ecclesiae
3151 1263 3403 1331 dogmata
3431 1300 3446 1325 ,
3487 1266 3541 1311 et

268 1354 656 1424 πεινωθῆναι,
702 1355 812 1424 ἐγὼ
865 1355 1288 1426 ἐπλημμέλησα·
1325 1374 1341 1405 ι
1379 1356 1472 1407 καὶ
1503 1354 1567 1424 δὴ
1605 1357 1697 1407 καί
1738 1372 1869 1423 φασι

1970 1372 2143 1413 vanas
2193 1357 2413 1413 fabulas
2458 1358 2857 1427 simpliciorum
2915 1357 3144 1409 auribus
3191 1356 3538 1422 ingerentes.

266 1446 629 1517 παραληρεῖν
674 1448 772 1500 οὑκ
811 1447 1151 1517 αἰδούμενοι⁸
1209 1446 1339 1500 Ἰδοὺ
1378 1446 1485 1516 πρὸ
1530 1446 1630 1515 τῆς
1676 1462 1868 1498 ταπει-

1966 1447 2092 1517 jure
2123 1450 2348 1504 audient
2377 1465 2389 1502 :
2439 1469 2457 1501 ι
2497 1448 2589 1505 Va:
2622 1450 2713 1519 qui
2749 1449 3078 1518 prophetam
3111 1447 3177 1500 de
3206 1445 3369 1499 corde
3403 1457 3538 1503 suo.

265 1535 523 1602 νώσεως,
579 1537 721 1592 τοῦτ’
760 1537 933 1600 ἔστι..
964 1540 1061 1608 τῆς
1117 1537 1555 1606 ἐνσωματὼσεως
1617 1537 1872 1607 πεπλημ-

1971 1551 2025 1597 et
2052 1560 2281 1613 prorsus
2320 1559 2427 1597 non
2463 1544 2647 1597 vident
2675 1542 2739 1596 θδ.
2782 1561 2800 1592 ι
2871 1538 3124 1594 Visiones
3167 1540 3309 1591 enim
3356 1551 3542 1591 revera

271 1627 589 1698 μεληκέναι
612 1631 776 1700 φησὶν
808 1632 840 1699 ἠ
873 1628 1039 1700 ψυχὴ,
1065 1629 1154 1683 διά
1173 1647 1229 1681 τε
1254 1628 1409 1682 τοῦτο
1440 1628 1870 1682 τεταπεινῶσθαι

1971 1642 2025 1689 et
2054 1634 2427 1689 divinationes
2459 1672 2473 1697 ,
2525 1650 2588 1687 ac
2617 1633 2928 1703 prophetias
2968 1632 3153 1686 cordis
3180 1630 3264 1685 sui
3304 1627 3544 1698 Spiritus

266 1717 506 1784 δικαίως
535 1721 842 1773 ἐνδεθεῖσαν
871 1720 1105 1790 θανάτῳ,
1138 1721 1231 1773 καὶ
1271 1718 1465 1790 φθορᾷ,
1503 1718 1753 1789 καθάπερ
1778 1714 1870 1773 οὖν

1971 1724 2322 1778 sermonibus
2353 1733 2692 1793 opponentes
2721 1763 2736 1788 ,
2780 1738 2888 1777 non
2920 1724 3164 1777 sentiunt
3193 1729 3452 1789 quantam
3489 1720 3542 1773 in

270 1810 370 1862 καὶ
398 1810 427 1861 ὁ
458 1808 677 1874 Παῦλος
711 1810 883 1874 οὑτως
916 1811 1171 1881 ὀνομάζει
1206 1810 1264 1863 τὸ
1288 1810 1467 1879 σῶμα,
1499 1810 1670 1878 λέγων
1694 1825 1706 1837 ο
1735 1829 1750 1859 ι
1773 1809 1870 1872 Τίς

1972 1814 2360 1867 absurditatem
2392 1828 2491 1868 sua
2522 1813 2756 1867 consilia
2791 1819 3125 1881 properent,
3158 1809 3446 1865 Psalmista
3477 1809 3543 1861 ad

276 1919 349 1969 με
393 1902 627 1973 ῥύσεται
678 1905 741 1957 ἐκ
770 1903 861 1956 τοῦ
903 1903 1152 1973 σώματος
1178 1902 1270 1955 τοῦ
1308 1902 1539 1956 Θανάτου
1590 1901 1776 1955 τούτου
1803 1919 1816 1966 ;
1843 1921 1861 1954 ι
1904 1885 1922 1938 Ῑ

1904 1885 1942 1938 Β
1970 1904 2135 1958 Deum
2159 1905 2372 1959 dicente
2399 1923 2411 1959 :
2434 1923 2451 1953 ι
2472 1904 2554 1956 Tu
2583 1904 2846 1958 terribilis
2862 1920 2942 1969 es,
2965 1913 3017 1957 et
3041 1904 3165 1972 quis
3185 1904 3399 1957 resistet
3424 1902 3540 1964 tibi,

275 1991 343 2043 Εἰ
398 1992 459 2045 δὲ
503 1994 845 2064 πλημμελεῖ,
890 1996 1085 2065 φησὶν,
1138 1994 1243 2065 πρὸ
1272 1993 1369 2064 τῆς
1416 1993 1897 2065 ταπεινώσεως

1969 2012 2036 2049 ex
2067 2003 2195 2050 tunc
2223 1996 2302 2048 ira
2328 2004 2418 2049 tua
2441 1996 2486 2027 9"
2508 1996 2529 2048 ?
2551 2015 2568 2046 ›
2601 1995 2752 2060 Quod
2784 2004 2965 2049 autem
2998 1995 3447 2049 absurdissimum
3475 1994 3544 2047 sit

273 2081 454 2154 ψυχὴ,
488 2086 582 2138 καὶ
622 2084 839 2155 ἔρχεται
864 2089 941 2148 εἰς
974 2086 1063 2137 τὸν
1088 2084 1311 2155 κόσμον,
1339 2084 1414 2148 ὡς
1440 2086 1869 2155 προϋπάρχουσα

1970 2097 2161 2155 putare
2187 2087 2422 2140 animam
2448 2095 2574 2142 ante
2604 2101 2805 2155 corpus
2837 2087 3102 2141 exsistere
3121 2125 3135 2145 ,
3162 2095 3215 2138 et
3244 2084 3312 2137 ob
3347 2098 3545 2153 prazce-

275 2174 567 2244 δηλονότιθ
616 2177 731 2241 πῶς
768 2178 876 2247 γὰρ
916 2178 1052 2239 ὅλως
1081 2177 1315 2246 ἁμάρτοι
1349 2175 1409 2228 τὸ
1445 2176 1613 2246 μήπω
1643 2176 1871 2246 ὑφεστη-

1981 2176 2153 2231 Jentia
2176 2176 2283 2245 79
2301 2186 2525 2247 peccata
2556 2179 2611 2231 in
2632 2186 2845 2231 terrena
2871 2191 3103 2247 corpora
3120 2176 3291 2245 ipsam
3310 2173 3543 2235 demitti,

276 2266 378 2329 κός
406 2284 421 2333 ;
456 2269 717 2339 Ἔρχεται
743 2269 801 2321 δὲ
838 2271 917 2332 είς
953 2269 1043 2322 τὸν
1074 2269 1277 2338 κόσμον
1302 2266 1410 2319 ἀπό
1437 2282 1596 2320 τινων
1631 2265 1871 2338 δηλονότι

1970 2282 2036 2322 ex
2070 2267 2384 2337 subjunctis
2409 2271 2750 2339 argumentis
2778 2276 3039 2340 quantum
3072 2269 3126 2321 in
3161 2267 3314 2321 nobis
3343 2274 3427 2321 est
3454 2264 3545 2319 de-

277 2356 468 2411 τόπων
510 2360 823 2432 κινουμένη.
851 2360 1091 2413 Τοιαῦτά
1126 2376 1245 2412 τινα
1272 2358 1381 2411 τῶν
1411 2358 1514 2427 τῆς
1544 2356 1868 2429 Ἐκκλησίας

1972 2366 2283 2414 monstrare
2313 2361 2657 2427 conabimur,
2683 2361 2922 2416 scientes
2951 2359 3096 2428 quod
3126 2359 3397 2425 scriptum
3419 2364 3502 2410 est
3528 2374 3541 2409 :

280 2450 851 2521 καταρραψῳδοῦντες
892 2452 1209 2522 δογμάτων,
1275 2451 1367 2503 καὶ
1418 2450 1609 2514 ὑθλους
1646 2450 1869 2502 είκαίων

1980 2466 1996 2497 ι
2028 2447 2101 2501 Da
2145 2450 2375 2519 sapienti
2408 2453 2748 2507 occasionem
2792 2461 2844 2505 et
2871 2450 3170 2520 Sapientior
3200 2452 3337 2515 erit,
3370 2448 3545 2502 mani-

277 2538 646 2610 διηγημάτων
680 2545 800 2606 ταῖς
852 2542 959 2595 τῶν
1006 2540 1388 2611 ἁπλουστέρων
1443 2539 1869 2610 ἐπισωρεύοντες

1443 2539 1869 2610 ὲπισωρεύοντες
1991 2535 2126 2591 festa
2150 2537 2298 2607 justo
2328 2547 2382 2593 et
2416 2540 2639 2608 insuper
2674 2539 2906 2610 accipiet
2938 2541 3002 2589 ".
3041 2560 3057 2591 ι

271 2631 497 2699 ἀκοαῖς,
529 2634 753 2699 δικαίως
790 2634 1109 2689 ἀκούσονται
1133 2651 1147 2665 ·
1194 2653 1211 2685 ι
1248 2634 1384 2687 Οὑαὶ
1418 2636 1529 2695 τοῖς
1557 2631 1991 2703 προφητεύουσιν
2028 2632 2135 2684 ἀπὸ
2171 2632 2401 2705 καρδίας
2430 2613 2608 2686 αὑτῶν
2633 2674 2649 2702 ,
2702 2635 2795 2687 καὶ
2861 2633 2923 2686 τὸ
2985 2632 3211 2685 καθόλου
3290 2632 3363 2703 μὴ
3426 2631 3545 2701 βλέ-

268 2740 503 2781 πουσιν.
543 2746 562 2777 ι
614 2726 860 2797 Ὀράσεις
892 2725 998 2794 γὰρ
1023 2725 1224 2786 ὅντως,
1255 2724 1345 2776 καὶ
1374 2724 1729 2791 οίωνίσματα,
1773 2723 1865 2775 καὶ
1907 2723 2247 2792 προφητείας
2293 2724 2515 2795 καρδίας
2558 2723 2733 2778 αὐτῶν
2766 2727 2876 2786 τοῖς
2920 2724 3006 2777 διὰ
3068 2724 3158 2776 τοῦ
3234 2725 3547 2794 Πνεύματος

270 2819 479 2872 ἁντιπα
494 2817 750 2888 ραθέντες
817 2817 1022 2883 λόγοις,
1104 2815 1204 2867 οὑκ
1243 2814 1588 2866 αἰσθάνονται
1627 2814 1762 2883 πρὸς
1806 2814 1941 2884 ὅσην
1976 2816 2157 2877 αὑτοῖς
2192 2816 2424 2869 ἀτοπίαν
2470 2816 2759 2886 δραμεῖται
2800 2818 2860 2869 τὸ
2894 2816 3224 2888 ἐπιχείρημα
3248 2857 3263 2879 ,
3300 2818 3547 2885 λεγοντος

271 2906 371 2961 τοῦ
411 2905 731 2977 Ψαλμῳδοῦ
766 2905 900 2975 πρὸς
936 2903 1084 2956 Θεόν·
1120 2921 1138 2953 ι
1172 2903 1243 2953 Σὺ
1285 2901 1512 2971 φοϐερὸς
1553 2895 1623 2965 εἷ,
1663 2902 1758 2953 καὶ
1792 2900 1873 2964 τίς
1911 2904 2291 2974 άντιστήσεταί
2327 2921 2408 2956 σοι
2459 2904 2565 2957 άπὸ
2614 2906 2711 2975 τῆς
2742 2906 2910 2976 ὀργῆς
2949 2924 3076 2973 σου;
3118 2910 3234 2960 Ὅτι
3303 2908 3361 2962 δὲ
3428 2909 3547 2963 λίαν

276 3002 432 3056 ἐστίν
465 3001 824 3055 ἀτοπώτατον
874 2998 1138 3069 ὑπάρχειν
1170 2996 1268 3066 μὲν
1311 2996 1517 3049 οἴεσθαι
1580 2994 1674 3065 τὴν
1742 2995 1939 3066 ψυχὴν,
1981 2998 2044 3050 ἐκ
2084 2999 2527 3068 προγενεστέρων
2569 2998 2625 3050 δὲ
2662 3000 3071 3070 ἁμαρτημάτων
3108 3001 3187 3063 είς
3236 2999 3303 3053 τά
3358 3002 3421 3054 ἐκ
3447 3002 3549 3072 γῆς

278 3096 747 3168 καταπέμπεσθαι
775 3094 1002 3165 σώματα
1048 3092 1289 3163 νομίζειν
1325 3092 1484 3144 αὑτὸν
1511 3091 1632 3162 [ἴον.
1664 3092 1832 3161 αὑτὴν
1855 3092 1886 3162 1,
1928 3093 2015 3145 διὰ
2052 3094 2159 3146 τῶν
2206 3094 2627 3163 ὑπεζευγμένων
2678 3095 2894 3149 ἐννοιῶν
2958 3095 3096 3148 κατὰ
3171 3096 3230 3149 τὸ
3272 3095 3548 3168 ἐγχωροῦν

280 3200 416 3270 ἡμῖν
460 3193 743 3257 ἀποδεῖξαι
780 3191 1191 3261 πειρασόμεθα,
1234 3189 1296 3241 τὸ
1323 3188 1706 3259 γεγραμμένον
1728 3189 1963 3252 είδότες’
2011 3209 2030 3241 ι
2079 3191 2232 3244 Δίδου
2283 3191 2431 3261 σοφῷ
2503 3193 2758 3263 ἀφορμὴν
2790 3233 2805 3257 ,
2862 3194 2954 3245 καὶ
3009 3192 3312 3264 σοφώτερος
3373 3194 3548 3273 ἔσται,

283 3287 524 3359 γνώριζε
552 3285 764 3353 δικαίῳ,
789 3284 883 3335 καὶ
921 3282 1215 3352 προσθήσει
1240 3280 1334 3332 τοῦ
1368 3278 1633 3349 δέχεσθαι.
1666 3299 1685 3330 ι

288 3402 563 3475 Ἐννοιαι
604 3399 732 3475 ἥτσι
782 3396 1121 3475 θεωρήματα
1172 3394 1480 3475 ςχήματος
1528 3396 1877 3462 συμπεπλε-
1904 3373 1934 3430 ί

1904 3373 1946 3430 C
1981 3387 2268 3469 Rationes,
2330 3390 2435 3442 sire
2492 3389 2869 3457 propositiones
2921 3404 2986 3441 ex
3043 3391 3361 3459 syilogismis
3420 3411 3548 3449 con-

358 3472 579 3544 τμένου
607 3460 708 3525 καὶ
728 3460 1225 3537 συλλογιστικοῦζ
1240 3460 1249 3462 ἡ
1298 3460 1309 3464 ⁷
1610 3460 1619 3462 ’
2042 3460 2206 3511 nexis-

358 3614 432 3661 α’.
460 3605 520 3658 Εἰ
542 3605 648 3675 ιτῆς
670 3603 777 3656 τῶν
806 3601 1070 3671 σωμάτων
1109 3564 1449 3671 κατασῖιευῆς
1478 3604 1507 3672 ἡ
1532 3602 1625 3655 τοῦ
1653 3602 1863 3674 ἀνθρώ-

2042 3596 2092 3649 1.
2130 3593 2182 3648 Si
2212 3596 2393 3648 anima
2421 3594 2659 3651 hominis
2692 3605 2818 3650 ante
2849 3596 3260 3653 fabricationem
3303 3602 3548 3669 corporis

292 3716 391 3751 που
435 3696 840 3767 προὺφεστήκει
890 3693 1056 3763 ψυχὴ,
1109 3693 1445 3747 ἀποκλίνασα
1491 3694 1547 3747 δὲ
1619 3695 1755 3765 πρὸς
1808 3695 1869 3746 τὸ

1971 3688 2297 3752 exsistebat,
2334 3687 2428 3741 sed
2478 3688 2532 3741 in
2565 3688 2756 3742 vitium
2806 3689 3051 3758 delapsa,
3106 3698 3165 3744 ut
3195 3692 3417 3762 quidam
3451 3709 3545 3748 su-

287 3788 515 3858 φαῦλον,
561 3786 701 3840 κατὰ
743 3785 840 3849 τάς
860 3802 1020 3837 τινων
1064 3784 1339 3848 ὑπονοίας,
1371 3784 1591 3837 κόλασιν
1630 3785 1740 3856 ἔχει
1774 3784 1868 3837 τοῦ

1972 3780 2278 3850 spicantur,
2310 3795 2486 3850 preme
2516 3781 2636 3835 loco
2661 3781 2716 3834 in
2749 3794 2948 3851 corpus
2990 3783 3215 3839 detrusa
3243 3792 3329 3840 est
3362 3805 3374 3839 :
3412 3802 3546 3855 quo-

288 3880 760 3951 πλημμελήματος
799 3877 895 3948 τὴν
933 3877 1013 3940 είς
1054 3876 1234 3947 σάρκα
1274 3876 1519 3941 κάθοδον,
1564 3876 1705 3940 πῶς,
1749 3876 1867 3929 είπέ

1972 3872 2155 3938 modo,
2185 3887 2394 3943 quaeso,
2421 3874 2753 3943 evangelista
2781 3874 2954 3943 ipsam
2988 3875 3044 3928 in
3085 3876 3229 3930 hunc
3282 3878 3545 3931 mundum

289 3989 401 4042 μοι,
426 3969 754 4040 φωτίζεσθαί
775 3986 936 4039 φησιν
952 3970 1254 4040 ἐρχομένην
1272 3968 1439 4039 αὑτὴν
1464 3969 1541 4031 είς
1558 3968 1647 4021 τὸν
1668 3970 1871 4039 κόσμον

1974 3967 2282 4020 venientem
2318 3965 2614 4018 illuminari
2656 3965 2825 4019 dicit?
2853 3964 3037 4019 Honor
3074 3968 3217 4021 enim
3260 3967 3404 4021 istud
3438 3978 3544 4027 est.

284 4064 314 4116 ὁ
339 4061 769 4132 εὑαγγελιστής;
799 4060 944 4130 Τιμὴ
974 4060 1105 4132 γὰρ,
1147 4055 1319 4130 οἶμαι,
1359 4061 1420 4112 τὸ
1454 4060 1687 4131 πρᾶγμά
1731 4062 1866 4123 ἐστι,

1975 4064 2029 4110 et
2060 4056 2356 4110 illustrium
2385 4055 2687 4126 gratiarum
2720 4057 2989 4110 accessio.
3020 4057 3123 4111 Sed
3169 4072 3328 4112 nemo
3362 4059 3548 4127 plecti-

286 4157 381 4209 καὶ
412 4154 764 4226 χαρισμάτων
818 4153 1103 4224 προσθήκη
1151 4151 1441 4223 λαμπρῶν·
1481 4151 1771 4216 κολάζεται
1813 4152 1870 4205 δέ

1973 4155 2065 4201 tur
2092 4148 2219 4201 dum
2254 4148 2576 4212 honoratur,
2605 4163 2776 4217 neque
2812 4148 3035 4218 punitur
3079 4164 3200 4202 cum
3236 4149 3544 4204 divinorum

285 4265 372 4311 τις
404 4248 464 4299 οὑ
521 4243 847 4315 τιμώμενος,
893 4244 1011 4297 οὑδὲ
1060 4245 1380 4316 τιμωρεῖται
1438 4232 1665 4315 μέτοχος
1710 4246 1870 4298 θείων

1973 4238 2241 4292 bonormn
2276 4238 2333 4291 ﬁt
2357 4240 2648 4308 particeps,
2682 4238 2778 4291 sed
2831 4252 2955 4292 cum
3012 4237 3065 4290 in
3094 4239 3370 4306 punientis
3411 4240 3546 4291 iram

286 4336 745 4407 ἀναδεικνύμενος
771 4335 1013 4404 ἀγαθῶν,
1061 4336 1197 4389 ἀλλὰ
1222 4338 1333 4399 τοῖς
1363 4335 1421 4399 ἐξ
1447 4338 1615 4407 ὀργῆς
1653 4338 1751 4407 τῆς
1776 4337 1868 4391 τοῦ

1975 4329 2225 4382 incurrit.
2252 4329 2390 4382 Cum
2423 4339 2603 4383 autem
2649 4328 2812 4381 homo
2852 4326 3078 4381 veniens
3109 4327 3162 4380 in
3208 4328 3355 4381 hunc
3384 4343 3546 4381 mun-

286 4429 613 4493 κολάζοντος
648 4428 869 4497 ὁμιλῶν.
915 4428 1130 4498 Ἐπειδὴ
1170 4427 1223 4479 δὲ
1247 4428 1347 4481 οὑκ
1380 4428 1437 4480 ἐν
1468 4428 1678 4490 τούτοις
1709 4429 1869 4498 ἐρχόο

1973 4421 2101 4472 dum
2132 4419 2359 4473 minime
2400 4419 2680 4489 puniatur,
2708 4417 2804 4472 sed
2839 4424 3030 4470 contra
3060 4418 3244 4485 potius
3277 4418 3548 4473 illumine-

290 4536 452 4588 μενος
486 4521 562 4581 είς
588 4517 676 4572 τὸν
711 4517 911 4588 κόσμον
942 4518 969 4569 ὁ
996 4517 1305 4588 ἄνθρωπος,
1339 4518 1453 4571 ἀλλ’
1486 4519 1551 4572 ἐκ
1577 4519 1685 4571 τῶν
1712 4521 1868 4571 ἐναν-

1977 4516 2082 4571 tur,
2116 4515 2264 4577 patet
2312 4507 2501 4577 utique
2531 4521 2705 4576 paena!
2748 4507 2868 4560 loco
2908 4507 2956 4560 ei
3001 4522 3107 4561 non
3141 4521 3263 4563 esse
3291 4522 3548 4578 corpora-

284 4611 416 4664 τίων
477 4608 792 4679 φωτίζεται,
846 4608 1110 4679 πρόδηλον
1149 4610 1211 4679 δή
1272 4627 1374 4661 που
1427 4610 1633 4672 λοιπὸν,
1680 4611 1872 4680 ὅτιπερ
1973 4598 2199 4662 ῑῖοηθιῐι,
2228 4598 2320 4668 (ιιιὶ
2354 4598 2406 4652 ill
2440 4612 2611 4652 came
2644 4598 2968 4651 Ῑὶοιὶοτιιῑυΐο

283 4704 344 4755 οὑ
374 4703 601 4756 κόλασιν
627 4702 738 4772 ἔχει
770 4701 868 4773 τὴν
907 4702 1181 4772 σάρκωσιν
1210 4704 1237 4754 ὁ
1289 4702 1427 4771 μετὰ
1476 4702 1677 4773 σαρκὸς
1706 4700 1871 4771 τιμὼ-
1901 4762 1945 4816 D

283 4812 475 4864 μενος.

357 4926 432 4996 β’.
474 4928 676 4978 ΑΛΛΟ.
719 4927 782 4979 El
828 4926 933 4998 πρὸ
961 4925 1056 4979 τοῦ
1090 4925 1338 4995 σώματος
1379 4928 1412 4997 ἠ
1441 4925 1587 4996 ψυχὴ
1616 4923 1740 4987 νοῦς
1769 4919 1837 4994 ἦν
1856 4964 1871 4989 ,

2042 4911 2094 4964 2.
2114 4907 2344 4963 ALIUD.
2375 4909 2432 4962 Si
2468 4916 2592 4963 ante
2621 4921 2824 4976 corpus
2854 4907 3033 4960 anima
3060 4920 3212 4959 mens
3239 4912 3355 4957 erat
3387 4919 3545 4974 pura,

285 4995 366 5071 ἔτι
407 5017 650 5088 καθαρὸς
672 5020 732 5071 ἐν
770 4995 1133 5088 μακαριότητι
1165 4995 1453 5083 διατελῶν,
1493 5016 1790 5079 ἀποκλίνας
1817 5015 1874 5068 δὲ

1974 5004 2029 5058 in
2068 5001 2327 5056 felicitate
2355 5002 2581 5068 degens,
2621 4998 2716 5052 sed
2752 5000 3112 5053 conversione
3138 4996 3191 5049 in
3229 4995 3417 5049 vitium
3448 4995 3546 5049 de-

286 5109 430 5179 πρδς
458 5108 517 5160 τὸ
548 5087 745 5176 φαῦλον
791 5108 995 5176 ὑπέϐη,
1036 5087 1130 5160 καὶ
1157 5106 1246 5159 διὰ
1289 5106 1446 5159 τοῦτο
1484 5110 1540 5161 ἐν
1581 5108 1745 5180 σαρκὶ
1778 5107 1872 5175 γέ-

1972 5096 2123 5165 lapsa
2172 5100 2278 5156 est,
2321 5099 2484 5161 atque
2535 5090 2742 5144 ideirco
2802 5092 3002 5143 innexa
3057 5097 3140 5141 est
3204 5087 3378 5149 carni,
3413 5102 3550 5155 quo-

287 5175 440 5268 γονε,
489 5175 607 5264 πῶς
668 5175 965 5270 ἐρχόμενος
1012 5203 1091 5263 είς
1147 5200 1241 5254 τὸν
1283 5200 1485 5270 κόσμον
1538 5175 1865 5269 φωτίζεται;

1976 5186 2138 5242 modo
2171 5183 2398 5239 veniens
2432 5183 2485 5235 in
2532 5182 2676 5235 hunc
2728 5180 2990 5234 mundum
3036 5175 3412 5229 illuminatur?
3449 5175 3550 5230 Ne-

307 5293 545 5359 Ἀ-εάγκη
575 5290 683 5359 γὰρ
704 5266 888 5359 λέγειν
934 5291 1140 5362 ἔρημον
1168 5287 1304 5345 εἶναι
1331 5266 1505 5361 φωτὸς
1535 5266 1662 5362 πρὶν
1692 5292 1869 5345 ἐλθεῖν

1977 5278 2217 5337 cessario
2246 5277 2391 5330 enim
2427 5274 2716 5329 dicendum
2750 5281 2830 5325 est
2862 5270 3033 5339 ipsam
3082 5266 3221 5321 lucis
3275 5275 3547 5336 expertem

292 5381 476 5432 αὐτόν’
511 5358 560 5433 εἰ
594 5358 663 5433 δέ
685 5381 874 5443 τοῦτο,
1144 5383 1223 5436 ἔτι
1261 5358 1387 5446 νοὺς
1408 5358 1647 5451 καθαρὸς
1686 5384 1714 5433 ὁ
1745 5383 1868 5435 τότε

1977 5384 2099 5424 esse
2144 5374 2436 5436 antequam
2473 5365 2673 5419 veniat.
2707 5360 2863 5426 Quod
2913 5359 2959 5413 si
3006 5358 3084 5410 ita
3134 5364 3237 5423 est,
3275 5360 3550 5427 quomodo

299 5471 452 5536 μόλις
494 5469 631 5540 ἔχων
658 5470 751 5523 τοῦ
779 5447 1110 5540 φωτίζεσθαι
1143 5472 1242 5544 τὴν
1296 5473 1489 5543 ἀρχὴν,
1529 5447 1616 5525 ὅτε
1662 5472 1756 5525 καὶ
1788 5471 1870 5533 είς

1979 5473 2113 5529 pura
2155 5472 2310 5512 mens
2358 5464 2500 5520 erat,
2531 5467 2651 5521 quae
2682 5452 2769 5504 vix
2807 5460 2923 5504 tum
2960 5447 3200 5519 primum
3248 5448 3547 5502 illuminari

298 5557 386 5611 τὸν
418 5539 620 5630 κόσμον
652 5539 897 5633 ἔρχεται,
923 5563 1019 5617 καὶ
1047 5564 1109 5616 οὑ
1127 5539 1249 5635 δίχα
1282 5539 1515 5634 capide;

1976 5551 2172 5620 incipit
2200 5564 2327 5605 cum
2358 5547 2506 5603 venit
2548 5546 2606 5599 in
2652 5541 2940 5609 mundum,
2988 5542 3154 5615 idque
3199 5554 3307 5596 non
3340 5539 3552 5611 absque

1976 5643 2183 5699 carne?

365 5840 412 5872 "
451 5837 610 5895 Rom.
643 5857 754 5909 vu,
786 5844 877 5899 ‘24.
961 5844 1006 5877 "
1045 5842 1246 5901 Jerem.
1288 5859 1463 5913 nui,
1504 5844 1590 5899 16.
1664 5843 1711 5876 ³⁸
1744 5841 1889 5899 Psal.
1934 5856 2011 5894 ιιι

1071 5844 1246 5901 εγω.
1288 5859 1463 5913 nui,
1504 5844 1590 5899 16.
1664 5843 1711 5876 ³⁸
1744 5841 1889 5899 Psal.
1934 5854 2096 5907 Lxxv,
2129 5838 2181 5895 8.
2259 5839 2302 5870 "
2344 5834 2508 5890 Prov.
2542 5849 2594 5888 Ix
2618 5873 2632 5896 ,
2664 5833 2717 5887 9.
