4168 6568
695 438 797 493 I39

1732 422 1789 476 S.
1819 418 2091 474 CYRILLI
2133 415 2599 470 ALEXANDRINI
2640 416 2962 471 ARCIIIEI’.

3862 411 3981 465 HO

688 570 786 607 eos
819 551 957 605 votis
993 546 1364 619 prosequitur,
1392 543 1582 597 dicens
1614 558 1627 594 ε
1658 559 1675 591 ι
1714 539 1777 592 Et
1795 554 1921 593 ecce
1941 539 2077 592 estis
2108 535 2263 589 hodie

2372 535 2594 597 δικαίως
2635 535 3065 605 ὑπερθαυμάσας
3097 537 3125 587 ὁ
3167 534 3487 605 ἱεροφάντης
3513 532 3762 602 Μωῦσῆς
3788 530 3979 582 ἐπεύ-

694 645 840 697 velut
891 651 1038 697 astra
1084 640 1207 692 caeli
1248 634 1621 690 multitudine.
1666 630 1931 685 Dominus
1982 629 2123 682 Deus
2170 642 2262 695 pa-

692 747 836 788 trum
857 743 1162 787 vestrorum
1185 727 1584 797 adjiciatvobis
1612 725 1752 780 sicut
1775 723 1911 777 estis
1936 721 2132 775 millies
2147 721 2214 774 ’⁷.
2240 738 2257 770 ι

690 828 762 879 At
800 827 846 880 si
878 822 1205 894 corporibus
1239 819 1307 873 ad
1355 832 1571 888 ptenam
1602 814 2015 870 includerentur
2045 811 2261 873 animae,

693 918 860 988 idque
931 916 1264 971 necessitate
1331 910 1604 980 quadam,
1682 903 2003 974 imprecatio
2072 916 2262 956 revera

691 1020 859 1076 esset,
892 1024 1003 1063 non
1034 1016 1223 1061 votum
1251 1004 1342 1059 illa
1384 1001 1586 1071 Moysis
1622 1000 1823 1051 oratio.
1862 995 2029 1065 Atqui
2060 1009 2148 1048 res
2190 994 2263 1045 ita

689 1119 801 1156 non
842 1109 948 1164 est,
993 1097 1089 1153 sed
1143 1096 1287 1150 facta
1331 1102 1414 1148 est
1463 1107 1492 1143 a
1526 1090 1710 1160 Moyse
1756 1085 2087 1142 benedictio.
2144 1083 2265 1137 Non

690 1210 823 1265 ergo
854 1194 918 1246 ad
948 1205 1161 1262 pmnam
1212 1184 1540 1256 corporibus
1572 1182 1845 1234 immersa:
1873 1186 2003 1233 sunt
2047 1176 2262 1230 animae.

767 1456 849 1509 12.
890 1451 1120 1508 ALIUD.
1158 1449 1295 1504 Male
1340 1446 1656 1517 petentibus
1691 1443 1833 1498 Deus
1886 1456 1995 1497 non
2042 1440 2258 1494 annuit.

692 1547 863 1615 Cujus
903 1545 979 1599 rei
1018 1542 1261 1610 locuples
1290 1540 1445 1594 testis
1486 1537 1644 1590 nobis
1680 1536 1784 1589 erit
1823 1533 2127 1588 Salvatoris
2150 1532 2267 1587 dis-

694 1636 913 1705 cipulus
943 1652 956 1688 :
991 1652 1009 1683 ι
1037 1631 1249 1691 Petitis,
1276 1647 1294 1680 ι
1336 1626 1535 1695 inquit,
1572 1644 1590 1675 ι
1629 1633 1684 1679 et
1717 1639 1827 1677 non
1888 1621 2165 1690 accipitis,
2202 1634 2268 1675 eo

690 1727 835 1797 quod
872 1726 1011 1779 male
1055 1722 1250 1792 petatis
1273 1720 1340 1773 ’⁸.
1380 1740 1396 1769 ι
1443 1719 1501 1772 Si
1531 1732 1661 1785 ergo
1703 1715 1769 1769 ad
1819 1728 2034 1784 poenam
2069 1726 2267 1780 corpo-

689 1817 845 1870 ribus
888 1814 1087 1866 animae
1135 1809 1542 1877 mancipantur,
1595 1802 1873 1873 quomodo
1921 1802 2079 1854 Anna
2125 1799 2269 1851 Pha-

2367 642 2519 693 χεται
2547 624 2715 691 λέγων
2754 626 2954 687 αὐτοῖς’
2994 644 3011 675 ι
3039 627 3149 678 Kal.
3178 626 3309 690 ἰδοὺ,
3338 625 3461 676 ἐστὲ
3502 626 3749 694 σήμερον
3777 622 3867 684 ὡς
3899 623 3977 673 τά

2365 717 2537 787 ἄστρα
2581 717 2675 771 τοῦ
2729 718 2960 786 ούρανοῦ
2987 716 3065 786 τῷ
3103 717 3316 786 πλήθει.
3369 718 3572 787 Κύριος
3599 716 3629 765 ὁ
3668 715 3809 776 Θεὸς
3853 712 3977 764 τῶν

2367 815 2616 878 πατέρων
2636 810 2665 860 ὑ
2674 809 2788 879 μῶν
2816 808 3076 879 προσθείη
3096 810 3245 878 ὑμῖν,
3266 809 3339 871 ὡς
3360 803 3457 878 ἦτε
3482 806 3917 877 χιλιοπλασίως.
3949 824 3969 853 ι

2378 900 2677 970 Ἀλλέίπερ
2692 896 2759 971 ἦν
2778 901 3021 965 κόλασις,
3039 904 3161 964 ταῖς
3185 902 3282 953 ἀνθ
3290 899 3487 969 ρώπων
3505 899 3705 968 ψυχαῖς
3729 897 3796 949 τὸ
3812 890 3975 949 εἶναι

2369 992 2507 1060 μετὰ
2529 993 2797 1061 σωμάτων
2813 994 2869 1044 ὲν
2898 993 3108 1062 κόσμῳ,
3127 994 3233 1045 ἔδει
3256 993 3313 1045 δὲ
3338 988 3497 1055 εἶναι,
3521 990 3615 1044 καὶ
3630 990 3972 1059 οὐγυμνὰς,

2365 1083 2473 1153 ἀρὰ
2506 1084 2705 1153 μᾶλλον
2736 1084 2819 1153 εἴη
2857 1100 2962 1152 περ
2988 1085 3222 1153 άληθῶς,
3254 1086 3352 1137 οὐκ
3371 1086 3457 1137 ἐπ’
3492 1083 3764 1153 εὐχῇ,καὶ
3795 1084 3827 1134 δ
3864 1081 3973 1133 τοῦ

2364 1176 2607 1239 Μωσέως
2633 1178 2939 1248 εὑρίσκοιτο
2972 1178 3147 1246 λόγος.
3182 1179 3336 1247 Ἔχει
3366 1179 3422 1230 δὲ
3456 1179 3554 1247 οὑχ
3582 1176 3785 1238 οὓτως,
3837 1175 3975 1228 ἀλλ’

2364 1268 2423 1319 ὲν
2447 1268 2696 1336 εὐλογίας
2718 1270 2870 1333 τάξει
2916 1271 3229 1339 πεποίηται·
3258 1272 3360 1321 οὐκ
3395 1269 3501 1339 ἄρα
3524 1268 3803 1339 τιμωρίας
3842 1267 3971 1335 ἔχει

2365 1356 2521 1424 λόγον
2546 1361 2578 1429 ἡ
2614 1359 2907 1431 σάρκωσις.

2438 1446 2525 1516 ιβ’.
2553 1450 3069 1513 ΑΛΛΟ.Τοῖςαίτεῖν
3087 1449 3424 1523 ἐπιχειροῦσι
3445 1451 3653 1513 κακῶς,
3670 1451 3971 1505 ἐπινεύειν

2367 1536 2499 1600 Θεὸς
2528 1539 2629 1591 οὐκ
2657 1539 2927 1608 ἀνέχεται.
2960 1541 3067 1593 Καὶ
3094 1541 3283 1594 τούτου
3316 1540 3524 1610 μάρτυς
3552 1541 3684 1610 ήμῖν
3707 1539 3971 1610 ἀψευδὴς

2367 1630 2395 1681 ὁ
2414 1629 2507 1682 τοῦ
2528 1631 2778 1701 Σωτῆρος
2797 1634 3082 1703 γενήσεται
3107 1632 3376 1704 μαθητής,
3397 1652 3413 1683 ι
3455 1634 3689 1697 Αἰτεῖτε,
3703 1650 3721 1683 ι
3745 1632 3967 1698 λέγων.

2374 1738 2393 1771 ι
2424 1722 2516 1773 καὶ
2544 1722 2605 1773 οὐ
2634 1722 2962 1792 λαμϐάνετε,
2987 1725 3065 1776 ὅτι
3095 1725 3281 1788 κακῶς
3314 1724 3572 1778 αἰτεῖσθε.
3596 1744 3615 1774 ι
3651 1724 3834 1795 Εἴπερ
3860 1720 3968 1776 οὖν

2369 1814 2486 1865 ἐστι
2539 1813 2760 1875 κόλασις
2810 1814 2869 1866 τὸ
2923 1814 3319 1883 σωματωθῆναι
3379 1814 3579 1885 ψυχὴν,
3637 1815 3813 1867 Ἅννα
3858 1814 3965 1866 τοῦ

692 1906 871 1959 nuelis
905 1902 1039 1965 (ilia,
1073 1900 1285 1969 inquiet
1332 1898 1553 1966 aliquis,
1586 1909 1695 1947 non
1726 1893 2080 1947 vehementer
2106 1902 2263 1943 erra-

2368 1904 2611 1974 Φανουήλ
2633 1906 2667 1974 ή
2709 1903 2973 1973 θυγάτηρ,
3008 1905 3121 1967 πῶς
3164 1906 3265 1957 οὐκ
3304 1905 3539 1973 εὐλόγως
3568 1907 3685 1975 ἐρεῖ
3713 1922 3831 1968 τις,
3872 1905 3963 1957 ὅτι

692 1998 811 2059 bat,
840 2010 964 2049 cum
1002 2005 1113 2045 tam
1158 1991 1316 2044 enixe
1365 1989 1533 2042 ﬁlium
1566 1986 1674 2041 sibi
1712 1999 1743 2037 a
1783 1982 1894 2037 Deo
1944 1988 2155 2053 peteret
2185 1979 2267 2031 ‘9?

691 2090 945 2143 Animam
974 2085 1175 2155 quippe
1202 2082 1460 2136 deorsum
1489 2079 1639 2149 pelli,
1658 2087 1711 2132 et
1731 2077 1785 2130 in
1815 2088 2018 2144 corpus
2047 2070 2265 2128 detrudi

696 2179 976 2251 poscebat.
1020 2177 1091 2229 At
1133 2174 1436 2245 quomodo,
1477 2186 1688 2240 quaeso,
1737 2169 1908 2222 ﬁlium
1958 2166 2060 2237 ipsi
2121 2164 2266 2219 Deus

693 2272 911 2327 beatum
956 2267 1270 2322 Samuelein
1330 2264 1589 2326 tradidit,
1655 2262 1701 2317 si
1749 2260 1968 2330 quidem
2010 2271 2267 2328 peccasse

692 2365 848 2434 prius
881 2362 1120 2415 animam
1161 2355 1471 2427 oportebat,
1516 2363 1576 2407 ut
1604 2354 1837 2424 implexa
1878 2350 2102 2420 corpori
2148 2363 2268 2401 mu-

690 2457 848 2512 Iieris
895 2466 1082 2510 votum
1141 2452 1430 2523 impleret?
1460 2450 1625 2519 Atqui
1676 2447 1821 2503 Deus
1869 2443 2117 2507 tradidit,
2172 2439 2267 2510 qui

690 2548 914 2604 nonnisi
970 2546 1112 2600 bona
1162 2544 1295 2599 dare
1342 2550 1559 2613 potest,
1614 2553 1849 2609 cumque
1902 2536 1957 2590 id
2014 2544 2269 2605 prompto

693 2640 881 2694 animo
909 2637 1010 2708 ipsi
1039 2635 1319 2697 annuerit,
1344 2642 1530 2687 votum
1565 2630 1686 2699 ejus
1713 2631 1783 2682 ab
1813 2626 1959 2681 omni
1992 2622 2268 2679 calumnia

692 2734 911 2787 liberat.
953 2730 1072 2783 Non
1106 2729 1273 2798 igitur
1310 2727 1382 2779 ob
1414 2726 1716 2778 admissum
1752 2730 2037 2790 peccatum
2070 2730 2269 2786 corpo-

691 2824 846 2877 ribus
874 2822 1055 2875 anima
1097 2817 1419 2881 includitur,
1456 2829 1635 2885 neque
1662 2812 1717 2866 id
1745 2812 1793 2867 ei
1826 2810 1893 2864 ad
1924 2822 2141 2880 poenam
2173 2806 2268 2860 da—

690 2928 831 2980 tum,
858 2921 919 2968 ut
942 2912 1133 2966 volunt
1160 2909 1433 2963 nonnulli.

766 3007 853 3061 15.
883 3002 1113 3058 ALIUD.
1151 2999 1209 3055 Si
1232 3015 1436 3069 corpus
1461 2997 1660 3053 anima:
1686 2993 1924 3049 hominis
1950 2992 2016 3047 ad
2047 3005 2267 3061 ptenam

693 3097 881 3151 datum
930 3101 1035 3157 est,
1076 3092 1206 3162 quid
1256 3089 1547 3143 Ezechiam
1580 3086 1779 3155 adegit,
1813 3085 1965 3138 illum
2006 3082 2266 3137 Hieroso-

2365 1995 2460 2048 τοῦ
2528 1996 2831 2065 πρέποντος
2886 1995 3265 2064 ἁπεσφάλλετο
3325 1995 3563 2067 μακρὰν,
3616 1996 3761 2051 οὕτω
3814 1998 3961 2066 πρὸς

2366 2086 2497 2140 Θεὸν
2545 2086 2899 2140 ἀνατείνουσα
2924 2086 3023 2155 τὴν
3072 2086 3257 2158 εὐχὴν,
3310 2088 3403 2139 καὶ
3450 2086 3676 2140 αἰτοῦσα
3719 2089 3962 2159 σπέρμα

2367 2179 2592 2251 ἀνδρός;
2626 2180 2807 2249 ψυχῆς
2854 2181 2962 2251 γὰρ
2996 2180 3113 2250 ᾔτει
3166 2180 3540 2244 κατάπτωσιν,
3588 2180 3683 2233 καὶ
3736 2181 3842 2251 τὴν
3873 2184 3960 2245 εἰς

2370 2270 2528 2340 σῶμα
2573 2270 2819 2325 κάθοδον.
2848 2272 2972 2333 Πῶς
2999 2270 3055 2323 δὲ
3100 2271 3237 2333 ὅλως
3269 2271 3366 2323 καὶ
3416 2272 3531 2325 υἱὸν
3580 2274 3719 2343 αὐτῇ
3771 2274 3957 2327 ἐδίδου

2368 2361 2501 2424 Θεὸς
2522 2362 2613 2414 τὸν
2641 2362 2792 2431 ἅγιον
2823 2362 3097 2432 Σαμουὴλ,
3131 2362 3288 2432 εἰπερ
3318 2362 3425 2415 ἔδει
3446 2364 3662 2427 πάντως
3695 2367 3815 2436 ἁμα
3826 2367 3962 2436 ρτῆ-

2371 2472 2462 2508 σαι
2484 2455 2683 2525 ψυχὴν,
2704 2456 2790 2509 ἵνα
2820 2456 2885 2525 δὴ
2905 2458 3000 2508 καὶ
3028 2454 3374 2525 ὲμπλακεῖσα
3391 2456 3601 2525 σώματι
3628 2460 3692 2527 τῇ
3724 2461 3960 2524 γυναικὶ

2370 2546 2634 2621 πληρώσῃ
2667 2548 2766 2618 τήν
2804 2548 3053 2618 αἴτησινς
3095 2548 3255 2600 Ἀλλὰ
3298 2549 3406 2618 μὴν
3436 2550 3527 2601 καὶ
3575 2547 3709 2612 Θεὸς
3751 2549 3957 2611 ἐδίδου,

2370 2640 2508 2714 μόνα
2531 2639 2787 2709 πεφυκὼς
2808 2640 3007 2692 διδόναι
3034 2640 3102 2692 τὰ
3129 2640 3328 2708 ἀγαθὰ.
3369 2642 3461 2693 καὶ
3491 2641 3802 2712 προχείρως
3833 2644 3959 2692 ἐπι-

2369 2731 2565 2795 νεύσας
2587 2732 2747 2802 αὐτῇ,
2769 2730 3038 2801 λοιδορίας
3065 2732 3281 2802 ἁπάσης
3303 2731 3579 2802 ἐλευθεροῖ
3592 2732 3687 2802 τὴν
3705 2734 3838 2803 αίτη
3848 2751 3953 2786 σιν.

2369 2822 2482 2876 Οὐκ
2499 2822 2606 2893 ἄρα
2630 2821 2689 2886 ἐξ
2717 2822 3040 2893 άμαρτίαςή
3071 2828 3365 2893 σάρκωσις,
3396 2822 3509 2875 ἀλλ’
3529 2822 3648 2875 οὐδὲ
3673 2823 3959 2890 κολάσεως

2368 2910 2567 2979 τρόπος
2584 2912 2725 2965 κατά
2752 2929 2924 2975 τινας.

2442 3002 2531 3069 ιγ’.
2565 3003 2765 3055 AAAO.
2797 3004 2859 3054 ΕΞ
2893 3005 2950 3056 ἐν
2974 3003 3123 3069 τάξει
3160 3004 3430 3075 τιμωρίας
3451 3005 3660 3059 δέδοται
3694 3008 3757 3060 τὸ
3792 3008 3960 3078 σῶμα

2368 3095 2436 3163 τῇ
2458 3092 2744 3164 ἀνθρώπου
2773 3095 2939 3165 ψυχῇ,
2979 3096 3031 3147 τί
3052 3096 3109 3147 τὸ
3148 3096 3408 3160 πεπεικὸς
3444 3096 3693 3168 Ἐζεχίαν
3723 3098 3818 3152 τὸν
3853 3101 3960 3169 τῆς

693 3186 968 3255 Iymorum
1001 3196 1182 3250 regem
1214 3180 1513 3250 sapientem
1548 3192 1611 3231 ac
1640 3178 1867 3238 bonum,
1901 3185 1958 3228 ut
2002 3190 2112 3228 non
2150 3175 2263 3228 sine

2381 3185 2735 3255 Ἰερουσαλήμ
2767 3186 3008 3255 βασιλέα,
3044 3188 3220 3240 καίτοι
3244 3190 3405 3254 σοφὸν
3432 3188 3559 3242 ὄντα
3589 3191 3685 3243 καὶ
3715 3192 3957 3260 ἀγαθὸν,

694 3274 910 3331 acerbis
966 3271 1226 3343 Iacrymis
1276 3271 1530 3341 corporis
1575 3276 1805 3323 mortem
1856 3266 2266 3335 deprecaretur,

694 3384 795 3423 nec
827 3367 920 3423 illo
952 3363 1225 3435 supplicio
1255 3363 1417 3417 vellet
1446 3360 1655 3416 exsolvi
1681 3362 1722 3425 ι,
1746 3358 1843 3415 sed
1873 3372 2141 3412 annorum
2176 3372 2269 3411 ac-

693 3459 950 3515 cessione
970 3471 1177 3526 corpus
1199 3470 1359 3510 suum
1379 3452 1638 3508 honorari
1663 3460 1891 3523 peteret,
1911 3466 2035 3505 cum
2063 3450 2267 3520 alioqui

692 3551 855 3619 longe
903 3548 1080 3603 satius
1123 3556 1293 3611 esset,
1336 3544 1383 3601 si
1433 3560 1623 3599 verum
1671 3552 1757 3598 est
1813 3558 2048 3612 corpore
2102 3541 2265 3612 plecti

693 3639 960 3699 animam,
982 3651 1091 3689 non
1122 3644 1354 3689 mortem
1394 3633 1703 3702 deprecari,
1729 3632 1823 3687 sed
1855 3647 2021 3703 grave
2058 3639 2114 3687 et
2150 3646 2267 3685 mo-

693 3733 893 3786 lestum
925 3728 1128 3783 ducere
1172 3728 1411 3781 animam
1460 3740 1587 3780 cum
1619 3739 1854 3794 corpore
1896 3724 2181 3794 conjungi,
2213 3730 2267 3778 et

693 3821 764 3876 ob
792 3821 914 3889 ejus
959 3818 1382 3873 dissolutionem
1413 3817 1622 3887 gratias
1670 3831 1829 3886 agere
1873 3816 2060 3886 potius
2098 3829 2263 3885 quam

691 3913 763 3966 ob
813 3912 1003 3965 vitam.
1050 3909 1159 3980 83
1197 3907 1481 3974 Quomodo
1521 3922 1650 3960 vero
1675 3905 1972 3975 singularis
2013 3904 2263 3961 beneﬁcii

688 4005 817 4058 loco
847 4000 1201 4072 promittebat
1233 4000 1308 4053 illi
1344 3999 1486 4054 Deus
1510 3999 1734 4054 dicens:
1761 4017 1779 4051 ι
1809 3996 1952 4052 Ecce
1978 3997 2174 4051 addam
2196 3997 2264 4050 ad

688 4092 809 4147 dies
853 4099 979 4144 tuos
1027 4090 1273 4160 quinque
1304 4095 1360 4140 et
1408 4087 1596 4141 decem
1650 4102 1825 4141 annos
1856 4088 1900 4152 ’,
1941 4106 1959 4138 ι
1992 4102 2117 4140 cum
2171 4087 2264 4140 illa

676 4183 989 4253 :promissio
1052 4180 1304 4251 supplicii
1370 4180 1683 4248 prorogatio
1725 4173 1893 4241 essct',
1935 4193 2044 4232 non
2098 4179 2265 4233 bene-

682 4274 911 4337 ﬁcium,
950 4273 994 4327 si
1036 4287 1227 4326 verum
1285 4270 1360 4323 illi
1409 4269 1631 4323 docent.
1666 4268 1735 4320 At
1786 4282 1915 4321 vero
1962 4283 2261 4337 supernum

687 4369 893 4421 donum
945 4374 999 4419 et
1038 4366 1213 4434 gratia
1246 4372 1363 4416 erat
1413 4362 1502 4415 illa
1537 4362 1850 4429 promissio,
1892 4369 1947 4414 et
1988 4375 2260 4413 annorum

689 4456 1005 4526 prorogatio
1042 4473 1053 4507 :
1098 4470 1206 4508 non
1248 4470 1378 4523 ergo
1421 4453 1488 4507 ad
1541 4452 1869 4522 supplicium
1922 4465 2127 4522 corpus
2164 4451 2263 4506 do-

678 4557 848 4601 natur
874 4547 1089 4599 animaa.

760 4636 845 4691 14.
880 4633 1108 4689 ALIUD.
1143 4632 1200 4687 Si
1230 4633 1297 4687 ad
1332 4647 1547 4701 pmnam
1577 4633 1763 4687 datum
1795 4638 1879 4687 est
1908 4646 2111 4701 corpus
2140 4633 2259 4686 ani-

677 4744 810 4789 mus.
837 4744 1006 4799 quam
1039 4728 1268 4797 gratiam
1293 4726 1439 4781 Deus
1468 4725 1720 4780 retribuit
1748 4726 2005 4778 eunucho
2036 4724 2133 4789 illi,
2167 4725 2261 4793 qui

682 4818 975 4874 Jeremiam
1015 4819 1203 4871 eduxit
1227 4833 1257 4871 e
1285 4817 1428 4880 lacu,
1455 4817 1678 4871 dicens:
1710 4833 1728 4864 ι
1757 4816 1824 4867 Et
1853 4814 1995 4869 dabo
2021 4814 2258 4867 animam

686 4921 833 4965 tuam
868 4912 922 4964 in
951 4925 1065 4963 rem
1088 4910 1387 4971 inventam,
1409 4917 1464 4964 et
1491 4907 1725 4962 servabo
1747 4916 1800 4960 te
1828 4923 1856 4959 a
1875 4905 2146 4959 Chaldmis
2169 4905 2208 4956 ³.
2237 4924 2255 4956 ι

687 5002 873 5059 Satius
899 5002 1043 5056 enim
1074 5000 1265 5053 fuisset
1296 5000 1452 5052 illum
1489 4998 1626 5051 mori
1658 4997 1860 5062 sinere,
1885 5003 1944 5048 ut
1972 4997 2076 5050 hoc
2102 5003 2261 5064 pacto

681 5112 806 5151 eum
834 5097 1153 5158 honoraret,
1183 5092 1421 5145 vinculis
1451 5102 1503 5144 ct
1536 5104 1694 5159 poma
1720 5088 1970 5157 corporis
2000 5088 2258 5141 solutum.

683 5188 857 5253 Quam
906 5195 1107 5250 autem,
1130 5198 1336 5253 quaeso,
1374 5181 1637 5237 Israelitis
1669 5178 2106 5233 adolescentibus
2140 5194 2262 5247 gra-

682 5280 812 5333 tiam
851 5279 1104 5335 contulit.
1133 5278 1259 5331 dum
1290 5290 1386 5328 eos
1422 5289 1451 5326 a
1499 5273 1714 5325 ﬂamma
1775 5270 2012 5324 servavit
2058 5280 2113 5323 et
2155 5271 2260 5323 im-

683 5369 941 5434 manitate
968 5368 1393 5439 Babyloniorum
1418 5365 1441 5417 ?
1470 5361 1642 5426 Quam
1683 5361 1754 5412 ob
1788 5375 2013 5413 causam
2065 5358 2260 5414 Danie-

683 5461 789 5514 lem
819 5477 847 5514 a
883 5444 1209 5513 crudelitate
1242 5460 1457 5511 leonum
1486 5452 1691 5519 eripuit
1716 5451 1778 5503 3?
1804 5452 1871 5503 At
1900 5466 2027 5505 vero
2057 5451 2259 5507 bencli-

682 5552 765 5605 cia
804 5552 907 5605 ista
963 5560 1113 5609 sunt,
1167 5561 1268 5615 pro
1318 5544 1521 5614 quibus
1554 5541 1705 5594 illum
1742 5540 1902 5593 etiam
1946 5540 2165 5609 hymnis
2206 5551 2258 5595 et

681 5643 937 5698 laudibus
973 5640 1381 5711 prosequimur.
1412 5635 1529 5687 Non
1558 5648 1690 5707 ergo
1713 5632 1776 5685 :ul
1818 5647 2035 5701 pinnam
2060 5633 2256 5687 animae

752 5759 795 5790 ’7
839 5757 993 5811 Deut.
1032 5772 1083 5816 κ,
1114 5754 1204 5806 22.
1272 5753 1316 5782 9‘
1354 5750 1467 5803 Jac.
1504 5767 1573 5809 iv,
1607 5749 1656 5805 5,
1717 5755 1761 5783 θ’
1804 5752 1818 5804 Ι
1854 5754 1981 5824 Reg.
2022 5773 2065 5815 ι,
2108 5752 2293 5811 10-20.

682 5828 705 5865 δ
740 5828 874 5884 Dan.
912 5844 968 5881 lll
998 5867 1009 5889 ,
1057 5826 1072 5877 I
1112 5840 1233 5893 sqq.

2294 4543 2338 4597 D

2370 3276 2623 3347 δακρύων
2656 3278 2717 3329 οὐ
2755 3278 2875 3347 δίχα
2928 3279 3143 3348 πικρῶν
3170 3280 3553 3350 παραιτεῖσθαι
3600 3282 3698 3351 μὲν
3729 3284 3823 3334 τὸν
3850 3284 3959 3353 τῆς

2372 3368 2573 3438 σαρκὸς
2590 3368 2839 3430 θάνατον,
2875 3371 2968 3422 καὶ
2997 3370 3367 3424 ἀποδύσασθαι
3393 3372 3454 3424 τὸ
3488 3372 3715 3437 κολάζον
3745 3375 3955 3436 ὀκνεῖν,

2368 3458 2506 3510 ἑτῶν
2527 3457 2583 3510 δὲ
2614 3458 2901 3530 προσθήκῃ
2926 3460 3187 3528 τιμᾶσθαι
3226 3461 3582 3531 παρακαλεῖν,
3623 3464 3803 3516 καίτοι
3832 3464 3957 3517 λίαν

2367 3548 2558 3619 ἐχρῆν,
2606 3549 2763 3620 εἴπερ
2805 3546 2873 3620 ἦν
2914 3551 3101 3615 ὅντως,
3147 3554 3206 3605 οὐ
3256 3553 3509 3606 τεθνάναι
3561 3554 3955 3624 παραιτεῖσθαι

2370 3640 2591 3710 μᾶλλον,
2626 3641 2949 3711 ήγεῖσθαιδὲ
2982 3643 3237 3713 φορτικὸν
3277 3645 3337 3696 τὸ
3382 3646 3801 3716 συμπεπλέχθαι
3846 3647 3955 3700 σὼο

2371 3749 2523 3801 ματι,
2552 3731 2648 3784 καὶ
2684 3732 2774 3784 ἐπὶ
2800 3732 2974 3802 τούτῳ
3018 3734 3177 3803 χάριν
3206 3734 3351 3804 ἥπερ
3390 3735 3481 3787 ἐπὶ
3525 3737 3638 3798 τοῖς
3674 3736 3949 3800 ἐναντίοις

2365 3821 2665 3890 ὁμολογεῖν.
2690 3821 2814 3884 Πῶς
2854 3822 2912 3873 δὲ
2960 3822 3035 3885 ὡς
3078 3824 3136 3874 ὲν
3164 3825 3385 3894 χάριτος
3428 3824 3583 3894 μέρει
3614 3824 3749 3887 Θεὸς
3769 3828 3950 3895 ἐπηγ-

2366 3912 2583 3979 γέλλετο
2602 3912 2775 3980 λέγων
2799 3912 2964 3982 αὐτῷ’
3004 3913 3164 3967 «Ἰδοὺ
3192 3915 3521 3985 προστίθημι
3543 3917 3622 3979 εἰς
3643 3917 3735 3969 τὸν
3752 3919 3951 3988 χρόνον

2368 4020 2462 4056 σου
2502 4003 2595 4073 ἔτη
2645 4003 2976 4067 δεκαπέντε;
3026 4024 3043 4056 ι
3093 4006 3268 4059 καίτοι
3334 4006 3619 4078 προσθήκη
3670 4009 3951 4072 κολάσεως

2372 4096 2473 4149 οὐκ
2504 4097 2747 4158 εὐποιίας
2782 4097 3000 4167 τρόπος,
3030 4100 3063 4167 ή
3100 4098 3390 4168 ὑπόσχεσις
3433 4094 3521 4169 ἦν,
3554 4101 3713 4170 είπερ
3748 4102 3951 4154 ἐκεῖνοι

2366 4188 2759 4258 πρεσϐεύουσιν
2783 4188 2978 4259 ἀληθῆ.
3024 4190 3181 4242 Ἀλλά
3204 4192 3310 4261 μὴν
3332 4192 3500 4260 δῶρον
3520 4192 3726 4245 ἄνωθεν
3755 4194 3787 4263 ή
3817 4194 3951 4245 ὑπό-

2367 4297 2551 4350 σχεσις
2570 4276 2658 4350 ἦν,
2704 4283 2797 4334 καὶ
2844 4283 2877 4351 ἡ
2912 4283 3197 4354 προσθήκη
3236 4285 3416 4354 χάρις·
3447 4285 3547 4337 οὐκ
3586 4286 3695 4355 ἄρα
3725 4287 3949 4347 κόλασις

2364 4375 2481 4435 ταῖς
2512 4372 2710 4442 ψυχαῖς
2742 4376 2774 4443 ἡ
2805 4374 3147 4443 σωμάτωσις.

2437 4634 2517 4686 ιδ’.
2554 4635 2755 4687 AAAO.
2791 4635 2850 4686 Ei
2879 4636 2935 4685 ἐν
2966 4635 3114 4701 τάξει
3145 4637 3416 4700 κολάσεως
3447 4637 3653 4691 δέδοται
3681 4640 3743 4692 τὸ
3780 4640 3942 4711 σῶμα

2362 4726 2427 4792 τῇ
2455 4723 2547 4775 τοῦ
2578 4723 2865 4793 ἀνθρώπου
2915 4724 3081 4794 ψυχῇ,
3126 4727 3283 4778 ποίαν
3331 4727 3604 4781 ἀντεδίδου
3664 4731 3825 4800 χάριν
3865 4732 3943 4801 τῷ

2362 4814 2601 4883 εὐνούχῳ
2638 4814 2769 4875 Θεὸς
2812 4815 2887 4883 τῷ
2932 4817 3275 4882 άνενεγκόντι
3319 4817 3409 4869 τὸν
3446 4818 3714 4889 Ἰερεμίαν
3755 4824 3816 4873 ἐκ
3850 4824 3940 4874 τοῦ

2363 4906 2589 4965 λάκκου,
2612 4905 2804 4972 λέγων,
2846 4924 2862 4956 ι
2891 4906 2997 4958 Καὶ
3023 4907 3178 4959 δώσω
3218 4909 3314 4979 τήν
3341 4908 3520 4979 ψυχήν
3557 4928 3648 4963 σου
3684 4913 3765 4973 είς
3788 4912 3945 4982 εὐρε-

2370 5015 2465 5067 μα,
2505 4998 2594 5049 καὶ
2628 4996 2875 5050 διασώσω
2905 5016 2964 5051 σε
3011 5002 3074 5052 ἑκ
3107 5000 3213 5052 τῶν
3239 5000 3550 5067 Χαλδαίων;
3590 5021 3609 5055 ι
3652 5004 3800 5056 Ἔδει
3830 5006 3941 5076 γὰρ

2370 5084 2567 5154 μᾶλλον
2596 5086 2959 5156 ἀποθνήσκειν
2988 5089 3101 5158 ἐᾷν,
3128 5089 3211 5141 ἵνα
3238 5089 3332 5142 καὶ
3357 5092 3588 5162 τιμήσῃ,
3618 5092 3821 5162 δεσμοῦ
3848 5096 3943 5147 καὶ

2365 5176 2640 5240 κολάσεως
2692 5178 2943 5232 ἀπολύων
2990 5181 3173 5234 αὐτόν.
3220 5182 3283 5233 Τί
3307 5181 3383 5244 δὲ,
3420 5184 3541 5235 εἰπέ
3586 5202 3696 5253 μοι,
3742 5189 3857 5248 τοῖς
3885 5187 3941 5251 ἐξ

2378 5266 2590 5338 Ἰσραὴλ
2643 5269 2881 5332 νεανίαις
2935 5270 3253 5338 ἐχαρίζετο,
3296 5272 3577 5337 διασὼζων
3622 5276 3821 5338 αὐτοὺς
3879 5279 3941 5330 ἐκ

2365 5362 2559 5430 φλογὸς
2639 5363 2732 5415 καὶ
2782 5364 2879 5433 τῆς
2931 5362 3038 5414 τῶν
3099 5364 3453 5417 Βαϐυλωνίων
3505 5368 3938 5437 άπανθρωπίαςς

2371 5455 2530 5506 Ὄτου
2563 5454 2619 5507 δὲ
2644 5455 2801 5524 χάριν
2832 5454 2930 5523 τῆς
2960 5455 3067 5506 τῶν
3097 5455 3323 5507 λεόντων
3349 5457 3629 5529 ὠμότητος
3658 5459 3745 5511 τὸν
3780 5460 3943 5526 σοφὸν

2367 5544 2640 5615 ἐξήρπαξε
2664 5546 2894 5614 Δανιήλ;
2942 5544 3099 5598 Ἀλλά
3137 5546 3239 5615 μὴν
3272 5546 3443 5600 ταῦτα
3490 5548 3743 5618 πράττων
3786 5552 3944 5618 εὐερ-

2367 5641 2531 5703 γετεῖ,
2571 5638 2660 5689 καὶ
2693 5637 2779 5689 διὰ
2808 5636 2976 5689 ταῦτα
3004 5638 3307 5703 δοξάζεται.
3345 5640 3455 5692 Οὐκ
3480 5640 3587 5711 ἄρα
3620 5642 3819 5710 τρόπος
3853 5658 3941 5696 τι-

3110 5762 3126 5790 ²
3170 5758 3296 5811 ibid.
3321 5760 3370 5811 6.

2380 5762 2393 5789 ¹
2436 5757 2501 5810 IV
2536 5758 2668 5827 Reg.
2712 5774 2814 5823 xx,
2858 5758 2873 5809 l
2910 5773 3028 5825 sqq.
3110 5762 3126 5790 ²
3170 5758 3370 5811 ibid.6.
3451 5759 3691 5814 3Jerem.
3732 5761 3937 5827 xcv,5.
