4168 6564
285 448 384 506 Ml

1382 441 1449 497 IN
1480 438 1764 498 JOANNIS
1802 434 2251 495 EVANGELIUM
2291 438 2486 497 LIB.I.

3418 444 3520 503 I69.

289 566 501 638 μωρίας
524 566 640 621 ἐστὶ
692 565 753 620 τὸ
793 566 1018 619 ἐνοικεῖν
1064 565 1130 634 τῇ
1175 562 1373 633 σαρκὶ,
1415 563 1501 616 ἵνα
1539 562 1613 633 μὴ
1658 560 1853 614 ταυτὸν

1959 573 2155 628 corpus
2187 567 2272 614 est
2305 560 2586 619 traditum,
2619 576 2685 615 ne
2719 560 2858 616 idem
2886 562 2959 615 sit
2988 560 3130 615 auud
3174 560 3340 616 Deum
3384 578 3521 631 prir-

287 658 373 728 εῖη
408 658 560 729 παρὰ
586 656 703 727 Θεῷ
730 673 782 709 τι
799 656 874 725 μὴ
897 656 991 709 καὶ
1021 653 1258 716 κόλασις.

360 748 441 802 ιε’.
467 749 667 801 ΑΛΛΟ.
694 748 814 800 Ὀτι
845 744 951 798 τῶν
994 744 1208 813 ἑκάστῳ
1236 743 1580 813 βεϐιωμένων
1612 741 1855 806 ἐξέτασις

288 840 439 894 ἔσται
460 845 599 893 κατὰ
629 839 815 907 καιρὸν
839 840 928 891 ἐπὶ
956 838 1047 890 τοῦ
1081 837 1224 890 θείου
1249 837 1487 907 βήματος
1531 835 1857 889 ἐκδιδάσκων

288 935 317 987 6
347 933 573 995 Παῦλος,
610 930 761 1001 φησί’
796 929 977 1000 “Teia;
998 931 1105 999 γὰρ
1138 930 1345 992 πάντας
1367 931 1512 999 ἡμᾶς
1542 927 1858 999 φανερωθῆ-

290 1041 376 1077 ναι
393 1024 478 1078 δεῖ
497 1022 808 1093 ἔμπροσθεν
835 1020 930 1075 τοῦ
954 1020 1196 1091 βήματος
1232 1019 1326 1074 τοῦ
1357 1020 1611 1090 Χριστοῦ,
1650 1019 1734 1071 ἵνα
1768 1035 1859 1071 κο-

292 1114 515 1186 μίσηται
548 1114 781 1175 ἕκαστος
811 1111 880 1164 τά
910 1112 996 1165 διὰ
1023 1111 1114 1164 τοῦ
1148 1110 1421 1180 σώματος,
1468 1110 1604 1179 πρὸς
1624 1108 1661 1162 ἃ
1687 1108 1856 1179 ἐπρα-

287 1204 398 1270 ξεν,
427 1204 535 1258 εῖτε
563 1205 785 1272 ἀγαθὸν,
817 1204 927 1256 εἴτε
954 1203 1173 1271 φαῦλον.
1204 1222 1221 1254 ι
1246 1203 1309 1254 Εἰ
1332 1202 1493 1254 δὲὲπὶ
1526 1190 1705 1270 μόνοις
1746 1202 1858 1263 τοῖς

284 1292 375 1346 διὰ
402 1293 495 1346 τοῦ
527 1295 776 1363 σώματος
806 1294 838 1363 ἢ
873 1293 1160 1358 κολάζεταί
1192 1310 1295 1355 τις,
1326 1294 1491 1363 ήγουν
1511 1292 1610 1361 τῆς
1634 1290 1859 1357 δεούσης

286 1383 529 1449 ἀξιοῦται
573 1386 758 1455 τιμῆς,
811 1386 994 1455 μνήμη
1048 1384 1104 1437 δὲ
1155 1384 1378 1453 ούδεμία
1421 1381 1859 1454 προγενεστέρων

288 1474 723 1544 ἁμαρτημάτων,
776 1474 891 1526 ἀλλ’
920 1474 1041 1525 οὐδὲ
1068 1473 1436 1542 πρεσϐύτερον
1461 1472 1560 1540 τῆς
1593 1470 1859 1537 γενέσεως

288 1562 542 1634 ἔγκλημα
571 1564 969 1635 ζητηθήσεται’
1023 1564 1139 1626 πῶς
1172 1564 1279 1633 ἄρα
1329 1561 1505 1633 προῆν
1545 1564 1576 1631 ἡ
1610 1561 1791 1632 ψυχή;
1823 1563 1856 1632 ἢ

288 1654 406 1718 πῶς
440 1655 497 1722 ἐξ
517 1656 792 1726 ἁμαρτίας
819 1656 1177 1725 ἐταπεινώθη,
1203 1654 1344 1708 κατά
1371 1672 1544 1716 τινας,
1638 1655 1733 1707 καὶ
1762 1655 1859 1724 μό-

287 1762 378 1810 νος
405 1745 644 1816 όρίξεται
674 1747 863 1817 χρόνος
887 1749 915 1800 6
951 1748 1087 1819 μετὰ
1117 1746 1336 1819 σαρκὸς,
1371 1746 1459 1800 διὰ
1482 1746 1575 1800 τοῦ
1609 1746 1744 1817 μόνα
1767 1746 1862 1817 ζη-

288 1838 494 1892 τεῖσθαι
519 1838 588 1891 τὰ
612 1839 677 1892 δι’
712 1839 881 1910 αὐτῆς
899 1855 915 1903 ;

363 2012 447 2076 ις’.
501 2014 705 2068 ΑΛΛΟ.
762 2014 822 2067 Et
875 2015 939 2068 ἐκ
1000 2013 1386 2085 πρεσϐυτέρων
1449 2016 1859 2087 ἁμαρτημάτων

289 2100 729 2171 ὲσωματὼθησαν
774 2104 828 2155 αἱ
866 2101 1051 2171 ψυχαὶ,
1097 2102 1213 2165 πῶς
1246 2104 1275 2155 6
1314 2103 1524 2167 Παῦλος
1566 2106 1695 2175 ἡμῖν
1738 2107 1859 2158 ἑπι-

289 2191 519 2252 στέλλει.
545 2210 565 2243 ι
598 2192 1012 2262 Παραστήσατε,
1045 2210 1064 2242 ι
1086 2192 1279 2260 λέγων,
1311 2214 1330 2245 ι
1358 2194 1427 2247 τὰ
1450 2194 1679 2265 σώματα
1706 2194 1860 2265 ὑμῶν

287 2279 479 2333 θυσίαν
512 2281 711 2346 ζῶσαν,
745 2282 927 2349 ἁγίαν,
963 2281 1257 2353 εὐάρεστον
1292 2281 1368 2352 τῷ
1409 2282 1549 2353 Θεῷ.
1594 2302 1613 2334 ι
1650 2283 1713 2335 Ei
1751 2283 1859 2353 γὰρ

285 2372 346 2425 ιν
372 2371 524 2435 τάξει
552 2374 823 2443 τιμωρίας
853 2373 1060 2428 δέδοται
1088 2377 1209 2438 ταῖς
1245 2374 1458 2438 ἀθλίαις
1494 2374 1715 2445 ψυχαῖς,
1744 2374 1861 2439 πῶς

285 2461 366 2525 είς
387 2463 560 2533 ὀσμὴν
582 2463 807 2528 εὐωδίας
834 2467 1259 2537 παραστήσομεν
1284 2468 1423 2521 αὑτά
1450 2467 1529 2537 τῷ
1550 2468 1669 2539 Θεῷ
1688 2485 1702 2534 ;
1720 2460 1860 2522 κατὰ

282 2552 412 2606 τίνα
432 2552 490 2605 δὲ
519 2552 718 2623 τρόπον
748 2554 1040 2624 εὐάρεστον
1068 2554 1222 2608 ἔσται
1246 2556 1308 2608 τὸ
1335 2556 1401 2608 δι’
1438 2550 1500 2608 οῦ
1529 2556 1860 2627 κατακεκρί-

289 2642 458 2713 μεθα;
488 2644 522 2715 ἢ
562 2646 716 2697 ποῖον
739 2644 876 2707 ὅλως
899 2646 1102 2716 ἀρετῆς
1120 2646 1426 2712 έπιδέξεται
1450 2646 1651 2718 τρόπον
1683 2648 1744 2699 τὸ
1767 2664 1859 2700 κου

284 2734 470 2799 λάξειν
506 2737 767 2805 πεφυκὸς,
794 2740 887 2791 καὶ
924 2738 1080 2809 ῥίζαν
1110 2739 1230 2809 ἔχον
1256 2739 1354 2809 τὴν
1387 2741 1693 2810 ἁμαρτίανς

360 2910 449 2975 ις’.
483 2912 686 2964 ΑΛΛΟ.
711 2912 869 2966 Κατὰ
893 2913 1073 2983 πάσης
1118 2914 1496 2985 ἐκτεινομένην
1521 2915 1619 2985 τῆς
1655 2913 1863 2985 ἀνθρώ-

288 3018 391 3055 mu
412 3001 625 3072 φύσεως
642 3003 739 3074 τὴν
775 3003 998 3074 φθορὰν,
1018 3005 1106 3059 διὰ
1132 3005 1231 3075 τὴν
1264 3008 1322 3057 ὲν
1350 3005 1522 3073 Ἀδὰμ
1554 3005 1863 3076 παράϐασιν

286 3094 638 3147 ιπιδεικνύων
680 3096 709 3148 6
737 3095 966 3162 Παῦλος,
998 3096 1179 3164 φησίν·
1218 3117 1237 3147 ι
1290 3096 1425 3150 Ἀλλ’
1469 3097 1809 3150 ἐϐασίλευσεν
1834 3100 1863 3150 6

1957 645 2124 698 mium
2148 655 2202 700 et
2227 662 2408 717 pretia.

2031 742 2116 795 15.
2152 742 2383 798 ALIUD.
2411 743 2614 797 Eorum
2650 759 2772 815 qua:
2801 744 3037 815 quisque
3069 744 3123 797 in
3159 743 3267 797 vita
3295 745 3525 813 patrarit

1957 831 2254 901 aliquando
2283 833 2726 904 disquisitionem
2769 834 2882 889 fore
2926 834 3069 905 apud
3135 833 3228 890 Dei
3280 836 3525 890 tribunal

1957 922 2159 979 Paulus
2181 926 2438 989 edocens,
2470 927 2583 981 ait:
2626 944 2645 977 ι
2703 924 2905 981 Omnes
2960 927 3105 980 enim
3154 942 3258 982 nos
3297 925 3525 981 manife-

1958 1018 2093 1070 stari
2116 1026 2331 1087 oportet
2353 1026 2479 1073 ante
2510 1017 2749 1072 tribunal
2770 1016 2974 1071 Christi
2997 1056 3011 1081 ,
3044 1025 3101 1070 ut
3121 1016 3321 1072 referat
3357 1033 3526 1072 unus-

1957 1105 2190 1176 quisque
2222 1106 2437 1177 propria
2456 1106 2722 1177 corporis,
2753 1112 2914 1175 prout
2935 1104 3127 1175 gessit,
3154 1106 3268 1158 sive
3294 1105 3520 1167 bonum,

1959 1193 2077 1248 sive
2101 1194 2298 1248 malum
2327 1196 2368 1248 ⁸.
2415 1214 2434 1246 ι
2468 1194 2524 1249 Si
2550 1208 2680 1248 vero
2712 1208 2811 1263 pro
2838 1193 2971 1249 solis
2993 1194 3240 1258 corporis
3267 1196 3526 1263 Operibus

1959 1285 2182 1353 punitur
2229 1286 2448 1356 aliquis,
2486 1293 2578 1341 aut
2628 1302 2728 1355 pro
2784 1301 2849 1340 eo
2904 1301 2967 1339 ac
2999 1286 3154 1340 decet
3200 1286 3524 1349 honoratur,

1961 1377 2110 1431 nulla
2141 1386 2320 1431 autem
2348 1378 2766 1447 praecedentium
2807 1387 3152 1446 peccatorum
3194 1378 3399 1431 mentio
3436 1376 3526 1433 Iu-

1961 1477 2084 1523 tura
2114 1480 2217 1529 est.
2263 1484 2363 1523 nec
2406 1470 2461 1523 in
2500 1485 2563 1524 ea
2608 1484 2728 1538 quze
2767 1476 2893 1523 ante
2931 1483 3135 1538 corpus
3192 1478 3341 1539 gesta
3397 1476 3527 1522 sunt

1962 1559 2308 1628 inquiretur:
2344 1561 2618 1631 quomodo
2652 1576 2782 1630 ergo
2808 1571 2934 1613 ante
2962 1576 3163 1629 c0rpus
3192 1559 3294 1613 fuit.
3324 1560 3525 1621 anima,

1963 1660 2055 1702 aut
2085 1652 2361 1720 quomodo
2409 1651 2667 1721 depressa
2700 1660 2784 1707 est
2830 1650 2900 1704 ob
2956 1662 3261 1720 peccatum,
3298 1658 3353 1702 ut
3387 1666 3527 1703 non-

1962 1742 2095 1794 nttlli
2124 1742 2336 1804 volunt,
2373 1743 2458 1794 cui
2516 1752 2731 1810 tempus
2786 1743 3163 1795 tantummodo
3212 1741 3343 1794 illud
3402 1757 3525 1794 cum

1962 1848 2127 1887 carne
2160 1833 2536 1902 praescribitur
2557 1848 2622 1887 ex
2650 1847 2716 1887 eo
2746 1834 2892 1902 quod
2917 1848 2978 1887 ea
3011 1832 3357 1888 solummodo
3381 1849 3526 1901 qme-

1960 1932 2155 1978 runtur
2182 1940 2302 1993 quae
2322 1940 2415 1993 per
2445 1939 2664 1978 carnem
2692 1924 2955 1979 admisit?

2028 2010 2113 2065 l6.
2142 2009 2373 2064 ALIUD.
2410 2010 2464 2064 Si
2500 2011 2570 2064 ob
2616 2012 2888 2080 praeterita
2935 2019 3158 2079 peccata
3202 2010 3526 2078 corporibus

1957 2100 2187 2155 addicta!
2211 2110 2340 2155 sunt
2368 2102 2581 2163 animae,
2602 2102 2879 2171 quomodo
2900 2100 3103 2179 Paulus
3120 2100 3277 2154 nobis
3298 2102 3495 2154 scribit

1964 2211 1983 2244 ι
2019 2192 2282 2249 Exhibete
2310 2208 2545 2263 corpora
2576 2201 2752 2249 vestra
2784 2195 3015 2249 hostiam
3050 2194 3345 2253 viventem.
3394 2208 3523 2246 san-

1957 2291 2127 2347 ctam,
2160 2284 2269 2339 Deo
2305 2286 2605 2353 placentem
2632 2285 2672 2338 ⁸.
2716 2305 2735 2336 ι
2777 2283 2834 2338 Si
2867 2284 3012 2337 enim
3047 2284 3113 2337 ad
3152 2298 3368 2352 poenam
3399 2284 3526 2338 data

1958 2381 2085 2428 sunt
2110 2388 2341 2442 corpora
2371 2375 2583 2429 miseris
2604 2374 2912 2439 animabus,
2932 2375 3205 2443 quomodo
3225 2374 3277 2426 in
3302 2374 3525 2427 odorem

1955 2465 2242 2519 suavitatis
2286 2479 2350 2519 ea
2403 2465 2511 2518 Deo
2561 2464 2993 2520 exhibebimus?
3047 2472 3139 2517 aut
3203 2479 3312 2534 quo
3370 2472 3528 2533 pacto

1958 2567 2170 2623 gratum
2200 2563 2254 2609 et
2306 2563 2589 2624 acceptum
2632 2556 2738 2609 erit
2772 2556 2904 2608 illud
2942 2571 3039 2624 per
3089 2554 3236 2624 quod
3283 2554 3529 2608 damnati

1959 2647 2195 2702 sumus?
2233 2656 2329 2701 aut
2356 2662 2518 2716 quam
2548 2647 2769 2701 virtutis
2795 2649 3058 2702 rationem
3094 2647 3410 2701 habiturum
3443 2654 3531 2701 est

1961 2740 2011 2792 id
2037 2739 2181 2808 quod
2214 2754 2389 2808 preme
2418 2747 2469 2793 et
2500 2740 2774 2809 supplicio
2810 2739 2970 2793 nobis
3026 2744 3132 2801 est,
3173 2744 3227 2792 et
3256 2740 3341 2791 cui
3373 2737 3528 2791 radix

1960 2838 2045 2884 est
2076 2838 2358 2899 peccatum
2383 2830 2407 2881 ?

2033 2919 2119 2972 17.
2161 2917 2393 2973 ALIUD.
2425 2918 2843 2988 Corruptionem
2877 2933 2973 2988 per
3009 2919 3317 2974 universam
3350 2918 3529 2973 homi-

1970 3010 2056 3063 nis
2106 3017 2354 3063 naturam
2382 3018 2663 3065 extensam
2697 3012 2768 3065 ob
2809 3010 3432 3081 “transgressionem
3471 3011 3525 3065 in

1962 3099 2130 3153 Adam
2164 3098 2365 3154 Paulus
2395 3102 2711 3165 ostendens,
2748 3101 2818 3154 ait
2851 3120 2864 3155 :
2896 3120 2913 3151 ι
2956 3100 3060 3155 Sed
3096 3103 3343 3170 regnavit
3378 3118 3528 3154 mors

286 3185 514 3249 θάνατος
530 3184 639 3239 ἀπὸ
678 3187 847 3257 ’Δδὰμ
876 3188 1037 3256 μέχρι
1068 3188 1331 3250 Μωσέως,
1370 3189 1464 3240 καὶ
1495 3188 1586 3240 ἐπὶ
1616 3189 1741 3249 τοὺς
1787 3186 1857 3257 μὴ

1963 3189 2033 3242 ab
2062 3190 2230 3242 Adam
2264 3206 2438 3259 usque
2479 3191 2545 3243 ad
2577 3190 2825 3261 Moysen,
2861 3192 3023 3246 etiam
3062 3191 3114 3245 in
3159 3207 3253 3246 eos
3283 3193 3374 3261 qui
3417 3209 3526 3247 non

284 3276 730 3349 ἁμαρτήσαντας,
774 3278 866 3331 ἐπὶ
888 3279 965 3347 τῷ
998 3278 1305 3348 ὁμοιώματι
1351 3280 1449 3348 τῆς
1494 3278 1858 3349 παραϐάσεως

287 3368 376 3421 τοῦ
422 3368 609 3439 Ἀδάμ.
647 3388 664 3419 ι
709 3369 830 3433 Πῶς
876 3365 970 3423 οὖν
1005 3372 1111 3440 ἄρα
1157 3370 1310 3440 φησὶ,
1351 3370 1444 3423 καὶ
1485 3369 1576 3421 ἐπὶ
1611 3370 1737 3431 τοὺς
1783 3368 1857 3439 μὴ

282 3459 706 3529 ἁμαρτήσαντας
771 3458 1075 3528 βασιλεύειν
1132 3460 1223 3512 τὸν
1261 3461 1508 3523 θάνατον,
1576 3460 1735 3529 εἴπερ
1793 3461 1857 3513 ἐκ

284 3548 670 3619 πρεσϐυτέρων
701 3549 1111 3620 ἁμαρτημάτων
1139 3550 1199 3602 τὸ
1221 3550 1561 3620 ἀποθνῆσκον
1604 3552 1737 3620 ἡμῖν
1766 3553 1855 3605 δέ-

283 3637 434 3691 δοται
461 3637 648 3707 σῶμα;
690 3637 797 3691 Ποῦ
829 3638 936 3709 γάρ
972 3639 1108 3701 ὅλως
1135 3640 1186 3691 οἱ
1232 3639 1307 3711 μὴ
1336 3640 1773 3711 άμαρτήσαντες,
1809 3645 1857 3697 εί

284 3727 410 3796 δίκη
433 3728 784 3797 πταισμάτων
821 3731 853 3799 ὴ
886 3730 1178 3800 σάρκωσις,
1206 3729 1380 3782 καὶτὸ
1411 3733 1468 3781 ὲν
1497 3730 1631 3800 τῷδε
1650 3731 1728 3801 τῷ
1757 3731 1857 3802 βίῳ

206 3826 209 3829 ’
287 3815 536 3883 γενέσθαι
613 3818 749 3886 μετὰ
810 3816 1090 3881 σώματος,
1155 3818 1551 3886 προανατέλλον
1611 3819 1724 3889 ἔχει
1796 3821 1859 3874 τὸ

285 3906 573 3977 ἐγκλημα;
617 3908 849 3979 ’Δμαθὲς
882 3904 977 3961 οὖν
1003 3909 1111 3980 ἄρα
1138 3907 1246 3961 τῶν
1281 3907 1349 3961 δι’
1370 3909 1618 3973 ἐναντίας
1635 3910 1695 3963 τὸ
1723 3912 1857 3981 πρό-

284 3996 384 4067 ϐλη
393 3999 504 4067 μα.⁸

377 4087 448 4158 η’.
471 4086 676 4143 AAAO.
702 4090 1056 4161 Προσήγαγόν
1086 4106 1215 4142 ποτε
1246 4088 1323 4160 τῷ
1346 4091 1556 4161 Σωτῆρι
1587 4092 1779 4145 πεῦσιν
1807 4109 1856 4146 οι

288 4180 530 4250 μαθηταὶ
568 4181 696 4250 περί
739 4198 881 4243 τινος
918 4181 1028 4232 τῶν
1064 4182 1127 4233 ὲκ
1156 4182 1379 4251 γενετῆς
1408 4183 1644 4251 τυφλῶν,
1677 4185 1771 4237 καὶ
1792 4184 1855 4254 δὴ

284 4273 379 4325 καὶ
410 4270 663 4338 ἔφασκονσ
685 4290 703 4322 ι
737 4270 942 4335 Ῥαϐϐὶ,
965 4273 1045 4334 τίς
1073 4269 1525 4343 ἦμαρτεν,οὖτος,
1553 4274 1585 4344 ἢ
1611 4277 1659 4326 οἱ
1682 4278 1856 4343 γονεῖς

282 4361 471 4423 υᾶτοῦ,
505 4361 590 4414 ἵνα
615 4361 811 4430 τυφλὸς
838 4362 1066 4433 γεννηθῇ
1093 4381 1107 4428 ;
1148 4382 1167 4414 ι
1203 4364 1416 4434 Ἐπειδὴ
1440 4363 1547 4433 γὰρ
1573 4367 1631 4417 ὲν
1653 4382 1854 4435 προφηο

284 4455 455 4516 τικοῖς
479 4452 887 4523 ἀναγέγραπται
906 4452 1081 4520 λόγοις
1107 4453 1234 4522 περὶ
1265 4452 1422 4516 Θεοῦ,
1447 4455 1523 4516 ὼς
1554 4454 1699 4507 ἔστιν
1728 4458 1857 4509 ἁπο-

1964 3289 2370 3347 peccaverunt,
2436 3281 2489 3333 in
2564 3280 2984 3335 similitudinem
3057 3284 3527 3351 praevaricationis

1960 3368 2146 3421 Adaa".
2183 3388 2201 3418 ι
2247 3367 2535 3434 Quomodo
2570 3370 2740 3439 igitur
2780 3372 2855 3423 ait
2890 3381 3119 3425 mortem
3156 3373 3319 3427 etiam
3348 3374 3399 3425 in
3431 3390 3528 3428 eos

1960 3472 2188 3525 regnare
2243 3459 2335 3527 qui
2394 3474 2503 3512 non
2569 3468 2954 3528 peccaverunt,
3018 3460 3063 3513 si
3116 3476 3181 3513 ex
3235 3462 3527 3530 praiteritis

1959 3551 2200 3619 peccatis
2257 3551 2486 3605 mortale
2545 3551 2705 3605 nobis
2747 3566 2949 3621 corpus
3005 3552 3190 3604 datum
3249 3554 3376 3606 est?
3422 3550 3523 3605 Ubi

1957 3640 2102 3693 enim
2125 3642 2391 3708 gentium,
2412 3655 2620 3710 quaiso,
2648 3649 2776 3696 sunt
2800 3641 2875 3693 illi
2900 3642 2990 3710 qui
3010 3657 3116 3694 non
3139 3654 3524 3710 peccaverunt,

1959 3732 2004 3785 si
2040 3740 2389 3800 peccatorum
2420 3746 2582 3800 ptena
2610 3741 2694 3786 est
2727 3733 2923 3785 anima:
2963 3746 3087 3783 cum
3122 3746 3349 3799 corpore
3391 3748 3523 3785 con-

1954 3823 2190 3891 iunctio,
2220 3832 2275 3879 et
2313 3823 2589 3877 sarcinam
2624 3824 2870 3891 corporis
2900 3824 2953 3875 in
2999 3822 3101 3875 hac
3134 3824 3242 3875 vita
3287 3832 3525 3891 gestare,

1959 3914 2319 3984 praecedentis
2364 3929 2523 3984 poena
2555 3922 2639 3969 est
2694 3914 2949 3982 peccati?
2993 3912 3180 3982 Inepta
3246 3913 3412 3981 igitur
3442 3925 3528 3969 est

1958 4006 2396 4062 adversariorum
2434 4006 2753 4076 propositio.

2031 4098 2114 4152 18.
2180 4096 2409 4152 ALIUD.
2472 4096 2731 4166 Discipuli
2783 4095 3061 4150 Christum
3116 4096 3525 4165 interrogarunt

1958 4191 2253 4259 aliquando
2276 4184 2342 4244 de
2368 4205 2512 4243 σα)ρο
2534 4190 2767 4259 quodam
2799 4204 2827 4241 a
2852 4188 3162 4250 nativitate,
3193 4188 3276 4241 his
3303 4188 3483 4242 verbis
3510 4209 3521 4242 :

1963 4298 1982 4331 ι
2024 4278 2221 4343 Rabbi,
2279 4279 2403 4347 quis
2440 4282 2730 4347 peccavit,
2768 4276 2878 4339 hic,
2934 4283 3027 4328 aut
3078 4284 3335 4345 parentes
3382 4276 3525 4344 ejus,

1960 4380 2019 4421 ut
2058 4384 2236 4422 caicus
2269 4378 2587 4422 nasceretur
2610 4366 2672 4419 οἳ)
2708 4386 2725 4416 ι
2771 4365 2908 4419 Cum
2957 4366 3103 4419 enim
3156 4366 3422 4435 scriptum
3455 4369 3527 4421 sit

1961 4463 2013 4514 in
2046 4462 2432 4530 prophetarum
2473 4459 2633 4511 libris
2682 4459 2749 4512 de
2801 4458 2934 4518 Deo,
2994 4457 3169 4525 ipsum
3225 4458 3530 4512 retribuere

282 4537 456 4607 διδοὺς
487 4542 756 4612 ἁμαρτίας
777 4544 1027 4613 πατέρων
1057 4544 1148 4597 ἐπὶ
1165 4546 1350 4609 τέκνα,
1397 4543 1555 4597 τοῦτο
1593 4546 1856 4598 πεπονθέ-

1962 4560 2182 4621 peccata
2216 4560 2428 4620 patrum
2472 4550 2525 4602 in
2566 4548 2707 4603 ﬁlios
2732 4550 2775 4610 ’,
2823 4547 2971 4601 istud
3026 4548 3275 4603 accidere
3320 4550 3526 4603 homini

283 4652 373 4688 ναι
400 4635 490 4687 τὸν
524 4635 805 4702 ἄνθρωπον
845 4635 1105 4688 ὑπενόουν
1125 4637 1174 4688 oi
1198 4635 1459 4705 μαθηταί.
1484 4636 1548 4687 Τί
1592 4633 1686 4688 οῦν
1719 4636 1855 4706 πρὸς

284 4724 457 4779 ταῦτα
480 4725 713 4796 Χριστός
734 4742 748 4790 ;
768 4744 786 4777 ι
822 4725 993 4796 Ἀμὴν
1020 4725 1163 4794 λέγω
1189 4727 1336 4796 ὑμῖν,
1355 4724 1478 4779 οὔτε
1506 4720 1657 4790 οὗτος
1673 4727 1856 4797 ἥμαρ-

284 4835 397 4880 τεν,
442 4816 567 4871 οὔτε
604 4820 653 4871 οἱ
702 4821 880 4886 γονεῖς
922 4817 1111 4884 αὐτοῦ,
1146 4818 1260 4871 ἀλλ’
1313 4820 1400 4872 ἵνα
1445 4818 1733 4890 φανερωθῇ
1788 4818 1855 4871 τὰ

283 4908 421 4977 ἔργα
467 4907 561 4962 τοῦ
628 4908 763 4961 Θεοῦ
824 4913 882 4962 ὲν
916 4909 1081 4979 αὐτῷ.
1123 4928 1141 4961 ι
1190 4908 1315 4973 Πῶς
1354 4905 1447 4963 οὖν
1497 4910 1601 4975 ἔξω
1644 4911 1855 4979 τίθησιν

283 5002 558 5071 ἁμαρτίας
572 5002 788 5065 αὐτοὺς,
824 5002 999 5055 καίτοι
1031 5000 1104 5071 μὴ
1137 5000 1294 5062 ὄντας
1326 5001 1689 5071 ἀνεγκλήτους
1711 5000 1853 5054 κατὰ

282 5092 373 5145 τὸν
402 5092 513 5162 βίον
539 5108 552 5155 ;
581 5092 889 5162 Ἄνθρωποι
928 5094 1032 5162 γὰρ
1069 5092 1240 5157 ὄντες,
1293 5091 1463 5163 ἔνοχοί
1494 5110 1597 5147 που
1638 5093 1854 5157 πάντως

281 5180 423 5254 ἦσαν
455 5184 551 5238 καὶ
609 5186 961 5253 πταίσμασιν.
1011 5186 1150 5237 Ἀλλ’
1195 5186 1309 5238 ἔστι
1352 5186 1613 5257 πρόδηλόν
1652 5204 1711 5238 τε
1759 5188 1854 5240 καὶ

286 5275 587 5343 συμφανὲς,
634 5276 825 5346 ὅτιπερ
860 5279 887 5328 6
920 5277 1073 5344 λόγος
1116 5278 1195 5340 εἰς
1225 5277 1313 5329 τὸν
1344 5279 1449 5348 πρὸ
1472 5280 1565 5348 τῆς
1592 5280 1855 5347 γενέσεως

286 5368 566 5421 ἀναϐαίνει
621 5369 830 5439 καιρὸν,
884 5368 1004 5421 καθ’
1049 5370 1107 5421 ὃν
1162 5368 1314 5421 οὔπω
1366 5372 1669 5438 γεγονότες,
1732 5371 1853 5423 οὐδὲ

286 5457 613 5528 ἡμάρτανον,
654 5460 741 5513 ἵνα
770 5460 863 5511 καὶ
886 5459 1123 5531 ἀληθεύῃ
1156 5460 1407 5531 Χριστός.

363 5550 448 5604 ιθ⁶.
480 5550 678 5605 ΑΛΛΟ.
727 5552 784 5603 Ὀ
823 5552 1089 5624 μακάριος
1139 5555 1422 5624 προφήτης
1468 5556 1717 5620 Ἡσαΐας,
1754 5556 1854 5627 τὴν

286 5640 464 5697 αἰτίαν
500 5641 593 5696 τοῦ
630 5643 957 5717 πεποιῆσθαι
999 5646 1097 5715 τὴν
1125 5646 1228 5717 γῆν
1266 5644 1649 5717 ἐξηγούμενος,
1686 5668 1704 5698 ι
1742 5649 1853 5702 Ούκ

355 5824 376 5854 ³
418 5822 456 5877 II
493 5822 619 5877 Cor.
658 5840 706 5887 ν,
746 5825 808 5879 ιο
908 5826 925 5853 ⁶
967 5824 1124 5879 Iiont.
1162 5842 1231 5880 xu
1257 5864 1270 5890 ,
1312 5827 1357 5881 I.

1437 5830 1452 5857 ⁷
1490 5826 1649 5883 Rom.
1684 5846 1752 5893 v,
1796 5830 1885 5891 Ii.

1956 4642 2212 4709 discipuli
2256 4640 2699 4709 suspicabantur.
2735 4638 2877 4703 Quid
2912 4652 3045 4706 ergo
3080 4636 3145 4690 ad
3206 4638 3321 4692 haec
3367 4637 3529 4690 Chri-

1958 4732 2122 4786 stus?
2152 4748 2171 4781 ι
2210 4731 2379 4785 Amen
2410 4731 2534 4785 dico
2568 4730 2747 4792 vobis,
2779 4743 2957 4797 neque
2994 4728 3081 4781 hic
3127 4727 3393 4796 peccavit,
3431 4742 3528 4781 ne-

1956 4839 2062 4892 que
2094 4830 2345 4892 parentes
2379 4821 2499 4889 ejus
2525 4839 2537 4874 :
2574 4820 2666 4875 sed
2694 4832 2752 4873 ut
2784 4819 3205 4874 manifestentur
3232 4833 3395 4886 opera
3432 4818 3522 4871 Dei

1958 4918 2013 4970 in
2044 4916 2138 4970 illo
2166 4915 2228 4967 '°.
2276 4933 2294 4966 ι
2339 4912 2624 4979 Quomodo
2678 4912 2845 4983 igitur
2882 4912 3086 4980 peccati
3121 4917 3371 4977 expertes
3402 4909 3525 4961 illos

1959 5010 2055 5071 ait,
2094 5007 2344 5078 quamvis
2374 5006 2428 5058 in
2470 5004 2576 5057 vita
2606 5003 3029 5071 reprehensione
3066 5016 3174 5053 non
3241 4998 3528 5051 carerent?

1959 5098 2118 5162 Nam,
2148 5098 2397 5151 homines
2430 5112 2551 5150 cum
2580 5104 2786 5155 essent,
2806 5093 3028 5147 obnoxii
3065 5092 3253 5159 utique
3289 5089 3527 5159 peccatis

1960 5199 2136 5243 erant.
2165 5186 2327 5257 Atqui
2358 5185 2706 5240 manifestum
2747 5192 2831 5237 est
2862 5180 3077 5235 Domini
3116 5180 3277 5233 verba
3327 5178 3525 5232 intelli—

1960 5278 2133 5348 genda
2163 5292 2287 5332 esse
2316 5276 2384 5331 de
2409 5288 2656 5346 tempore
2689 5273 2832 5344 quod
2858 5270 3196 5324 nativitatem
3222 5269 3523 5338 prmo-essu.

1961 5386 2093 5441 quo,
2129 5385 2252 5424 cum
2288 5368 2530 5424 nondum
2566 5376 2775 5429 essent,
2803 5367 2875 5419 ita
2912 5377 3087 5431 neque
3125 5370 3445 5432 peccarunt,
3468 5368 3527 5414 ut

1961 5480 2086 5520 vera
2111 5480 2328 5534 quoque
2358 5463 2562 5519 Christi
2605 5464 2673 5517 sit
2699 5460 2893 5515 oratio.

2034 5556 2119 5611 I9.
2148 5554 2375 5609 ALIUD.
2408 5556 2609 5608 Beatus
2647 5551 2908 5621 prapheta
2952 5547 3148 5612 Isaias,
3178 5560 3404 5602 causam
3456 5545 3525 5599 ob

1962 5664 2125 5719 quam
2164 5658 2309 5701 terra
2346 5646 2489 5699 facta
2531 5646 2602 5698 sit
2632 5658 2913 5713 exponens
2942 5661 2952 5695 :
2984 5660 3000 5691 ι
3065 5638 3182 5694 Non
3220 5638 3446 5695 frustra.
3502 5656 3520 5688 ι

2984 5821 3025 5849 ’⁸
3062 5819 3215 5874 Joan.
3255 5819 3415 5879 13,3.

1954 5830 1974 5861 ⁸
2012 5828 2171 5885 Joan.
2211 5844 2294 5891 ιχ,
2331 5827 2381 5879 2.
2459 5829 2477 5857 ³
2526 5823 2677 5877 Deut.
2716 5839 2812 5887 xx,
2851 5821 2903 5875 ὃ.
