4168 6582
651 438 754 494 N5

1669 437 1726 492 S.
1758 433 2030 492 CYRILLI
2055 427 2522 491 ALEXANDRINI
2575 425 2895 482 ARC‘IIIEP.

3796 422 3915 476 HI»

652 556 850 626 inquit,
875 574 892 606 ι
924 553 1054 610 fecit
1077 551 1336 620 eam,sed
1371 561 1430 609 ut
1457 554 1883 609 habitaretur“.
1914 574 1932 606 ι
1957 554 2217 609 llabitan-

2331 549 2398 611 εἰς
2437 545 2612 608 κενὸν,
2683 545 2870 613 φησὶν,
2937 542 3190 612 ἐπτοίησεν
3253 541 3446 611 αὐτὴν,
3503 539 3640 592 ἀλλά
3702 555 3913 592 κατοι-

653 651 720 702 da
753 655 933 702 autem
961 653 1080 701 erat
1113 647 1302 716 utique
1323 656 1492 710 terra,
1529 662 1637 702 non
1667 648 1828 702 nudis
1855 646 2014 716 plena
2054 645 2219 715 spiri-

653 740 826 804 tibus,
863 739 956 794 sed
1015 752 1192 806 neque
1225 738 1564 808 incorporeis
1605 748 1661 793 et
1715 738 2064 809 simplicibus
2102 736 2220 791 ani-

654 830 870 891 mabus,
929 826 1024 884 sed
1086 827 1435 897 corporibus,
1463 843 1590 898 quae
1641 839 1831 884 mutua
1865 829 2223 884 successione

655 920 746 973 illa
789 926 1094 972 uterentur.
1147 916 1414 973 Voluntas
1450 917 1638 986 itaque
1689 916 1876 972 divina
1933 917 2222 972 animabus

655 1008 915 1080 peccandi
951 1023 1119 1063 causa
1154 1017 1296 1075 erat,
1328 1016 1386 1062 ut
1416 1018 1470 1064 et
1502 1024 1801 1079 corporum
1837 1018 2034 1064 natura
2081 1009 2224 1064 exsi-

653 1109 845 1165 steret,
872 1108 927 1155 et
948 1100 1034 1156 sic
1069 1108 1218 1155 terra
1247 1102 1467 1156 demum
1518 1116 1632 1156 non
1683 1098 1890 1158 frustra
1921 1099 2066 1154 facta
2096 1114 2224 1157 esse

658 1190 959 1246 videretur.
995 1190 1104 1246 Sed
1135 1191 1240 1246 hoc
1267 1191 1569 1248 absurdum
1599 1210 1614 1245 :
1651 1197 1875 1248 prastat
1904 1189 2223 1246 iaiturcon-

656 1281 906 1336 trarium.

724 1372 818 1430 20.
853 1370 1086 1427 ALIUD.
1119 1370 1373 1428 Omnium
1402 1371 1605 1428 artifex
1644 1372 1914 1442 sapientia
1944 1371 2012 1428 de
2039 1371 2224 1440 seipsa

657 1465 712 1519 in
741 1464 885 1518 libro
908 1463 1334 1520 Prorerbiorum
1365 1463 1568 1517 alicubi
1602 1463 1716 1516 ait:
1753 1480 1771 1513 ι
1805 1462 1920 1531 Ego
1947 1476 2098 1517 eram
2130 1460 2220 1515 cui

657 1553 1001 1624 adguudebat
1047 1554 1335 1624 (universi
1389 1553 1652 1608 nimirum
1697 1552 1946 1623 opifex),
1977 1553 2225 1623 quotidie

658 1653 840 1694 autem
880 1641 1104 1695 laetabar
1132 1655 1318 1694 coram
1360 1655 1426 1695 eo
1484 1641 1630 1695 omni
1664 1649 1930 1711 tempore,
1977 1656 2104 1696 cum
2137 1643 2223 1695 la:-

657 1740 864 1784 tarctur
895 1731 1028 1785 orbe
1067 1729 1328 1800 perfecto,
1365 1731 1420 1785 in
1459 1730 1586 1785 filiis
1620 1731 1903 1787 hominum
1929 1732 1993 1786 “.
2031 1752 2048 1784 ι
2080 1731 2224 1786 Cum

655 1840 806 1888 ergo,
846 1824 1088 1894 perfecto
1112 1833 1379 1879 terrarum
1401 1824 1554 1887 orbe,
1587 1823 1828 1879 hominis
1865 1823 2223 1879 fabricatione

658 1914 803 1970 Deus
835 1915 992 1969 valde
1037 1915 1274 1978 laetetur,
1329 1913 1440 1985 85
1488 1913 1761 1984 quomodo
1806 1928 1916 1968 non
1981 1915 2087 1968 erit
2132 1915 2226 1969 ille

656 2003 1133 2069 dementissimus,
1195 2005 1292 2074 qui
1357 2004 1598 2074 peccatis
1659 2019 1893 2075 corpore
1948 2004 2226 2075 prioribus

657 2096 946 2150 obnoxiam
1016 2095 1254 2148 animam
1305 2109 1428 2150 esse
1483 2094 1652 2160 dicet,
1703 2109 1878 2165 eoque
1909 2096 2130 2150 nomine
2171 2097 2226 2154 in

657 2203 860 2256 corpus
893 2187 1172 2240 delrusam
1216 2187 1482 2242 scelerum
1530 2201 1754 2242 suorum
1805 2201 1998 2257 poenas
2037 2187 2230 2242 luere?

657 2278 919 2348 Nunquid
954 2279 1101 2332 enim
1132 2279 1375 2333 carceris
1417 2279 1602 2348 potius
1641 2293 1804 2347 quam
1839 2279 1992 2334 orbis
2048 2279 2228 2347 opifex

659 2371 766 2423 erit
804 2368 967 2433 Deus,
1010 2376 1065 2422 et
1105 2384 1324 2424 reorum
1361 2369 1636 2439 supplicio
1667 2378 1874 2425 temere
1923 2371 2230 2442 triumpha-

661 2462 739 2513 bit
762 2461 784 2512 ?
820 2462 888 2512 At
915 2460 1192 2528 quomodo
1215 2462 1394 2517 bonus
1417 2463 1509 2528 sit,
1535 2463 1632 2534 qui
1655 2463 1820 2520 rebus
1838 2471 1947 2517 tam
1969 2478 2000 2520 a
2019 2464 2230 2519 ratione

660 2551 858 2606 alienis
889 2553 1242 2607 oblectatur?
1266 2553 1430 2622 Atqui
1461 2554 1638 2610 bonus
1666 2562 1748 2608 est
1785 2551 1954 2619 Deus,
1989 2567 2056 2608 ac
2097 2568 2229 2623 pro-

663 2640 788 2695 inde
824 2643 1090 2696 bonorum
1123 2652 1314 2698 auctor
1344 2662 1359 2697 :
1387 2659 1494 2698 non
1520 2659 1651 2714 ergo
1681 2643 1748 2698 ad
1795 2657 2014 2715 poenam
2043 2643 2229 2702 datum

656 2741 743 2788 ρει
776 2748 978 2803 corpus
1015 2733 1232 2796 animae.

728 2908 818 2961 2|.
857 2907 1086 2964 ALIUD.
1128 2909 1185 2964 Si
1221 2910 1520 2965 criminum
1557 2916 1686 2966 ante
1749 2911 2090 2968 nativitatem
2137 2911 2230 2966 ad-

658 3002 956 3055 missorum
986 3015 1178 3070 pinnas
1205 3001 1302 3055 luit
1327 3001 1607 3056 hominum
1634 3001 1817 3058 anima
1833 3002 1961 3056 dum
1993 3002 2233 3072 illigatur

661 3089 900 3158 corpori,
949 3097 1003 3142 ct
1034 3104 1238 3158 corpus
1297 3091 1452 3145 eiad
1503 3092 1832 3162 supplicium
1883 3092 2072 3146 datum
2122 3099 2228 3156 est,

2321 637 2553 692 κεῖσθαι*
2593 656 2611 688 ›
2648 637 2754 690 ἔδει
2787 635 2842 688 δὲ
2881 635 3098 696 πάντως
3127 633 3502 687 κατοικεῖσθαι
3535 630 3636 703 τὴν
3671 631 3806 700 γῆν,
3839 629 3915 680 οὐ

2323 729 2593 801 πνεύμασι
2624 729 3007 799 πληρουμένην
3031 729 3279 796 γυμνοῖς,
3305 725 3420 778 ἀλλ’
3456 725 3579 778 οὐδὲ
3625 724 3915 794 ἀσάρκοις

2323 823 2417 875 καὶ
2478 822 2866 893 ἀναμφιέστοις
2921 819 3139 889 ψυχαῖς,
3189 817 3324 871 ἀλλά
3377 819 3490 880 τοῖς
3538 816 3918 885 καταλλήλας

2321 917 2460 987 αὐτῇ
2506 914 2869 988 κεχρημέναις
2914 911 3180 983 σώμασιν.
3225 907 3334 964 Ἦν
3369 906 3462 964 οὖν
3494 910 3602 981 ἄρα
3646 909 3918 979 βούλημα

2324 1005 2466 1058 θεῖον
2502 1006 2564 1058 τὸ
2593 1003 2846 1074 ἐνεργοῦν
2867 1004 2948 1064 εἰς
2983 1001 3042 1054 τὸ
3077 1002 3343 1071 ἁμαρτεῖν
3376 999 3580 1069 ψυχὰς,
3611 999 3700 1052 ἵνα
3742 1000 3849 1057 καὶ
3875 1000 3911 1066 ἡ

2322 1094 2431 1147 τῶν
2474 1092 2740 1163 σωμάτων
2772 1091 2992 1161 γένηται
3051 1089 3232 1158 φύσις,
3262 1087 3403 1141 οὕτω
3432 1105 3489 1141 τε
3529 1088 3736 1153 λοιπὸν,
3761 1089 3797 1156 ἡ
3831 1086 3916 1154 γῆ

2325 1185 2401 1255 μὴ
2427 1187 2505 1248 είς
2534 1184 2687 1237 κενὸν
2725 1182 2982 1250 φαίνηται
3017 1179 3378 1249 γεγενημένη.
3405 1177 3566 1232 Ἀλλά
3593 1177 3751 1232 τοῦτο
3773 1177 3914 1234 ἀτο-

2325 1292 2424 1328 πον
2455 1291 2468 1304 ο
2507 1276 2750 1344 κρεῖττον
2791 1269 2883 1326 οὖν
2911 1272 3022 1342 ἄρα
3045 1271 3106 1324 τὸ
3123 1271 3331 1341 ἕτερον.
3543 1287 3545 1289 ί

2395 1364 2462 1418 κ’.
2489 1366 2693 1418 AAAU.
2735 1363 2798 1415 Ἦ
2825 1362 3039 1415 πάντων
3071 1361 3304 1430 τεχνῖτις
3337 1359 3518 1429 σοφία,
3542 1360 3669 1429 περὶ
3695 1357 3916 1426 ἑαυτῆς

2324 1453 2427 1505 πού
2450 1468 2612 1522 φησιν
2649 1453 2707 1504 ὲν
2731 1450 2894 1520 βίϐλῳ
2918 1449 3246 1520 Παροιμιῶνσ
3267 1468 3285 1499 ε
3309 1448 3448 1517 Ἐγὼ
3480 1449 3647 1519 ήμην,
3740 1463 3918 1515 προσ-

2329 1545 2544 1616 ἑχαιρεν
2569 1563 2586 1594 υ
2629 1545 2658 1597 ό
2693 1543 2909 1597 πάντων
2931 1542 3170 1612 δηλονότι
3209 1540 3555 1611 δημιουργός·
3586 1559 3605 1591 ι
3623 1541 3748 1593 καθ’
3767 1539 3918 1612 ἠμέ-

2325 1653 2428 1707 ραν
2476 1634 2531 1688 δὲ
2573 1633 2945 1704 εὐφραινόμην
2996 1633 3055 1684 ὲν
3107 1629 3386 1703 προσώπῳ
3407 1629 3597 1695 αὐτοῦ,
3647 1631 3704 1682 ὲν
3736 1631 3918 1682 παντὶ

2325 1726 2523 1800 καιρῷ.
2565 1727 2653 1780 ὅτε
2693 1723 3018 1796 εὐφραίνετο
3049 1723 3148 1794 τὴν
3183 1723 3510 1796 οἰκουμένην
3555 1721 3914 1785 συντελέσας,

2327 1821 2419 1872 καί
2456 1817 2835 1890 ὲνευφραίνετο
2860 1817 2918 1869 ὲν
2951 1816 3087 1878 υἱοῖς
3127 1814 3448 1885 ἀνθρώπων.
3495 1833 3514 1866 ι
3558 1814 3691 1866 Ὅτε
3720 1813 3914 1866 τοίνυν

2249 1882 2299 1938 Β
2330 1882 2647 1970 συντελέσας
2679 1906 2778 1978 τὴν
2803 1905 3150 1976 οἰκουμένην,
3187 1882 3254 1975 τῇ
3283 1904 3377 1957 τοῦ
3419 1903 3706 1975 ἀνθρώπου
3740 1921 3920 1956 κατα-

2331 2003 2494 2072 σκευῇ
2510 2000 2629 2054 λίαν
2654 1999 2909 2069 ὲφήδεται
2936 1999 3088 2062 Θεὸς,
3117 1998 3232 2060 πῶς
3249 1998 3370 2068 οὐχὶ
3392 1998 3571 2068 πάσης
3594 1996 3701 2063 ἔξω
3725 1997 3916 2050 κείσε-

2327 2110 2417 2146 ται
2447 2091 2662 2162 φρενὸς,
2681 2092 2711 2143 ὁ
2736 2090 3182 2160 προγενεστέροις
3214 2091 3604 2160 ἁμαρτήμασιν
3631 2089 3919 2152 ὑποτιθεὶς

2327 2183 2426 2254 τὴν
2456 2181 2656 2252 ψυχὴν,
2677 2181 2767 2236 διά
2790 2198 2849 2234 τε
2877 2180 3034 2234 τοῦτο
3061 2179 3488 2251 σεσωματῶσθαι
3525 2179 3698 2248 λέγων
3713 2179 3915 2250 αὐτὴν,

2329 2276 2423 2327 καὶ
2453 2275 2597 2327 κατά
2633 2271 2824 2326 τοῦτον
2865 2271 3270 2345 τετιμωρῆσθαι
3298 2272 3389 2325 τὸν
3418 2270 3650 2342 τρόπονς
3698 2272 3767 2323 Ἦ
3799 2272 3918 2341 γὰρ

2326 2365 2447 2435 οὐχί
2480 2362 2852 2434 δεσμωτηρίου
2881 2363 3098 2434 μᾶλλον,
3132 2363 3277 2434 ἢπερ
3313 2362 3640 2433 αίκουμένης
3666 2361 3917 2433 ἐργάτης

2330 2456 2480 2509 ἔσται
2521 2455 2676 2518 Θεὸς,
2729 2453 3160 2528 εὐφρανθήσεται
3207 2453 3263 2506 δὲ
3303 2453 3633 2524 παραλόγως
3661 2454 3755 2505 ἐπὶ
3795 2456 3923 2515 τοῖς

2331 2544 2592 2614 ὑπέχουσι
2622 2544 2821 2609 δίκας;
2857 2543 2968 2596 Καὶ
3006 2541 3122 2606 πῶς
3161 2541 3228 2596 ἂν
3252 2541 3340 2612 εῐη
3383 2541 3565 2595 λοιπὸν
3587 2541 3788 2610 ἀγαθὸς
3826 2544 3925 2595 ἐπ’

2329 2634 2553 2696 ἀτόποις
2583 2632 2728 2686 οὕτω
2762 2631 3132 2703 γαννύμενος;
3177 2632 3336 2686 Ἀλλά
3365 2633 3476 2703 μήν
3501 2634 3649 2686 ἐστιν
3681 2633 3922 2702 ἀγαθὸς,

2330 2725 2420 2780 διά
2440 2742 2523 2778 τοι
2573 2723 2739 2779 τοῦτο
2795 2724 3024 2795 ποιητὴς
3073 2723 3312 2792 ἀγαθῶν·
3345 2725 3446 2780 οὐκ
3479 2724 3591 2796 ἀρα
3637 2727 3925 2796 τιμωρίας

2332 2816 2484 2870 ἔσται
2511 2815 2713 2888 τρόπος
2744 2817 2777 2885 ἡ
2807 2815 3102 2885 σάρκωσις.

2402 2907 2510 2962 κα’.
2542 2906 2756 2975 ΑΛΛΟ.
2815 2908 2875 2958 Ei
2921 2907 3406 2978 πλημμελημάτων
3463 2908 3562 2976 τῆς
3593 2909 3654 2960 ἐν
3719 2907 3926 2977 κόσμῳ

2332 2996 2602 3067 γενέσεως
2666 2995 3040 3066 ἀρχαιοτέρων
3101 2995 3484 3066 εἰσπράττεται
3543 2996 3700 3058 δίκας
3741 2998 3776 3065 ἡ
3817 2996 3924 3048 τοῦ

2334 3086 2624 3158 ἀνθρώπου
2661 3086 2812 3156 ψυχὴ
2841 3085 2931 3138 διὰ
2975 3086 3073 3155 τῆς
3105 3087 3184 3148 εἰς
3224 3085 3402 3158 σάρκα
3437 3086 3780 3157 συμπλοκῆς,
3817 3085 3926 3138 καὶ

661 3195 825 3248 quam
880 3179 950 3233 ob
1003 3194 1230 3235 causam
1279 3181 1490 3234 illatqu
1542 3190 1628 3235 est
1667 3180 1876 3235 mundo
1937 3180 2228 3251 impiorum

2332 3179 2601 3250 τιμωρίας
2651 3180 2838 3249 ἐπέχει
2887 3178 2947 3230 τὸ
3005 3177 3164 3247 σῶμα
3212 3178 3369 3246 λόγον
3402 3178 3580 3250 αὐτῇ,
3633 3177 3722 3230 διὰ
3753 3178 3926 3230 ⁸ιιποίιιιν

662 3269 950 3334 diluvium,
983 3278 1036 3323 et
1061 3269 1250 3340 justus
1281 3270 1394 3326 Noe
1439 3279 1690 3327 servatus
1718 3281 1824 3338 est,
1855 3279 2020 3344 atque
2066 3272 2170 3326 hoc
2197 3287 2230 3326 a

664 3359 774 3416 Dco
800 3359 919 3416 fidei
951 3377 1065 3418 sum
1100 3363 1381 3433 praemium
1411 3363 1640 3417 retulit?
1681 3363 1932 3432 Nunquid
1967 3363 2112 3418 enim
2145 3376 2235 3417 sa-

662 3451 772 3506 tius
801 3461 920 3507 erat
959 3467 1185 3507 summa:
1228 3453 1527 3524 impietatis
1577 3467 1700 3507 reos
1751 3453 1966 3508 diutius
2006 3452 2062 3506 in
2110 3467 2236 3507 cor-

661 3557 796 3616 pore
831 3543 1058 3606 haerere,
1089 3549 1149 3595 ut
1185 3543 1406 3612 gravius
1443 3543 1803 3610 punirentur,
1850 3543 2025 3599 bonos
2051 3553 2233 3600 autem

661 3636 744 3690 eis
773 3632 1005 3701 exsolvi,
1033 3639 1088 3686 et
1119 3646 1233 3685 suae
1261 3647 1388 3701 erga
1413 3631 1580 3687 Deum
1609 3632 1831 3700 pietatis
1864 3633 2006 3686 hanc
2027 3633 2235 3688 referre

655 3722 993 3788 mercedem,
1021 3731 1082 3776 ut
1109 3723 1516 3791 quamprimum
1551 3737 1617 3777 ex
1644 3737 1709 3778 eo
1756 3723 2138 3778 discederent?
2162 3725 2235 3778 At

656 3817 859 3888 opinor
891 3815 1134 3870 universi
1165 3811 1440 3882 opificem,
1471 3813 1658 3886 justo;
1686 3829 1811 3868 cum
1841 3814 1934 3876 sit,
1970 3814 2118 3886 quod
2143 3814 2235 3884 jus

661 3918 717 3964 et
773 3921 987 3977 aequum
1017 3911 1101 3959 est
1139 3905 1194 3958 in
1228 3919 1672 3974 unumquemque
1703 3905 2040 3962 decernere:
2073 3915 2236 3977 atque

663 3999 870 4053 idcirco
923 4001 1100 4050 morte
1156 4009 1421 4065 corporea
1455 4004 1644 4050 sontes
1689 3995 1907 4066 punire,
1941 4007 1994 4051 et
2041 4006 2235 4052 contra

661 4090 775 4144 vita
805 4087 1055 4157 corporis
1078 4084 1264 4154 justos
1286 4085 1615 4141 exhilarare.
1646 4084 1767 4140 Non
1799 4101 1930 4156 ergo
1953 4089 2078 4142 data
2105 4096 2235 4142 sunt

665 4179 949 4234 hominum
981 4176 1273 4232 animabus
1320 4175 1387 4232 ad
1423 4192 1640 4246 paruam
1683 4193 1937 4248 corpora,
1987 4194 2056 4234 ne
2087 4179 2233 4250 inju-

663 4283 784 4326 slus
817 4269 962 4324 Deus
1003 4267 1275 4329 videatur,
1321 4268 1500 4340 gratia
1553 4269 1781 4338 impium
1834 4270 2137 4340 puniendo,
2181 4281 2236 4328 et

663 4375 856 4418 contra
890 4375 1051 4431 poena
1073 4359 1281 4430 justum
1313 4359 1664 4414 honorando.

2337 3269 2536 3333 αἰτίαν,
2562 3270 2752 3340 κόσμῳ
2776 3270 2872 3339 μὲν
2896 3269 3108 3326 ἀσεῦῶν
3129 3270 3510 3339 κατακλυσμὸς
3530 3273 3923 3343 ὲπενήνεκται.

2337 3358 2568 3429 διεσώθη
2595 3360 2653 3414 δὲ
2693 3358 2899 3422 δίκαιος
2927 3357 3002 3413 ὢν
3031 3359 3059 3411 ό
3088 3359 3235 3426 Νῶε,
3271 3361 3366 3413 καὶ
3396 3360 3601 3431 ταύτην
3626 3361 3740 3433 ἔχει
3766 3363 3926 3432 παρὰ

2339 3450 2477 3504 Θεοῦ
2504 3452 2603 3521 τῆς
2651 3450 2884 3514 πίστεως
2912 3449 3010 3520 τὴν
3041 3451 3307 3505 ἀντίδοσιν
3331 3470 3348 3519 ;
3383 3451 3456 3506 Ἦ
3486 3453 3591 3525 γὰρ
3620 3456 3740 3524 οὐχί
3778 3454 3924 3525 μάλα·

2339 3542 2430 3595 λον
2463 3543 2628 3613 ἐχρῆν
2655 3544 2781 3605 τοὺς
2813 3541 2912 3612 μὲν
2939 3543 3192 3614 ἀφόρητα
3217 3543 3682 3611 δυσσεϐήσαντας,
3709 3564 3922 3617 μακρο-

2338 3635 2532 3706 τέρους
2562 3635 2626 3687 ὲν
2652 3634 2866 3704 σώματι
2894 3635 3245 3706 κατατρίϐειν
3273 3636 3517 3707 χρόνους,
3540 3637 3627 3690 ἵνα
3656 3638 3924 3708 μειζόνως

2335 3723 2710 3789 κολάζωνται,
2755 3725 2969 3796 δεσμῶν
3011 3727 3069 3780 δὲ
3110 3727 3221 3781 τῶν
3260 3728 3368 3780 ἀπὸ
3418 3729 3623 3799 σαρκὸς
3669 3729 3925 3784 ἀνίεσθαι

2331 3815 2461 3879 τοὺς
2488 3813 2727 3882 ἀγαθοὺς
2744 3853 2760 3878 ,
2815 3814 2914 3870 καὶ
2959 3815 3062 3886 τῆς
3111 3816 3249 3889 πρὸς
3293 3816 3426 3870 Θεὸν
3451 3818 3733 3883 εὐσεϐείας
3771 3821 3924 3872 ἀντι-

2346 3905 2672 3979 κομίζεσθαι
2691 3908 2859 3980 γέρας
2873 3907 2970 3979 τὴν
2991 3909 3056 3961 ὲκ
3085 3907 3335 3979 σώματος
3361 3910 3718 3982 ἁποφοίτησιν
3739 3929 3752 3975 ;
3777 3911 3922 3964 Ἀλλ’

2337 3994 2513 4069 οἶμαι,
2543 3997 2752 4052 δίκαιον
2794 3996 2925 4050 ὅντα
2970 3999 3060 4051 τὸν
3107 3998 3366 4053 ἀπάντων
3405 3999 3770 4072 δημιουργὸν,
3821 4002 3923 4071 τὴν

2342 4089 2557 4158 ἑκάστῳ
2596 4087 3046 4158 χρεωστουμένην
3071 4088 3316 4158 τάγματι
3362 4089 3541 4160 ψῆφον
3574 4092 3919 4159 ἐπενεγκεῖν.

2357 4179 2574 4251 Ἐπειδὴ
2614 4179 2671 4234 δὲ
2708 4178 2917 4242 δίκαιος
2965 4178 3045 4232 ,ὢν
3073 4179 3294 4251 ,θανάτῳ
3327 4182 3428 4251 μὲν
3465 4181 3546 4253 τῷ
3586 4183 3686 4252 τῆς
3717 4184 3922 4254 σαρκὸς

2342 4270 2563 4334 κολάζει
2612 4269 2705 4324 τὸν
2751 4269 3068 4340 παράνομον
3088 4311 3104 4336 ,
3155 4270 3266 4342 ζωῇ
3319 4272 3377 4325 δὲ
3426 4273 3588 4327 πάλιν
3652 4277 3717 4344 τῇ
3781 4276 3920 4344 μετά

2343 4362 2598 4434 σώματος
2633 4361 2920 4432 εὐφραίνει
2962 4362 3053 4415 τὸν
3075 4362 3315 4429 δίκαιον,
3358 4365 3420 4417 οὐ
3461 4365 3684 4430 κόλασις
3711 4367 3818 4436 ἄρα
3854 4367 3924 4420 τὰ

666 4455 896 4522 σώματα
933 4453 1052 4514 ταῖς
1078 4451 1186 4505 τῶν
1223 4449 1526 4522 ἀνθρώπων
1569 4450 1768 4522 ψυχαῖς
1792 4491 1808 4519 ,
1845 4451 1932 4506 ἵνα
1965 4451 2040 4524 μὴ
2106 4453 2288 4520 ἄδικος
2365 4453 2625 4523 φαίνηται
2687 4452 2848 4519 Θεὸς,
2905 4451 3090 4523 χάριτι
3142 4454 3242 4523 μὲν
3290 4455 3534 4520 κολάζων
3586 4457 3678 4511 τὸν
3729 4459 3920 4529 ἀσεϐῆ,

663 4545 840 4613 τιμῶν
871 4544 927 4598 δὲ
957 4544 1118 4598 πάλιν
1149 4544 1367 4598 κολάσει
1396 4543 1486 4598 τὸν
1519 4543 1746 4600 δίκαιον.

735 4635 828 4687 τε.
861 4633 1095 4688 ALIUD.
1138 4635 1196 4690 Si
1225 4636 1625 4706 praeteritorum
1651 4647 2002 4707 peccatorum
2041 4655 2230 4710 poenas

2409 4632 2514 4703 κβ’.
2564 4635 2772 4690 ΔΛΔΟ.
2809 4635 2876 4689 El
2924 4639 3365 4709 προγενεστέρων
3418 4645 3774 4714 πταισμάτων
3829 4649 3927 4700 ὲκ-

667 4725 863 4781 datura
891 4726 945 4777 in
975 4740 1198 4782 carnem
1225 4734 1280 4780 et
1305 4741 1508 4796 corpus
1538 4726 1718 4784 anima
1751 4729 2054 4795 descendit,
2102 4747 2238 4801 quo-

665 4813 832 4869 modo
871 4811 1124 4868 Salvator
1175 4814 1442 4870 Lazarum
1499 4832 1660 4886 quem
1703 4819 1922 4877 amabat
1955 4821 2236 4888 excitavit,

663 4913 720 4959 et
749 4903 982 4960 vinculis
1013 4903 1183 4960 semel
1207 4905 1446 4959 solutum
1487 4921 1683 4964 rursus
1710 4906 1778 4961 ad
1799 4923 1864 4966 ca
1899 4909 2089 4966 redire
2144 4926 2241 4971 co-

668 4995 782 5064 egit
809 4993 852 5024 "
875 4994 898 5047 ?
919 4995 1086 5066 Atqui
1122 4994 1188 5048 ad
1221 4995 1342 5064 ejus
1392 4997 1686 5052 utilitatem
1719 4998 1773 5052 id
1801 4999 1933 5054 fecit
1951 4999 2239 5068 Christus,

667 5099 906 5154 curnque
927 5092 986 5140 ut
1009 5086 1245 5140 amicum
1272 5087 1579 5150 honoravit,
1603 5089 1894 5145 excitando
1917 5107 1951 5145 .e
1982 5093 2238 5156 mortuis.

672 5175 854 5232 inanis
882 5191 1013 5248 ergo
1038 5183 1123 5232 est
1156 5177 1598 5234 adversariorum
1635 5181 1959 5250 prapositio.

740 5352 832 5406 25.
895 5351 1125 5407 ALIUD.
1174 5353 1255 5418 Si,
1303 5354 1762 5428 quemadmodum
1819 5355 1894 5407 illi
1951 5362 2245 5422 nugatores

2338 4725 2562 4779 τίσουσα
2589 4725 2769 4789 δίκας,
2799 4726 2882 4788 εἰς
2921 4726 3098 4796 σάρκα
3129 4731 3224 4780 καὶ
3258 4729 3416 4802 σῶμα
3465 4735 3844 4806 καταϐέϐηκεν
3889 4740 3924 4809 η

2339 4814 2523 4886 ψυχὴ,
2579 4815 2696 4878 πῶς
2745 4817 2918 4885 ἐφίλει
2970 4818 3061 4873 τὸν
3101 4821 3353 4892 Λάζαρον
3397 4825 3712 4897 ἀναστήσας
3759 4829 3927 4882 αὐτὸν

2333 4908 2368 4961 »ὁ
2397 4905 2619 4976 Σωτὴρ,
2651 4908 2746 4959 καὶ
2780 4907 2872 4961 τὸν
2923 4908 3070 4976 ἅπαξ
3116 4911 3329 4982 δεσμῶν
3368 4914 3585 4980 ἀνέντα,
3633 4919 3924 4991 παλινδρο-

2336 5000 2466 5067 μεῖν
2495 4998 2574 5059 εἰς
2597 4997 3167 5067 αὐτούςάναγκάσας;
3208 5002 3347 5056 Ἀλλ’
3379 5003 3646 5078 ἔπραττεν
3675 5009 3923 5077 ὠφελῶν,

2351 5089 2443 5146 καὶ
2470 5089 2545 5150 ὡς
2579 5087 2732 5156 φίλον
2756 5089 2924 5159 ἐτίμα
2961 5091 3052 5144 τὸν
3090 5092 3360 5148 τεθνεῶτα
3389 5097 3624 5166 Χριστὸς
3646 5098 3925 5167 διανιστὰς
3950 5093 3976 5131 ἰ

2341 5179 2414 5230 ἐκ
2461 5178 2704 5248 νεκρῶν·
2754 5183 2960 5238 εἰκαῖον
3003 5179 3096 5236 οὖν
3141 5185 3250 5255 ἄρα
3301 5187 3410 5242 τῶν
3450 5189 3517 5242 δι’
3559 5192 3819 5246 ἐναντίων
3861 5195 3925 5248 τὸ

2352 5269 2557 5341 πρόὸλη
2567 5289 2661 5340 μα.

2421 5362 2526 5428 κγ’.
2559 5364 2759 5420 ΑΛΛΟ.
2794 5366 2876 5426 Εἰ.
2909 5368 3160 5443 καθάπερ
3187 5375 3383 5426 ἐκεῖνοι
3411 5374 3705 5445 ληροῦντές
3734 5393 3924 5444 φασιν,

672 5443 850 5504 aiunt,
881 5457 1054 5512 poenae
1085 5443 1204 5499 loco
1232 5450 1416 5499 datum
1442 5453 1526 5500 est
1557 5459 1761 5512 corpus
1807 5445 2024 5506 animae,
2081 5445 2230 5512 idqui

2349 5451 2424 5515 ὡς
2459 5455 2514 5506 ὲν
2539 5454 2689 5519 τάξει
2727 5458 2994 5527 τιμωρίας
3019 5460 3226 5515 δέδοται
3253 5465 3315 5516 τὸ
3343 5443 3503 5534 σῶμα
3543 5467 3612 5536 τῇ
3643 5443 3811 5536 ψυχῇ,
3835 5466 3924 5531 διὰ

672 5533 1002 5604 supplicium
1033 5535 1102 5591 ob
1131 5540 1466 5605 praeteritum
1499 5537 1618 5605 ejus
1645 5548 1928 5605 peccaturo
1960 5537 2238 5606 excogita-

669 5633 785 5678 tum
815 5634 919 5690 est,
955 5637 1242 5696 peccatum
1267 5629 1634 5683 humanorum
1661 5642 1952 5698 corporum
1982 5637 2236 5683 naturam

745 5810 786 5842 ¹¹
825 5809 931 5864 lsa.
971 5823 1092 5870 xu,
1136 5806 1217 5860 l8.

2349 5542 2724 5612 πρεσϐυτέραν
2771 5546 2941 5614 αὐτῆς
2994 5547 3269 5620 ἁμαρτίαν
3313 5554 3630 5624 ὲπινοηθὲν,
3677 5554 3923 5624 ἁμαρτία

2348 5635 2443 5701 τὴν
2474 5633 2581 5684 τῶν
2619 5632 2976 5705 ἀνθρωπίνων
3008 5643 3276 5710 σωμάτων
3305 5647 3704 5718 παρεισήνεγκε
3733 5643 3919 5714 φύσιν.

1299 5807 1340 5835 ¹²
1380 5805 1540 5860 Prov.
1577 5821 1699 5870 vtu,
1733 5805 1832 5872 50,
1863 5807 1950 5860 3|.
2032 5808 2072 5839 ’³
2107 5807 2267 5863 Joan.
2305 5824 2392 5874 xl,
2433 5811 2658 5879 passim.

4095 1027 4097 1110 γ

4095 1237 4097 1348 l
