4168 6554
258 426 366 485 145

1357 431 1425 486 ΙΝ
1451 431 1737 488 JOANNIS
1775 430 2223 493 EVANGEUUM
2260 438 2384 495 LIB.
2410 442 2450 497 1.

3402 456 3502 511 Ηϐ

270 540 433 594 Ἀλλά
465 542 558 595 καὶ
599 541 761 596 πάλιν
802 544 1015 614 εἰσῆλθε
1043 544 1131 597 διὰ
1160 546 1255 614 τῆς
1300 547 1572 616 ἁμαρτίας
1604 550 1633 601 ὁ
1660 547 1822 601 θάνα-

1935 546 2164 605 invenit.
2207 552 2312 608 Sed
2338 562 2394 608 et
2421 570 2517 623 per
2544 569 2827 626 peccatum
2852 578 3002 619 mors
3034 579 3227 621 rursus
3256 569 3501 640 ingressa

256 647 349 695 τος
373 648 385 662 ο
419 633 554 704 αὑτὴ
600 634 888 705 τοιγαροῦν
922 636 1043 689 καθ’
1074 637 1273 707 ἑαυτῆς
1313 639 1345 707 ἡ
1378 640 1622 710 ἁμαρτία
1648 638 1832 692 λοιπὸν

257 721 617 787 ἐξοπλίζουσα
663 725 937 793 φαίνεται,
981 726 1181 779 λύουσα
1225 731 1338 791 τοῖς
1381 729 1629 800 ὑστέροις
1672 727 1743 782 τά
1773 730 1830 781 ὲν

257 813 442 884 ἀρχῇ,
487 815 579 868 καὶ
626 817 656 868 ὁ
700 817 940 879 Σατανᾶς
994 818 1079 886 ἀφ’
1129 819 1306 889 ἐαυτῷ
1365 821 1690 892 μεμέρισται
1742 820 1830 874 διὰ

256 903 440 957 τοῦτο.
482 923 501 955 t
546 904 668 968 Πῶς
715 903 809 958 οὖν
859 908 1182 978 σταθήσεται
1219 912 1250 979 ἡ
1294 910 1540 980 βασιλεία
1570 912 1771 978 αὑτοῦ,
1805 933 1822 964 ι

262 995 404 1048 κατά
438 996 538 1067 τὴν
573 996 667 1049 τοῦ
706 998 956 1068 Σωτῆρος
992 1002 1206 1071 φωνήν;
1256 1001 1415 1054 Ἀλλά
1453 1002 1557 1073 μὴν
1595 1003 1656 1056 τὸ
1686 1003 1828 1057 οὕτω

258 1088 416 1152 νοεῖν,
456 1086 735 1141 ἀπίθανον·
774 1090 972 1159 ἀληθὲς
1001 1087 1093 1145 οὖν
1119 1091 1227 1162 ἄρα
1258 1092 1319 1145 τὸ
1350 1092 1610 1146 ἐναντίον.

326 1178 421 1232 κδ’.
462 1180 663 1234 ΑΛΛΟ.
704 1182 925 1235 Ἔκτισε
956 1184 1086 1247 Θεὸς
1120 1186 1178 1237 ὲν
1212 1185 1490 1256 ἀφθαρσίᾳ
1530 1186 1599 1239 τά
1627 1184 1823 1239 πάντα.

260 1286 283 1319 ε
320 1269 426 1321 Καὶ
460 1269 690 1324 θάνατον
734 1273 831 1343 μὲν
859 1274 958 1327 οὐκ
991 1274 1247 1345 ἐποίησεν
1278 1276 1460 1340 αὐτὸς,
1503 1293 1524 1327 ι
1554 1275 1735 1345 φθόνῳ
1768 1276 1824 1328 δὲ

251 1360 495 1414 διασόλου
516 1362 741 1426 Θάνατος
764 1364 1010 1435 είσῆλοεν
1031 1368 1109 1428 είς
1131 1365 1220 1419 τὸν
1244 1366 1465 1436 κόσμον.
1505 1368 1646 1419 Ἀλλ’
1666 1368 1824 1439 εἴπερ

253 1452 401 1506 ἐστὶν
423 1453 642 1524 ἀληθὲς,
672 1453 748 1518 ὼς
782 1456 838 1508 ὲν
867 1455 1018 1520 τάξει
1044 1456 1314 1527 τιμωρίας
1334 1456 1541 1511 δέδοται
1573 1458 1635 1510 τὸ
1662 1458 1821 1529 σῶμα

252 1547 320 1615 τῇ
348 1544 441 1598 τοῦ
473 1545 759 1617 ἀνθρώπου
799 1548 977 1619 ψυχῇ,
1024 1550 1112 1602 διὰ
1146 1549 1302 1602 ποίαν
1334 1550 1512 1603 αίτίαν
1532 1589 1547 1613 ,
1580 1543 1625 1602 ὧ
1653 1546 1819 1614 οὗτοι,

250 1635 342 1686 τὸν
364 1634 458 1689 τοῦ
482 1634 727 1691 διαϐόλου
757 1639 951 1709 φθόνον
979 1641 1359 1711 αἰτιασόμεθα,
1388 1642 1449 1694 τὸ
1479 1642 1655 1711 πέρας
1688 1644 1820 1713 ἡμῖν

249 1725 359 1777 τῶν
389 1727 747 1800 ἀνθρωπίνων
777 1731 1121 1802 εἰσφέροντα,
1166 1735 1256 1786 καὶ
1293 1734 1355 1786 τὸ
1401 1734 1629 1800 κολάζον
1671 1738 1819 1809 ἡμᾶς

250 1818 581 1885 ἀφανίζοντα
620 1821 817 1892 σῶμα;
862 1824 954 1875 ὲπὶ
986 1824 1094 1876 τίσι
1122 1825 1179 1877 δὲ
1210 1825 1342 1889 ὅλως
1368 1826 1713 1898 ἀναθήσομεν
1742 1830 1817 1900 τῷ

250 1907 467 1979 Σωτῆρι
494 1911 563 1964 τά
591 1916 947 1986 χαριστήρια,
984 1916 1407 1987 προσδεσμοῦντι
1456 1893 1625 1973 πάλινί
1670 1893 1817 1991 ἡμᾶς
1851 1893 1893 1948 Β

249 2001 315 2070 τῇ
354 2002 518 2071 σαρκὶ
551 2003 638 2056 διά
670 2004 768 2074 τῆς
806 2006 1182 2071 ἀναστάσεως;
1226 2007 1384 2062 Ἀλλά
1433 2008 1542 2082 μὴν
1594 2013 1816 2082 εὐχαρι-

252 2090 520 2161 στοῦμεν,
561 2094 655 2146 καὶ
682 2094 951 2166 λελύπηκε
1005 2097 1103 2168 τὴν
1149 2096 1313 2167 φύσιν
1348 2102 1377 2153 6
1423 2101 1519 2154 τοῦ
1570 2101 1816 2158 διασόλου

249 2179 445 2247 φθόνος
470 2221 484 2244 ,
536 2182 870 2255 προξενήσας
922 2191 1035 2251 τοῖς
1073 2187 1288 2259 σώμασι
1332 2191 1430 2261 τὴν
1473 2192 1699 2264 φθοράν.
1741 2198 1815 2250 Οὐ

246 2273 448 2343 τρόπος
494 2274 602 2345 ἄρα
648 2279 919 2348 τιμωρίας
958 2281 1019 2334 τὸ
1065 2282 1226 2353 σῶμά
1275 2286 1461 2351 ἐστιν,
1521 2286 1639 2340 ἀλλ’
1695 2289 1817 2343 οὐδὲ

246 2363 481 2435 ἀρχαίας
507 2366 664 2436 ἡμῶν
701 2368 972 2440 ἁμαρτίας
1010 2372 1258 2442 ὀψώνιον.

313 2456 427 2511 Kal
455 2459 490 2512 ὁ
525 2460 752 2529 κόσμος
792 2461 868 2515 δι’
894 2465 1081 2519 αὐτοῦ
1112 2467 1367 2535 ἐγένετο.

316 2559 418 2612 Διά
464 2557 557 2612 τοῦ
599 2561 775 2629 φωτὸς
815 2569 910 2616 τοῦ
960 2565 1213 2637 ἀληθινοῦ
1238 2609 1252 2633 ,
1306 2568 1449 2623 τοῦτ’
1517 2569 1669 2635 ἔστι,
1721 2571 1815 2625 τοῦ

246 2648 607 2720 Μονογενοῦς,
635 2654 968 2723 πεποιῆσθαι
1007 2657 1103 2711 τὸν
1133 2659 1338 2729 κόσμον
1357 2700 1371 2721 ,
1406 2661 1717 2729 ἀναγκαίως
1761 2663 1818 2715 ὲν

244 2740 458 2805 τούτοις
483 2743 512 2795 6
553 2742 941 2817 εὑαγγελιστὴς
983 2748 1421 2819 ἐπισημαίνεται.
1473 2751 1535 2804 Et
1584 2751 1692 2823 γὰρ
1725 2752 1818 2805 καὶ

244 2833 326 2886 ὅτι
360 2832 594 2903 μάλιστα
628 2836 799 2904 Λόγον
824 2837 987 2890 αὐτὸν
1022 2838 1366 2902 ἀποκαλέσας
1399 2842 1541 2894 κατά
1585 2842 1685 2913 τὴν
1720 2844 1821 2915 ἀρ-

246 2925 385 2996 χὴν,
434 2927 612 2981 πάντα
662 2928 729 2981 δι’
767 2928 931 2981 αὐτοῦ
980 2930 1269 2997 γενέσθαι,
1314 2933 1410 2985 καὶ
1452 2932 1621 3004 χωρὶς
1655 2935 1819 2989 αὐτοῦ

245 3016 531 3087 παρῆχθαι
557 3019 721 3090 μηδὲν
766 3022 845 3083 είς
870 3018 1084 3089 γένεσιν
1114 3022 1560 3093 διεϐεϐαιώσατο,
1588 3027 1820 3098 ποιητήν

241 3125 304 3161 τε
347 3109 436 3162 διὰ
485 3111 688 3164 τούτων
728 3112 974 3179 ἀπέδειξε
1040 3115 1133 3167 καὶ
1177 3114 1545 3188 δημιουργόν·⁸
1601 3118 1716 3172 ἀλλ’
1754 3115 1819 3191 ἦν

240 3200 542 3269 ἀναγκαῖον
608 3201 703 3255 νῦν
753 3204 852 3273 ἤδη
925 3204 1159 3273 μάλιστα
1217 3208 1375 3260 τοῦτο
1432 3209 1525 3261 καὶ
1576 3207 1888 3283 είσαῦθιςσ

241 3290 580 3346 ἀναλαϐόντα
606 3295 795 3357 είπεῖν,
827 3295 910 3347 ἴνα
940 3296 1015 3366 μὴ
1044 3299 1156 3359 τοῖς
1189 3299 1562 3369 παρατρέπειν
1603 3300 1817 3355 είωθόσι

240 3382 340 3454 τὴν
367 3383 477 3436 τῶν
521 3383 677 3438 θείων
706 3384 991 3456 δογμάτων
1034 3387 1302 3458 ὀρθότητα
1326 3431 1339 3449 .
1382 3391 1588 3462 πλάνης
1630 3409 1689 3445 τε
1720 3394 1816 3446 καὶ

242 3473 522 3536 ἀπωλείας
555 3474 1022 3545 περιλιμπάνηται
1063 3477 1243 3540 τόπος.
1295 3479 1514 3550 Ἐπειδὴ
1549 3479 1656 3551 γὰρ
1709 3480 1814 3549 ἔφη

245 3564 375 3635 περὶ
406 3564 501 3617 τοῦ
530 3564 728 3634 φωτὸς,
766 3568 847 3619 ὅτι
875 3568 932 3619 ὲν
962 3566 1038 3637 τῷ
1070 3569 1260 3639 κόσμῳ
1295 3565 1385 3639 ἦν,
1429 3571 1514 3623 ἵνα
1554 3573 1712 3641 μήτις
1738 3572 1817 3635 είς

246 3658 512 3723 ἐκτύπους
540 3660 747 3723 ἐννοίας
776 3661 1077 3731 περιέλκων
1124 3661 1185 3714 τὸ
1215 3663 1529 3733 εἰρημένον,
1558 3666 1669 3729 τοῖς
1698 3666 1817 3718 κατ’

246 3745 385 3811 εἷδος
410 3748 503 3802 τοῦ
527 3750 729 3818 κόσμου
756 3750 976 3820 μέρεσιν
1006 3752 1321 3823 ἐναρίθμιον
1353 3757 1557 3806 ποιοῖτο
1590 3755 1648 3807 τὺ
1679 3754 1815 3824 φῶς,

245 3838 436 3910 ὥσπερ
471 3836 564 3893 οὖν
613 3840 842 3910 ἀμέλει,
892 3841 985 3893 καὶ
1036 3842 1226 3912 ἥλιος,
1286 3844 1381 3896 καὶ
1431 3844 1668 3916 σελήνη,
1728 3848 1820 3901 καὶ

246 3930 474 4001 ἀστέρες
494 3930 679 4000 τυχὸν,
713 3932 770 3983 ὲν
798 3931 874 4001 τῷ
908 3932 1096 4002 κόσμῳ
1128 3933 1226 4003 μέν
1253 3936 1381 4001 εἰσι,
1412 3934 1550 4006 πλὴν
1570 3936 1645 3999 ὼς
1678 3937 1818 4009 μέρη

245 4020 340 4075 τοῦ
368 4023 595 4092 κόσμου,
633 4022 726 4075 καὶ
758 4023 1008 4093 καθάπερ
1035 4023 1156 4087 ἑνὸς
1195 4025 1329 4096 μέλη
1370 4025 1652 4096 σώματος.
1684 4045 1822 4098 χρη-

249 4113 422 4184 σίμωι,
458 4129 517 4166 τε
541 4114 636 4167 καὶ
657 4114 967 4182 ἀναγκαίως
981 4115 1009 4166 6
1033 4115 1421 4186 εὐαγγελιστὴς
1441 4119 1820 4188 γενεσιουργὸν

246 4204 430 4271 εὐθὺς,
462 4206 555 4258 καὶ
583 4206 781 4268 παντὸς
816 4205 910 4258 τοῦ
944 4206 1148 4276 κόσμου
1177 4206 1426 4278 τεχνίτην
1455 4210 1695 4280 εἰσφέρει
1731 4212 1821 4265 τὸν

246 4299 550 4369 Μονογενῆ,
586 4299 681 4350 καὶ
720 4298 809 4351 διά
849 4297 1038 4351 τούτου
1076 4298 1237 4351 πάλιν
1282 4302 1431 4370 ἡμᾶς
1460 4299 1820 4369 ὲξασφαλιζό-

252 4405 434 4461 μενος,
469 4390 561 4442 καὶ
596 4390 948 4459 χειραγωγῶν
974 4391 1053 4453 είς
1087 4390 1301 4461 ἀπλανῆ
1344 4393 1437 4444 καὶ
1479 4392 1692 4447 εὐθεῖαν
1724 4396 1823 4464 τῆς

246 4480 507 4552 ἀληθείας
565 4480 892 4549 κατάληψιν.
958 4482 1055 4543 Τίς
1105 4481 1213 4550 γὰρ
1271 4480 1443 4546 οὕτως
1489 4484 1742 4554 ἀμαθὴς,
1787 4484 1819 4554 ἦ

1933 647 2016 694 est
2051 644 2104 696 in
2140 645 2405 699 mundum
2434 646 2478 678 “
2504 665 2517 701 :
2546 648 2725 717 ipsum
2753 666 2883 722 ergo
2912 663 3198 723 peccatum
3229 670 3498 713 armatum

1932 732 1988 785 in
2029 748 2155 790 sese
2192 735 2411 791 videtur
2438 754 2583 803 esse,
2611 746 3011 811 posterioribus
3042 749 3228 819 priora
3256 753 3497 817 solvens.

1930 832 1983 879 et
2010 823 2240 884 Satanas
2269 829 2320 883 in
2346 832 2586 900 seipsum
2608 843 2901 904 propterea
2926 839 3138 898 divisus
3161 851 3265 897 est.
3302 863 3319 895 ι
3354 844 3500 911 Quo-

1930 916 2092 971 modo
2126 934 2260 989 ergo
2282 922 2449 976 stabit
2480 939 2707 993 regnum
2729 927 2848 997 ejus
2871 930 2937 993 ⁸⁸,
2970 949 2988 982 ι
3021 932 3175 1001 juxta
3202 933 3500 994 Salvatoris

1927 1008 2319 1086 dictum?”
2347 1017 2510 1087 Atqui
2563 1020 2667 1076 hoc
2715 1023 3037 1080 incredibile
3082 1028 3325 1099 cogitatu
3371 1038 3494 1087 est:

1927 1114 2115 1154 verum
2134 1118 2263 1171 ergo
2293 1108 2657 1162 contrarium.

1996 1191 2085 1244 94.
2113 1191 2344 1249 ALIUD.
2362 1195 2555 1251 Omnia
2580 1202 2788 1254 creavit
2812 1202 2957 1258 Deus
2984 1205 3041 1258 in
3060 1205 3493 1279 incorruptione,

1930 1297 1950 1330 ι
1982 1279 2046 1334 Et
2076 1292 2304 1340 mortem
2343 1289 2562 1356 quidem
2602 1306 2711 1346 non
2748 1291 2877 1348 fecit
2911 1295 3028 1364 ipse
3053 1297 3117 1361 ¹⁶,
3142 1318 3161 1351 ι
3190 1299 3287 1355 sed
3309 1319 3327 1353 ι
3360 1302 3499 1356 invi-

1922 1369 2013 1424 dia
2026 1370 2223 1429 diaboli
2243 1391 2390 1431 mors
2408 1378 2629 1435 intravit
2642 1381 2697 1435 in
2713 1385 2971 1439 mendum
2991 1387 3074 1439 “’.
3088 1388 3222 1444 iSed
3239 1392 3281 1444 si
3306 1407 3493 1447 verum

1921 1468 2007 1515 est
2035 1476 2238 1534 corpus
2268 1467 2455 1522 datum
2478 1486 2600 1526 esse
2630 1472 2696 1526 ad
2740 1488 2953 1543 pmnam
2990 1477 3234 1535 hominis
3278 1483 3494 1548 animm,

1921 1567 2086 1621 quam
2115 1556 2185 1611 ob
2215 1571 2459 1624 causam,
2496 1578 2684 1631 quaeso
2717 1581 2835 1630 vos,
2903 1569 3104 1625 diaboli
3146 1574 3495 1643 culpabimus

1921 1644 2181 1700 invidiam
2218 1650 2310 1718 qui
2339 1650 2499 1706 linem
2540 1654 2699 1710 nobis
2724 1655 2882 1712 aﬂ'ert
2910 1659 3280 1718 humanorum
3316 1669 3489 1721 malo-

1921 1749 2063 1801 rum,
2097 1746 2149 1791 et
2175 1751 2375 1808 corpus
2398 1742 2541 1799 delet
2566 1747 2711 1815 quod
2744 1750 2997 1818 supplicii
3032 1752 3150 1807 loco
3183 1756 3344 1811 nobis
3371 1758 3497 1812 est?

1919 1843 2061 1897 quas
2095 1830 2165 1884 ob
2186 1844 2275 1885 res
2295 1847 2422 1888 vero
2458 1833 2749 1903 Salvatori,
2772 1856 2980 1910 quaeso,
3010 1846 3215 1913 gratias
3246 1861 3491 1917 agemus,

1921 1936 2024 1975 nos
2047 1936 2144 1991 per
2170 1927 2637 1982 resurrectionem
2665 1945 2858 1986 rursus
2877 1935 3201 2003 corporibus
3227 1936 3496 2005 illiganti?

1919 2014 1988 2065 At
2023 2028 2148 2067 vero
2199 2016 2405 2086 gratias
2440 2020 2673 2087 agimus,
2704 2029 2760 2076 et
2808 2033 3062 2077 naturam
3122 2026 3258 2081 laesit
3290 2028 3493 2081 invidia

1919 2104 2148 2168 diaboli,
2182 2111 2593 2178 corruptionem
2623 2113 2975 2169 conciliando
2998 2118 3348 2186 corporibus.
3373 2116 3491 2172 Non

1919 2211 2051 2267 ergo
2081 2199 2408 2268 supplicium
2442 2212 2528 2256 est
2561 2217 2789 2273 corpus,
2827 2207 2922 2260 sed
2961 2223 3140 2277 neque
3158 2208 3357 2264 veteris
3394 2223 3487 2264 no~

1919 2291 2017 2345 stri
2049 2293 2261 2361 peccati
2294 2302 2797 2351 auctoramentum.

1991 2468 2030 2533 Ι,
2067 2470 2152 2525 10.
2191 2471 2255 2525 Et
2278 2474 2502 2529 mundus
2532 2490 2623 2543 per
2658 2478 2827 2545 ipsum
2856 2479 3027 2547 factus
3058 2491 3156 2538 est.

1987 2560 2091 2617 Per
2116 2563 2288 2618 lucem
2313 2582 2515 2630 veram,
2538 2568 2642 2622 hoc
2661 2581 2769 2632 est,
2805 2587 2897 2640 per
2918 2571 3269 2642 Unigcnitum
3287 2577 3492 2632 factum

1918 2665 2042 2706 esse
2074 2653 2362 2719 mundum,
2409 2656 2497 2710 hic
2540 2660 2877 2729 evangeliSIa
2913 2666 3226 2720 necessario
3290 2668 3491 2722 innuit.

1920 2740 2037 2796 Etsi
2064 2744 2207 2797 enim
2239 2744 2419 2813 ipsum
2459 2746 2705 2803 Verbum
2738 2750 2898 2806 initio
2945 2756 3247 2821 praesertim
3283 2771 3495 2811 nuncu-

1920 2834 2086 2903 parit,
2116 2837 2414 2904 omniaque
2444 2853 2541 2906 per
2569 2840 2747 2908 ipsum
2773 2840 2916 2895 facta
2945 2858 3088 2909 esse,
3117 2853 3170 2898 et
3202 2846 3320 2901 sine
3374 2847 3495 2917 ipso

1921 2933 2167 2978 creatum
2236 2927 2373 2979 nihil
2437 2930 2759 2991 asseruerit,
2794 2940 2958 3002 atque
3016 2933 3091 2987 ita
3134 2934 3400 2992 factorem
3438 2942 3497 2992 et

1921 3012 2173 3081 Opificem
2206 3028 2327 3068 esse
2361 3017 2703 3071 ostenderit:
2746 3021 3123 3075 necessarium
3168 3034 3344 3081 tamen
3375 3034 3496 3081 erat

1923 3102 2070 3157 istud
2101 3104 2279 3172 ipsum
2313 3122 2506 3160 rursus
2543 3123 2761 3177 quoque
2792 3109 2882 3164 hic
2926 3123 3189 3181 repetere,
3235 3131 3301 3170 ne
3332 3116 3496 3171 bare-

1923 3193 2070 3256 ticis,
2108 3196 2200 3263 qni
2252 3196 2564 3251 divinorum
2592 3199 2905 3268 dogmatum
2955 3213 3266 3271 pervertere
3318 3208 3492 3260 solent

1921 3296 2125 3337 rectam
2158 3285 2450 3350 rationem,
2503 3288 2906 3357 relinqueretur
2956 3292 3112 3347 locus
3164 3296 3493 3363 perditionis

1917 3385 1969 3428 et
1993 3376 2217 3431 erroris.
2246 3375 2381 3430 Nam
2407 3393 2529 3431 cum
2550 3379 2749 3432 dixerit
2778 3380 2845 3435 de
2874 3381 3016 3445 luce,
3040 3388 3185 3453 quod
3209 3388 3261 3441 in
3290 3391 3494 3443 mundo

1917 3476 2055 3529 erat,
2094 3482 2163 3521 ne
2192 3468 2319 3537 quis
2354 3468 2409 3522 in
2446 3471 2716 3526 absurdas
2770 3477 3073 3530 sententias
3129 3479 3333 3536 dictum
3366 3495 3492 3549 per-

1919 3558 2167 3622 traltens,
2197 3574 2360 3613 unam
2398 3564 2632 3630 partium
2665 3563 2833 3632 hujus
2872 3566 3059 3619 mundi
3118 3568 3291 3623 lucem
3343 3570 3491 3625 illam

1918 3648 2194 3718 suspicari
2254 3660 2461 3720 posset,
2493 3653 2802 3721 cujusmodi
2861 3657 2967 3719 sol,
3016 3658 3145 3712 luna
3194 3669 3248 3714 et
3299 3661 3493 3730 stella,

1919 3740 2071 3793 verbi
2100 3742 2298 3811 gratia,
2332 3742 2385 3795 in
2423 3744 2631 3798 mundo
2664 3745 2886 3815 quidem
2923 3758 3072 3813 sunt,
3099 3750 3197 3805 sed
3230 3760 3490 3822 tanquam

1920 3837 2106 3897 partes
2136 3832 2349 3895 mundi,
2379 3847 2443 3886 ac
2480 3834 2631 3888 velut
2666 3835 2828 3891 unius
2891 3840 3135 3894 membra
3193 3843 3442 3911 corporis
3470 3882 3484 3905 .

1921 3921 2131 3977 utiliter
2174 3938 2237 3977 ac
2282 3926 2599 3980 necessario
2648 3928 2981 3997 evangelista
3042 3946 3227 3985 rerum
3305 3935 3493 3989 statim

1921 4023 2203 4066 auctorem
2234 4029 2298 4067 ac
2325 4015 2494 4068 totius
2528 4016 2718 4071 mundi
2774 4018 3025 4088 Opiﬁcem
3064 4020 3229 4075 infert
3294 4020 3495 4092 Unige-

1922 4104 2123 4167 nitum,
2159 4103 2248 4158 his
2288 4106 2472 4160 verbis
2499 4122 2597 4162 nos
2627 4122 2826 4163 rursus
2853 4109 3208 4172 confirmans,
3242 4121 3297 4165 et
3331 4114 3493 4183 quasi

1922 4209 2089 4248 manu
2119 4195 2325 4250 ducens
2352 4195 2417 4250 ad
2447 4206 2651 4251 certam
2710 4210 2763 4253 et
2793 4208 2997 4253 rectam
3055 4202 3303 4257 veritatis
3339 4217 3493 4257 com-

1922 4286 2369 4356 prehensionem.
2401 4286 2537 4353 Quis
2581 4289 2727 4342 enim
2770 4289 2907 4343 adeo
2948 4292 3100 4345 rudis
3138 4306 3201 4345 ac
3239 4292 3494 4362 stupidus

1923 4378 2025 4430 erit
2066 4378 2304 4447 ingenio,
2344 4388 2403 4431 nt
2428 4394 2534 4431 non
2566 4381 2726 4447 plane
2757 4380 3039 4434 diversum
3085 4397 3114 4434 a
3141 4382 3345 4439 mundo
3373 4385 3490 4440 exi-

1925 4469 2112 4522 stimet
2141 4483 2268 4522 eum
2304 4485 2403 4538 per
2436 4485 2597 4539 quem
2623 4470 2802 4525 factus
2825 4487 2949 4527 esse
2979 4473 3198 4540 dicitur,
3231 4482 3287 4530 et
3310 4486 3495 4546 partes

246 4572 518 4642 τοσαύτην
554 4572 665 4636 ἕξει
703 4572 800 4641 τὴν
838 4571 1154 4640 ἠλιθιότητα
1181 4572 1320 4625 κατά
1342 4573 1432 4624 τὸν
1457 4573 1600 4638 νοῦν,
1634 4575 1710 4638 ὼς
1747 4575 1820 4646 μὴ

1926 4573 2057 4613 suas
2082 4569 2349 4614 creaturae
2388 4561 2615 4626 tribuat,
2644 4562 2898 4632 opiﬁcem
2932 4574 3114 4629 autem
3166 4567 3381 4622 ratione
3406 4584 3494 4623 se-

248 4663 465 4725 πάντως
494 4663 681 4733 ἕτερον
711 4658 850 4714 εἶναι
897 4662 1047 4732 παρά
1090 4662 1181 4714 τὸν
1224 4662 1427 4732 κόσμον
1453 4664 1817 4734 ὑποτοπῆσαι,

246 4754 338 4807 τὸν
382 4754 449 4807 δι’
484 4750 543 4809 οὗ
573 4754 900 4824 γεγενῆσθαι
937 4753 1188 4822 λέγεται,
1242 4756 1337 4807 καὶ
1369 4755 1573 4809 τιθέναι
1635 4758 1732 4827 μὲν
1764 4759 1820 4809 ὲν

251 4844 366 4915 ίδίῳ
397 4845 553 4915 μέρει
595 4844 693 4914 τὴν
734 4844 911 4896 κτίσιν
934 4886 948 4909 ,
983 4844 1283 4897 ἀποδιελεῖν
1318 4844 1374 4897 δὲ
1416 4844 1494 4914 τῷ
1545 4844 1688 4916 λόγῳ
1728 4849 1821 4900 τὸν

248 4937 320 5001 Δη
332 4936 607 5006 μιουργὺν,
638 4937 730 4987 καὶ
752 4935 849 5005 τὴν
878 4934 1215 4989 θείαναύτοῦ
1239 4935 1595 5004 φαντάζεσθαι
1627 4936 1818 5007 φύσινί;

248 5028 340 5079 Δεῖ
372 5026 483 5096 γὰρ
511 5025 697 5096 ἕτερον
732 5020 868 5078 εἶναι
898 5029 963 5096 τῇ
1004 5026 1161 5094 φύσει
1194 5027 1255 5079 τὸ
1283 5027 1505 5097 ποιηθὲν
1537 5028 1690 5101 παρὰ
1722 5029 1815 5083 τὸν

249 5114 502 5186 ποιητὴν,
530 5115 617 5167 ἵνα
650 5116 724 5185 μὴ
763 5116 1021 5186 φαίνηται
1068 5117 1234 5168 ταυτδ
1268 5116 1333 5167 τὸ
1376 5114 1566 5167 ποιοῦν
1612 5117 1704 5168 καὶ
1762 5116 1823 5169 τὸ

251 5207 595 5278 ποιούμενον.
627 5207 690 5259 Εἰ
718 5207 826 5276 γάρ
857 5209 1027 5259 νοοῖτο
1048 5206 1261 5267 ταυτὸν,
1293 5206 1412 5259 οὐδὲ
1444 5207 1577 5276 μιᾶὶς⁷
1596 5206 1823 5277 ἐνούσης

251 5296 392 5350 κατά
415 5298 508 5350 τὸν
536 5296 629 5349 τοῦ
658 5297 774 5359 πῶς
800 5294 936 5351 εἶναι
962 5297 1118 5364 λόγον
1141 5295 1464 5365 ἐξαλλαγῆς,
1492 5296 1821 5367 ἀναϐήσεται

255 5389 354 5459 μὲν
383 5389 444 5441 τὸ
487 5389 713 5460 ποιηθὲν
744 5391 821 5451 είς
852 5389 949 5458 τὴν
979 5387 1073 5441 τοῦ
1121 5387 1402 5452 ποιοῦντος
1431 5387 1616 5455 φύσιν,
1656 5406 1822 5441 κατα-

253 5479 476 5547 ϐήσεται
500 5479 555 5532 δὲ
587 5480 681 5532 καὶ
708 5480 785 5543 εἰς
806 5479 909 5549 τὴν
938 5479 1045 5532 τῶν
1070 5479 1386 5549 κτισμάτων
1406 5481 1434 5531 6
1453 5480 1816 5550 Δημιουργδς,

252 5570 512 5622 οὐκέτιδὲ
550 5570 707 5638 μόνος
736 5569 929 5634 ἓξειτδ
957 5569 1215 5623 δύνασθαι
1248 5573 1673 5638 γενεσιουργεῖν,
1707 5571 1821 5624 ἀλλ’

253 5659 557 5730 ἐνυπάρχον
583 5661 738 5715 τοῦτο
762 5662 987 5732 δυνάμει
1016 5663 1108 5716 καὶ
1134 5665 1245 5725 τοῖς
1271 5664 1566 5733 ποιήμασιν
1597 5663 1821 5735 εὑρεθή-

1926 4659 2102 4722 paret,
2136 4660 2189 4706 et
2234 4651 2474 4705 divinam
2504 4653 2627 4720 ejus
2677 4661 2927 4708 naturam
2966 4657 3297 4723 imaginatur
3327 4661 3495 4714 esse?

1925 4743 2090 4798 Aliud
2117 4743 2262 4797 enim
2292 4752 2504 4812 oportet
2534 4761 2658 4800 csse
2685 4757 2879 4800 natura
2914 4763 3054 4817 epus
3089 4764 3117 4802 a
3164 4748 3392 4815 factore,
3427 4767 3494 4805 ne

1924 4836 2174 4889 videatur
2210 4835 2356 4889 idem
2386 4850 2507 4890 esse
2556 4840 2701 4905 quod
2757 4839 2866 4909 87
2898 4839 3029 4892 facit
3084 4856 3206 4894 cum
3250 4856 3315 4894 eo
3349 4842 3494 4909 quod

1926 4929 2176 4983 eﬂicitur.
2217 4929 2273 4983 Si
2298 4930 2445 4984 enim
2472 4931 2615 4984 idem
2640 4945 2762 4984 esse
2789 4940 3103 4993 censeatur,
3141 4932 3290 4984 nulla
3315 4933 3493 5000 quoad

1925 5021 2182 5077 essentia:
2220 5021 2443 5074 modum
2491 5021 2868 5076 intercedente
2904 5021 3246 5084 discrimine,
3297 5021 3494 5076 evehe-

1924 5122 2017 5166 tur
2046 5113 2267 5181 quidem
2303 5112 2354 5165 id
2388 5111 2533 5180 quod
2566 5111 2769 5166 factum
2796 5120 2881 5167 est
2919 5113 2987 5166 ad
3024 5110 3274 5164 facientis
3329 5119 3492 5165 natu~

1926 5220 2067 5269 ram,
2085 5212 2139 5258 et
2167 5205 2218 5257 in
2243 5211 2620 5257 creaturarum
2648 5211 2898 5257 naturam
2927 5202 3152 5257 Creator
3171 5200 3490 5267 descendet;

1926 5310 2107 5363 neque
2136 5294 2248 5364 jam
2284 5295 2434 5348 solus
2466 5310 2645 5349 rerum
2681 5302 2872 5348 auctor
2905 5309 2969 5347 ac
2994 5307 3193 5362 parens
3222 5294 3349 5360 erit,
3395 5292 3492 5348 sed

1924 5387 2072 5443 istud
2100 5388 2279 5456 ipsum
2315 5402 2533 5456 quoque
2566 5387 2732 5440 rebus
2761 5385 2963 5439 creatis
3015 5384 3195 5439 inesse
3248 5386 3494 5454 potentia

1929 5479 2324 5549 comperietur,
2368 5479 2413 5532 si
2458 5477 2607 5531 nulla
2644 5475 2801 5544 plane
2836 5474 2980 5529 ratio
3020 5476 3143 5529 illas
3178 5490 3208 5529 a
3253 5476 3493 5530 consub-
3586 5465 3593 5469 ’

1929 5570 2287 5627 stantialitate
2323 5584 2447 5624 cum
2483 5569 2606 5639 ipso
2631 5566 2889 5638 seiungit;
2923 5575 3087 5637 atque
3143 5568 3215 5621 ita
3274 5567 3492 5622 demum

1930 5663 2195 5733 suiipsius
2225 5667 2477 5715 creatura
2518 5657 2756 5713 creatrix
2791 5657 2916 5722 erit,
2965 5671 3029 5713 ac
3062 5657 3263 5712 nudam
3294 5653 3496 5725 Unige-

330 5840 369 5870 “
409 5839 566 5894 num.
603 5858 629 5893 ν
657 5882 670 5906 ,
714 5842 776 5895 l2
876 5844 916 5873 ¹⁵
958 5844 1089 5900 Luc.
1132 5859 1205 5907 xx,
1246 5844 1326 5899 l8.
1405 5844 1447 5873 ‘°
1487 5842 1615 5914 Sap.
1645 5860 1694 5909 ι,
1737 5846 1819 5899 l3.

1923 5846 1961 5875 θ’
1987 5843 2114 5913 Sap.
2150 5857 2206 5895 ιι.
2238 5839 2327 5894 25.
