4168 6586
696 398 798 459 H7

1728 402 1783 458 S.
1809 401 2085 459 CYRILLI
2126 402 2597 459 ALEXANDRINI
2638 403 2955 462 ARCHIEP.

3853 405 3967 461 “8

692 524 814 577 nito
841 520 1161 591 dignitatem
1190 521 1528 589 evangelista
1550 521 1754 575 tribuet
1776 520 1987 587 dicens,
2005 520 2151 591 quod
2174 540 2193 572 ι
2213 522 2258 574 in

2373 537 2546 585 σεται,
2589 522 2747 591 εἰπερ
2780 521 2917 585 ὅλως
2954 520 3127 585 οὐδεὶς
3167 521 3306 574 αύτά
3338 520 3437 590 τῆς
3470 520 3605 590 πρὸς
3644 520 3783 574 Θεὸν
3815 520 3963 592 δμο-

695 613 904 667 mundo
929 625 1067 675 erat,
1090 621 1144 667 et
1175 614 1412 667 nnmdus
1435 613 1728 682 peripsum
1757 612 1934 668 factus
1961 622 2065 668 est.
2096 631 2115 665 ι
2160 612 2264 668 Sed

696 714 859 759 norat
897 721 1061 758 unum
1102 720 1223 760 esse
1272 715 1468 758 natura
1528 704 1770 759 universi
1810 704 2060 773 opificem
2093 722 2107 757 :
2158 719 2269 758 non

696 812 830 867 ergo
860 813 1025 850 unum
1056 812 1180 851 esse
1213 796 1530 851 censebitur
1580 795 1720 865 apud
1780 806 1924 850 recte
1957 795 2266 857 credentes,

694 904 833 957 opus
874 897 926 942 et
961 888 1153 949 factor,
1179 887 1319 943 Deus
1370 895 1425 941 et
1462 888 1733 952 conditur,
1760 887 1854 942 sed
1884 886 2011 940 illud
2045 887 2267 956 quidem

693 981 1018 1048 subjicictur
1073 980 1217 1034 servi
1271 980 1323 1032 in
1367 995 1595 1043 morem,
1630 987 1842 1032 naturae
1873 993 1987 1031 suae
2045 976 2265 1031 modum

692 1087 802 1124 non
835 1072 1094 1139 ignorans
1120 1087 1133 1125 ι
1164 1071 1212 1123 ei
1254 1080 1435 1123 autem
1458 1067 1629 1123 Filius
1659 1067 1973 1136 imperabit,
1996 1067 2086 1136 qui
2116 1067 2267 1121 solus

691 1179 817 1216 cum
850 1161 1014 1216 Patre
1049 1169 1226 1229 potest
1255 1176 1345 1216 res
1381 1176 1412 1215 e
1442 1160 1613 1214 nihilo
1670 1159 1736 1213 ad
1764 1174 1886 1214 esse
1934 1173 2156 1221 vocare,
2212 1167 2267 1213 et

691 1255 837 1321 quod
879 1253 1121 1306 nondum
1171 1253 1388 1306 exsistit
1423 1250 1679 1305 ineﬂabili
1732 1250 1936 1304 virtute
1981 1250 2035 1302 in
2084 1255 2265 1302 ortum

692 1344 1019 1413 producere.
1050 1341 1204 1409 Quod
1267 1351 1450 1397 autem
1485 1340 1624 1397 Deus
1681 1345 1979 1395 secundum
2012 1349 2265 1393 naturam

693 1437 967 1489 exsistens
993 1433 1162 1489 Filius
1184 1435 1324 1488 alius
1352 1433 1539 1501 utique
1561 1432 1627 1486 sit
1666 1446 1695 1484 a
1725 1441 1997 1493 creatura,
2031 1430 2086 1484 in
2126 1431 2267 1484 libro

694 1523 772 1575 De
806 1531 989 1575 sancta
1010 1522 1266 1575 Trinitate
1299 1536 1423 1574 cum
1442 1521 1552 1587 jam
1579 1519 1793 1574 abunde
1820 1520 2263 1583 tractaverimus,

692 1614 827 1666 nihil
855 1612 1187 1681 superfluum
1223 1610 1308 1663 hic
1332 1608 1640 1663 all‘cremus.
1679 1607 1818 1661 lllud
1854 1615 2034 1662 tamen
2056 1608 2267 1662 utiliter

688 1705 971 1767 addemus,
1009 1702 1156 1772 quod
1187 1716 1312 1756 cum
1362 1702 1439 1755 ait
1477 1699 1739 1753 mundum
1792 1699 1859 1752 ab
1898 1699 2017 1769 ipso
2057 1699 2262 1754 factum

684 1811 829 1859 esse,
865 1796 929 1849 ad
961 1794 1312 1865 cogitandum
1360 1792 1428 1845 de
1466 1789 1625 1845 Patre
1656 1805 1759 1844 nos
1793 1790 2037 1853 adducit,
2079 1799 2133 1843 et
2168 1806 2263 1845 co-

2373 610 2688 680 ουσιότητος
2715 611 2990 664 ἀποδιελεί
3018 610 3218 682 τρόπος
3240 626 3253 639 ·
3282 611 3424 664 οὑτω
3442 626 3501 662 τε
3532 609 3714 665 λοιπὸν
3743 613 3964 680 ἑαυτῆς

2371 704 2404 771 ἡ
2433 701 2610 765 κτίσις
2641 702 2792 755 ἔσται
2824 702 3155 773 δημιουργὸς
3178 743 3192 766 ,
3226 702 3322 755 καὶ
3361 701 3516 771 ψιλὸν
3544 702 3835 773 περιθήσει
3878 702 3961 771 τῷ

2369 795 2665 861 Μονογενεί
2707 794 2767 847 τὸ
2809 795 3025 864 ἀξίωμα
3067 793 3240 862 λέγων
3279 797 3308 847 6
3353 792 3743 863 εὑαγγελιστὴς
3768 832 3785 857 ,
3840 795 3960 853 ὅτι,

2370 886 2464 938 καὶ
2512 886 2640 938 «Ἐν
2683 886 2761 955 τῷ
2802 886 2990 955 κόσμῳ
3031 881 3132 955 ἦν,
3178 885 3271 937 καὶ
3318 886 3346 937 6
3391 886 3595 955 κόσμος
3645 885 3712 937 δι’
3776 884 3959 937 αὐτοῦ

2372 976 2606 1041 ἐγένετο.
2645 995 2663 1027 ι
2716 975 2854 1027 Ἀλλ’
2899 972 3037 1028 οἶδεν
3092 976 3188 1027 ἕνα
3238 976 3377 1029 κατά
3437 976 3599 1043 φύσιν
3645 976 3777 1028 ὄντα
3825 974 3951 1027 τῶν

2367 1063 2623 1116 ἁπάντων
2646 1063 2994 1134 δημιουργόν.
3028 1065 3140 1117 Οὑκ
3168 1064 3276 1135 ἄρα
3296 1066 3487 1119 ταυτὸν
3520 1065 3586 1119 ἂν
3615 1066 3786 1118 νοοῑτό
3810 1082 3957 1117 ποτε

2367 1153 2520 1222 παρά
2546 1170 2609 1221 γε
2642 1158 2753 1217 τοῖς
2799 1154 2965 1207 εἰδόσι
3013 1154 3290 1207 πιστεύειν
3332 1154 3506 1225 ὀρθῶς
3533 1196 3547 1219 ,
3589 1155 3805 1225 ποίημα
3846 1156 3959 1207 καὶ

2367 1242 2626 1313 ποιητὴς,
2658 1242 2790 1306 Θεὸς
2824 1245 2916 1296 καὶ
2950 1244 3205 1314 κτίστης.
3243 1244 3356 1297 ἀλλ’
3398 1248 3429 1315 ή
3464 1245 3562 1313 μὲν
3589 1244 3956 1298 ὑποκείσεται

2365 1332 2766 1403 δουλοπρεπῶς,
2803 1334 2895 1387 τὸν
2927 1335 3025 1404 τῆς
3054 1336 3260 1399 οἰκείας
3288 1336 3504 1404 φύσεως
3536 1336 3662 1407 ὅρον
3688 1333 3958 1403 ὲπιγινὼο

2370 1439 2575 1477 σκουσα
2596 1438 2609 1452 °
2645 1423 2951 1495 βασιλεύσει
2976 1427 3031 1479 δὲ
3057 1427 3144 1481 ἐπ’
3178 1425 3347 1497 αὑτὴν
3377 1429 3407 1480 6
3437 1427 3585 1491 Υίὸς.
3614 1427 3772 1498 μόνος
3796 1427 3953 1496 ἔχων

2370 1514 2510 1584 μετά
2541 1514 2634 1568 τοῦ
2675 1516 2886 1589 Πατρὸς
2917 1520 2977 1570 τὸ
3017 1517 3276 1571 δύνασθαι
3320 1519 3414 1572 καὶ
3452 1518 3527 1581 ὡς
3575 1519 3706 1571 δντα
3748 1517 3822 1570 τὰ
3866 1518 3954 1588 μὴ

2366 1606 2495 1661 ὄντα
2539 1608 2742 1673 καλεῖν,
2778 1611 2871 1662 καί
2901 1610 2964 1662 τὸ
2998 1612 3162 1680 μήπω
3190 1611 3431 1681 ὑπάρχον
3457 1610 3681 1681 ἀρρήτῳ
3709 1609 3954 1678 δυνάμει

2367 1698 2637 1767 παράγειν
2665 1699 2745 1763 εἰς
2788 1699 3018 1768 γένεσιν,
3058 1702 3179 1755 Ὀτι
3208 1700 3265 1753 δὲ
3312 1701 3572 1772 ὑπάρχων
3609 1699 3749 1752 κατά
3776 1698 3951 1768 φύσιν

2364 1788 2499 1852 Θεὸς
2527 1791 2555 1842 ό
2589 1789 2748 1857 Υἰὸς,
2792 1792 2977 1862 ἔτερος
3016 1792 3187 1862 δήπου
3238 1792 3454 1856 πάντως
3504 1791 3623 1845 ἐστὶ
3659 1790 3816 1859 παρὰ
3844 1791 3951 1858 τὴν

682 1889 982 1958 gnitionem
1032 1886 1155 1953 ejus
1198 1883 1273 1937 Ex
1315 1899 1447 1953 quo,
1498 1898 1605 1935 una
1661 1895 1787 1934 cum
1817 1895 1882 1935 eo
1932 1880 2037 1935 Per
2073 1897 2255 1950 quem,

2360 1881 2557 1948 κτίσιν,
2604 1882 2915 1954 ἀρκούντως
2943 1884 3042 1956 ήδη
3076 1884 3411 1956 διειληφότες
3447 1885 3505 1936 ὲν
3553 1882 3633 1953 τῷ
3660 1881 3797 1951 Περί
3832 1880 3953 1947 τῆς

684 1980 845 2033 nobis
873 1976 1055 2031 infert.
1092 1975 1288 2030 Omnia
1317 1976 1461 2028 enim
1495 1990 1522 2026 a
1565 1972 1725 2028 Patre
1754 1980 1885 2027 sunt
1936 1988 2029 2042 per
2061 1972 2257 2027 Filium

684 2069 740 2122 in
773 2076 963 2122 sancto
992 2066 1220 2136 Spiritu.

682 2158 848 2218 αὑτοῦ
893 2159 983 2210 τὸν
1025 2157 1226 2227 κόσμον
1272 2154 1601 2224 πεποιῆσθαι
1641 2154 1847 2221 λέγων,

2363 1970 2537 2040 ἁγίας
2558 1972 2799 2040 Τριάδος
2832 1973 2975 2042 λόγῳ
2995 2015 3010 2040 ,
3063 1976 3316 2046 περιττὸν
3366 1977 3425 2028 ὲν
3462 1974 3673 2036 τούτοις
3706 1971 3953 2043 ἐροῦμεν

2361 2063 2513 2117 οὐδέν
2534 2077 2547 2089 ·
2582 2064 2723 2136 πλὴν
2756 2066 2931 2118 ἐκεῖνο
2972 2066 3259 2137 χρησίμως
3300 2064 3707 2138 προσθήσομεν,
3742 2066 3828 2117 ὅτι
3875 2064 3953 2117 δι’

1898 2154 1975 2215 εἰς
2033 2152 2244 2205 ἔννοιαν
2318 2155 2466 2224 ἡμᾶς
2530 2156 2792 2227 ἀναφέρει
2840 2157 2939 2228 τὴν
2980 2159 3107 2228 περὶ
3149 2156 3395 2228 Πατρὸς,
3448 2157 3544 2211 καὶ
3595 2156 3951 2229 συνεισφέρει

680 2252 757 2325 τῷ
792 2254 858 2307 δι’
894 2244 953 2304 οὑ
993 2250 1084 2303 τὸν
1136 2250 1193 2315 ἐξ
1228 2242 1310 2302 οὗ.
1352 2248 1536 2301 Πάντα
1571 2247 1680 2315 γὰρ
1732 2245 1884 2317 παρὰ
1926 2246 2138 2317 Πατρὸς
2183 2246 2251 2299 δι’
2294 2246 2422 2299 Υἱοῦ
2450 2248 2509 2300 ὲν
2536 2248 2675 2317 ἁγίῳ
2701 2247 3002 2318 Πνεύματι.

760 2342 802 2407 Ι,
837 2342 923 2396 10.
958 2338 1027 2392 Ει
1058 2338 1283 2391 mundus
1313 2353 1431 2389 eum
1462 2352 1563 2389 non
1592 2336 1850 2405 cognovit.

753 2433 1055 2487 Prudenter
1092 2430 1181 2483 hic
1210 2444 1406 2482 rursus
1450 2427 1778 2496 evangelista
1823 2436 2014 2480 sancto
2047 2426 2257 2495 Spiritu

682 2524 916 2589 afflatus,
968 2520 1330 2592 quorumdam
1378 2535 1553 2589 nugas
1603 2528 1945 2574 antevenere
1997 2527 2253 2573 conatur.

682 2616 924 2672 Docendi
982 2622 1164 2668 autem
1221 2612 1489 2665 rationem
1548 2624 1654 2663 non
1714 2625 1906 2679 parum
1961 2609 2251 2663 mirabere.

678 2706 877 2761 Lucem
915 2718 1099 2758 veram
1140 2700 1483 2770 nuncupavit
1511 2698 1727 2763 Filium,
1765 2714 2002 2768 cumque
2034 2713 2250 2753 omnem

675 2798 952 2853 hominem
1008 2796 1316 2850 venientem
1360 2793 1415 2847 in
1463 2794 1609 2848 hunc
1641 2796 1905 2848 mundum
1946 2794 2257 2848 illuminare

676 2888 1046 2952 confirmavit;
1099 2886 1250 2940 addit
1304 2885 1451 2955 quod
1492 2894 1547 2940 et
1573 2903 1591 2936 ε
1630 2884 1689 2938 ln
1730 2884 1933 2939 mundo
1962 2885 2083 2953 ipse
2111 2893 2253 2949 erat,

676 2989 734 3033 et
761 2979 1000 3033 mundus
1031 2994 1127 3048 per
1161 2980 1336 3047 ipsum
1371 2979 1548 3033 factus
1580 2987 1689 3033 est.
1722 2997 1739 3029 ι
1773 2977 1881 3032 Sed
1914 2976 2061 3031 illico
2094 2977 2256 3032 nobis

679 3071 1117 3125 adversariorum
1167 3069 1387 3139 quidam
1424 3070 1691 3138 objiciet:
1728 3068 1784 3122 Si
1823 3070 1913 3122 lux
1962 3077 2079 3123 erat
2119 3068 2254 3125 Ver-

680 3162 832 3224 bum,
868 3170 921 3216 et
975 3161 1227 3229 cujusvis
1261 3159 1500 3214 hominis
1544 3173 1641 3213 cor
1682 3159 1978 3221 illuminat,
2002 3158 2071 3212 ad
2101 3159 2252 3228 agni-
2279 3181 2322 3237 α

680 3254 885 3306 tionem
930 3251 1023 3305 Dei
1063 3250 1317 3304 videlicet
1357 3256 1411 3303 et
1458 3249 1749 3302 scientiam
1782 3248 2017 3303 hominis
2045 3258 2255 3303 naturae

678 3351 1095 3411 congruentem,
1145 3352 1199 3395 et
1227 3343 1272 3395 si
1309 3342 1362 3395 in
1396 3342 1497 3395 hoc
1531 3340 1736 3394 mundo
1780 3355 1996 3409 semper
2024 3350 2163 3407 erat,
2200 3348 2255 3393 et

678 3435 868 3488 mundi
910 3433 1094 3503 opifex
1121 3432 1442 3497 exsistebat,
1483 3431 1760 3501 quomodo
1796 3431 2110 3501 ignoratum
2146 3439 2251 3492 est,

676 3534 732 3580 et
754 3524 977 3594 quidem
1008 3526 1176 3578 tantis
1206 3533 1512 3592 temporum
1545 3522 1785 3591 spatiis?
1831 3522 2002 3591 Igitur
2036 3536 2145 3575 non
2191 3521 2254 3574 il-

678 3616 1004 3675 luminabat.
1036 3615 1131 3670 sed
1160 3630 1333 3685 neque
1358 3616 1445 3669 lux
1479 3615 1637 3684 plane
1661 3622 1800 3668 erat.
1834 3612 1930 3669 His
1957 3612 2249 3667 confestim

676 3707 919 3761 occurrit
949 3705 1281 3776 Theologus,
1312 3704 1538 3759 dicens:
1569 3723 1587 3756 ι
1607 3703 1840 3758 Mundus
1868 3718 1991 3757 eum
2025 3717 2131 3757 non
2157 3716 2253 3755 co-

675 3798 883 3866 gnovit.
925 3818 941 3848 ›
981 3797 1100 3866 Ipse
1147 3795 1442 3866 quominus
1483 3804 1896 3866 agnosceretur,
1948 3792 2147 3863 inquit,
2191 3792 2249 3847 in

674 3903 840 3942 causa
869 3902 974 3941 non
1011 3886 1110 3939 fuit
1135 3905 1147 3939 :
1174 3887 1267 3941 sed
1290 3885 1593 3939 infirmitati
1633 3885 1747 3954 88
1777 3900 1888 3939 sua:
1921 3884 1970 3937 id
2010 3883 2248 3939 mundus

675 3979 940 4036 ascribat.
1007 3977 1282 4032 llluminat
1319 3978 1461 4031 enim
1521 3974 1712 4039 Filius,
1751 3974 1847 4030 sed
1895 3974 2126 4044 gratiam
2162 3988 2249 4027 re-

675 4072 858 4126 tundit
883 4080 1171 4126 creatura:
1209 4071 1402 4123 oculos
1436 4069 1667 4138 accepit,
1702 4068 1903 4136 quibus
1938 4066 2243 4121 naturalem

673 4164 843 4219 Deum
888 4164 1235 4231 intelligeret,
1274 4160 1369 4214 sed
1417 4176 1482 4214 eo
1514 4175 1742 4212 munere
1788 4158 1977 4221 abusa,
2026 4159 2077 4211 in
2129 4157 2246 4213 sola

670 4267 1051 4310 creaturarum
1105 4252 1569 4321 contemplatione
1600 4251 1789 4305 haesit:
1842 4251 2074 4303 ulterius
2112 4248 2242 4304 ferri

670 4348 890 4411 noluit,
932 4346 1387 4400 illuminationem
1448 4343 1664 4413 pigritia
1723 4343 1952 4405 obruit,
2007 4342 2246 4411 neglexit

668 4438 898 4509 gratiam
932 4439 996 4501 ¹⁷,
1032 4436 1180 4505 quod
1214 4452 1280 4489 ne
1316 4436 1423 4490 sibi
1474 4435 1781 4504 contingat,
1814 4434 2039 4503 vigilare
2089 4433 2241 4487 Pan-li

2430 2336 2539 2388 Kal
2583 2338 2616 2389 ό
2654 2337 2884 2404 κόσμος
2912 2340 3097 2392 αὐτὸν
3139 2340 3250 2392 οὐκ
3284 2339 3456 2409 ἔγνω.

2439 2427 2617 2497 Νήφει
2647 2428 2810 2481 πάλιν
2843 2431 2871 2482 6
2909 2431 3376 2501 πνευματοφόρος,
3409 2431 3631 2500 φθάνειν
3653 2429 3944 2496 ἐπείγεται

2363 2516 2462 2579 τὰς
2490 2518 2641 2588 παρά
2692 2536 2854 2571 τινων
2905 2520 3307 2591 εὑρεσιλογίας’
3359 2520 3660 2590 θαυμάσεις
3708 2520 3767 2573 δὲ
3817 2520 3943 2574 λίαν

2368 2608 2458 2659 τὸν
2487 2610 2543 2660 ὲν
2572 2612 2683 2673 τοῖς
2709 2609 3027 2681 θεωρήμασι
3065 2611 3347 2682 λογισμόν.
3376 2612 3496 2675 Φῶς
3535 2612 3786 2683 ἀληθινὸν
3832 2615 3942 2668 ἀπ-

2364 2699 2589 2753 εκάλεσε
2635 2699 2727 2752 τὸν
2765 2700 2914 2765 Υἱὸν,
2946 2699 3315 2773 διισχυρίσατό
3360 2719 3420 2755 τε
3464 2704 3717 2772 φωτίζειν
3770 2705 3939 2759 αὑτὸν

2362 2791 2540 2843 πάντα
2574 2790 2860 2862 ἄνθρωπον
2909 2793 3200 2864 ἐρχόμενον
3233 2794 3314 2856 είς
3360 2794 3452 2847 τὸν
3496 2796 3698 2865 κόσμον
3724 2812 3738 2826 ·
3794 2797 3936 2868 πρὸς

2360 2882 2416 2935 δέ
2466 2899 2529 2951 γε
2568 2882 2775 2953 τούτῳ,
2827 2884 2906 2937 ὅτι
2949 2886 3040 2937 καὶ
3076 2905 3093 2937 ι
3137 2880 3244 2938 τΗν
3282 2886 3339 2939 ὲν
3363 2883 3441 2955 τῷ
3466 2885 3655 2957 κόσμῳ
3689 2904 3708 2938 ι
3744 2888 3936 2957 φησιν,

2367 2992 2385 3024 ι
2437 2975 2531 3027 καὶ
2572 2977 2600 3028 ὁ
2648 2977 2850 3046 κόσμος
2888 2976 2956 3029 δι’
3001 2976 3165 3030 αὑτοῦ
3210 2976 3444 3046 ἐγένετο.
3505 2995 3523 3028 ι
3581 2977 3719 3030 Ἀλλ’
3773 2973 3932 3032 εἶπεν

2359 3064 2424 3117 ἄν
2464 3082 2547 3128 τις
2577 3065 2737 3128 εὐθὺς
2770 3067 2899 3136 ἡμῖν
2946 3065 3055 3119 τῶν
3101 3067 3168 3120 δι’
3204 3069 3483 3132 ἐναντίαςο
3528 3069 3591 3121 Εἰ
3637 3068 3751 3137 φῶς
3791 3064 3862 3140 ἦν
3908 3073 3938 3124 6

2358 3155 2562 3223 Λόγος,
2596 3149 2641 3207 ὧ
2672 3149 2848 3221 οὗτοι,
2893 3158 2985 3210 καὶ⁸
3032 3159 3080 3210 εἰ
3127 3158 3348 3227 φωτίζει
3402 3159 3598 3222 παντὸς
3642 3157 3936 3228 ἀνθρώπου

2355 3245 2605 3316 καρδίαν,
2641 3250 2720 3312 εἰς
2765 3248 3091 3317 θεογνωσίαν
3150 3249 3390 3319 δηλονότι
3444 3250 3539 3304 καὶ
3581 3251 3661 3312 εἰς
3708 3249 3933 3303 σύνεσιν

2351 3336 2819 3411 ἀνθρωποπρεπῆ,
2859 3342 2952 3394 καὶ
2981 3343 3139 3412 εἴπερ
3172 3338 3239 3412 ἦν
3268 3343 3356 3395 ἀεὶ
3386 3344 3443 3395 ὲν
3481 3341 3559 3413 τῷ
3588 3342 3802 3412 κόσμῳ,
3834 3345 3936 3397 καὶ

2350 3428 2511 3491 αὐτὸς
2560 3425 2627 3499 ἦν
2669 3431 2909 3502 ἐργάτης
2960 3433 3159 3500 αὑτοῦ,
3213 3434 3332 3497 πῶς
3375 3434 3654 3507 ήγνοήθη,
3700 3437 3796 3489 καὶ
3845 3439 3935 3500 εἰς

2350 3521 2573 3589 χρόνους
2603 3520 2747 3575 οὑτω
2782 3524 3065 3594 μακρούς;
3106 3526 3301 3580 οὐκοῦν
3335 3527 3435 3579 οὑκ
3483 3526 3767 3595 ἐφώτιζεν,
3813 3529 3933 3582 ἀλλ’

2348 3610 2469 3663 οὐδὲ
2500 3611 2637 3674 ὅλως
2670 3613 2883 3683 ὑπῆρχε
2913 3613 2971 3665 τὸ
2998 3614 3114 3683 φῶς
3136 3615 3318 3678 αὑτός.
3354 3615 3496 3686 Πρὸς
3524 3616 3588 3688 δὴ
3615 3616 3681 3670 τά
3703 3616 3933 3671 τοιαῦτα

2348 3703 2675 3773 θερμότερον
2696 3706 2725 3757 6
2748 3704 2992 3772 θεολόγος
3016 3705 3353 3773 ὑπαντιάζει,
3378 3706 3569 3775 λέγων·
3599 3725 3618 3760 ι
3639 3709 3699 3761 '0
3722 3708 3931 3779 κόσμος

2346 3795 2512 3848 αὑτὸν
2554 3813 2656 3848 ουκ
2716 3795 2909 3863 ἔγνω.»
2937 3798 3051 3851 Οὐκ
3093 3798 3254 3861 αὐτὸς
3301 3798 3368 3851 δι’
3417 3798 3608 3853 ἑαυτὸν
3655 3801 3925 3871 ήγνοήθη,

2346 3885 2510 3956 φησίν
2529 3903 2542 3915 ·
2576 3886 2838 3940 αἰτιάσθω
2865 3887 2922 3941 δὲ
2949 3888 2977 3939 6
3001 3888 3207 3959 κόσμος
3243 3888 3338 3959 τὴν
3379 3890 3587 3944 οἰκείαν
3615 3890 3925 3949 ἀσθένειαν.

2344 3976 2573 4041 Φωτίζει
2612 3978 2711 4046 μὲν
2736 3978 2844 4047 γάρ
2877 3979 2906 4030 6
2931 3978 3058 4042 Υἱὸς
3080 4018 3095 4043 ,
3149 3979 3494 4050 ἀπαμϐλύνει
3535 3982 3591 4035 δὲ
3618 3982 3715 4051 τὴν
3760 3982 3931 4052 χάριν

2344 4067 2379 4137 ή
2406 4068 2602 4131 κτίσις.
2646 4067 2979 4133 Ἐδανείζετο
3007 4070 3069 4122 τὸ
3095 4070 3332 4140 βλέπειν,
3356 4072 3444 4125 ἴνα
3473 4073 3566 4125 τὸν
3596 4070 3737 4125 κατά
3760 4073 3927 4141 φύσιν

2344 4159 2512 4229 νοήσῃ
2563 4160 2727 4225 Θεὸν,
2779 4161 2875 4214 καὶ
2931 4162 3304 4233 δεδαπάνηκεν
3356 4163 3582 4226 ἀσώτως
3638 4165 3699 4217 τὸ
3744 4164 3923 4228 δοθὲν,

2347 4251 2511 4321 μέχρι
2531 4252 2640 4303 τῶν
2666 4252 2987 4322 ποιημάτων
3009 4253 3202 4324 ἔστησε
3225 4256 3323 4325 τῆς
3350 4254 3581 4325 θεωρίας
3601 4254 3660 4307 τὸ
3686 4254 3883 4326 μέτρον
3902 4272 3916 4286 ·

2344 4342 2612 4413 ὲνάρκησε
2636 4343 2727 4395 τὸν
2757 4345 3011 4397 ἐπέκεινα
3048 4344 3267 4415 δρόμον,
3298 4345 3574 4415 κατέχωσε
3616 4345 3917 4418 ῥᾳθυμίαις

2344 4432 2437 4485 τὸν
2474 4434 2788 4504 φωτισμὸν,
2822 4434 3065 4504 ἠμέλησε
3104 4435 3197 4487 τοῦ
3232 4434 3609 4505 χαρίσματος,
3656 4437 3793 4505 ὅπερ
3832 4438 3923 4491 ἵνα

668 4529 970 4597 discipulus
1012 4528 1356 4580 admonetur.
1385 4525 1531 4578 Nihil
1560 4541 1689 4595 ergo
1719 4525 1786 4579 ad
1822 4524 1996 4578 lucem
2032 4524 2239 4577 illumi-

2359 4522 2425 4589 μὴ
2454 4522 2637 4584 πάθοι,
2669 4524 2861 4593 νήφειν
2904 4525 2933 4576 6
2968 4523 3179 4585 Παῦλος
3211 4523 3421 4576 κελεύει
3468 4523 3545 4595 τῷ
3588 4525 3770 4595 οἰκείῳ
3813 4544 3923 4596 μα-

671 4628 923 4674 natorum
983 4616 1331 4686 improbitas.
1380 4614 1851 4681 Quemadmodum
1904 4616 2047 4669 enim
2105 4615 2241 4670 solis

2359 4618 2478 4688 ὶητῇ
2506 4633 2518 4645 ·
2555 4618 2705 4671 οὐδὲν
2748 4614 2840 4671 οὖν
2871 4618 2977 4688 ἄρα
3005 4618 3140 4689 πρὸς
3171 4618 3229 4671 τὸ
3264 4618 3377 4686 φῶς
3416 4620 3449 4689 ἡ
3484 4618 3592 4671 τῶν
3624 4620 3923 4687 φωτισθέν-

667 4714 849 4767 lumen
886 4718 1103 4765 cunctis
1152 4709 1421 4771 oboritur,
1455 4707 1547 4762 sed
1583 4706 1719 4761 nihil
1759 4721 1933 4761 caecus
1986 4706 2242 4762 utilitatis

2359 4725 2449 4760 των
2478 4709 2766 4778 φαυλότης.
2791 4709 2959 4763 Ὀνπε
2969 4727 2998 4779 ρ
3019 4710 3128 4781 γάρ
3156 4711 3375 4781 τρόπον,
3392 4710 3601 4781 ἀνίσχει
3625 4712 3721 4782 μὲν
3746 4712 3924 4767 ᾰπασι

664 4802 792 4857 inde
844 4800 1084 4869 accipit:
1127 4815 1234 4851 non
1279 4807 1460 4852 tamen
1515 4797 1749 4867 proinde
1803 4807 2236 4851 consentaneum

2359 4798 2436 4850 τοῦ
2468 4799 2618 4868 ἡλίου
2648 4801 2707 4851 τὸ
2743 4801 2879 4867 φῶς,
2914 4802 3278 4870 ὠφελεῖταιδὲ
3308 4802 3459 4855 οὐδὲν
3491 4803 3521 4855 6
3542 4803 3763 4872 τυφλὸς,
3797 4803 3921 4857 ἀλλ’

662 4910 790 4949 esse
824 4893 1030 4947 dixeris
1062 4892 1195 4945 solis
1223 4905 1485 4944 accusare
1517 4889 1861 4959 Splendorem
1892 4908 1905 4944 :
1958 4889 2093 4959 quin
2145 4905 2238 4958 po-

2359 4891 2402 4944 ιὺ
2433 4890 2524 4943 διὰ
2553 4890 2711 4943 τοῦτο
2735 4892 2831 4962 τῆς
2860 4892 3091 4963 ἡλιακῆς
3137 4893 3202 4947 ἀν
3244 4893 3479 4961 εὐλόγως
3509 4894 3921 4964 κατηγορήσαι-

665 4988 773 5041 tius
819 4983 886 5037 ad
934 4984 1219 5037 oculorum
1267 4982 1457 5035 vitium
1495 4981 1546 5034 id
1600 4980 1921 5036 referemus.
1962 4979 2056 5035 llle
2089 4981 2234 5035 enim

2359 4998 2445 5032 1.3V
2484 4980 2687 5051 αὑγῆςο
2739 4982 3113 5052 αἰτιασώμεθα
3160 4986 3215 5038 δὲ
3257 4984 3455 5055 μᾶλλον
3502 4984 3564 5036 τὸ
3604 4985 3703 5052 τῆς
3740 4984 3920 5054 ὅψεως

662 5078 957 5139 illmninat,
984 5076 1037 5129 hi
1065 5076 1239 5129 lucem
1273 5090 1379 5127 non
1413 5074 1661 5142 capiunt;
1693 5074 1773 5126 sic
1804 5074 1968 5127 etiam
2006 5075 2073 5129 de
2104 5072 2237 5127 Uni-

2359 5074 2513 5137 πάθος
2552 5076 2604 5145 (ἡ
2657 5075 2755 5144 μὲν
2797 5076 2907 5145 γὰρ
2951 5075 3249 5144 ἐφώτιζεν,
3303 5077 3337 5146 ἡ
3387 5076 3443 5129 δὲ
3491 5076 3583 5129 τὸν
3632 5077 3918 5145 φωτισμὸν

660 5168 845 5235 genito
880 5166 1228 5222 statuendum
1257 5165 1519 5227 arbitror,
1550 5165 1807 5218 nimirum
1843 5165 2021 5233 ipsum
2055 5164 2231 5217 lucem

2359 5166 2438 5218 νύκ
2462 5166 2719 5237 ὲδέχετο)’
2746 5168 2918 5232 οὕτως
2938 5164 3089 5238 οἶμαι
3112 5169 3220 5222 δεῖν
3244 5168 3336 5221 καὶ
3356 5168 3448 5221 ἐπὶ
3468 5167 3561 5220 τοῦ
3577 5166 3916 5234 Μονογενοῦς

657 5275 784 5312 esse
828 5275 1037 5323 veram,
1082 5259 1179 5315 sed
1235 5258 1399 5312 deum
1440 5257 1604 5325 hujus
1638 5256 1849 5319 saeculi,
1880 5264 1939 5309 ut
1986 5254 2234 5323 loquitur

2359 5258 2554 5319 ,woaiv,
2590 5257 2671 5311 ὅτι
2709 5259 2824 5327 φῶς
2853 5258 2953 5329 μέν
2970 5260 3085 5311 ἐστι
3112 5258 3174 5311 τὸ
3200 5257 3471 5328 ἀληθινὸν,
3500 5258 3529 5310 6
3561 5257 3616 5309 δὲ
3655 5255 3787 5318 Θεὸς
3814 5255 3913 5309 τοῦ

658 5348 886 5413 Paulus,
905 5365 1206 5405 excarcasse
1234 5357 1444 5403 utentes
1465 5346 1785 5409 infidelium,
1809 5360 1876 5398 ne
1901 5344 2231 5400 illuminatio

2359 5344 2530 5410 ιὶῶνος
2563 5347 2775 5413 τούτου,
2808 5348 2950 5401 καθά
2979 5351 3069 5401 καὶ
3109 5352 3137 5401 6
3166 5348 3376 5411 Παῦλός
3416 5364 3599 5417 φησιν,
3630 5346 3912 5415 ἐτύφλωσε

659 5441 990 5510 cognitionis
1018 5440 1219 5493 divina:
1263 5440 1317 5491 in
1350 5439 1484 5506 ipsis
1535 5433 1735 5504 fulgeat
1763 5435 1827 5487 η.
1881 5434 2226 5490 Exca'catum

2359 5437 2400 5490 τά
2444 5440 2690 5508 νοήματα
2730 5439 2839 5492 τῶν
2882 5441 3146 5504 ἀπίστων,
3174 5443 3252 5505 είς
3289 5438 3352 5492 τὸ
3382 5439 3455 5510 μὴ
3490 5438 3779 5506 διαυγάσαι
3812 5438 3912 5491 τὸν

659 5544 838 5583 autem
890 5529 978 5583 hic
1030 5530 1265 5582 dicimus
1301 5527 1600 5588 hominem,
1636 5542 1742 5579 non
1772 5525 1917 5595 quod
1948 5527 2108 5594 plane
2152 5528 2223 5582 sit

2359 5531 2607 5600 μωτισμὸν
2634 5532 2691 5582 ὲν
2713 5531 2895 5594 αὑτοῖς
2921 5532 3019 5601 τῆς
3043 5530 3299 5600 γνώσεως
3318 5530 3413 5584 τοῦ
3442 5528 3596 5583 Θεοῦ.
3620 5527 3909 5596 Τύφλωσιν

667 5622 785 5673 luce
838 5620 1066 5674 orbatus
1121 5621 1392 5687 (servatur
1425 5616 1568 5671 enim
1622 5616 1673 5669 in
1729 5623 1925 5670 natura
1965 5616 2228 5675 divinitus

2359 5622 2390 5674 ἰέ
2426 5639 2605 5693 φαμεν
2648 5622 2746 5694 τὴν
2775 5626 2831 5677 ἐν
2864 5623 3072 5690 τούτοις
3115 5626 3413 5697 ὑποστῆναι
3463 5622 3552 5677 τὸν
3591 5620 3909 5691 ἄνθρωπον,

723 5801 765 5838 ³⁷
803 5797 821 5853 l
854 5796 998 5855 Tim.
1041 5815 1113 5864 tv,
1176 5799 1259 5855 14.
1373 5799 1413 5831 ¹⁸
1472 5797 1511 5853 Il
1568 5797 1695 5857 Cor.
1741 5817 1813 5867 tv,
1857 5801 1908 5858 ι.
