4168 6568
278 395 386 455 149

1385 393 1450 451 IN
1479 394 1768 452 JOANNIS
1803 395 2257 454 EVANGELIUM
2298 393 2425 451 LIB.
2461 394 2501 448 Ι.

3449 389 3552 448 150

278 497 382 548 οὐκ
434 493 516 558 είς
558 492 854 565 ὁλόκληρον
897 492 992 547 τοῦ
1060 493 1235 562 φωτὸς
1293 493 1527 564 ἐρημίαν
1575 478 1855 564 ἐρχόμενοι

1972 493 2097 548 data
2128 487 2536 562 intelligentia),
2571 487 2665 543 scd
2692 485 2839 557 quod
2880 483 3094 539 inertia:
3115 483 3305 538 habitu
3337 485 3550 540 exstin-

282 584 541 654 (σώζεται
586 584 696 656 γὰρ
735 587 792 638 ὲν
823 587 889 655 τῇ
925 583 1079 653 φύσει
1119 583 1395 652 πάντωςή
1435 582 1711 646 θεόσδοτος
1740 581 1868 635 σύν-

279 685 457 744 εσις)·
489 675 604 729 ἀλλ’
631 679 707 740 είς
740 675 853 740 ἕξιν
877 673 1258 746 ἀμαθεστέραν
1292 673 1866 746 κατασϐεν[ν]ύμενον,

281 769 380 823 καὶ
408 769 528 833 ταῖς
558 770 652 822 ἐπὶ
679 768 748 822 τὰ
781 768 948 840 χείρω
985 769 1367 837 παρατροπαῖς
1391 767 1871 840 καταμαραίνοντά

284 877 406 923 πως
445 861 538 913 καὶ
591 861 972 929 κατατήκοντα
1013 859 1072 910 τὸ
1103 859 1203 928 τῆς
1249 859 1471 929 χάριτος
1516 860 1746 931 μέτρον⁶
1782 861 1870 914 διά

281 951 444 1004 τοῦτο
486 951 578 1004 καὶ
611 954 640 1005 ὁ
685 951 992 1022 σοφώτατος
1027 950 1278 1022 Μελῳδὸς
1304 991 1318 1014 ,
1363 952 1452 1004 ὅτε
1495 953 1586 1005 τὸν
1627 951 1870 1006 τοιοῦτον

282 1045 416 1113 ἡμῖν
464 1041 750 1114 ἄνθρωπον
793 1043 1178 1114 ὑποκρίνεται,
1227 1043 1348 1096 τότε
1395 1044 1460 1114 δὴ
1505 1045 1600 1098 καὶ
1641 1045 1872 1108 δικαίως

283 1133 757 1202 καταφωτίςεσθαι
791 1134 1132 1205 παρακαλεῖ,
1187 1135 1361 1204 λέγων
1407 1137 1485 1200 ὡς
1534 1139 1670 1211 πρὸς
1699 1139 1866 1192 Θεὸν⁸

287 1243 308 1276 ι
350 1225 725 1296 Ἀποκὰλυψον
753 1226 879 1290 τοὺς
909 1226 1222 1297 ὀφθαλμούς
1263 1246 1388 1298 μου,
1424 1229 1519 1284 καὶ
1545 1231 1870 1302 κατανοήσω

280 1318 352 1372 τὰ
373 1319 651 1390 θαυμάσιά
691 1337 784 1374 σου
823 1322 887 1374 ὲκ
925 1320 1020 1373 τοῦ
1049 1308 1214 1391 νόμου
1245 1338 1339 1375 σου
1360 1339 1376 1354 θ
1413 1341 1431 1373 ι
1464 1323 1627 1392 νόμον
1653 1323 1760 1394 γὰρ
1790 1325 1870 1388 εἰς

284 1409 536 1482 βοήθειαν
566 1411 764 1478 ἔδωκε,
806 1413 865 1465 τὸ
893 1413 1035 1466 θεῖον
1077 1414 1136 1466 ὲν
1172 1415 1306 1485 ἡμῖν
1353 1415 1869 1486 ἀναξωπυρήσαντα

282 1502 437 1572 φῶς,
505 1504 598 1558 καὶ
665 1504 854 1575 ὥσπερ
918 1506 1041 1560 τινὰ
1089 1505 1270 1576 λήμην
1324 1505 1432 1558 τῶν
1484 1507 1583 1576 τῆς
1642 1507 1869 1578 καρδίας

280 1591 576 1662 ὀφθαλμῶν
639 1593 1044 1664 ὲκκαθαίροντα.
1089 1595 1181 1648 τὸν
1233 1595 1293 1661 ἐξ
1349 1597 1582 1666 ἀρχαίας
1630 1598 1868 1668 ἀμαθίας

280 1685 662 1754 ὲπισκήψαντα
716 1687 1028 1756 σκοτισμόν.
1098 1688 1448 1759 Ἀχαριστίας
1485 1684 1579 1744 οὖν
1625 1689 1868 1760 ἆμακαὶ

280 1777 644 1848 ἀναισθησίας
674 1779 702 1831 ὁ
731 1780 934 1849 κόσμος
978 1780 1036 1833 ἐν
1078 1779 1289 1840 τούτοις
1324 1781 1587 1850 ὑπομένει
1622 1782 1862 1853 γραφὴν,

281 1868 378 1922 καὶ
403 1868 493 1921 τὸν
541 1871 740 1923 οίκείον
784 1871 1056 1940 ἀγνοήσας
1101 1871 1484 1942 γενεσιουργδν
1504 1911 1519 1933 ,
1562 1873 1655 1926 καὶ
1681 1873 1772 1928 τὸν
1800 1876 1863 1927 ἐκ
1896 1848 1936 1903 Β

279 1960 378 2014 τοῦ
407 1961 746 2032 πεφωτίσθαι
772 1963 982 2034 καρπὸν
1023 1964 1122 2016 οὐκ
1169 1963 1374 2030 ἀγαθὸν
1414 1965 1722 2030 ἐπιδείξας,
1774 1968 1862 2021 ἵνα

281 2053 519 2122 φανῆται
550 2052 734 2106 λοιπὸν
773 2056 857 2107 ἐπ’
893 2054 1041 2124 αύτῷ
1074 2055 1297 2112 κάκεῖνο
1342 2056 1504 2110 πάλιν
1542 2056 1763 2128 ἀληθὲς.
1798 2057 1861 2111 τὸ

278 2143 364 2210 ἐφ’
400 2145 534 2208 υἱοῖς
575 2144 788 2215 Ἰσραὴλ
829 2146 916 2198 διὰ
963 2147 1312 2216 προφητικῆς
1343 2147 1602 2218 ᾀδόμενον
1647 2149 1854 2219 φωνῆς·

282 2247 302 2279 ι
345 2231 573 2301 Ἕμεινα
602 2231 695 2285 τοῦ
737 2234 963 2304 ποιῆσαι
997 2235 1277 2306 σταφυλὴν
1299 2277 1314 2300 ,
1349 2236 1574 2308 ἐποίησε
1603 2237 1659 2290 δὲ
1688 2238 1859 2292 ἀκάν-

276 2318 398 2384 θας.
438 2341 458 2373 ι
492 2317 600 2375 Ἦν
646 2322 754 2394 γὰρ
793 2322 962 2387 ὅντως
1001 2327 1029 2377 ὁ
1084 2324 1180 2377 τοῦ
1236 2325 1570 2393 πεφωτίσθαι
1623 2325 1854 2398 καρπὸς,

273 2412 307 2482 ή
339 2411 544 2483 ἀληθὴς
594 2415 720 2487 περὶ
769 2414 862 2468 τοῦ
891 2415 1232 2482 Μονογενοῦς
1261 2415 1514 2488 διάληψις
1535 2456 1552 2480 ,
1605 2418 1851 2488 σταφυλή

1969 592 2172 656 guatur
2214 599 2277 639 ea
2329 584 2442 644 lux,
2475 590 2527 636 et
2567 579 2927 635 conversione
2970 576 3037 631 ad
3071 577 3200 630 vitia
3245 583 3551 631 marcescat

1970 675 2159 748 gratiae
2185 675 2379 730 modus
2417 685 2579 745 atque
2607 671 2986 727 contabescat.
3026 668 3295 735 Quocirca
3331 667 3550 737 sapien-

1973 769 2232 824 tissimus.
2272 766 2585 830 Psalmista,
2625 764 2934 821 istiusmodi
2962 762 3200 817 hominis
3253 775 3551 832 personam.

1971 875 2158 930 agens,
2178 859 2303 928 jure
2331 874 2360 911 a
2395 857 2504 913 Deo
2529 856 2836 910 illuminari
2868 854 3006 925 petit
3033 855 3120 910 his
3149 853 3364 908 verbis:
3390 869 3408 903 ι
3441 850 3550 905 Re-

1972 953 2089 1006 vela
2120 951 2312 1006 oculos
2345 966 2518 1016 meos,
2551 959 2605 1004 et
2635 947 3000 1003 considerabo
3025 944 3296 1001 mirabilia
3332 943 3398 999 de
3430 943 3551 1012 lege

1972 1054 2066 1100 tua
2099 1046 2166 1098 ".
2207 1063 2224 1095 ›
2261 1041 2456 1112 Legem
2491 1041 2693 1111 quippe
2719 1041 2773 1094 in
2810 1039 3075 1093 auxilium
3113 1035 3284 1100 dedit,
3310 1051 3428 1106 qua
3465 1033 3551 1088 di-

1972 1142 2158 1194 vinum
2198 1140 2251 1192 in
2300 1139 2458 1193 nobis
2495 1138 2683 1191 lumen
2723 1135 2950 1198 excitet,
2985 1141 3038 1188 et
3065 1133 3270 1187 veteris
3316 1130 3551 1187 inscitiae

1971 1233 2260 1302 caliginem
2281 1248 2378 1286 ceu
2411 1230 2793 1302 lippitudinem
2821 1227 3115 1298 quamdam
3139 1241 3204 1280 ex
3225 1225 3403 1280 oculis
3428 1238 3551 1278 cor-

1972 1323 2057 1380 dis
2091 1325 2356 1392 deterget.
2412 1319 2613 1392 Ingrati
2645 1334 2778 1390 ergo
2809 1317 2978 1372 animi
3021 1325 3076 1371 et
3115 1315 3360 1385 stuporis
3391 1330 3550 1368 mun-

1972 1414 2076 1469 dus
2108 1413 2201 1467 liic
2233 1412 2565 1483 postulatur,
2601 1410 2693 1480 qui
2726 1418 2780 1465 et
2811 1424 2968 1464 suum
2999 1414 3280 1462 auctorem
3325 1407 3549 1475 ignora-

1970 1508 2067 1572 vit,
2101 1514 2154 1560 et
2185 1503 2603 1558 illuminationis
2631 1517 2745 1557 sum
2779 1500 3020 1555 fructum
3058 1514 3167 1554 non
3201 1499 3405 1554 bonum
3432 1497 3551 1553 edi-

1969 1597 2068 1659 dit,
2109 1604 2167 1650 ιιι
2208 1595 2341 1651 illud
2377 1597 2444 1651 de
2479 1595 2598 1666 ipso
2629 1593 2848 1648 demum
2894 1592 3020 1662 jure
3060 1591 3166 1646 dici
3199 1591 3373 1661 possit
3403 1589 3549 1660 quod

1969 1687 2036 1742 de
2071 1686 2198 1741 ﬁliis
2228 1685 2395 1741 Israel
2442 1684 2763 1756 prophetica
2809 1697 2944 1737 voce
2980 1679 3352 1752 praedicatur:
3391 1702 3409 1730 ι
3444 1677 3547 1731 Ex-

1970 1779 2211 1848 spectavi
2246 1776 2704 1831 utiaceretuvam
2737 1782 2793 1828 et
2817 1772 2943 1828 fecit
2968 1771 3240 1842 spinas”.
3263 1789 3279 1822 ι
3314 1768 3550 1824 Fructus

1969 1870 2115 1924 enim
2175 1867 2596 1922 illuminationis
2651 1866 2848 1928 istius,
2905 1863 3183 1934 Unigeniti
3236 1870 3385 1918 certe
3431 1869 3553 1916 erat

1969 1961 2193 2032 agnitio,
2225 1975 2334 2013 non
2370 1973 2531 2016 secus
2575 1972 2640 2012 ac
2664 1972 2789 2019 uva,
2841 1972 2907 2011 ex
2951 1956 3192 2010 hominis
3245 1961 3426 2010 mente
3468 1953 3547 2006 ni-

1969 2053 2167 2106 mirum
2210 2067 2310 2106 ceu
2369 2048 2620 2104 malleolo
2666 2047 2930 2118 pendens,
2977 2061 3086 2100 non
3115 2054 3297 2101 autem
3340 2046 3430 2098 illa
3466 2054 3549 2100 te-

1967 2144 2217 2208 meritas,
2255 2159 2377 2213 qua:
2409 2142 2689 2195 hominum
2721 2155 2896 2212 genus
2929 2141 2993 2194 ad
3032 2139 3370 2200 astruendos
3409 2139 3549 2192 mul-

1966 2233 2182 2304 tiplices
2229 2232 2360 2288 deos
2405 2233 2694 2304 pertrahit,
2737 2232 2912 2286 instar
2961 2231 3225 2290 aculeata
3267 2231 3443 2300 spina:
3491 2229 3546 2286 in

1963 2325 2128 2380 nobis
2163 2324 2446 2379 suboritur
2483 2332 2538 2380 et
2586 2323 2832 2378 animum
2863 2323 3150 2379 erroribus
3202 2322 3270 2378 ad
3311 2330 3544 2378 mortem

1961 2417 2234 2471 vulnerat.

269 2524 356 2572 τις
396 2507 585 2580 ὥσπερ
645 2510 970 2580 κληματίδος
1020 2511 1386 2584 ἐξηρτημένη,
1426 2515 1526 2584 τής
1576 2511 1866 2583 ἀνθρώπου
1903 2512 2165 2576 διανοίας,
2198 2513 2363 2583 φημὶ,
2411 2513 2503 2565 καὶ⁸
2535 2511 2745 2582 οὐχὶτό
2775 2511 3037 2575 ἐναντίον,
3072 2512 3105 2581 ἡ
3141 2513 3220 2574 είς
3285 2507 3548 2563 πολύθεον

269 2595 502 2651 ἕλκουσα
541 2597 747 2668 πλάνην
781 2598 1034 2663 ἀϐουλία,
1081 2600 1258 2665 ὀξείας
1306 2601 1552 2672 ἀκάνθης
1595 2601 1752 2672 δίκην
1791 2603 1850 2654 ὲν
1889 2602 2023 2672 ἡμῖν
2052 2601 2438 2668 ἀνατέλλουσα,
2470 2604 2564 2655 καὶ
2589 2603 2902 2674 πλήττουσα
2960 2604 3098 2673 πρὸς
3163 2602 3393 2655 θάνατον
3425 2602 3546 2671 ταῖς

270 2687 510 2751 ἀπάταις
533 2687 624 2743 τὸν
649 2689 795 2742 νοῦν.

337 2785 443 2847 Εἰς
479 2783 550 2837 τὰ
588 2783 708 2838 ιδια
740 2780 922 2854 ἦλθε,
958 2785 1054 2840 καὶ
1093 2788 1148 2839 οἱ
1188 2785 1326 2840 ἴδιοι
1372 2785 1559 2840 αὑτὸν
1604 2788 1675 2840 οὐ
1714 2803 1863 2854 παρ-

270 2873 514 2928 έλαϐον.
672 2935 675 2937 _

356 2964 652 3019 Ἐπιτείνει
691 2965 787 3038 τήν
814 2966 1111 3035 ἀπολογίαν
1139 2969 1168 3020 ὁ
1215 2967 1615 3038 εύαγγελιστὴς
1649 2966 1744 3020 τοῦ
1783 2969 1859 3038 μὴ

271 3057 574 3124 ἐγνωκέναι
614 3059 707 3111 τὸν
756 3059 958 3128 κόσμον
1012 3061 1104 3113 τὸν
1151 3059 1458 3129 φωτίζοντα
1489 3059 1671 3124 αὑτὸν,
1713 3061 1858 3114 τοῦτ’

2036 2783 2210 2854 891,
2242 2783 2329 2837 II.
2354 2781 2416 2835 In
2447 2783 2663 2852 propria
2686 2783 2819 2836 venit
2862 2791 2911 2837 et
2944 2784 3029 2836 sui
3053 2800 3170 2836 eum
3201 2802 3304 2838 non
3343 2802 3546 2855 recepe-

1965 2885 2088 2929 runt

2033 2967 2224 3038 Pergit
2254 2966 2588 3037 evangelista
2613 2966 2668 3020 in
2695 2966 2968 3021 reddenoa
3003 2968 3236 3032 ratione,
3267 2984 3368 3024 cur
3392 2985 3545 3024 mun-

1962 3057 2064 3113 dus
2097 3074 2205 3111 non
2235 3057 2518 3127 agnoverit
2549 3072 2674 3110 eum
2708 3072 2737 3110 a
2771 3073 2882 3126 quo
2916 3059 3280 3124 illuminatur,
3319 3061 3424 3116 hoc
3457 3070 3543 3116 est

266 3146 385 3200 εστι
409 3186 425 3208 ,
470 3147 561 3200 τὸν
593 3150 908 3219 Μονογενῆ,
959 3151 1054 3203 καὶ
1086 3151 1196 3203 ἀπὸ
1237 3154 1335 3221 τῆς
1381 3151 1621 3222 χείρονος
1658 3152 1766 3205 τῶν
1798 3151 1855 3217 ἐξ

1964 3149 2450 3218 Unigenitum,'et
2493 3148 2776 3217 proposito
2816 3149 3052 3218 graviori
3098 3161 3322 3220 peccato
3369 3153 3544 3210 Israe-

281 3235 498 3308 Ἰσραὴλ
547 3238 844 3308 ἁμαρτίας,
887 3242 980 3293 καὶ
1021 3241 1090 3292 τὰ
1133 3241 1242 3293 τῶν
1295 3241 1468 3294 ἐθνῶν
1525 3243 1853 3313 ἐγκλήματα

1959 3242 2200 3304 litarum,
2253 3241 2494 3312 gentium
2531 3257 2750 3311 quoque
2774 3242 2990 3310 culpam
3039 3243 3367 3298 conﬁrmare
3411 3245 3542 3300 niti-

267 3327 557 3396 κρατύνειν
581 3329 882 3398 ἐπείγεται,
916 3332 1009 3385 καὶ
1030 3333 1129 3403 τήν
1152 3333 1542 3403 ἐπισκήψασαν
1561 3334 1639 3404 τῷ
1661 3332 1854 3404 κόσμῳ

267 3419 599 3488 δυσμαθείας
625 3437 685 3473 τε
734 3421 870 3492 ὁμοῦ
897 3424 988 3475 καὶ
1015 3423 1297 3487 ἀπειθείας
1324 3425 1654 3478 ἐπιδεικνύει
1677 3427 1850 3481 νόσον.

269 3513 614 3583 Εύαφόρμως
642 3515 699 3568 δὲ
724 3515 846 3568 λίαν
869 3517 949 3578 εἰς
974 3516 1066 3568 τὸν
1093 3517 1224 3588 περὶ
1253 3518 1351 3587 τῆς
1379 3519 1854 3590 ὲνανθρωπήσεως

270 3603 575 3659 εἰσελαύνει
605 3605 793 3675 λόγον,
833 3607 930 3660 καὶ
966 3602 1236 3677 καθέρπει
1281 3608 1468 3662 λοιπὸν
1509 3608 1568 3673 ἐξ
1612 3609 1852 3681 ἀκράτου

271 3696 550 3765 θεολογίας
591 3699 674 3761 είς
715 3698 974 3769 ἐξήγησιν
1001 3701 1315 3770 οίκονομίας
1343 3700 1445 3770 τῆς
1476 3701 1615 3772 μετὰ
1644 3700 1855 3773 σαρκώ-

273 3805 430 3852 σεως,
462 3790 529 3860 ἢν
553 3790 846 3860 ἐποιήσατο
871 3790 938 3843 δι’
966 3793 1112 3862 ἡμᾶς
1141 3794 1170 3844 ὁ
1203 3792 1352 3855 Υἱός.
1384 3793 1712 3862 Θαυμαστὸν
1743 3793 1852 3864 γὰρ

268 3881 441 3943 οὐδὲν,
473 3884 523 3935 εί
555 3881 631 3952 μὴ
671 3881 840 3950 ἔγνω,
882 3883 1078 3954 φησὶν,
1121 3885 1150 3936 ὁ
1189 3883 1393 3954 κόσμος
1427 3883 1518 3938 τὸν
1543 3885 1848 3955 Μονογενῆ,

267 3973 368 4042 τῆς
409 3973 509 4044 μὲν
548 3973 820 4044 ἀνθρώπῳ
846 3975 1163 4046 πρεπούσης
1223 3976 1496 4040 συνέσεως
1521 3976 1854 4050 ἐκδεδραμη-

268 4063 398 4128 κὼς.
431 4065 525 4117 καὶ
565 4065 647 4118 ὅτι
681 4066 779 4136 μὲν
813 4067 872 4117 ἐν
911 4067 1043 4137 τιμῇ
1084 4067 1147 4118 τέ
1189 4069 1306 4120 ἐστι
1350 4068 1443 4120 καὶ
1486 4067 1712 4136 γέγονεν
1749 4069 1852 4122 οὐκ

267 4155 446 4219 εἰδὼς,
482 4156 853 4225 παραϐληθείς
897 4175 957 4210 τε
1005 4161 1118 4221 τοῖς
1154 4160 1379 4228 κτήνεσι
1423 4162 1536 4222 τοῖς
1576 4161 1847 4230 ἀνοήτοις,

267 4245 522 4317 καθάπερ
553 4241 646 4299 οὖν
672 4248 768 4300 καὶ
806 4249 834 4300 ὁ
865 4248 1006 4312 θεῖος
1035 4249 1237 4318 ἔφασκε
1270 4251 1522 4319 Μελῳδὸς
1543 4293 1555 4314 ,
1589 4252 1724 4304 ὅπου
1756 4252 1850 4305 καὶ

265 4338 429 4402 αὐτὸς
461 4339 490 4391 6
530 4341 831 4410 προσήκειν
873 4342 1016 4404 ίδίως
1059 4343 1210 4414 αύτῷ
1261 4344 1414 4414 παρὰ
1459 4346 1595 4397 πᾶσι
1637 4346 1848 4416 νοηθεὶς

263 4429 392 4492 λαὸς
447 4431 777 4486 ἀπεσείσατο
829 4434 1077 4504 παρόντα
1129 4435 1270 4504 μετὰ
1316 4436 1553 4504 σαρκὸς,
1606 4438 1699 4490 καὶ
1755 4437 1850 4490 ἐπὶ

1957 3339 2068 3398 tur,
2095 3341 2148 3387 et
2185 3331 2506 3387 incubuisse
2547 3333 2748 3386 mundo
2779 3332 3013 3388 inscitiae
3047 3333 3212 3388 simul
3259 3342 3316 3389 et
3360 3334 3542 3390 incre-

1955 3425 2207 3482 dulitatis
2248 3427 2501 3481 morbum
2544 3427 2811 3481 ostendit.
2858 3425 3021 3482 Valde
3063 3435 3245 3482 autem
3289 3429 3541 3498 apposite

1955 3518 2023 3572 ad
2051 3516 2389 3572 mentionem
2417 3517 2486 3572 de
2517 3518 2901 3572 incarnatione
2945 3517 3250 3572 faciendam
3282 3519 3454 3586 subit,
3484 3527 3541 3574 et

1955 3623 1985 3661 a
2028 3609 2323 3678 purissima
2377 3609 2467 3663 illa
2519 3609 2792 3679 theologia
2837 3609 3033 3679 irrepit
3079 3610 3298 3666 demum
3336 3610 3404 3665 ad
3440 3626 3540 3666 ex-

1954 3701 2264 3772 plicandam
2336 3702 2743 3758 incarnationis
2792 3702 3310 3772 dispensationem,
3371 3718 3536 3774 quam

1954 3795 2178 3856 propter
2209 3801 2310 3840 nos
2363 3788 2495 3841 l'ccit
2540 3786 2736 3842 Filius.
2785 3787 2984 3842 Mirum
3021 3790 3224 3860 quippe
3255 3791 3392 3846 nihil
3425 3799 3536 3857 est,

1954 3878 2155 3946 inquit,
2192 3879 2239 3933 si
2277 3878 2514 3934 mundus
2552 3878 2912 3950 Unigenitum
2951 3896 3061 3935 non
3103 3883 3413 3952 agnoverit,
3443 3885 3538 3954 qui

1953 3985 1982 4024 a
2014 3979 2165 4024 recta
2198 3969 2540 4040 intelligendi
2572 3972 2657 4024 via
2691 3970 3067 4037 deﬂexeril,et
3102 3990 3215 4029 suae
3248 3974 3536 4047 dignitatis

1953 4063 2179 4134 ignarus
2211 4070 2567 4133 comparatus
2602 4064 2674 4120 sit
2715 4063 2985 4133 jumentis
3024 4065 3436 4136 insipientibus,
3476 4077 3538 4125 ut

1952 4157 2176 4213 divinus
2209 4155 2504 4213 Psalmista
2537 4158 2738 4213 cecinit
2770 4159 2836 4224 ²¹,
2871 4174 2997 4213 cum
3040 4161 3156 4230 ipse
3185 4177 3409 4232 quoque
3441 4179 3537 4233 po-

1953 4251 2137 4320 pulus,
2195 4265 2357 4319 quem
2405 4250 2509 4305 sibi
2564 4265 2676 4320 prae
2724 4250 2942 4306 cmteris
2987 4253 3321 4321 peculiarem
3367 4255 3536 4326 elegit

1955 4341 2120 4405 Deus,
2156 4343 2208 4396 in
2247 4357 2414 4397 carne
2463 4349 2790 4411 praesentem
2846 4343 3134 4411 ahjccerit,
3170 4351 3225 4398 et
3266 4359 3396 4399 eum
3438 4348 3535 4418 qui

1952 4435 2018 4488 ad
2053 4435 2300 4488 omnium
2351 4433 2582 4488 salutem
2630 4434 2926 4488 advenerat
2971 4435 3224 4505 excipere
3267 4438 3533 4504 noluerit,

266 4525 515 4595 σωτηρίᾳ
546 4526 765 4578 πάντων
799 4525 1216 4596 ἐπιδημήσαντα
1252 4525 1438 4579 λαϐεῖν
1465 4528 1565 4580 οὐκ
1587 4527 1844 4597 ἠθέλησε,

1959 4526 2205 4593 quamvis
2249 4524 2406 4578 [idem
2456 4539 2624 4594 regno
2665 4525 2930 4580 caelorum
2975 4538 3374 4586 remuneraret.
3417 4529 3534 4586 Ad-

261 4616 358 4685 τὴν
383 4615 492 4669 τῶν
512 4616 758 4688 οὐρανῶν
785 4616 1065 4687 βασιλείαν
1090 4618 1192 4686 τῆς
1223 4617 1460 4682 πίστεως
1489 4619 1844 4673 ἀντιδιδόντα.

276 4712 556 4782 Ἐπιτήρει
586 4712 643 4764 δὲ
675 4713 821 4774 ὅπως
859 4711 1083 4778 γέγονεν
1113 4711 1360 4782 ἀσφαλής
1391 4713 1420 4764 ὁ
1463 4713 1592 4783 περὶ
1641 4713 1849 4767 τούτων

262 4802 436 4868 λόγος.
472 4802 576 4855 Τοῦ
615 4804 714 4872 μὲν
753 4803 862 4873 γὰρ
895 4803 1100 4871 κόσμου
1143 4803 1203 4855 τὸ
1252 4802 1496 4872 μηδόλως
1538 4804 1841 4871 ἐγνωκέναι

261 4894 351 4946 τὸν
407 4893 710 4962 φωτίζοντα
756 4895 1069 4964 κατηγορεῖ,
1100 4893 1430 4965 συγγνώμην
1473 4894 1662 4966 ὥσπερ
1692 4894 1842 4964 αὐτῷ

260 4985 483 5048 δικαίως
504 4986 591 5039 διὰ
621 4985 809 5037 τούτου
839 4987 1385 5056 πραγματευόμενος,
1418 4987 1510 5038 καὶ
1540 4987 1638 5057 τῆς
1668 4986 1839 5039 δοθεί-

262 5093 362 5146 σης
388 5077 535 5146 αύτῷ
557 5077 777 5147 χάριτος
797 5075 1049 5147 ἀφορμὰς
1071 5076 1326 5144 εὐλόγους
1343 5078 1649 5147 πρῶιοικού
1659 5095 1837 5148 μενος·

260 5169 349 5220 ἐπὶ
375 5168 431 5220 δέ
459 5185 524 5235 γε
557 5169 665 5221 τῶν
695 5168 754 5232 ἐξ
795 5167 1031 5239 Ἰσραὴλ,
1064 5169 1113 5221 οἳ
1154 5173 1247 5223 καὶ
1280 5172 1337 5222 ἐν
1373 5169 1529 5238 μέρει
1559 5170 1666 5223 τῶν
1691 5170 1840 5233 ἰδίως

258 5259 406 5329 αύτῷ
437 5259 820 5329 πφσηκόντων
840 5261 1182 5328 ὲτετάχαντο,
1229 5260 1292 5312 τὸ
1320 5278 1338 5310 ι
1364 5261 1439 5313 Ού
1474 5261 1782 5331 παρέλαϐον
1815 5281 1832 5312 ι

257 5351 469 5421 τίθησιν
496 5368 508 5380 ν
546 5351 606 5403 ού
643 5351 752 5419 γὰρ
779 5347 846 5421 ἦν
875 5351 1207 5420 ἀληθεύοντα
1231 5351 1441 5417 λέγειν,
1483 5370 1501 5401 ι
1530 5353 1641 5405 Ούκ
1671 5351 1840 5421 ἔγνω-

261 5459 378 5506 σαν,
416 5462 433 5493 »
461 5442 626 5510 νόμου
676 5442 773 5510 μὲν
813 5442 1168 5512 ἀρχαιοτέρου
1200 5442 1584 5514 κηρύττοντος,
1627 5460 1837 5515 προφη-

256 5532 365 5585 τῶν
392 5532 448 5585 δὲ
480 5532 589 5585 τῶν
622 5535 740 5603 μετ’
774 5535 978 5586 ἐκεῖνον
1008 5533 1497 5602 παιδαγωγούντων
1527 5536 1723 5597 αὐτοὺς
1744 5535 1837 5588 ἐπὶ

255 5623 354 5692 τὴν
377 5623 478 5692 τῆς
506 5623 764 5693 ἀληθείας
792 5624 1114 5694 κατάληψιν.
1141 5627 1358 5678 Δίκαιον
1377 5622 1470 5680 οὖν
1493 5627 1604 5697 ἀρα
1627 5625 1718 5679 καὶ
1745 5626 1833 5679 ἐπ’

335 5802 376 5832 ¹⁹
414 5801 558 5858 Psal.
591 5817 791 5871 cxvut,
831 5802 910 5859 18.
990 5805 1034 5837 ὀ
1073 5805 1180 5860 Isa.
1237 5822 1290 5872 γ,
1320 5807 1373 5860 2.

1951 4625 2102 4670 verte
2141 4632 2274 4672 vero
2300 4632 2466 4688 quam
2502 4618 2679 4673 solida
2715 4619 2827 4674 sint
2865 4634 2926 4675 ea
2975 4636 3096 4690 quae
3149 4623 3236 4676 hic
3270 4624 3340 4680 ab
3366 4639 3532 4680 evan-

1953 4709 2144 4778 gelista
2184 4709 2465 4764 dicuntur.
2516 4709 2775 4765 Mundum
2828 4724 3093 4780 accusat,
3143 4715 3290 4786 quod
3327 4716 3532 4773 illumi-

1951 4809 2169 4854 nantem
2218 4801 2371 4855 nullo
2415 4801 2577 4855 modo
2612 4804 2951 4873 cognoverit,
2996 4806 3204 4874 justam
3234 4808 3284 4862 ei
3316 4809 3530 4864 veniam

1951 4889 2054 4942 hoc
2085 4898 2246 4958 pacto
2273 4891 2440 4945 veluti
2470 4907 2740 4960 quaerens,
2763 4903 2816 4948 et
2842 4897 3230 4952 excusationes
3258 4897 3529 4966 legitimas

1950 4982 2088 5036 data:
2114 4984 2162 5035 ei
2198 4983 2390 5050 gratia:
2419 4993 2658 5038 struens.
2717 4985 2789 5036 De
2833 4986 3093 5042 lsraelitis
3119 5003 3264 5052 vero,
3296 5003 3436 5056 quos
3469 4990 3526 5044 in

1945 5074 2276 5141 peculiarem
2314 5085 2518 5130 sortem
2569 5076 2672 5130 sibi
2734 5076 2878 5132 Deus
2941 5078 3238 5139 asciverat,
3295 5079 3522 5134 scribit:

1949 5187 1967 5217 ι
2005 5166 2119 5221 Non
2153 5175 2497 5237 receperunt.
2542 5188 2559 5218 ι
2587 5168 2704 5222 Νοη
2736 5169 2881 5223 enim
2920 5185 3046 5223 vere
3073 5168 3256 5223 dicere
3287 5177 3521 5237 poterat,

1949 5277 1968 5310 ι
2007 5259 2124 5312 Non
2172 5270 2570 5330 cognoverunt,
2606 5278 2624 5310 ι
2674 5261 2857 5330 prisca
2908 5259 3024 5329 lege
3071 5258 3425 5329 praedicante,
3469 5271 3525 5320 et

1943 5361 2068 5421 post
2091 5367 2211 5407 eam
2257 5353 2538 5423 prophetis
2570 5352 2637 5406 ad
2669 5352 2920 5408 veritatis
2964 5351 3523 5423 comprehensionem

1945 5445 2072 5500 illos
2099 5445 2503 5500 crudientibus.
2551 5443 2788 5513 [Equum
2819 5457 2949 5514 ergo
2988 5443 3090 5498 fuit
3123 5445 3176 5498 in
3203 5459 3300 5500 eos
3325 5445 3523 5514 judicii

1944 5539 2291 5595 seVeritateui
2322 5537 2602 5600 adbibere,
2635 5544 2689 5589 ut
2726 5535 2986 5590 nimirum
3022 5551 3152 5609 erga
3193 5544 3386 5609 gentes
3425 5537 3524 5594 bo-

1942 5631 2192 5685 nitatem.
2233 5628 2468 5684 Mundus
2513 5629 2683 5692 enim,
2728 5625 2844 5681 sive
2893 5636 3104 5697 gentes,
3138 5642 3412 5682 concursu
3453 5628 3522 5683 ad

1488 5806 1709 5880 ".Psal.
1739 5822 1930 5876 XLVIII,
1963 5806 2050 5862 15.
