4168 6560
661 367 754 425 tm
1666 377 1722 430 s.
1752 368 2028 432 GYRILLI
2054 368 2523 430 ALEXANDRINI
2556 369 2869 427 AHCHIEP.
3810 366 3944 423 153

658 509 849 562 vitium
900 509 990 564 Dei
1027 511 1410 578 conjunctione
1442 512 1664 575 orbata,
1727 514 1778 568 id
1825 515 1989 568 etiam
2034 515 2218 569 damni

2327 508 2508 575 αὐτοῖς
2533 512 2630 581 τῆς
2656 508 2960 579 ἀποτομίας
2990 506 3051 561 τὸ
3075 509 3267 578 κρῖμα.
3298 504 3550 574 καθάπερ
3579 506 3778 574 ἀμέλει
3817 506 3935 558 καὶ

660 599 886 669 insuper
916 612 1265 671 acceperunt,
1296 605 1441 672 quod
1488 606 1884 661 illuminantem
1920 624 2028 661 non
2057 622 2219 677 agno-

2332 604 2424 655 ὲπί
2456 594 2564 653 τῶν
2593 599 2763 653 ἐθνῶν
2807 601 2839 669 ἡ
2886 599 3211 670 χρηστότης.
3273 598 3333 651 Ὀ
3380 597 3479 666 μὲν
3523 596 3631 666 γὰρ
3672 597 3929 666 κόσμος,

658 697 875 744 verunt.
904 686 1073 744 Judaei
1104 706 1253 755 vero,
1297 694 1615 764 cognitione
1645 696 1763 764 ejus
1808 713 1904 767 per
1936 699 2104 767 legem
2137 711 2219 750 ac-

2330 694 2448 763 ήτοι
2479 692 2547 745 τὰ
2590 692 2739 762 ἔθνη,
2773 692 2873 761 τὴν
2904 690 3040 763 πρὸς
3087 688 3219 742 Θεδν
3260 689 3534 741 οίκείωσιν
3559 688 3932 741 ἀπολέσαντα

658 790 836 848 cepta,
876 788 929 834 et
977 782 1041 835 ad
1083 783 1208 836 vitae
1235 799 1409 854 genus
1457 784 1565 840 Deo
1590 788 1801 857 gratum
1832 789 2035 850 vocati,
2080 786 2219 840 ultro

2329 782 2416 835 διὰ
2450 782 2548 851 τῆς
2582 782 2661 844 εἰς
2707 780 3020 850 φαυλότητα
3051 777 3436 848 καταδρομῆς,
3469 775 3562 828 καὶ
3595 775 3654 827 τὸ
3702 774 3929 827 εἰδέναι

657 870 873 926 demum
906 873 959 926 in
990 874 1110 943 ejus
1141 875 1538 945 ignorationem
1565 894 1724 947 quem
1749 880 1860 948 jam
1890 888 2219 949 agnoverant

2331 866 2754 941 προσεξημιὼθη
2790 871 2882 923 τὸν
2911 868 3215 939 φωτίζοντα
3252 867 3422 922 αὐτά⁸
3454 867 3503 919 οἰ
3529 864 3584 917 δὲ
3617 860 3704 949 διά
3732 866 3925 933 νόμου

657 962 993 1030 inciderunt,
1028 975 1083 1020 et
1105 966 1172 1019 ad
1198 968 1415 1036 propria
1450 970 1674 1023 veniens
1706 968 1797 1024 Dei
1837 969 2073 1025 Verbum
2112 985 2219 1026 non

2327 964 2426 1034 τὴν
2448 963 2649 1030 γνῶσιν
2688 960 3257 1029 καταπλουτήσαντες,
3285 957 3379 1011 καὶ
3416 958 3495 1020 εἰς
3530 958 3629 1026 τὴν
3676 954 3834 1024 θυμή
3848 966 3923 1024 ρη

655 1064 998 1123 receperunt.
1040 1056 1301 1127 Proprius
1335 1059 1477 1112 enim
1529 1058 1639 1114 Deo
1684 1069 1768 1115 est
1814 1059 2104 1115 universus
2134 1076 2219 1114 or-

2327 1053 2404 1123 τῷ
2449 1052 2568 1124 Θεῷ
2606 1053 2881 1105 πολιτείαν
2936 1049 3404 1119 ἀνακεκλημένοι,
3455 1048 3639 1100 λοιπὸν
3681 1037 3926 1127 ἑκόντες

654 1142 761 1208 bis,
794 1144 845 1197 in
878 1155 1142 1213 quantum
1176 1146 1245 1200 ab
1277 1148 1395 1217 ipso
1426 1157 1665 1212 creatus,
1695 1156 1748 1203 et
1781 1164 1845 1203 ex
1872 1150 2017 1218 ipso,
2047 1156 2100 1204 et
2125 1164 2219 1218 per

2327 1144 2674 1213 ἐσφάλλοντο,
2739 1141 2828 1194 τὸν
2891 1142 2990 1211 ἥδη
3032 1139 3348 1208 γνωσθέντα
3390 1137 3482 1190 καὶ
3528 1135 3611 1227 ὡς
3749 1132 3927 1195 ἰδίοις

654 1235 834 1303 ipsum
876 1235 930 1291 in
960 1247 1140 1292 ortum
1169 1245 1251 1293 est
1281 1245 1543 1293 vocatus:
1572 1237 1666 1293 sed
1702 1238 1868 1293 lsrael
1899 1240 2219 1294 convenien-

2326 1232 2739 1305 ἐπιδημήσαντα
2778 1230 2870 1285 τοῦ
2923 1230 3058 1284 Θεοῦ
3107 1230 3279 1297 Λόγον
3325 1228 3387 1280 ού
3434 1224 3919 1329 παραδεξάμενοι.

655 1328 767 1384 tius
796 1330 1202 1399 quodammodo
1231 1332 1487 1402 proprius
1511 1333 1628 1401 ejus
1650 1334 1957 1398 vocabitur,
1987 1350 2219 1403 eamque

2330 1332 2488 1394 Ἴδιος
2520 1331 2617 1400 μὲν
2647 1327 2757 1399 γὰρ
2788 1328 3008 1397 σύμπας
3030 1325 3058 1378 6
3096 1325 3300 1393 κόσμος
3330 1322 3445 1375 ἐστὶ
3473 1321 3551 1389 τῷ
3576 1315 3717 1388 Θεῷ,
3733 1317 3925 1420 ’κειτά

657 1420 1071 1489 praeregativam
1116 1422 1396 1477 habiturus
1580 1432 1664 1478 est
1708 1440 1833 1478 cum
1874 1426 1944 1478 ob
1997 1431 2219 1481 sanctos

2324 1438 2384 1474 τε
2418 1421 2510 1473 τὸν
2540 1420 2634 1474 τοῦ
2669 1415 2999 1487 πεποιῆσθαι
3041 1415 3218 1482 λόγον,
3260 1414 3353 1467 καὶ
3395 1411 3457 1464 τὺ
3501 1410 3561 1474 ἐξ
3597 1410 3762 1463 αὑτοῦ
3808 1410 3925 1460 καὶ

2324 1511 2389 1563 δι’
2419 1510 2580 1564 αὐτοῦ
2620 1506 2895 1579 παρῆχθαι
2923 1507 3059 1578 πρὸς
3083 1508 3325 1573 γένεσιν⁶
3360 1500 3815 1572 πρεπωδέστερον
3852 1496 3920 1549 δέ

656 1608 818 1668 atque
856 1600 1246 1671 primogenitus
1275 1601 1453 1657 dictus
1491 1604 1562 1658 sit
1614 1601 1848 1657 ﬁliorum
1901 1602 2017 1659 Dei.
2067 1623 2085 1657 ι
2132 1602 2219 1658 Fi-'

2325 1622 2442 1667 πως
2460 1604 2488 1656 6
2520 1602 2734 1673 Ἰσραὴλ
2759 1600 2835 1671 τῷ
2859 1602 2955 1671 τῆς
2985 1598 3245 1668 ἰδιότητος
3267 1593 3710 1664 ἀποκεκλήσεται
3732 1590 3917 1658 λόγῳ,

654 1688 759 1742 lius
810 1688 953 1743 enim
1008 1690 1402 1760 primogenitus
1443 1706 1597 1746 meus
1637 1686 1805 1747 lsrael
1852 1690 1921 1755 ¹¹¹,
1984 1711 2001 1742 ι
2042 1693 2219 1763 inquit

2326 1692 2418 1745 καὶ
2443 1690 2541 1761 τὴν
2574 1690 2666 1743 ἐπὶ
2700 1689 2872 1760 τούτῳ
2903 1687 3061 1752 δόξαν
3093 1684 3564 1755 ἁποκληρώσεται,
3592 1681 3681 1733 διὰ
3707 1694 3769 1731 τε
3802 1677 3921 1747 τὴν

651 1780 849 1834 alicubi
884 1779 952 1835 ad
981 1781 1201 1852 Moysen
1232 1782 1411 1838 Deus:
1457 1799 1617 1853 quem
1644 1799 1777 1840 sane
1797 1784 1947 1839 velut
1972 1801 2140 1839 unum
2165 1792 2219 1841 et

2322 1780 2435 1835 τῶν
2473 1781 2645 1850 ἁγίων
2676 1779 2936 1851 Πατέρων
2963 1777 3225 1847 ἐκλογὴν,
3275 1776 3371 1829 καὶ
3409 1773 3495 1828 διὰ
3527 1772 3588 1825 τὸ
3621 1769 3766 1842 ἀρχὴ
3806 1768 3921 1821 καὶ

649 1872 909 1926 eximium
936 1874 1038 1929 sibi
1070 1890 1264 1929 rursus
1300 1874 1570 1937 tribuens.
1601 1891 1759 1931 suum
1790 1877 2048 1947 populum
2079 1893 2219 1931 nun-

2322 1868 2661 1940 πρωτότοκος
2683 1866 2999 1938 ὠνομάσθαι
3026 1864 3138 1919 τῶν
3166 1864 3260 1918 τοῦ
3293 1863 3430 1918 Θεοῦ
3452 1862 3655 1915 τέκνων
3676 1877 3689 1890 ·
3725 1878 3745 1911 ι
3773 1858 3917 1947 Υἱδς

657 1518 841 1575 patres
869 1526 934 1565 ex
965 1526 1029 1566 eo
1061 1510 1259 1581 populo
1281 1512 1542 1577 delectos,
1572 1520 1685 1566 tum
1713 1512 1859 1582 quod
1890 1513 2218 1583 principium

649 1967 890 2033 cupavit.
948 1984 967 2016 ι
1025 1966 1244 2023 Dimitte
1292 1969 1551 2039 populum
1590 1984 1769 2022 meum
1800 1968 1866 2032 “,
1896 1987 1914 2020 ι
1945 1968 2123 2039 inquit
2151 1968 2220 2024 ad

650 2054 992 2111 Pharaonem
1028 2054 1249 2129 IEgypti
1294 2070 1612 2131 tyrannum.
1648 2058 1915 2114 Pranerea
1958 2076 2024 2115 ex
2061 2061 2220 2117 libris

652 2144 909 2202 Mosaicis
934 2148 1121 2216 ejusce
1155 2149 1231 2203 rei
1268 2150 1468 2205 veritas
1499 2151 1745 2220 patebit:
1787 2168 1805 2201 ι
1840 2150 2093 2217 Quando,
2129 2153 2220 2207 in-

654 2232 795 2300 quit,
829 2232 1103 2289 dividebat
1132 2232 1450 2293 Altissimus
1475 2248 1684 2307 gentes,
1713 2239 1933 2309 quando
1967 2240 2222 2297 dissemi-

659 2323 808 2376 navit
842 2324 981 2379 filios
1011 2326 1202 2392 Adam,
1238 2330 1525 2382 constituit
1565 2331 1827 2385 terminos
1867 2330 2107 2401 gentium
2133 2347 2219 2386 se-

654 2414 893 2470 cundum
924 2433 1210 2471 numerum
1236 2421 1550 2489 angelorum
1576 2420 1692 2475 Dei.
1726 2421 1789 2474 Et
1822 2420 1965 2475 facta
1986 2430 2071 2477 est
2091 2428 2219 2492 pars

652 2503 863 2560 Domini
912 2510 1145 2577 populus
1179 2508 1385 2563 Jacob:
1437 2510 1716 2568 funiculus
1741 2506 2073 2570 hereditatis
2097 2514 2218 2583 ejus

653 2594 822 2652 lsrael
855 2599 921 2655 “.
956 2618 974 2650 ι
1018 2600 1097 2654 Ad
1135 2612 1296 2671 quem
1326 2602 1489 2657 etiam
1520 2602 1689 2668 venit,
1719 2614 1816 2659 ceu
1847 2605 1902 2658 ln
1942 2606 2217 2675 propriam

650 2699 854 2744 sortem
893 2700 947 2745 et
978 2691 1044 2744 ad
1091 2693 1372 2763 proprium
1418 2693 1751 2758 funiculum,
1780 2697 2004 2752 dicens:
2044 2715 2062 2747 ι
2100 2696 2219 2751 Non

652 2794 773 2834 sum
821 2781 1026 2838 missus
1078 2782 1183 2838 nisi
1233 2786 1300 2839 ad
1347 2801 1478 2841 oves
1528 2801 1650 2857 quae
1693 2788 1991 2856 perierunt.
2022 2787 2220 2843 domus

650 2869 819 2926 lsrael
848 2871 912 2926 ".
950 2892 969 2923 ο
1006 2871 1109 2938 Qui
1137 2889 1262 2928 cum
1294 2876 1524 2944 gratiam
1557 2876 1960 2946 repudiassent,
1996 2878 2061 2931 ad
2088 2891 2218 2947 gen-

651 2963 735 3010 tes
767 2966 826 3011 ae
865 2960 1167 3013 transtulit.
1199 2959 1274 3014 lta
1306 2962 1541 3017 mundus
1570 2965 1788 3033 quidem
1825 2976 1924 3034 per
1950 2967 2219 3035 pmniten-

652 3046 784 3098 tiam
834 3062 897 3101 ac
947 3047 1106 3103 ﬁdem
1162 3050 1520 3116 illuminatur,
1552 3069 1676 3108 cum
1716 3056 1989 3126 principio
2040 3058 2217 3125 ipsum

653 3135 957 3204 ignotam:
1010 3139 1104 3192 sed
1161 3136 1472 3195 Iudaeorum
1531 3145 1769 3212 populus
1823 3144 1889 3198 ad
1943 3145 2217 3208 tenebras,

655 3226 800 3280 unde
832 3226 1064 3283 eductus
1114 3228 1292 3285 fuerat
1333 3235 1644 3288 revertitur.
1685 3234 1927 3303 Ideoque
1965 3234 2221 3290 Salvator

652 3328 874 3386 quoque
908 3317 1159 3374 dicebat:
1203 3338 1221 3371 ι
1281 3320 1338 3377 ln
1384 3323 1652 3392 judicium
1701 3340 1801 3396 ego
1852 3328 1906 3381 in
1957 3328 2219 3383 mundum

654 3407 802 3462 hunc
838 3409 979 3471 Veni.
1016 3417 1075 3464 ut
1109 3413 1204 3481 qui
1238 3428 1344 3467 non
1384 3415 1589 3481 vident,
1623 3417 1866 3482 videant,
1913 3427 1967 3471 et
2000 3419 2092 3487 qui
2142 3418 2220 3471 vi-

652 3495 783 3551 dent
834 3500 959 3553 Casei
989 3498 1119 3553 ﬁant
1144 3501 1211 3555 ⁸⁸.
1249 3521 1267 3552 ι

727 3755 768 3819 1,
818 3756 903 3811 ﬂ.
944 3757 1209 3830 Quotquot
1250 3772 1425 3815 autem
1461 3774 1762 3831 receperunt
1788 3774 1929 3828 eum,
1960 3764 2103 3817 dedit
2144 3766 2219 3819 eis

654 3855 963 3915 potestatem
995 3852 1134 3920 ﬁlios
1182 3852 1279 3907 Dei
1311 3854 1448 3922 ﬁeri,
1483 3856 1549 3909 iis
1574 3856 1663 3924 qui
1683 3855 1902 3909 credunt
1931 3858 1985 3910 in
2016 3857 2224 3911 nomine

651 3940 790 4009 ejus.

724 4032 938 4089 Justum
970 4049 1159 4090 revera
1191 4035 1481 4104 judicium,
1506 4046 1570 4092 ac
1599 4036 1710 4092 Deo
1736 4036 1981 4108 dignum.
2015 4038 2221 4094 Primo-

651 4126 871 4193 genitus
918 4126 1007 4179 ille
1055 4125 1221 4181 lsrael
1252 4127 1527 4196 abjicitur.
1565 4127 1749 4182 Noluit
1776 4128 1921 4181 enim
1974 4136 2221 4197 perstare

654 4219 708 4269 in
738 4216 1123 4286 conjunctione
1141 4233 1265 4272 cum
1301 4221 1428 4284 Deo,
1463 4235 1639 4288 neque
1660 4219 1856 4273 Filium
1898 4221 2115 4290 excepit
2149 4221 2218 4274 ad

653 4308 873 4377 propria
904 4310 1243 4366 venientem:
1277 4312 1580 4367 nobilitatis
1611 4311 1923 4381 largitorem
1957 4314 2217 4382 reprobac

652 4398 749 4461 vit,
784 4407 1065 4454 auctorem
1095 4402 1284 4471 gratiae
1313 4402 1535 4472 repulit,
1565 4417 1727 4471 quem
1782 4412 1972 4472 gentes
2005 4420 2221 4476 recepe-

2320 1958 2429 2031 γὰρ
2484 1957 2825 2029 πρωτότοκός
2877 1973 2979 2026 μον
3044 1953 3302 2026 Ἰσραὴλ,
3346 1971 3367 2003 ι
3422 1951 3555 2021 φησί
3611 1964 3714 2001 που
3763 1946 3919 2016 πρδς

2318 2049 2521 2106 Μωσέα
2550 2049 2703 2114 Θεὸς,
2733 2048 2793 2104 δν
2819 2048 2884 2118 δὴ
2920 2048 3016 2102 καὶ
3042 2048 3117 2111 ὡς
3149 2048 3245 2100 ἕνα
3275 2045 3370 2100 καὶ
3409 2043 3686 2113 ἐξαίρετον
3716 2037 3918 2108 ἐαυτῷ

2324 2145 2483 2199 πάλιν
2503 2141 2793 2207 ἀνατιθεὶς,
2817 2138 2948 2195 ἴδιον
2974 2139 3221 2209 ὠνόμαζε
3242 2136 3371 2191 λαόν
3393 2153 3407 2167 ·
3436 2150 3455 2187 ι
3479 2129 3909 2201 Ἐξαπόστειλον

2322 2237 2415 2291 τὸν
2446 2236 2572 2291 λαόν
2606 2252 2729 2307 μου,
2759 2252 2777 2286 ι
2813 2233 2949 2305 πρὸς
2980 2232 3179 2302 Φαραὼ
3210 2229 3301 2283 τὸν
3325 2228 3605 2297 Αἰγύπτου
3636 2224 3917 2293 τύραννον

2321 2329 2510 2383 εἰπών.
2541 2327 2786 2381 Δεικνύει
2812 2342 2876 2393 γε
2911 2325 3020 2396 μὴν
3048 2320 3194 2386 ἰδίως
3222 2321 3494 2392 ἀνήκοντα
3529 2317 3607 2388 τῷ
3638 2315 3759 2386 Θεῷ
3788 2312 3915 2367 τῶν

2327 2418 2443 2493 [γρ.
2474 2418 2607 2490 τὸν]
2639 2417 2858 2488 Ἰσραὴλ
2879 2456 2894 2481 ,
2923 2415 3019 2469 καὶ
3043 2415 3107 2468 ὲκ
3129 2410 3441 2467 Μωσαῖκῶν
3482 2409 3701 2482 βιϐλίων
3738 2406 3911 2474 λόγος

2319 2510 2544 2580 ἀληθής.
2580 2524 2599 2560 ι
2639 2510 2768 2562 Ὅτε
2801 2507 2908 2577 γὰρ
2934 2544 2950 2568 ,
3003 2503 3136 2576 φησί
3158 2544 3173 2567 ,
3208 2502 3520 2573 διεμέριζεν
3558 2501 3589 2553 6
3628 2498 3910 2567 ’Υψιστος

2320 2597 2447 2672 ἔθνη
2457 2632 2471 2665 ι
2495 2600 2571 2664 ὡς
2594 2600 2902 2669 διέσπειρεν
2922 2597 3073 2659 υἱοὺς
3110 2593 3303 2665 Ἀδὰμ,
3334 2593 3558 2663 ἔστησεν
3580 2592 3704 2661 ὅρια
3726 2588 3909 2641 ἐθνῶν

2320 2691 2465 2744 κατὰ
2510 2690 2741 2762 ἀριθμὸν
2790 2688 3038 2757 ἀγγέλων
3083 2687 3242 2740 Θεοῦ.
3296 2685 3408 2740 Καὶ
3456 2682 3686 2754 ἐγενήθη
3740 2681 3907 2751 μερὶς

2320 2780 2525 2855 Κυρίου
2571 2783 2698 2847 λαὸς
2735 2781 2898 2836 αὑτοῦ
2929 2779 3124 2835 Ἰακὼϐ
3149 2822 3162 2845 ,
3197 2778 3486 2849 σχοίνισμα
3535 2770 3905 2846 κληρονομίας

2320 2876 2484 2929 αύτοῦ
2512 2874 2751 2946 Ἰσραήλ·
2776 2867 2854 2941 »ᾧ
2874 2872 2968 2926 καὶ
2987 2871 3366 2941 ὲπεφοίτησεν,
3396 2868 3469 2932 ὡς
3495 2868 3552 2919 ὲν
3575 2866 3687 2935 ἰδίῳ
3712 2864 3905 2934 κλήρῳ

2319 2964 2414 3020 καὶ
2462 2966 2521 3018 ὲν
2566 2962 2678 3036 ἰδίῳ
2730 2962 3104 3034 σχοινίσματι,
3139 2960 3332 3029 λέγων’
3375 2977 3394 3011 ι
3435 2958 3549 3011 Οὐκ
3583 2953 3901 3023 ἀπεστάλην

2320 3054 2370 3107 εί
2404 3054 2479 3125 μή
2508 3055 2587 3117 εἰς
2611 3055 2680 3106 τὰ
2708 3053 2959 3125 πρόϐατα
2977 3052 3047 3105 τὰ
3070 3050 3387 3104 ἀπολωλότα
3411 3048 3562 3101 οἴκου
3590 3043 3835 3116 Ἰσραήλ.
3876 3062 3895 3094 ι

2335 3143 2552 3215 Ἐπειδὴ
2591 3143 2649 3196 δὲ
2687 3144 2748 3196 ού
2803 3130 3135 3213 παρεδέχθη,
3184 3140 3285 3211 τὴν
3323 3141 3484 3211 χάριν
3526 3134 3608 3202 είς
3653 3137 3722 3191 τὰ
3766 3135 3901 3205 ἔθνη

2329 3232 2639 3302 μεθίστησι,
2682 3231 2777 3284 καί
2819 3228 3111 3300 φωτίζεται
3159 3231 3256 3301 μὲν
3289 3230 3318 3281 6
3359 3228 3563 3298 κόσμος
3596 3221 3691 3281 διά
3727 3238 3900 3296 μετα-

2326 3324 2473 3386 νοίας
2511 3324 2605 3375 καὶ
2633 3322 2888 3386 πίστεως,
2927 3322 3202 3392 ἀγνοήσας
3228 3319 3392 3373 αὑτὸν
3418 3319 3476 3371 ὲν
3500 3317 3643 3387 ἀρχῇ
3663 3354 3680 3380 ,
3708 3314 3902 3368 παλιν-

2326 3416 2516 3485 δρομεῖ
2560 3415 2615 3467 δὲ
2648 3413 2676 3464 6
2716 3414 2814 3482 τῆς
2837 3454 2851 3468 .
2880 3453 2895 3467 .
2924 3451 2938 3465 .
2964 3452 2978 3465 .
3006 3450 3020 3465 .
3047 3451 3062 3466 .
3086 3449 3102 3465 .
3129 3450 3143 3465 .
3170 3452 3182 3465 .
3212 3410 3293 3473 είς
3340 3409 3430 3462 τὸν
3466 3408 3589 3461 ὅθεν
3624 3402 3900 3474 ἐκϐέϐηκε

2326 3502 2542 3555 σκότον⁶
2574 3500 2654 3553 διδ
2681 3500 2745 3552 δὴ
2792 3500 2885 3553 καὶ
2932 3499 3169 3568 ἔφασκεν
3195 3501 3225 3553 6
3259 3498 3451 3568 Σωτήρ
3472 3513 3487 3525 ’
3519 3515 3538 3548 ι
3575 3497 3672 3560 Εἰς
3720 3498 3895 3565 κρῖμα

2321 3590 2455 3658 ἐγὼ,
2486 3592 2561 3653 εἰς
2576 3590 2667 3644 τὸν
2687 3591 2889 3658 κόσμον
2909 3589 3093 3643 τοῦτον
3121 3586 3303 3661 ἦλθον,
3327 3589 3414 3642 ἵνα
3432 3590 3481 3641 ot
3511 3587 3586 3659 μὴ
3611 3587 3901 3658 βλίττοντες

2318 3680 2578 3750 βλάψωσι,
2611 3682 2703 3733 καὶ
2728 3681 2777 3732 oi
2814 3680 3099 3749 βλέποντες
3123 3679 3314 3749 τυφλοὶ
3350 3678 3633 3747 γένωνται.
3665 3696 3689 3728 ι

2392 3771 2562 3823 Ὅσοι
2580 3769 2649 3822 δὲ
2676 3769 2896 3822 ἔλαϐον
2913 3768 3121 3833 αὑτὸν,
3140 3768 3354 3821 ἔδωκεν
3374 3766 3581 3834 αὐτοῖς
3605 3766 3903 3831 ἐξουσίαν

2320 3861 2502 3914 τέκνα
2541 3860 2688 3914 Θεοῦ
2734 3859 3030 3929 γενέσθαι,
3070 3858 3195 3924 τοῖς
3257 3858 3655 3911 πιστεύουσιν
3699 3858 3787 3922 εἰς
3829 3855 3901 3907 τὸ

2323 3953 2511 4020 ὄνομα
2541 3950 2748 4004 αὑτοῦ.

2396 4044 2584 4114 Κρίμα
2620 4042 2824 4094 δίκαιον
2864 4040 3033 4103 δντως
3074 4039 3169 4092 καὶ
3213 4037 3536 4110 θεοπρεπές.
3577 4038 3637 4091 ’0
3686 4039 3900 4107 προπόμ-

2322 4149 2478 4197 τοκος
2546 4132 2760 4203 Ἰσραὴλ
2820 4131 3157 4201 ἑκρίπτεται.
3227 4130 3301 4183 Οὐ
3360 4131 3469 4201 γὰρ
3525 4130 3786 4199 ἠθέλησεν
3834 4130 3898 4181 ὲν

2323 4226 2615 4295 οἰκειότητι
2648 4225 2917 4293 διαμεῖναι
2967 4225 3032 4293 τῇ
3073 4223 3209 4293 πρὸς
3253 4222 3343 4275 τὸν
3387 4222 3539 4287 Θεὸν,
3572 4221 3694 4275 οὐδὲ
3726 4237 3896 4291 προσ⁶

2324 4317 2496 4387 ήκατο
2521 4316 2615 4368 τὸν
2650 4316 2792 4377 Υίὸν,
2820 4314 2894 4378 ὡς
2921 4316 2978 4366 ὲν
3012 4314 3162 4375 ἰδίοις
3193 4314 3628 4385 ἐπιδημήσαντα·
3660 4315 3754 4367 τὸν
3793 4314 3897 4383 τῆς

2324 4406 2601 4474 εὐγενείας
2653 4403 3021 4474 ἀπεδοκίμασε
3077 4404 3312 4473 χορηγὸν
3338 4443 3352 4470 ,
3409 4407 3501 4457 τὸν
3547 4404 3747 4474 δοτῆρα
3794 4405 3895 4473 τῆς

652 4497 782 4542 runt
810 4505 908 4559 per
935 4490 1114 4546 fidem.
1149 4490 1331 4558 Quare
1374 4492 1661 4547 dementia:
1700 4508 1813 4548 sua:
1844 4506 2219 4551 auctoramen-

2323 4499 2541 4569 χάριτος
2574 4495 2833 4549 ἀπώσατο
2858 4535 2873 4558 ,
2920 4494 3280 4564 προσεδέξατο
3308 4495 3364 4548 δὲ
3408 4496 3476 4549 τὰ
3508 4494 3634 4567 ἔθνη
3667 4496 3754 4548 διὰ
3795 4496 3893 4564 τῆς

650 4589 765 4634 tum
811 4579 984 4637 lsrael
1005 4582 1130 4651 jure
1160 4584 1357 4637 merito
1388 4584 1655 4653 recipiet:
1702 4585 1907 4654 lugebit
1942 4587 2215 4655 jacturam

650 4671 940 4734 bonorum,
960 4673 1217 4727 acerbum
1250 4674 1570 4728 temeritatis
1594 4690 1709 4729 sum
1736 4675 1968 4730 fructum
1999 4679 2219 4747 colliget

650 4762 945 4831 adoptione
977 4763 1211 4817 ﬁliorum
1240 4764 1331 4819 Dei
1361 4766 1641 4822 nudatus:
1693 4776 1884 4821 contra
1928 4784 2057 4822 vero
2095 4770 2217 4825 ﬁdei

651 4853 812 4911 bonis
862 4867 1052 4925 gentes
1100 4854 1472 4925 perfruentur,
1518 4859 1794 4913 luculenta
1831 4861 2082 4930 obsequii
2132 4860 2218 4915 sui

651 4948 872 5015 praemia
907 4955 1334 5017 consequentur,
1368 4961 1423 5004 et
1464 4950 1518 5003 in
1546 4952 1668 5017 ejus
1694 4951 1869 5004 locum
1905 4953 2218 5021 transplan-

653 5035 934 5091 labuntur.
983 5036 1318 5092 Excidentur
1361 5039 1507 5093 enim
1557 5055 1625 5094 ex
1669 5041 1904 5095 naturali
1953 5043 2218 5105 oleastro,

652 5129 749 5181 sed
812 5127 1095 5199 frugifera
1141 5128 1273 5183 olea;
1322 5132 1729 5199 supernaturali
1780 5135 2110 5187 inserentur.
2160 5132 2225 5185 Et

650 5218 1075 5288 audietquidem
1098 5217 1296 5273 lsrael:
1327 5239 1347 5270 ι
1378 5219 1490 5285 Vae,
1516 5239 1648 5293 gens
1676 5225 1970 5292 pwcatrix,
1993 5224 2224 5295 papulas

655 5315 1005 5376 peccatorum
1025 5309 1240 5375 plenus,
1264 5326 1450 5367 semen
1477 5329 1726 5383 pravum,
1751 5314 1842 5368 lilii
1864 5316 2105 5378 scelesti,
2128 5316 2224 5369 de-

652 5398 953 5466 reliquistis
987 5399 1299 5469 Dominum,
1332 5412 1387 5457 et
1419 5405 1487 5458 ad
1522 5404 1861 5458 iracundiam
1899 5407 2221 5461 concitastis

651 5497 909 5542 sanctum
962 5487 1128 5545 lsrael
1154 5492 1220 5545 ⁸⁷.
1262 5512 1279 5543 ι
1321 5494 1526 5550 Gentes
1574 5504 1775 5559 autem,
1809 5511 1839 5551 e
1872 5495 2072 5553 Christi
2098 5498 2215 5552 dis-

650 5574 881 5646 scipulis
909 5579 1132 5648 quidam
1160 5584 1504 5653 compellabit
1536 5584 1619 5640 his
1655 5585 1834 5641 verbis
1860 5603 1872 5638 :
1923 5607 1941 5638 ι
1984 5585 2088 5642 Vos
2118 5603 2215 5640 au-

717 5689 765 5761 δ’
810 5688 981 5745 Ειοά-
1020 5708 1091 5759 ῐνν
1143 5693 1232 5750 92.
1366 5697 1605 5751 "Exod.
1663 5715 1777 5761 vm,
1834 5700 1881 5751 vl.

646 5761 696 5794 ’⁷
730 5760 831 5815 Isa.
869 5776 905 5824 ι,
964 5763 1016 5817 4.

2038 5700 2081 5731 ’⁸⁵
2138 5698 2294 5752 Deut.
2332 5709 2501 5762 xxx",
2558 5692 2609 5755 8,
2654 5689 2706 5743 9.
2786 5690 2829 5721 ²⁸
2862 5689 3047 5743 Matth.
3091 5705 3180 5755 xv,
3209 5689 3297 5743 ‘24.

2325 4589 2580 4651 πίστεως.
2616 4587 2823 4640 Οὐκοῦν
2851 4585 2961 4650 ἕξει
3000 4585 3096 4655 μὲν
3120 4586 3345 4647 εἰκότως
3378 4588 3407 4637 6
3458 4586 3674 4657 Ἰσραήλ
3700 4588 3767 4639 τὰ
3796 4588 3893 4655 τῆς

2324 4679 2581 4739 ἀπονοίας
2603 4676 2809 4744 ὀψώνια
2832 4692 2846 4705 ο
2882 4676 3141 4745 θρηνήσει
3163 4674 3268 4728 τῶν
3294 4675 3516 4743 ἀγαθῶν
3541 4677 3639 4746 τὴν
3663 4676 3885 4748 ζημίανο

2324 4768 2519 4839 πικρὸν
2550 4766 2886 4835 ἀπολήψεται
2920 4766 3012 4819 τὸν
3042 4765 3142 4834 τῆς
3170 4761 3362 4819 ἑαυτοῦ
3395 4765 3715 4830 δυσϐουλίας
3752 4785 3885 4835 καρ·

2325 4857 2445 4918 πον,
2475 4856 2573 4925 τῆς
2616 4853 2888 4917 υἱοθεσίας
2918 4854 3398 4925 ἀπογυμνούμενος
3422 4872 3436 4885 ·
3477 4857 3801 4926 ἐντρυφήσει
3833 4857 3887 4909 δὲ

2324 4948 2391 5001 τὰ
2439 4946 2565 5015 ἔθνη
2598 4948 2711 5007 τοῖς
2750 4945 2813 4996 ἐκ
2847 4945 3079 5007 πίστεως
3113 4946 3357 5013 ἀγαθοῖς,
3385 4945 3614 5016 λαμπρά
3657 4947 3755 5016 τῆς
3784 4947 3887 4998 ύπ-

2324 5039 2492 5105 ακοῆς
2519 5037 2740 5107 εὑρήσει
2767 5035 2833 5088 τὰ
2861 5035 3022 5106 γέρα,
3054 5035 3146 5089 καὶ
3178 5037 3314 5107 πρὸς
3352 5037 3441 5089 τὸν
3484 5038 3695 5091 ἐκείνου
3726 5055 3886 5107 μετα-

2327 5126 2753 5197 μοσχευθήσεται
2791 5126 2954 5178 τόπον
2984 5143 2995 5156 ·
3039 5127 3402 5196 ὲκκοπήσεται
3435 5129 3532 5195 μὲν
3562 5128 3669 5198 γὰρ
3698 5130 3762 5179 ὲκ
3787 5128 3884 5198 τῆς

2321 5218 2462 5272 κατὰ
2489 5218 2647 5288 φύσιν
2674 5217 3005 5289 ἀγριελαίου,
3037 5217 3359 5287 καλλιελαίῳ
3378 5218 3434 5270 δὲ
3460 5221 3523 5288 τῇ
3553 5221 3703 5289 παρά
3728 5220 3885 5287 φύσιν

2320 5308 2865 5379 ὲγκεντρισθήσεται,
2929 5306 3024 5358 καὶ
3077 5305 3369 5359 ἀκούσεται
3424 5308 3523 5375 μὲν
3569 5308 3598 5358 ό
3652 5306 3880 5377 Ἰσραήλ·

2325 5421 2346 5453 ι
2386 5401 2522 5454 Ούαί
2557 5398 2707 5461 ἔθνος
2749 5396 3107 5467 ἁμαρτωλὸν,
3155 5397 3279 5459 λαὸς
3318 5394 3531 5466 πλήρης
3578 5396 3884 5468 ἁμαρτιῶν,

2323 5490 2544 5560 σπέρμα
2593 5485 2868 5555 πονηρὸν,
2927 5484 3033 5536 υἱοὶ
3083 5484 3292 5555 ἄνομοι,
3345 5486 3730 5553 ἐγκατελίπετε
3796 5486 3885 5539 τὸν

2321 5580 2549 5651 Κύριον,
2582 5576 2677 5628 καὶ
2724 5574 3111 5646 παρωργίσατε
3148 5576 3239 5628 τὸν
3268 5575 3422 5643 ἅγιον
3451 5574 3546 5627 τοῦ
3592 5576 3823 5645 Ἰσραήλ.
3861 5593 3880 5627 ι

3400 5690 3446 5724 ι’
3482 5687 3640 5745 Joan.
3691 5705 3765 5753 Ix,
3796 5689 3879 5743 39.
