4168 6558
686 356 791 414 155

1706 359 1762 414 S.
1807 359 2083 415 CYRIIJJ
2125 359 2592 419 ALEXAADRINI
2650 370 2971 429 AliCIIlEP.

3842 390 3969 444 156

684 477 809 544 quis
835 491 931 531 eos
968 482 1185 546 putaret
1205 493 1266 531 ex
1297 475 1391 532 Dei
1418 492 1483 532 ac
1508 477 1688 532 Patris
1723 479 2033 534 substantia
2064 494 2238 535 revera

2360 486 2814 551 πεπιστευκότας,
2866 490 2953 542 ἵνα
3014 492 3178 562 μήτις
3227 497 3407 567 οἴηται
3447 500 3549 569 τῆς
3594 502 3796 566 οὐσίας
3847 503 3964 557 τοῦ

685 564 923 633 genitos,
971 573 1026 620 et
1059 583 1153 636 per
1180 568 1364 622 omnia
1402 569 1611 624 similes
1639 585 1763 625 esse
1810 568 2125 640 Unigenito,
2160 580 2238 624 aut

2355 573 2489 627 Θεοῦ
2522 576 2615 629 καὶ
2640 579 2851 651 Πατρὸς
2872 582 3237 652 ἐκπεφυκέναι
3272 564 3413 643 κάτά
3430 564 3687 662 ἀλῆθειαν
3707 564 3960 659 αῦτοὺς,

687 656 851 707 etiam
884 654 951 708 de
980 656 1075 710 illo
1117 658 1341 713 abusive
1372 658 1479 714 dici
1516 679 1529 714 :
1566 677 1583 710 ι
1621 659 1696 713 Ex
1737 668 1893 715 utero
1936 668 2059 715 ante
2087 659 2251 714 Luci-

686 745 863 801 ferum
899 749 1057 818 genui
1094 758 1144 805 te
1176 749 1255 814 ³¹;
1312 769 1330 801 ι
1384 759 1547 818 atque
1587 749 1661 802 ita
1693 748 1911 803 domum
1947 747 2002 801 in
2037 757 2253 802 creatu-

687 856 868 895 rarum
905 856 1150 898 naturam
1186 843 1303 913 ipse
1352 857 1569 913 quoque
1604 840 2012 905 dctruderetur,
2044 840 2174 896 licet
2220 855 2250 894 a

686 935 797 989 Deo
831 937 1049 1006 genitus
1077 936 1317 1001 dicatur,
1346 936 1549 990 idcirco
1574 936 1715 989 hanc
1739 934 2052 987 cautionem
2084 946 2251 987 exco-

682 1029 840 1098 gitat.
874 1030 1008 1085 Cum
1035 1032 1179 1084 enim
1220 1038 1546 1099 potestatem
1575 1044 1603 1082 a
1631 1028 1867 1083 naturali
1900 1026 2037 1080 Filio
2067 1026 2250 1079 datam

684 1123 752 1176 iis
783 1139 903 1177 esse
932 1122 1151 1187 dixerit,
1193 1131 1253 1176 ut
1281 1124 1378 1176 lilii
1434 1122 1525 1177 Dei
1574 1124 1786 1184 tierent,
1834 1119 2126 1188 adoptione
2165 1118 2251 1171 ni-

684 1217 884 1272 mirum
916 1225 971 1271 et
988 1217 1182 1286 gratia,
1202 1216 1418 1270 tandem
1438 1216 1717 1271 tutissime
1740 1211 1984 1282 suhjieit,
2007 1231 2023 1261 ι
2048 1212 2119 1266 Ex
2141 1210 2250 1264 Deo

683 1314 799 1367 nati
819 1320 945 1368 sunt
961 1330 974 1366 :
989 1331 1007 1363 ι
1025 1311 1515 1382 utgratiaequoque
1536 1306 1963 1377 magnitudinem
1978 1304 2246 1370 ostendat,

682 1422 789 1476 qua
824 1407 967 1477 quod
1007 1407 1245 1460 alienum
1275 1413 1360 1460 est
1391 1418 1419 1456 a
1454 1402 1561 1457 Deo
1601 1417 1665 1455 ac
1690 1399 1868 1465 Patre,
1900 1398 1967 1452 ad
2000 1397 2121 1466 ejus
2153 1412 2251 1451 na-

683 1498 861 1551 turale
888 1495 1290 1566 quodammodo
1314 1493 1652 1548 consortium
1689 1491 1982 1560 colligitur,
2009 1496 2063 1543 et
2102 1487 2246 1558 quod

680 1605 897 1643 servum
929 1598 1032 1651 est,
1062 1587 1128 1641 ad
1160 1585 1373 1640 Domini
1404 1585 1740 1638 nobilitatem
1768 1582 1839 1637 ob
1872 1582 2247 1636 vehementem

677 1681 799 1748 ejus
828 1679 1149 1733 charitatem
1177 1678 1450 1732 evehitur.
1483 1674 1588 1730 Sed
1626 1675 1757 1745 quid
1796 1673 1995 1742 majus,
2037 1672 2249 1742 inquiet

2355 667 2449 719 καὶ
2484 671 2563 732 είς
2599 670 3019 743 ἀπαράλλακτον
3056 679 3349 751 ὁμοιότητα
3381 682 3596 754 τρέχειν
3636 685 3714 756 τῷ
3747 688 3960 742 Μονο-

2353 766 2516 831 γενεῑ,
2539 763 2571 833 ἢ
2590 765 2682 817 καὶ
2704 767 2824 819 κατ’
2839 769 3046 823 ἐκείνου
3063 775 3540 842 καταχρηστικώτε
3548 793 3639 846 ρον
3650 778 3954 846 λέγεσθαι,

2352 852 2445 917 rb,
2484 871 2502 903 ι
2562 854 2655 906 Ἐκ
2680 857 2914 926 γαστρὸς
2957 860 3063 929 πρὸ
3096 862 3371 933 ἐωσφόρου
3422 863 3750 937 ἐξεγέννησά
3781 872 3901 932 ce,’
3923 888 3947 920 ι

2350 940 2491 995 οὕτω
2519 961 2577 995 τε
2619 946 2802 1000 λοιπὸν
2845 950 2924 1013 είς
2978 950 3076 1020 τὴν
3125 952 3233 1006 τῶν
3267 956 3584 1025 ποιημάτων
3628 960 3723 1011 καὶ
3760 959 3953 1022 αὐτὸς

2351 1036 2710 1107 καταφέροιτο
2736 1039 2914 1107 φύσιν,
2955 1042 3047 1093 καὶ
3072 1044 3119 1095 εί
3147 1043 3355 1112 λέγοιτο
3384 1049 3739 1119 γεγεννῆσθαι
3772 1050 3949 1120 παρὰ

2350 1127 2507 1192 Θεοῦ,
2549 1129 2860 1198 ἀναγκαίως
2894 1134 3026 1202 ἡμῖν
3075 1140 3391 1205 προεπινοεῖ
3440 1139 3540 1209 τὴν
3596 1142 3940 1209 ἀσφάλειαν.

2349 1221 2603 1275 Δεδόσθαι
2632 1222 2740 1293 γὰρ
2784 1224 2966 1286 αὐτοῖς
2992 1226 3241 1291 ἐξουσίαν
3271 1229 3442 1284 εἰπὼν
3475 1234 3625 1302 παρά
3652 1235 3748 1287 τοῦ
3778 1235 3943 1288 κατά

2350 1314 2512 1381 φύσιν
2545 1315 2675 1368 Υἱοῦ
2718 1317 2853 1386 πρὸς
2890 1318 2950 1370 rb
2995 1320 3251 1388 γενέσθαι
3294 1321 3461 1377 τέκνα
3495 1324 3630 1377 Θεοῦ
3657 1363 3671 1388 ,
3717 1326 3818 1379 καὶ
3873 1326 3939 1379 rb

2351 1406 2495 1460 θέσει
2535 1408 2629 1461 καὶ
2664 1410 2845 1480 χάριτι
2874 1411 2963 1464 διὰ
2992 1412 3180 1465 τούτου
3212 1415 3665 1484 προεισενεγκὼν,
3702 1416 3940 1469 ἀκινδύ-

2349 1512 2455 1558 νως
2491 1496 2685 1566 ἐπάγει
2727 1498 2911 1553 λοιπὸν
2954 1502 3046 1567 rb,
3085 1521 3105 1554 ι
3167 1503 3262 1557 Ἐκ
3289 1503 3423 1556 Θεοῦ
3470 1505 3869 1576 ἐγεννήθησαν⁹
3910 1526 3928 1556 ι

2350 1586 2436 1639 ἴνα
2480 1588 2572 1641 καὶ
2607 1590 2705 1659 τῆς
2733 1592 2819 1643 ἐπ’
2854 1591 3036 1656 αὐτοῖς
3066 1594 3284 1663 χάριτος
3305 1595 3545 1667 ἐπιδείξῃ
3582 1596 3643 1649 rb
3666 1596 3934 1667 μέγεθος,

2348 1675 2537 1748 ὥσπερ
2578 1680 2657 1743 είς
2689 1680 2994 1752 οἰκειότητα
3028 1684 3263 1755 φυσικὴν
3302 1684 3645 1754 συλλέγοντος
3671 1686 3734 1740 rb
3765 1687 3932 1740 ἀλλόο

675 1771 863 1826 forsan
900 1770 1120 1840 aliquis,
1152 1769 1231 1823 vel
1268 1769 1398 1838 quid
1430 1768 1613 1823 eximii
1646 1782 1758 1836 prae
1799 1765 2066 1822 Israelitis
2098 1766 2238 1822 nacti

2347 1785 2495 1838 τριον
2526 1770 2620 1823 τοῦ
2644 1771 2779 1824 Θεοῦ
2810 1774 2903 1825 καὶ
2932 1775 3166 1845 Πατρός,
3202 1777 3381 1831 καὶτὸ
3405 1777 3590 1831 δοῦλον
3624 1781 3705 1843 είς
3730 1779 3936 1832 δεσπο-

675 1874 805 1919 sunt
836 1863 1046 1923 lideles,
1071 1878 1200 1916 eum
1232 1869 1288 1915 et
1333 1861 1436 1930 ipsi
1467 1860 1726 1914 Israelita
1755 1861 1869 1913 nati
1913 1874 2038 1914 esse
2077 1874 2106 1912 a
2134 1858 2238 1914 Deo

2343 1864 2500 1934 τικὴν
2548 1864 2824 1932 εὐγένειαν
2878 1866 3331 1933 ἀναϐιϐάζοντος,
3383 1868 3470 1922 διὰ
3515 1870 3613 1941 τὴν
3644 1871 3724 1932 είς
3753 1871 3933 1923 αὑτὸν

675 1956 945 2012 dicantur.
976 1953 1133 2021 juxta
1170 1952 1304 2005 illud
1341 1970 1353 2004 :
1398 1970 1415 2003 ι
1467 1950 1635 2005 Filios
1666 1951 1850 2020 genui,
1897 1960 1950 2006 et
1977 1951 2240 2016 exallavi,

674 2056 729 2101 et
766 2047 870 2115 ipsi
898 2053 1078 2100 autem
1127 2052 1452 2114 spreverunt
1485 2059 1569 2098 me
1610 2045 1674 2098 ³³.
1717 2062 1735 2096 ι
1769 2044 1851 2099 Ad
1880 2045 1984 2099 hoc
2017 2060 2244 2113 respon-

674 2139 890 2199 demus,
938 2138 1173 2207 primum
1213 2135 1452 2205 quidem,
1500 2136 1646 2205 quod
1690 2150 1815 2190 cum
1864 2136 1949 2191 Iex
1991 2135 2242 2191 umbram

676 2231 986 2285 futurorum
1024 2231 1291 2285 bonorum
1319 2229 1566 2291 haberet,
1598 2245 1706 2283 non
1739 2237 1918 2284 autem
1947 2229 2121 2298 ipsam
2158 2244 2244 2283 re-

674 2339 797 2376 rum
825 2337 1010 2376 veram
1043 2323 1299 2392 speciem,
1334 2321 1411 2376 ita
1450 2337 1626 2390 neque
1654 2321 1797 2376 istud
1825 2321 2089 2377 Israelitis
2116 2338 2244 2377 vere

673 2428 1020 2478 concessum,
1068 2413 1162 2467 sed
1201 2412 1380 2482 typice
1423 2422 1475 2468 et
1525 2416 1749 2483 ﬁgurate
1804 2413 2134 2483 descriptum
2187 2415 2241 2467 in

674 2505 811 2574 ipsis
848 2504 970 2569 fuit,
1011 2525 1028 2555 ι
1070 2504 1254 2574 Usque
1319 2505 1386 2558 ad
1437 2513 1649 2574 tempus
1693 2505 2054 2559 correctionis
2101 2505 2177 2567 “,
2216 2523 2236 2556 ι

673 2599 815 2653 sicut
843 2598 1105 2667 scriptum
1137 2607 1239 2661 est,
1276 2613 1384 2666 quo
1421 2597 1688 2651 emersuri
1718 2608 1873 2651 erant
1908 2597 2001 2665 qui
2045 2596 2243 2652 decen-

671 2691 783 2744 tius
838 2697 1003 2759 atque
1032 2689 1213 2743 verius
1260 2697 1477 2757 propter
1526 2689 1920 2742 iuhahitantem
1962 2688 2237 2757 Unigeniti

672 2780 939 2849 Spiritum
979 2780 1196 2834 Patrem
1232 2779 1400 2834 Deum
1447 2781 1802 2849 appellarent.
1850 2780 1927 2834 Illi
1967 2780 2238 2849 siquidem

666 2873 941 2927 habebant
990 2891 1008 2923 ι
1054 2873 1311 2941 spiritum
1346 2873 1628 2927 servitutis
1661 2874 1716 2925 in
1759 2873 1975 2934 timore,
2008 2872 2061 2925 hi
2110 2887 2239 2927 vero

668 2965 924 3040 spiritum
953 2963 1270 3033 ad0plionis
1302 2964 1558 3022 ﬁliorum,
1607 2982 1623 3013 ι
1657 2965 1710 3017 ἱη
1748 2963 2071 3027 libertatem,
2123 2983 2140 3015 ι
2182 2964 2239 3019 in

667 3071 777 3125 quo
817 3056 1118 3110 clamamus
1143 3072 1156 3107 :
1185 3054 1337 3108 Abba
1366 3054 1526 3109 Pater
1545 3054 1611 3107 ³⁸.
1641 3075 1659 3106 ι
1680 3054 1849 3123 Igitur
1877 3055 2107 3125 populus
2142 3071 2239 3126 per

2346 1951 2553 2024 θερμὴν
2598 1955 2893 2026 ἀγάπησιν.
2935 1957 3000 2009 Τί
3044 1953 3137 2011 οὖν
3178 1959 3285 2029 ἄρα
3316 1960 3376 2013 τὸ
3422 1959 3619 2023 πλέον,
3667 1961 3789 2030 ἐρεῖ
3832 1977 3933 2023 τις

2342 2046 2538 2116 τυχόν;
2586 2047 2618 2117 ἢ
2669 2048 2720 2101 τί
2770 2048 2831 2101 rb
2860 2048 3137 2120 ἐξαίρετον
3187 2052 3245 2103 ἐν
3289 2053 3401 2115 τοῖς
3440 2050 3787 2105 πιστεύουσιν
3836 2054 3932 2115 είς

2342 2138 2577 2207 Χριστὸν
2608 2139 2758 2207 παρά
2780 2140 2871 2192 τὸν
2904 2141 3144 2212 Ἰσραὴλ,
3172 2143 3294 2195 ἐπεὶ
3322 2142 3418 2195 καὶ
3459 2143 3622 2206 αὐτὸς
3646 2142 3929 2211 γεγεννῆ-

2346 2228 2468 2281 σθαι
2493 2229 2706 2297 λέγεται
2738 2232 2889 2301 παρὰ
2918 2230 3053 2285 Θεοῦ
3081 2234 3220 2287 κατὰ
3251 2233 3335 2296 rb,
3372 2252 3391 2285 ι
3431 2234 3593 2296 Υὶοὺς
3646 2233 3943 2303 ἐγέννησα

2345 2322 2436 2374 καὶ
2465 2320 2676 2389 ὕψωσα,
2726 2323 2878 2375 αὐτοὶ
2925 2322 2984 2377 δέ
3034 2341 3103 2394 με
3144 2324 3452 2394 ἡθέτησαν;
3498 2345 3516 2376 ι
3552 2324 3698 2394 Πρὸς
3747 2324 3815 2393 δὴ
3847 2325 3926 2378 τὰ

2343 2412 2563 2465 τοιαῦτα
2588 2410 2739 2483 οἶμαι
2764 2414 2939 2481 λέγειν
2968 2415 3100 2481 δεῖν,
3126 2415 3340 2486 πρῶτον
3366 2416 3465 2485 μὲν
3485 2418 3566 2470 ὅτι
3590 2417 3748 2470 σκιὰν
3775 2416 3925 2487 ἔχων

2342 2506 2370 2557 ό
2407 2506 2568 2575 νόμος
2604 2508 2711 2560 τῶν
2762 2508 3063 2578 μελλόντων
3125 2510 3384 2577 ἀγαθῶν,
3439 2511 3541 2563 οῦκ
3590 2510 3763 2580 αὐτὴν
3814 2511 3924 2580 τὴν

2342 2598 2524 2650 εἰκόνα
2566 2598 2675 2650 τῶν
2716 2600 3089 2669 πραγμάτων,
3126 2600 3245 2652 οὐδέ
3294 2601 3452 2654 τοῦτο
3494 2602 3615 2654 κατ’
3647 2600 3921 2671 ἀλήθειαν

2343 2686 2488 2755 ἔχειν
2539 2687 2710 2741 ἐδίδου
2756 2692 2868 2752 τοῖς
2902 2690 2959 2755 ἐξ
3004 2690 3239 2761 Ἰσραὴλ,
3278 2691 3391 2744 ἀλλ’
3425 2691 3500 2754 ὼς
3530 2694 3589 2744 ἐν
3616 2691 3774 2761 τῦπῳ
3818 2694 3921 2745 καὶ

2343 2779 2578 2850 σχήματι
2600 2782 2942 2851 γραφόμενον
2966 2783 3023 2833 ἐν
3042 2783 3243 2845 αὐτοῖς⁹
3271 2802 3288 2832 ι
3305 2783 3467 2853 Ἀχρι
3485 2782 3677 2853 καιροῦ
3698 2783 3922 2852 διορθῶ-

2341 2888 2511 2937 σεως,
2556 2892 2575 2925 ι
2616 2872 2756 2926 καθὰ
2795 2873 3133 2943 γέγραπται,
3168 2873 3292 2926 καθ’
3338 2874 3396 2927 ὃν
3439 2873 3660 2943 ἔμελλον
3699 2875 3917 2929 ἀναδει-

2339 2962 2637 3034 χθήσεσθαι
2679 2963 2863 3017 λοιπὸν
2898 2966 2947 3017 οἱ
3002 2964 3447 3036 πρεπωδέστερόν
3476 2982 3535 3017 τε
3580 2968 3673 3018 καὶ
3717 2964 3917 3037 ἀληθές

2342 3070 2531 3122 στερον
2564 3054 2961 3119 ἀποκαλοῦντες
2996 3056 3212 3126 Πατέρα
3238 3056 3327 3109 rbv
3363 3056 3515 3120 Θεὸν,
3555 3056 3643 3109 διὰ
3672 3057 3736 3109 rb
3775 3058 3917 3111 ἐνοι-

665 3147 828 3203 ﬁdem
864 3147 919 3201 in
948 3146 1226 3201 Christum
1256 3146 1322 3199 ad
1354 3147 1587 3199 tiliorum
1622 3146 1970 3214 adoptionem
2003 3148 2238 3203 evehen-

2342 3145 2516 3213 κῆσαν
2545 3144 2725 3207 αὐτοῖς
2760 3145 2983 3217 Πνεῦμα
3012 3146 3104 3199 τοῦ
3137 3147 3472 3216 Μονογενοῦς
3494 3164 3509 3178 ⁸
3554 3149 3604 3200 οἱ
3656 3148 3755 3217 μὲν
3808 3149 3917 3217 γὰρ

664 3241 794 3304 dus,
846 3241 903 3295 in
964 3239 1081 3301 illo,
1134 3239 1281 3294 velut
1340 3239 1394 3291 in
1448 3238 1660 3301 umbra,
1708 3237 2089 3308 praeﬁguratus
2135 3248 2242 3306 est,

562 3396 567 3409 ε
663 3333 1119 3405 quemadmodum
1151 3346 1345 3400 nempe
1368 3328 1616 3384 videmus
1637 3330 1799 3383 etiam
1817 3329 2117 3398 spiritalem
2141 3332 2243 3386 cir-

663 3426 1060 3482 cumcisionem
1097 3423 1151 3477 in
1177 3422 1389 3475 illorum
1412 3435 1580 3474 carne
1602 3417 1936 3489 praaﬁgurari
1959 3438 1973 3485 ;
2001 3421 2054 3475 in
2088 3437 2241 3476 sum-

664 3532 752 3569 ma
776 3556 791 3579 ,
824 3513 1010 3569 omnia
1050 3520 1243 3568 nostra
1273 3513 1327 3566 in
1358 3511 1468 3565 illis
1498 3518 1655 3565 erant
1684 3511 1864 3581 typice
1890 3511 2235 3567 adumbrata.

661 3608 741 3661 Ad
766 3607 902 3668 hate.
937 3606 1172 3660 dicimus
1204 3603 1460 3657 Israelem
1500 3603 1676 3674 typice
1700 3610 1951 3657 vocatum
1981 3602 2151 3657 fuisse.
2183 3603 2237 3657 in

664 3698 1013 3769 adoptionem
1047 3694 1282 3749 ﬁliorum
1315 3693 1422 3764 93
1464 3692 1555 3748 Dei
1586 3710 1682 3763 per
1706 3694 2058 3750 mediatorem
2088 3693 2239 3766 Moy-

662 3806 760 3845 sen
794 3806 809 3856 ;
860 3788 1093 3858 ideoque
1139 3788 1191 3841 in
1236 3786 1414 3856 ipsum
1464 3801 1682 3854 quoque
1714 3786 1980 3855 haptizati
2013 3793 2142 3840 sunt
2179 3785 2233 3841 in

662 3882 811 3936 nube
862 3890 917 3935 et
949 3881 1005 3934 in
1054 3878 1219 3939 mari,
1266 3886 1327 3933 ut
1378 3875 1583 3933 Paulus
1617 3878 1687 3932 ait
1741 3877 1823 3941 ³⁵,
1859 3885 1910 3932 et
1956 3878 2011 3931 in
2064 3877 2233 3946 legem

662 3975 947 4032 servitutis
996 3991 1063 4029 ex
1109 3974 1380 4029 idolorum
1414 3974 1565 4027 cultu
1612 3974 2038 4043 reparabantur,
2068 3972 2236 4028 mini-

661 4074 839 4122 strato
871 4067 953 4121 eis
984 4066 1121 4137 legis
1166 4075 1440 4136 prmeepto
1475 4082 1569 4134 per
1597 4065 1843 4134 angelos.
1893 4065 1996 4132 Qui
2047 4075 2233 4121 autem

658 4159 717 4213 in
766 4158 1002 4211 ﬁliorum
1039 4156 1132 4212 Dei
1168 4158 1512 4227 adoptionem
1557 4157 1659 4211 ﬁde
1709 4158 1762 4211 in
1797 4157 2077 4213 Christum
2112 4173 2235 4213 eve-

659 4251 889 4312 huntur,
927 4264 1035 4302 non
1066 4248 1121 4302 in
1154 4264 1313 4301 unam
1350 4264 1377 4300 a
1415 4248 1690 4302 creaturis
1740 4246 2001 4316 aliquam,
2049 4248 2143 4303 sed
2177 4247 2231 4302 in

659 4339 835 4409 ipsam
883 4345 1129 4393 sanctam
1163 4335 1489 4391 Trinitatem
1528 4337 1911 4407 haptizantur,
1958 4338 2233 4394 mediante

659 4429 860 4489 Verbo.
896 4430 1041 4498 quod
1091 4429 1197 4483 sibi
1239 4429 1631 4483 humanitatem
1679 4431 1898 4498 quidem
1948 4431 2233 4501 coniungit

659 4538 755 4591 per
792 4536 1012 4575 carnem
1045 4520 1273 4579 ttnitam,
1300 4519 1392 4572 scd
1434 4520 1761 4575 naturaliter
1805 4519 1954 4574 Patri
1995 4520 2231 4589 conjun-

655 4615 827 4683 gitur,
860 4623 1137 4680 quatenus
1167 4618 1361 4665 natura
1395 4611 1558 4665 Deus.
1592 4610 1703 4665 lIoc
1723 4614 1869 4667 enim
1902 4622 2064 4682 pacto
2086 4614 2231 4669 servi

656 4706 721 4757 ad
759 4703 1074 4758 ﬁliationem
1109 4712 1394 4764 vocantur,
1433 4718 1527 4770 per
1558 4705 1672 4756 veri
1698 4702 1820 4757 Filii
1853 4705 2232 4775 participatio-

654 4810 776 4849 nem
809 4792 877 4847 ad
908 4792 1232 4863 dignitatem
1257 4793 1303 4847 ei
1333 4793 1659 4847 naturaliter
1688 4794 2099 4850 inexsistentem
2134 4811 2232 4849 vo-

650 4887 758 4939 cati
797 4893 850 4940 et
905 4883 1315 4954 quodammodo
1368 4886 1564 4939 evecti.
1616 4886 1792 4950 Quam
1841 4886 1912 4939 ob
1958 4890 2074 4940 rem
2132 4885 2227 4940 ﬁlii

652 4976 745 5030 Dei
778 4976 1017 5031 dicimur
1044 4992 1107 5031 ac
1133 4992 1349 5037 sumus,
1383 4976 1474 5046 qui
1519 4977 1824 5045 spiritalem
1853 4977 2229 5047 regeneratio-

654 5082 774 5120 nem
808 5082 906 5136 per
942 5065 1101 5119 ﬁdem
1155 5065 1492 5135 accepimus.
1526 5066 1630 5119 Sed
1684 5066 1944 5133 quoniam
1981 5068 2227 5122 nonnulli

654 5158 919 5226 praecipiti
975 5158 1210 5226 quadam
1258 5157 1487 5211 audacia
1520 5157 1586 5211 de
1618 5156 1914 5227 Unigenito
1964 5157 2120 5226 juxta
2175 5167 2231 5212 et

654 5257 847 5301 sancto
899 5248 1105 5317 Spirit’n
1165 5249 1296 5302 l‘alsa
1334 5249 1563 5316 prodere
1614 5263 1721 5301 non
1754 5255 2037 5311 verentur,
2073 5264 2227 5303 crea-

656 5344 768 5389 tum
797 5346 849 5390 et
878 5337 1080 5391 factum
1121 5339 1264 5391 hunc
1297 5354 1418 5391 esse
1435 5339 1700 5400 dicentes,
1727 5347 1780 5391 et
1807 5338 1983 5407 ipsum
2006 5339 2228 5393 omnino

656 5426 750 5481 Dei
776 5442 838 5480 ac
866 5425 1045 5480 Patris
1072 5427 1647 5482 consnhstantialitate
1670 5426 1926 5495 dejicere,
1961 5444 2079 5497 age,
2100 5444 2227 5481 rur-

656 5533 751 5573 sus
780 5533 966 5573 eorum
995 5519 1337 5586 intemperiei
1372 5528 1536 5571 rectae
1565 5518 1683 5571 ﬁdei
1719 5519 2024 5572 doctrinam
2055 5536 2227 5589 oppo-

658 5616 869 5676 nentes,
915 5609 1060 5679 quod
1098 5608 1257 5662 nobis
1285 5615 1335 5662 et
1369 5608 1670 5663 lectoribus
1702 5608 1821 5664 nsni
1878 5609 1948 5662 sit
1990 5611 2228 5678 profera-

1254 5779 1296 5811 ³³
1325 5779 1430 5834 lsa.
1468 5795 1503 5843 ι,
1544 5780 1597 5835 2.

729 5779 774 5812 "
806 5779 949 5836 Psal.
984 5796 1090 5847 (2.x,
1121 5780 1174 5834 5.
1254 5779 1296 5811 ³³
1325 5779 1430 5834 lsa.
1468 5795 1503 5843 ι,
1544 5780 1597 5835 2.
1673 5782 1717 5813 "‘
1748 5781 1915 5840 liebr.
1944 5799 2020 5850 ις,
2060 5783 2138 5837 ιο.

2344 3230 2489 3305 εἶχον
2522 3254 2541 3286 ι
2578 3236 2793 3306 πνεῦμα
2842 3238 3085 3302 δουλείας
3127 3242 3206 3303 είς
3253 3240 3448 3309 φόϐον,
3494 3242 3545 3293 oi
3590 3241 3647 3294 δὲ
3693 3239 3915 3309 πνεῦμα

2342 3327 2630 3390 υἱοθεσίας,
2658 3348 2675 3380 ι
2702 3330 2778 3391 εἰς
2806 3329 3134 3400 ἐλευθερίαν,
3173 3349 3192 3381 ι
3227 3332 3285 3384 ἐν
3317 3324 3360 3399 ᾧ
3384 3332 3660 3403 κράζομεν
3687 3348 3701 3361 ·
3746 3332 3918 3386 Ἀὅεᾶ

2340 3419 2368 3471 ὁ
2411 3421 2618 3491 Πατήρ.
2654 3440 2673 3472 ι
2710 3420 2919 3475 Οὐκοῦν
2956 3425 2984 3476 ό
3037 3423 3123 3476 διά
3162 3423 3396 3487 πίστεως
3433 3424 3527 3495 τῆς
3562 3426 3642 3486 είς
3676 3425 3916 3495 Χριστὸν

2338 3512 2703 3584 ἀναϐήσεσθαι
2740 3514 2946 3583 μέλλων
2977 3517 3055 3579 εἰς
3081 3516 3353 3570 υἱοθεσίαν
3386 3516 3533 3581 λαὸς,
3573 3516 3832 3586 καθάπερ
3858 3518 3915 3569 ἐν

2340 3606 2519 3667 σκιαῖς
2562 3604 2621 3657 ἐν
2648 3605 2840 3671 ἐκείνῳ
2863 3607 3369 3677 προκατεγράφετο,
3398 3606 3587 3678 ὥσπερ
3608 3603 3702 3660 οὖν
3723 3607 3916 3677 ἀμέλει

2337 3696 2432 3749 καὶ
2461 3696 2560 3766 τὴν
2589 3697 2647 3749 ἐν
2690 3697 2956 3767 πνεύματι
2984 3699 3210 3769 νοοῦμεν
3239 3700 3539 3772 περιτομὴν
3574 3702 3633 3752 ἐν
3662 3703 3728 3769 τῇ
3762 3700 3913 3752 ἐκεί-

2336 3804 2442 3841 νων
2506 3789 2669 3843 πάλιν
2731 3791 3241 3861 προανατυποῦσθαι
3308 3792 3471 3864 σαρκί
3493 3810 3508 3825 ο
3555 3794 3651 3847 καὶ
3716 3793 3917 3864 συλλή-

2336 3879 2467 3949 ϐδην
2517 3882 2720 3941 εἰπεῖν,
2782 3880 2960 3933 πάντα
3012 3876 3081 3951 ἦν
3129 3882 3187 3934 ἐν
3245 3881 3474 3945 ἐκείνοις
3532 3881 3604 3935 τά
3667 3883 3917 3953 ἡμέτερα

2333 3972 2599 4034 τυπικῶς.
2661 3973 2804 4041 Πρὸς
2865 3973 2922 4027 δέ
2984 3991 3045 4042 γε
3092 3976 3203 4037 τοῖς
3278 3973 3628 4045 εἰρημένοις,
3690 3976 3916 4030 κάκεῖνό

2334 4082 2549 4135 φαμεν,
2612 4068 2696 4120 ὅτι
2768 4066 3029 4137 κέκληται
3086 4066 3334 4130 τυπικῶς
3400 4068 3481 4130 είς
3552 4066 3823 4120 υἱοθεσίαν
3886 4070 3916 4120 ό

2345 4155 2558 4226 Ἰσραὴλ
2580 4155 2667 4209 διὰ
2701 4157 2917 4225 μεσίτου
2941 4156 3180 4219 Μωσέως
3199 4173 3211 4186 ·
3245 4156 3327 4209 διδ
3353 4158 3447 4211 καὶ
3472 4159 3553 4219 είς
3589 4157 3752 4210 αὑτὸν
3786 4156 3916 4209 ἐϐα-

2333 4246 2600 4311 πτίζοντο,
2649 4246 2896 4317 καθάπερ
2928 4248 2956 4300 ό
2992 4247 3205 4310 Παῦλός
3244 4264 3427 4317 φησιν,
3476 4248 3535 4299 ἐν
3575 4250 3639 4317 τῇ
3691 4247 3911 4319 νεφέλῃ,

2332 4340 2427 4389 καὶ
2461 4340 2518 4390 ἐν
2556 4340 2619 4407 τῇ
2655 4337 2916 4409 θαλάσσῃο
2953 4338 3047 4390 καὶ
3080 4339 3159 4400 είς
3190 4337 3351 4406 νόμον
3382 4336 3624 4399 δουλείας
3656 4335 3716 4400 ἐξ
3754 4328 3913 4389 είδωὲ

2331 4428 2648 4499 λολατρείας
2673 4429 3115 4492 ἀνεσκευάζοντο,
3142 4429 3561 4498 διακονουμένης
3586 4430 3755 4498 αὐτῆς
3793 4428 3914 4499 [ab-

2333 4519 2469 4590 τοῖς]
2499 4522 2606 4579 τοῖς
2636 4520 2734 4590 μς.
2771 4518 2890 4590 τῆς]
2934 4522 2991 4572 ἐν
3031 4521 3351 4589 γράμμασιν
3392 4519 3609 4589 ἐντολῆς
3643 4520 3711 4573 δι’
3743 4520 3917 4588 ἀγγέ-

2333 4610 2468 4663 λων’
2496 4613 2545 4663 oi
2573 4611 2627 4663 δὲ
2665 4612 2842 4666 πίστει
2883 4614 2949 4680 τῇ
2987 4612 3066 4673 εἰς
3098 4610 3329 4679 Χριστὸν
3363 4613 3442 4674 είς
3473 4610 3748 4663 υἱοθεσίαν
3782 4614 3917 4664 ἀνα·-

2331 4701 2605 4763 6αίνοντες
2631 4699 2785 4761 Θεοῦ,
2822 4701 2920 4753 οὐκ
2966 4702 3045 4763 είς
3078 4701 3135 4753 ἓν
3178 4719 3229 4753 τι
3258 4699 3365 4753 τῶν
3395 4700 3659 4771 γενητῶν,
3687 4700 3800 4754 ἀλλ’
3832 4705 3917 4763 εἰς

2331 4792 2502 4863 αὐτὴν
2544 4792 2643 4862 τὴν
2691 4791 2850 4859 ἀγίαν
2891 4791 3235 4861 βαπτίζονται
3282 4790 3507 4862 Τριάδα,
3558 4791 3645 4843 διὰ
3690 4791 3914 4859 μεσίτου

2331 4883 2425 4935 τοῦ
2474 4882 2668 4950 Λόγου,
2720 4883 3078 4944 συνάπτοντος
3123 4882 3220 4952 μὲν
3277 4881 3453 4951 ἐαυτῷ
3487 4881 3557 4934 τὰ
3598 4881 3916 4951 ἀνθρώπινα

2334 4973 2423 5027 διὰ
2449 4974 2546 5042 τῆς
2577 4973 2869 5042 ἐνωθείσης
2900 4973 3118 5042 σαρκὸς,
3148 4975 3552 5043 συναπτομένου
3575 4972 3631 5026 δὲ
3668 4973 3916 5041 φυσικῶς

2335 5063 2411 5133 τῷ
2445 5064 2785 5131 γεννήσαντι,
2834 5063 2967 5115 καθὸ
3020 5063 3178 5131 φύσει
3224 5062 3385 5125 Θεός·
3441 5062 3584 5115 οὕτω
3632 5062 3741 5132 γὰρ
3777 5064 3915 5115 ἀνα-

2332 5152 2515 5223 τρέχει
2542 5153 2602 5205 τὸ
2632 5151 2815 5205 δοῦλον
2855 5155 2933 5216 είς
2980 5151 3222 5219 υίότητα,
3259 5150 3346 5203 διὰ
3381 5151 3620 5220 μετοχῆς
3663 5151 3756 5204 τοῦ
3790 5153 3915 5204 κατ’

2334 5244 2590 5314 ἀλήθειαν
2640 5244 2785 5306 Υἱοῦ,
2835 5244 2969 5313 πρὸς
3013 5242 3073 5295 rb
3113 5242 3354 5313 ὑπάρχον
3387 5242 3537 5313 αὐτῷ
3576 5243 3717 5296 κατά
3751 5244 3913 5311 φύσιν

2335 5334 2571 5403 ἀξίωμα,
2604 5335 2929 5404 καλούμενόν
2955 5352 3010 5386 τε
3034 5336 3125 5386 καὶ
3155 5329 3264 5387 οἷον
3295 5332 3777 5402 ἀναϐιϐαζόμενον.
3816 5335 3911 5387 Διά

2333 5445 2413 5481 τοι
2466 5427 2623 5479 τοῦτο
2653 5427 2898 5494 γεννητοὶ
2926 5426 3193 5495 λεγόμεθα
3222 5426 3313 5478 καὶ
3351 5425 3519 5494 ἐσμὲν
3547 5424 3640 5477 τοῦ
3673 5423 3835 5491 Θεοῦ,
3862 5425 3911 5476 οί

2334 5518 2433 5587 τὴν
2484 5518 2574 5570 διὰ
2631 5518 2726 5570 τοῦ
2783 5516 3097 5585 Πνεῦμα-τος
3136 5516 3491 5585 ἀναγέννησιν
3541 5515 3629 5568 διὰ
3677 5514 3909 5576 πίστεως

2338 5610 2788 5679 παραδεξάμενοι.
2823 5607 3039 5677 Ἐπειδὴ
3066 5606 3121 5657 δὲ
3150 5605 3534 5675 ῥιψοκινδύνως
3560 5604 3908 5674 ἀποτολμῶσί

2245 5784 2287 5815 ³³
2323 5782 2479 5837 lieni.
2509 5782 2740 5847 vnt,15.
2818 5782 2861 5813 ³⁵
2916 5781 2932 5834 I
2986 5780 3111 5835 Cor.
3160 5796 3214 5845 κ,
3260 5781 3305 5835 l.
