4168 6530
230 377 328 434 157

1323 382 1389 437 ΙΝ
1425 379 1716 436 JOANNIS
1752 378 2208 438 EVANGELIUM
2247 380 2376 436 LIB.
2416 382 2459 439 I.

3370 381 3390 435 ί
3403 380 3473 435 58

223 514 387 561 τινες,
419 501 608 570 ωσπερ
660 502 755 556 τοῦ
788 501 1143 571 Μονογενοῦς,
1177 503 1319 557 οὕτω
1368 505 1463 557 καὶ
1501 501 1597 555 τοῦ
1647 502 1805 569 ἁγίου

1915 517 2053 557 mus.
2087 501 2145 557 Si
2171 504 2320 557 enim
2348 518 2527 572 neque
2554 502 2697 557 Deus
2731 502 3033 558 secundum
3065 509 3340 565 naturam,
3376 517 3477 556 ne-

229 588 647 657 καταψεύδονται
704 592 1036 662 Πνεύματος,
1081 594 1308 663 γενητὸν
1360 593 1493 645 αὐτὸ
1536 592 1631 646 καὶ
1692 608 1809 644 κτι-

230 681 368 735 στὸν.
385 676 525 735 εἶναι
562 684 877 750 φάσκοντες,
929 685 1022 737 καὶ
1071 683 1207 746 ὅλως
1254 683 1356 753 τῆς
1394 683 1488 736 τοῦ
1539 681 1674 736 Θεοῦ
1714 684 1807 735 καὶ

239 772 447 842 Πατρὸς
479 771 716 837 ἐξέλκειν
748 773 1158 844 ὀμοουσιότητος
1185 789 1200 803 ο
1235 773 1366 844 φέρε
1407 773 1472 844 δὴ
1503 773 1663 826 πάλιν
1691 774 1811 836 ταῖς

233 861 448 914 ἐκείνων
507 861 970 933 ἀθυρογλωσσίαις
998 904 1009 922 .
1066 864 1158 916 τὸν
1212 865 1309 934 τῆς
1360 863 1525 935 ὀρθῆς
1574 866 1812 928 πίστεως

233 952 607 1020 ἁντεξάγοντες
633 954 805 1022 λόγον,
832 956 1043 1017 ἑαυτοῖς
1071 972 1127 1006 τε
1154 955 1245 1008 καλ⁵
1270 958 1383 1018 τοῖς
1406 955 1808 1025 ἐντευξομένοις

233 1041 489 1111 ὠφελείας
522 1044 869 1112 γεννήσωμεν
908 1045 1179 1115 ἀφορμάς.
1231 1046 1294 1097 Et
1334 1046 1442 1115 γὰρ
1485 1049 1623 1115 μήτε
1673 1046 1806 1108 Θεὸς

233 1131 372 1185 κατὰ
405 1132 584 1200 φύσιν,
610 1127 654 1186 ὦ
681 1128 847 1197 οῦτοι,
886 1137 1020 1205 μήτε
1054 1136 1157 1205 μὴν
1205 1138 1270 1188 ἐκ
1300 1135 1437 1188 Θεοῦ
1481 1136 1542 1189 τὸ
1587 1136 1811 1205 Πνεῦμά

232 1227 377 1279 ἐστιν
417 1225 546 1277 ἴδιον
574 1225 759 1290 αὐτοῦ,
797 1226 889 1279 καὶ
927 1226 1016 1280 διὰ
1059 1227 1215 1279 τοῦτο
1259 1226 1530 1289 ούσιωδῶς
1566 1227 1807 1296 ἐνυπάρ-

232 1331 326 1384 χον
371 1314 549 1383 αὐτῷ’
597 1314 784 1385 ἓτερον
835 1313 892 1367 δέ
940 1331 992 1366 τι
1043 1316 1172 1374 παρ’
1202 1314 1380 1374 αὐτὸν,
1431 1314 1526 1367 καὶ
1565 1314 1663 1382 τῆς
1702 1312 1810 1365 τῶν

232 1403 613 1473 πεποιημένων
645 1404 911 1471 ὁμοφυῖας
954 1402 1053 1454 οῦκ
1091 1402 1492 1472 ἀπῳκισμένον·
1522 1402 1638 1464 πῶς
1666 1405 1714 1455 οἱ
1743 1401 1811 1454 δι’

232 1493 398 1547 αὐτοῦ
442 1494 791 1563 γεννηθέντες
820 1495 982 1563 ήμεῖς
997 1494 1060 1546 ὲκ
1101 1492 1235 1545 Θεοῦ
1263 1491 1618 1561 γεγεννῆσθαι
1658 1491 1810 1559 λεγό-

235 1584 410 1654 μεθα;
440 1584 511 1636 Ἢ
536 1585 642 1655 γὰρ
671 1585 753 1637 ὅτι
774 1584 1029 1653 ψεύδεται
1077 1587 1293 1646 πάντως
1328 1583 1557 1655 ἐροῦμεν
1584 1586 1612 1636 6
1644 1583 1807 1650 εὐαγ..

229 1674 565 1744 γελιστὴς,ἢ
601 1675 758 1745 εἴπερ
796 1674 945 1727 ἐστὶν
984 1672 1208 1744 ἀληθής,
1264 1672 1373 1742 ἔχει
1413 1672 1468 1725 δὲ
1513 1671 1674 1736 οὕτω,
1718 1673 1810 1726 καὶ

230 1766 329 1835 οὐχ
357 1764 579 1837 ἑτέρως,
606 1765 735 1829 Θεὸς
768 1765 919 1817 ἔσται
962 1766 1055 1818 καὶ
1099 1766 1163 1817 ὲκ
1205 1763 1337 1816 Θεοῦ
1369 1765 1507 1816 κατά
1551 1764 1709 1832 φύσιν
1749 1763 1807 1816 τὸ

1912 608 2021 662 que
2058 607 2122 648 ex
2157 593 2266 648 Deo
2303 602 2388 649 est
2414 594 2656 661 Spiritus
2690 595 2832 662 ejus,
2864 593 3022 663 eique
3043 590 3484 646 substantialiter

1911 683 2267 744 inexsistens.
2311 683 2407 738 sed
2438 684 2579 737 alius
2608 684 2677 735 ab
2708 684 2847 751 ipso,
2881 696 2981 736 nec
3013 696 3041 735 a
3090 689 3283 734 natura
3313 692 3483 731 crea-

1912 782 2158 829 turarum
2215 776 2447 837 alienus,
2514 776 2787 844 qumnodo
2821 790 2942 839 nos,
2996 774 3089 843 qui
3159 788 3255 841 per
3303 770 3479 839 ipsum

1912 867 2024 919 nati
2054 880 2264 929 sumus,
2291 882 2355 920 ex
2383 864 2489 919 Deo
2516 866 2627 918 nati
2656 865 2930 918 dicimur?
2953 866 3059 917 Aut
3085 867 3227 917 enim
3262 857 3482 914 mentiri

1914 958 2073 1026 plane
2117 957 2505 1027 evangelistam
2549 956 2888 1009 fatebimur:
2940 964 3030 1008 aut
3088 956 3134 1009 si
3174 969 3334 1007 verax
3376 960 3480 1013 est,

1915 1048 2073 1101 sicuti
2109 1056 2192 1101 est
2227 1047 2489 1116 profecto,
2518 1046 2659 1100 Deus
2695 1047 2817 1109 erit,
2854 1057 2907 1099 et
2937 1062 2998 1098 ex
3035 1046 3141 1099 Deo
3176 1043 3479 1099 secundum

1915 1147 2161 1191 naturam
2200 1137 2477 1208 Spiritus:
2526 1138 2684 1206 cujus
2736 1137 3151 1206 participatione
3189 1151 3283 1205 per
3322 1134 3479 1188 Iidem

1914 1230 1966 1281 in
2008 1228 2285 1282 Christum
2320 1229 2527 1293 donati,
2579 1238 2631 1281 et
2688 1238 2893 1280 natura:
2941 1225 3139 1279 divina:
3179 1225 3477 1294 participes

1911 1319 2198 1383 cllieimur,
2244 1327 2297 1372 et
2339 1335 2402 1374 ex
2440 1318 2548 1371 Deo
2581 1319 2692 1371 nati
2728 1332 2848 1370 esse
2883 1316 3136 1377 dicimur,
3166 1323 3221 1370 et
3254 1329 3373 1367 eam
3410 1315 3482 1365 ob

1913 1424 2025 1461 rem
2063 1408 2136 1462 dii
2168 1424 2568 1478 nuncupantur,
2615 1424 2723 1460 non
2763 1407 2937 1477 gratia
2970 1406 3145 1459 solum
3179 1405 3243 1458 ad
3277 1418 3473 1473 super-

1911 1499 2212 1553 naturalem
2253 1499 2477 1569 gloriam
2510 1498 2716 1560 evecti,
2751 1496 2843 1550 sed
2889 1510 2999 1565 quo
3040 1493 3152 1563 jam
3198 1493 3364 1547 Deum
3425 1491 3479 1544 in

1912 1588 2071 1642 nobis
2104 1589 2436 1643 habitantem
2494 1595 2658 1657 atque
2690 1586 3053 1640 diversantem
3085 1584 3383 1637 habeamus
3410 1579 3481 1645 ",

1906 1676 2063 1746 juxta
2093 1679 2225 1732 illud
2255 1679 2529 1747 propheta:
2558 1678 2763 1731 dictum
2800 1696 2812 1730 :
2859 1696 2875 1727 ι
2906 1676 3043 1741 Quia
3078 1673 3394 1728 inhabitabo
3429 1672 3485 1725 in

1912 1769 2046 1837 ipsis
2075 1776 2128 1823 et
2161 1769 2508 1823 inambulabo
2535 1769 2676 1822 inter
2698 1783 2793 1821 eos
2823 1768 2886 1820 ".
2929 1787 2946 1819 ι
2978 1766 3222 1833 Alioqui,
3259 1777 3487 1832 respon-

233 1854 479 1927 Πνεῦμα,
517 1852 579 1910 οῦ
617 1855 681 1926 δὴ
726 1856 819 1909 καὶ
870 1857 1145 1926 μετίσχειν
1188 1853 1275 1906 διὰ
1322 1854 1557 1916 πίστεως
1594 1854 1693 1923 τῆς
1731 1857 1809 1917 εἰς

1915 1862 2099 1924 deant,
2141 1875 2349 1929 quaeso,
2386 1860 2564 1925 nobis,
2599 1861 2692 1929 qui
2731 1869 2879 1913 tanta
2911 1858 3053 1928 pleni
3087 1864 3214 1910 sunt
3251 1854 3485 1913 inscitia,

231 1948 467 2019 Χριστὸν
506 1948 833 2018 ἀξιούμενοι,
870 1947 1019 2010 θείας
1050 1964 1110 1999 τε
1149 1945 1361 2013 φύσεως
1403 1945 1809 2015 ἀωτελούμεοα

232 2038 499 2101 κοινωνοὶ,
532 2039 622 2089 καὶ
646 2040 709 2091 ἐκ
733 2037 865 2091 Θεοῦ
889 2036 1247 2106 γεγεννῆσθαι
1265 2035 1557 2106 λεγόμεθα,
1588 2035 1678 2088 καὶ
1700 2036 1811 2088 θεολ⁵

227 2129 315 2179 διὰ
334 2127 493 2179 τοῦτο
513 2126 939 2196 χρηματίζομεν,
971 2128 1030 2179 ού
1054 2129 1236 2198 χάριτι
1260 2126 1418 2196 μόνον
1443 2127 1521 2189 είς
1544 2127 1640 2195 τὴν
1664 2126 1809 2197 ὑπὲρ

230 2217 377 2285 ἡμᾶς
426 2216 785 2285 ἀνιπτάμενοι
816 2215 995 2280 δόξαν,
1020 2216 1135 2270 ἀλλ’
1165 2217 1238 2279 ὡς
1259 2217 1359 2287 ήδη
1391 2218 1486 2270 καὶ
1500 2216 1632 2270 Θεὸν
1663 2217 1811 2285 ἔχονο

228 2323 322 2369 τες
342 2309 400 2361 ὲν
428 2307 638 2369 ἑαυτοῖς
657 2306 963 2359 ἐνοικοῦντα
991 2307 1085 2362 καὶ
1111 2307 1481 2375 αὑλιζόμενον,
1515 2308 1655 2360 κατά
1672 2308 1729 2359 τὸ
1755 2310 1812 2360 ἐν

229 2396 309 2466 τῷ
360 2399 615 2468 προφήτῃ
656 2398 936 2467 κείμενον,
985 2399 1066 2451 ὅτι
1120 2417 1137 2448 ι
1187 2399 1483 2469 Ἐνοικήσω
1529 2399 1584 2449 ὲν
1630 2398 1811 2462 αὐτοῖς

228 2487 321 2541 καὶ
352 2488 786 2557 ὲμπεριπατήσω
807 2501 820 2517 ⁸
860 2505 879 2537 ι
916 2486 1037 2539 ἐπεὶ
1076 2487 1219 2539 κατὰ
1254 2487 1373 2539 τίνα
1400 2486 1598 2557 τρόπον
1629 2487 1809 2555 λεγόν-

226 2595 336 2631 των
352 2579 483 2649 ήμῖν
514 2579 561 2629 oi
592 2577 691 2647 τῆς
707 2576 971 2645 τοσαύτης
982 2576 1220 2646 ἀμαθίας
1236 2576 1486 2646 ἀνάπλεῳ
1510 2578 1627 2629 ναοὶ
1652 2577 1806 2643 Θεοῦ,

229 2668 373 2721 κατὰ
398 2667 609 2721 Παῦλον
646 2668 834 2737 ὲσμὲν,
858 2667 919 2718 τὸ
938 2667 1161 2736 Πνεῦμα
1190 2668 1401 2736 ἔχοντες
1438 2667 1725 2721 κατοικοῦν
1755 2671 1813 2721 ὲν

229 2760 384 2827 ἡμῖν.
405 2761 452 2810 εί
478 2758 551 2828 μὴ
566 2758 697 2820 Θεὸς
714 2758 856 2809 κατὰ
874 2757 1032 2825 φύσιν
1051 2758 1194 2810 ἐστίν
1216 2774 1229 2821 ;
1251 2758 1311 2809 Εἰ
1341 2758 1447 2827 γὰρ
1464 2757 1665 2828 κτίσμα
1695 2760 1814 2811 ἐστὶ

230 2850 325 2901 καὶ
342 2848 590 2919 γενητὸν,
605 2848 693 2901 διὰ
711 2850 869 2903 ποίαν
901 2850 1079 2903 αἰτίαν
1094 2851 1240 2918 ἡμᾶς
1264 2849 1646 2918 ὲκαταφθείρει
1659 2850 1812 2913 Θεὸς,

230 2941 310 3001 ὡς
329 2938 468 2992 Θεοῦ
498 2939 961 3009 καταφθείροντας
991 2940 1136 3004 ναὸν,
1172 2940 1302 2992 ὅταν
1318 2939 1378 2991 τὸ
1410 2940 1567 3009 σῶμα
1583 2957 1816 3010 καταμο·

229 3028 504 3098 λύνωμεν,
528 3030 587 3082 ὲν
606 3023 650 3096 ᾦ
668 3028 729 3081 τὸ
750 3028 973 3099 Πνεῦμα
993 3030 1152 3094 οίκεί,
1178 3030 1303 3100 ὃλην
1320 3029 1441 3099 ἔχον
1456 3030 1548 3082 τοῦ
1572 3030 1704 3082 Θεοῦ
1719 3029 1813 3083 καὶ

1912 1948 2188 2018 quomodo
2218 1948 2414 2018 templa
2465 1947 2558 2002 Dei
2594 1949 2790 2009 simus,
2832 1950 2988 2015 juxta
3029 1944 3256 1996 Paulum
3290 1942 3369 2005 '°,
3405 1942 3487 1994 in-

1914 2039 2246 2093 habitantem
2283 2039 2336 2091 in
2364 2038 2524 2093 nobis
2556 2037 2817 2107 Spiritum
2850 2035 3112 2089 habentes
3138 2073 3151 2095 ,
3182 2032 3286 2087 nisi
3318 2030 3489 2098 Spiri-

1864 2194 1873 2199 θ
1914 2140 2001 2185 tus
2033 2128 2176 2184 Deus
2208 2129 2281 2184 sit
2314 2128 2617 2185 secundum
2655 2126 2947 2181 naturam?
2971 2126 3017 2179 si
3050 2124 3197 2178 enim
3233 2130 3485 2176 creatura

1910 2231 2015 2284 est,
2049 2236 2113 2275 ac
2143 2236 2301 2291 opus,
2355 2235 2517 2290 quam
2548 2220 2619 2274 ob
2649 2233 2871 2272 causam
2923 2216 3064 2270 Deus
3100 2230 3200 2269 nos
3230 2212 3485 2273 destruit,

1913 2322 2169 2381 tanquam
2202 2312 2294 2381 qui
2317 2311 2408 2365 Dei
2441 2312 2701 2380 templum
2734 2310 3105 2368 destruamus.
3140 2323 3261 2361 cum
3286 2319 3489 2373 corpus

1910 2401 2281 2469 inquinamus,
2326 2400 2379 2454 in
2415 2415 2523 2470 quo
2561 2400 2797 2469 Spiritus
2833 2399 3041 2452 habitat
3082 2398 3161 2460 ‘°,
3194 2397 3285 2466 qui
3322 2404 3489 2449 totam

1915 2492 2005 2545 Dei
2044 2507 2108 2544 ac
2176 2490 2351 2546 Patris
2405 2500 2460 2544 et
2524 2491 2778 2545 similiter
2836 2489 3109 2558 Uuigeniti
3180 2486 3491 2542 naturalem

1913 2581 2298 2649 proprietatem
2322 2578 2433 2649 94.
2453 2579 2506 2632 in
2538 2594 2597 2632 se
2622 2579 2821 2632 habet?
2842 2576 2975 2630 Nam
3001 2577 3275 2644 quomodo
3301 2590 3490 2630 verum

1911 2670 2015 2722 erit
2053 2668 2198 2736 quod
2230 2684 2258 2721 a
2283 2669 2571 2723 Salvatore
2600 2668 2800 2721 dicitur
2837 2685 2849 2721 :
2891 2686 2909 2717 ι
2942 2666 2998 2720 Si
3025 2668 3146 2736 quis
3171 2665 3348 2736 diligit
3380 2680 3490 2727 me,

1912 2774 2221 2813 sermonem
2274 2774 2454 2813 meum
2506 2759 2770 2818 servabit,
2826 2767 2879 2812 et
2917 2757 3076 2811 Pater
3110 2773 3262 2811 meus
3308 2756 3497 2825 diliget

1913 2862 2058 2909 etim,
2096 2853 2151 2901 et
2173 2847 2237 2900 ad
2266 2862 2390 2901 eum
2423 2846 2726 2911 veniemus,
2749 2854 2801 2900 et
2830 2847 3168 2900 mansionem
3195 2844 3336 2913 apud
3368 2859 3493 2897 eum

1917 2937 2232 2992 faciemus“
2256 2976 2272 3001 ,
2298 2957 2317 2988 ι
2351 2952 2472 2990 cum
2496 2936 2733 3005 Spiritus
2768 2939 2838 2992 sit
2864 2938 2956 3006 qui
2981 2937 3192 2990 habitat
3225 2936 3277 2989 in
3315 2936 3495 2999 nobis,

1914 3038 1968 3082 et
2001 3042 2096 3095 per
2132 3028 2311 3096 ipsum
2349 3027 2548 3080 habere
2585 3041 2686 3081 nos
2734 3025 2954 3081 Patrem
2990 3026 3153 3082 simul
3196 3034 3251 3079 et
3298 3023 3496 3079 Filium

228 3119 447 3190 Πατρὸς
478 3119 576 3190 τὴν
606 3120 842 3190 φυσικὴν
872 3120 1130 3191 ἰδιότητα,
1155 3122 1247 3174 καὶ
1287 3121 1489 3191 ὁμοίως
1515 3121 1609 3174 τοῦ
1639 3123 1812 3175 Μονο-

1917 3119 2227 3180 credamus,
2259 3118 2717 3186 quemadmodum
2760 3119 2875 3187 ipse
2906 3133 3129 3188 quoque
3162 3132 3355 3173 rursus
3398 3117 3500 3171 ali-

225 3210 455 3279 γενοῦς;
492 3211 644 3263 Ἐπεὶ
669 3209 784 3273 πῶς
811 3210 1099 3282 ἀληθεύσει
1130 3210 1301 3279 λέγων
1330 3213 1359 3264 ὁ
1390 3212 1604 3283 Σωτὴρ,
1640 3230 1657 3262 ι
1690 3212 1815 3265 Ἐάν

226 3320 313 3366 τις
346 3303 542 3371 ἀγαπᾷ
573 3318 661 3372 με,
687 3301 778 3354 τὸν
809 3301 972 3370 λόγον
1011 3320 1109 3364 μου
1154 3304 1403 3373 τηρήσει,
1436 3304 1527 3356 καὶ
1569 3306 1597 3357 ὁ
1632 3304 1819 3374 Πατήρ

229 3411 332 3461 μου
360 3394 643 3464 ἀγαπήσει
691 3392 875 3458 αὑτὸν,
921 3394 1013 3446 καὶ
1068 3393 1205 3464 πρὸς
1261 3393 1425 3446 αὑτὸν
1466 3394 1817 3463 ἐλευσόμεθα,

224 3480 320 3532 καὶ
349 3482 409 3534 ὲν
438 3479 589 3549 αύτῷ
630 3481 1035 3551 καταλύσομεν;
1067 3480 1289 3536 »Καίτοι
1329 3482 1390 3534 τὸ
1428 3482 1652 3552 Πνεῦμά
1703 3485 1819 3536 ἐστι

223 3571 285 3623 τὸ
310 3568 601 3624 κατοικοῦν
631 3572 688 3623 ἐν
715 3571 866 3639 ἡμῖν,
899 3572 991 3622 καὶ
1021 3570 1087 3622 δι’
1116 3569 1281 3623 αὑτοῦ
1314 3571 1645 3640 πιστεύομεν
1676 3570 1819 3641 ἔχειν

226 3660 351 3730 ἅμα.
380 3660 474 3713 τὸν
508 3659 729 3731 Πατέρα
782 3659 989 3712 καὶτὸν
1026 3659 1169 3724 Υίὸν,
1203 3659 1449 3731 καθάπερ
1476 3656 1567 3714 οῦν
1593 3660 1697 3732 ἔφη
1727 3663 1820 3715 καὶ

224 3750 391 3815 αὐτὸς
427 3768 530 3804 που
569 3752 726 3805 πάλιν
757 3751 787 3801 ὁ
831 3750 1085 3821 Ἰωάννης
1131 3752 1188 3803 ὲν
1232 3751 1605 3815 Ἐπιστολαῖς·
1666 3772 1683 3803 ι
1732 3753 1820 3805 Ἐν

222 3846 402 3916 τούτῳ
432 3844 794 3914 γινώσκομεν,
826 3845 908 3898 ὄτι
956 3846 1016 3898 ἐν
1061 3843 1210 3915 αύτῷ
1244 3845 1498 3915 μένομεν,
1534 3844 1630 3897 καὶ
1661 3845 1822 3909 αὐτὸς

224 3936 283 3987 ὲν
317 3938 477 4007 ήμῖν,
510 3937 592 3989 ὅτι
623 3937 688 3988 ἐκ
712 3935 803 3988 τοῦ
840 3934 1153 4005 Πνεύματος
1182 3935 1345 3989 αὑτοῦ
1374 3936 1576 3990 ἔδωκεν
1604 3938 1756 4007 ἡμῖν.
1795 3956 1814 3989 ι

224 4028 353 4090 Πῶς
384 4028 443 4080 δὲ
474 4028 610 4090 ὅλως
632 4028 724 4080 καὶ
749 4026 882 4079 Θεοῦ
917 4027 1240 4097 κεκλήσεται
1286 4027 1533 4097 Πνεῦμα,
1572 4029 1619 4080 εί
1658 4028 1731 4099 μὴ
1763 4028 1820 4094 ἐξ

222 4116 397 4171 αὐτοῦ
454 4116 548 4169 καὶ
577 4117 633 4167 ὲν
664 4114 812 4184 αὐτῷ
844 4113 986 4167 κατά
1013 4113 1175 4183 φύσιν
1220 4115 1357 4179 ἐστὶ,
1403 4115 1496 4166 καὶ
1536 4112 1621 4166 διὰ
1664 4116 1821 4167 τοῦτο

222 4206 394 4272 826g;
450 4205 515 4257 Εἰ
564 4206 671 4275 γὰρ
712 4206 976 4276 ὑπάρχον,
1002 4205 1076 4268 ὡς
1129 4204 1325 4257 ἐκεῖνοί
1379 4221 1533 4273 φασι,
1572 4204 1818 4273 γενητὸν,

225 4297 454 4367 πνεῦμά
485 4298 603 4349 ἐστι
649 4295 740 4349 τοῦ
772 4296 927 4360 Θεοῦ,
974 4295 1035 4348 τὸ
1081 4296 1287 4348 κωλῦον
1338 4294 1493 4347 οὐδὲν
1534 4292 1821 4363 πνεύματα

222 4389 363 4442 Θεοῦ
402 4390 497 4442 καὶ
543 4389 610 4441 τὰ
640 4388 774 4442 ἄλλα
810 4388 1093 4442 καλεῖσθαι
1140 4389 1450 4457 ποιήματα⁸
1490 4387 1686 4455 φθάσει
1712 4388 1819 4459 γὰρ

1923 3210 2048 3265 eirbi
2086 3208 2326 3265 Joannes
2368 3210 2422 3263 in
2458 3209 2718 3279 Epistolis
2752 3210 2870 3265 ait:
2912 3227 2931 3261 ι
2970 3210 3028 3263 ιιι
3081 3211 3184 3264 hoc
3210 3223 3499 3279 cognosc»

1922 3318 2065 3367 mus,
2094 3303 2350 3371 quoniam
2383 3302 2436 3354 in
2475 3303 2594 3371 ipso
2624 3316 2933 3365 manemus,
2985 3310 3040 3355 et
3078 3301 3194 3370 ipse
3228 3300 3283 3354 in
3315 3300 3497 3363 nobis,

1920 3394 2178 3464 quoniam
2210 3392 2277 3446 de
2308 3391 2511 3461 Spiritu
2546 3407 2647 3447 suo
2679 3391 2830 3446 dedit
2859 3392 3019 3447 nobis
3048 3392 3115 3445 δ’.
3156 3410 3174 3442 ι
3211 3389 3499 3456 Quomodo

1920 3501 2071 3549 vero,
2106 3500 2329 3554 qumso,
2369 3481 2612 3555 Spiritus
2652 3498 2870 3553 quoque
2906 3482 2997 3537 Dei
3028 3483 3335 3547 vocabitur,
3390 3480 3498 3536 nisi

1920 3592 1982 3631 ex
2021 3577 2141 3647 ipso
2163 3584 2216 3631 et
2240 3576 2293 3629 in
2326 3576 2445 3645 ipso
2480 3576 2781 3630 secundum
2816 3583 3066 3628 naturam
3097 3573 3188 3638 sit,
3212 3588 3277 3626 ac
3308 3572 3497 3642 proin-

1920 3669 1989 3723 de
2019 3667 2201 3723 Deus?
2242 3667 2297 3720 Si
2335 3667 2477 3722 enim
2515 3678 2730 3721 creatus
2757 3682 2883 3721 cum
2924 3666 3019 3730 sit,
3056 3673 3115 3719 ut
3168 3665 3245 3719 illi
3285 3665 3498 3727 volunt,

1921 3759 2017 3813 Dei
2063 3767 2244 3813 tamen
2298 3767 2382 3813 est
2438 3758 2713 3827 spiritus:
2768 3758 2905 3812 nihil
2962 3759 3147 3813 obstat
3204 3756 3501 3827 quominus

1921 3852 2057 3905 alias
2092 3865 2309 3921 quoque
2356 3860 2640 3903 creaturas
2682 3849 2912 3918 spiritus
2962 3846 3059 3903 Dei
3109 3864 3390 3903 vocemus.
3442 3847 3500 3902 id

1920 3943 2065 3997 enim
2108 3943 2163 3996 in
2193 3956 2288 3997 eas
2317 3940 2505 4010 utique
2534 3940 2733 3995 cadere
2766 3942 2992 4011 poterit,
3033 3942 3077 3993 si
3109 3932 3352 4009 profecto
3384 3937 3497 3992 ﬁeri

1922 4039 2099 4102 potest
2137 4039 2195 4086 ut
2224 4042 2406 4087 creata
2456 4032 2763 4087 substantia
2804 4033 2875 4087 sit
2902 4032 3134 4103 Spiritus
3168 4030 3283 4086 Dei.
3333 4030 3499 4084 Plura

1921 4122 2140 4191 quidem
2171 4132 2318 4178 certe
2345 4123 2431 4176 hic
2458 4132 2646 4178 essent
2670 4122 2900 4177 dicenda
2927 4163 2941 4187 ,
2973 4131 3027 4177 et
3054 4122 3284 4193 longiori
3317 4121 3499 4188 dispu-

1924 4214 2129 4269 tatioue
2182 4214 2477 4269 evertenda
2532 4220 2680 4267 esset
2736 4213 3119 4266 hazreticorum
3181 4210 3498 4265 temeritas:

1923 4305 2014 4360 sed
2043 4321 2167 4360 eum
2200 4306 2267 4361 de
2315 4313 2507 4361 sancto
2554 4305 2767 4375 Spiritu
2813 4304 2869 4357 in
2920 4304 3064 4356 libro
3116 4301 3193 4355 De
3241 4300 3502 4354 Triuitate

1920 4397 2032 4465 jam
2091 4396 2307 4452 abunde.
2371 4398 2825 4458 tractaverimus,
2874 4394 3033 4463 plura
3079 4390 3265 4446 dicere
3316 4405 3503 4458 super-

224 4487 321 4540 καὶ
349 4489 439 4540 ἐπ’
465 4485 605 4540 αὐτὰ
642 4484 866 4553 δυνάμει
894 4481 953 4536 τὸ
978 4484 1227 4553 πρᾶγμα,
1259 4482 1416 4551 εἰπερ
1445 4480 1582 4543 ὅλως
1610 4481 1813 4551 ἐνδέχε-

1928 4487 2264 4542 sedebimus.

223 4598 315 4637 ται
350 4578 592 4650 γενητὴν
623 4577 809 4630 οὐσίαν
836 4574 1051 4644 πνεῦμα
1088 4574 1353 4641 ὑπάρχειν
1384 4571 1478 4624 τοῦ
1513 4571 1668 4625 Θεοῦ.
1700 4575 1807 4627 Καὶ
1846 4573 1912 4648 ἧν
1958 4577 2057 4648 μὲν
2102 4577 2271 4641 ὅντως
2322 4576 2633 4641 ἀκόλουθον,
2690 4578 2897 4650 μακρὸν
2940 4576 3034 4629 ἐπὶ
3099 4575 3309 4637 τούτοις
3376 4573 3498 4624 ἀνα-

224 4673 427 4738 πτύξαι
480 4672 658 4739 λόγον,
702 4670 796 4723 καὶ
844 4667 932 4721 διὰ
992 4671 1252 4719 πλειόνων
1304 4665 1683 4736 ἀῶλεσχῆσαι.
1750 4669 1850 4733 τὰς
1886 4672 1993 4726 τῶν
2056 4672 2286 4726 ἀνοσίων
2330 4672 2619 4745 αἱρετικῶν
2647 4674 3048 4744 ἀνατρέποντας
3077 4670 3368 4731 ἀϐουλίας·
3405 4668 3508 4736 ἁρ-

222 4766 467 4828 κούντως
490 4765 549 4818 δὲ
575 4764 674 4835 ἤδη
705 4761 1033 4831 διειληφότες
1056 4760 1145 4814 διὰ
1171 4760 1264 4814 τοῦ
1294 4760 1448 4830 ἁγίου
1495 4758 1831 4830 Πνεύματος,
1872 4765 1930 4817 ὲν
1961 4765 2040 4837 τῷ
2083 4767 2223 4836 Περὶ
2260 4764 2366 4833 τῆς
2417 4766 2591 4836 ἁγίας
2664 4766 2905 4834 Τριάδος
2978 4763 3182 4835 ϐιϐλίῳ,
3233 4761 3297 4814 τὸ
3341 4756 3508 4812 πολλὰ

220 4856 407 4926 λέγειν
446 4857 557 4917 ἔτι,
592 4856 762 4909 διάτοι
797 4853 955 4907 τοῦτο
986 4854 1327 4924 παρήσομεν.

286 4949 399 5003 Καὶ
435 4952 477 5002 d
506 4952 693 5017 Λόγος
721 4946 878 5015 σὰρξ
904 4946 1159 5016 ἐγένετο.

289 5038 639 5108 Εἰσΰέόηκεν
667 5038 769 5108 ἤδη
810 5037 1062 5107 καθαρῶς
1096 5035 1184 5089 διὰ
1225 5034 1413 5087 τούτου
1452 5037 1531 5099 εἰς
1564 5036 1654 5088 τὸν
1682 5038 1811 5107 περὶ

217 5129 317 5199 τῆς
348 5128 818 5199 ὲνανθρωπήσεως
846 5127 1019 5196 λόγον.
1058 5127 1178 5178 Ὅτι
1213 5125 1322 5195 γάρ
1350 5125 1477 5188 Υἱὸς
1520 5124 1810 5195 ἀνθρώπου

220 5224 413 5291 γέγονέ
448 5238 517 5274 τε
576 5220 676 5292 ήδη
720 5219 812 5272 καὶ
860 5219 1262 5289 κεχρημάτικεν
1298 5219 1326 5270 ὁ
1362 5216 1689 5288 Μονογενὴς,
1723 5216 1811 5280 ὲξ-

222 5316 439 5383 ηγεῖται
482 5311 700 5379 σαφῶς*
742 5310 992 5379 σημαίνει
1021 5308 1129 5379 γάρ
1170 5308 1343 5370 τοῦτο.
1379 5309 1473 5361 καὶ
1510 5307 1694 5379 ἕτερον
1724 5306 1818 5360 οῦ-

228 5404 339 5468 δὲν,
365 5403 429 5456 τὸ
458 5402 642 5474 σάρκα
666 5402 915 5470 γενέσθαι
940 5404 1032 5454 τὸν
1053 5401 1221 5468 Λόγον
1248 5401 1421 5454 εἰπεῖν
1441 5417 1452 5428 ·
1476 5401 1656 5469 ὅμοιον
1686 5399 1817 5469 γὰρ,

226 5495 304 5557 ὡς
348 5496 397 5547 εί
432 5495 529 5548 καὶ
564 5494 893 5563 γυμνότερον
940 5493 1193 5561 ἔφασκεν,
1245 5492 1303 5544 Ὀ
1342 5491 1511 5559 Λόγος
1542 5491 1826 5560 ἄνθρωπος

228 5584 468 5654 ἐγένετο.
500 5584 662 5639 Ξένον
679 5585 735 5638 δὲ
765 5586 924 5639 πάλιν
952 5587 1102 5655 ἡμῖν,
1129 5583 1161 5654 ἢ
1190 5581 1456 5652 ἀσύνηθες
1488 5580 1639 5634 οὐδὲν
1668 5579 1810 5633 οῦτω

331 5700 401 5753 ⁷1
455 5700 584 5755 Cor.
630 5716 702 5764 Vl,
761 5701 843 5753 19.
920 5700 964 5731 ³⁸
998 5698 1169 5756 Levit.
1226 5715 1373 5763 xxw,
1427 5698 1601 5765 ιε;ιι
1651 5699 1813 5755 Cor.‘

1929 5698 2015 5755 16.
2094 5698 2302 5756 "Rom.
2328 5714 2447 5766 vm,
2480 5699 2529 5752 1.

241 5784 355 5833 ιμ’,
411 5770 506 5826 93.
579 5772 621 5801 δ’
656 5769 670 5822 l
713 5768 855 5823 Ιυ-ιιι
898 5786 967 5830 ιν,
1002 5770 1082 5824 13.

1987 4942 2043 5007 l,
2078 4942 2165 4997 H.
2204 4942 2271 4996 Et
2315 4942 2541 4998 Verbum
2590 4957 2712 4994 caro
2746 4940 2946 5009 factum
2987 4946 3085 4992 est.

1984 5036 2183 5105 Aperte
2214 5036 2431 5091 demum
2478 5035 2564 5089 his
2614 5034 2795 5089 verbis
2847 5030 3244 5087 incarnationis
3293 5042 3498 5083 sermo-

1917 5143 2041 5182 nem
2069 5128 2390 5197 ingreditur.
2442 5127 2601 5181 Clare
2645 5127 2791 5181 enim
2822 5124 2981 5179 docet
3032 5120 3227 5174 Filium
3265 5120 3507 5175 hominis

1923 5218 2125 5272 factum
2181 5228 2235 5273 et
2282 5220 2614 5289 appellatum
2665 5233 2786 5274 esse
2836 5213 3210 5285 Unigenitum.
3252 5211 3309 5265 ld
3361 5212 3505 5266 enim

1925 5308 2199 5377 significat
2233 5309 2363 5363 illud
2413 5309 2560 5380 quod
2597 5309 2698 5373 ait,
2753 5304 2992 5361 Verbum
3030 5319 3250 5357 carnem
3302 5302 3505 5357 factum

1928 5415 2067 5454 esse.
2102 5400 2248 5455 Idem
2298 5402 2444 5455 enim
2494 5408 2581 5454 est
2637 5414 2701 5452 ac
2752 5397 2798 5451 si
2839 5395 3065 5457 diceret,
3100 5392 3338 5449 Verbum
3385 5409 3505 5449 esse

1934 5490 2135 5545 factum
2161 5492 2456 5546 hominem.
2491 5490 2644 5556 Quod
2676 5503 2798 5541 eum
2837 5488 2935 5551 ait,
2964 5486 3097 5539 nihil
3134 5486 3292 5540 nobis
3330 5486 3505 5539 inusi-

1918 5588 2091 5638 talum
2127 5590 2219 5637 aut
2268 5583 2613 5652 peregrinum
2641 5578 2859 5648 ingerit,
2892 5592 3016 5631 cum
3062 5575 3384 5645 plerum-pic
3420 5574 3505 5627 di-

2606 5696 2650 5727 ⁸⁰
2675 5692 2692 5747 1
2715 5696 2840 5749 Cor.
2878 5710 2958 5761 ιιι,
2990 5693 3074 5759 15,
3108 5692 3192 5748 16.
3272 5692 3311 5724 δ’
3345 5689 3504 5744 Joan.
