  <div class='ocr_page' id='page_1' title='image "/cluster/home/n/w/nwhite01/storage/ocr_20150623/73/hvd.32044019207877/091.png"; bbox 0 0 4168 6568; ppageno 0'>
   <div class='ocr_carea' id='block_1_1' title="bbox 674 380 2259 448">
    <p class='ocr_par' dir='ltr' id='par_1_1' title="bbox 674 380 2259 444">
     <span class='ocr_line' id='line_1_1' title="bbox 674 380 2259 444; baseline 0.005 -8"><span class='ocrx_word' id='word_1_1' title='bbox 674 380 779 437; x_wconf 74' lang='grc'><strong>159</strong></span> <span class='ocrx_word' id='word_1_2' title='bbox 1703 387 1762 443; x_wconf 83' lang='grc'><strong>8.</strong></span> <span class='ocrx_word' id='word_1_3' title='bbox 1798 386 2074 444; x_wconf 62' lang='grc' dir='ltr'>(ῑγιιιιιιι</span> <span class='ocrx_word' id='word_1_4' title='bbox 2108 388 2259 444; x_wconf 69' lang='lat' dir='ltr'><strong>ALEI</strong></span> 
     </span>
    </p>
   </div>
   <div class='ocr_carea' id='block_1_2' title="bbox 2362 380 2944 448">
    <p class='ocr_par' dir='ltr' id='par_1_2' title="bbox 2362 388 2944 448">
     <span class='ocr_line' id='line_1_2' title="bbox 2362 388 2944 448; baseline 0.01 -6"><span class='ocrx_word' id='word_1_5' title='bbox 2362 388 2580 442; x_wconf 58' lang='lat' dir='ltr'><strong>VDRINI</strong></span> <span class='ocrx_word' id='word_1_6' title='bbox 2621 388 2944 448; x_wconf 71' lang='lat' dir='ltr'><strong>ARCIIIEP.</strong></span> 
     </span>
    </p>
   </div>
   <div class='ocr_carea' id='block_1_3' title="bbox 669 500 2259 582">
    <p class='ocr_par' dir='ltr' id='par_1_3' title="bbox 669 500 2245 573">
     <span class='ocr_line' id='line_1_3' title="bbox 669 500 2245 573; baseline 0.005 -19"><span class='ocrx_word' id='word_1_7' title='bbox 669 502 796 555; x_wconf 80' lang='lat' dir='ltr'><strong>vina</strong></span> <span class='ocrx_word' id='word_1_8' title='bbox 824 500 1111 573; x_wconf 87' lang='lat' dir='ltr'><strong>Scriptura</strong></span> <span class='ocrx_word' id='word_1_9' title='bbox 1143 505 1313 562; x_wconf 87' lang='lat' dir='ltr'><strong>solius</strong></span> <span class='ocrx_word' id='word_1_10' title='bbox 1335 506 1519 561; x_wconf 86' lang='lat' dir='ltr'><strong>carnis</strong></span> <span class='ocrx_word' id='word_1_11' title='bbox 1555 507 1825 562; x_wconf 78' lang='lat' dir='ltr'><strong>vocabulo</strong></span> <span class='ocrx_word' id='word_1_12' title='bbox 1844 515 2018 563; x_wconf 79' lang='lat' dir='ltr'><strong>tutum</strong></span> <span class='ocrx_word' id='word_1_13' title='bbox 2047 508 2245 563; x_wconf 81' lang='lat' dir='ltr'><strong>animal</strong></span> 
     </span>
    </p>
   </div>
   <div class='ocr_carea' id='block_1_4' title="bbox 2362 500 3785 582">
    <p class='ocr_par' dir='ltr' id='par_1_4' title="bbox 2362 509 3785 582">
     <span class='ocr_line' id='line_1_4' title="bbox 2362 509 3785 582; baseline 0.009 -22"><span class='ocrx_word' id='word_1_14' title='bbox 2362 510 2522 577; x_wconf 59' lang='grc' dir='ltr'>λέγων</span> <span class='ocrx_word' id='word_1_15' title='bbox 2559 509 2824 579; x_wconf 66' lang='grc' dir='ltr'>εἰσφέρει,</span> <span class='ocrx_word' id='word_1_16' title='bbox 2875 510 3134 573; x_wconf 78' lang='grc' dir='ltr'>πολλάκις</span> <span class='ocrx_word' id='word_1_17' title='bbox 3178 512 3277 580; x_wconf 77' lang='grc' dir='ltr'>τῆς</span> <span class='ocrx_word' id='word_1_18' title='bbox 3327 512 3477 574; x_wconf 84' lang='grc' dir='ltr'>θείας</span> <span class='ocrx_word' id='word_1_19' title='bbox 3526 511 3785 582; x_wconf 62' lang='grc' dir='ltr'><strong>Γμφῆς.</strong></span> 
     </span>
    </p>
   </div>
   <div class='ocr_carea' id='block_1_5' title="bbox 669 591 2248 670">
    <p class='ocr_par' dir='ltr' id='par_1_5' title="bbox 669 591 2248 670">
     <span class='ocr_line' id='line_1_5' title="bbox 669 591 2248 670; baseline 0.005 -25"><span class='ocrx_word' id='word_1_20' title='bbox 669 591 960 660; x_wconf 76' lang='lat' dir='ltr'><strong>signiﬁcet,</strong></span> <span class='ocrx_word' id='word_1_21' title='bbox 997 594 1155 661; x_wconf 81' lang='lat' dir='ltr'><strong>juxta</strong></span> <span class='ocrx_word' id='word_1_22' title='bbox 1183 596 1313 650; x_wconf 86' lang='lat' dir='ltr'><strong>illud</strong></span> <span class='ocrx_word' id='word_1_23' title='bbox 1366 596 1513 666; x_wconf 89' lang='lat' dir='ltr'><strong>quod</strong></span> <span class='ocrx_word' id='word_1_24' title='bbox 1556 600 1699 667; x_wconf 89' lang='lat' dir='ltr'><strong>apud</strong></span> <span class='ocrx_word' id='word_1_25' title='bbox 1744 597 1949 654; x_wconf 83' lang='lat' dir='ltr'><strong>Joelem</strong></span> <span class='ocrx_word' id='word_1_26' title='bbox 1983 602 2248 670; x_wconf 89' lang='lat' dir='ltr'><strong>scriptum</strong></span> 
     </span>
    </p>
   </div>
   <div class='ocr_carea' id='block_1_6' title="bbox 669 684 2251 759">
    <p class='ocr_par' dir='ltr' id='par_1_6' title="bbox 669 684 2251 759">
     <span class='ocr_line' id='line_1_6' title="bbox 669 684 2251 759; baseline 0.007 -25"><span class='ocrx_word' id='word_1_27' title='bbox 669 691 800 735; x_wconf 87' lang='lat' dir='ltr'><strong>est:</strong></span> <span class='ocrx_word' id='word_1_28' title='bbox 858 703 875 735; x_wconf 80' lang='grc' dir='ltr'><strong>ι</strong></span> <span class='ocrx_word' id='word_1_29' title='bbox 919 684 1205 740; x_wconf 78' lang='lat' dir='ltr'><strong>Eﬂundam</strong></span> <span class='ocrx_word' id='word_1_30' title='bbox 1256 688 1323 744; x_wconf 87' lang='lat' dir='ltr'><strong>de</strong></span> <span class='ocrx_word' id='word_1_31' title='bbox 1373 690 1584 759; x_wconf 84' lang='lat' dir='ltr'><strong>Spiritu</strong></span> <span class='ocrx_word' id='word_1_32' title='bbox 1646 705 1768 743; x_wconf 89' lang='lat' dir='ltr'><strong>meo</strong></span> <span class='ocrx_word' id='word_1_33' title='bbox 1818 706 1984 759; x_wconf 82' lang='lat' dir='ltr'><strong>super</strong></span> <span class='ocrx_word' id='word_1_34' title='bbox 2031 707 2251 746; x_wconf 82' lang='lat' dir='ltr'><strong>omnem</strong></span> 
     </span>
    </p>
   </div>
   <div class='ocr_carea' id='block_1_7' title="bbox 671 776 2250 851">
    <p class='ocr_par' dir='ltr' id='par_1_7' title="bbox 671 776 2250 851">
     <span class='ocr_line' id='line_1_7' title="bbox 671 776 2250 851; baseline 0.006 -26"><span class='ocrx_word' id='word_1_35' title='bbox 671 789 896 828; x_wconf 86' lang='lat' dir='ltr'><strong>carnem</strong></span> <span class='ocrx_word' id='word_1_36' title='bbox 933 776 995 828; x_wconf 69' lang='lat'><strong>&quot;.</strong></span> <span class='ocrx_word' id='word_1_37' title='bbox 1040 794 1058 827; x_wconf 78' lang='grc' dir='ltr'><strong>ι</strong></span> <span class='ocrx_word' id='word_1_38' title='bbox 1094 777 1280 846; x_wconf 80' lang='lat' dir='ltr'><strong>Neque</strong></span> <span class='ocrx_word' id='word_1_39' title='bbox 1315 795 1441 835; x_wconf 83' lang='lat' dir='ltr'><strong>vero</strong></span> <span class='ocrx_word' id='word_1_40' title='bbox 1488 782 1788 851; x_wconf 90' lang='lat' dir='ltr'><strong>putandum</strong></span> <span class='ocrx_word' id='word_1_41' title='bbox 1814 792 1896 835; x_wconf 86' lang='lat' dir='ltr'><strong>est</strong></span> <span class='ocrx_word' id='word_1_42' title='bbox 1934 786 2250 851; x_wconf 71' lang='lat' dir='ltr'><strong>prophetam</strong></span> 
     </span>
    </p>
   </div>
   <div class='ocr_carea' id='block_1_8' title="bbox 670 862 2253 926">
    <p class='ocr_par' dir='ltr' id='par_1_8' title="bbox 670 862 2253 926">
     <span class='ocr_line' id='line_1_8' title="bbox 670 862 2253 926; baseline 0.007 -11"><span class='ocrx_word' id='word_1_43' title='bbox 670 862 855 920; x_wconf 81' lang='lat' dir='ltr'><strong>dicere</strong></span> <span class='ocrx_word' id='word_1_44' title='bbox 905 866 1219 923; x_wconf 71' lang='lat' dir='ltr'><strong>inanimatae</strong></span> <span class='ocrx_word' id='word_1_45' title='bbox 1250 882 1303 925; x_wconf 92' lang='lat' dir='ltr'><strong>et</strong></span> <span class='ocrx_word' id='word_1_46' title='bbox 1335 873 1437 925; x_wconf 86' lang='lat' dir='ltr'><strong>soli</strong></span> <span class='ocrx_word' id='word_1_47' title='bbox 1493 873 1747 926; x_wconf 72' lang='lat' dir='ltr'><strong>humana:</strong></span> <span class='ocrx_word' id='word_1_48' title='bbox 1799 873 1954 926; x_wconf 85' lang='lat' dir='ltr'><strong>carni</strong></span> <span class='ocrx_word' id='word_1_49' title='bbox 2005 872 2253 926; x_wconf 83' lang='lat' dir='ltr'><strong>divinum</strong></span> 
     </span>
    </p>
   </div>
   <div class='ocr_carea' id='block_1_9' title="bbox 672 957 2251 1030">
    <p class='ocr_par' dir='ltr' id='par_1_9' title="bbox 672 957 2251 1030">
     <span class='ocr_line' id='line_1_9' title="bbox 672 957 2251 1030; baseline 0.005 -22"><span class='ocrx_word' id='word_1_50' title='bbox 672 957 1080 1025; x_wconf 73' lang='lat' dir='ltr'><strong>suppeditatum</strong></span> <span class='ocrx_word' id='word_1_51' title='bbox 1118 961 1180 1014; x_wconf 81' lang='lat' dir='ltr'><strong>iri</strong></span> <span class='ocrx_word' id='word_1_52' title='bbox 1214 960 1479 1030; x_wconf 79' lang='lat' dir='ltr'><strong>Spiritum</strong></span> <span class='ocrx_word' id='word_1_53' title='bbox 1517 983 1530 1018; x_wconf 92' lang='lat'><strong>:</strong></span> <span class='ocrx_word' id='word_1_54' title='bbox 1571 965 1651 1017; x_wconf 81' lang='lat' dir='ltr'><strong>sic</strong></span> <span class='ocrx_word' id='word_1_55' title='bbox 1687 964 1833 1018; x_wconf 91' lang='lat' dir='ltr'><strong>enim</strong></span> <span class='ocrx_word' id='word_1_56' title='bbox 1883 965 2113 1018; x_wconf 89' lang='lat' dir='ltr'><strong>ridicula</strong></span> <span class='ocrx_word' id='word_1_57' title='bbox 2146 962 2251 1018; x_wconf 87' lang='lat' dir='ltr'><strong>erit</strong></span> 
     </span>
    </p>
   </div>
   <div class='ocr_carea' id='block_1_10' title="bbox 672 1046 2249 1122">
    <p class='ocr_par' dir='ltr' id='par_1_10' title="bbox 672 1046 2249 1122">
     <span class='ocr_line' id='line_1_10' title="bbox 672 1046 2249 1122; baseline 0.006 -24"><span class='ocrx_word' id='word_1_58' title='bbox 672 1046 764 1098; x_wconf 88' lang='lat' dir='ltr'><strong>illa</strong></span> <span class='ocrx_word' id='word_1_59' title='bbox 799 1047 1197 1117; x_wconf 70' lang='lat' dir='ltr'><strong>interpretatio.</strong></span> <span class='ocrx_word' id='word_1_60' title='bbox 1243 1050 1349 1104; x_wconf 86' lang='lat' dir='ltr'><strong>Sed</strong></span> <span class='ocrx_word' id='word_1_61' title='bbox 1395 1069 1460 1105; x_wconf 82' lang='lat' dir='ltr'><strong>ex</strong></span> <span class='ocrx_word' id='word_1_62' title='bbox 1509 1062 1662 1122; x_wconf 85' lang='lat' dir='ltr'><strong>parte</strong></span> <span class='ocrx_word' id='word_1_63' title='bbox 1706 1063 1879 1107; x_wconf 90' lang='lat' dir='ltr'><strong>totum</strong></span> <span class='ocrx_word' id='word_1_64' title='bbox 1910 1055 2249 1122; x_wconf 78' lang='lat' dir='ltr'><strong>complexus,</strong></span> 
     </span>
    </p>
   </div>
   <div class='ocr_carea' id='block_1_11' title="bbox 669 1139 2250 1216">
    <p class='ocr_par' dir='ltr' id='par_1_11' title="bbox 669 1139 2250 1216">
     <span class='ocr_line' id='line_1_11' title="bbox 669 1139 2250 1216; baseline 0.004 -24"><span class='ocrx_word' id='word_1_65' title='bbox 669 1139 895 1193; x_wconf 82' lang='lat' dir='ltr'><strong>nomine</strong></span> <span class='ocrx_word' id='word_1_66' title='bbox 927 1142 1112 1197; x_wconf 89' lang='lat' dir='ltr'><strong>carnis</strong></span> <span class='ocrx_word' id='word_1_67' title='bbox 1140 1143 1411 1212; x_wconf 81' lang='lat' dir='ltr'><strong>signiﬁcat</strong></span> <span class='ocrx_word' id='word_1_68' title='bbox 1442 1145 1735 1213; x_wconf 76' lang='lat' dir='ltr'><strong>hominem;</strong></span> <span class='ocrx_word' id='word_1_69' title='bbox 1775 1148 1919 1216; x_wconf 86' lang='lat' dir='ltr'><strong>quod</strong></span> <span class='ocrx_word' id='word_1_70' title='bbox 1957 1148 2111 1202; x_wconf 81' lang='lat' dir='ltr'><strong>aliter</strong></span> <span class='ocrx_word' id='word_1_71' title='bbox 2137 1146 2250 1202; x_wconf 83' lang='lat' dir='ltr'><strong>ﬁeri</strong></span> 
     </span>
    </p>
   </div>
   <div class='ocr_carea' id='block_1_12' title="bbox 3867 393 3992 448">
    <p class='ocr_par' dir='ltr' id='par_1_12' title="bbox 3867 393 3992 448">
     <span class='ocr_line' id='line_1_12' title="bbox 3867 393 3992 448; baseline -0.016 0"><span class='ocrx_word' id='word_1_72' title='bbox 3867 393 3992 448; x_wconf 73' lang='grc'><strong>160</strong></span> 
     </span>
    </p>
   </div>
   <div class='ocr_carea' id='block_1_13' title="bbox 3872 511 3989 563">
    <p class='ocr_par' dir='ltr' id='par_1_13' title="bbox 3872 511 3989 563">
     <span class='ocr_line' id='line_1_13' title="bbox 3872 511 3989 563; baseline 0.017 -2"><span class='ocrx_word' id='word_1_73' title='bbox 3872 511 3989 563; x_wconf 76' lang='grc' dir='ltr'>καὶ</span> 
     </span>
    </p>
   </div>
   <div class='ocr_carea' id='block_1_14' title="bbox 2350 600 3983 671">
    <p class='ocr_par' dir='ltr' id='par_1_14' title="bbox 2350 600 3983 671">
     <span class='ocr_line' id='line_1_14' title="bbox 2350 600 3983 671; baseline -0.001 -18"><span class='ocrx_word' id='word_1_74' title='bbox 2350 600 2459 653; x_wconf 81' lang='grc' dir='ltr'><strong>ἀπὸ</strong></span> <span class='ocrx_word' id='word_1_75' title='bbox 2505 601 2670 669; x_wconf 76' lang='grc' dir='ltr'>μόνης</span> <span class='ocrx_word' id='word_1_76' title='bbox 2708 602 2805 669; x_wconf 84' lang='grc' dir='ltr'>τῆς</span> <span class='ocrx_word' id='word_1_77' title='bbox 2845 603 3065 667; x_wconf 80' lang='grc' dir='ltr'>σαρκὸς,</span> <span class='ocrx_word' id='word_1_78' title='bbox 3106 602 3224 654; x_wconf 80' lang='grc' dir='ltr'>ὅλον</span> <span class='ocrx_word' id='word_1_79' title='bbox 3252 602 3629 671; x_wconf 77' lang='grc' dir='ltr'><strong>ἀποκαλούσης</strong></span> <span class='ocrx_word' id='word_1_80' title='bbox 3674 603 3737 654; x_wconf 79' lang='grc' dir='ltr'>τὸ</span> <span class='ocrx_word' id='word_1_81' title='bbox 3778 600 3983 664; x_wconf 76' lang='grc' dir='ltr'>ζῶον,</span> 
     </span>
    </p>
   </div>
   <div class='ocr_carea' id='block_1_15' title="bbox 2352 691 3980 764">
    <p class='ocr_par' dir='ltr' id='par_1_15' title="bbox 2352 691 3980 764">
     <span class='ocr_line' id='line_1_15' title="bbox 2352 691 3980 764; baseline -0.001 -20"><span class='ocrx_word' id='word_1_82' title='bbox 2352 692 2493 744; x_wconf 74' lang='grc' dir='ltr'>κατὰ</span> <span class='ocrx_word' id='word_1_83' title='bbox 2529 691 2589 743; x_wconf 84' lang='grc' dir='ltr'>τὸ</span> <span class='ocrx_word' id='word_1_84' title='bbox 2632 693 2691 743; x_wconf 81' lang='grc' dir='ltr'>ὲν</span> <span class='ocrx_word' id='word_1_85' title='bbox 2732 691 2810 761; x_wconf 88' lang='grc' dir='ltr'>τῷ</span> <span class='ocrx_word' id='word_1_86' title='bbox 2866 695 3123 763; x_wconf 79' lang='grc' dir='ltr'><strong>προφήτῃ</strong></span> <span class='ocrx_word' id='word_1_87' title='bbox 3161 693 3410 763; x_wconf 84' lang='grc' dir='ltr'>κείμενον</span> <span class='ocrx_word' id='word_1_88' title='bbox 3449 694 3625 764; x_wconf 81' lang='grc' dir='ltr'>Ἰωήλ·</span> <span class='ocrx_word' id='word_1_89' title='bbox 3652 710 3673 743; x_wconf 78' lang='grc' dir='ltr'><strong>ι</strong></span> <span class='ocrx_word' id='word_1_90' title='bbox 3725 692 3980 759; x_wconf 79' lang='grc' dir='ltr'>Ἑκχεῶ</span> 
     </span>
    </p>
   </div>
   <div class='ocr_carea' id='block_1_16' title="bbox 2351 785 3981 859">
    <p class='ocr_par' dir='ltr' id='par_1_16' title="bbox 2351 785 3981 859">
     <span class='ocr_line' id='line_1_16' title="bbox 2351 785 3981 859; baseline 0.001 -21"><span class='ocrx_word' id='word_1_91' title='bbox 2351 786 2458 838; x_wconf 81' lang='grc' dir='ltr'>ἀπὸ</span> <span class='ocrx_word' id='word_1_92' title='bbox 2515 785 2613 836; x_wconf 84' lang='grc' dir='ltr'><strong>τοῦ</strong></span> <span class='ocrx_word' id='word_1_93' title='bbox 2657 785 2971 856; x_wconf 81' lang='grc' dir='ltr'>Πνεύματὸς</span> <span class='ocrx_word' id='word_1_94' title='bbox 3018 805 3120 857; x_wconf 87' lang='grc' dir='ltr'><strong>μου</strong></span> <span class='ocrx_word' id='word_1_95' title='bbox 3170 789 3261 841; x_wconf 70' lang='grc' dir='ltr'><strong>ἐπὶ</strong></span> <span class='ocrx_word' id='word_1_96' title='bbox 3300 790 3479 840; x_wconf 78' lang='grc' dir='ltr'>πᾶσαν</span> <span class='ocrx_word' id='word_1_97' title='bbox 3526 789 3742 859; x_wconf 86' lang='grc' dir='ltr'>σάρκα·</span> <span class='ocrx_word' id='word_1_98' title='bbox 3788 806 3819 837; x_wconf 66' lang='grc' dir='ltr'><strong>ι</strong></span> <span class='ocrx_word' id='word_1_99' title='bbox 3865 786 3981 839; x_wconf 77' lang='grc' dir='ltr'>καὶ</span> 
     </span>
    </p>
   </div>
   <div class='ocr_carea' id='block_1_17' title="bbox 2351 877 3975 951">
    <p class='ocr_par' dir='ltr' id='par_1_17' title="bbox 2351 877 3975 951">
     <span class='ocr_line' id='line_1_17' title="bbox 2351 877 3975 951; baseline -0.001 -21"><span class='ocrx_word' id='word_1_100' title='bbox 2351 878 2412 930; x_wconf 76' lang='grc' dir='ltr'>οὐ</span> <span class='ocrx_word' id='word_1_101' title='bbox 2460 877 2635 947; x_wconf 80' lang='grc' dir='ltr'>δήπου</span> <span class='ocrx_word' id='word_1_102' title='bbox 2690 878 2985 949; x_wconf 76' lang='grc' dir='ltr'><strong>νομιοῦμεν</strong></span> <span class='ocrx_word' id='word_1_103' title='bbox 3034 879 3225 949; x_wconf 79' lang='grc' dir='ltr'>ἀψύχῳ</span> <span class='ocrx_word' id='word_1_104' title='bbox 3270 880 3366 933; x_wconf 68' lang='grc' dir='ltr'><strong>καὶ</strong></span> <span class='ocrx_word' id='word_1_105' title='bbox 3413 879 3547 951; x_wconf 79' lang='grc' dir='ltr'>μόνῃ</span> <span class='ocrx_word' id='word_1_106' title='bbox 3583 882 3649 949; x_wconf 76' lang='grc' dir='ltr'><strong>τῇ</strong></span> <span class='ocrx_word' id='word_1_107' title='bbox 3722 877 3975 947; x_wconf 81' lang='grc' dir='ltr'>ἀνθρω-</span> 
     </span>
    </p>
   </div>
   <div class='ocr_carea' id='block_1_18' title="bbox 2356 968 3972 1041">
    <p class='ocr_par' dir='ltr' id='par_1_18' title="bbox 2356 968 3972 1041">
     <span class='ocr_line' id='line_1_18' title="bbox 2356 968 3972 1041; baseline -0.001 -20"><span class='ocrx_word' id='word_1_108' title='bbox 2356 969 2483 1039; x_wconf 72' lang='grc' dir='ltr'>πεία</span> <span class='ocrx_word' id='word_1_109' title='bbox 2521 975 2686 1037; x_wconf 66' lang='grc' dir='ltr'>σαρκὶ</span> <span class='ocrx_word' id='word_1_110' title='bbox 2710 970 2770 1021; x_wconf 87' lang='grc' dir='ltr'>τὸ</span> <span class='ocrx_word' id='word_1_111' title='bbox 2798 968 2941 1021; x_wconf 83' lang='grc' dir='ltr'>θεῖον</span> <span class='ocrx_word' id='word_1_112' title='bbox 2977 970 3374 1041; x_wconf 76' lang='grc' dir='ltr'>χορηγήσεσθαι</span> <span class='ocrx_word' id='word_1_113' title='bbox 3408 970 3633 1041; x_wconf 82' lang='grc' dir='ltr'><strong>Πνεῦμα</strong></span> <span class='ocrx_word' id='word_1_114' title='bbox 3670 971 3771 1023; x_wconf 75' lang='grc' dir='ltr'><strong>τὸν</strong></span> <span class='ocrx_word' id='word_1_115' title='bbox 3809 986 3972 1039; x_wconf 81' lang='grc' dir='ltr'>προ-</span> 
     </span>
    </p>
   </div>
   <div class='ocr_carea' id='block_1_19' title="bbox 2353 1062 3972 1132">
    <p class='ocr_par' dir='ltr' id='par_1_19' title="bbox 2353 1062 3972 1132">
     <span class='ocr_line' id='line_1_19' title="bbox 2353 1062 3972 1132; baseline 0.001 -19"><span class='ocrx_word' id='word_1_116' title='bbox 2353 1063 2527 1130; x_wconf 85' lang='grc' dir='ltr'>φήτην</span> <span class='ocrx_word' id='word_1_117' title='bbox 2565 1063 2771 1114; x_wconf 81' lang='grc' dir='ltr'>εἰπεῖν·</span> <span class='ocrx_word' id='word_1_118' title='bbox 2824 1064 3112 1132; x_wconf 85' lang='grc' dir='ltr'>ἀμοιρήσει</span> <span class='ocrx_word' id='word_1_119' title='bbox 3151 1062 3260 1132; x_wconf 73' lang='grc' dir='ltr'>γὰρ</span> <span class='ocrx_word' id='word_1_120' title='bbox 3299 1062 3442 1115; x_wconf 82' lang='grc' dir='ltr'>οὓτω</span> <span class='ocrx_word' id='word_1_121' title='bbox 3472 1063 3832 1132; x_wconf 82' lang='grc' dir='ltr'>γελοιότητος</span> <span class='ocrx_word' id='word_1_122' title='bbox 3862 1063 3972 1114; x_wconf 65' lang='lat' dir='ltr'><strong>oz’i-</strong></span> 
     </span>
    </p>
   </div>
   <div class='ocr_carea' id='block_1_20' title="bbox 2350 1149 3971 1222">
    <p class='ocr_par' dir='ltr' id='par_1_20' title="bbox 2350 1149 3971 1222">
     <span class='ocr_line' id='line_1_20' title="bbox 2350 1149 3971 1222; baseline -0.001 -19"><span class='ocrx_word' id='word_1_123' title='bbox 2350 1150 2537 1217; x_wconf 82' lang='grc' dir='ltr'>δαμῶς</span> <span class='ocrx_word' id='word_1_124' title='bbox 2563 1150 2624 1203; x_wconf 82' lang='grc' dir='ltr'>τὸ</span> <span class='ocrx_word' id='word_1_125' title='bbox 2645 1149 2970 1221; x_wconf 83' lang='grc' dir='ltr'>δηλούμενον</span> <span class='ocrx_word' id='word_1_126' title='bbox 2991 1191 3004 1208; x_wconf 75' lang='grc'><strong>.</strong></span> <span class='ocrx_word' id='word_1_127' title='bbox 3038 1151 3150 1204; x_wconf 81' lang='grc' dir='ltr'>ἀλλ’</span> <span class='ocrx_word' id='word_1_128' title='bbox 3181 1155 3245 1203; x_wconf 87' lang='grc' dir='ltr'><strong>ἐκ</strong></span> <span class='ocrx_word' id='word_1_129' title='bbox 3273 1151 3471 1222; x_wconf 83' lang='grc' dir='ltr'><strong>μέρους</strong></span> <span class='ocrx_word' id='word_1_130' title='bbox 3494 1152 3552 1204; x_wconf 83' lang='grc' dir='ltr'>τὸ</span> <span class='ocrx_word' id='word_1_131' title='bbox 3582 1152 3702 1204; x_wconf 85' lang='grc' dir='ltr'>ὅλον</span> <span class='ocrx_word' id='word_1_132' title='bbox 3734 1151 3971 1204; x_wconf 71' lang='grc' dir='ltr'>συλλα-</span> 
     </span>
    </p>
   </div>
   <div class='ocr_carea' id='block_1_21' title="bbox 671 1232 2253 1303">
    <p class='ocr_par' dir='ltr' id='par_1_21' title="bbox 671 1232 2253 1303">
     <span class='ocr_line' id='line_1_21' title="bbox 671 1232 2253 1303; baseline 0.008 -20"><span class='ocrx_word' id='word_1_133' title='bbox 671 1246 780 1285; x_wconf 83' lang='grc' dir='ltr'>ιιοη</span> <span class='ocrx_word' id='word_1_134' title='bbox 817 1233 1130 1301; x_wconf 83' lang='lat' dir='ltr'><strong>Oportebat.</strong></span> <span class='ocrx_word' id='word_1_135' title='bbox 1164 1232 1339 1300; x_wconf 87' lang='lat' dir='ltr'><strong>Quam</strong></span> <span class='ocrx_word' id='word_1_136' title='bbox 1376 1245 1559 1290; x_wconf 87' lang='lat' dir='ltr'><strong>autem</strong></span> <span class='ocrx_word' id='word_1_137' title='bbox 1613 1238 1683 1291; x_wconf 89' lang='lat' dir='ltr'><strong>ob</strong></span> <span class='ocrx_word' id='word_1_138' title='bbox 1721 1254 1968 1303; x_wconf 88' lang='lat' dir='ltr'><strong>causam,</strong></span> <span class='ocrx_word' id='word_1_139' title='bbox 2024 1255 2253 1295; x_wconf 87' lang='lat' dir='ltr'><strong>necesse</strong></span> 
     </span>
    </p>
   </div>
   <div class='ocr_carea' id='block_1_22' title="bbox 671 1324 2250 1400">
    <p class='ocr_par' dir='ltr' id='par_1_22' title="bbox 671 1324 2250 1400">
     <span class='ocr_line' id='line_1_22' title="bbox 671 1324 2250 1400; baseline 0.008 -26"><span class='ocrx_word' id='word_1_140' title='bbox 671 1330 777 1383; x_wconf 84' lang='lat' dir='ltr'><strong>est,</strong></span> <span class='ocrx_word' id='word_1_141' title='bbox 820 1333 880 1376; x_wconf 91' lang='lat' dir='ltr'><strong>ut</strong></span> <span class='ocrx_word' id='word_1_142' title='bbox 915 1324 1148 1388; x_wconf 78' lang='lat' dir='ltr'><strong>videtur,</strong></span> <span class='ocrx_word' id='word_1_143' title='bbox 1184 1329 1479 1396; x_wconf 76' lang='lat' dir='ltr'><strong>explicare.</strong></span> <span class='ocrx_word' id='word_1_144' title='bbox 1516 1329 1611 1383; x_wconf 77' lang='lat' dir='ltr'><strong>Est</strong></span> <span class='ocrx_word' id='word_1_145' title='bbox 1650 1330 1821 1400; x_wconf 83' lang='lat' dir='ltr'><strong>igitur</strong></span> <span class='ocrx_word' id='word_1_146' title='bbox 1855 1333 2022 1386; x_wconf 83' lang='lat' dir='ltr'><strong>homo</strong></span> <span class='ocrx_word' id='word_1_147' title='bbox 2079 1335 2250 1387; x_wconf 85' lang='lat' dir='ltr'><strong>ratio-</strong></span> 
     </span>
    </p>
   </div>
   <div class='ocr_carea' id='block_1_23' title="bbox 673 1413 2251 1490">
    <p class='ocr_par' dir='ltr' id='par_1_23' title="bbox 673 1413 2251 1490">
     <span class='ocr_line' id='line_1_23' title="bbox 673 1413 2251 1490; baseline 0.008 -26"><span class='ocrx_word' id='word_1_148' title='bbox 673 1414 801 1465; x_wconf 86' lang='lat' dir='ltr'><strong>nale</strong></span> <span class='ocrx_word' id='word_1_149' title='bbox 846 1413 1064 1481; x_wconf 79' lang='lat' dir='ltr'><strong>quidem</strong></span> <span class='ocrx_word' id='word_1_150' title='bbox 1119 1416 1342 1480; x_wconf 83' lang='lat' dir='ltr'><strong>animal,</strong></span> <span class='ocrx_word' id='word_1_151' title='bbox 1391 1418 1485 1473; x_wconf 90' lang='lat' dir='ltr'><strong>sed</strong></span> <span class='ocrx_word' id='word_1_152' title='bbox 1536 1421 1897 1490; x_wconf 86' lang='lat' dir='ltr'><strong>compositum</strong></span> <span class='ocrx_word' id='word_1_153' title='bbox 1949 1438 2017 1476; x_wconf 81' lang='lat' dir='ltr'><strong>ex</strong></span> <span class='ocrx_word' id='word_1_154' title='bbox 2066 1424 2251 1477; x_wconf 84' lang='lat' dir='ltr'><strong>anima</strong></span> 
     </span>
    </p>
   </div>
   <div class='ocr_carea' id='block_1_24' title="bbox 672 1499 2249 1578">
    <p class='ocr_par' dir='ltr' id='par_1_24' title="bbox 672 1499 2249 1578">
     <span class='ocr_line' id='line_1_24' title="bbox 672 1499 2249 1578; baseline 0.009 -26"><span class='ocrx_word' id='word_1_155' title='bbox 672 1499 935 1552; x_wconf 90' lang='lat' dir='ltr'><strong>nimirum</strong></span> <span class='ocrx_word' id='word_1_156' title='bbox 988 1511 1040 1554; x_wconf 92' lang='lat' dir='ltr'><strong>ct</strong></span> <span class='ocrx_word' id='word_1_157' title='bbox 1081 1502 1183 1556; x_wconf 83' lang='lat' dir='ltr'><strong>liae</strong></span> <span class='ocrx_word' id='word_1_158' title='bbox 1222 1503 1399 1574; x_wconf 79' lang='lat' dir='ltr'><strong>fragili</strong></span> <span class='ocrx_word' id='word_1_159' title='bbox 1442 1517 1605 1578; x_wconf 81' lang='lat' dir='ltr'><strong>atque</strong></span> <span class='ocrx_word' id='word_1_160' title='bbox 1639 1518 1854 1563; x_wconf 88' lang='lat' dir='ltr'><strong>terrena</strong></span> <span class='ocrx_word' id='word_1_161' title='bbox 1897 1525 2083 1565; x_wconf 87' lang='lat' dir='ltr'><strong>carne.</strong></span> <span class='ocrx_word' id='word_1_162' title='bbox 2114 1511 2249 1565; x_wconf 77' lang='lat' dir='ltr'><strong>Cum</strong></span> 
     </span>
    </p>
   </div>
   <div class='ocr_carea' id='block_1_25' title="bbox 673 1592 2251 1668">
    <p class='ocr_par' dir='ltr' id='par_1_25' title="bbox 673 1592 2251 1668">
     <span class='ocr_line' id='line_1_25' title="bbox 673 1592 2251 1668; baseline 0.011 -27"><span class='ocrx_word' id='word_1_163' title='bbox 673 1600 856 1645; x_wconf 83' lang='lat' dir='ltr'><strong>autem</strong></span> <span class='ocrx_word' id='word_1_164' title='bbox 892 1592 1064 1648; x_wconf 82' lang='lat' dir='ltr'><strong>factus</strong></span> <span class='ocrx_word' id='word_1_165' title='bbox 1095 1596 1168 1647; x_wconf 90' lang='lat' dir='ltr'><strong>sit</strong></span> <span class='ocrx_word' id='word_1_166' title='bbox 1206 1611 1233 1649; x_wconf 90' lang='lat' dir='ltr'><strong>a</strong></span> <span class='ocrx_word' id='word_1_167' title='bbox 1269 1596 1398 1660; x_wconf 88' lang='lat' dir='ltr'><strong>Deo,</strong></span> <span class='ocrx_word' id='word_1_168' title='bbox 1433 1606 1488 1653; x_wconf 89' lang='lat' dir='ltr'><strong>et</strong></span> <span class='ocrx_word' id='word_1_169' title='bbox 1518 1599 1571 1653; x_wconf 91' lang='lat' dir='ltr'><strong>in</strong></span> <span class='ocrx_word' id='word_1_170' title='bbox 1618 1612 1803 1655; x_wconf 86' lang='lat' dir='ltr'><strong>ortum</strong></span> <span class='ocrx_word' id='word_1_171' title='bbox 1847 1601 2107 1668; x_wconf 84' lang='lat' dir='ltr'><strong>eductus,</strong></span> <span class='ocrx_word' id='word_1_172' title='bbox 2138 1619 2251 1658; x_wconf 89' lang='lat' dir='ltr'><strong>non</strong></span> 
     </span>
    </p>
   </div>
   <div class='ocr_carea' id='block_1_26' title="bbox 673 1681 2250 1763">
    <p class='ocr_par' dir='ltr' id='par_1_26' title="bbox 673 1681 2250 1763">
     <span class='ocr_line' id='line_1_26' title="bbox 673 1681 2250 1763; baseline 0.011 -30"><span class='ocrx_word' id='word_1_173' title='bbox 673 1681 883 1736; x_wconf 81' lang='lat' dir='ltr'><strong>habens</strong></span> <span class='ocrx_word' id='word_1_174' title='bbox 907 1700 973 1737; x_wconf 83' lang='lat' dir='ltr'><strong>ex</strong></span> <span class='ocrx_word' id='word_1_175' title='bbox 1012 1694 1205 1740; x_wconf 88' lang='lat' dir='ltr'><strong>natura</strong></span> <span class='ocrx_word' id='word_1_176' title='bbox 1236 1703 1335 1741; x_wconf 87' lang='lat' dir='ltr'><strong>sua</strong></span> <span class='ocrx_word' id='word_1_177' title='bbox 1378 1697 1437 1742; x_wconf 94' lang='lat' dir='ltr'><strong>ut</strong></span> <span class='ocrx_word' id='word_1_178' title='bbox 1467 1691 1540 1745; x_wconf 86' lang='lat' dir='ltr'><strong>sit</strong></span> <span class='ocrx_word' id='word_1_179' title='bbox 1574 1692 2012 1763; x_wconf 86' lang='lat' dir='ltr'><strong>incorruptibilis</strong></span> <span class='ocrx_word' id='word_1_180' title='bbox 2051 1705 2106 1749; x_wconf 86' lang='lat' dir='ltr'><strong>et</strong></span> <span class='ocrx_word' id='word_1_181' title='bbox 2151 1696 2250 1749; x_wconf 82' lang='lat' dir='ltr'><strong>im-</strong></span> 
     </span>
    </p>
   </div>
   <div class='ocr_carea' id='block_1_27' title="bbox 670 1775 2253 1854">
    <p class='ocr_par' dir='ltr' id='par_1_27' title="bbox 670 1775 2253 1854">
     <span class='ocr_line' id='line_1_27' title="bbox 670 1775 2253 1854; baseline 0.01 -29"><span class='ocrx_word' id='word_1_182' title='bbox 670 1775 920 1829; x_wconf 80' lang='lat' dir='ltr'><strong>mortalis</strong></span> <span class='ocrx_word' id='word_1_183' title='bbox 971 1778 1121 1844; x_wconf 71' lang='lat' dir='ltr'><strong>(hrcc</strong></span> <span class='ocrx_word' id='word_1_184' title='bbox 1162 1781 1308 1833; x_wconf 90' lang='lat' dir='ltr'><strong>enim</strong></span> <span class='ocrx_word' id='word_1_185' title='bbox 1351 1782 1452 1835; x_wconf 89' lang='lat' dir='ltr'><strong>soli</strong></span> <span class='ocrx_word' id='word_1_186' title='bbox 1500 1782 1608 1838; x_wconf 87' lang='lat' dir='ltr'><strong>Deo</strong></span> <span class='ocrx_word' id='word_1_187' title='bbox 1653 1784 1761 1854; x_wconf 76' lang='lat'><strong>95</strong></span> <span class='ocrx_word' id='word_1_188' title='bbox 1810 1786 2253 1843; x_wconf 81' lang='lat' dir='ltr'><strong>substantialiter</strong></span> 
     </span>
    </p>
   </div>
   <div class='ocr_carea' id='block_1_28' title="bbox 2352 1240 3968 1312">
    <p class='ocr_par' dir='ltr' id='par_1_28' title="bbox 2352 1240 3968 1312">
     <span class='ocr_line' id='line_1_28' title="bbox 2352 1240 3968 1312; baseline 0.001 -20"><span class='ocrx_word' id='word_1_189' title='bbox 2352 1241 2483 1303; x_wconf 72' lang='grc' dir='ltr'>θὼν,</span> <span class='ocrx_word' id='word_1_190' title='bbox 2515 1242 2623 1294; x_wconf 77' lang='grc' dir='ltr'><strong>ἀπὸ</strong></span> <span class='ocrx_word' id='word_1_191' title='bbox 2646 1241 2743 1311; x_wconf 81' lang='grc' dir='ltr'>τῆς</span> <span class='ocrx_word' id='word_1_192' title='bbox 2772 1243 2972 1312; x_wconf 74' lang='grc' dir='ltr'>σαρκὸς</span> <span class='ocrx_word' id='word_1_193' title='bbox 3007 1242 3261 1312; x_wconf 77' lang='grc' dir='ltr'>ὀνομάζει</span> <span class='ocrx_word' id='word_1_194' title='bbox 3294 1242 3383 1295; x_wconf 83' lang='grc' dir='ltr'>τὸν</span> <span class='ocrx_word' id='word_1_195' title='bbox 3407 1240 3711 1311; x_wconf 79' lang='grc' dir='ltr'>ἄνθρωπον,</span> <span class='ocrx_word' id='word_1_196' title='bbox 3740 1243 3869 1295; x_wconf 81' lang='grc' dir='ltr'>ἔδει</span> <span class='ocrx_word' id='word_1_197' title='bbox 3904 1242 3968 1294; x_wconf 74' lang='grc' dir='ltr'><strong>δὲ</strong></span> 
     </span>
    </p>
   </div>
   <div class='ocr_carea' id='block_1_29' title="bbox 2356 1331 3965 1405">
    <p class='ocr_par' dir='ltr' id='par_1_29' title="bbox 2356 1331 3965 1405">
     <span class='ocr_line' id='line_1_29' title="bbox 2356 1331 3965 1405; baseline -0.001 -19"><span class='ocrx_word' id='word_1_198' title='bbox 2356 1333 2556 1403; x_wconf 76' lang='grc' dir='ltr'>μᾶλλον</span> <span class='ocrx_word' id='word_1_199' title='bbox 2585 1331 2746 1397; x_wconf 80' lang='grc' dir='ltr'>οὕτω,</span> <span class='ocrx_word' id='word_1_200' title='bbox 2781 1335 2873 1386; x_wconf 74' lang='grc' dir='ltr'>καὶ</span> <span class='ocrx_word' id='word_1_201' title='bbox 2907 1335 3005 1403; x_wconf 83' lang='grc' dir='ltr'><strong>οὐχ</strong></span> <span class='ocrx_word' id='word_1_202' title='bbox 3038 1335 3273 1405; x_wconf 79' lang='grc' dir='ltr'><strong>ἑτέρως·</strong></span> <span class='ocrx_word' id='word_1_203' title='bbox 3305 1335 3397 1387; x_wconf 72' lang='grc' dir='ltr'>καὶ</span> <span class='ocrx_word' id='word_1_204' title='bbox 3424 1334 3513 1387; x_wconf 80' lang='grc' dir='ltr'><strong>διὰ</strong></span> <span class='ocrx_word' id='word_1_205' title='bbox 3541 1333 3696 1386; x_wconf 85' lang='grc' dir='ltr'>ποίαν</span> <span class='ocrx_word' id='word_1_206' title='bbox 3729 1333 3965 1397; x_wconf 77' lang='grc' dir='ltr'><strong>αἰτίαν,</strong></span> 
     </span>
    </p>
   </div>
   <div class='ocr_carea' id='block_1_30' title="bbox 2352 1424 3967 1492">
    <p class='ocr_par' dir='ltr' id='par_1_30' title="bbox 2352 1424 3967 1492">
     <span class='ocr_line' id='line_1_30' title="bbox 2352 1424 3967 1492; baseline -0.002 -14"><span class='ocrx_word' id='word_1_207' title='bbox 2352 1426 2671 1492; x_wconf 84' lang='grc' dir='ltr'>ἀναγκαῖον,</span> <span class='ocrx_word' id='word_1_208' title='bbox 2724 1425 2800 1487; x_wconf 84' lang='grc' dir='ltr'>ὡς</span> <span class='ocrx_word' id='word_1_209' title='bbox 2830 1425 3024 1486; x_wconf 75' lang='grc' dir='ltr'>ἔοικεν,</span> <span class='ocrx_word' id='word_1_210' title='bbox 3075 1428 3249 1477; x_wconf 74' lang='grc' dir='ltr'>εἰπεῖν</span> <span class='ocrx_word' id='word_1_211' title='bbox 3274 1441 3288 1455; x_wconf 72' lang='grc' dir='ltr'>ο</span> <span class='ocrx_word' id='word_1_212' title='bbox 3325 1426 3481 1477; x_wconf 85' lang='grc' dir='ltr'>Ἔστι</span> <span class='ocrx_word' id='word_1_213' title='bbox 3514 1424 3693 1476; x_wconf 79' lang='grc' dir='ltr'>τοίνυν</span> <span class='ocrx_word' id='word_1_214' title='bbox 3720 1424 3967 1491; x_wconf 59' lang='grc' dir='ltr'>λογικὴν</span> 
     </span>
    </p>
   </div>
   <div class='ocr_carea' id='block_1_31' title="bbox 2356 1512 3965 1583">
    <p class='ocr_par' dir='ltr' id='par_1_31' title="bbox 2356 1512 3965 1583">
     <span class='ocr_line' id='line_1_31' title="bbox 2356 1512 3965 1583; baseline 0 -20"><span class='ocrx_word' id='word_1_215' title='bbox 2356 1513 2475 1582; x_wconf 82' lang='grc' dir='ltr'>μὲν,</span> <span class='ocrx_word' id='word_1_216' title='bbox 2505 1512 2754 1565; x_wconf 75' lang='grc' dir='ltr'>σύνθετον</span> <span class='ocrx_word' id='word_1_217' title='bbox 2772 1512 2827 1565; x_wconf 84' lang='grc' dir='ltr'><strong>δὲ</strong></span> <span class='ocrx_word' id='word_1_218' title='bbox 2853 1512 2992 1577; x_wconf 78' lang='grc' dir='ltr'>ζῶον</span> <span class='ocrx_word' id='word_1_219' title='bbox 3018 1512 3046 1564; x_wconf 83' lang='grc' dir='ltr'><strong>ὁ</strong></span> <span class='ocrx_word' id='word_1_220' title='bbox 3076 1512 3380 1583; x_wconf 82' lang='grc' dir='ltr'>ἄνθρωπος,</span> <span class='ocrx_word' id='word_1_221' title='bbox 3405 1515 3468 1565; x_wconf 85' lang='grc' dir='ltr'><strong>ἐκ</strong></span> <span class='ocrx_word' id='word_1_222' title='bbox 3488 1513 3667 1583; x_wconf 79' lang='grc' dir='ltr'>ψυχῆς</span> <span class='ocrx_word' id='word_1_223' title='bbox 3688 1513 3965 1582; x_wconf 77' lang='grc' dir='ltr'>δηλονότι</span> 
     </span>
    </p>
   </div>
   <div class='ocr_carea' id='block_1_32' title="bbox 2352 1596 4059 1676">
    <p class='ocr_par' dir='ltr' id='par_1_32' title="bbox 2352 1596 4059 1676">
     <span class='ocr_line' id='line_1_32' title="bbox 2352 1596 4059 1676; baseline -0.002 -19"><span class='ocrx_word' id='word_1_224' title='bbox 2352 1604 2445 1657; x_wconf 79' lang='grc' dir='ltr'>καὶ</span> <span class='ocrx_word' id='word_1_225' title='bbox 2473 1605 2569 1674; x_wconf 78' lang='grc' dir='ltr'>τῆς</span> <span class='ocrx_word' id='word_1_226' title='bbox 2602 1604 2867 1673; x_wconf 84' lang='grc' dir='ltr'>ἐπικήρου</span> <span class='ocrx_word' id='word_1_227' title='bbox 2896 1603 3097 1674; x_wconf 80' lang='grc' dir='ltr'><strong>ταύτης</strong></span> <span class='ocrx_word' id='word_1_228' title='bbox 3128 1606 3218 1657; x_wconf 67' lang='grc' dir='ltr'>καὶ</span> <span class='ocrx_word' id='word_1_229' title='bbox 3249 1606 3441 1675; x_wconf 80' lang='grc' dir='ltr'>γηῖνης</span> <span class='ocrx_word' id='word_1_230' title='bbox 3487 1605 3712 1676; x_wconf 81' lang='grc' dir='ltr'>σαρκός.</span> <span class='ocrx_word' id='word_1_231' title='bbox 3760 1605 3966 1657; x_wconf 75' lang='grc' dir='ltr'>Ἐπει-</span> <span class='ocrx_word' id='word_1_232' title='bbox 4056 1596 4059 1599; x_wconf 54' lang='grc'><em>’</em></span> 
     </span>
    </p>
   </div>
   <div class='ocr_carea' id='block_1_33' title="bbox 2350 1695 3964 1767">
    <p class='ocr_par' dir='ltr' id='par_1_33' title="bbox 2350 1695 3964 1767">
     <span class='ocr_line' id='line_1_33' title="bbox 2350 1695 3964 1767; baseline -0.001 -18"><span class='ocrx_word' id='word_1_233' title='bbox 2350 1696 2416 1767; x_wconf 85' lang='grc' dir='ltr'><strong>δὴ</strong></span> <span class='ocrx_word' id='word_1_234' title='bbox 2445 1695 2502 1748; x_wconf 85' lang='grc' dir='ltr'><strong>δὲ</strong></span> <span class='ocrx_word' id='word_1_235' title='bbox 2533 1696 2796 1765; x_wconf 81' lang='grc' dir='ltr'><strong>πεποίητο</strong></span> <span class='ocrx_word' id='word_1_236' title='bbox 2820 1695 2970 1767; x_wconf 86' lang='grc' dir='ltr'><strong>παρά</strong></span> <span class='ocrx_word' id='word_1_237' title='bbox 3004 1696 3139 1748; x_wconf 84' lang='grc' dir='ltr'>Θεοῦ</span> <span class='ocrx_word' id='word_1_238' title='bbox 3162 1737 3177 1759; x_wconf 90' lang='grc'><strong>,</strong></span> <span class='ocrx_word' id='word_1_239' title='bbox 3211 1696 3304 1750; x_wconf 69' lang='grc' dir='ltr'><strong>καὶ</strong></span> <span class='ocrx_word' id='word_1_240' title='bbox 3336 1695 3589 1767; x_wconf 80' lang='grc' dir='ltr'><strong>παρήχθη</strong></span> <span class='ocrx_word' id='word_1_241' title='bbox 3622 1696 3764 1766; x_wconf 72' lang='grc' dir='ltr'>πρὸς</span> <span class='ocrx_word' id='word_1_242' title='bbox 3790 1695 3964 1762; x_wconf 84' lang='grc' dir='ltr'>γένε-</span> 
     </span>
    </p>
   </div>
   <div class='ocr_carea' id='block_1_34' title="bbox 2356 1786 3963 1859">
    <p class='ocr_par' dir='ltr' id='par_1_34' title="bbox 2356 1786 3963 1859">
     <span class='ocr_line' id='line_1_34' title="bbox 2356 1786 3963 1859; baseline -0.001 -19"><span class='ocrx_word' id='word_1_243' title='bbox 2356 1804 2467 1853; x_wconf 83' lang='grc' dir='ltr'>σιν,</span> <span class='ocrx_word' id='word_1_244' title='bbox 2520 1789 2619 1840; x_wconf 79' lang='grc' dir='ltr'>οὐκ</span> <span class='ocrx_word' id='word_1_245' title='bbox 2660 1787 2796 1859; x_wconf 78' lang='grc' dir='ltr'>ἔχων</span> <span class='ocrx_word' id='word_1_246' title='bbox 2829 1790 2887 1854; x_wconf 76' lang='grc' dir='ltr'>ἐξ</span> <span class='ocrx_word' id='word_1_247' title='bbox 2925 1789 3131 1852; x_wconf 79' lang='grc' dir='ltr'>οἰκείας</span> <span class='ocrx_word' id='word_1_248' title='bbox 3186 1789 3398 1857; x_wconf 76' lang='grc' dir='ltr'>φύσεως</span> <span class='ocrx_word' id='word_1_249' title='bbox 3443 1786 3506 1841; x_wconf 83' lang='grc' dir='ltr'><strong>τό</strong></span> <span class='ocrx_word' id='word_1_250' title='bbox 3563 1804 3621 1841; x_wconf 85' lang='grc' dir='ltr'><strong>τε</strong></span> <span class='ocrx_word' id='word_1_251' title='bbox 3657 1788 3963 1855; x_wconf 73' lang='grc' dir='ltr'>ἄφθαρτον</span> 
     </span>
    </p>
   </div>
   <div class='ocr_carea' id='block_1_35' title="bbox 670 1864 2259 1950">
    <p class='ocr_par' dir='ltr' id='par_1_35' title="bbox 670 1864 2244 1946">
     <span class='ocr_line' id='line_1_35' title="bbox 670 1864 2244 1946; baseline 0.01 -28"><span class='ocrx_word' id='word_1_252' title='bbox 670 1864 907 1935; x_wconf 85' lang='lat' dir='ltr'><strong>insunt),</strong></span> <span class='ocrx_word' id='word_1_253' title='bbox 941 1869 1268 1937; x_wconf 79' lang='lat' dir='ltr'><strong>obsignatas</strong></span> <span class='ocrx_word' id='word_1_254' title='bbox 1296 1881 1379 1928; x_wconf 88' lang='lat' dir='ltr'><strong>est</strong></span> <span class='ocrx_word' id='word_1_255' title='bbox 1417 1876 1540 1928; x_wconf 44' lang='lat' dir='ltr'><strong>vit-ie</strong></span> <span class='ocrx_word' id='word_1_256' title='bbox 1565 1877 1788 1946; x_wconf 87' lang='lat' dir='ltr'><strong>spiritu.</strong></span> <span class='ocrx_word' id='word_1_257' title='bbox 1828 1878 2149 1934; x_wconf 83' lang='lat' dir='ltr'><strong>habitudine</strong></span> <span class='ocrx_word' id='word_1_258' title='bbox 2178 1882 2244 1935; x_wconf 90' lang='lat' dir='ltr'><strong>ad</strong></span> 
     </span>
    </p>
   </div>
   <div class='ocr_carea' id='block_1_36' title="bbox 2362 1864 3959 1950">
    <p class='ocr_par' dir='ltr' id='par_1_36' title="bbox 2362 1878 3959 1950">
     <span class='ocr_line' id='line_1_36' title="bbox 2362 1878 3959 1950; baseline -0.001 -18"><span class='ocrx_word' id='word_1_259' title='bbox 2362 1880 2443 1932; x_wconf 65' lang='grc' dir='ltr'>καὶ</span> <span class='ocrx_word' id='word_1_260' title='bbox 2470 1878 2771 1949; x_wconf 79' lang='grc' dir='ltr'><strong>ἀνώλεθρον</strong></span> <span class='ocrx_word' id='word_1_261' title='bbox 2820 1880 2988 1950; x_wconf 78' lang='grc' dir='ltr'>(μόνῳ</span> <span class='ocrx_word' id='word_1_262' title='bbox 3016 1879 3125 1949; x_wconf 75' lang='grc' dir='ltr'><strong>γὰρ</strong></span> <span class='ocrx_word' id='word_1_263' title='bbox 3148 1880 3318 1933; x_wconf 83' lang='grc' dir='ltr'>ταῦτα</span> <span class='ocrx_word' id='word_1_264' title='bbox 3348 1879 3638 1950; x_wconf 84' lang='grc' dir='ltr'>πρόσεστιν</span> <span class='ocrx_word' id='word_1_265' title='bbox 3657 1878 3959 1939; x_wconf 76' lang='grc' dir='ltr'>οὐσιωδῶς</span> 
     </span>
    </p>
   </div>
   <div class='ocr_carea' id='block_1_37' title="bbox 670 1956 2246 2030">
    <p class='ocr_par' dir='ltr' id='par_1_37' title="bbox 670 1956 2246 2030">
     <span class='ocr_line' id='line_1_37' title="bbox 670 1956 2246 2030; baseline 0.013 -21"><span class='ocrx_word' id='word_1_266' title='bbox 670 1956 843 2011; x_wconf 78' lang='lat' dir='ltr'><strong>Deum</strong></span> <span class='ocrx_word' id='word_1_267' title='bbox 877 1959 1080 2013; x_wconf 85' lang='lat' dir='ltr'><strong>bonum</strong></span> <span class='ocrx_word' id='word_1_268' title='bbox 1122 1965 1268 2030; x_wconf 88' lang='lat' dir='ltr'><strong>quod</strong></span> <span class='ocrx_word' id='word_1_269' title='bbox 1306 1972 1564 2020; x_wconf 87' lang='lat' dir='ltr'><strong>naturam</strong></span> <span class='ocrx_word' id='word_1_270' title='bbox 1606 1966 1823 2023; x_wconf 67' lang='lat' dir='ltr'><strong>excedit</strong></span> <span class='ocrx_word' id='word_1_271' title='bbox 1871 1981 2246 2028; x_wconf 79' lang='lat' dir='ltr'><strong>consecutus:</strong></span> 
     </span>
    </p>
   </div>
   <div class='ocr_carea' id='block_1_38' title="bbox 681 2050 2250 2134">
    <p class='ocr_par' dir='ltr' id='par_1_38' title="bbox 681 2050 2250 2134">
     <span class='ocr_line' id='line_1_38' title="bbox 681 2050 2250 2134; baseline 0.011 -34"><span class='ocrx_word' id='word_1_272' title='bbox 681 2070 699 2100; x_wconf 78' lang='grc' dir='ltr'><strong>ι</strong></span> <span class='ocrx_word' id='word_1_273' title='bbox 741 2050 1044 2106; x_wconf 84' lang='lat' dir='ltr'><strong>Insuliiavit</strong></span> <span class='ocrx_word' id='word_1_274' title='bbox 1088 2055 1255 2119; x_wconf 83' lang='lat' dir='ltr'><strong>enim,</strong></span> <span class='ocrx_word' id='word_1_275' title='bbox 1298 2075 1316 2107; x_wconf 76' lang='grc' dir='ltr'><strong>ι</strong></span> <span class='ocrx_word' id='word_1_276' title='bbox 1355 2057 1553 2128; x_wconf 85' lang='lat' dir='ltr'><strong>inquit,</strong></span> <span class='ocrx_word' id='word_1_277' title='bbox 1594 2079 1612 2111; x_wconf 85' lang='grc' dir='ltr'><strong>ι</strong></span> <span class='ocrx_word' id='word_1_278' title='bbox 1648 2060 1702 2114; x_wconf 92' lang='lat' dir='ltr'><strong>in</strong></span> <span class='ocrx_word' id='word_1_279' title='bbox 1755 2060 1950 2117; x_wconf 77' lang='lat' dir='ltr'><strong>faciem</strong></span> <span class='ocrx_word' id='word_1_280' title='bbox 1982 2064 2101 2133; x_wconf 83' lang='lat' dir='ltr'><strong>ejus</strong></span> <span class='ocrx_word' id='word_1_281' title='bbox 2136 2065 2250 2134; x_wconf 83' lang='lat' dir='ltr'><strong>Spi-</strong></span> 
     </span>
    </p>
   </div>
   <div class='ocr_carea' id='block_1_39' title="bbox 673 2142 2253 2211">
    <p class='ocr_par' dir='ltr' id='par_1_39' title="bbox 673 2142 2253 2211">
     <span class='ocr_line' id='line_1_39' title="bbox 673 2142 2253 2211; baseline 0.011 -18"><span class='ocrx_word' id='word_1_282' title='bbox 673 2142 928 2195; x_wconf 86' lang='lat' dir='ltr'><strong>raculum</strong></span> <span class='ocrx_word' id='word_1_283' title='bbox 952 2146 1099 2209; x_wconf 65' lang='lat' dir='ltr'><strong>vitae,</strong></span> <span class='ocrx_word' id='word_1_284' title='bbox 1134 2158 1184 2200; x_wconf 88' lang='lat' dir='ltr'><strong>et</strong></span> <span class='ocrx_word' id='word_1_285' title='bbox 1207 2147 1385 2204; x_wconf 81' lang='lat' dir='ltr'><strong>factus</strong></span> <span class='ocrx_word' id='word_1_286' title='bbox 1414 2161 1499 2205; x_wconf 90' lang='lat' dir='ltr'><strong>est</strong></span> <span class='ocrx_word' id='word_1_287' title='bbox 1520 2150 1687 2206; x_wconf 77' lang='lat' dir='ltr'><strong>home</strong></span> <span class='ocrx_word' id='word_1_288' title='bbox 1715 2153 1769 2206; x_wconf 87' lang='lat' dir='ltr'><strong>in</strong></span> <span class='ocrx_word' id='word_1_289' title='bbox 1792 2154 2031 2209; x_wconf 83' lang='lat' dir='ltr'><strong>animam</strong></span> <span class='ocrx_word' id='word_1_290' title='bbox 2065 2157 2253 2211; x_wconf 80' lang='lat' dir='ltr'><strong>viven-</strong></span> 
     </span>
    </p>
   </div>
   <div class='ocr_carea' id='block_1_40' title="bbox 676 2234 2255 2316">
    <p class='ocr_par' dir='ltr' id='par_1_40' title="bbox 676 2234 2255 2316">
     <span class='ocr_line' id='line_1_40' title="bbox 676 2234 2255 2316; baseline 0.01 -30"><span class='ocrx_word' id='word_1_291' title='bbox 676 2242 785 2287; x_wconf 85' lang='lat' dir='ltr'><strong>tem</strong></span> <span class='ocrx_word' id='word_1_292' title='bbox 808 2234 873 2287; x_wconf 73' lang='lat'><strong>“.</strong></span> <span class='ocrx_word' id='word_1_293' title='bbox 918 2256 936 2285; x_wconf 75' lang='grc' dir='ltr'><strong>ι</strong></span> <span class='ocrx_word' id='word_1_294' title='bbox 972 2237 1111 2290; x_wconf 82' lang='lat' dir='ltr'><strong>Cum</strong></span> <span class='ocrx_word' id='word_1_295' title='bbox 1149 2247 1333 2293; x_wconf 85' lang='lat' dir='ltr'><strong>autem</strong></span> <span class='ocrx_word' id='word_1_296' title='bbox 1363 2241 1435 2296; x_wconf 90' lang='lat' dir='ltr'><strong>ob</strong></span> <span class='ocrx_word' id='word_1_297' title='bbox 1465 2244 1968 2312; x_wconf 80' lang='lat' dir='ltr'><strong>transgressionem</strong></span> <span class='ocrx_word' id='word_1_298' title='bbox 2028 2248 2255 2316; x_wconf 82' lang='lat' dir='ltr'><strong>punitus</strong></span> 
     </span>
    </p>
   </div>
   <div class='ocr_carea' id='block_1_41' title="bbox 676 2324 2246 2401">
    <p class='ocr_par' dir='ltr' id='par_1_41' title="bbox 676 2324 2246 2401">
     <span class='ocr_line' id='line_1_41' title="bbox 676 2324 2246 2401; baseline 0.008 -24"><span class='ocrx_word' id='word_1_299' title='bbox 676 2324 863 2389; x_wconf 83' lang='lat' dir='ltr'><strong>fuerit,</strong></span> <span class='ocrx_word' id='word_1_300' title='bbox 902 2345 919 2378; x_wconf 85' lang='grc' dir='ltr'><strong>ι</strong></span> <span class='ocrx_word' id='word_1_301' title='bbox 971 2326 1144 2383; x_wconf 78' lang='lat' dir='ltr'><strong>Terra</strong></span> <span class='ocrx_word' id='word_1_302' title='bbox 1182 2345 1263 2394; x_wconf 86' lang='lat' dir='ltr'><strong>es,</strong></span> <span class='ocrx_word' id='word_1_303' title='bbox 1317 2339 1372 2385; x_wconf 87' lang='lat' dir='ltr'><strong>et</strong></span> <span class='ocrx_word' id='word_1_304' title='bbox 1429 2332 1482 2385; x_wconf 92' lang='lat' dir='ltr'><strong>in</strong></span> <span class='ocrx_word' id='word_1_305' title='bbox 1545 2343 1748 2388; x_wconf 89' lang='lat' dir='ltr'><strong>terram</strong></span> <span class='ocrx_word' id='word_1_306' title='bbox 1801 2338 2094 2392; x_wconf 73' lang='lat' dir='ltr'><strong>reverteris</strong></span> <span class='ocrx_word' id='word_1_307' title='bbox 2118 2340 2186 2401; x_wconf 73' lang='lat'><strong>“,</strong></span> <span class='ocrx_word' id='word_1_308' title='bbox 2227 2357 2246 2389; x_wconf 74' lang='grc' dir='ltr'><strong>ι</strong></span> 
     </span>
    </p>
   </div>
   <div class='ocr_carea' id='block_1_42' title="bbox 671 2417 2252 2493">
    <p class='ocr_par' dir='ltr' id='par_1_42' title="bbox 671 2417 2252 2493">
     <span class='ocr_line' id='line_1_42' title="bbox 671 2417 2252 2493; baseline 0.011 -25"><span class='ocrx_word' id='word_1_309' title='bbox 671 2417 797 2485; x_wconf 87' lang='lat' dir='ltr'><strong>jure</strong></span> <span class='ocrx_word' id='word_1_310' title='bbox 837 2425 968 2473; x_wconf 89' lang='lat' dir='ltr'><strong>tunc</strong></span> <span class='ocrx_word' id='word_1_311' title='bbox 998 2422 1253 2487; x_wconf 86' lang='lat' dir='ltr'><strong>audiens,</strong></span> <span class='ocrx_word' id='word_1_312' title='bbox 1289 2424 1468 2493; x_wconf 85' lang='lat' dir='ltr'><strong>gratia</strong></span> <span class='ocrx_word' id='word_1_313' title='bbox 1492 2425 1730 2481; x_wconf 87' lang='lat' dir='ltr'><strong>nudatus</strong></span> <span class='ocrx_word' id='word_1_314' title='bbox 1755 2436 1864 2493; x_wconf 84' lang='lat' dir='ltr'><strong>est,</strong></span> <span class='ocrx_word' id='word_1_315' title='bbox 1896 2434 1951 2482; x_wconf 86' lang='lat' dir='ltr'><strong>et</strong></span> <span class='ocrx_word' id='word_1_316' title='bbox 1984 2447 2005 2482; x_wconf 78' lang='grc' dir='ltr'><strong>ι</strong></span> <span class='ocrx_word' id='word_1_317' title='bbox 2034 2437 2252 2485; x_wconf 85' lang='lat' dir='ltr'><strong>terrena</strong></span> 
     </span>
    </p>
   </div>
   <div class='ocr_carea' id='block_1_43' title="bbox 675 2515 2255 2591">
    <p class='ocr_par' dir='ltr' id='par_1_43' title="bbox 675 2515 2255 2591">
     <span class='ocr_line' id='line_1_43' title="bbox 675 2515 2255 2591; baseline 0.008 -27"><span class='ocrx_word' id='word_1_318' title='bbox 675 2525 843 2565; x_wconf 89' lang='lat' dir='ltr'><strong>carne</strong></span> <span class='ocrx_word' id='word_1_319' title='bbox 907 2515 1134 2571; x_wconf 81' lang='lat' dir='ltr'><strong>recessit</strong></span> <span class='ocrx_word' id='word_1_320' title='bbox 1181 2515 1520 2583; x_wconf 86' lang='lat' dir='ltr'><strong>spiraculum</strong></span> <span class='ocrx_word' id='word_1_321' title='bbox 1556 2518 1702 2582; x_wconf 67' lang='lat' dir='ltr'><strong>vitaz,</strong></span> <span class='ocrx_word' id='word_1_322' title='bbox 1741 2520 1843 2573; x_wconf 87' lang='lat' dir='ltr'><strong>hoc</strong></span> <span class='ocrx_word' id='word_1_323' title='bbox 1897 2532 1979 2575; x_wconf 79' lang='lat' dir='ltr'><strong>est</strong></span> <span class='ocrx_word' id='word_1_324' title='bbox 2016 2521 2255 2591; x_wconf 88' lang='lat' dir='ltr'><strong>Spiritus</strong></span> 
     </span>
    </p>
   </div>
   <div class='ocr_carea' id='block_1_44' title="bbox 675 2602 2256 2678">
    <p class='ocr_par' dir='ltr' id='par_1_44' title="bbox 675 2602 2256 2678">
     <span class='ocr_line' id='line_1_44' title="bbox 675 2602 2256 2678; baseline 0.009 -21"><span class='ocrx_word' id='word_1_325' title='bbox 675 2603 799 2672; x_wconf 80' lang='lat' dir='ltr'><strong>ejus</strong></span> <span class='ocrx_word' id='word_1_326' title='bbox 839 2606 929 2675; x_wconf 91' lang='lat' dir='ltr'><strong>qui</strong></span> <span class='ocrx_word' id='word_1_327' title='bbox 984 2607 1161 2662; x_wconf 89' lang='lat' dir='ltr'><strong>dicit:</strong></span> <span class='ocrx_word' id='word_1_328' title='bbox 1196 2624 1215 2659; x_wconf 74' lang='grc' dir='ltr'><strong>ι</strong></span> <span class='ocrx_word' id='word_1_329' title='bbox 1252 2602 1365 2678; x_wconf 78' lang='lat' dir='ltr'><strong>Ego</strong></span> <span class='ocrx_word' id='word_1_330' title='bbox 1397 2622 1522 2664; x_wconf 84' lang='lat' dir='ltr'><strong>sum</strong></span> <span class='ocrx_word' id='word_1_331' title='bbox 1557 2612 1671 2666; x_wconf 85' lang='lat' dir='ltr'><strong>vita</strong></span> <span class='ocrx_word' id='word_1_332' title='bbox 1694 2613 1761 2677; x_wconf 80' lang='lat'><strong>“,</strong></span> <span class='ocrx_word' id='word_1_333' title='bbox 1798 2628 1819 2665; x_wconf 67' lang='grc' dir='ltr'><strong>ι</strong></span> <span class='ocrx_word' id='word_1_334' title='bbox 1846 2618 1900 2668; x_wconf 90' lang='lat' dir='ltr'><strong>et</strong></span> <span class='ocrx_word' id='word_1_335' title='bbox 1956 2615 2163 2670; x_wconf 80' lang='lat' dir='ltr'><strong>animal</strong></span> <span class='ocrx_word' id='word_1_336' title='bbox 2198 2616 2256 2670; x_wconf 90' lang='lat' dir='ltr'><strong>in</strong></span> 
     </span>
    </p>
   </div>
   <div class='ocr_carea' id='block_1_45' title="bbox 678 2701 2257 2769">
    <p class='ocr_par' dir='ltr' id='par_1_45' title="bbox 678 2701 2257 2769">
     <span class='ocr_line' id='line_1_45' title="bbox 678 2701 2257 2769; baseline 0.009 -21"><span class='ocrx_word' id='word_1_337' title='bbox 678 2704 911 2752; x_wconf 87' lang='lat' dir='ltr'><strong>mortem</strong></span> <span class='ocrx_word' id='word_1_338' title='bbox 940 2713 1037 2768; x_wconf 87' lang='lat' dir='ltr'><strong>per</strong></span> <span class='ocrx_word' id='word_1_339' title='bbox 1075 2701 1251 2754; x_wconf 79' lang='lat' dir='ltr'><strong>solam</strong></span> <span class='ocrx_word' id='word_1_340' title='bbox 1295 2714 1539 2769; x_wconf 88' lang='lat' dir='ltr'><strong>carnem,</strong></span> <span class='ocrx_word' id='word_1_341' title='bbox 1584 2704 1783 2760; x_wconf 87' lang='lat' dir='ltr'><strong>incidit</strong></span> <span class='ocrx_word' id='word_1_342' title='bbox 1847 2706 2257 2765; x_wconf 85' lang='lat' dir='ltr'><strong>immortalitate</strong></span> 
     </span>
    </p>
   </div>
   <div class='ocr_carea' id='block_1_46' title="bbox 674 2790 2256 2870">
    <p class='ocr_par' dir='ltr' id='par_1_46' title="bbox 674 2790 2256 2870">
     <span class='ocr_line' id='line_1_46' title="bbox 674 2790 2256 2870; baseline 0.008 -29"><span class='ocrx_word' id='word_1_343' title='bbox 674 2790 874 2845; x_wconf 72' lang='lat' dir='ltr'><strong>auium:</strong></span> <span class='ocrx_word' id='word_1_344' title='bbox 908 2799 1150 2857; x_wconf 81' lang='lat' dir='ltr'><strong>servata,</strong></span> <span class='ocrx_word' id='word_1_345' title='bbox 1182 2795 1447 2862; x_wconf 85' lang='lat' dir='ltr'><strong>quoniam</strong></span> <span class='ocrx_word' id='word_1_346' title='bbox 1476 2795 1543 2849; x_wconf 85' lang='lat' dir='ltr'><strong>ad</strong></span> <span class='ocrx_word' id='word_1_347' title='bbox 1577 2797 1748 2851; x_wconf 77' lang='lat' dir='ltr'><strong>solam</strong></span> <span class='ocrx_word' id='word_1_348' title='bbox 1782 2812 2004 2853; x_wconf 85' lang='lat' dir='ltr'><strong>carnem</strong></span> <span class='ocrx_word' id='word_1_349' title='bbox 2036 2815 2256 2870; x_wconf 91' lang='lat' dir='ltr'><strong>quoque</strong></span> 
     </span>
    </p>
   </div>
   <div class='ocr_carea' id='block_1_47' title="bbox 674 2878 2249 2951">
    <p class='ocr_par' dir='ltr' id='par_1_47' title="bbox 674 2878 2249 2951">
     <span class='ocr_line' id='line_1_47' title="bbox 674 2878 2249 2951; baseline 0.008 -21"><span class='ocrx_word' id='word_1_350' title='bbox 674 2878 880 2933; x_wconf 83' lang='lat' dir='ltr'><strong>dictum</strong></span> <span class='ocrx_word' id='word_1_351' title='bbox 902 2887 1022 2935; x_wconf 84' lang='lat' dir='ltr'><strong>est:</strong></span> <span class='ocrx_word' id='word_1_352' title='bbox 1062 2898 1080 2933; x_wconf 81' lang='grc' dir='ltr'><strong>ι</strong></span> <span class='ocrx_word' id='word_1_353' title='bbox 1122 2879 1295 2937; x_wconf 81' lang='lat' dir='ltr'><strong>Terra</strong></span> <span class='ocrx_word' id='word_1_354' title='bbox 1329 2898 1411 2951; x_wconf 86' lang='lat' dir='ltr'><strong>es,</strong></span> <span class='ocrx_word' id='word_1_355' title='bbox 1445 2897 1499 2941; x_wconf 91' lang='lat' dir='ltr'><strong>et</strong></span> <span class='ocrx_word' id='word_1_356' title='bbox 1532 2886 1586 2941; x_wconf 90' lang='lat' dir='ltr'><strong>in</strong></span> <span class='ocrx_word' id='word_1_357' title='bbox 1630 2898 1834 2942; x_wconf 85' lang='lat' dir='ltr'><strong>terram</strong></span> <span class='ocrx_word' id='word_1_358' title='bbox 1871 2891 2181 2947; x_wconf 85' lang='lat' dir='ltr'><strong>reverteris.</strong></span> <span class='ocrx_word' id='word_1_359' title='bbox 2229 2909 2249 2942; x_wconf 78' lang='grc' dir='ltr'><strong>ι</strong></span> 
     </span>
    </p>
   </div>
   <div class='ocr_carea' id='block_1_48' title="bbox 675 2971 2256 3051">
    <p class='ocr_par' dir='ltr' id='par_1_48' title="bbox 675 2971 2256 3051">
     <span class='ocr_line' id='line_1_48' title="bbox 675 2971 2256 3051; baseline 0.008 -25"><span class='ocrx_word' id='word_1_360' title='bbox 675 2971 938 3041; x_wconf 86' lang='lat' dir='ltr'><strong>Oportuit</strong></span> <span class='ocrx_word' id='word_1_361' title='bbox 966 2982 1103 3045; x_wconf 82' lang='lat' dir='ltr'><strong>ergo</strong></span> <span class='ocrx_word' id='word_1_362' title='bbox 1138 2975 1191 3029; x_wconf 88' lang='lat' dir='ltr'><strong>id</strong></span> <span class='ocrx_word' id='word_1_363' title='bbox 1221 2976 1447 3046; x_wconf 84' lang='lat' dir='ltr'><strong>quodin</strong></span> <span class='ocrx_word' id='word_1_364' title='bbox 1485 2978 1707 3035; x_wconf 88' lang='lat' dir='ltr'><strong>homine</strong></span> <span class='ocrx_word' id='word_1_365' title='bbox 1744 2982 1989 3051; x_wconf 87' lang='lat' dir='ltr'><strong>periculo</strong></span> <span class='ocrx_word' id='word_1_366' title='bbox 2020 2984 2256 3039; x_wconf 83' lang='lat' dir='ltr'><strong>maxime</strong></span> 
     </span>
    </p>
   </div>
   <div class='ocr_carea' id='block_1_49' title="bbox 676 3063 2256 3143">
    <p class='ocr_par' dir='ltr' id='par_1_49' title="bbox 676 3063 2256 3143">
     <span class='ocr_line' id='line_1_49' title="bbox 676 3063 2256 3143; baseline 0.009 -26"><span class='ocrx_word' id='word_1_367' title='bbox 676 3063 976 3119; x_wconf 76' lang='lat' dir='ltr'><strong>obnoxium</strong></span> <span class='ocrx_word' id='word_1_368' title='bbox 1010 3072 1150 3131; x_wconf 88' lang='lat' dir='ltr'><strong>erat,</strong></span> <span class='ocrx_word' id='word_1_369' title='bbox 1189 3072 1601 3140; x_wconf 85' lang='lat' dir='ltr'><strong>quamprimum</strong></span> <span class='ocrx_word' id='word_1_370' title='bbox 1651 3078 1883 3137; x_wconf 84' lang='lat' dir='ltr'><strong>servari,</strong></span> <span class='ocrx_word' id='word_1_371' title='bbox 1929 3083 1984 3129; x_wconf 91' lang='lat' dir='ltr'><strong>et</strong></span> <span class='ocrx_word' id='word_1_372' title='bbox 2017 3076 2256 3143; x_wconf 87' lang='lat' dir='ltr'><strong>conjun-</strong></span> 
     </span>
    </p>
   </div>
   <div class='ocr_carea' id='block_1_50' title="bbox 682 3154 2255 3221">
    <p class='ocr_par' dir='ltr' id='par_1_50' title="bbox 682 3154 2255 3221">
     <span class='ocr_line' id='line_1_50' title="bbox 682 3154 2255 3221; baseline 0.009 -14"><span class='ocrx_word' id='word_1_373' title='bbox 682 3154 868 3209; x_wconf 84' lang='lat' dir='ltr'><strong>ctione</strong></span> <span class='ocrx_word' id='word_1_374' title='bbox 896 3166 1022 3209; x_wconf 87' lang='lat' dir='ltr'><strong>cum</strong></span> <span class='ocrx_word' id='word_1_375' title='bbox 1056 3159 1295 3212; x_wconf 83' lang='lat' dir='ltr'><strong>naturali</strong></span> <span class='ocrx_word' id='word_1_376' title='bbox 1333 3160 1444 3213; x_wconf 86' lang='lat' dir='ltr'><strong>vita</strong></span> <span class='ocrx_word' id='word_1_377' title='bbox 1472 3158 1537 3214; x_wconf 90' lang='lat' dir='ltr'><strong>ad</strong></span> <span class='ocrx_word' id='word_1_378' title='bbox 1585 3162 2047 3219; x_wconf 86' lang='lat' dir='ltr'><strong>immortalitatem</strong></span> <span class='ocrx_word' id='word_1_379' title='bbox 2100 3179 2255 3221; x_wconf 85' lang='lat' dir='ltr'><strong>revo-</strong></span> 
     </span>
    </p>
   </div>
   <div class='ocr_carea' id='block_1_51' title="bbox 681 3244 2252 3320">
    <p class='ocr_par' dir='ltr' id='par_1_51' title="bbox 681 3244 2252 3320">
     <span class='ocr_line' id='line_1_51' title="bbox 681 3244 2252 3320; baseline 0.01 -23"><span class='ocrx_word' id='word_1_380' title='bbox 681 3245 817 3298; x_wconf 89' lang='lat' dir='ltr'><strong>cari.</strong></span> <span class='ocrx_word' id='word_1_381' title='bbox 853 3244 1111 3315; x_wconf 85' lang='lat' dir='ltr'><strong>Oportuit</strong></span> <span class='ocrx_word' id='word_1_382' title='bbox 1143 3248 1193 3302; x_wconf 90' lang='lat' dir='ltr'><strong>id</strong></span> <span class='ocrx_word' id='word_1_383' title='bbox 1212 3248 1361 3318; x_wconf 87' lang='lat' dir='ltr'><strong>quod</strong></span> <span class='ocrx_word' id='word_1_384' title='bbox 1385 3262 1587 3320; x_wconf 70' lang='lat' dir='ltr'><strong>aegrum</strong></span> <span class='ocrx_word' id='word_1_385' title='bbox 1616 3261 1758 3314; x_wconf 86' lang='lat' dir='ltr'><strong>erat,</strong></span> <span class='ocrx_word' id='word_1_386' title='bbox 1780 3255 1970 3309; x_wconf 89' lang='lat' dir='ltr'><strong>morbo</strong></span> <span class='ocrx_word' id='word_1_387' title='bbox 2000 3254 2252 3313; x_wconf 87' lang='lat' dir='ltr'><strong>liberari:</strong></span> 
     </span>
    </p>
   </div>
   <div class='ocr_carea' id='block_1_52' title="bbox 678 3336 2256 3414">
    <p class='ocr_par' dir='ltr' id='par_1_52' title="bbox 678 3336 2256 3414">
     <span class='ocr_line' id='line_1_52' title="bbox 678 3336 2256 3414; baseline 0.01 -22"><span class='ocrx_word' id='word_1_388' title='bbox 678 3336 940 3407; x_wconf 85' lang='lat' dir='ltr'><strong>Oportuit</strong></span> <span class='ocrx_word' id='word_1_389' title='bbox 974 3354 1193 3395; x_wconf 86' lang='lat' dir='ltr'><strong>cessare</strong></span> <span class='ocrx_word' id='word_1_390' title='bbox 1228 3338 1446 3397; x_wconf 83' lang='lat' dir='ltr'><strong>tandem</strong></span> <span class='ocrx_word' id='word_1_391' title='bbox 1483 3344 1657 3399; x_wconf 90' lang='lat' dir='ltr'><strong>illud:</strong></span> <span class='ocrx_word' id='word_1_392' title='bbox 1700 3360 1719 3397; x_wconf 89' lang='grc'><em>‹</em></span> <span class='ocrx_word' id='word_1_393' title='bbox 1758 3344 1928 3401; x_wconf 84' lang='lat' dir='ltr'><strong>Terra</strong></span> <span class='ocrx_word' id='word_1_394' title='bbox 1962 3363 2044 3414; x_wconf 89' lang='lat' dir='ltr'><strong>es,</strong></span> <span class='ocrx_word' id='word_1_395' title='bbox 2095 3358 2149 3406; x_wconf 89' lang='lat' dir='ltr'><strong>et</strong></span> <span class='ocrx_word' id='word_1_396' title='bbox 2200 3352 2256 3408; x_wconf 91' lang='lat' dir='ltr'><strong>in</strong></span> 
     </span>
    </p>
   </div>
   <div class='ocr_carea' id='block_1_53' title="bbox 682 3432 2260 3499">
    <p class='ocr_par' dir='ltr' id='par_1_53' title="bbox 682 3432 2260 3499">
     <span class='ocr_line' id='line_1_53' title="bbox 682 3432 2260 3499; baseline 0.011 -17"><span class='ocrx_word' id='word_1_397' title='bbox 682 3438 885 3484; x_wconf 88' lang='lat' dir='ltr'><strong>terram</strong></span> <span class='ocrx_word' id='word_1_398' title='bbox 935 3434 1249 3498; x_wconf 88' lang='lat' dir='ltr'><strong>reverteris,</strong></span> <span class='ocrx_word' id='word_1_399' title='bbox 1284 3452 1303 3485; x_wconf 74' lang='grc' dir='ltr'><strong>ι</strong></span> <span class='ocrx_word' id='word_1_400' title='bbox 1346 3432 1530 3491; x_wconf 88' lang='lat' dir='ltr'><strong>Verbo</strong></span> <span class='ocrx_word' id='word_1_401' title='bbox 1567 3438 1829 3492; x_wconf 88' lang='lat' dir='ltr'><strong>nimirum</strong></span> <span class='ocrx_word' id='word_1_402' title='bbox 1864 3444 2048 3496; x_wconf 89' lang='lat' dir='ltr'><strong>omnia</strong></span> <span class='ocrx_word' id='word_1_403' title='bbox 2079 3443 2260 3499; x_wconf 77' lang='lat' dir='ltr'><strong>viviti-</strong></span> 
     </span>
    </p>
   </div>
   <div class='ocr_carea' id='block_1_54' title="bbox 681 3522 2260 3599">
    <p class='ocr_par' dir='ltr' id='par_1_54' title="bbox 681 3522 2260 3599">
     <span class='ocr_line' id='line_1_54' title="bbox 681 3522 2260 3599; baseline 0.01 -24"><span class='ocrx_word' id='word_1_404' title='bbox 681 3522 828 3576; x_wconf 89' lang='lat' dir='ltr'><strong>canti</strong></span> <span class='ocrx_word' id='word_1_405' title='bbox 894 3522 1159 3579; x_wconf 79' lang='lat' dir='ltr'><strong>iuelTabili</strong></span> <span class='ocrx_word' id='word_1_406' title='bbox 1219 3525 1437 3582; x_wconf 85' lang='lat' dir='ltr'><strong>ratione</strong></span> <span class='ocrx_word' id='word_1_407' title='bbox 1491 3542 1728 3599; x_wconf 85' lang='lat' dir='ltr'><strong>corpore</strong></span> <span class='ocrx_word' id='word_1_408' title='bbox 1783 3531 1931 3599; x_wconf 91' lang='lat' dir='ltr'><strong>quod</strong></span> <span class='ocrx_word' id='word_1_409' title='bbox 1981 3536 2260 3591; x_wconf 87' lang='lat' dir='ltr'><strong>ceciderat</strong></span> 
     </span>
    </p>
   </div>
   <div class='ocr_carea' id='block_1_55' title="bbox 684 3614 2261 3694">
    <p class='ocr_par' dir='ltr' id='par_1_55' title="bbox 684 3614 2261 3694">
     <span class='ocr_line' id='line_1_55' title="bbox 684 3614 2261 3694; baseline 0.007 -25"><span class='ocrx_word' id='word_1_410' title='bbox 684 3614 859 3670; x_wconf 90' lang='lat' dir='ltr'><strong>unito.</strong></span> <span class='ocrx_word' id='word_1_411' title='bbox 884 3614 1123 3672; x_wconf 88' lang='lat' dir='ltr'><strong>Decebat</strong></span> <span class='ocrx_word' id='word_1_412' title='bbox 1146 3618 1350 3689; x_wconf 87' lang='lat' dir='ltr'><strong>quippe</strong></span> <span class='ocrx_word' id='word_1_413' title='bbox 1368 3633 1616 3685; x_wconf 90' lang='lat' dir='ltr'><strong>carnem,</strong></span> <span class='ocrx_word' id='word_1_414' title='bbox 1642 3630 1933 3693; x_wconf 85' lang='lat' dir='ltr'><strong>postquam</strong></span> <span class='ocrx_word' id='word_1_415' title='bbox 1960 3624 2082 3694; x_wconf 85' lang='lat' dir='ltr'><strong>ejus</strong></span> <span class='ocrx_word' id='word_1_416' title='bbox 2117 3624 2261 3681; x_wconf 83' lang='lat' dir='ltr'><strong>facta</strong></span> 
     </span>
    </p>
   </div>
   <div class='ocr_carea' id='block_1_56' title="bbox 682 3709 2263 3787">
    <p class='ocr_par' dir='ltr' id='par_1_56' title="bbox 682 3709 2263 3787">
     <span class='ocr_line' id='line_1_56' title="bbox 682 3709 2263 3787; baseline 0.007 -25"><span class='ocrx_word' id='word_1_417' title='bbox 682 3714 852 3773; x_wconf 86' lang='lat' dir='ltr'><strong>esset,</strong></span> <span class='ocrx_word' id='word_1_418' title='bbox 891 3709 1327 3765; x_wconf 86' lang='lat' dir='ltr'><strong>immortalitatis</strong></span> <span class='ocrx_word' id='word_1_419' title='bbox 1358 3712 1532 3781; x_wconf 88' lang='lat' dir='ltr'><strong>ipsius</strong></span> <span class='ocrx_word' id='word_1_420' title='bbox 1563 3713 1680 3767; x_wconf 80' lang='lat' dir='ltr'><strong>fieri</strong></span> <span class='ocrx_word' id='word_1_421' title='bbox 1706 3715 2052 3785; x_wconf 89' lang='lat' dir='ltr'><strong>participem.</strong></span> <span class='ocrx_word' id='word_1_422' title='bbox 2073 3714 2263 3787; x_wconf 77' lang='lat' dir='ltr'><strong>Neque</strong></span> 
     </span>
    </p>
   </div>
   <div class='ocr_carea' id='block_1_57' title="bbox 689 3802 2264 3872">
    <p class='ocr_par' dir='ltr' id='par_1_57' title="bbox 689 3802 2264 3872">
     <span class='ocr_line' id='line_1_57' title="bbox 689 3802 2264 3872; baseline 0.006 -17"><span class='ocrx_word' id='word_1_423' title='bbox 689 3802 836 3855; x_wconf 91' lang='lat' dir='ltr'><strong>enim</strong></span> <span class='ocrx_word' id='word_1_424' title='bbox 863 3808 1293 3857; x_wconf 80' lang='lat' dir='ltr'><strong>consentaneum</strong></span> <span class='ocrx_word' id='word_1_425' title='bbox 1322 3813 1470 3857; x_wconf 87' lang='lat' dir='ltr'><strong>esset</strong></span> <span class='ocrx_word' id='word_1_426' title='bbox 1500 3803 1682 3872; x_wconf 82' lang='lat' dir='ltr'><strong>ignem</strong></span> <span class='ocrx_word' id='word_1_427' title='bbox 1708 3807 1928 3863; x_wconf 83' lang='lat' dir='ltr'><strong>virtutis</strong></span> <span class='ocrx_word' id='word_1_428' title='bbox 1959 3823 2073 3864; x_wconf 64' lang='lat' dir='ltr'><strong>suae</strong></span> <span class='ocrx_word' id='word_1_429' title='bbox 2102 3818 2264 3867; x_wconf 87' lang='lat' dir='ltr'><strong>natu-</strong></span> 
     </span>
    </p>
   </div>
   <div class='ocr_carea' id='block_1_58' title="bbox 685 3890 2261 3969">
    <p class='ocr_par' dir='ltr' id='par_1_58' title="bbox 685 3890 2261 3969">
     <span class='ocr_line' id='line_1_58' title="bbox 685 3890 2261 3969; baseline 0.008 -24"><span class='ocrx_word' id='word_1_430' title='bbox 685 3893 823 3947; x_wconf 88' lang='lat' dir='ltr'><strong>ralis</strong></span> <span class='ocrx_word' id='word_1_431' title='bbox 846 3890 1164 3961; x_wconf 82' lang='lat' dir='ltr'><strong>qualitatem</strong></span> <span class='ocrx_word' id='word_1_432' title='bbox 1214 3893 1528 3948; x_wconf 88' lang='lat' dir='ltr'><strong>sensibilem</strong></span> <span class='ocrx_word' id='word_1_433' title='bbox 1567 3896 1891 3966; x_wconf 86' lang='lat' dir='ltr'><strong>imprimere</strong></span> <span class='ocrx_word' id='word_1_434' title='bbox 1942 3914 2104 3969; x_wconf 84' lang='lat' dir='ltr'><strong>posse</strong></span> <span class='ocrx_word' id='word_1_435' title='bbox 2143 3918 2261 3957; x_wconf 51' lang='lat' dir='ltr'><strong>man</strong></span> 
     </span>
    </p>
   </div>
   <div class='ocr_carea' id='block_1_59' title="bbox 685 3982 2265 4058">
    <p class='ocr_par' dir='ltr' id='par_1_59' title="bbox 685 3982 2265 4058">
     <span class='ocr_line' id='line_1_59' title="bbox 685 3982 2265 4058; baseline 0.009 -23"><span class='ocrx_word' id='word_1_436' title='bbox 685 3982 859 4045; x_wconf 80' lang='lat' dir='ltr'><strong>teriae,</strong></span> <span class='ocrx_word' id='word_1_437' title='bbox 900 3994 1071 4051; x_wconf 87' lang='lat' dir='ltr'><strong>eaque</strong></span> <span class='ocrx_word' id='word_1_438' title='bbox 1115 3985 1510 4052; x_wconf 79' lang='lat' dir='ltr'><strong>prapemodum</strong></span> <span class='ocrx_word' id='word_1_439' title='bbox 1562 3987 1619 4041; x_wconf 88' lang='lat' dir='ltr'><strong>in</strong></span> <span class='ocrx_word' id='word_1_440' title='bbox 1662 4003 1724 4043; x_wconf 89' lang='lat' dir='ltr'><strong>se</strong></span> <span class='ocrx_word' id='word_1_441' title='bbox 1758 3997 2158 4058; x_wconf 89' lang='lat' dir='ltr'><strong>transmutare,</strong></span> <span class='ocrx_word' id='word_1_442' title='bbox 2209 3994 2265 4049; x_wconf 91' lang='lat' dir='ltr'><strong>in</strong></span> 
     </span>
    </p>
   </div>
   <div class='ocr_carea' id='block_1_60' title="bbox 689 4074 2267 4148">
    <p class='ocr_par' dir='ltr' id='par_1_60' title="bbox 689 4074 2267 4148">
     <span class='ocr_line' id='line_1_60' title="bbox 689 4074 2267 4148; baseline 0.008 -21"><span class='ocrx_word' id='word_1_443' title='bbox 689 4074 890 4143; x_wconf 79' lang='lat' dir='ltr'><strong>quibus</strong></span> <span class='ocrx_word' id='word_1_444' title='bbox 927 4084 1013 4129; x_wconf 90' lang='lat' dir='ltr'><strong>est</strong></span> <span class='ocrx_word' id='word_1_445' title='bbox 1045 4090 1141 4145; x_wconf 88' lang='lat' dir='ltr'><strong>per</strong></span> <span class='ocrx_word' id='word_1_446' title='bbox 1171 4078 1652 4148; x_wconf 88' lang='lat' dir='ltr'><strong>participationem</strong></span> <span class='ocrx_word' id='word_1_447' title='bbox 1685 4100 1698 4136; x_wconf 89' lang='lat'><strong>:</strong></span> <span class='ocrx_word' id='word_1_448' title='bbox 1726 4082 2049 4139; x_wconf 80' lang='lat' dir='ltr'><strong>existimare</strong></span> <span class='ocrx_word' id='word_1_449' title='bbox 2081 4091 2267 4141; x_wconf 88' lang='lat' dir='ltr'><strong>autem</strong></span> 
     </span>
    </p>
   </div>
   <div class='ocr_carea' id='block_1_61' title="bbox 686 4164 2270 4245">
    <p class='ocr_par' dir='ltr' id='par_1_61' title="bbox 686 4164 2270 4245">
     <span class='ocr_line' id='line_1_61' title="bbox 686 4164 2270 4245; baseline 0.009 -28"><span class='ocrx_word' id='word_1_450' title='bbox 686 4164 784 4219; x_wconf 82' lang='lat' dir='ltr'><strong>Dei</strong></span> <span class='ocrx_word' id='word_1_451' title='bbox 813 4165 1049 4220; x_wconf 85' lang='lat' dir='ltr'><strong>Verbum</strong></span> <span class='ocrx_word' id='word_1_452' title='bbox 1084 4169 1230 4237; x_wconf 89' lang='lat' dir='ltr'><strong>quod</strong></span> <span class='ocrx_word' id='word_1_453' title='bbox 1263 4171 1478 4225; x_wconf 81' lang='lat' dir='ltr'><strong>excedit</strong></span> <span class='ocrx_word' id='word_1_454' title='bbox 1504 4173 1711 4238; x_wconf 80' lang='lat' dir='ltr'><strong>Omnia,</strong></span> <span class='ocrx_word' id='word_1_455' title='bbox 1744 4176 1936 4244; x_wconf 88' lang='lat' dir='ltr'><strong>utique</strong></span> <span class='ocrx_word' id='word_1_456' title='bbox 1963 4189 2075 4229; x_wconf 92' lang='lat' dir='ltr'><strong>non</strong></span> <span class='ocrx_word' id='word_1_457' title='bbox 2109 4191 2270 4245; x_wconf 89' lang='lat' dir='ltr'><strong>posse</strong></span> 
     </span>
    </p>
   </div>
   <div class='ocr_carea' id='block_1_62' title="bbox 685 4259 2268 4331">
    <p class='ocr_par' dir='ltr' id='par_1_62' title="bbox 685 4259 2268 4331">
     <span class='ocr_line' id='line_1_62' title="bbox 685 4259 2268 4331; baseline 0.006 -20"><span class='ocrx_word' id='word_1_458' title='bbox 685 4259 972 4328; x_wconf 84' lang='lat' dir='ltr'><strong>preprium</strong></span> <span class='ocrx_word' id='word_1_459' title='bbox 997 4260 1103 4315; x_wconf 90' lang='lat' dir='ltr'><strong>sibi</strong></span> <span class='ocrx_word' id='word_1_460' title='bbox 1130 4273 1193 4314; x_wconf 88' lang='lat' dir='ltr'><strong>ac</strong></span> <span class='ocrx_word' id='word_1_461' title='bbox 1233 4266 1485 4318; x_wconf 87' lang='lat' dir='ltr'><strong>naturale</strong></span> <span class='ocrx_word' id='word_1_462' title='bbox 1520 4264 1749 4329; x_wconf 88' lang='lat' dir='ltr'><strong>bonum,</strong></span> <span class='ocrx_word' id='word_1_463' title='bbox 1783 4268 1951 4320; x_wconf 89' lang='lat' dir='ltr'><strong>vitam</strong></span> <span class='ocrx_word' id='word_1_464' title='bbox 1985 4266 2268 4331; x_wconf 87' lang='lat' dir='ltr'><strong>nimirum,</strong></span> 
     </span>
    </p>
   </div>
   <div class='ocr_carea' id='block_1_63' title="bbox 685 4350 2272 4428">
    <p class='ocr_par' dir='ltr' id='par_1_63' title="bbox 685 4350 2272 4428">
     <span class='ocr_line' id='line_1_63' title="bbox 685 4350 2272 4428; baseline 0.007 -26"><span class='ocrx_word' id='word_1_465' title='bbox 685 4350 835 4403; x_wconf 87' lang='lat' dir='ltr'><strong>carni</strong></span> <span class='ocrx_word' id='word_1_466' title='bbox 874 4351 1084 4407; x_wconf 88' lang='lat' dir='ltr'><strong>indere.</strong></span> <span class='ocrx_word' id='word_1_467' title='bbox 1150 4351 1265 4407; x_wconf 85' lang='lat' dir='ltr'><strong>Hac</strong></span> <span class='ocrx_word' id='word_1_468' title='bbox 1316 4354 1489 4425; x_wconf 84' lang='lat' dir='ltr'><strong>igitur</strong></span> <span class='ocrx_word' id='word_1_469' title='bbox 1520 4356 1757 4411; x_wconf 80' lang='lat' dir='ltr'><strong>maxime</strong></span> <span class='ocrx_word' id='word_1_470' title='bbox 1789 4355 1857 4412; x_wconf 88' lang='lat' dir='ltr'><strong>de</strong></span> <span class='ocrx_word' id='word_1_471' title='bbox 1916 4373 2085 4414; x_wconf 87' lang='lat' dir='ltr'><strong>causa</strong></span> <span class='ocrx_word' id='word_1_472' title='bbox 2138 4366 2272 4428; x_wconf 89' lang='lat' dir='ltr'><strong>puto</strong></span> 
     </span>
    </p>
   </div>
   <div class='ocr_carea' id='block_1_64' title="bbox 688 4444 2270 4518">
    <p class='ocr_par' dir='ltr' id='par_1_64' title="bbox 688 4444 2270 4518">
     <span class='ocr_line' id='line_1_64' title="bbox 688 4444 2270 4518; baseline 0.004 -24"><span class='ocrx_word' id='word_1_473' title='bbox 688 4451 941 4494; x_wconf 88' lang='lat' dir='ltr'><strong>sanctum</strong></span> <span class='ocrx_word' id='word_1_474' title='bbox 995 4444 1392 4511; x_wconf 80' lang='lat' dir='ltr'><strong>evangelistam</strong></span> <span class='ocrx_word' id='word_1_475' title='bbox 1433 4459 1461 4497; x_wconf 90' lang='lat' dir='ltr'><strong>a</strong></span> <span class='ocrx_word' id='word_1_476' title='bbox 1494 4456 1650 4515; x_wconf 90' lang='lat' dir='ltr'><strong>parte</strong></span> <span class='ocrx_word' id='word_1_477' title='bbox 1690 4446 1885 4502; x_wconf 76' lang='lat' dir='ltr'><strong>alIccta</strong></span> <span class='ocrx_word' id='word_1_478' title='bbox 1921 4449 2270 4518; x_wconf 85' lang='lat' dir='ltr'><strong>potissimum</strong></span> 
     </span>
    </p>
   </div>
   <div class='ocr_carea' id='block_1_65' title="bbox 2349 1968 3958 2040">
    <p class='ocr_par' dir='ltr' id='par_1_65' title="bbox 2349 1968 3958 2040">
     <span class='ocr_line' id='line_1_65' title="bbox 2349 1968 3958 2040; baseline -0.001 -17"><span class='ocrx_word' id='word_1_479' title='bbox 2349 1969 2427 2040; x_wconf 77' lang='grc' dir='ltr'>τῷ</span> <span class='ocrx_word' id='word_1_480' title='bbox 2476 1969 3128 2039; x_wconf 75' lang='grc' dir='ltr'>Θεῷ)·κατεσφραγίζετο</span> <span class='ocrx_word' id='word_1_481' title='bbox 3171 1970 3248 2040; x_wconf 81' lang='grc' dir='ltr'>τῷ</span> <span class='ocrx_word' id='word_1_482' title='bbox 3297 1969 3566 2040; x_wconf 83' lang='grc' dir='ltr'>πνεύματι</span> <span class='ocrx_word' id='word_1_483' title='bbox 3613 1969 3715 2039; x_wconf 77' lang='grc' dir='ltr'>τῆς</span> <span class='ocrx_word' id='word_1_484' title='bbox 3767 1968 3958 2037; x_wconf 77' lang='grc' dir='ltr'>ζωῆς,</span> 
     </span>
    </p>
   </div>
   <div class='ocr_carea' id='block_1_66' title="bbox 2354 2060 3959 2132">
    <p class='ocr_par' dir='ltr' id='par_1_66' title="bbox 2354 2060 3959 2132">
     <span class='ocr_line' id='line_1_66' title="bbox 2354 2060 3959 2132; baseline 0 -19"><span class='ocrx_word' id='word_1_485' title='bbox 2354 2063 2534 2130; x_wconf 78' lang='grc' dir='ltr'><strong>σχέσει</strong></span> <span class='ocrx_word' id='word_1_486' title='bbox 2561 2064 2626 2132; x_wconf 82' lang='grc' dir='ltr'><strong>τῇ</strong></span> <span class='ocrx_word' id='word_1_487' title='bbox 2653 2060 2786 2129; x_wconf 74' lang='grc' dir='ltr'>πρὸς</span> <span class='ocrx_word' id='word_1_488' title='bbox 2813 2060 2942 2113; x_wconf 82' lang='grc' dir='ltr'>Θεὸν</span> <span class='ocrx_word' id='word_1_489' title='bbox 2965 2062 3132 2114; x_wconf 85' lang='grc' dir='ltr'>ἀποκε</span> <span class='ocrx_word' id='word_1_490' title='bbox 3144 2062 3367 2132; x_wconf 87' lang='grc' dir='ltr'>ρδαίνων</span> <span class='ocrx_word' id='word_1_491' title='bbox 3395 2062 3459 2114; x_wconf 75' lang='grc' dir='ltr'>τὸ</span> <span class='ocrx_word' id='word_1_492' title='bbox 3489 2062 3625 2131; x_wconf 78' lang='grc' dir='ltr'>ὑπὲρ</span> <span class='ocrx_word' id='word_1_493' title='bbox 3650 2061 3752 2131; x_wconf 79' lang='grc' dir='ltr'>τὴν</span> <span class='ocrx_word' id='word_1_494' title='bbox 3777 2062 3959 2129; x_wconf 76' lang='grc' dir='ltr'>φύσιν</span> 
     </span>
    </p>
   </div>
   <div class='ocr_carea' id='block_1_67' title="bbox 2354 2151 3958 2224">
    <p class='ocr_par' dir='ltr' id='par_1_67' title="bbox 2354 2151 3958 2224">
     <span class='ocr_line' id='line_1_67' title="bbox 2354 2151 3958 2224; baseline 0 -19"><span class='ocrx_word' id='word_1_495' title='bbox 2354 2151 2589 2220; x_wconf 87' lang='grc' dir='ltr'>ἀγαθόν·</span> <span class='ocrx_word' id='word_1_496' title='bbox 2632 2169 2651 2200; x_wconf 83' lang='grc' dir='ltr'><strong>ι</strong></span> <span class='ocrx_word' id='word_1_497' title='bbox 2692 2152 3021 2221; x_wconf 80' lang='grc' dir='ltr'>Ἐνεφύσησε</span> <span class='ocrx_word' id='word_1_498' title='bbox 3055 2152 3192 2223; x_wconf 77' lang='grc' dir='ltr'>γάρ,</span> <span class='ocrx_word' id='word_1_499' title='bbox 3230 2152 3422 2224; x_wconf 78' lang='grc' dir='ltr'>φησὶν,</span> <span class='ocrx_word' id='word_1_500' title='bbox 3456 2153 3535 2214; x_wconf 83' lang='grc' dir='ltr'><strong>είς</strong></span> <span class='ocrx_word' id='word_1_501' title='bbox 3556 2153 3617 2204; x_wconf 86' lang='grc' dir='ltr'>τὸ</span> <span class='ocrx_word' id='word_1_502' title='bbox 3643 2152 3958 2222; x_wconf 74' lang='grc' dir='ltr'>πρόσωπον</span> 
     </span>
    </p>
   </div>
   <div class='ocr_carea' id='block_1_68' title="bbox 2354 2240 3959 2314">
    <p class='ocr_par' dir='ltr' id='par_1_68' title="bbox 2354 2240 3959 2314">
     <span class='ocr_line' id='line_1_68' title="bbox 2354 2240 3959 2314; baseline 0 -19"><span class='ocrx_word' id='word_1_503' title='bbox 2354 2242 2519 2296; x_wconf 86' lang='grc' dir='ltr'>αὐτοῦ</span> <span class='ocrx_word' id='word_1_504' title='bbox 2562 2241 2727 2311; x_wconf 79' lang='grc' dir='ltr'>πνοὴν</span> <span class='ocrx_word' id='word_1_505' title='bbox 2756 2242 2929 2312; x_wconf 78' lang='grc' dir='ltr'>ζωῆς,</span> <span class='ocrx_word' id='word_1_506' title='bbox 2965 2246 3057 2295; x_wconf 72' lang='grc' dir='ltr'>καὶ</span> <span class='ocrx_word' id='word_1_507' title='bbox 3094 2244 3311 2312; x_wconf 81' lang='grc' dir='ltr'>ἐγένετο</span> <span class='ocrx_word' id='word_1_508' title='bbox 3338 2246 3367 2297; x_wconf 82' lang='lat'><em>6</em></span> <span class='ocrx_word' id='word_1_509' title='bbox 3397 2243 3681 2314; x_wconf 77' lang='grc' dir='ltr'>ἅνθρωπος</span> <span class='ocrx_word' id='word_1_510' title='bbox 3724 2240 3814 2306; x_wconf 77' lang='grc' dir='ltr'><strong>εἰς</strong></span> <span class='ocrx_word' id='word_1_511' title='bbox 3844 2242 3959 2311; x_wconf 73' lang='grc' dir='ltr'>ψυο</span> 
     </span>
    </p>
   </div>
   <div class='ocr_carea' id='block_1_69' title="bbox 2354 2333 3955 2406">
    <p class='ocr_par' dir='ltr' id='par_1_69' title="bbox 2354 2333 3955 2406">
     <span class='ocr_line' id='line_1_69' title="bbox 2354 2333 3955 2406; baseline 0.002 -23"><span class='ocrx_word' id='word_1_512' title='bbox 2354 2333 2456 2403; x_wconf 84' lang='grc' dir='ltr'><strong>χὴν</strong></span> <span class='ocrx_word' id='word_1_513' title='bbox 2475 2333 2654 2396; x_wconf 74' lang='grc' dir='ltr'>ζῶσαν</span> <span class='ocrx_word' id='word_1_514' title='bbox 2679 2346 2693 2363; x_wconf 70' lang='grc'><strong>⁸</strong></span> <span class='ocrx_word' id='word_1_515' title='bbox 2728 2351 2744 2380; x_wconf 73' lang='grc' dir='ltr'><strong>ι</strong></span> <span class='ocrx_word' id='word_1_516' title='bbox 2776 2334 2963 2403; x_wconf 83' lang='grc' dir='ltr'>ἐπειδὴ</span> <span class='ocrx_word' id='word_1_517' title='bbox 2984 2334 3040 2386; x_wconf 80' lang='grc' dir='ltr'><strong>δὲ</strong></span> <span class='ocrx_word' id='word_1_518' title='bbox 3066 2337 3152 2389; x_wconf 73' lang='grc' dir='ltr'>σιὰ</span> <span class='ocrx_word' id='word_1_519' title='bbox 3176 2335 3272 2406; x_wconf 80' lang='grc' dir='ltr'>τὴν</span> <span class='ocrx_word' id='word_1_520' title='bbox 3293 2335 3603 2406; x_wconf 71' lang='grc' dir='ltr'>παράϐασιν</span> <span class='ocrx_word' id='word_1_521' title='bbox 3624 2335 3955 2398; x_wconf 75' lang='grc' dir='ltr'><strong>ἐκολάζετο,</strong></span> 
     </span>
    </p>
   </div>
   <div class='ocr_carea' id='block_1_70' title="bbox 2355 2424 3959 2496">
    <p class='ocr_par' dir='ltr' id='par_1_70' title="bbox 2355 2424 3959 2496">
     <span class='ocr_line' id='line_1_70' title="bbox 2355 2424 3959 2496; baseline 0.001 -19"><span class='ocrx_word' id='word_1_522' title='bbox 2355 2425 2435 2489; x_wconf 83' lang='grc' dir='ltr'>τὸ,</span> <span class='ocrx_word' id='word_1_523' title='bbox 2487 2443 2505 2475; x_wconf 85' lang='grc' dir='ltr'><strong>ι</strong></span> <span class='ocrx_word' id='word_1_524' title='bbox 2536 2425 2611 2494; x_wconf 82' lang='grc' dir='ltr'><strong>Γῆ</strong></span> <span class='ocrx_word' id='word_1_525' title='bbox 2642 2424 2691 2476; x_wconf 83' lang='grc' dir='ltr'>εἶ</span> <span class='ocrx_word' id='word_1_526' title='bbox 2711 2462 2726 2485; x_wconf 88' lang='grc'><strong>,</strong></span> <span class='ocrx_word' id='word_1_527' title='bbox 2778 2426 2869 2477; x_wconf 73' lang='grc' dir='ltr'>καὶ</span> <span class='ocrx_word' id='word_1_528' title='bbox 2907 2427 2985 2487; x_wconf 84' lang='grc' dir='ltr'><strong>είς</strong></span> <span class='ocrx_word' id='word_1_529' title='bbox 3022 2425 3126 2495; x_wconf 79' lang='grc' dir='ltr'>γῆν</span> <span class='ocrx_word' id='word_1_530' title='bbox 3158 2425 3430 2496; x_wconf 78' lang='grc' dir='ltr'>άπελεύσῃ</span> <span class='ocrx_word' id='word_1_531' title='bbox 3451 2466 3466 2490; x_wconf 89' lang='grc'><strong>,</strong></span> <span class='ocrx_word' id='word_1_532' title='bbox 3495 2445 3513 2478; x_wconf 75' lang='grc' dir='ltr'><strong>ι</strong></span> <span class='ocrx_word' id='word_1_533' title='bbox 3562 2426 3682 2479; x_wconf 85' lang='grc' dir='ltr'>τότε</span> <span class='ocrx_word' id='word_1_534' title='bbox 3715 2425 3959 2487; x_wconf 79' lang='grc' dir='ltr'><strong>δικαίως</strong></span> 
     </span>
    </p>
   </div>
   <div class='ocr_carea' id='block_1_71' title="bbox 2356 2513 3956 2585">
    <p class='ocr_par' dir='ltr' id='par_1_71' title="bbox 2356 2513 3956 2585">
     <span class='ocr_line' id='line_1_71' title="bbox 2356 2513 3956 2585; baseline 0.001 -18"><span class='ocrx_word' id='word_1_535' title='bbox 2356 2515 2569 2567; x_wconf 75' lang='grc' dir='ltr'>ἀκούων</span> <span class='ocrx_word' id='word_1_536' title='bbox 2626 2513 2997 2585; x_wconf 78' lang='grc' dir='ltr'>ἀπεγυμνώθη</span> <span class='ocrx_word' id='word_1_537' title='bbox 3036 2515 3133 2585; x_wconf 75' lang='grc' dir='ltr'>τῆς</span> <span class='ocrx_word' id='word_1_538' title='bbox 3173 2516 3435 2585; x_wconf 78' lang='grc' dir='ltr'>χάριτοςο</span> <span class='ocrx_word' id='word_1_539' title='bbox 3495 2517 3842 2570; x_wconf 86' lang='grc' dir='ltr'>ἀπανίστατο</span> <span class='ocrx_word' id='word_1_540' title='bbox 3893 2516 3956 2568; x_wconf 80' lang='grc' dir='ltr'><strong>δὲ</strong></span> 
     </span>
    </p>
   </div>
   <div class='ocr_carea' id='block_1_72' title="bbox 2354 2606 3957 2677">
    <p class='ocr_par' dir='ltr' id='par_1_72' title="bbox 2354 2606 3957 2677">
     <span class='ocr_line' id='line_1_72' title="bbox 2354 2606 3957 2677; baseline -0.007 -8"><span class='ocrx_word' id='word_1_541' title='bbox 2354 2606 2451 2674; x_wconf 80' lang='grc' dir='ltr'><strong>τῆς</strong></span> <span class='ocrx_word' id='word_1_542' title='bbox 2486 2606 2679 2675; x_wconf 78' lang='grc' dir='ltr'>γηῖνης</span> <span class='ocrx_word' id='word_1_543' title='bbox 2715 2606 2970 2676; x_wconf 80' lang='grc' dir='ltr'>σαρκὸςή</span> <span class='ocrx_word' id='word_1_544' title='bbox 3005 2606 3140 2673; x_wconf 80' lang='grc' dir='ltr'>πνοὴ</span> <span class='ocrx_word' id='word_1_545' title='bbox 3181 2606 3282 2677; x_wconf 82' lang='grc' dir='ltr'>τῆς</span> <span class='ocrx_word' id='word_1_546' title='bbox 3308 2606 3473 2677; x_wconf 77' lang='grc' dir='ltr'>ζωῆς,</span> <span class='ocrx_word' id='word_1_547' title='bbox 3508 2607 3651 2661; x_wconf 85' lang='grc' dir='ltr'>τοῦτ’</span> <span class='ocrx_word' id='word_1_548' title='bbox 3682 2606 3837 2669; x_wconf 77' lang='grc' dir='ltr'>ἔστι,</span> <span class='ocrx_word' id='word_1_549' title='bbox 3890 2607 3957 2658; x_wconf 72' lang='grc' dir='ltr'><strong>τὸ</strong></span> 
     </span>
    </p>
   </div>
   <div class='ocr_carea' id='block_1_73' title="bbox 2356 2697 3955 2771">
    <p class='ocr_par' dir='ltr' id='par_1_73' title="bbox 2356 2697 3955 2771">
     <span class='ocr_line' id='line_1_73' title="bbox 2356 2697 3955 2771; baseline 0 -21"><span class='ocrx_word' id='word_1_550' title='bbox 2356 2697 2579 2767; x_wconf 84' lang='grc' dir='ltr'>Πνεῦμα</span> <span class='ocrx_word' id='word_1_551' title='bbox 2602 2697 2700 2749; x_wconf 77' lang='grc' dir='ltr'><strong>τοῦ</strong></span> <span class='ocrx_word' id='word_1_552' title='bbox 2724 2698 2994 2765; x_wconf 81' lang='grc' dir='ltr'>λέγοντος,</span> <span class='ocrx_word' id='word_1_553' title='bbox 3041 2717 3060 2748; x_wconf 82' lang='grc' dir='ltr'><strong>ι</strong></span> <span class='ocrx_word' id='word_1_554' title='bbox 3117 2697 3259 2767; x_wconf 81' lang='grc' dir='ltr'><em>Ἐγώ</em></span> <span class='ocrx_word' id='word_1_555' title='bbox 3291 2700 3404 2769; x_wconf 88' lang='grc' dir='ltr'>είμι</span> <span class='ocrx_word' id='word_1_556' title='bbox 3438 2701 3470 2770; x_wconf 79' lang='grc' dir='ltr'>ἡ</span> <span class='ocrx_word' id='word_1_557' title='bbox 3508 2699 3641 2771; x_wconf 77' lang='grc' dir='ltr'>ζωὴ,</span> <span class='ocrx_word' id='word_1_558' title='bbox 3674 2718 3692 2751; x_wconf 75' lang='grc' dir='ltr'><strong>ι</strong></span> <span class='ocrx_word' id='word_1_559' title='bbox 3730 2700 3834 2752; x_wconf 73' lang='grc' dir='ltr'>καὶ</span> <span class='ocrx_word' id='word_1_560' title='bbox 3862 2698 3955 2750; x_wconf 64' lang='grc' dir='ltr'><strong>πίε</strong></span> 
     </span>
    </p>
   </div>
   <div class='ocr_carea' id='block_1_74' title="bbox 2356 2787 3955 2863">
    <p class='ocr_par' dir='ltr' id='par_1_74' title="bbox 2356 2787 3955 2863">
     <span class='ocr_line' id='line_1_74' title="bbox 2356 2787 3955 2863; baseline 0.002 -22"><span class='ocrx_word' id='word_1_561' title='bbox 2356 2804 2480 2841; x_wconf 88' lang='grc' dir='ltr'>πτει</span> <span class='ocrx_word' id='word_1_562' title='bbox 2518 2790 2579 2839; x_wconf 70' lang='grc' dir='ltr'>τὸ</span> <span class='ocrx_word' id='word_1_563' title='bbox 2612 2787 2751 2853; x_wconf 80' lang='grc' dir='ltr'>ζῶον</span> <span class='ocrx_word' id='word_1_564' title='bbox 2777 2791 2857 2853; x_wconf 77' lang='grc' dir='ltr'>εἰς</span> <span class='ocrx_word' id='word_1_565' title='bbox 2896 2790 3125 2843; x_wconf 81' lang='grc' dir='ltr'>θάνατον</span> <span class='ocrx_word' id='word_1_566' title='bbox 3149 2789 3235 2843; x_wconf 78' lang='grc' dir='ltr'>διὰ</span> <span class='ocrx_word' id='word_1_567' title='bbox 3263 2792 3428 2861; x_wconf 87' lang='grc' dir='ltr'>μόνης</span> <span class='ocrx_word' id='word_1_568' title='bbox 3456 2794 3554 2863; x_wconf 79' lang='grc' dir='ltr'>τῆς</span> <span class='ocrx_word' id='word_1_569' title='bbox 3581 2790 3810 2861; x_wconf 81' lang='grc' dir='ltr'>σαρκὸς,</span> <span class='ocrx_word' id='word_1_570' title='bbox 3846 2808 3955 2844; x_wconf 73' lang='grc' dir='ltr'>σω-</span> 
     </span>
    </p>
   </div>
   <div class='ocr_carea' id='block_1_75' title="bbox 2358 2878 3951 2953">
    <p class='ocr_par' dir='ltr' id='par_1_75' title="bbox 2358 2878 3951 2953">
     <span class='ocr_line' id='line_1_75' title="bbox 2358 2878 3951 2953; baseline -0.001 -19"><span class='ocrx_word' id='word_1_571' title='bbox 2358 2878 2590 2951; x_wconf 81' lang='grc' dir='ltr'>ζομένης</span> <span class='ocrx_word' id='word_1_572' title='bbox 2619 2882 2681 2934; x_wconf 87' lang='grc' dir='ltr'><strong>ἐν</strong></span> <span class='ocrx_word' id='word_1_573' title='bbox 2706 2880 2973 2951; x_wconf 73' lang='grc' dir='ltr'><strong>ἀθανασίᾳ</strong></span> <span class='ocrx_word' id='word_1_574' title='bbox 2993 2883 3091 2952; x_wconf 80' lang='grc' dir='ltr'>τῆς</span> <span class='ocrx_word' id='word_1_575' title='bbox 3114 2880 3312 2951; x_wconf 76' lang='grc' dir='ltr'>ψυχῆς,</span> <span class='ocrx_word' id='word_1_576' title='bbox 3334 2882 3455 2934; x_wconf 82' lang='grc' dir='ltr'>ἐπεὶ</span> <span class='ocrx_word' id='word_1_577' title='bbox 3480 2883 3573 2936; x_wconf 82' lang='grc' dir='ltr'>καὶ</span> <span class='ocrx_word' id='word_1_578' title='bbox 3609 2880 3748 2953; x_wconf 83' lang='grc' dir='ltr'>πρὸς</span> <span class='ocrx_word' id='word_1_579' title='bbox 3774 2882 3951 2952; x_wconf 79' lang='grc' dir='ltr'>μόνην</span> 
     </span>
    </p>
   </div>
   <div class='ocr_carea' id='block_1_76' title="bbox 2357 2965 3945 3044">
    <p class='ocr_par' dir='ltr' id='par_1_76' title="bbox 2357 2965 3945 3044">
     <span class='ocr_line' id='line_1_76' title="bbox 2357 2965 3945 3044; baseline -0.003 -18"><span class='ocrx_word' id='word_1_580' title='bbox 2357 2974 2541 3043; x_wconf 76' lang='grc' dir='ltr'>εἴρητο</span> <span class='ocrx_word' id='word_1_581' title='bbox 2578 2971 2676 3043; x_wconf 80' lang='grc' dir='ltr'>τὴν</span> <span class='ocrx_word' id='word_1_582' title='bbox 2708 2972 2885 3042; x_wconf 79' lang='grc' dir='ltr'>σάρκα</span> <span class='ocrx_word' id='word_1_583' title='bbox 2911 2989 2924 3001; x_wconf 75' lang='grc' dir='ltr'><strong>ο</strong></span> <span class='ocrx_word' id='word_1_584' title='bbox 2968 2991 2984 3021; x_wconf 88' lang='grc' dir='ltr'><strong>ι</strong></span> <span class='ocrx_word' id='word_1_585' title='bbox 3020 2970 3096 3039; x_wconf 84' lang='grc' dir='ltr'><strong>Γῆ</strong></span> <span class='ocrx_word' id='word_1_586' title='bbox 3125 2965 3195 3034; x_wconf 78' lang='grc' dir='ltr'><strong>εἴ,</strong></span> <span class='ocrx_word' id='word_1_587' title='bbox 3232 2972 3325 3024; x_wconf 80' lang='grc' dir='ltr'>καὶ</span> <span class='ocrx_word' id='word_1_588' title='bbox 3349 2971 3429 3034; x_wconf 85' lang='grc' dir='ltr'><strong>είς</strong></span> <span class='ocrx_word' id='word_1_589' title='bbox 3454 2972 3561 3042; x_wconf 74' lang='grc' dir='ltr'>γῆν</span> <span class='ocrx_word' id='word_1_590' title='bbox 3586 2971 3896 3044; x_wconf 78' lang='grc' dir='ltr'>ἀπελεὺσῃ.</span> <span class='ocrx_word' id='word_1_591' title='bbox 3928 2993 3945 3023; x_wconf 75' lang='grc' dir='ltr'><strong>ι</strong></span> 
     </span>
    </p>
   </div>
   <div class='ocr_carea' id='block_1_77' title="bbox 2361 3061 3949 3134">
    <p class='ocr_par' dir='ltr' id='par_1_77' title="bbox 2361 3061 3949 3134">
     <span class='ocr_line' id='line_1_77' title="bbox 2361 3061 3949 3134; baseline -0.004 -14"><span class='ocrx_word' id='word_1_592' title='bbox 2361 3064 2512 3120; x_wconf 82' lang='grc' dir='ltr'>Ἔδει</span> <span class='ocrx_word' id='word_1_593' title='bbox 2553 3064 2733 3117; x_wconf 79' lang='grc' dir='ltr'>τοίνυν</span> <span class='ocrx_word' id='word_1_594' title='bbox 2764 3063 2825 3116; x_wconf 77' lang='grc' dir='ltr'>τὸ</span> <span class='ocrx_word' id='word_1_595' title='bbox 2879 3062 3111 3133; x_wconf 87' lang='grc' dir='ltr'>μάλιστα</span> <span class='ocrx_word' id='word_1_596' title='bbox 3147 3061 3497 3116; x_wconf 77' lang='grc' dir='ltr'>κινδυνεῦσαν</span> <span class='ocrx_word' id='word_1_597' title='bbox 3548 3064 3607 3116; x_wconf 81' lang='grc' dir='ltr'><strong>ἐν</strong></span> <span class='ocrx_word' id='word_1_598' title='bbox 3628 3064 3781 3133; x_wconf 77' lang='grc' dir='ltr'>ἡμῖν,</span> <span class='ocrx_word' id='word_1_599' title='bbox 3819 3079 3949 3134; x_wconf 78' lang='grc' dir='ltr'><strong>γορ⁸</strong></span> 
     </span>
    </p>
   </div>
   <div class='ocr_carea' id='block_1_78' title="bbox 2358 3152 3949 3226">
    <p class='ocr_par' dir='ltr' id='par_1_78' title="bbox 2358 3152 3949 3226">
     <span class='ocr_line' id='line_1_78' title="bbox 2358 3152 3949 3226; baseline 0 -19"><span class='ocrx_word' id='word_1_600' title='bbox 2358 3153 2587 3226; x_wconf 82' lang='grc' dir='ltr'>γότερον</span> <span class='ocrx_word' id='word_1_601' title='bbox 2617 3153 3029 3218; x_wconf 77' lang='grc' dir='ltr'>ἀνασώζεσθαι,</span> <span class='ocrx_word' id='word_1_602' title='bbox 3080 3153 3175 3205; x_wconf 77' lang='grc' dir='ltr'>καὶ</span> <span class='ocrx_word' id='word_1_603' title='bbox 3204 3152 3493 3225; x_wconf 79' lang='grc' dir='ltr'>συμπλοκῇ</span> <span class='ocrx_word' id='word_1_604' title='bbox 3532 3154 3689 3208; x_wconf 86' lang='grc' dir='ltr'>πάλιν</span> <span class='ocrx_word' id='word_1_605' title='bbox 3713 3157 3780 3225; x_wconf 78' lang='grc' dir='ltr'>τῇ</span> <span class='ocrx_word' id='word_1_606' title='bbox 3810 3155 3949 3225; x_wconf 73' lang='grc' dir='ltr'>πρὸς</span> 
     </span>
    </p>
   </div>
   <div class='ocr_carea' id='block_1_79' title="bbox 2360 3243 3947 3318">
    <p class='ocr_par' dir='ltr' id='par_1_79' title="bbox 2360 3243 3947 3318">
     <span class='ocr_line' id='line_1_79' title="bbox 2360 3243 3947 3318; baseline 0.003 -22"><span class='ocrx_word' id='word_1_607' title='bbox 2360 3244 2505 3315; x_wconf 77' lang='grc' dir='ltr'>ζωὴν</span> <span class='ocrx_word' id='word_1_608' title='bbox 2525 3246 2625 3315; x_wconf 77' lang='grc' dir='ltr'>τὴν</span> <span class='ocrx_word' id='word_1_609' title='bbox 2646 3245 2787 3298; x_wconf 73' lang='grc' dir='ltr'>κατὰ</span> <span class='ocrx_word' id='word_1_610' title='bbox 2818 3243 3000 3312; x_wconf 79' lang='grc' dir='ltr'>φύσιν,</span> <span class='ocrx_word' id='word_1_611' title='bbox 3028 3244 3416 3297; x_wconf 79' lang='grc' dir='ltr'>ἀνακαλεῖσθαι</span> <span class='ocrx_word' id='word_1_612' title='bbox 3449 3244 3584 3316; x_wconf 79' lang='grc' dir='ltr'>πρὸς</span> <span class='ocrx_word' id='word_1_613' title='bbox 3614 3246 3947 3318; x_wconf 70' lang='grc' dir='ltr'>ἀφθαρσίαν.</span> 
     </span>
    </p>
   </div>
   <div class='ocr_carea' id='block_1_80' title="bbox 2363 3333 3953 3403">
    <p class='ocr_par' dir='ltr' id='par_1_80' title="bbox 2363 3333 3953 3403">
     <span class='ocr_line' id='line_1_80' title="bbox 2363 3333 3953 3403; baseline 0.003 -15"><span class='ocrx_word' id='word_1_614' title='bbox 2363 3335 2509 3389; x_wconf 81' lang='grc' dir='ltr'>Ἔδει</span> <span class='ocrx_word' id='word_1_615' title='bbox 2537 3338 2598 3389; x_wconf 82' lang='grc' dir='ltr'>τὸ</span> <span class='ocrx_word' id='word_1_616' title='bbox 2621 3334 2914 3399; x_wconf 81' lang='grc' dir='ltr'>πεπονθὸς,</span> <span class='ocrx_word' id='word_1_617' title='bbox 2960 3334 3113 3387; x_wconf 87' lang='grc' dir='ltr'>λύσιν</span> <span class='ocrx_word' id='word_1_618' title='bbox 3147 3333 3400 3403; x_wconf 79' lang='grc' dir='ltr'>εὑρέσθαι</span> <span class='ocrx_word' id='word_1_619' title='bbox 3436 3334 3529 3388; x_wconf 88' lang='grc' dir='ltr'><strong>τοῦ</strong></span> <span class='ocrx_word' id='word_1_620' title='bbox 3555 3337 3749 3390; x_wconf 83' lang='grc' dir='ltr'>κακοῦ.</span> <span class='ocrx_word' id='word_1_621' title='bbox 3800 3340 3953 3393; x_wconf 78' lang='grc' dir='ltr'>Ἔδει</span> 
     </span>
    </p>
   </div>
   <div class='ocr_carea' id='block_1_81' title="bbox 2357 3419 3949 3502">
    <p class='ocr_par' dir='ltr' id='par_1_81' title="bbox 2357 3419 3949 3502">
     <span class='ocr_line' id='line_1_81' title="bbox 2357 3419 3949 3502; baseline 0.003 -23"><span class='ocrx_word' id='word_1_622' title='bbox 2357 3426 2543 3479; x_wconf 79' lang='grc' dir='ltr'>λοιπὸν</span> <span class='ocrx_word' id='word_1_623' title='bbox 2568 3426 2826 3495; x_wconf 87' lang='grc' dir='ltr'>ἀτονῆσαι</span> <span class='ocrx_word' id='word_1_624' title='bbox 2878 3425 2960 3487; x_wconf 87' lang='grc' dir='ltr'>τὸ,</span> <span class='ocrx_word' id='word_1_625' title='bbox 2994 3440 3011 3473; x_wconf 82' lang='grc' dir='ltr'><strong>ι</strong></span> <span class='ocrx_word' id='word_1_626' title='bbox 3042 3424 3117 3494; x_wconf 85' lang='grc' dir='ltr'><strong>Γῆ</strong></span> <span class='ocrx_word' id='word_1_627' title='bbox 3146 3419 3215 3490; x_wconf 69' lang='grc' dir='ltr'><strong>εἱ,</strong></span> <span class='ocrx_word' id='word_1_628' title='bbox 3238 3426 3331 3478; x_wconf 68' lang='grc' dir='ltr'>καὶ</span> <span class='ocrx_word' id='word_1_629' title='bbox 3362 3427 3442 3489; x_wconf 84' lang='grc' dir='ltr'><strong>είς</strong></span> <span class='ocrx_word' id='word_1_630' title='bbox 3468 3426 3572 3497; x_wconf 81' lang='grc' dir='ltr'>γῆν</span> <span class='ocrx_word' id='word_1_631' title='bbox 3598 3427 3905 3502; x_wconf 70' lang='grc' dir='ltr'>ἀπελεύσῃ,</span> <span class='ocrx_word' id='word_1_632' title='bbox 3930 3450 3949 3483; x_wconf 73' lang='grc' dir='ltr'><strong>ι</strong></span> 
     </span>
    </p>
   </div>
   <div class='ocr_carea' id='block_1_82' title="bbox 2359 3516 3955 3594">
    <p class='ocr_par' dir='ltr' id='par_1_82' title="bbox 2359 3516 3955 3594">
     <span class='ocr_line' id='line_1_82' title="bbox 2359 3516 3955 3594; baseline 0.004 -24"><span class='ocrx_word' id='word_1_633' title='bbox 2359 3516 2653 3580; x_wconf 81' lang='grc' dir='ltr'>ἐνωθέντος</span> <span class='ocrx_word' id='word_1_634' title='bbox 2698 3518 2992 3588; x_wconf 80' lang='grc' dir='ltr'><strong>ἀφράστως</strong></span> <span class='ocrx_word' id='word_1_635' title='bbox 3025 3516 3124 3570; x_wconf 88' lang='grc' dir='ltr'><strong>τοῦ</strong></span> <span class='ocrx_word' id='word_1_636' title='bbox 3153 3520 3554 3589; x_wconf 81' lang='grc' dir='ltr'>προσπεσόντος</span> <span class='ocrx_word' id='word_1_637' title='bbox 3587 3521 3841 3591; x_wconf 83' lang='grc' dir='ltr'>σώματος</span> <span class='ocrx_word' id='word_1_638' title='bbox 3878 3524 3955 3594; x_wconf 79' lang='grc' dir='ltr'>τῷ</span> 
     </span>
    </p>
   </div>
   <div class='ocr_carea' id='block_1_83' title="bbox 2361 3614 3955 3689">
    <p class='ocr_par' dir='ltr' id='par_1_83' title="bbox 2361 3614 3955 3689">
     <span class='ocr_line' id='line_1_83' title="bbox 2361 3614 3955 3689; baseline -0.003 -17"><span class='ocrx_word' id='word_1_639' title='bbox 2361 3616 2538 3672; x_wconf 86' lang='grc' dir='ltr'>πάντα</span> <span class='ocrx_word' id='word_1_640' title='bbox 2567 3615 2921 3686; x_wconf 77' lang='grc' dir='ltr'>ζωογονοῦντι</span> <span class='ocrx_word' id='word_1_641' title='bbox 2949 3616 3125 3687; x_wconf 82' lang='grc' dir='ltr'><strong>Λόγῳ.</strong></span> <span class='ocrx_word' id='word_1_642' title='bbox 3160 3617 3345 3689; x_wconf 86' lang='grc' dir='ltr'>Σάρκα</span> <span class='ocrx_word' id='word_1_643' title='bbox 3370 3615 3479 3685; x_wconf 85' lang='grc' dir='ltr'>γὰρ</span> <span class='ocrx_word' id='word_1_644' title='bbox 3517 3614 3621 3667; x_wconf 75' lang='grc' dir='ltr'>ἔδει</span> <span class='ocrx_word' id='word_1_645' title='bbox 3653 3616 3955 3685; x_wconf 73' lang='grc' dir='ltr'>γενομένην</span> 
     </span>
    </p>
   </div>
   <div class='ocr_carea' id='block_1_84' title="bbox 2362 3705 3955 3777">
    <p class='ocr_par' dir='ltr' id='par_1_84' title="bbox 2362 3705 3955 3777">
     <span class='ocr_line' id='line_1_84' title="bbox 2362 3705 3955 3777; baseline -0.001 -17"><span class='ocrx_word' id='word_1_646' title='bbox 2362 3706 2552 3773; x_wconf 78' lang='grc' dir='ltr'>αὑτοῦ,</span> <span class='ocrx_word' id='word_1_647' title='bbox 2586 3707 2686 3775; x_wconf 81' lang='grc' dir='ltr'>τῆς</span> <span class='ocrx_word' id='word_1_648' title='bbox 2718 3707 2812 3759; x_wconf 83' lang='grc' dir='ltr'>ἀπ’</span> <span class='ocrx_word' id='word_1_649' title='bbox 2841 3707 3007 3761; x_wconf 82' lang='grc' dir='ltr'>αὑτοῦ</span> <span class='ocrx_word' id='word_1_650' title='bbox 3038 3710 3326 3777; x_wconf 85' lang='grc' dir='ltr'>μετασχεῖν</span> <span class='ocrx_word' id='word_1_651' title='bbox 3352 3705 3650 3766; x_wconf 75' lang='grc' dir='ltr'>ἀθανασίας</span> <span class='ocrx_word' id='word_1_652' title='bbox 3670 3721 3683 3735; x_wconf 76' lang='grc' dir='ltr'>ο</span> <span class='ocrx_word' id='word_1_653' title='bbox 3719 3705 3815 3756; x_wconf 74' lang='grc' dir='ltr'><strong>καὶ</strong></span> <span class='ocrx_word' id='word_1_654' title='bbox 3845 3706 3955 3774; x_wconf 76' lang='grc' dir='ltr'><strong>γάρ</strong></span> 
     </span>
    </p>
   </div>
   <div class='ocr_carea' id='block_1_85' title="bbox 2365 3796 3955 3869">
    <p class='ocr_par' dir='ltr' id='par_1_85' title="bbox 2365 3796 3955 3869">
     <span class='ocr_line' id='line_1_85' title="bbox 2365 3796 3955 3869; baseline -0.002 -17"><span class='ocrx_word' id='word_1_655' title='bbox 2365 3799 2432 3852; x_wconf 83' lang='grc' dir='ltr'>ἂν</span> <span class='ocrx_word' id='word_1_656' title='bbox 2462 3798 2545 3869; x_wconf 85' lang='grc' dir='ltr'><strong>είη</strong></span> <span class='ocrx_word' id='word_1_657' title='bbox 2575 3796 2685 3850; x_wconf 81' lang='grc' dir='ltr'><strong>τῶν</strong></span> <span class='ocrx_word' id='word_1_658' title='bbox 2708 3799 3075 3853; x_wconf 83' lang='grc' dir='ltr'>ἀτοπωτάτων</span> <span class='ocrx_word' id='word_1_659' title='bbox 3119 3800 3180 3851; x_wconf 86' lang='grc' dir='ltr'>τὸ</span> <span class='ocrx_word' id='word_1_660' title='bbox 3213 3797 3310 3867; x_wconf 83' lang='grc' dir='ltr'>μὲν</span> <span class='ocrx_word' id='word_1_661' title='bbox 3348 3797 3457 3868; x_wconf 86' lang='grc' dir='ltr'>πῦρ</span> <span class='ocrx_word' id='word_1_662' title='bbox 3489 3797 3756 3850; x_wconf 79' lang='grc' dir='ltr'>ἐντιθέναι</span> <span class='ocrx_word' id='word_1_663' title='bbox 3794 3797 3955 3849; x_wconf 76' lang='grc' dir='ltr'>δῦνα-</span> 
     </span>
    </p>
   </div>
   <div class='ocr_carea' id='block_1_86' title="bbox 2369 3888 3955 3959">
    <p class='ocr_par' dir='ltr' id='par_1_86' title="bbox 2369 3888 3955 3959">
     <span class='ocr_line' id='line_1_86' title="bbox 2369 3888 3955 3959; baseline -0.002 -16"><span class='ocrx_word' id='word_1_664' title='bbox 2369 3890 2492 3944; x_wconf 87' lang='grc' dir='ltr'>σθαι</span> <span class='ocrx_word' id='word_1_665' title='bbox 2541 3892 2661 3953; x_wconf 78' lang='grc' dir='ltr'>ταῖς</span> <span class='ocrx_word' id='word_1_666' title='bbox 2693 3889 2874 3953; x_wconf 82' lang='grc' dir='ltr'>ὖλαις,</span> <span class='ocrx_word' id='word_1_667' title='bbox 2929 3892 3022 3943; x_wconf 64' lang='grc' dir='ltr'><strong>καλ⁹</strong></span> <span class='ocrx_word' id='word_1_668' title='bbox 3067 3889 3207 3945; x_wconf 85' lang='grc' dir='ltr'>κατὰ</span> <span class='ocrx_word' id='word_1_669' title='bbox 3260 3888 3417 3958; x_wconf 83' lang='grc' dir='ltr'>φύσιν</span> <span class='ocrx_word' id='word_1_670' title='bbox 3464 3888 3611 3959; x_wconf 77' lang='grc' dir='ltr'>αὐτῷ</span> <span class='ocrx_word' id='word_1_671' title='bbox 3645 3889 3955 3959; x_wconf 75' lang='grc' dir='ltr'>προσούσης</span> 
     </span>
    </p>
   </div>
   <div class='ocr_carea' id='block_1_87' title="bbox 2368 3980 3955 4053">
    <p class='ocr_par' dir='ltr' id='par_1_87' title="bbox 2368 3980 3955 4053">
     <span class='ocr_line' id='line_1_87' title="bbox 2368 3980 3955 4053; baseline -0.002 -18"><span class='ocrx_word' id='word_1_672' title='bbox 2368 3980 2652 4053; x_wconf 76' lang='grc' dir='ltr'>ἐνεργείας</span> <span class='ocrx_word' id='word_1_673' title='bbox 2685 3982 2785 4051; x_wconf 87' lang='grc' dir='ltr'>τὴν</span> <span class='ocrx_word' id='word_1_674' title='bbox 2816 3982 2874 4034; x_wconf 90' lang='grc' dir='ltr'><strong>ἐν</strong></span> <span class='ocrx_word' id='word_1_675' title='bbox 2906 3982 3153 4052; x_wconf 78' lang='grc' dir='ltr'>αἰσθήσει</span> <span class='ocrx_word' id='word_1_676' title='bbox 3197 3982 3454 4051; x_wconf 79' lang='grc' dir='ltr'>ποιότητα</span> <span class='ocrx_word' id='word_1_677' title='bbox 3479 4022 3493 4046; x_wconf 87' lang='grc'><strong>,</strong></span> <span class='ocrx_word' id='word_1_678' title='bbox 3536 3982 3629 4034; x_wconf 74' lang='grc' dir='ltr'>καὶ</span> <span class='ocrx_word' id='word_1_679' title='bbox 3670 3981 3955 4050; x_wconf 74' lang='grc' dir='ltr'>μονονουχὶ</span> 
     </span>
    </p>
   </div>
   <div class='ocr_carea' id='block_1_88' title="bbox 2372 4067 3956 4145">
    <p class='ocr_par' dir='ltr' id='par_1_88' title="bbox 2372 4067 3956 4145">
     <span class='ocr_line' id='line_1_88' title="bbox 2372 4067 3956 4145; baseline -0.001 -19"><span class='ocrx_word' id='word_1_680' title='bbox 2372 4072 2799 4145; x_wconf 78' lang='grc' dir='ltr'>μετασκευάζειν</span> <span class='ocrx_word' id='word_1_681' title='bbox 2853 4076 2932 4137; x_wconf 90' lang='grc' dir='ltr'><strong>είς</strong></span> <span class='ocrx_word' id='word_1_682' title='bbox 2969 4074 3127 4127; x_wconf 78' lang='grc' dir='ltr'>ἑαυτὸ</span> <span class='ocrx_word' id='word_1_683' title='bbox 3172 4073 3238 4126; x_wconf 81' lang='grc' dir='ltr'><strong>τά</strong></span> <span class='ocrx_word' id='word_1_684' title='bbox 3270 4074 3328 4125; x_wconf 77' lang='grc' dir='ltr'><strong>ἐν</strong></span> <span class='ocrx_word' id='word_1_685' title='bbox 3359 4067 3438 4135; x_wconf 74' lang='grc' dir='ltr'>οἷς</span> <span class='ocrx_word' id='word_1_686' title='bbox 3482 4071 3547 4125; x_wconf 79' lang='grc' dir='ltr'><strong>ἀν</strong></span> <span class='ocrx_word' id='word_1_687' title='bbox 3581 4071 3794 4141; x_wconf 82' lang='grc' dir='ltr'>γένοιτο</span> <span class='ocrx_word' id='word_1_688' title='bbox 3824 4071 3956 4141; x_wconf 80' lang='grc' dir='ltr'><strong>μεθ⁸</strong></span> 
     </span>
    </p>
   </div>
   <div class='ocr_carea' id='block_1_89' title="bbox 2370 4162 3953 4235">
    <p class='ocr_par' dir='ltr' id='par_1_89' title="bbox 2370 4162 3953 4235">
     <span class='ocr_line' id='line_1_89' title="bbox 2370 4162 3953 4235; baseline -0.003 -17"><span class='ocrx_word' id='word_1_689' title='bbox 2370 4164 2543 4229; x_wconf 85' lang='grc' dir='ltr'>εκτῶς</span> <span class='ocrx_word' id='word_1_690' title='bbox 2564 4182 2577 4194; x_wconf 85' lang='grc'><strong>·</strong></span> <span class='ocrx_word' id='word_1_691' title='bbox 2616 4165 2708 4218; x_wconf 77' lang='grc' dir='ltr'>τὸν</span> <span class='ocrx_word' id='word_1_692' title='bbox 2738 4165 2794 4217; x_wconf 80' lang='grc' dir='ltr'><strong>δὲ</strong></span> <span class='ocrx_word' id='word_1_693' title='bbox 2818 4166 2957 4235; x_wconf 82' lang='grc' dir='ltr'>ὑπὲρ</span> <span class='ocrx_word' id='word_1_694' title='bbox 2995 4166 3168 4218; x_wconf 86' lang='grc' dir='ltr'>πάντα</span> <span class='ocrx_word' id='word_1_695' title='bbox 3196 4165 3290 4217; x_wconf 84' lang='grc' dir='ltr'><strong>τοῦ</strong></span> <span class='ocrx_word' id='word_1_696' title='bbox 3320 4162 3456 4217; x_wconf 83' lang='grc' dir='ltr'>Θεοῦ</span> <span class='ocrx_word' id='word_1_697' title='bbox 3487 4165 3678 4229; x_wconf 83' lang='grc' dir='ltr'>Λόγον,</span> <span class='ocrx_word' id='word_1_698' title='bbox 3713 4163 3787 4233; x_wconf 81' lang='grc' dir='ltr'>μὴ</span> <span class='ocrx_word' id='word_1_699' title='bbox 3817 4164 3953 4215; x_wconf 79' lang='grc' dir='ltr'>πάνο</span> 
     </span>
    </p>
   </div>
   <div class='ocr_carea' id='block_1_90' title="bbox 2370 4253 3951 4326">
    <p class='ocr_par' dir='ltr' id='par_1_90' title="bbox 2370 4253 3951 4326">
     <span class='ocr_line' id='line_1_90' title="bbox 2370 4253 3951 4326; baseline -0.004 -16"><span class='ocrx_word' id='word_1_700' title='bbox 2370 4275 2476 4321; x_wconf 87' lang='grc' dir='ltr'><strong>τως</strong></span> <span class='ocrx_word' id='word_1_701' title='bbox 2505 4257 2732 4320; x_wconf 83' lang='grc' dir='ltr'>οἴεσθαι,</span> <span class='ocrx_word' id='word_1_702' title='bbox 2775 4257 2835 4309; x_wconf 86' lang='grc' dir='ltr'>τὸ</span> <span class='ocrx_word' id='word_1_703' title='bbox 2860 4256 2989 4309; x_wconf 76' lang='grc' dir='ltr'>ἴδιον</span> <span class='ocrx_word' id='word_1_704' title='bbox 3035 4256 3233 4324; x_wconf 74' lang='grc' dir='ltr'>ἀγαθὸν</span> <span class='ocrx_word' id='word_1_705' title='bbox 3262 4254 3646 4326; x_wconf 74' lang='grc' dir='ltr'>ἐνεργάζεσθαι</span> <span class='ocrx_word' id='word_1_706' title='bbox 3674 4257 3739 4323; x_wconf 82' lang='grc' dir='ltr'>τῇ</span> <span class='ocrx_word' id='word_1_707' title='bbox 3770 4253 3951 4324; x_wconf 77' lang='grc' dir='ltr'>σαρκὶ,</span> 
     </span>
    </p>
   </div>
   <div class='ocr_carea' id='block_1_91' title="bbox 2373 4339 3954 4418">
    <p class='ocr_par' dir='ltr' id='par_1_91' title="bbox 2373 4339 3954 4418">
     <span class='ocr_line' id='line_1_91' title="bbox 2373 4339 3954 4418; baseline -0.004 -17"><span class='ocrx_word' id='word_1_708' title='bbox 2373 4348 2516 4402; x_wconf 74' lang='grc' dir='ltr'>τοῦτ’</span> <span class='ocrx_word' id='word_1_709' title='bbox 2551 4348 2698 4413; x_wconf 78' lang='grc' dir='ltr'>ἐστι,</span> <span class='ocrx_word' id='word_1_710' title='bbox 2753 4349 2851 4417; x_wconf 72' lang='grc' dir='ltr'>τὴν</span> <span class='ocrx_word' id='word_1_711' title='bbox 2907 4346 3070 4417; x_wconf 78' lang='grc' dir='ltr'>ζωήν.</span> <span class='ocrx_word' id='word_1_712' title='bbox 3118 4346 3334 4418; x_wconf 81' lang='grc' dir='ltr'>Ταύτης</span> <span class='ocrx_word' id='word_1_713' title='bbox 3386 4341 3476 4397; x_wconf 81' lang='grc' dir='ltr'>οὖν</span> <span class='ocrx_word' id='word_1_714' title='bbox 3513 4339 3664 4413; x_wconf 82' lang='grc' dir='ltr'>οἶμαι</span> <span class='ocrx_word' id='word_1_715' title='bbox 3719 4342 3954 4413; x_wconf 79' lang='grc' dir='ltr'>μάλιστα</span> 
     </span>
    </p>
   </div>
   <div class='ocr_carea' id='block_1_92' title="bbox 2374 4434 3954 4511">
    <p class='ocr_par' dir='ltr' id='par_1_92' title="bbox 2374 4434 3954 4511">
     <span class='ocr_line' id='line_1_92' title="bbox 2374 4434 3954 4511; baseline -0.005 -16"><span class='ocrx_word' id='word_1_716' title='bbox 2374 4442 2474 4511; x_wconf 82' lang='grc' dir='ltr'>τῆς</span> <span class='ocrx_word' id='word_1_717' title='bbox 2525 4441 2703 4505; x_wconf 82' lang='grc' dir='ltr'>αἰτίας</span> <span class='ocrx_word' id='word_1_718' title='bbox 2738 4442 2899 4493; x_wconf 75' lang='grc' dir='ltr'>ἕνεκα</span> <span class='ocrx_word' id='word_1_719' title='bbox 2936 4440 3027 4491; x_wconf 75' lang='grc' dir='ltr'><strong>τὸν</strong></span> <span class='ocrx_word' id='word_1_720' title='bbox 3057 4440 3210 4507; x_wconf 81' lang='grc' dir='ltr'>ἆγιον</span> <span class='ocrx_word' id='word_1_721' title='bbox 3239 4436 3659 4508; x_wconf 82' lang='grc' dir='ltr'>εὐαγγελιστὴν,</span> <span class='ocrx_word' id='word_1_722' title='bbox 3714 4434 3825 4489; x_wconf 78' lang='grc' dir='ltr'><strong>ἀπὸ</strong></span> <span class='ocrx_word' id='word_1_723' title='bbox 3859 4434 3954 4488; x_wconf 81' lang='grc' dir='ltr'><strong>τοῦ</strong></span> 
     </span>
    </p>
   </div>
   <div class='ocr_carea' id='block_1_93' title="bbox 689 4524 2259 4606">
    <p class='ocr_par' dir='ltr' id='par_1_93' title="bbox 689 4531 2259 4603">
     <span class='ocr_line' id='line_1_93' title="bbox 689 4531 2259 4603; baseline 0.008 -21"><span class='ocrx_word' id='word_1_724' title='bbox 689 4531 916 4584; x_wconf 88' lang='lat' dir='ltr'><strong>animali</strong></span> <span class='ocrx_word' id='word_1_725' title='bbox 942 4532 1273 4603; x_wconf 85' lang='lat' dir='ltr'><strong>signiﬁcato,</strong></span> <span class='ocrx_word' id='word_1_726' title='bbox 1299 4536 1506 4591; x_wconf 75' lang='lat' dir='ltr'><strong>dixisse</strong></span> <span class='ocrx_word' id='word_1_727' title='bbox 1535 4552 1760 4592; x_wconf 83' lang='lat' dir='ltr'><strong>carnem</strong></span> <span class='ocrx_word' id='word_1_728' title='bbox 1793 4540 1996 4593; x_wconf 83' lang='lat' dir='ltr'><strong>factum</strong></span> <span class='ocrx_word' id='word_1_729' title='bbox 2031 4556 2155 4595; x_wconf 86' lang='lat' dir='ltr'><strong>esse</strong></span> <span class='ocrx_word' id='word_1_730' title='bbox 2178 4539 2259 4594; x_wconf 83' lang='lat' dir='ltr'><strong>Dei</strong></span> 
     </span>
    </p>
   </div>
   <div class='ocr_carea' id='block_1_94' title="bbox 2362 4524 3957 4606">
    <p class='ocr_par' dir='ltr' id='par_1_94' title="bbox 2376 4524 3957 4601">
     <span class='ocr_line' id='line_1_94' title="bbox 2376 4524 3957 4601; baseline -0.007 -15"><span class='ocrx_word' id='word_1_731' title='bbox 2376 4534 2635 4595; x_wconf 75' lang='grc' dir='ltr'>παθόντος</span> <span class='ocrx_word' id='word_1_732' title='bbox 2667 4531 2902 4601; x_wconf 88' lang='grc' dir='ltr'>μάλιστα</span> <span class='ocrx_word' id='word_1_733' title='bbox 2937 4530 2997 4581; x_wconf 74' lang='grc' dir='ltr'>τὸ</span> <span class='ocrx_word' id='word_1_734' title='bbox 3035 4529 3171 4592; x_wconf 78' lang='grc' dir='ltr'>ζῶον</span> <span class='ocrx_word' id='word_1_735' title='bbox 3202 4528 3528 4597; x_wconf 85' lang='grc' dir='ltr'>σημαίνοντα</span> <span class='ocrx_word' id='word_1_736' title='bbox 3549 4566 3564 4590; x_wconf 92' lang='grc'><strong>,</strong></span> <span class='ocrx_word' id='word_1_737' title='bbox 3607 4525 3782 4595; x_wconf 87' lang='grc' dir='ltr'>σάρκα</span> <span class='ocrx_word' id='word_1_738' title='bbox 3808 4524 3957 4592; x_wconf 84' lang='grc' dir='ltr'>γενέ-</span> 
     </span>
    </p>
   </div>
   <div class='ocr_carea' id='block_1_95' title="bbox 689 4619 2269 4693">
    <p class='ocr_par' dir='ltr' id='par_1_95' title="bbox 689 4619 2269 4693">
     <span class='ocr_line' id='line_1_95' title="bbox 689 4619 2269 4693; baseline 0.004 -19"><span class='ocrx_word' id='word_1_739' title='bbox 689 4619 956 4685; x_wconf 82' lang='lat' dir='ltr'><strong>Verbum,</strong></span> <span class='ocrx_word' id='word_1_740' title='bbox 1006 4632 1065 4676; x_wconf 91' lang='lat' dir='ltr'><strong>ut</strong></span> <span class='ocrx_word' id='word_1_741' title='bbox 1099 4638 1208 4677; x_wconf 89' lang='lat' dir='ltr'><strong>una</strong></span> <span class='ocrx_word' id='word_1_742' title='bbox 1257 4636 1583 4681; x_wconf 85' lang='lat' dir='ltr'><strong>cerneretur</strong></span> <span class='ocrx_word' id='word_1_743' title='bbox 1621 4628 1821 4683; x_wconf 85' lang='lat' dir='ltr'><strong>vulnus</strong></span> <span class='ocrx_word' id='word_1_744' title='bbox 1853 4637 1907 4682; x_wconf 89' lang='lat' dir='ltr'><strong>et</strong></span> <span class='ocrx_word' id='word_1_745' title='bbox 1942 4629 2269 4693; x_wconf 85' lang='lat' dir='ltr'><strong>remedium,</strong></span> 
     </span>
    </p>
   </div>
   <div class='ocr_carea' id='block_1_96' title="bbox 691 4715 2269 4788">
    <p class='ocr_par' dir='ltr' id='par_1_96' title="bbox 691 4715 2269 4788">
     <span class='ocr_line' id='line_1_96' title="bbox 691 4715 2269 4788; baseline 0.004 -20"><span class='ocrx_word' id='word_1_746' title='bbox 691 4729 834 4784; x_wconf 70' lang='lat' dir='ltr'><strong>aeger</strong></span> <span class='ocrx_word' id='word_1_747' title='bbox 870 4723 926 4769; x_wconf 91' lang='lat' dir='ltr'><strong>et</strong></span> <span class='ocrx_word' id='word_1_748' title='bbox 954 4715 1220 4781; x_wconf 89' lang='lat' dir='ltr'><strong>medicus,</strong></span> <span class='ocrx_word' id='word_1_749' title='bbox 1252 4717 1401 4788; x_wconf 89' lang='lat' dir='ltr'><strong>quod</strong></span> <span class='ocrx_word' id='word_1_750' title='bbox 1444 4720 1496 4773; x_wconf 92' lang='lat' dir='ltr'><strong>in</strong></span> <span class='ocrx_word' id='word_1_751' title='bbox 1530 4727 1763 4773; x_wconf 90' lang='lat' dir='ltr'><strong>mortem</strong></span> <span class='ocrx_word' id='word_1_752' title='bbox 1806 4719 2129 4788; x_wconf 89' lang='lat' dir='ltr'><strong>prolapsum</strong></span> <span class='ocrx_word' id='word_1_753' title='bbox 2164 4730 2269 4785; x_wconf 90' lang='lat' dir='ltr'><strong>est,</strong></span> 
     </span>
    </p>
   </div>
   <div class='ocr_carea' id='block_1_97' title="bbox 691 4806 2269 4880">
    <p class='ocr_par' dir='ltr' id='par_1_97' title="bbox 691 4806 2269 4880">
     <span class='ocr_line' id='line_1_97' title="bbox 691 4806 2269 4880; baseline 0.001 -18"><span class='ocrx_word' id='word_1_754' title='bbox 691 4816 745 4862; x_wconf 91' lang='lat' dir='ltr'><strong>et</strong></span> <span class='ocrx_word' id='word_1_755' title='bbox 778 4806 872 4877; x_wconf 88' lang='lat' dir='ltr'><strong>qui</strong></span> <span class='ocrx_word' id='word_1_756' title='bbox 908 4807 1175 4861; x_wconf 80' lang='lat' dir='ltr'><strong>excitavit</strong></span> <span class='ocrx_word' id='word_1_757' title='bbox 1216 4809 1282 4863; x_wconf 84' lang='lat' dir='ltr'><strong>ad</strong></span> <span class='ocrx_word' id='word_1_758' title='bbox 1316 4810 1508 4875; x_wconf 87' lang='lat' dir='ltr'><strong>vitam,</strong></span> <span class='ocrx_word' id='word_1_759' title='bbox 1538 4810 1684 4880; x_wconf 91' lang='lat' dir='ltr'><strong>quod</strong></span> <span class='ocrx_word' id='word_1_760' title='bbox 1707 4808 2049 4878; x_wconf 91' lang='lat' dir='ltr'><strong>corruptioni</strong></span> <span class='ocrx_word' id='word_1_761' title='bbox 2078 4812 2269 4877; x_wconf 88' lang='lat' dir='ltr'><strong>cessit,</strong></span> 
     </span>
    </p>
   </div>
   <div class='ocr_carea' id='block_1_98' title="bbox 690 4898 2272 4970">
    <p class='ocr_par' dir='ltr' id='par_1_98' title="bbox 690 4898 2272 4970">
     <span class='ocr_line' id='line_1_98' title="bbox 690 4898 2272 4970; baseline 0.001 -17"><span class='ocrx_word' id='word_1_762' title='bbox 690 4909 747 4953; x_wconf 89' lang='lat' dir='ltr'><strong>et</strong></span> <span class='ocrx_word' id='word_1_763' title='bbox 778 4898 872 4968; x_wconf 87' lang='lat' dir='ltr'><strong>qui</strong></span> <span class='ocrx_word' id='word_1_764' title='bbox 908 4901 1321 4968; x_wconf 89' lang='lat' dir='ltr'><strong>corruptionem</strong></span> <span class='ocrx_word' id='word_1_765' title='bbox 1360 4911 1597 4965; x_wconf 80' lang='lat' dir='ltr'><strong>amovet,</strong></span> <span class='ocrx_word' id='word_1_766' title='bbox 1635 4900 1784 4970; x_wconf 91' lang='lat' dir='ltr'><strong>quod</strong></span> <span class='ocrx_word' id='word_1_767' title='bbox 1819 4911 1996 4954; x_wconf 90' lang='lat' dir='ltr'><strong>morte</strong></span> <span class='ocrx_word' id='word_1_768' title='bbox 2037 4916 2272 4970; x_wconf 90' lang='lat' dir='ltr'><strong>supera-</strong></span> 
     </span>
    </p>
   </div>
   <div class='ocr_carea' id='block_1_99' title="bbox 692 4992 2273 5062">
    <p class='ocr_par' dir='ltr' id='par_1_99' title="bbox 692 4992 2273 5062">
     <span class='ocr_line' id='line_1_99' title="bbox 692 4992 2273 5062; baseline 0.003 -19"><span class='ocrx_word' id='word_1_769' title='bbox 692 5000 808 5044; x_wconf 85' lang='lat' dir='ltr'><strong>tum</strong></span> <span class='ocrx_word' id='word_1_770' title='bbox 839 4999 944 5056; x_wconf 89' lang='lat' dir='ltr'><strong>est,</strong></span> <span class='ocrx_word' id='word_1_771' title='bbox 981 5000 1035 5045; x_wconf 92' lang='lat' dir='ltr'><strong>et</strong></span> <span class='ocrx_word' id='word_1_772' title='bbox 1060 4992 1157 5061; x_wconf 89' lang='lat' dir='ltr'><strong>qui</strong></span> <span class='ocrx_word' id='word_1_773' title='bbox 1194 5000 1373 5047; x_wconf 86' lang='lat' dir='ltr'><strong>morte</strong></span> <span class='ocrx_word' id='word_1_774' title='bbox 1406 4993 1663 5062; x_wconf 85' lang='lat' dir='ltr'><strong>superior</strong></span> <span class='ocrx_word' id='word_1_775' title='bbox 1692 4998 1794 5053; x_wconf 88' lang='lat' dir='ltr'><strong>est,</strong></span> <span class='ocrx_word' id='word_1_776' title='bbox 1825 4992 1977 5060; x_wconf 88' lang='lat' dir='ltr'><strong>quod</strong></span> <span class='ocrx_word' id='word_1_777' title='bbox 2017 4993 2273 5047; x_wconf 88' lang='lat' dir='ltr'><strong>orbatum</strong></span> 
     </span>
    </p>
   </div>
   <div class='ocr_carea' id='block_1_100' title="bbox 691 5083 2274 5155">
    <p class='ocr_par' dir='ltr' id='par_1_100' title="bbox 691 5083 2274 5155">
     <span class='ocr_line' id='line_1_100' title="bbox 691 5083 2274 5155; baseline 0 -16"><span class='ocrx_word' id='word_1_778' title='bbox 691 5093 777 5139; x_wconf 74' lang='lat' dir='ltr'><strong>est</strong></span> <span class='ocrx_word' id='word_1_779' title='bbox 802 5084 935 5146; x_wconf 86' lang='lat' dir='ltr'><strong>vita.</strong></span> <span class='ocrx_word' id='word_1_780' title='bbox 961 5093 1016 5140; x_wconf 91' lang='lat' dir='ltr'><strong>et</strong></span> <span class='ocrx_word' id='word_1_781' title='bbox 1047 5086 1138 5155; x_wconf 90' lang='lat' dir='ltr'><strong>qui</strong></span> <span class='ocrx_word' id='word_1_782' title='bbox 1167 5088 1335 5140; x_wconf 89' lang='lat' dir='ltr'><strong>vitam</strong></span> <span class='ocrx_word' id='word_1_783' title='bbox 1380 5086 1635 5155; x_wconf 75' lang='lat' dir='ltr'><strong>largitur.</strong></span> <span class='ocrx_word' id='word_1_784' title='bbox 1688 5083 1807 5138; x_wconf 85' lang='lat' dir='ltr'><strong>Non</strong></span> <span class='ocrx_word' id='word_1_785' title='bbox 1837 5091 2022 5138; x_wconf 89' lang='lat' dir='ltr'><strong>autem</strong></span> <span class='ocrx_word' id='word_1_786' title='bbox 2077 5084 2154 5138; x_wconf 89' lang='lat' dir='ltr'><strong>ait</strong></span> <span class='ocrx_word' id='word_1_787' title='bbox 2205 5086 2274 5139; x_wconf 88' lang='lat' dir='ltr'><strong>ad</strong></span> 
     </span>
    </p>
   </div>
   <div class='ocr_carea' id='block_1_101' title="bbox 695 5174 2273 5242">
    <p class='ocr_par' dir='ltr' id='par_1_101' title="bbox 695 5174 2273 5242">
     <span class='ocr_line' id='line_1_101' title="bbox 695 5174 2273 5242; baseline 0.001 -13"><span class='ocrx_word' id='word_1_788' title='bbox 695 5190 917 5230; x_wconf 85' lang='lat' dir='ltr'><strong>carnem</strong></span> <span class='ocrx_word' id='word_1_789' title='bbox 950 5174 1193 5231; x_wconf 85' lang='lat' dir='ltr'><strong>Verbum</strong></span> <span class='ocrx_word' id='word_1_790' title='bbox 1231 5177 1474 5239; x_wconf 86' lang='lat' dir='ltr'><strong>venisse,</strong></span> <span class='ocrx_word' id='word_1_791' title='bbox 1508 5175 1602 5229; x_wconf 91' lang='lat' dir='ltr'><strong>sed</strong></span> <span class='ocrx_word' id='word_1_792' title='bbox 1636 5190 1857 5230; x_wconf 88' lang='lat' dir='ltr'><strong>carnem</strong></span> <span class='ocrx_word' id='word_1_793' title='bbox 1894 5176 2099 5229; x_wconf 79' lang='lat' dir='ltr'><strong>factum</strong></span> <span class='ocrx_word' id='word_1_794' title='bbox 2129 5191 2273 5242; x_wconf 86' lang='lat' dir='ltr'><strong>esse,</strong></span> 
     </span>
    </p>
   </div>
   <div class='ocr_carea' id='block_1_102' title="bbox 2380 4614 3954 4687">
    <p class='ocr_par' dir='ltr' id='par_1_102' title="bbox 2380 4614 3954 4687">
     <span class='ocr_line' id='line_1_102' title="bbox 2380 4614 3954 4687; baseline -0.008 -8"><span class='ocrx_word' id='word_1_795' title='bbox 2380 4626 2503 4679; x_wconf 90' lang='grc' dir='ltr'>σθαι</span> <span class='ocrx_word' id='word_1_796' title='bbox 2534 4625 2624 4677; x_wconf 80' lang='grc' dir='ltr'>τὸν</span> <span class='ocrx_word' id='word_1_797' title='bbox 2647 4625 2739 4675; x_wconf 84' lang='grc' dir='ltr'><strong>τοῦ</strong></span> <span class='ocrx_word' id='word_1_798' title='bbox 2768 4620 2900 4674; x_wconf 78' lang='grc' dir='ltr'>Θεοῦ</span> <span class='ocrx_word' id='word_1_799' title='bbox 2926 4620 3094 4687; x_wconf 82' lang='grc' dir='ltr'>Λόγον</span> <span class='ocrx_word' id='word_1_800' title='bbox 3124 4620 3299 4670; x_wconf 72' lang='grc' dir='ltr'>εἰπεῖν</span> <span class='ocrx_word' id='word_1_801' title='bbox 3326 4634 3339 4647; x_wconf 91' lang='grc'><strong>·</strong></span> <span class='ocrx_word' id='word_1_802' title='bbox 3382 4618 3469 4671; x_wconf 73' lang='grc' dir='ltr'>ἵνα</span> <span class='ocrx_word' id='word_1_803' title='bbox 3497 4617 3674 4685; x_wconf 80' lang='grc' dir='ltr'>θεωρῇ</span> <span class='ocrx_word' id='word_1_804' title='bbox 3706 4631 3789 4677; x_wconf 87' lang='grc' dir='ltr'><strong>τις</strong></span> <span class='ocrx_word' id='word_1_805' title='bbox 3820 4614 3954 4683; x_wconf 81' lang='grc' dir='ltr'>ὁμοῦ</span> 
     </span>
    </p>
   </div>
   <div class='ocr_carea' id='block_1_103' title="bbox 2375 4708 3957 4787">
    <p class='ocr_par' dir='ltr' id='par_1_103' title="bbox 2375 4708 3957 4787">
     <span class='ocr_line' id='line_1_103' title="bbox 2375 4708 3957 4787; baseline -0.004 -17"><span class='ocrx_word' id='word_1_806' title='bbox 2375 4720 2439 4770; x_wconf 80' lang='grc' dir='ltr'>τὸ</span> <span class='ocrx_word' id='word_1_807' title='bbox 2500 4716 2721 4787; x_wconf 86' lang='grc' dir='ltr'>τραῦμα</span> <span class='ocrx_word' id='word_1_808' title='bbox 2784 4715 2877 4766; x_wconf 70' lang='grc' dir='ltr'>καὶ</span> <span class='ocrx_word' id='word_1_809' title='bbox 2914 4713 2975 4764; x_wconf 74' lang='grc' dir='ltr'><strong>τὸ</strong></span> <span class='ocrx_word' id='word_1_810' title='bbox 3024 4713 3345 4782; x_wconf 80' lang='grc' dir='ltr'>φάρμακον,</span> <span class='ocrx_word' id='word_1_811' title='bbox 3386 4710 3447 4763; x_wconf 74' lang='grc' dir='ltr'>τὸ</span> <span class='ocrx_word' id='word_1_812' title='bbox 3497 4709 3683 4763; x_wconf 87' lang='grc' dir='ltr'>νοσοῦν</span> <span class='ocrx_word' id='word_1_813' title='bbox 3730 4710 3823 4762; x_wconf 75' lang='grc' dir='ltr'>καὶ</span> <span class='ocrx_word' id='word_1_814' title='bbox 3865 4708 3957 4763; x_wconf 70' lang='grc' dir='ltr'>τὸν</span> 
     </span>
    </p>
   </div>
   <div class='ocr_carea' id='block_1_104' title="bbox 2382 4800 3958 4877">
    <p class='ocr_par' dir='ltr' id='par_1_104' title="bbox 2382 4800 3958 4877">
     <span class='ocr_line' id='line_1_104' title="bbox 2382 4800 3958 4877; baseline -0.004 -17"><span class='ocrx_word' id='word_1_815' title='bbox 2382 4807 2593 4877; x_wconf 77' lang='grc' dir='ltr'>ἰατρὸν,</span> <span class='ocrx_word' id='word_1_816' title='bbox 2631 4806 2690 4857; x_wconf 75' lang='grc' dir='ltr'><strong>τὸ</strong></span> <span class='ocrx_word' id='word_1_817' title='bbox 2724 4804 3044 4874; x_wconf 80' lang='grc' dir='ltr'>κεκλιμένον</span> <span class='ocrx_word' id='word_1_818' title='bbox 3075 4806 3154 4866; x_wconf 82' lang='grc' dir='ltr'>εἰς</span> <span class='ocrx_word' id='word_1_819' title='bbox 3204 4802 3434 4855; x_wconf 87' lang='grc' dir='ltr'>θάνατον</span> <span class='ocrx_word' id='word_1_820' title='bbox 3476 4801 3689 4854; x_wconf 75' lang='grc' dir='ltr'>καὶτὸν</span> <span class='ocrx_word' id='word_1_821' title='bbox 3714 4800 3958 4871; x_wconf 83' lang='grc' dir='ltr'>ἐγείραν-</span> 
     </span>
    </p>
   </div>
   <div class='ocr_carea' id='block_1_105' title="bbox 2376 4893 3953 4967">
    <p class='ocr_par' dir='ltr' id='par_1_105' title="bbox 2376 4893 3953 4967">
     <span class='ocr_line' id='line_1_105' title="bbox 2376 4893 3953 4967; baseline -0.004 -15"><span class='ocrx_word' id='word_1_822' title='bbox 2376 4917 2444 4952; x_wconf 90' lang='grc' dir='ltr'><strong>τα</strong></span> <span class='ocrx_word' id='word_1_823' title='bbox 2476 4897 2608 4967; x_wconf 79' lang='grc' dir='ltr'>πρὸς</span> <span class='ocrx_word' id='word_1_824' title='bbox 2656 4897 2818 4967; x_wconf 79' lang='grc' dir='ltr'>ζωὴν,</span> <span class='ocrx_word' id='word_1_825' title='bbox 2850 4896 2908 4948; x_wconf 76' lang='grc' dir='ltr'><strong>τὸ</strong></span> <span class='ocrx_word' id='word_1_826' title='bbox 2950 4896 3123 4967; x_wconf 76' lang='grc' dir='ltr'>φθορᾷ</span> <span class='ocrx_word' id='word_1_827' title='bbox 3154 4893 3508 4965; x_wconf 82' lang='grc' dir='ltr'>νενικημένον</span> <span class='ocrx_word' id='word_1_828' title='bbox 3540 4894 3634 4947; x_wconf 82' lang='grc' dir='ltr'>καὶ</span> <span class='ocrx_word' id='word_1_829' title='bbox 3670 4894 3747 4946; x_wconf 51' lang='grc' dir='ltr'><strong>τοι</strong></span> <span class='ocrx_word' id='word_1_830' title='bbox 3795 4895 3953 4947; x_wconf 74' lang='grc' dir='ltr'>ἐλαύ-</span> 
     </span>
    </p>
   </div>
   <div class='ocr_carea' id='block_1_106' title="bbox 2378 4983 3949 5059">
    <p class='ocr_par' dir='ltr' id='par_1_106' title="bbox 2378 4983 3949 5059">
     <span class='ocr_line' id='line_1_106' title="bbox 2378 4983 3949 5059; baseline -0.003 -16"><span class='ocrx_word' id='word_1_831' title='bbox 2378 5008 2536 5043; x_wconf 89' lang='grc' dir='ltr'>νοντα</span> <span class='ocrx_word' id='word_1_832' title='bbox 2562 4990 2659 5059; x_wconf 77' lang='grc' dir='ltr'>τὴν</span> <span class='ocrx_word' id='word_1_833' title='bbox 2701 4988 2904 5058; x_wconf 77' lang='grc' dir='ltr'>φθοράν</span> <span class='ocrx_word' id='word_1_834' title='bbox 2924 5028 2939 5051; x_wconf 90' lang='grc'><strong>,</strong></span> <span class='ocrx_word' id='word_1_835' title='bbox 2975 4988 3036 5041; x_wconf 85' lang='grc' dir='ltr'>τὸ</span> <span class='ocrx_word' id='word_1_836' title='bbox 3060 4988 3274 5053; x_wconf 81' lang='grc' dir='ltr'>θανάτῳ</span> <span class='ocrx_word' id='word_1_837' title='bbox 3314 4983 3585 5055; x_wconf 77' lang='grc' dir='ltr'>κρατηθὲν</span> <span class='ocrx_word' id='word_1_838' title='bbox 3617 4986 3708 5038; x_wconf 78' lang='grc' dir='ltr'>καὶ</span> <span class='ocrx_word' id='word_1_839' title='bbox 3736 4986 3830 5037; x_wconf 88' lang='grc' dir='ltr'><strong>τοῦ</strong></span> <span class='ocrx_word' id='word_1_840' title='bbox 3855 4986 3949 5039; x_wconf 83' lang='grc' dir='ltr'>θα-</span> 
     </span>
    </p>
   </div>
   <div class='ocr_carea' id='block_1_107' title="bbox 2379 5076 3955 5149">
    <p class='ocr_par' dir='ltr' id='par_1_107' title="bbox 2379 5076 3955 5149">
     <span class='ocr_line' id='line_1_107' title="bbox 2379 5076 3955 5149; baseline -0.003 -15"><span class='ocrx_word' id='word_1_841' title='bbox 2379 5082 2538 5134; x_wconf 88' lang='grc' dir='ltr'>νάτου</span> <span class='ocrx_word' id='word_1_842' title='bbox 2578 5081 2669 5133; x_wconf 78' lang='grc' dir='ltr'><strong>τὸν</strong></span> <span class='ocrx_word' id='word_1_843' title='bbox 2703 5080 3006 5149; x_wconf 84' lang='grc' dir='ltr'>κρείττονα,</span> <span class='ocrx_word' id='word_1_844' title='bbox 3036 5078 3127 5131; x_wconf 79' lang='grc' dir='ltr'>τὸν</span> <span class='ocrx_word' id='word_1_845' title='bbox 3167 5076 3313 5146; x_wconf 78' lang='grc' dir='ltr'>ζωῆς</span> <span class='ocrx_word' id='word_1_846' title='bbox 3342 5078 3705 5147; x_wconf 74' lang='grc' dir='ltr'>ἐστερημένον</span> <span class='ocrx_word' id='word_1_847' title='bbox 3749 5077 3955 5130; x_wconf 76' lang='grc' dir='ltr'>καὶτὸν</span> 
     </span>
    </p>
   </div>
   <div class='ocr_carea' id='block_1_108' title="bbox 2380 5166 3958 5244">
    <p class='ocr_par' dir='ltr' id='par_1_108' title="bbox 2380 5166 3958 5244">
     <span class='ocr_line' id='line_1_108' title="bbox 2380 5166 3958 5244; baseline -0.004 -20"><span class='ocrx_word' id='word_1_848' title='bbox 2380 5172 2612 5244; x_wconf 86' lang='grc' dir='ltr'>χορηγὸν</span> <span class='ocrx_word' id='word_1_849' title='bbox 2645 5171 2745 5240; x_wconf 80' lang='grc' dir='ltr'><strong>τῆς</strong></span> <span class='ocrx_word' id='word_1_850' title='bbox 2768 5170 2930 5240; x_wconf 81' lang='grc' dir='ltr'>ζωῆς.</span> <span class='ocrx_word' id='word_1_851' title='bbox 2983 5170 3096 5222; x_wconf 82' lang='grc' dir='ltr'><strong>Οὐκ</strong></span> <span class='ocrx_word' id='word_1_852' title='bbox 3146 5169 3224 5231; x_wconf 85' lang='grc' dir='ltr'><strong>είς</strong></span> <span class='ocrx_word' id='word_1_853' title='bbox 3261 5167 3438 5236; x_wconf 79' lang='grc' dir='ltr'>σάρκα</span> <span class='ocrx_word' id='word_1_854' title='bbox 3469 5167 3525 5220; x_wconf 82' lang='grc' dir='ltr'><strong>δὲ</strong></span> <span class='ocrx_word' id='word_1_855' title='bbox 3560 5168 3651 5220; x_wconf 80' lang='grc' dir='ltr'>τὸν</span> <span class='ocrx_word' id='word_1_856' title='bbox 3678 5166 3850 5234; x_wconf 82' lang='grc' dir='ltr'>Λόγον</span> <span class='ocrx_word' id='word_1_857' title='bbox 3875 5168 3958 5220; x_wconf 80' lang='grc' dir='ltr'>ἐλ-</span> 
     </span>
    </p>
   </div>
   <div class='ocr_carea' id='block_1_109' title="bbox 697 5266 2277 5335">
    <p class='ocr_par' dir='ltr' id='par_1_109' title="bbox 697 5266 2277 5335">
     <span class='ocr_line' id='line_1_109' title="bbox 697 5266 2277 5335; baseline 0.002 -16"><span class='ocrx_word' id='word_1_858' title='bbox 697 5279 765 5320; x_wconf 89' lang='lat' dir='ltr'><strong>ne</strong></span> <span class='ocrx_word' id='word_1_859' title='bbox 788 5266 1133 5333; x_wconf 86' lang='lat' dir='ltr'><strong>habitudine,</strong></span> <span class='ocrx_word' id='word_1_860' title='bbox 1159 5267 1307 5321; x_wconf 89' lang='lat' dir='ltr'><strong>sicut</strong></span> <span class='ocrx_word' id='word_1_861' title='bbox 1330 5268 1383 5319; x_wconf 92' lang='lat' dir='ltr'><strong>in</strong></span> <span class='ocrx_word' id='word_1_862' title='bbox 1415 5266 1734 5335; x_wconf 79' lang='lat' dir='ltr'><strong>pr0plietas,</strong></span> <span class='ocrx_word' id='word_1_863' title='bbox 1765 5276 1857 5319; x_wconf 88' lang='lat' dir='ltr'><strong>aut</strong></span> <span class='ocrx_word' id='word_1_864' title='bbox 1886 5278 2108 5321; x_wconf 85' lang='lat' dir='ltr'><strong>sanctos</strong></span> <span class='ocrx_word' id='word_1_865' title='bbox 2140 5267 2277 5322; x_wconf 90' lang='lat' dir='ltr'><strong>alios</strong></span> 
     </span>
    </p>
   </div>
   <div class='ocr_carea' id='block_1_110' title="bbox 697 5356 2279 5427">
    <p class='ocr_par' dir='ltr' id='par_1_110' title="bbox 697 5356 2279 5427">
     <span class='ocr_line' id='line_1_110' title="bbox 697 5356 2279 5427; baseline 0.001 -17"><span class='ocrx_word' id='word_1_866' title='bbox 697 5356 882 5425; x_wconf 86' lang='lat' dir='ltr'><strong>ipsum</strong></span> <span class='ocrx_word' id='word_1_867' title='bbox 912 5359 1129 5413; x_wconf 87' lang='lat' dir='ltr'><strong>venisse</strong></span> <span class='ocrx_word' id='word_1_868' title='bbox 1174 5358 1506 5427; x_wconf 89' lang='lat' dir='ltr'><strong>suspiceris,</strong></span> <span class='ocrx_word' id='word_1_869' title='bbox 1559 5358 1656 5412; x_wconf 91' lang='lat' dir='ltr'><strong>sed</strong></span> <span class='ocrx_word' id='word_1_870' title='bbox 1692 5374 1881 5412; x_wconf 89' lang='lat' dir='ltr'><strong>revera</strong></span> <span class='ocrx_word' id='word_1_871' title='bbox 1919 5374 2141 5411; x_wconf 82' lang='lat' dir='ltr'><strong>carnem</strong></span> <span class='ocrx_word' id='word_1_872' title='bbox 2197 5356 2279 5411; x_wconf 80' lang='lat' dir='ltr'><strong>fa-</strong></span> 
     </span>
    </p>
   </div>
   <div class='ocr_carea' id='block_1_111' title="bbox 697 5449 2282 5515">
    <p class='ocr_par' dir='ltr' id='par_1_111' title="bbox 697 5449 2282 5515">
     <span class='ocr_line' id='line_1_111' title="bbox 697 5449 2282 5515; baseline 0.002 -15"><span class='ocrx_word' id='word_1_873' title='bbox 697 5456 846 5501; x_wconf 91' lang='lat' dir='ltr'><strong>ctum</strong></span> <span class='ocrx_word' id='word_1_874' title='bbox 879 5464 1026 5515; x_wconf 89' lang='lat' dir='ltr'><strong>esse,</strong></span> <span class='ocrx_word' id='word_1_875' title='bbox 1060 5450 1117 5503; x_wconf 87' lang='lat' dir='ltr'><strong>id</strong></span> <span class='ocrx_word' id='word_1_876' title='bbox 1157 5457 1243 5504; x_wconf 85' lang='lat' dir='ltr'><strong>est</strong></span> <span class='ocrx_word' id='word_1_877' title='bbox 1268 5449 1547 5503; x_wconf 88' lang='lat' dir='ltr'><strong>hominem</strong></span> <span class='ocrx_word' id='word_1_878' title='bbox 1575 5468 1588 5504; x_wconf 92' lang='lat'>:</span> <span class='ocrx_word' id='word_1_879' title='bbox 1633 5449 1735 5504; x_wconf 87' lang='lat' dir='ltr'><strong>hoc</strong></span> <span class='ocrx_word' id='word_1_880' title='bbox 1765 5449 1908 5503; x_wconf 89' lang='lat' dir='ltr'><strong>enim</strong></span> <span class='ocrx_word' id='word_1_881' title='bbox 1945 5450 2107 5503; x_wconf 89' lang='lat' dir='ltr'><strong>modo</strong></span> <span class='ocrx_word' id='word_1_882' title='bbox 2138 5449 2282 5503; x_wconf 77' lang='lat' dir='ltr'><strong>dixi-</strong></span> 
     </span>
    </p>
   </div>
   <div class='ocr_carea' id='block_1_112' title="bbox 700 5537 2275 5604">
    <p class='ocr_par' dir='ltr' id='par_1_112' title="bbox 700 5537 2275 5604">
     <span class='ocr_line' id='line_1_112' title="bbox 700 5537 2275 5604; baseline 0.001 -14"><span class='ocrx_word' id='word_1_883' title='bbox 700 5550 845 5593; x_wconf 83' lang='lat' dir='ltr'><strong>mus.</strong></span> <span class='ocrx_word' id='word_1_884' title='bbox 888 5537 1163 5604; x_wconf 88' lang='lat' dir='ltr'><strong>Quocirca</strong></span> <span class='ocrx_word' id='word_1_885' title='bbox 1194 5540 1358 5594; x_wconf 88' lang='lat' dir='ltr'><strong>etiam</strong></span> <span class='ocrx_word' id='word_1_886' title='bbox 1399 5538 1543 5596; x_wconf 92' lang='lat' dir='ltr'><strong>Deus</strong></span> <span class='ocrx_word' id='word_1_887' title='bbox 1571 5549 1655 5596; x_wconf 90' lang='lat' dir='ltr'><strong>est</strong></span> <span class='ocrx_word' id='word_1_888' title='bbox 1680 5538 1982 5597; x_wconf 85' lang='lat' dir='ltr'><strong>secundum</strong></span> <span class='ocrx_word' id='word_1_889' title='bbox 2020 5547 2275 5594; x_wconf 90' lang='lat' dir='ltr'><strong>naturam</strong></span> 
     </span>
    </p>
   </div>
   <div class='ocr_carea' id='block_1_113' title="bbox 702 5631 2274 5704">
    <p class='ocr_par' dir='ltr' id='par_1_113' title="bbox 702 5631 2274 5704">
     <span class='ocr_line' id='line_1_113' title="bbox 702 5631 2274 5704; baseline 0.001 -21"><span class='ocrx_word' id='word_1_890' title='bbox 702 5631 758 5683; x_wconf 69' lang='lat' dir='ltr'><strong>in</strong></span> <span class='ocrx_word' id='word_1_891' title='bbox 789 5642 979 5697; x_wconf 86' lang='lat' dir='ltr'><strong>carne,</strong></span> <span class='ocrx_word' id='word_1_892' title='bbox 1003 5638 1058 5683; x_wconf 90' lang='lat' dir='ltr'><strong>et</strong></span> <span class='ocrx_word' id='word_1_893' title='bbox 1102 5644 1229 5684; x_wconf 91' lang='lat' dir='ltr'><strong>cum</strong></span> <span class='ocrx_word' id='word_1_894' title='bbox 1265 5644 1455 5699; x_wconf 87' lang='lat' dir='ltr'><strong>carne,</strong></span> <span class='ocrx_word' id='word_1_895' title='bbox 1483 5632 1683 5702; x_wconf 89' lang='lat' dir='ltr'><strong>quippe</strong></span> <span class='ocrx_word' id='word_1_896' title='bbox 1723 5632 1818 5703; x_wconf 84' lang='lat' dir='ltr'><strong>qui</strong></span> <span class='ocrx_word' id='word_1_897' title='bbox 1858 5633 2136 5704; x_wconf 80' lang='lat' dir='ltr'><strong>prOpriam</strong></span> <span class='ocrx_word' id='word_1_898' title='bbox 2170 5631 2274 5686; x_wconf 81' lang='lat' dir='ltr'><strong>sibi</strong></span> 
     </span>
    </p>
   </div>
   <div class='ocr_carea' id='block_1_114' title="bbox 2380 5258 3955 5334">
    <p class='ocr_par' dir='ltr' id='par_1_114' title="bbox 2380 5258 3955 5334">
     <span class='ocr_line' id='line_1_114' title="bbox 2380 5258 3955 5334; baseline -0.004 -17"><span class='ocrx_word' id='word_1_899' title='bbox 2380 5266 2511 5329; x_wconf 76' lang='grc' dir='ltr'>θεῖν,</span> <span class='ocrx_word' id='word_1_900' title='bbox 2537 5262 2671 5317; x_wconf 86' lang='grc' dir='ltr'>ἀλλὰ</span> <span class='ocrx_word' id='word_1_901' title='bbox 2699 5263 2874 5334; x_wconf 83' lang='grc' dir='ltr'>σάρκα</span> <span class='ocrx_word' id='word_1_902' title='bbox 2895 5261 3146 5330; x_wconf 80' lang='grc' dir='ltr'>γενέσθαι</span> <span class='ocrx_word' id='word_1_903' title='bbox 3179 5260 3365 5330; x_wconf 78' lang='grc' dir='ltr'>φησὶν,</span> <span class='ocrx_word' id='word_1_904' title='bbox 3396 5259 3483 5312; x_wconf 82' lang='grc' dir='ltr'>ἵνα</span> <span class='ocrx_word' id='word_1_905' title='bbox 3516 5260 3589 5329; x_wconf 84' lang='grc' dir='ltr'>μὴ</span> <span class='ocrx_word' id='word_1_906' title='bbox 3619 5258 3872 5329; x_wconf 84' lang='grc' dir='ltr'>καθάπερ</span> <span class='ocrx_word' id='word_1_907' title='bbox 3901 5260 3955 5311; x_wconf 70' lang='grc' dir='ltr'><strong>ἐν</strong></span> 
     </span>
    </p>
   </div>
   <div class='ocr_carea' id='block_1_115' title="bbox 2393 5351 3926 5426">
    <p class='ocr_par' dir='ltr' id='par_1_115' title="bbox 2393 5351 3926 5426">
     <span class='ocr_line' id='line_1_115' title="bbox 2393 5351 3926 5426; baseline -0.002 -19"><span class='ocrx_word' id='word_1_908' title='bbox 2393 5356 2692 5426; x_wconf 70' lang='grc' dir='ltr'>προφήταις</span> <span class='ocrx_word' id='word_1_909' title='bbox 2722 5354 2901 5424; x_wconf 84' lang='grc' dir='ltr'>τυχὸν,</span> <span class='ocrx_word' id='word_1_910' title='bbox 2927 5352 2958 5422; x_wconf 80' lang='grc' dir='ltr'>ἢ</span> <span class='ocrx_word' id='word_1_911' title='bbox 2983 5352 3074 5405; x_wconf 66' lang='grc' dir='ltr'><strong>καλ⁵</strong></span> <span class='ocrx_word' id='word_1_912' title='bbox 3092 5352 3298 5422; x_wconf 79' lang='grc' dir='ltr'>ἑτέροις</span> <span class='ocrx_word' id='word_1_913' title='bbox 3325 5351 3433 5403; x_wconf 83' lang='grc' dir='ltr'>τῶν</span> <span class='ocrx_word' id='word_1_914' title='bbox 3458 5352 3630 5419; x_wconf 84' lang='grc' dir='ltr'>ἀγίων</span> <span class='ocrx_word' id='word_1_915' title='bbox 3663 5352 3803 5403; x_wconf 77' lang='grc' dir='ltr'>τισὶν</span> <span class='ocrx_word' id='word_1_916' title='bbox 3838 5353 3926 5404; x_wconf 71' lang='grc' dir='ltr'><strong>ἐπι</strong></span> 
     </span>
    </p>
   </div>
   <div class='ocr_carea' id='block_1_116' title="bbox 2389 5442 3956 5525">
    <p class='ocr_par' dir='ltr' id='par_1_116' title="bbox 2389 5442 3956 5525">
     <span class='ocr_line' id='line_1_116' title="bbox 2389 5442 3956 5525; baseline -0.002 -25"><span class='ocrx_word' id='word_1_917' title='bbox 2389 5448 2636 5518; x_wconf 78' lang='grc' dir='ltr'>φοιτῆσαι</span> <span class='ocrx_word' id='word_1_918' title='bbox 2662 5445 2925 5517; x_wconf 87' lang='grc' dir='ltr'>σχετικῶς</span> <span class='ocrx_word' id='word_1_919' title='bbox 2952 5442 3227 5514; x_wconf 76' lang='grc' dir='ltr'>ὑπολάϐῃς</span> <span class='ocrx_word' id='word_1_920' title='bbox 3256 5444 3417 5496; x_wconf 82' lang='grc' dir='ltr'>αὑτὸν</span> <span class='ocrx_word' id='word_1_921' title='bbox 3438 5485 3450 5508; x_wconf 85' lang='grc'><strong>,</strong></span> <span class='ocrx_word' id='word_1_922' title='bbox 3507 5443 3621 5497; x_wconf 82' lang='grc' dir='ltr'>ἀλλ’</span> <span class='ocrx_word' id='word_1_923' title='bbox 3666 5443 3796 5496; x_wconf 77' lang='grc' dir='ltr'>αὐτὸ</span> <span class='ocrx_word' id='word_1_924' title='bbox 3818 5445 3956 5525; x_wconf 82' lang='grc' dir='ltr'><strong>κατά</strong></span> 
     </span>
    </p>
   </div>
   <div class='ocr_carea' id='block_1_117' title="bbox 2386 5530 3950 5610">
    <p class='ocr_par' dir='ltr' id='par_1_117' title="bbox 2386 5530 3950 5610">
     <span class='ocr_line' id='line_1_117' title="bbox 2386 5530 3950 5610; baseline -0.006 -19"><span class='ocrx_word' id='word_1_925' title='bbox 2386 5540 2642 5610; x_wconf 86' lang='grc' dir='ltr'>ἀλήθειαν</span> <span class='ocrx_word' id='word_1_926' title='bbox 2693 5536 2945 5605; x_wconf 86' lang='grc' dir='ltr'>γενέσθαι</span> <span class='ocrx_word' id='word_1_927' title='bbox 2984 5535 3190 5605; x_wconf 86' lang='grc' dir='ltr'>σάρκα,</span> <span class='ocrx_word' id='word_1_928' title='bbox 3227 5534 3372 5587; x_wconf 82' lang='grc' dir='ltr'>τοῦτ’</span> <span class='ocrx_word' id='word_1_929' title='bbox 3402 5534 3580 5601; x_wconf 80' lang='grc' dir='ltr'>ἐστιν,</span> <span class='ocrx_word' id='word_1_930' title='bbox 3634 5530 3950 5602; x_wconf 74' lang='grc' dir='ltr'>ἀνθρωπονο</span> 
     </span>
    </p>
   </div>
   <div class='ocr_carea' id='block_1_118' title="bbox 2386 5623 3954 5698">
    <p class='ocr_par' dir='ltr' id='par_1_118' title="bbox 2386 5623 3954 5698">
     <span class='ocr_line' id='line_1_118' title="bbox 2386 5623 3954 5698; baseline -0.002 -20"><span class='ocrx_word' id='word_1_931' title='bbox 2386 5629 2542 5681; x_wconf 61' lang='grc' dir='ltr'>ταῦτα)</span> <span class='ocrx_word' id='word_1_932' title='bbox 2563 5626 2669 5698; x_wconf 81' lang='grc' dir='ltr'><strong>γὰρ</strong></span> <span class='ocrx_word' id='word_1_933' title='bbox 2690 5626 2893 5693; x_wconf 82' lang='grc' dir='ltr'>ἀρτίως</span> <span class='ocrx_word' id='word_1_934' title='bbox 2928 5624 3184 5694; x_wconf 79' lang='grc' dir='ltr'>ἐλέγομεν</span> <span class='ocrx_word' id='word_1_935' title='bbox 3210 5640 3223 5656; x_wconf 77' lang='grc'><em>’</em></span> <span class='ocrx_word' id='word_1_936' title='bbox 3260 5624 3346 5677; x_wconf 83' lang='grc' dir='ltr'>διὰ</span> <span class='ocrx_word' id='word_1_937' title='bbox 3374 5623 3529 5677; x_wconf 85' lang='grc' dir='ltr'>τοῦτο</span> <span class='ocrx_word' id='word_1_938' title='bbox 3561 5624 3654 5677; x_wconf 74' lang='grc' dir='ltr'>καὶ</span> <span class='ocrx_word' id='word_1_939' title='bbox 3687 5623 3816 5686; x_wconf 75' lang='grc' dir='ltr'>θεός</span> <span class='ocrx_word' id='word_1_940' title='bbox 3844 5623 3954 5677; x_wconf 76' lang='grc' dir='ltr'>ἐστι</span> 
     </span>
    </p>
   </div>
   <div class='ocr_carea' id='block_1_119' title="bbox 780 5801 2259 5875">
    <p class='ocr_par' dir='ltr' id='par_1_119' title="bbox 780 5801 2214 5875">
     <span class='ocr_line' id='line_1_119' title="bbox 780 5801 2214 5875; baseline 0.004 -17"><span class='ocrx_word' id='word_1_941' title='bbox 780 5809 827 5838; x_wconf 66' lang='grc' dir='ltr'><strong>θ’</strong></span> <span class='ocrx_word' id='word_1_942' title='bbox 855 5801 971 5859; x_wconf 82' lang='lat' dir='ltr'><strong>Joel</strong></span> <span class='ocrx_word' id='word_1_943' title='bbox 1013 5819 1077 5874; x_wconf 81' lang='lat' dir='ltr'><strong>tt,</strong></span> <span class='ocrx_word' id='word_1_944' title='bbox 1111 5806 1204 5861; x_wconf 77' lang='lat'><strong>‘28.</strong></span> <span class='ocrx_word' id='word_1_945' title='bbox 1281 5808 1327 5841; x_wconf 69' lang='lat'>“</span> <span class='ocrx_word' id='word_1_946' title='bbox 1352 5807 1483 5866; x_wconf 75' lang='lat' dir='ltr'><strong>Gen.</strong></span> <span class='ocrx_word' id='word_1_947' title='bbox 1527 5826 1585 5875; x_wconf 85' lang='grc' dir='ltr'><strong>ιι,</strong></span> <span class='ocrx_word' id='word_1_948' title='bbox 1623 5811 1675 5867; x_wconf 75' lang='lat' dir='ltr'><strong>‘l.</strong></span> <span class='ocrx_word' id='word_1_949' title='bbox 1753 5811 1797 5848; x_wconf 72' lang='lat'><strong>&quot;</strong></span> <span class='ocrx_word' id='word_1_950' title='bbox 1838 5810 1969 5866; x_wconf 75' lang='lat' dir='ltr'><strong>Gen.</strong></span> <span class='ocrx_word' id='word_1_951' title='bbox 2008 5825 2090 5875; x_wconf 85' lang='grc' dir='ltr'>ιιι,</span> <span class='ocrx_word' id='word_1_952' title='bbox 2133 5815 2214 5864; x_wconf 66' lang='lat' dir='ltr'><strong>lli.</strong></span> 
     </span>
    </p>
   </div>
   <div class='ocr_carea' id='block_1_120' title="bbox 2362 5801 2753 5875">
    <p class='ocr_par' dir='ltr' id='par_1_120' title="bbox 2366 5805 2753 5867">
     <span class='ocr_line' id='line_1_120' title="bbox 2366 5805 2753 5867; baseline -0.003 -6"><span class='ocrx_word' id='word_1_953' title='bbox 2366 5807 2519 5861; x_wconf 66' lang='lat' dir='ltr'><strong>Jmn.</strong></span> <span class='ocrx_word' id='word_1_954' title='bbox 2560 5821 2667 5867; x_wconf 77' lang='lat' dir='ltr'><strong>xlv,</strong></span> <span class='ocrx_word' id='word_1_955' title='bbox 2701 5805 2753 5860; x_wconf 85' lang='lat'><strong>6.</strong></span> 
     </span>
    </p>
   </div>
  </div>
