4118 6570
663 387 770 445 165

1660 384 1718 439 S.
1748 384 2025 441 CVRILLI
2064 383 2540 442 ALEXANDRINI
2579 387 2899 445 ARCHIEP.

3837 387 3952 442 16$

663 504 835 561 Filius
868 514 951 560 est
1014 518 1077 559 ac
1126 503 1303 558 Deus:
1345 503 1580 573 ideoque
1614 504 1668 558 in
1716 506 1835 575 cjus
1883 504 2092 575 Spiritu
2123 503 2237 559 cla-

2354 505 2475 574 ξμίν
2516 506 2544 558 ὁ
2585 506 2725 559 κατὰ
2767 504 2928 573 φύσιν
2971 502 3095 565 Υἱὸς
3128 502 3220 555 καὶ
3246 500 3417 564 Θεὸςσ
3473 500 3553 553 διδ
3596 501 3690 553 καὶ
3741 501 3809 552 ὲν
3864 501 3953 568 τῷ

664 612 882 651 mamus
908 617 921 651 :
965 596 1148 650 «Abba
1177 596 1332 650 Pater
1350 595 1416 649 ⁸³.
1434 615 1452 648 ι
1477 595 1697 651 llabitat
1714 605 1894 652 autem
1914 596 2154 653 Verbum
2183 598 2241 651 in

665 688 944 752 omnibus,
990 688 1043 741 in
1074 703 1180 741 uno
1210 688 1413 757 templo
1447 688 1657 744 scilicet
1692 694 1837 759 quod
1877 703 2101 761 propter
2139 707 2241 747 nos

664 786 719 831 et
747 794 812 833 ex
842 778 996 832 nobis
1026 780 1350 848 assumpsit,
1392 788 1449 831 ut
1481 795 1673 836 mnnes
1708 781 1762 834 in
1791 782 1975 851 seipse
2005 783 2235 845 habens,

664 879 858 920 omnes
894 869 948 919 in
982 882 1090 920 uno
1114 882 1370 937 corpore,
1407 869 1573 923 sicuti
1617 868 1821 926 Paulus
1849 871 2014 935 ait“,
2046 886 2241 926 recon-

665 957 883 1011 ciliaret
910 958 1083 1014 Patri.

738 1048 773 1111 Ι,
820 1050 905 1103 14.
932 1049 1000 1102 Et
1020 1052 1250 1105 vidimus
1272 1051 1499 1122 gloriam
1526 1053 1639 1121 eius
1671 1054 1897 1124 gloriam
1924 1056 2077 1125 quasi
2109 1052 2242 1108 Uni-

665 1141 827 1209 gcnili
862 1160 892 1194 η
916 1141 1108 1209 Patre,
1140 1143 1353 1212 plenum
1391 1146 1578 1215 gratia:
1605 1155 1652 1198 et
1680 1146 1938 1199 veritatis.

740 1325 874 1376 Cum
908 1322 1145 1379 Verbum
1177 1338 1398 1378 carnem
1454 1325 1654 1379 factum
1698 1339 1823 1379 esse
1861 1324 2085 1391 dixerit,
2141 1324 2244 1380 hoc

668 1423 752 1470 est
784 1416 1100 1483 hominem,
1130 1426 1185 1471 et
1224 1416 1448 1472 fratrem
1499 1431 1782 1472 servorum
1820 1426 1983 1488 atque
2018 1426 2243 1473 creatu-

669 1521 892 1570 rarum,
948 1507 1213 1576 integram
1267 1516 1447 1561 tamen
1507 1510 1557 1563 ei
1612 1524 1831 1579 quoque
1887 1519 2072 1565 servat
2142 1511 2245 1565 hoc

670 1609 829 1667 pacto
860 1597 1099 1651 divinam
1132 1599 1489 1668 dignitatem,
1525 1607 1579 1654 et
1614 1602 1836 1669 plenum
1885 1618 2010 1659 esse
2062 1603 2245 1660 Patris

669 1689 1008 1757 proprietate
1058 1706 1252 1744 rursus
1293 1692 1558 1747 ostendit.
1595 1693 1802 1749 Natura
1834 1696 2035 1766 quippe
2060 1696 2245 1751 divina

669 1774 722 1828 in
743 1778 922 1845 sisipsa
954 1776 1109 1831 ﬁrma
1132 1788 1186 1833 et
1204 1780 1419 1836 stabilis
1446 1790 1551 1847 est,
1581 1797 1685 1837 nec
1712 1785 2073 1840 mutationem
2096 1786 2246 1856 capit

669 1867 724 1921 2n
748 1868 893 1922 aliud
919 1908 933 1932 ,
976 1869 1071 1924 sed
1106 1871 1298 1926 eodem
1336 1886 1394 1927 se
1424 1846 1589 1928 modo
1620 1890 1835 1947 semper
1875 1877 2070 1941 habet,
2105 1846 2244 1933 et'in
2276 1846 2320 1902 Β

670 1960 787 2013 suis
830 1959 1047 2016 'lotibus
1095 1972 1415 2018 constanter
1462 1977 1663 2021 manet.
1698 1967 1885 2038 Itaque
1924 1970 2050 2024 licet
2080 1986 2248 2026 evan-

670 2052 864 2122 gelista
896 2050 1131 2108 Verbum
1164 2070 1386 2111 carnem
1421 2056 1623 2112 factum
1656 2076 1779 2116 esse
1814 2062 1984 2127 dicat,
2022 2077 2129 2116 non
2160 2074 2247 2117 ta-

673 2158 796 2198 men
828 2144 1005 2214 ipsum
1038 2147 1224 2201 carnis
1250 2147 1665 2206 inﬁrmitatibus
1698 2152 2058 2209 succubuisse
2098 2168 2251 2208 asse-

672 2237 766 2303 rit,
791 2254 890 2293 nec
923 2238 1151 2309 pristina
1186 2241 1274 2294 illa
1303 2257 1403 2295 sua
1439 2245 1641 2298 virtute
1673 2252 1726 2299 et
1755 2245 1928 2312 gloria
1950 2246 2247 2312 excidisse,

672 2344 740 2384 eo
788 2331 933 2400 quod
979 2332 1256 2386 inﬁrmmn
1312 2345 1563 2389 nostrum
1600 2346 1655 2390 et
1704 2337 1997 2407 inglorium
2046 2354 2250 2409 corpus

672 2423 868 2479 induit.
908 2423 1158 2481 Vidimus
1199 2430 1342 2480 enim
1390 2429 1620 2497 gloriam
1657 2429 1815 2496 ejus,
1851 2431 2055 2499 inquit,
2099 2433 2247 2485 omni

675 2515 847 2584 gloria
904 2516 1315 2578 sublimiorem,
1362 2527 1414 2571 et
1466 2520 1684 2588 qualem
1720 2521 1914 2577 decere
1956 2523 2151 2577 Filium
2184 2540 2251 2578 ex

675 2602 786 2659 Deo
823 2603 983 2660 Patre
1016 2607 1355 2676 unigenitum
1404 2625 1562 2664 nemo
1596 2626 1706 2665 non
1757 2612 2014 2668 fateatur.
2052 2614 2250 2669 Plenus

672 2695 819 2750 enim
844 2701 1150 2767 eratgratia
1175 2706 1228 2753 et
1254 2700 1500 2755 veritate.
1530 2699 1585 2753 Si
1612 2700 1739 2771 quis
1757 2702 1902 2757 enim
1928 2712 2249 2758 sanctorum

672 2786 901 2841 chorum
936 2790 1364 2858 contempletur,
1390 2797 1445 2845 et
1479 2791 1921 2863 uniuscujusque
1952 2810 2040 2849 res
2069 2804 2252 2865 gestas

674 2881 976 2951 perpendat
998 2919 1011 2943 ,
1053 2882 1345 2935 mirabitur
1379 2884 1592 2954 utique,
1623 2892 1676 2939 et
1712 2885 1929 2939 illorum
1958 2886 2252 2941 virtutibus

674 2971 1064 3035 oblectabitur,
1100 2988 1309 3043 eosque
1360 2975 1534 3045 gloria
1573 2978 1808 3045 repletos
1849 2993 1878 3031 a
1925 2979 2035 3032 Deo
2080 2978 2253 3034 fuisse

677 3062 957 3118 fatebitur.
986 3063 1260 3134 Unigeniti
1293 3082 1422 3121 vero
1456 3068 1689 3137 gloriam
1716 3080 1769 3122 ct
1798 3069 2031 3138 gratiam
2054 3108 2069 3132 ,
2101 3072 2253 3125 nullo

2343 593 2621 664 Ιινεύματι
2652 593 2817 646 αὑτοῦ
2837 594 3133 663 κράζομεν·
3164 614 3182 642 ς
3206 591 3375 642 Ἀὄὸᾶ
3394 591 3421 642 6
3444 591 3632 659 Πατήρ
3661 604 3674 618 ο
3692 609 3709 638 ι
3735 592 3954 658 σκηνοί

2342 684 2397 738 δὲ
2428 686 2456 737 6
2481 685 2649 753 Λόγος
2679 686 2737 737 ἐν
2763 687 2948 747 πᾶσιν,
2979 686 3037 737 ἑν
3064 684 3143 736 ἑνί
3164 683 3245 754 τῷ
3280 684 3348 738 δι’
3380 686 3529 755 ἡμᾶς
3554 687 3648 738 καὶ
3675 684 3735 749 ἑξ
3763 685 3945 755 ἡμῶν

2342 775 2598 846 ληφθέντι
2625 776 2758 846 ναῷ,
2790 777 2876 830 ἵνα
2896 777 3104 840 πάντας
3135 777 3273 847 ἔχων
3306 778 3363 830 ἑν
3392 776 3591 845 ἑαυτῷ.
3617 776 3951 829 ἀποκαταλο

2343 866 2479 938 λάξῃ
2513 867 2721 930 πάντας
2750 868 2807 920 ὲν
2830 869 2911 921 ἑνὶ
2941 868 3156 939 σώματι
3195 868 3332 941 πρὸς
3359 868 3449 921 τὸν
3476 868 3721 939 Πατέρα,
3754 866 3949 920 καθά-

2344 977 2449 1029 περ
2483 960 2511 1011 6
2551 959 2766 1022 Παῦλός
2792 977 2945 1029 φησι.

2413 1050 2527 1104 Καὶ
2568 1050 2939 1121 ἐθεασάμεθα
2970 1049 3083 1119 τὴν
3126 1050 3315 1115 δόξαν
3354 1050 3538 1106 αὐτοῦ
3562 1090 3577 1115 ,
3625 1051 3828 1111 δόξαν
3857 1050 3945 1114 ὡς

2344 1143 2724 1213 Μονογενοῢς
2762 1144 2921 1213 παρὰ
2962 1143 3213 1213 Πατρός,
3262 1143 3499 1212 πλήρης
3542 1141 3790 1212 χάριτος
3837 1141 3942 1195 καὶ

2343 1232 2654 1301 ἀληθείας.

2418 1325 2608 1396 Σάρκα
2640 1328 2965 1397 γεγενῆσθαι
3003 1325 3095 1380 τον
3125 1326 3297 1394 Λόγον
3346 1324 3535 1389 εἰπὼν,
3569 1325 3713 1379 τοῦτ’
3755 1326 3939 1385 ἔστιν,

2346 1413 2668 1486 ἄνθρωπον,
2728 1419 2821 1471 καὶ
2876 1420 2955 1481 εἰς
3008 1414 3347 1484 ἀδελφότητα
3429 1415 3760 1484 καταγαγὼν
3837 1416 3941 1485 τὴν

2347 1508 2484 1577 πρὸς
2512 1508 2579 1561 τὰ
2608 1508 2770 1563 δούλα
2819 1511 2913 1563 καὶ
2966 1509 3279 1580 ποιήματα,
3327 1506 3585 1576 φυλάττει
3619 1507 3715 1560 καὶ
3755 1506 3944 1568 οὕτως

2346 1600 2603 1670 ἀκέραιον
2634 1600 2783 1671 αύτῷ
2822 1600 2884 1654 τὸ
2913 1601 3214 1671 θεοπρεπὲς
3245 1599 3480 1670 ἀξίωμα,
3515 1600 3611 1651 καὶ
3644 1602 3745 1669 τῆς
3780 1598 3945 1651 ἑνού-

2349 1707 2450 1761 σης
2481 1690 2628 1761 αὐτῷ
2657 1692 2930 1763 πατρικῆς
2979 1692 3236 1761 ἰδιότητος
3282 1690 3549 1744 ἀνάπλεον
3585 1690 3714 1743 ὄντα
3766 1690 3943 1742 πάλιν

2346 1779 2841 1852 δεικνύει.ΙΙέπηγε
2870 1782 2979 1853 γὰρ
3006 1782 3172 1845 ὅντως
3207 1782 3239 1852 ἡ
3277 1781 3397 1834 θεία
3430 1779 3591 1849 φύσις
3619 1781 3703 1849 ἐφ’
3735 1782 3940 1850 ἑαυτῇ,

2348 1872 2446 1943 τὴν
2476 1873 2561 1942 ἐφ’
2591 1873 2776 1944 ἑτεῴν
2799 1892 2852 1927 τι
2878 1873 3239 1945 παρατροπὴν
3260 1873 3360 1925 οὐκ
3383 1872 3684 1942 ἀνεχομένη
3711 1872 3939 1932 παθεῖν,

2348 1959 2549 2031 ἔχουσα
2576 1960 2635 2015 δὲ
2665 1962 2868 2033 μᾶλλον
2894 1962 3155 2025 ὡσαύτως
3196 1962 3319 2026 ἀεὶ,
3373 1962 3466 2014 καὶ
3512 1964 3570 2013 ὲν
3616 1964 3731 2025 τοῖς
3782 1961 3942 2021 ἰδίοις

2350 2051 2562 2105 ἑστῶσα
2586 2052 3077 2123 πλεονεκτήμασιν.
3112 2050 3321 2106 Οὐκοῦν
3352 2053 3401 2105 εί
3448 2052 3544 2105 καὶ
3577 2052 3760 2123 σάρκα
3797 2053 3942 2122 φησι

2348 2145 2678 2215 γεγενῆσθαι
2704 2146 2799 2199 τὸν
2824 2146 2997 2214 Λόγον
3027 2145 3056 2197 6
3084 2146 3508 2217 εὐαγγελιστὴς,
3559 2146 3673 2199 ἀλλ’
3701 2147 3765 2199 οὐ
3811 2148 3944 2209 ταῖς

2348 2233 2450 2303 τῆς
2498 2236 2702 2303 σαρκὸς
2740 2234 3045 2298 ἀσθενείαις
3082 2235 3245 2288 αὐτὸν
3296 2236 3613 2307 νενικῆσθαι
3660 2236 3943 2305 διισχυρί-

2352 2326 2537 2390 ζεται,
2584 2327 2705 2380 οὐδὲ
2752 2327 2849 2398 τῆς
2889 2328 3256 2399 ἀρχαιοτάτης
3301 2328 3481 2399 ἰσχύος
3532 2345 3591 2381 τε
3634 2330 3728 2380 καὶ
3772 2328 3944 2397 δόξης

2351 2422 2648 2473 ἀποπεσεῖν
2670 2460 2683 2483 ,
2718 2420 3016 2493 ἐπειδήπερ
3047 2422 3109 2474 τὸ
3151 2421 3374 2485 ἀσθενὲς
3401 2422 3562 2492 ἡμῶν
3607 2421 3701 2474 καὶ
3743 2422 3940 2486 ἀδοξό-

2352 2528 2512 2563 τατον
2568 2511 2924 2581 περιεϐάλετο
2972 2511 3149 2582 σῶμα.
3199 2512 3427 2583 Εῐδομεν
3474 2513 3582 2583 γὰρ
3626 2513 3795 2565 αὑτοῦ
3836 2513 3945 2585 τὴν

2352 2601 2533 2667 δόξαν,
2567 2604 2701 2673 φησὶ
2729 2643 2743 2664 ,
2776 2602 2932 2674 παρά
2984 2602 3083 2674 τὴν
3126 2605 3231 2657 τῶν
3268 2603 3441 2657 ἄλλων
3484 2603 3795 2675 ἐξαίρετον,
3842 2608 3945 2659 καὶ

2352 2695 2545 2747 ὁποίαν
2572 2696 2635 2748 ἄν
2658 2712 2739 2757 τις
2766 2695 3083 2765 ὡμολόγησε
3102 2696 3331 2767 πρέπειν
3356 2696 3434 2766 τῷ
3462 2697 3527 2749 ἑκ
3555 2696 3689 2749 Θεοῦ
3717 2697 3946 2769 lla-:96;

2358 2787 2469 2857 Υίῷ
2540 2787 2856 2855 Μονογενεῖ.
2919 2786 3141 2859 Πλήρης
3192 2789 3302 2859 γὰρ
3350 2782 3418 2858 ἦν
3469 2789 3690 2858 χάριτός
3716 2805 3779 2841 τε
3842 2792 3943 2842 καί

2352 2878 2628 2948 ἀληθείας.
2676 2877 2920 2950 ’Δφορῶν
2962 2879 3060 2948 μὲν
3103 2879 3210 2950 γάρ
3252 2896 3336 2943 τις
3370 2881 3450 2942 είς
3492 2880 3583 2932 τὸν
3616 2879 3725 2932 τῶν
3761 2881 3943 2947 ἁγίων

2353 2970 2548 3041 χορὸν,
2600 2972 2695 3023 καὶ
2743 2970 2812 3023 τά
2854 2970 2921 3023 δι’
2953 2971 3183 3023 ἑκάστου
3226 2970 3572 3041 γεγενημένα
3611 2971 3944 3039 παραδόξως

2354 3061 2849 3131 ἀναμετρούμενος,
2883 3061 3151 3131 θαυμάσει
3202 3063 3299 3132 μὲν
3337 3062 3477 3114 κατά
3526 3063 3585 3115 τὸ
3632 3064 3807 3124 εἰκὸς,
3842 3066 3942 3116 καὶ

678 3154 842 3208 modo
888 3169 1013 3208 cum
1063 3164 1388 3209 caaterorum
1428 3159 1601 3227 gloria
1645 3161 2077 3228 comparandam
2132 3176 2251 3215 esse

2359 3157 2467 3216 τοῖς
2496 3155 2710 3223 ἑκάστῳ
2748 3154 3043 3223 προσοῢσιν
3094 3153 3314 3222 ἀγαθοῖς
3348 3155 3734 3224 ἑφησθήσεται,
3778 3155 3944 3225 δόξης

678 3245 915 3314 theologi
951 3245 1147 3299 docent
1180 3261 1242 3300 ac
1275 3248 1414 3301 sacri
1455 3255 1644 3308 testes,
1681 3247 1776 3303 sed
1810 3250 1972 3319 longe
2001 3250 2248 3304 eminen-

679 3336 867 3390 tiorem
905 3352 969 3391 ac
1020 3337 1494 3405 praestantiorem,
1559 3348 1617 3391 ut
1663 3339 1757 3409 qui
1811 3355 1917 3393 non
1972 3340 2249 3395 deﬁnitam

676 3427 875 3483 habeat
912 3430 1099 3499 gratiae
1124 3444 1436 3484 mensuram
1468 3430 1625 3501 quasi
1656 3432 1724 3486 ab
1742 3432 1915 3486 altero
1940 3444 2251 3503 acceptam,

678 3521 772 3575 sed
807 3530 1068 3590 tanquam
1102 3522 1155 3575 in
1198 3521 1444 3591 perfecto
1477 3521 1775 3591 perfectam
1799 3564 1812 3586 ,
1845 3539 1909 3579 ac
1943 3539 2127 3579 veram
2148 3566 2162 3589 ,
2199 3525 2251 3577 id

676 3619 794 3671 est.
828 3628 934 3665 non
966 3611 1259 3667 aseititiam
1283 3654 1299 3678 ,
1334 3626 1435 3665 nec
1480 3612 1702 3667 aliunde
1732 3614 1888 3683 quasi
1918 3614 2252 3669 accessionis

680 3704 801 3758 loco
836 3705 1236 3773 suppeditatam
1260 3743 1275 3767 ,
1313 3703 1409 3758 sed
1443 3704 1882 3760 substantialiter
1924 3706 2253 3760 inexsisten-

678 3802 817 3859 tem,
854 3804 905 3849 et
952 3793 1187 3849 fructum
1215 3795 1327 3865 98
1370 3807 1611 3863 paternae
1640 3798 1995 3866 preprietatis
2030 3805 2254 3853 natura-

679 3888 804 3942 liter
837 3891 1225 3944 trausmissum
1272 3890 1326 3943 in
1370 3888 1591 3945 Filium.
1636 3889 1792 3955 Quod
1851 3890 2015 3946 sicui
2074 3892 2253 3960 placet

679 3978 991 4031 accuratius
1022 3977 1077 4031 id
1108 3978 1253 4047 quod
1274 3980 1480 4032 dictum
1516 3986 1604 4033 est
1633 3979 1971 4043 examinare,
2000 3980 2251 4034 conside-

679 4078 761 4122 ret
794 4069 936 4137 apud
988 4084 1070 4130 se,
1104 4070 1234 4138 quid
1296 4072 1471 4125 sancti
1531 4072 1667 4141 ipsi,
1717 4083 1771 4127 et
1807 4072 1939 4143 quid
2002 4070 2253 4126 Salvator

679 4168 869 4213 noster
895 4157 1152 4215 Christus
1183 4161 1513 4216 mirabiliter
1555 4173 1878 4231 patrarunt,
1927 4172 2253 4234 tantumque

679 4250 887 4304 distare
940 4252 1262 4320 comperiet,
1296 4262 1559 4321 quantum
1613 4262 1771 4307 antea
1814 4254 2073 4309 diximus.
2111 4255 2250 4321 Quid

679 4340 827 4409 quod
858 4341 932 4395 illi
965 4343 1189 4411 quidem
1217 4351 1275 4397 ut
1308 4344 1442 4397 meri
1499 4343 1688 4399 famuli
1742 4345 1796 4398 in
1828 4346 1993 4400 domo
2027 4363 2253 4401 versan-

680 4441 792 4497 tur,
858 4433 943 4487 hic
977 4444 1157 4489 autem
1191 4444 1248 4489 ut
1273 4434 1446 4491 Filius
1489 4434 1675 4490 domui
1701 4452 1814 4492 sua:
1844 4440 2079 4507 pratest?
2112 4439 2254 4494 Prm-

2356 3261 2415 3297 τε
2462 3245 2657 3306 αὐτοὺς
2718 3244 3137 3313 ἀναπεπλῆσθαι
3187 3245 3406 3307 πάντως
3462 3248 3577 3316 ὲρεί
3631 3246 3730 3316 τῆς
3786 3251 3946 3318 παρά

2358 3335 2493 3389 Θεοῦ
2519 3354 2530 3365 ·
2562 3339 2660 3407 τὴν
2688 3335 2745 3389 δέ
2773 3353 2835 3403 γε
2866 3334 2959 3388 τοῦ
2984 3338 3316 3404 Μονογενούς
3345 3337 3504 3401 δόξαν
3538 3355 3597 3389 τε
3626 3340 3722 3391 καὶ
3749 3340 3941 3409 χάριν,

2358 3428 2417 3478 ού
2450 3430 2570 3489 ταῖς
2598 3426 2706 3479 τῶν
2751 3428 2968 3479 πάντων
3002 3427 3386 3498 ἁμιλλωμένην
3436 3428 3726 3481 τεθεᾶσθαί
3772 3448 3942 3499 φασιν

2357 3520 2406 3570 oi
2436 3518 2673 3587 θεολόγοι
2709 3520 2802 3572 καὶ
2831 3519 3125 3590 μάρτυρες,
3154 3519 3289 3572 ἀλλά
3320 3519 3452 3572 πολὺ
3480 3520 3599 3573 λίαν
3639 3521 3941 3593 ὑπερτενῆ,

2358 3612 2452 3663 καὶ
2502 3610 2855 3683 ἀσυγκρίτοις
2898 3612 3197 3681 ὑπεροχαῖς
3225 3611 3644 3675 ἀναδαίνουσαν,
3676 3613 3739 3665 οὐ
3775 3630 3943 3683 μεμε-

2355 3703 2633 3773 τρημένην
2680 3702 2908 3773 ἔχουσαν
2958 3703 3034 3766 ὡς
3087 3703 3273 3774 ἑτέρου
3327 3702 3559 3767 διδόντος
3610 3704 3710 3773 τὴν
3756 3706 3939 3775 χάριν,

2358 3796 2475 3848 ἀλλ’
2517 3796 2593 3858 ὡς
2626 3797 2683 3848 ἑν
2731 3796 2924 3866 τελείῳ
2951 3795 3161 3848 τελείαν
3208 3795 3302 3848 καὶ
3333 3794 3546 3867 ἀληθῆ,
3589 3795 3734 3847 τοῦτ’
3766 3796 3941 3859 ἔστιν,

2357 3886 2457 3938 οὐκ
2484 3886 2832 3950 ἐπείσακτον,
2861 3886 2983 3939 οὐδὲ
3015 3884 3212 3949 ἔξωθεν
3239 3887 3314 3949 ὡς
3344 3888 3401 3938 ἑν
3434 3886 3753 3957 προσθήκης
3778 3888 3942 3958 μέρει

2359 3977 2949 4049 προσπεπορισμένην,
3007 3977 3121 4031 ἀλλ’
3173 3977 3447 4041 ούσιωδῶς
3502 3979 3940 4051 ἐνυπάρχουσαν,

2359 4070 2452 4122 καὶ
2485 4070 2692 4140 καρπὸν
2720 4069 2974 4139 πατρῴου
3004 4069 3291 4139 ἰδιώματος
3326 4070 3571 4139 φυσικῶς
3609 4071 3700 4122 ἐπὶ
3746 4072 3838 4123 τὸν
3884 4073 3944 4136 ἐξ

2360 4163 2525 4215 αὑτοῦ
2566 4164 2858 4231 διήκουσαν
2908 4162 3054 4214 Υίόν.
3090 4162 3154 4215 Εἰ
3192 4160 3248 4213 δέ
3293 4179 3371 4231 τῳ
3403 4162 3550 4214 δοκεῖ
3579 4162 3943 4234 πλατυτέροις

2362 4257 2681 4326 θεωρήμασι
2736 4253 3043 4324 βασανίζειν
3083 4254 3143 4306 τὸ
3173 4253 3494 4325 εἰρημένον,
3552 4255 3943 4308 ἀποσκοπείτω

2361 4346 2485 4400 καθ’
2541 4346 2731 4399 ἑαυτὸν
2781 4348 2873 4399 καὶ
2912 4346 2981 4398 τὰ
3019 4346 3085 4398 δι’
3130 4346 3359 4400 ἑκάστου
3398 4345 3507 4397 τῶν
3541 4346 3711 4415 ἁγίων
3761 4364 3945 4415 παρα-

2368 4438 2534 4505 δόξως
2581 4439 2952 4507 γεγενημένα,
2994 4438 3087 4490 καὶ
3128 4436 3196 4489 τὰ
3244 4437 3333 4489 διὰ
3376 4436 3469 4489 τοῦ
3501 4438 3755 4507 Σωτῆρος
3784 4439 3945 4507 ἡμῶν

680 4533 831 4577 terea
881 4525 1148 4595 seriptum
1202 4535 1287 4581 est
1338 4526 1405 4581 de
1461 4525 1803 4595 Unigenito:
1845 4547 1863 4580 ι
1922 4529 2250 4589 Benedictus

2365 4528 2625 4600 Χριστοῦ,
2667 4528 2760 4580 καὶ
2789 4525 3057 4595 τοσαύτην
3090 4520 3254 4577 οὖσαν
3280 4524 3503 4594 εὑρήσει
3530 4524 3628 4593 τὴν
3649 4524 3944 4593 διαφορὰν,

681 4616 772 4685 qui
823 4617 971 4671 venit
1025 4620 1079 4671 in
1113 4618 1335 4671 nomine
1363 4616 1583 4671 Domini
1607 4619 1675 4672 ".
1711 4638 1728 4670 ι
1761 4618 1833 4674 De
1878 4622 2088 4677 sanctis
2125 4639 2256 4679 vero

685 4708 829 4762 heus
856 4722 919 4761 ac
941 4705 1099 4762 Pater
1124 4708 1200 4760 ait
1230 4725 1243 4759 :
1277 4727 1295 4758 ι
1340 4707 1404 4758 Et
1427 4707 1547 4762 misi
1580 4708 1647 4761 ad
1680 4724 1775 4762 vos
1820 4724 2014 4765 omnes
2066 4728 2256 4768 servos

684 4815 835 4855 meos
868 4800 1162 4869 prophetas
1195 4800 1261 4853 ".
1298 4820 1316 4851 ι
1344 4798 1691 4865 Quinetiam,
1742 4802 1818 4854 illi
1869 4817 2106 4872 superna
2144 4806 2256 4857 vir-

684 4899 797 4942 lnte
819 4889 1007 4942 donati
1042 4897 1171 4942 sunt
1200 4906 1212 4940 :
1243 4888 1331 4940 hic
1356 4898 1538 4941 autem
1565 4896 1649 4943 est
1672 4890 1937 4944 virtutum
1970 4889 2253 4944 Dominus.

672 4980 704 5030 ἰ
740 4978 940 5032 Sinon
998 4977 1142 5031 facio
1189 4992 1356 5047 opera
1406 4976 1582 5031 Patris
1637 4978 1776 5038 mei,
1838 4978 2036 5045 inquit,
2081 4977 2254 5029 nolite

680 5072 812 5126 mihi
854 5070 1096 5125 credere.
1151 5070 1207 5123 Si
1242 5078 1423 5125 autem
1454 5069 1625 5133 facio,
1666 5079 1720 5123 et
1748 5068 1793 5121 si
1823 5068 1956 5122 mihi
1986 5084 2093 5122 non
2133 5083 2253 5122 cre-

681 5164 831 5222 ditis.
860 5164 1118 5232 operibus
1156 5163 1293 5217 meis
1327 5162 1534 5216 credite
1560 5162 1628 5215 ".
1671 5180 1689 5211 ι
1726 5159 1917 5230 Itaque
1950 5161 1995 5213 si
2025 5176 2091 5213 ex
2121 5162 2255 5229 ipsis

681 5256 938 5325 operibus
963 5256 1114 5307 Patri
1142 5256 1339 5308 virtute
1365 5252 1595 5321 :equalis
1627 5251 1957 5319 Unigenitus
1987 5266 2107 5303 esse
2130 5265 2252 5303 rer-

680 5348 849 5407 nitur,
879 5347 1074 5417 aequali
1120 5347 1309 5416 utique
1340 5344 1517 5414 gloria
1553 5358 1678 5397 cum
1733 5330 1898 5396 Patre
1939 5341 2134 5395 merito
2166 5356 2257 5395 ce-

679 5438 1004 5506 lebrabitur,
1029 5439 1267 5493 maxime
1294 5452 1418 5490 cum
1456 5434 1748 5506 mqualitcr
1794 5440 2074 5503 operetur.
2110 5430 2256 5486 Tan-

680 5537 792 5584 tum
842 5539 1061 5594 autem,
1112 5530 1240 5583 licet
1274 5529 1347 5583 sit
1386 5528 1441 5582 in
1484 5541 1673 5589 carne,
1728 5525 1794 5579 ad
1852 5523 2255 5580 fraternitatem

677 5629 898 5676 vocatos
962 5620 1281 5692 superabit,
1331 5626 1597 5689 quantum
1672 5616 1923 5670 homines
1983 5615 2256 5672 naturalis

746 5803 981 5857 “Rom.
1040 5817 1158 5865 vni,
1218 5800 1296 5854 l5.
1374 5796 1645 5867 “"Ephrs.
1704 5811 1761 5860 tt,
1821 5798 1901 5852 lli.

1980 5798 2186 5854 aliI‘sal.
2241 5815 2407 5863 cxvn,
2464 5800 2549 5855 '26.
2625 5803 2669 5831 3“
2717 5800 2915 5855 Jercm.
2969 5818 3064 5867 ιιι,

2352 4624 2483 4691 ὅσην
2510 4620 2612 4690 ἤδη
2640 4616 3002 4688 προλαϐόντες
3035 4616 3335 4686 εἰρήκαμεν
3354 4631 3369 4645 ο
3409 4613 3546 4685 πρὸς
3584 4615 3641 4667 δέ
3669 4631 3731 4682 γε
3763 4614 3946 4683 τούτῳ

2364 4712 2607 4764 κάκεῖνο.
2642 4710 2705 4760 Oi
2758 4708 2855 4777 μὲν
2884 4708 2991 4777 γὰρ
3030 4708 3105 4768 ὡς
3155 4705 3360 4757 οἰκέται
3404 4705 3621 4774 γνήσιοι
3667 4708 3798 4773 περὶ
3849 4707 3947 4757 τὸν

2352 4797 2500 4853 οἶκόν
2540 4800 2711 4861 εἰσιν,
2745 4800 2773 4850 6
2805 4798 2860 4851 δὲ
2892 4799 2965 4857 ὡς
2996 4798 3121 4859 Υἱὸς
3153 4796 3243 4848 ἐπὶ
3285 4795 3377 4848 τὸν
3424 4792 3572 4847 οἶκον
3603 4795 3767 4847 αὑτοῦ
3796 4814 3808 4825 ο
3844 4798 3949 4848 καὶ

2355 4892 2483 4961 περὶ
2519 4890 2616 4960 μὲν
2644 4889 2738 4942 τοῦ
2768 4889 3102 4957 Μονογενούς
3134 4890 3167 4958 ἡ
3197 4887 3316 4940 θεία
3340 4887 3490 4955 λέγει
3533 4888 3744 4959 Γραφή·
3781 4908 3801 4938 ι
3831 4888 3947 4940 Εὐ-

2358 4980 2655 5051 λογημένος
2699 4983 2726 5033 6
2766 4982 3055 5051 ἐρχόμενος
3099 4981 3155 5032 ὲν
3197 4980 3423 5049 ὀνόματι
3467 4979 3706 5050 Κυρίου’
3751 4998 3770 5029 ι
3812 4981 3951 5047 περὶ

2359 5074 2415 5128 δὲ
2441 5075 2546 5126 τῶν
2580 5074 2748 5141 ἁγίων
2778 5076 2806 5127 6
2845 5073 2975 5136 Θεὸς
3021 5072 3115 5125 καὶ
3160 5074 3349 5142 Πατήρ
3373 5088 3387 5102 ·
3434 5092 3451 5121 ι
3488 5072 3599 5123 Καὶ
3640 5071 3948 5123 ἀπέστειλα

2363 5165 2499 5235 πρὸς
2520 5166 2663 5236 ὑμᾶς
2691 5165 2896 5227 πάντας
2915 5166 3039 5226 τοὺς
3060 5163 3277 5226 δούλους
3305 5180 3406 5233 μου
3430 5164 3558 5225 τοὺς
3581 5162 3893 5232 προφήτας.
3923 5181 3943 5213 ι

2362 5257 2473 5309 Καὶ
2500 5259 2547 5309 οἱ
2582 5257 2679 5326 μὲν
2724 5256 2821 5326 τὴν
2852 5256 3055 5309 ἄνωθεν
3082 5255 3412 5319 ἐδανείζοντο
3442 5254 3699 5324 δύναμιν·
3726 5256 3753 5306 6
3777 5254 3837 5306 δὲ
3866 5255 3947 5315 ὡς

2362 5347 2473 5401 τῶν
2502 5349 2787 5419 δυνάμεων
2832 5348 3055 5419 Κύριος,
3097 5370 3115 5400 ‹
3166 5351 3230 5402 Εἰ
3272 5350 3333 5402 ού
3366 5348 3504 5402 ποιῶ
3553 5349 3623 5402 τὰ
3660 5348 3801 5420 ἔργα
3845 5348 3948 5402 τοῦ

2364 5439 2577 5510 Πατρός
2620 5456 2753 5509 μου,
2797 5439 2930 5509 φησὶ
2956 5480 2970 5499 .
3025 5440 3099 5510 μὴ
3144 5439 3424 5492 πιστεύετέ
3461 5456 3573 5509 μοι’
3601 5442 3650 5494 εἰ
3682 5440 3740 5493 δὲ
3775 5440 3945 5502 ποιῶ,

2364 5530 2467 5583 κᾶν
2498 5532 2619 5600 ἑμοὶ
2651 5532 2725 5601 μὴ
2757 5531 3068 5601 πιστεύητε,
3095 5534 3206 5594 τοῖς
3236 5531 3417 5603 ἔργοις
3442 5549 3543 5601 μου
3576 5530 3887 5584 πιστεύετε.
3921 5552 3940 5583 ι

2363 5620 2571 5675 Οὐκοῦν
2602 5623 2650 5674 εἰ
2673 5622 2920 5687 τοσοῦτος
2945 5624 3022 5685 εἰς
3044 5623 3273 5693 δύναμιν
3294 5626 3321 5677 6
3340 5624 3670 5693 Μονογενὴς,
3701 5624 3945 5692 ὄσοσπερ

3272 5805 3315 5835 ⁸⁷
3350 5803 3507 5858 Joan.
3548 5821 3598 5869 κ,
3644 5805 3731 5870 57,
3773 5805 3867 5859 31;.
