4118 6544
214 452 318 508 165

1261 441 1326 497 ΙΝ
1351 439 1641 498 JOANNIS
1674 436 2125 492 EVANGELIUM
2167 436 2296 490 [ΑΒ.
2342 435 2380 488 l.

3367 427 3473 482 {66

213 568 282 622 ἂν
319 567 405 638 εἴη
443 567 540 620 καὶ
577 564 606 617 ὁ
641 564 855 634 Πατὴρ,
883 563 951 616 δι’
985 561 1163 615 αὐτῶν
1205 561 1398 629 ὁρᾶται
1447 557 1557 611 τῶν
1593 557 1789 627 ἔργων’

1906 557 2042 610 Deus
2064 596 2078 618 ,
2109 565 2162 609 et
2197 553 2336 607 ﬁlios
2366 552 2654 620 adoptivos
2684 556 2909 617 supcrat
2932 559 3114 602 verus.
3147 541 3321 597 Porro
3347 556 3472 596 cum

216 656 566 727 ίσοστάθμοις
608 655 888 722 ἀναλόγως
937 650 1408 723 μεγαλυνθήσεται
1437 647 1617 712 δόξαις
1641 686 1656 710 ,
1698 646 1792 698 άτε

212 748 281 819 δὴ
331 749 427 801 καὶ
478 747 585 799 τῶν
642 747 772 798 ῐσων
827 742 1098 811 ὲργάτης’
1154 737 1410 809 ὑπερέξει
1463 737 1520 790 δὲ
1578 736 1795 798 πάντως

213 839 485 899 τοσοῦτον,
515 839 608 890 καὶ
631 838 688 888 ὲν
718 834 883 906 σαρκὶ
909 831 1168 902 γεγονὼς,
1202 832 1328 894 τοὺς
1357 831 1437 892 εἰς
1461 829 1797 897 ἀδελφότητα

213 928 613 1001 κεκλημένους,
658 927 779 979 ὅσον
812 923 1133 994 ἀνθρώπους
1168 923 1196 974 6
1247 920 1392 975 κατὰ
1436 920 1598 989 φύσιν
1638 918 1792 982 Θεὸς,

216 1021 312 1074 καὶ
336 1021 483 1083 υἱοὺς
504 1021 630 1082 τοὺς
658 1016 798 1072 κατὰ
823 1016 972 1069 θέσιν
991 1018 1019 1069 6
1041 1016 1181 1069 κατὰ
1205 1014 1466 1084 ἀλήθειαν
1491 1012 1794 1077 ἐξάλλεται.

227 1110 446 1181 Ἐπειδὴ
498 1109 553 1162 δὲ
609 1109 920 1179 γέγραπται
959 1106 1110 1176 παρὰ
1163 1103 1242 1175 τῷ
1288 1103 1544 1174 μακαρίῳ
1583 1101 1787 1169 Λουκᾷ’

220 1219 239 1252 ι
293 1201 499 1272 Ἰησοῦς
546 1200 604 1253 δὲ
665 1199 1006 1270 προέκοπτεν
1042 1198 1100 1249 ὲν
1140 1197 1301 1267 σοφία
1354 1197 1451 1249 καὶ
1509 1194 1726 1264 χάριτι·
1767 1209 1785 1241 ι

221 1292 556 1363 σημειωτέον
581 1293 638 1344 ὲν
659 1292 891 1356 τούτοις,
909 1292 990 1344 ὅτι
1017 1288 1255 1356 πλήρης
1286 1287 1520 1356 χάριτος
1537 1285 1678 1353 ἔχειν
1699 1283 1799 1352 τὴν

212 1382 370 1448 δόξαν
388 1383 496 1454 ἔφη
531 1383 624 1436 τὸν
661 1383 782 1436 Υίδν
804 1385 831 1436 6
871 1381 1316 1450 πνευματοφόρος
1341 1393 1356 1407 ο
1395 1373 1512 1428 εἶτα
1548 1378 1638 1428 ποῖ
1668 1391 1796 1426 ποτε

215 1475 481 1545 προκόψει
521 1476 583 1528 τὸ
620 1475 827 1545 πλῆρες
847 1515 860 1539 ,
891 1473 924 1542 ἦ
972 1475 1129 1526 ποίαν
1161 1471 1295 1532 ὅλως
1329 1467 1629 1531 ἐπιδέξεται
1663 1483 1800 1534 προ-

217 1566 460 1637 σθήκην,
503 1561 564 1620 οὗ
602 1566 864 1618 ἐπέκεινα
898 1563 1095 1634 μηδέν;
1130 1561 1339 1615 Οὐκοῦν
1363 1600 1377 1624 ,
1417 1561 1516 1630 οὐχ
1629 1559 1800 1627 Λόγος

216 1659 338 1712 ἐστὶ
368 1659 463 1713 καὶ
485 1658 620 1721 Θεὸς
651 1657 984 1729 προκόπτειν
1006 1655 1242 1725 εἴρηται,
1279 1651 1393 1706 ἀλλ’
1419 1653 1500 1705 ὃτι
1532 1649 1798 1721 μειζόνως

217 1752 310 1806 ἀεὶ
337 1750 772 1821 θαυμαζόμενος,
810 1747 1159 1818 χαριέστερος
1186 1743 1335 1815 παρὰ
1373 1745 1486 1807 τοῖς
1509 1743 1677 1813 ὁρῶσι
1709 1741 1797 1794 διὰ

1841 639 1847 649 ’
1889 647 2032 717 apud
2075 647 2292 700 beatum
2325 643 2525 696 Lucam
2565 642 2832 708 scriﬁum
2867 639 2940 693 sit
2973 657 2986 692 :
3028 657 3046 688 ι
3083 635 3246 692 Jesus
3291 645 3469 687 autem

1891 737 2207 808 proﬁciebat
2229 734 2492 804 sapientia
2527 739 2580 786 et
2606 733 2779 801 gratia
2802 732 2848 763 ⁸⁸
2870 750 2915 795 ι,
2969 727 3371 784 observandum
3391 731 3472 778 est

1894 828 1982 880 hic
2039 825 2434 895 evangelistam
2489 823 2699 878 dixisse
2753 821 2949 875 Filium
3009 822 3227 890 plenmn
3293 815 3475 885 gratia

1897 919 2097 974 habere
2129 918 2381 988 gloriam.
2406 917 2472 968 At
2503 915 2783 984 quomodo
2811 912 3067 984 proliciet
3097 911 3147 965 id
3178 907 3324 979 quod
3358 907 3475 976 ple-

1899 1025 2026 1063 num
2047 1019 2154 1074 est,
2178 1016 2272 1060 aut
2297 1007 2426 1076 quid
2463 1007 2536 1069 ei,
2568 1019 2776 1075 quaeso,
2829 1003 3093 1057 accedere
3121 1008 3299 1071 potest
3331 999 3474 1051 ultra

1898 1102 2045 1170 quod
2100 1099 2236 1153 nihil
2286 1099 2406 1153 est?
2464 1097 2634 1167 Igitur
2687 1110 2798 1148 non
2836 1107 2944 1164 qua
2998 1090 3237 1145 Verbum
3286 1096 3371 1142 est
3411 1100 3476 1139 ac

1900 1191 2069 1255 Deus,
2118 1189 2298 1242 dictus
2347 1194 2432 1241 est
2482 1186 2764 1256 prolicere,
2811 1181 2908 1238 sed
2958 1178 3105 1250 quod
3143 1179 3316 1247 magis
3355 1189 3475 1229 ma-

1897 1262 2520 1354 gisqueadmirat20nem
2543 1277 2624 1330 sui
2658 1274 2942 1344 prteberet,
2967 1287 3031 1327 ex
3050 1269 3314 1340 operibus
3343 1267 3476 1337 ipsis

1897 1374 2070 1445 gratia
2117 1373 2170 1426 in
2205 1371 2322 1425 dies
2350 1369 2533 1439 augeri
2571 1365 2975 1438 spectatoribus
3001 1361 3312 1422 videbatur,
3346 1372 3474 1426 pro-

1902 1465 2117 1519 ﬁciente
2138 1465 2344 1534 potius,
2386 1472 2437 1513 ιιι
2468 1475 2595 1514 vere
2631 1453 3240 1519 dicam,admirantium
3263 1449 3472 1510 habitu,

1899 1570 2063 1625 quam
2089 1553 2210 1624 ipso
2243 1551 2310 1606 ad
2343 1551 2602 1622 gratiam,
2636 1549 2729 1620 qui
2763 1547 3036 1616 perfectus
3063 1552 3168 1608 εει,
3215 1550 3274 1598 ιιι
3306 1541 3472 1596 Deus.

1902 1649 2082 1716 Atque
2107 1645 2222 1699 haec
2243 1655 2708 1698 commemorasse
2737 1655 2846 1694 non
2879 1639 2986 1694 erit
3034 1638 3242 1702 inutile,
3278 1649 3477 1706 quam-

1901 1741 1986 1795 vis
2017 1736 2416 1808 aliquantulum
2453 1735 2700 1804 digressa
2727 1734 2796 1786 sit
2836 1733 3034 1787 oratio.

217 1843 329 1896 τῶν
362 1817 1187 1913 ἀποτελεσμάτωνάνεδείκνυτο
1208 1878 1220 1902 ,
1273 1835 1720 1909 προκοπτούσης,
1747 1834 1824 1898 ὡς
1861 1832 1978 1887 ἐστι
2011 1830 2211 1903 μᾶλλον
2241 1831 2415 1882 εἰπεῖν
2450 1826 2830 1897 ἀληθέστερον,
2869 1824 2969 1893 τῆς
3005 1821 3113 1876 τῶν
3177 1817 3480 1913 θαυᾼμαςόν·

219 1952 333 1989 των
382 1935 582 2001 ἕξεως,
619 1907 764 2006 ιίγπερ
797 1932 963 1986 αὐτου
1008 1929 1103 1985 τοῦ
1141 1907 1384 1996 τελείου,
1437 1928 1574 2002 πρὸς
1614 1928 1792 2000 χάριν,
1832 1926 1910 1990 ὡς
1940 1924 2098 1980 Θεοῦ.
2131 1921 2386 1995 Εἰρήσθω
2418 1916 2711 1973 καὶταῦτα
2761 1914 3068 1986 χρησίμως,
3099 1913 3148 1966 ει
3205 1911 3301 1964 καὶ⁵
3363 1907 3480 1962 ἔστι

225 2027 626 2098 παρεκὸατικὸς
647 2028 675 2078 6
704 2024 883 2093 λόγος.

274 2145 549 2214 Ἰωάννης
583 2141 876 2213 μαρτυρεῖ
914 2139 1049 2210 περὶ
1082 2138 1292 2204 αὐτοῦ,
1325 2139 1422 2195 καὶ
1454 2138 1766 2210 κέκραγεν.

1977 2129 2152 2198 Ι,15.
2184 2128 2420 2183 Joannes
2471 2124 2826 2181 testimonium
2875 2119 3106 2192 perhibet
3152 2124 3217 2173 de
3267 2120 3378 2188 ipso
3430 2130 3481 2175 et

306 2313 622 2369 ’Δκολουθεῖ
651 2315 814 2369 πάλιν
839 2317 961 2379 ταῖς
988 2315 1148 2378 ἰδίαις
1170 2315 1402 2378 ἐννοίαις
1433 2316 1462 2368 6
1494 2313 1805 2385 σοφώτατος

221 2405 639 2477 εὐαγγελιστὴς,
672 2407 766 2460 καὶ
792 2406 867 2470 ὼς
897 2408 1008 2469 τοῖς
1032 2406 1209 2459 ὀπίσω
1250 2404 1524 2476 χρεωστού
1534 2422 1692 2475 μενον
1713 2404 1806 2456 τὸν

221 2498 421 2568 ἐφεξῆς
465 2497 755 2569 εὐρύθμως
796 2500 1032 2549 ποιεῖται
1078 2497 1257 2563 λόγον.
1301 2496 1518 2567 Ἐπειδὴ
1549 2495 1658 2564 γάρ
1701 2495 1804 2565 ἔφη

222 2590 351 2661 περὶ
377 2588 471 2642 τοῦ
515 2587 645 2641 Υἱοῦ
693 2587 789 2640 τοῦ
823 2588 982 2650 Θεοῦ,
1023 2607 1042 2639 t
1089 2571 1466 2656 Ἑθεασάμεθα
1508 2587 1607 2657 τὴν
1653 2583 1808 2651 δόξαν

222 2679 411 2744 αὐτοῦ,
443 2679 596 2743 δόξαν
625 2679 702 2742 ὡς
731 2677 1094 2748 Μονογενούς,
1137 2698 1154 2730 ι
1198 2678 1286 2731 ἵνα
1334 2677 1407 2748 μὴ
1465 2677 1622 2748 μόνος
1683 2676 1810 2745 φαί-

223 2785 385 2839 νηται
406 2770 564 2822 τοῦτο
609 2770 806 2838 λέγων,
841 2771 940 2841 οὐχ
968 2771 1049 2822 ἐνὶ
1081 2769 1360 2840 προσώπῳ
1395 2770 1489 2822 τοῦ
1526 2788 1542 2820 ι
1580 2768 1810 2822 ἐθεασά-

238 2860 380 2930 μεθα
412 2881 431 2913 ι
465 2862 785 2931 πρέποντος,
805 2862 896 2915 τὸν
924 2860 1208 2932 ὁμώνυμον
1248 2861 1505 2914 συνάπτει
1538 2861 1810 2930 μάρτυρα,

231 2951 362 3020 μίαν
393 2951 586 3022 ἔχοντα
617 2953 755 3022 πρὸς
793 2953 956 3006 αὑτὸν
1013 2953 1106 3004 καὶ
1150 2953 1250 3023 τὴν
1281 2953 1452 3021 αὐτὴν
1501 2951 1809 3004 εὐσέϐειαν.

225 3042 530 3113 Μαρτυρῶ,
564 3044 719 3113 φησι,
758 3042 1044 3114 τοιγαροῦν
1069 3042 1179 3110 ἐγὼ
1211 3042 1498 3113 (τεθέαμαι
1529 3043 1638 3113 γὰρ
1675 3043 1813 3113 ὅπερ

226 3127 439 3202 εἷπον).
479 3136 748 3204 μαρτυρεί
783 3133 840 3186 δὲ
866 3133 1068 3204 ὁμοίως
1099 3133 1192 3186 καὶ
1217 3136 1244 3186 ὁ
1267 3134 1598 3203 Βαπτιστής.
1641 3132 1812 3197 Ἀξιο-

225 3221 511 3292 λογωτάτη
553 3222 661 3277 τῶν
719 3225 1188 3295 πνευματοφόρων
1215 3225 1346 3287 δυάς
1378 3225 1472 3276 καὶ
1511 3224 1810 3294 ἀξιόχρεως

229 3311 484 3383 ξυνωρὶς,
517 3312 747 3384 ἀληθεία
791 3313 1313 3386 συντεθραμμένων,
1354 3317 1446 3368 καὶ
1469 3315 1567 3367 οὐκ
1597 3315 1812 3367 εἰδότων

227 3403 290 3456 τὸ
328 3403 640 3473 ψεύδεσθαι.
691 3404 800 3457 Θέα
853 3403 910 3457 δὲ
961 3405 1110 3469 ὅπως
1152 3407 1641 3477 ὲμφαντικωτάτην
1681 3408 1811 3476 ἡμῖν

1904 2223 2127 2278 clamat.

1978 2313 2168 2367 Eidem
2221 2308 2508 2365 sententia:
2552 2306 2761 2362 insistit
2802 2303 3254 2376 sapientissimus
3309 2317 3482 2356 evan-

1906 2403 2122 2471 gelista,
2160 2407 2213 2454 et
2239 2399 2599 2466 posteriorem
2642 2410 2950 2450 sermonem
2988 2394 3237 2462 apposite
3277 2406 3482 2446 conne-

1906 2493 2005 2546 ctit
2036 2489 2392 2561 praecedenti.
2440 2486 2576 2541 Nam
2612 2501 2738 2540 cum
2773 2486 2841 2542 de
2887 2484 3028 2539 Filio
3065 2485 3156 2540 Dei
3209 2484 3479 2539 dixisset:

1913 2603 1930 2635 ι
1974 2581 2224 2637 Vidimus
2280 2579 2512 2652 gloriam
2577 2578 2729 2649 ejus,
2787 2578 3016 2650 gloriam
3072 2577 3229 2647 quasi
3280 2577 3484 2645 l‘nige-

1910 2677 2029 2737 niti,
2070 2694 2088 2728 ι
2124 2690 2194 2730 ηε
2235 2674 2389 2728 solus
2419 2670 2568 2727 istud
2617 2670 2806 2726 dicere
2843 2670 3144 2734 videretur,
3179 2684 3303 2722 cum
3336 2688 3355 2720 ‹
3389 2667 3480 2721 Vi-

1910 2767 2116 2830 dimus,
2150 2784 2169 2817 ι
2202 2780 2310 2820 non
2338 2765 2432 2818 uni
2464 2778 2715 2834 personae
2757 2762 3067 2824 conveniat,
3099 2760 3482 2830 cognominem

1912 2862 2015 2917 sibi
2076 2867 2274 2914 testem
2317 2857 2590 2926 adiungit,
2632 2871 2745 2910 una
2797 2870 2982 2911 secum
3029 2862 3085 2909 et
3117 2853 3306 2909 eadem
3356 2869 3485 2923 erga

1914 2953 2080 3008 Deum
2116 2952 2319 3022 pietate
2341 2949 2654 3020 praeditum.
2687 2947 2885 3003 Testor
2915 2947 3100 3018 igitur,
3130 2945 3337 3016 inquit,
3362 2961 3483 3016 ego,

1913 3042 2306 3117 (spectavi99
2327 3043 2473 3098 enim
2506 3044 2650 3112 quod
2677 3041 2814 3110 dixi)
2841 3081 2854 3105 ,
2886 3040 3268 3094 testaturitem
3299 3039 3484 3108 Bapti-

1911 3145 2016 3190 sta.
2089 3135 2484 3203 Dignissimmn
2549 3149 2648 3202 par
2707 3131 3084 3201 theologorum
3154 3131 3486 3200 testiumque

1910 3227 2268 3294 locupletum,
2321 3226 2415 3294 qui
2463 3223 2680 3278 veritati
2722 3223 2976 3276 innutriti
3028 3231 3156 3277 sunt
3208 3234 3258 3275 et
3305 3225 3486 3277 omnis

1910 3310 2182 3364 mendacii
2231 3311 2428 3364 nescii.
2461 3309 2638 3364 Cerne
2683 3319 2866 3364 autem
2919 3325 3034 3380 quo
3087 3319 3246 3380 pacto
3281 3311 3488 3381 signiﬁ-

1910 3403 2233 3457 cantissimo
2276 3401 2328 3454 id
2367 3401 2527 3455 nobis
2558 3409 2817 3470 exponat.
2860 3400 2976 3456 Non
3010 3404 3153 3456 enim
3189 3405 3364 3458 solum
3413 3407 3488 3457 ait

230 3495 526 3564 ἐποιήσατο
556 3493 653 3564 τὴν
681 3493 962 3565 ἐξήγησιν.
993 3495 1067 3548 Οὐ
1097 3494 1206 3563 γὰρ
1237 3495 1398 3561 μόνον
1426 3497 1507 3547 ὅτι
1545 3497 1805 3564 μαρτυρεῖ

1913 3489 2180 3544 Joannem
2219 3491 2409 3544 testari
2440 3489 2510 3543 de
2543 3491 2683 3559 ipso,
2723 3491 2817 3545 sed
2851 3493 3015 3545 etiam
3049 3493 3290 3548 clamare
3343 3495 3489 3548 utili-

231 3601 396 3656 φησιν
430 3585 457 3637 6
497 3585 750 3654 Ἰωάννης
778 3585 906 3655 περὶ
952 3585 1142 3650 αὐτοῦ,
1179 3585 1506 3656 προστίθησι
1539 3585 1594 3638 δὲ
1618 3585 1812 3657 χρησί-

236 3691 374 3745 μως,
417 3674 500 3727 ὅτι
541 3676 635 3727 καὶ
679 3675 970 3745 κέκραγεν,
1024 3675 1132 3729 ἀπὸ
1163 3675 1257 3729 τοῦ
1283 3718 1297 3740 ,
1333 3695 1352 3728 ι
1385 3675 1540 3747 Φωνὴ
1583 3676 1813 3746 βοῶντος

232 3765 292 3819 ἐν
326 3767 391 3835 τῇ
425 3765 613 3835 ἐρήμῳ
638 3804 652 3829 ,
687 3783 705 3818 ι
739 3765 1030 3836 λαμϐάνων
1065 3767 1158 3820 τοῦ
1190 3766 1351 3836 λόγου
1389 3768 1485 3838 τὴν
1509 3766 1807 3833 ἀπόδειξιν·

231 3856 413 3920 καλῶς
444 3857 499 3909 δὲ
526 3858 620 3910 καὶ
652 3859 810 3911 τοῦτο
843 3858 987 3913 λίαν.
1033 3859 1323 3931 Ἐνεχὼρει
1364 3861 1471 3932 γάρ
1509 3877 1662 3924 τινας
1699 3860 1810 3913 τῶν

231 3947 298 4000 δι’
335 3947 582 4012 ἐναντίας
620 3952 815 4004 εἰπεῖν·
878 3951 1015 4003 Πότε
1054 3951 1132 4022 τῷ
1181 3953 1477 4020 Μονογενεῖ
1533 3951 1815 4024 μεμαρτύ-

235 4057 401 4110 ρηκεν
434 4041 464 4092 6
492 4041 825 4112 Βαπτιστὴς,
872 4043 904 4113 ἢ
935 4045 1030 4096 καὶ
1056 4044 1196 4096 τίσιν
1224 4045 1428 4108 ἐκεῖνος
1455 4045 1582 4115 περὶ
1609 4044 1814 4098 τούτων

232 4129 667 4194 ἁνεκοινώσατος
716 4131 1004 4202 Κέκραγεν
1046 4131 1172 4195 οὖν,
1218 4135 1421 4204 φησιν,
1467 4135 1610 4188 τοῦτ’
1642 4134 1810 4200 ἔστιν,

231 4221 335 4273 οὐκ
360 4221 418 4273 ὲν
446 4220 782 4291 παραϐύστῳ
808 4223 981 4287 λαλεῖ,
1023 4225 1122 4278 οὐκ
1148 4225 1352 4296 ἠρέμα,
1391 4227 1484 4279 καὶ
1512 4226 1813 4298 ψιθυρίζων

237 4314 542 4383 μαρτυρεῖ·
582 4311 878 4382 σάλπιγγος
906 4315 1112 4386 ἀκούσῃ
1154 4315 1386 4380 ϐοῶντος
1433 4317 1808 4389 εύηχέστερον.

233 4405 310 4456 υύ
350 4403 510 4473 μόνος
538 4402 776 4466 ἀκούσας
805 4405 871 4458 τά
901 4407 1128 4460 τοιαύτά
1159 4425 1322 4478 φημι,
1360 4408 1568 4473 πλατὺς
1597 4411 1692 4464 καὶ
1732 4412 1810 4474 εἰς

235 4494 441 4557 πάντας
468 4494 496 4546 6
525 4494 699 4563 λόγος,
723 4496 974 4568 λαμπρὸς
994 4501 1021 4551 6
1046 4499 1241 4570 κήρυξ,
1273 4498 1547 4571 ἐπίσημος
1573 4503 1605 4573 ἠ
1635 4501 1808 4574 φωνὴ,

239 4583 408 4653 μέγας
445 4584 539 4636 καὶ
582 4585 681 4637 οὑκ
710 4586 983 4653 ἄγνωστος
1009 4588 1037 4639 6
1074 4588 1395 4662 πρόδρομος.

309 4669 498 4739 Οὗτος
533 4670 632 4744 ἦν,
654 4675 728 4728 ὃν
763 4673 933 4730 εἷπον
961 4696 974 4708 ο
1017 4677 1076 4730 Ὀ
1104 4679 1296 4733 ὀπίσω
1322 4698 1444 4749 μου
1468 4682 1810 4752 ἐρχόμενος,

234 4765 574 4834 ἔμπροσθέν
598 4783 720 4834 μου
759 4769 1024 4837 γέγονεν,
1065 4769 1154 4824 ὅτι
1187 4771 1418 4839 πρῶτός
1456 4791 1576 4843 μου
1619 4771 1717 4844 ἦν.

1917 3593 2001 3636 ιει·
2039 3580 2227 3647 addit,
2279 3591 2497 3651 sumpta
2543 3583 2836 3638 occasione
2874 3601 2935 3638 ex
2968 3585 3060 3638 illo
3095 3586 3264 3652 dicto,
3304 3607 3322 3637 ‹
3369 3587 3484 3642 Vox

1913 3674 2207 3729 clamantis
2234 3674 2289 3728 in
2312 3672 2659 3740 deserto”;t
2695 3683 2845 3729 recte
2878 3690 3044 3731 sane:
3078 3686 3306 3746 possent
3339 3680 3484 3733 enim

1912 3764 2849 3836 quaerereadversarii,quandonam
2868 3767 2933 3820 de
2947 3764 3241 3838 Unigenito
3259 3776 3487 3823 testatus

1911 3867 1997 3912 est
2017 3857 2396 3928 Baptista,aut
2420 3857 2749 3927 quibuscum
2769 3857 2836 3912 de
2867 3857 3018 3912 hisce
3042 3859 3208 3915 rebus
3240 3874 3489 3914 comnm-

1914 3949 2136 4003 nicavit.
2187 3949 2399 4002 Clamat
2457 3948 2643 4018 igitur,
2683 3947 2894 4017 inquit,
2951 3948 3055 4003 hoc
3106 3959 3210 4012 est,
3261 3966 3371 4004 non
3433 3951 3486 4005 in

1913 4041 2128 4096 occulto
2160 4041 2421 4110 loquitur,
2467 4055 2578 4095 non
2618 4041 2894 4095 submisse
2926 4049 2980 4097 et
3008 4042 3148 4096 clam
3185 4059 3486 4099 susurrans

1913 4140 2164 4187 testatur.
2202 4131 2412 4185 Tubam
2447 4133 2743 4186 clamantis
2775 4132 2944 4187 altius
2981 4133 3334 4189 insonantem
3391 4150 3488 4188 au-

1914 4221 2055 4278 dies.
2090 4222 2209 4276 Non
2242 4221 2358 4276 haec
2405 4221 2559 4277 solus
2599 4221 2751 4276 audit
2783 4222 3028 4284 scilicet,
3074 4224 3234 4293 longe
3273 4226 3487 4294 lateque

1914 4327 2098 4368 sermo
2145 4314 2390 4366 manavit
2415 4313 2468 4366 in
2503 4328 2726 4376 omnes,
2755 4328 2936 4376 praeco
2959 4313 3228 4378 illustris,
3262 4315 3407 4370 clara
3435 4325 3490 4370 rt

1913 4402 2173 4457 distincta
2205 4416 2344 4466 vox,
2395 4415 2628 4472 magnus
2685 4416 2789 4456 nec
2833 4401 3103 4457 obscurus
3157 4419 3486 4473 przecursor.

1987 4681 2037 4748 Ι,
2079 4684 2166 4739 15.
2207 4682 2310 4738 llic
2338 4693 2488 4748 erat,
2513 4699 2662 4754 quem
2692 4683 2806 4738 dixi
2827 4700 2846 4738 :
2884 4684 2991 4752 Qui
3023 4695 3143 4755 post
3180 4704 3260 4741 me
3302 4699 3486 4743 ventu-

1920 4790 2010 4828 rus
2034 4785 2146 4839 est,
2179 4785 2300 4829 ante
2321 4793 2401 4830 me
2429 4775 2602 4845 factus
2627 4787 2740 4841 est;
2770 4779 2894 4847 quia
2915 4780 3065 4846 prior
3088 4797 3167 4833 me
3189 4791 3323 4836 erat.

318 4857 622 4926 Ὀνομάσας
649 4857 739 4910 τὸν
771 4859 1024 4930 μάρτυρα
1054 4861 1144 4914 τὸν
1169 4863 1526 4933 ὁμογνώμονα
1550 4868 1643 4918 καὶ
1661 4865 1805 4937 ὁμώ-

1983 4865 2160 4920 Citato
2187 4875 2326 4921 teste
2367 4868 2612 4936 ejusdem
2644 4884 2829 4922 secum
2871 4871 3112 4926 nominis
3143 4887 3204 4925 ac
3262 4881 3484 4926 senten-

235 4965 402 5018 νυμον
426 4949 593 5018 αὐτῷ,
635 4951 728 5003 καὶ
775 4953 988 5024 μεγάλῃ
1027 4952 1205 5020 δείξας
1253 4956 1702 5028 ἀποχρησάμενον
1737 4963 1804 5031 τῇ

235 5041 383 5107 φωνῇ
427 5039 561 5107 πρὸς
595 5041 694 5109 τὴν
723 5041 819 5094 τοῦ
864 5044 1223 5114 κηρύγματος
1272 5046 1571 5115 διακονίαν,
1607 5051 1808 5119 ἐπάγει

233 5128 516 5198 χρησίμως
548 5129 642 5181 καὶ
687 5130 786 5199 τῆς
817 5135 1120 5204 μαρτυρίας
1153 5135 1245 5188 τὸν
1273 5138 1504 5207 τρόπον’
1538 5141 1596 5192 ὲν
1635 5142 1808 5214 τούτῳ

233 5220 341 5290 γὰρ
383 5221 613 5290 μάλιστα
639 5221 859 5292 σύμπαν
894 5219 962 5294 ἦν
995 5225 1054 5278 τὸ
1079 5225 1431 5299 ζητούμενον.
1465 5232 1530 5285 Τί
1573 5231 1664 5288 οὖν
1701 5235 1809 5306 ἄρα

233 5310 322 5362 τὸν
355 5313 592 5364 τοιοῦτον
634 5309 885 5382 Ἰωάννην
917 5315 1336 5389 ἀνακεκραγότα
1361 5323 1606 5390 περὶτοῦ
1637 5326 1809 5379 Μονο-

233 5403 422 5470 γενοῦς
453 5405 794 5475 εύρὴσομενς
843 5425 861 5455 ε
916 5409 973 5461 ’0
1012 5409 1187 5463 ὀπίσω
1222 5429 1323 5482 μου
1355 5415 1667 5485 ἐρχόμενος,
1709 5417 1806 5488 ἒμ-

235 5497 466 5564 προσθέν
504 5512 605 5564 μου
639 5496 849 5564 γέγονε,
887 5498 967 5552 ὅτι
993 5501 1209 5570 πρῶτός
1248 5520 1348 5572 μου
1378 5501 1446 5576 ἦν
1466 5522 1478 5534 ·
1526 5524 1544 5558 ι
1577 5507 1755 5571 Βαθὺς
1779 5509 1809 5560 ὁ

231 5583 413 5651 λόγος,
450 5592 538 5636 καὶ
574 5582 776 5654 πολλὴν
805 5587 889 5654 ἐφ’
919 5588 1096 5659 ἐαυτῷ
1121 5589 1220 5660 τὴν
1260 5591 1491 5661 βάσανον
1526 5595 1773 5649 ἀπαιτῶν
1793 5612 1806 5626 ’

232 5677 266 5741 ὴ
315 5674 414 5744 μὲν
456 5674 564 5745 γάρ
607 5672 894 5746 πρόχειρος
935 5679 1048 5742 τοῖς
1085 5681 1298 5745 πολλοῖς
1346 5685 1438 5736 καὶ
1468 5685 1804 5757 τετριμμένη

303 5835 350 5868 ⁵⁸
380 5833 516 5894 Luc.
566 5854 630 5906 ιι,
674 5837 762 5893 5‘2.
828 5840 872 5872 ⁸³
909 5839 1014 5894 lsa.
1050 5854 1137 5900 χι..
1194 5837 1440 5898 5:10am
1476 5854 1513 5903 ι,
1555 5841 1639 5894 25.

1909 4960 2018 5019 tiae,
2052 4973 2216 5028 quem
2255 4973 2448 5029 magna
2485 4975 2618 5014 voce
2659 4977 2775 5015 suae
2811 4962 3479 5030 praulicationiscmi-ium

1911 5052 2174 5120 implesse
2210 5049 2352 5103 dixit
2377 5091 2390 5112 .
2423 5052 2773 5106 commodum
2808 5054 3031 5123 subjicit
3077 5054 3266 5122 ejusce
3321 5058 3478 5110 testi-

1912 5143 2082 5196 monii
2133 5142 2434 5205 rationem,
2490 5144 2544 5197 in
2601 5145 2707 5198 hoc
2758 5148 2902 5198 enim
2965 5147 3314 5215 potissimum
3364 5157 3478 5202 tota

1910 5236 2144 5305 qutrstio
2179 5235 2432 5290 vertitur.
2489 5235 2629 5302 Quid
2683 5253 2812 5308 ergo
2866 5236 3132 5292 Jomnem
3184 5238 3351 5294 istum
3411 5243 3480 5297 de

1912 5326 2211 5398 Unigenito
2277 5327 2550 5383 clamasse
2610 5330 3016 5394 comperiemus
3065 5347 3078 5384 :
3132 5348 3150 5380 ι
3193 5331 3295 5397 Qui
3353 5343 3479 5404 post

1912 5434 1995 5473 .nc
2026 5428 2297 5473 venturus
2335 5426 2442 5480 est,
2490 5428 2616 5473 ante
2654 5436 2738 5473 me
2795 5419 2978 5476 factus
3015 5430 3116 5477 est.
3153 5416 3280 5492 quia
3326 5425 3480 5495 prior

1912 5524 1996 5562 mc
2034 5511 2192 5563 erat?
2223 5529 2242 5560 ι
2285 5512 2444 5564 Altus
2485 5519 2571 5566 est
2615 5526 2817 5575 sermo,
2851 5520 2904 5567 et
2952 5514 3136 5569 multa:
3181 5515 3476 5587 indaginis.

1910 5597 2064 5651 Trita
2098 5601 2242 5653 enim
2268 5609 2322 5656 et
2357 5601 2672 5671 pervulgata
2698 5601 3060 5672 plurimormn
3100 5606 3210 5660 haec
3241 5617 3326 5662 est
3349 5623 3478 5662 sen-

1912 5693 2082 5746 tentia
2117 5711 2128 5746 :
2158 5692 2313 5760 Quod
2351 5696 2416 5748 ad
2469 5691 2807 5750 nativitatem
2861 5699 3046 5752 carnis
3089 5700 3306 5765 attinet,
3351 5700 3476 5756 Sal-
