4118 6566
651 394 756 451 167
1676 395 1734 452 S.
1766 393 2046 456 CYRILLI
2090 391 2227 448 ALE

2333 390 2564 448 NDRINI
2605 388 2925 445 ABCIIIEP.

647 519 898 566 vatarem
959 511 1201 583 baptista
1245 514 1562 584 prmcessit,
1592 525 1646 569 et
1686 525 1913 570 secutus
1950 524 2038 574 est
2085 528 2228 585 quo-

2338 513 2566 578 διάνοια,
2600 513 2823 584 τοιαύτη
2853 530 2936 577 τις
2977 509 3114 566 οὖτα
3155 516 3416 586 τυγχάνει
3439 529 3452 543 ·
3483 513 3610 565 ὅσον
3645 513 3761 586 γάρ
3801 508 3953 584 ἧκεν

647 604 967 668 dainmodo,
1001 613 1059 658 et
1112 620 1208 659 sex
1242 606 1534 660 mensibus
1577 606 1710 660 totis
1761 609 2037 675 posterior
2081 607 2230 662 visus

2344 603 2427 668 είς
2480 602 2572 656 τὸν
2613 605 2712 672 τῆς
2758 601 3062 672 γεννήσεως
3114 599 3305 672 χρόνον
3354 600 3455 672 τῆς
3508 600 3650 678 μετά
3702 603 3951 680 capacia,

647 702 735 748 est
781 691 1143 758 Emmanuel,
1197 703 1256 749 ut
1304 695 1499 752 beatus
1539 693 1716 753 Lucas
1762 699 2031 750 narravit.
2091 694 2148 750 ld
2201 712 2233 750 a

646 783 674 838 ,Ι
701 802 862 840 mune
911 787 1018 841 diei
1049 779 1276 856 quidam
1302 787 1671 850 existimant,
1701 799 1762 844 ut
1796 788 1902 847 hoc
1939 799 2102 860 pacto
2144 788 2230 844 in-

649 879 928 948 telligatur
973 879 1146 943 illud,
1204 880 1423 936 ratione
1469 881 1652 934 relatis
1715 879 2023 934 nimirum:
2061 897 2077 932 ι
2127 877 2231 945 Qui

650 976 774 1036 post
817 985 902 1024 me
949 979 1218 1028 venturus
1272 978 1394 1032 est,
1429 981 1558 1027 ante
1593 986 1680 1026 me
1714 970 1894 1028 factus
1922 980 2026 1026 est.
2060 991 2078 1023 ι
2126 969 2230 1025 Sed

645 1062 739 1128 qui
772 1063 980 1118 divinis
1023 1062 1266 1133 Scriptis
1298 1067 1487 1119 acrius
1513 1065 1718 1119 mentis
1749 1065 1944 1122 oculos
1981 1063 2232 1124 intende-

650 1153 756 1215 rit,
793 1153 1034 1218 videbit,
1093 1157 1333 1224 Primum
1387 1153 1610 1224 quidem
1663 1156 1881 1210 inanem
1930 1171 2054 1210 esse
2088 1155 2231 1215 banc

649 1239 1169 1310 interpretationem
1203 1283 1218 1306 ,
1253 1253 1306 1296 et
1345 1258 1374 1297 a
1403 1244 1572 1300 rebus
1603 1244 1852 1313 quaesitis
1883 1245 2048 1315 longe
2079 1261 2230 1302 rece-

647 1331 800 1386 dere.
832 1334 1171 1403 Assumptus
1196 1335 1346 1390 enim
1379 1344 1466 1389 est
1507 1336 1664 1390 testis
1695 1348 1924 1394 sanctus
1955 1335 2228 1406 Baptista,

648 1437 762 1479 non
829 1431 890 1476 ut
953 1426 1263 1479 nativitatis
1315 1436 1561 1496 tempore
1618 1427 1782 1480 modo
1828 1429 2227 1496 posteriorem,

647 1515 810 1569 modo
837 1517 1076 1586 priorem
1110 1517 1396 1576 Christum
1431 1517 1786 1588 ostenderet,
1815 1519 1910 1575 sed
1945 1529 2008 1576 ut
2043 1520 2229 1592 is,qui

647 1621 752 1659 una
811 1617 1164 1678 spectaverat
1205 1628 1226 1662 ι
1275 1610 1508 1680 gloriam
1556 1611 1713 1680 ejus,
1773 1612 2010 1683 gloriam
2068 1614 2230 1683 quasi

649 1695 923 1768 Uttigenili
951 1715 980 1753 a
1011 1699 1176 1756 Patre
1203 1701 1349 1771 pleni
1385 1703 1574 1774 gratia:
1606 1715 1660 1756 et
1685 1703 1960 1760 veritatis.
2000 1724 2018 1757 ι
2053 1705 2228 1771 Quam

641 1788 806 1859 igitur
829 1790 1253 1859 explicationem
1295 1795 1428 1866 99‘
1478 1794 1672 1850 afferes
1708 1797 1846 1850 adeo
1879 1799 2228 1868 intempesti-

2343 693 2664 765 προεδάδιζε
2711 692 2805 746 τοῦ
2851 693 3102 761 Σωτῆρος
3157 693 3186 744 6
3239 692 3583 762 Βαπτιστὴς,
3633 694 3947 763 ἠκολούθει

2340 787 2397 841 δέ
2433 805 2572 850 πως.
2608 786 2701 844 καὶ
2732 785 2909 838 ὀπίσω
2939 785 3150 856 τρέχων
3182 785 3452 854 ἐφαίνετο,
3484 787 3650 860 μησὶν
3683 787 3748 860 ἐξ
3779 789 3955 850 ὑστε-

2342 878 2510 954 ρίζων
2551 879 2694 942 ὅλοις
2731 881 2760 931 6
2793 877 3164 950 Ἐμμανουήλ,
3195 878 3272 943 ὡς
3298 879 3326 936 ό
3364 880 3638 958 μακάριος
3673 866 3978 951 ἱστόρησέ

2339 970 2575 1032 Λουκᾶς.
2625 968 2796 1022 Τοῦτο
2841 969 3020 1038 λέγειν
3067 971 3273 1024 οἴονται
3316 969 3406 1023 τὸν
3462 972 3717 1041 Ἰωάννην
3761 974 3948 1043 τινὲς,

2341 1062 2429 1115 ἵνα
2463 1063 2650 1131 νοῆται
2693 1063 2918 1120 τοιῶσδε
2959 1063 3104 1116 κατὰ
3152 1063 3244 1116 τὸν
3289 1063 3390 1134 τῆς
3445 1063 3662 1138 ἡλικίας
3707 1063 3947 1134 χρόνον

2346 1173 2364 1210 ι
2412 1152 2470 1208 Ὀ
2495 1154 2671 1206 ὀπίσω
2695 1171 2796 1224 μου
2827 1155 3142 1226 ἐρχόμενος,
3161 1153 3474 1225 ἔμπροσθέν
3506 1171 3606 1223 μου
3631 1154 3864 1230 γέγονεν
3886 1168 3941 1218 ’ρ

2337 1245 2456 1302 ἀλλ’
2489 1246 2638 1307 ἐστιν
2685 1247 2815 1307 ἰδεῖν
2867 1247 2958 1310 τὸν
3008 1247 3416 1318 ὀξυωπέστερον
3461 1249 3574 1308 τοῖς
3629 1245 3807 1318 θείοις
3849 1249 3942 1299 ἐν·

2339 1335 2654 1402 ατενίζοντα
2687 1337 3028 1409 θεωρήμασι,
3062 1339 3282 1409 πρῶτον
3311 1338 3432 1408 μὲν,
3461 1339 3610 1400 ὅπως
3638 1338 3720 1402 είς
3747 1338 3947 1407 sitcf;-

2337 1430 2464 1496 λους
2497 1433 2706 1495 ἐννοίας
2749 1435 2777 1485 6
2813 1432 2968 1500 λόγος
3014 1435 3144 1503 ἡμῖν
3193 1431 3539 1503 εἰσφέρεται,
3580 1433 3676 1495 καὶ
3709 1433 3945 1502 μακράν

2336 1540 2442 1576 που
2470 1523 2580 1576 τῶν
2617 1523 2930 1591 ἀναγκαίως
2964 1523 3310 1594 ζητουμένων
3343 1523 3634 1592 ἀποδημεῖ.
3671 1523 3942 1594 Παρελή-

2337 1615 2448 1685 φθη
2479 1615 2588 1687 γὰρ
2617 1617 2828 1686 μάρτυς
2856 1616 2884 1668 ὀ
2915 1617 3070 1682 ᾰγιος
3103 1613 3432 1684 Βαπτιστὴς,
3465 1614 3568 1683 οὐχ
3605 1614 3695 1676 ἵνα
3722 1613 3807 1683 τῷ
3833 1613 3939 1684 τῆς

2336 1708 2645 1778 γεννήσεως
2688 1707 2898 1778 χρόνῳ,
2951 1707 3081 1762 ποτὲ
3140 1707 3241 1777 μὲν
3288 1704 3675 1778 ὑστερίζοντα,
3710 1705 3853 1758 ποτὲ
3880 1705 3938 1758 δὲ

2338 1797 2407 1854 αὖ
2436 1800 2600 1856 πάλιν
2638 1798 3042 1870 προιερεύοντα
3065 1798 3213 1868 δείξῃ
3240 1797 3497 1868 Χριστὸν,
3531 1797 3646 1850 ἀλλ’
3679 1797 3759 1860 ὡς
3804 1813 3940 1849 συνο

641 1897 721 1936 va:
763 1883 1104 1947 tiarrationi,
1141 1891 1239 1938 aut
1273 1885 1546 1954 quomodo
1581 1897 1730 1942 recte
1759 1889 1909 1942 illam
1943 1890 2222 1958 interpre-

2333 1891 2662 1966 τεθεαμένος
2697 1909 2714 1942 ι
2747 1891 2847 1961 τὴν
2881 1891 3040 1957 δόξαν
3071 1889 3257 1957 αὐτοῦ,
3293 1889 3450 1955 δόξαν
3481 1889 3558 1954 ᾡς
3578 1887 3936 1958 Μονογεγοῦς

641 1976 886 2040 laberis,
917 1976 963 2031 si
1007 1977 1075 2031 ad
1107 1980 1374 2048 temporis
1408 1981 1646 2049 spatium
1671 1979 1881 2034 referas
1907 1979 1959 2034 id
1991 1979 2140 2050 quod
2170 1987 2226 2034 ln

641 2069 954 2136 quaestione
987 2069 1242 2136 vertitur,
1279 2069 1572 2135 nimirum,
1615 2089 1632 2130 ς
1671 2071 1774 2136 Qui
1813 2080 1938 2141 post
1975 2087 2060 2126 me
2093 2087 2227 2128 ven-

643 2168 804 2213 turus
837 2166 950 2221 est,
977 2167 1106 2213 ante
1134 2175 1218 2213 me
1241 2159 1422 2215 factus
1447 2161 1571 2214 est?
1608 2180 1626 2213 ι
1661 2145 1896 2217 Utenim
1931 2161 2224 2228 Dominum

643 2257 768 2318 post
812 2249 1115 2319 Baptistam
1186 2252 1374 2312 venire
1405 2269 1597 2310 onmes
1631 2254 1936 2319 fateantur.
1991 2271 2226 2326 praeser-

643 2343 741 2396 tim
772 2358 897 2408 cum
935 2345 1151 2402 ratione
1182 2346 1447 2415 temporis
1481 2361 1594 2416 quo
1619 2347 1953 2412 incarnatus
1993 2357 2110 2416 est,
2155 2349 2230 2408 sit

644 2433 740 2488 illo
782 2436 1086 2501 posterior,
1135 2450 1372 2510 quonam
1407 2443 1570 2505 pacto
1597 2435 1762 2490 etiam
1788 2437 1946 2512 prior
1975 2437 2072 2492 illo
2097 2439 2228 2504 erit,

644 2535 890 2596 tempore
939 2526 1244 2582 nimirum?
1284 2525 1442 2582 Hunc
1501 2527 1650 2592 enim
1705 2541 1931 2590 sensum
1981 2540 2012 2590 a
2064 2528 2230 2594 nobis

641 2617 888 2682 vicissim
927 2619 1171 2690 postulat
1192 2619 1328 2682 ordo
1351 2618 1784 2690 praecedentium
1806 2629 1860 2674 et
1881 2620 2226 2684 consecutio.

640 2711 711 2764 At
744 2709 896 2774 istud
931 2711 1048 2772 fieri
1097 2726 1211 2772 non
1242 2726 1425 2784 posse,
1457 2725 1619 2772 nemo
1648 2709 1962 2774 dubitabit,
2009 2709 2226 2780 opinor.

639 2802 796 2876 Quod
828 2805 979 2866 enim
1009 2813 1263 2874 tempore
1316 2804 1598 2875 posterius
1650 2810 1738 2864 est
1791 2803 2000 2874 aliquo,
2042 2803 2231 2874 utique

639 2899 794 2968 prius
820 2913 929 2959 non
950 2897 1060 2960 erit
1093 2913 1162 2962 eo
1197 2900 1346 2968 quod
1378 2897 1680 2960 antecedit.
1719 2893 1892 2975 igitur
1921 2895 2228 2962 absurdum

642 3001 726 3048 est
779 2991 948 3065 plane
1010 3000 1066 3050 ct
1110 2990 1458 3062 incredibile,
1508 2997 1764 3052 sanctum
1820 2987 2122 3058 Baptistam
2161 2987 2230 3042 de

642 3093 887 3151 tempore
935 3081 1340 3140 incarnationis
1404 3082 1652 3143 locutum
1695 3094 1818 3136 esse
1867 3094 1994 3133 cum
2049 3078 2224 3134 dixit:

645 3191 665 3225 ι
705 3172 808 3239 Qui
844 3181 969 3244 post
995 3190 1080 3230 me
1111 3184 1382 3232 venturus
1413 3182 1537 3236 est,
1574 3181 1702 3230 ante
1727 3187 1812 3230 me
1847 3171 2026 3227 factus
2053 3179 2167 3240 est;
2205 3191 2224 3228 ι

641 3265 737 3318 sed
773 3262 842 3317 ad
882 3263 1220 3334 propositum
1267 3263 1429 3319 nobis
1464 3277 1694 3331 scopum
1728 3260 1864 3316 illud
1895 3261 2084 3331 potius
2139 3261 2226 3316 in-

641 3357 981 3428 telligentes,
1017 3357 1117 3411 hoc
1145 3355 1311 3410 modo
1337 3355 1544 3414 dictum
1565 3369 1696 3414 esse
1726 3354 2044 3409 credemus.
2081 3353 2231 3412 Scite

646 3449 842 3504 beatus
890 3447 1137 3519 Baptista
1185 3462 1215 3500 a
1258 3446 1475 3516 vulgari
1523 3445 1782 3515 loquendi
1830 3446 2232 3510 consuetudine

643 3554 953 3596 sermonem
995 3539 1267 3604 transfert
1317 3537 1385 3598 ad
1419 3538 1763 3606 spiritualem
1822 3552 2006 3602 rerum
2047 3539 2231 3609 quali-

644 3640 845 3698 tatem,
877 3639 932 3692 et
959 3631 1030 3685 ab
1056 3630 1298 3702 imagine
1326 3643 1390 3684 ac
1422 3627 1789 3692 similitudine
1824 3643 2007 3695 rerum
2033 3630 2231 3684 burna.-

643 3738 842 3782 narum
892 3722 962 3777 ad
1015 3723 1442 3792 explicationem
1501 3720 1810 3776 subtilioris
1847 3737 2049 3788 sensus
2099 3738 2230 3794 pro-

643 3815 913 3886 greditur.
967 3814 1101 3869 Fere
1161 3815 1308 3868 enim
1371 3812 1428 3866 fit
1461 3823 1524 3866 ut
1580 3814 1674 3884 qui
1729 3813 1838 3876 dux
1893 3823 1978 3874 est
2026 3814 2226 3882 alicui,

643 3909 886 3968 nobilior
924 3906 996 3970 sit
1039 3921 1106 3961 eo
1150 3907 1246 3976 qui
1295 3905 1574 3976 sequitur,
1613 3913 1668 3960 ct
1718 3907 1922 3962 cedunt
1973 3907 2231 3979 discipuli

644 3999 966 4069 magistris;
1015 3995 1483 4067 quemadmodum
1539 3996 1754 4067 peritus
1789 3995 1945 4053 faber
1996 3999 2230 4060 aerarius

645 4106 738 4150 aut
790 4093 1154 4158 architectus,
1209 4090 1442 4160 exempli
1481 4090 1680 4160 gratia,
1741 4091 1824 4144 rel
1890 4100 2066 4146 textor
2121 4091 2232 4158 du;

645 4197 732 4240 est
802 4180 1208 4253 quodammodo
1289 4190 1344 4234 et
1422 4189 1646 4251 praestat
1750 4182 1800 4236 ei
1863 4183 1961 4252 qui
2052 4199 2110 4239 se
2175 4183 2229 4248 in

646 4277 998 4344 disciplinam
1069 4273 1193 4342 ejus
1263 4273 1400 4328 artis
1463 4271 1650 4338 dedit,
1699 4281 1754 4327 et
1805 4272 1873 4326 ad
1929 4273 2230 4344 perfectam

647 4369 768 4439 ejus
831 4367 1084 4424 notitiam
1141 4365 1448 4422 contendit.
1522 4365 1630 4420 Sed
1701 4365 1747 4422 si
1807 4367 2057 4436 magistri
2135 4382 2230 4437 pe..-

652 4465 836 4515 ritiam
886 4460 1236 4529 superaverit
1292 4460 1392 4514 iste
1465 4459 1774 4527 discipulus
1830 4466 1885 4512 et
1938 4459 2099 4528 longo
2147 4460 2233 4512 in-

2330 1983 2483 2053 παρά
2540 1982 2773 2052 Πατρός,
2847 1981 3061 2052 πλήρης
3117 1982 3343 2052 χάριτος
3412 1981 3508 2044 καὶ
3561 1980 3855 2049 ἀληθείας.
3911 1999 3931 2034 ι

2329 2077 2490 2128 Ποῖον
2519 2069 2614 2128 οὖν
2653 2075 2718 2128 ἄν
2749 2091 2833 2137 τις
2863 2073 3173 2146 ἐφαρμόσαι
3210 2071 3369 2142 λόγον
3406 2074 3519 2136 τοῖς
3551 2072 3726 2134 οὕτως
3763 2071 3938 2132 ἀκαὶο

2333 2185 2441 2239 ρως
2475 2165 2820 2236 εἱσὸεόηκόσι
2863 2165 3235 2236 διηγήμασινς
3292 2163 3325 2234 ἦ
3379 2163 3493 2227 πῶς
3557 2163 3622 2216 ἀν
3652 2179 3735 2226 τις
3791 2165 3937 2234 ἡμῖν

2330 2259 2660 2340 ἑρμηνεύσοι
2705 2256 2918 2326 σοφῶς,
2965 2257 3044 2322 εἰς
3091 2254 3369 2326 ποσότητα
3410 2255 3606 2327 χρόνου
3645 2253 3833 2311 λαϐὼν
3873 2254 3937 2306 τὸ

2327 2351 2681 2426 ζητούμενον.
2713 2349 2858 2406 τοῦτ’
2899 2349 3048 2410 ἔστιν
3071 2389 3088 2422 ,
3129 2367 3147 2409 ,t
3191 2349 3249 2400 Ὀ
3282 2347 3458 2401 ὀπίσω
3487 2364 3589 2418 μου
3625 2347 3937 2418 ἐρχόμενος

2332 2442 2642 2514 ἔμπροσθέν
2683 2458 2784 2512 μου
2811 2439 3004 2510 γέγονε
3034 2458 3048 2498 ;
3087 2458 3105 2491 ι
3143 2439 3360 2492 Κείσθω
3395 2438 3506 2508 γὰρ
3547 2439 3634 2508 δὴ,
3667 2439 3766 2492 καὶ
3794 2441 3936 2510 ὁμο.

2329 2533 2697 2603 λογουμένως,
2721 2531 2782 2584 τὸ
2815 2531 3042 2591 κατόπιν
3069 2529 3325 2610 ἔρχεσθαι
3355 2529 3454 2592 τοῦ
3487 2529 3797 2593 Βαπτιστοῦ
3831 2531 3935 2583 τὸν

2330 2627 2557 2700 Κύριον,
2617 2625 2711 2680 ἆτε
2757 2623 2822 2694 δὴ
2866 2625 3127 2692 γεγονότα
3174 2622 3253 2693 τῷ
3289 2622 3470 2694 χρόνῳ
3520 2622 3598 2692 τῷ
3648 2623 3792 2676 κατά
3822 2625 3934 2692 τὴν

2332 2699 2512 2790 σάρκα
2550 2717 2837 2788 δεύτερον·
2879 2714 3024 2770 κατά
3059 2715 3181 2767 τίνα
3221 2699 3424 2785 τρόπον
3471 2715 3566 2767 καὶ
3610 2714 3933 2785 ἔμπροσθεν

2331 2809 2499 2864 αὐτοῦ
2525 2809 2838 2880 γενήσεται,
2889 2806 3030 2870 κατά
3083 2804 3274 2877 χρόνον
3311 2805 3370 2868 δὲ
3414 2805 3698 2876 δηλονότις
3744 2806 3932 2868 Καὶ.Ξί

2329 2901 2440 2972 γὰρ
2477 2900 2557 2968 είς
2585 2897 2776 2954 τοῦτον
2815 2900 2964 2969 ἡμᾶς
3012 2898 3104 2952 τὸν
3148 2897 3274 2952 νοῦν
3322 2899 3356 2969 ἡ
3403 2901 3518 2962 τοῖς
3553 2898 3929 2968 προλαῦοὖσιν

2330 2991 2611 3060 ἀναλόγως
2644 2990 2969 3068 ὀφειλομένη
2995 2989 3151 3057 τάξις
3199 3007 3257 3050 τε
3297 2991 3393 3050 καὶ
3420 2988 3729 3052 ἀκολουθία.
3779 2989 3926 3054 'an'

2330 3081 2486 3155 οἶμαι
2522 3081 2682 3138 τοῦτο
2730 3081 2895 3134 παντί
2949 3099 3026 3152 τῳ
3067 3080 3323 3150 γενέσθαι
3371 3081 3542 3150 σαφὲς
3565 3121 3580 3146 ,
3620 3079 3696 3143 ὡς
3724 3081 3829 3144 οὐκ
3855 3079 3930 3136 ἂν

2331 3175 2418 3248 εἴη
2450 3173 2560 3240 τῶν
2587 3173 2973 3245 ἐνδεχομένων.
3017 3173 3091 3230 Τὸ
3132 3173 3242 3244 γὰρ
3273 3172 3556 3243 ὑστερίζον
3589 3171 3731 3236 τινὸς
3780 3176 3929 3235 κατά

2329 3267 2421 3320 τὸν
2445 3266 2657 3338 χρόνον,
2678 3267 2779 3319 ούκ
2805 3265 2870 3320 ἀν
2894 3281 3024 3320 ποτε
3048 3263 3254 3332 φθάσαι
3284 3265 3344 3324 τὸ
3365 3263 3498 3336 ἠγού
3507 3281 3687 3335 μενον.
3711 3264 3929 3318 Οὐκοῦν

2331 3359 2546 3431 ἀμαθὲς
2567 3358 2790 3429 κομιδῇ,
2819 3360 2915 3413 καὶ
2944 3357 3227 3418 παντελῶς
3254 3357 3543 3424 ἀπίθανον,
3568 3358 3697 3427 περὶ
3724 3359 3929 3427 χρόνου

2329 3447 2426 3500 τοῦ
2459 3446 2602 3504 κατά
2639 3445 2739 3517 τὴν
2800 3445 2981 3516 σάρκα
3025 3446 3116 3508 τὸν
3166 3447 3323 3514 άγιον
3363 3448 3538 3500 εἰπεῖν
3573 3445 3780 3500 οἴεσθαι
3816 3448 3928 3508 Ba-

2331 3537 2588 3607 πτιστήν·
2625 3554 2645 3588 ι
2693 3536 2754 3590 '0
2783 3536 2958 3589 ὀπίσω
2983 3554 3086 3606 μου
3120 3537 3436 3610 ἐρχόμενος,
3465 3537 3773 3612 ἔμπροσθέν
3815 3557 3926 3610 μου

2332 3629 2559 3698 γέγονεν
2581 3644 2595 3658 ·
2629 3647 2647 3680 ι
2685 3627 2996 3691 ἀκολούθως
3016 3627 3072 3680 δὲ
3107 3623 3308 3698 μᾶλλον
3337 3627 3416 3699 τῷ
3449 3629 3580 3699 ἡμῖν
3606 3630 3929 3700 προτεθὲν-ει

2325 3719 2524 3792 σκοπῷ
2551 3719 2798 3792 νοοῦντες
2839 3721 2994 3784 αὐτὸ,
3025 3719 3249 3774 τοιῶσδέ
3277 3737 3394 3792 πως
3425 3720 3678 3796 εἰρῆσθαι
3707 3722 3930 3786 πιστεύ-

2334 3831 2529 3886 σομεν.
2566 3814 2879 3885 Χαριέντως
2919 3814 2947 3866 ό
2999 3813 3269 3884 μακάριος
3318 3814 3630 3886 Βαπτιστὴς
3671 3814 3784 3872 ἀπὸ
3829 3815 3924 3867 τοῦ

2332 3902 2474 3964 κατά
2507 3903 2802 3974 συνήθειαν
2850 3887 3436 3972 σχήματοςάναφέρει
3477 3904 3570 3955 τὸν
3610 3903 3799 3974 λόγον,
3835 3903 3926 3956 ἐπὶ

2333 3996 2596 4066 ποιότητα
2643 3993 2987 4066 πραγμάτων
3024 3992 3403 4064 πνευματικὴν
3423 4033 3438 4055 ,
3470 3994 3562 4056 καὶ
3597 3993 3785 4063 ὥσπερ
3813 3995 3926 4048 ἀπό

2333 4104 2478 4150 τινος
2514 4085 2722 4146 εἰκόνος
2763 4085 2873 4138 τῶν
2903 4083 3026 4138 καθ’
3083 4085 3232 4154 ἡμᾶς
3277 4086 3358 4147 είς
3400 4083 3662 4155 ἐξήγησιν
3699 4083 3927 4154 ,ἔρχεται

2333 4180 2624 4254 νοημάτων
2643 4176 3043 4255 λεπτομερεπέ
3053 4193 3179 4245 ρων.
3203 4174 3352 4238 Φιλβῖ
3369 4173 3470 4246 μὲν
3496 4175 3603 4244 γάρ
3621 4191 3737 4240 πως
3757 4175 3845 4228 ἀεὶ
3868 4176 3929 4226 τὸ

2333 4271 2584 4342 ἡγεῖσθαι
2617 4268 2883 4343 πεφυκὸς.
2913 4267 3023 4320 τῶν
3046 4266 3278 4320 ἕπεσθαι
3319 4265 3629 4336 λεγομένων
3655 4265 3928 4334 ὑπάρχειν

2323 4356 2730 4426 ,ὲπιδοξότερον,
2767 4357 3090 4426 παραχωρεί
3118 4353 3175 4406 δὲ
3204 4355 3316 4416 τοῖς
3349 4353 3676 4422 ἡγουμένοις
3706 4354 3774 4406 τὰ
3802 4354 3931 4414 ἐπᾴ-

2337 4463 2517 4519 μενα⁶
2567 4444 2679 4500 οἷον
2731 4448 2760 4499 ό
2816 4444 3178 4516 χαλκευτικὴν
3232 4443 3546 4522 ἀκριϐώσας
3600 4443 3836 4515 τέχνην,

650 4554 880 4608 tervallo
931 4562 1055 4622 post
1119 4547 1180 4606 'se
1237 4551 1555 4620 reliquerit,
1615 4566 1723 4604 non
1781 4549 1992 4605 insulse
2049 4551 2230 4603 dictu-

2336 4539 2656 4609 τεκτονικὴν
2693 4538 2875 4608 τυχὸν,
2907 4535 2941 4612 ἢ
2977 4534 3298 4605 ὑφαντικὴν,
3335 4533 3548 4603 ἡγεῖταί
3574 4551 3714 4604 πως,
3739 4535 3835 4594 καὶ
3864 4537 3930 4587 τὸ

651 4663 773 4702 rum
837 4647 1035 4714 opinor
1073 4661 1199 4704 cum
1247 4649 1340 4714 qui
1389 4658 1418 4696 a
1460 4641 1733 4712 discipulo
1780 4640 1950 4697 fuerit
2001 4657 2231 4710 supera-

653 4751 742 4794 ltts
787 4757 798 4790 :
840 4757 861 4796 ι
897 4739 1002 4804 Qui
1059 4747 1182 4808 post
1230 4754 1316 4792 me
1352 4736 1537 4801 venit,
1564 4743 1699 4796 ante
1730 4749 1818 4796 me
1845 4733 2028 4799 factus
2067 4744 2178 4789 est.
2209 4754 2227 4784 ι

650 4833 731 4887 Ad
754 4833 892 4886 hanc
912 4832 1078 4901 igitur
1093 4829 1388 4886 formamsi
1411 4828 1586 4884 .vimet
1604 4826 1874 4886 rationem
1902 4827 2052 4880 illius
2069 4825 2230 4892 dicti,

651 4937 759 4980 tam
797 4926 865 4979 de
893 4924 1178 4978 Salvatorc
1220 4929 1414 4976 nostro
1459 4919 1683 4973 Christo
1716 4933 1878 4988 quam
1935 4919 1999 4974 de
2037 4925 2229 4978 sancte

651 5019 932 5089 Baptista,
959 5014 1264 5072 transferas
1285 5054 1298 5077 ,
1349 5021 1498 5067 recte
1531 5027 1653 5068 mea
1702 5012 1923 5080 quidem
1957 5009 2231 5068 sententia

651 5111 924 5179 intelliges
958 5128 972 5164 :
1003 5106 1099 5166 sed
1128 5107 1197 5162 ab
1231 5105 1392 5160 initio
1435 5103 1673 5172 accipito
1703 5101 1942 5171 singula.
1979 5097 2234 5152 Admira-

651 5204 789 5259 tioni
841 5212 961 5258 erat
1020 5199 1164 5271 apud
1200 5216 1394 5262 omnes
1423 5197 1692 5268 Baptista,
1729 5195 1935 5248 multos
1993 5192 2235 5258 undique

651 5301 754 5356 sibi
803 5298 1112 5367 discipulos
1168 5295 1502 5362 collegerat,
1559 5305 1754 5358 magna
1793 5288 1950 5341 turba
2012 5285 2236 5339 venien-

653 5392 790 5449 tium
840 5388 908 5446 ad
943 5389 1274 5458 baptismum
1305 5385 1372 5439 ad
1409 5400 1533 5440 eum
1584 5379 1896 5436 conﬂuebat
1933 5395 1944 5429 :
1978 5375 2235 5429 Christus

652 5494 836 5538 autem
873 5480 1249 5547 ignorabatur,
1278 5476 1533 5549 quamvis
1562 5481 1712 5528 esset
1757 5485 1823 5524 eo
1856 5467 2234 5538 praestantior,

651 5576 797 5631 Deus
834 5591 994 5630 verus
1046 5574 1398 5630 nesciebatur
1441 5583 1613 5631 esse;
1678 5575 1918 5630 cuunpie
1967 5560 2162 5620 lateret
2189 5559 2234 5614 is

652 5671 746 5743 qui
776 5669 1033 5740 Baptista:
1064 5676 1184 5722 erat
1221 5659 1610 5722 admirationi.
1668 5672 1734 5709 eo
1773 5667 1995 5724 quoque
2046 5661 2234 5722 poste~

652 5765 772 5821 rior
800 5780 924 5820 esse
974 5754 1386 5832 quodammodo
1426 5750 1741 5812 videbatur;
1785 5748 1896 5802 ibat
1953 5747 2236 5814 aliquanto

654 5871 778 5935 post
799 5861 950 5917 illum
981 5856 1076 5928 qui
1115 5853 1327 5908 honore
1369 5856 1424 5901 et
1463 5845 1639 5899 gloria
1670 5846 1814 5901 inter
1847 5841 2102 5898 homines
2122 5853 2235 5894 ma-

2334 4633 2560 4701 ἄμεινον
2596 4608 2708 4700 ἔχει
2731 4627 2825 4680 τοῦ
2849 4608 2994 4680 κα.τά
3017 4626 3316 4697 μαθητείαν
3350 4626 3578 4688 ἕπεσθαι
3606 4608 3948 4694 νοουμένου,ί

2334 4721 2429 4774 καὶ
2462 4723 2543 4783 εἰς
2575 4722 2635 4772 τὸ
2676 4718 2898 4782 τελείως
2947 4717 3146 4770 εἰδέναι
3193 4715 3535 4786 βαδίζοντος·
3583 4715 3698 4768 ἀλλ’
3731 4717 3866 4768 ὅταν
3900 4719 3929 4768 ό

2332 4811 2578 4876 τοιοῦτος
2607 4811 2707 4881 τὴν
2745 4810 2840 4862 τοῦ
2869 4809 3213 4871 διδάσκοντος
3244 4805 3658 4878 ὑπεραναὸαίνῃ
3698 4806 3926 4876 τέχνην,

2335 4906 2432 4966 καὶ
2487 4902 2720 4958 κατόπιν
2770 4901 2940 4964 ἐάσας
2993 4901 3164 4970 αὐτὴν
3215 4898 3515 4970 ἐργάζηται
3561 4900 3622 4951 τὸ
3673 4897 3927 4967 ἄμεινον,

2335 4997 2438 5049 οὐκ
2487 4992 2750 5062 ἀκόμψως
2803 4993 2952 5063 ἐρεῖν
3015 4991 3108 5044 τὸν
3151 4987 3506 5066 νενικημένον
3551 4987 3930 5057 ὑπολαμϐάνω

2336 5087 2467 5158 περὶ⁵
2521 5083 2616 5138 τοῦ
2668 5084 2994 5154 νικήσαντος
3045 5082 3329 5158 μαθητοῦ·
3383 5100 3402 5132 ι
3469 5081 3528 5133 '0
3582 5081 3758 5133 ὀπίσω
3817 5098 3927 5149 μου

2337 5180 2666 5252 ἐρχόμενος,
2722 5175 3034 5248 ἔμπροσθέν
3084 5192 3187 5244 μου
3233 5175 3444 5243 γέγονε.
3488 5192 3506 5223 ι
3553 5173 3712 5236 Κατὰ
3764 5171 3928 5224 τοῦτο

2335 5255 2514 5324 τοίνυν
2549 5267 2934 5340 μετακομίζων
2967 5266 3028 5322 τὸ
3073 5267 3256 5336 σχῆμα
3289 5267 3387 5336 τὴν
3424 5265 3520 5318 τοῦ
3561 5264 3926 5334 θεωρήματος

2336 5365 2566 5435 δύναμιν
2597 5363 2688 5416 ἐπί
2716 5379 2778 5416 τε
2805 5359 2901 5413 τοῦ
2950 5359 3200 5429 Σωτῆρος
3255 5357 3412 5430 ἡμῶν
3437 5356 3678 5429 Χριστοῦ
3706 5356 3800 5410 καὶ
3827 5354 3927 5407 τοῦ

2329 5458 2492 5527 ἁγίου
2528 5452 2836 5508 Βαπτιστοῦ
2865 5493 2880 5517 ,
2916 5453 3128 5523 νοήσεις
3163 5451 3337 5522 ὀρθῶς
3358 5468 3372 5481 ·
3420 5450 3575 5518 δέχου
3604 5449 3662 5502 δὲ
3697 5448 3770 5500 «τὰ
3798 5447 3927 5527 καθ’

2327 5552 2567 5606 ,ἕκαστον
2601 5547 2664 5620 ἐξ
2693 5549 2891 5618 ἀρχῆς.
2931 5544 3306 5615 Ἐοαυμάζετο
3342 5543 3493 5614 παρά
3520 5542 3739 5594 πάντων
3767 5543 3794 5594 ὀ
3819 5539 3928 5591 Ba-

2337 5644 2588 5713 πτιστὴς,
2623 5641 2852 5702 πολλοὺς
2885 5638 3061 5692 ἐποίει
3107 5639 3232 5701 τοὺς
3271 5635 3540 5707 μαθητάς,
3571 5634 3733 5707 ,ὄχλος
3757 5631 3927 5686 αὐτὸν

2339 5737 2584 5808 περιέθει
2603 5737 2711 5788 τῶν
2740 5733 3152 5805 βαπτιζομένων
3181 5731 3366 5790 πολύς·
3403 5732 3648 5798 ἠγνοεῖτο
3670 5729 3723 5780 δὲ
3749 5726 3928 5778 καίτοι

2339 5833 2607 5904 κρείττων
2639 5829 2716 5884 ὢν
2748 5831 2776 5881 ὀ
2802 5827 3060 5898 Χριστὸς,
3107 5824 3420 5889 ἐλάνθανεν,
3464 5824 3549 5876 ὅτι
3569 5821 3700 5885 Θεὸς
3743 5818 3928 5888 ύπῆρο

3837 394 3955 448 168
