4118 6542
219 407 318 459 itif)

1247 401 1312 454 IN
1351 396 1640 453 JUANMS
1678 393 2130 454 EVANGELIUM
2182 395 2312 457 LIB.
2345 397 2388 454 1.
3394 386 3496 439 170

216 534 310 587 χεν
342 515 592 588 ἀληθινός
625 535 636 547 ·
676 519 866 588 ἐπειδὴ
921 518 977 570 δὲ
1040 517 1285 584 ἠγνοεῖτο
1318 513 1378 566 τὸ
1401 509 1810 580 Θαυμαζόμενον

1913 507 2002 578 jor
2031 509 2333 565 etiamnum
2363 518 2484 566 erat
2509 529 2520 564 :
2551 510 2648 566 sed
2681 510 2776 583 qui
2795 523 2936 582 pone
2961 505 3294 578 sequebatur
3317 503 3497 559 factus

214 608 308 661 τοῦ
351 609 658 662 Βαπτιστοῦ
685 649 700 674 ,
737 610 910 664 ἐδόκει
954 625 1072 670 πως
1121 608 1216 661 καὶ
1261 605 1566 676 ὑστερίζειν
1599 599 1804 655 αὑτοῦ·

215 701 465 765 ἐϐάδιζεν
499 667 698 756 ὀπίσω,
728 701 900 771 βραχὺ
948 699 1009 752 τὸ
1053 667 1243 769 μεῖζον
1290 667 1504 767 ἔχοντος
1548 694 1629 746 ἔτι
1669 693 1810 747 κατὰ

215 792 383 863 τιμὴν
413 794 508 846 καὶ
548 791 708 856 δόξαν
750 792 850 861 τὴν
901 792 958 843 ἐν
1007 789 1316 860 ἀνθρώποις
1363 788 1608 841 ἐκείνου*
1641 786 1756 842 ἀλλ’
1781 787 1810 839 6

218 883 512 953 ἐρχόμενος
541 883 719 936 ὀπίσω
749 883 974 951 γέγονεν
1003 881 1335 951 ἔμπροσθεν,
1383 878 1586 949 μείζων
1627 878 1811 932 Ἰωάν-

218 991 332 1038 νου,
363 975 459 1027 καὶ
493 974 758 1045 κρείττων
791 972 1273 1042 ἀναδεικνύμενος.
1333 972 1390 1023 '0
1441 971 1540 1041 μὲν
1569 969 1677 1040 γὰρ
1707 969 1810 1042 ἤδη

218 1063 351 1126 Θεὸς
383 1063 668 1134 ὑπάρχων,
714 1063 805 1118 διά
839 1065 949 1118 τῶν
994 1064 1173 1135 ἔργων
1231 1062 1670 1116 ἁπεκαλύπτετοο
1701 1065 1728 1115 6
1756 1061 1812 1115 δὲ

217 1153 319 1222 τῆς
350 1151 773 1224 άνθρωπότητος
799 1155 899 1208 οὐκ
934 1154 1246 1209 ἀναϐαίνων
1274 1153 1336 1205 τὺ
1375 1153 1596 1223 μέτρον,
1635 1153 1811 1205 ὀπίσω

214 1243 402 1299 λοιπὸν
445 1245 539 1297 καὶ
583 1245 822 1314 γεγονὼς
855 1246 1194 1316 εὑρίσκεται.
1228 1245 1439 1297 Οὐκοῦν
1466 1246 1809 1315 αἰνιγματω-

215 1338 323 1401 δῶς
352 1339 382 1391 6
412 1339 684 1409 μακάριος
716 1339 922 1409 ἔφασκε
953 1339 1266 1409 Βαπτιστής
1291 1355 1304 1368 ο
1340 1356 1357 1387 ‹
1409 1338 1467 1391 Ὀ
1495 1338 1672 1391 ὀπίσω
1709 1354 1810 1408 μου

216 1431 538 1502 ἐρχόμενος,
589 1431 903 1504 ἔμπροσθέν
949 1449 1052 1502 μου
1089 1431 1349 1500 γέγονεν,
1395 1449 1414 1483 ι
1453 1430 1574 1483 ἀντὶ
1595 1431 1712 1492 τοῦ,
1753 1430 1810 1482 '0

215 1526 349 1578 ποτὲ
382 1525 612 1579 κατόπιν
640 1526 743 1595 τῆς
767 1527 907 1596 ἐμῆς
930 1526 1191 1597 ὑπάρχων
1220 1527 1406 1596 τιμῆς,
1436 1523 1810 1594 ἐπιδοξότερος

215 1617 398 1688 ὤφθη,
447 1619 544 1672 καὶ
589 1619 945 1689 ἁσυγκρίτοις
981 1620 1278 1689 ὑπεροχαῖς
1319 1618 1380 1670 τὸ
1429 1617 1552 1687 ἐμοὶ
1597 1616 1809 1686 πρέπον

215 1724 277 1760 τε
306 1709 401 1762 καὶ
441 1709 644 1780 προσὸν
705 1709 1098 1781 ὑπερεκτρέχει
1132 1710 1348 1780 μέτρον.
1383 1707 1539 1761 Οῦτω
1566 1707 1811 1770 νοοῦντες

217 1799 276 1852 τὸ
322 1800 634 1871 εἰρημένον,
691 1801 946 1872 μάρτυρα
999 1803 1098 1872 τῆς
1139 1800 1296 1872 δόξης
1337 1801 1430 1854 τοῦ
1469 1800 1811 1869 Μονογενοῦς

1911 608 1996 656 est
2022 598 2236 657 Joanne
2266 602 2463 672 major.
2493 600 2587 658 Ille
2613 602 2766 675 99“
2787 603 2936 659 enim
2957 598 3306 658 divinitatem
3338 612 3494 652 suam

1911 693 2178 764 operibus
2208 695 2490 764 probavit,
2521 695 2612 750 hic
2648 696 2790 751 ultra
2823 691 3190 750 humanitatis
3219 689 3498 746 conditio-

1911 801 2034 840 nem
2067 801 2179 842 non
2205 794 2454 851 evectus,
2490 796 2809 858 postremus
2858 803 2984 844 esse
3017 799 3241 858 quoque
3284 783 3496 852 reperi-

1911 884 2026 932 tur.
2085 878 2276 949 ltaque
2330 879 2681 950 aznigmatice
2740 879 2941 935 beatus
2997 879 3240 950 Baptista
3313 875 3492 930 dixit:

1917 989 1934 1022 ‹
1975 968 2081 1036 Qui
2115 980 2240 1041 post
2271 988 2357 1028 me
2392 981 2660 1029 venturus
2687 981 2793 1037 est,
2818 981 2950 1028 ante
2990 988 3077 1028 me
3114 974 3294 1028 factus
3314 977 3433 1033 est;
3470 987 3489 1023 υ

1910 1063 2073 1132 quasi
2104 1063 2355 1122 diceret:
2389 1065 2494 1132 Qui
2535 1066 2670 1120 mihi
2709 1067 2921 1124 honore
2957 1065 3193 1122 inferior
3233 1073 3377 1128 erat,
3414 1063 3496 1117 vi-

1911 1169 2009 1208 sus
2056 1162 2144 1208 est
2198 1154 2496 1222 illustrior,
2567 1167 2620 1212 et
2685 1157 3110 1228 incomparabili
3165 1156 3496 1212 excellentia

1911 1244 2290 1303 conditionem
2339 1262 2517 1303 meam
2574 1249 2876 1304 antecellit.
2915 1248 2970 1304 Si
3007 1249 3215 1305 dictum
3260 1263 3496 1318 evange-

1912 1335 2057 1390 lista:
2098 1337 2202 1392 hoc
2232 1339 2404 1394 modo.
2432 1339 2840 1413 intelligamus,
2883 1348 3081 1396 testem
3138 1341 3326 1412 gloria:
3369 1339 3498 1394 Uni-

1913 1428 2085 1498 geniti
2125 1429 2306 1501 ipsum
2364 1435 2801 1502 comperiemus,
2846 1449 2948 1490 nec
2994 1434 3242 1490 inanium
3306 1447 3490 1487 rerum

1914 1516 2364 1588 intempestivum
2392 1521 2771 1592 interpretem.
2801 1522 2991 1578 Dicere
3016 1523 3165 1579 enim
3211 1523 3494 1579 Christum

1915 1626 1974 1666 se
2023 1612 2286 1683 majorem
2334 1629 2480 1678 esse,
2537 1631 2662 1668 cum
2715 1631 2970 1687 magnam
3020 1617 3124 1672 sibi
3182 1617 3497 1672 sanctitatis

1914 1701 2234 1771 Opinionem
2283 1705 2680 1771 conciliasset,
2731 1706 2864 1776 quid
2921 1707 3070 1761 aliud
3124 1715 3210 1763 est
3273 1706 3496 1761 demum

1914 1806 2081 1860 quam
2121 1793 2378 1847 eximiam
2415 1803 2473 1849 et
2505 1795 2841 1865 singularem
2871 1799 2918 1852 ei
2949 1797 3182 1868 gloriam
3217 1797 3500 1852 tribuere?

216 1892 527 1963 εὑρήσομεν
555 1891 738 1957 αὐτὸν,
768 1893 861 1944 καὶ
887 1892 988 1944 οὐκ
1016 1891 1239 1945 εἰκαίων
1274 1891 1618 1962 πραγμάτων
1652 1891 1806 1946 ἄκαι-

1913 1881 2208 1952 Postquam
2237 1884 2380 1938 enim
2409 1883 2582 1950 dixit,
2613 1903 2631 1935 ι
2667 1884 2770 1951 Qui
2799 1897 2923 1956 post
2953 1903 3038 1941 me
3081 1897 3348 1942 venturus
3389 1895 3497 1952 est,

221 1998 313 2052 ρον
348 1982 642 2052 ἐξηγητὴν.
695 1982 768 2034 Τὸ
821 1982 928 2053 γὰρ
981 1982 1206 2051 μείζονα
1253 1981 1432 2049 λέγειν
1482 1982 1677 2036 ἑαυτοῦ
1711 1980 1805 2034 τὸν

216 2073 484 2142 Χριστὸν,
523 2070 770 2141 μεγάλην
817 2071 1032 2141 ἔχοντος
1071 2072 1164 2124 ἐπὶ
1205 2071 1453 2141 ἁγιότητι
1481 2072 1581 2140 τὴν
1606 2070 1807 2141 ὑπόλη-

211 2165 328 2234 ψιν,
354 2164 407 2217 τί
433 2163 498 2216 ἄν
528 2163 716 2234 ἕτερον
747 2164 834 2234 εἴη
867 2163 1076 2225 λοιπὸν,
1114 2162 1144 2232 ἢ
1169 2162 1329 2228 δόξαν
1357 2161 1508 2232 αὐτῷ
1538 2155 1633 2232 τὴν
1667 2161 1804 2227 ἐξαί-

212 2273 372 2327 ρετον
396 2257 824 2327 ὲπιμαρτυρεῖνς
848 2255 994 2319 Ὅτι,
1025 2273 1044 2307 ι
1080 2255 1137 2307 '0
1162 2255 1335 2309 ὀπίσω
1368 2272 1468 2326 μου
1489 2254 1803 2324 ἐρχόμενος,

211 2344 525 2418 ἔμπροσθέν
575 2362 676 2416 μου
712 2345 959 2413 γέγονεν,
1006 2362 1024 2396 ι
1074 2343 1278 2410 εἰπὼν,
1315 2343 1630 2411 ἀναγκαίως
1682 2345 1806 2396 ἐπι-

211 2441 370 2511 φέρει
393 2439 475 2503 τὸ,
502 2457 521 2491 t
556 2439 679 2493 Ὅτι
708 2438 928 2510 πρῶτός
956 2456 1060 2509 μου
1090 2434 1180 2509 ἦν,
1213 2458 1232 2490 ι
1263 2439 1642 2510 πρεσϐυτάτην
1660 2438 1810 2510 αὑτῷ

209 2535 308 2604 τὴν
337 2534 496 2600 δόξαν
530 2533 811 2597 ἀνατιθεὶς
832 2572 850 2598 ,
888 2534 983 2586 καὶ
1028 2531 1090 2585 τὸ
1121 2531 1380 2602 προῦχειν
1413 2532 1671 2584 ἁπάντων
1709 2532 1809 2584 οὐκ

210 2630 268 2678 ὲν
298 2627 478 2696 χρόνῳ
527 2624 930 2697 προσγεγονὸς,
979 2623 1094 2677 ἀλλ’
1125 2624 1430 2694 ἐνυπάρχον
1470 2625 1698 2687 ἄνωθεν,
1734 2625 1810 2688 ὡς

207 2718 332 2789 Θεῷ
357 2719 500 2772 κατὰ
525 2717 710 2786 φύσιν,
741 2711 1354 2786 διαϐεϐαιούμενοςῙΗν
1373 2715 1480 2787 γάρ
1510 2732 1612 2785 μου
1648 2716 1801 2786 πρῶ-

211 2825 324 2872 τος,
353 2809 540 2879 φησὶν,
575 2808 696 2860 ἀντὶ
748 2806 868 2871 τοῦ,
907 2807 994 2858 ἀεὶ
1041 2806 1136 2858 καὶ
1180 2805 1270 2859 διὰ
1318 2805 1519 2869 παντὸς
1561 2807 1803 2876 ἀμείνων

214 2900 311 2953 καὶ
346 2898 718 2969 ἐπιδοξότερος
743 2913 758 2930 ⁸
793 2898 884 2952 διὰ
907 2898 964 2950 δὲ
994 2899 1094 2968 τῆς
1128 2897 1266 2970 πρὸς
1295 2897 1393 2951 ἕνα
1417 2897 1528 2950 τῶν
1555 2898 1802 2969 γενητῶν

214 2990 584 3061 συγκρίσεως,
647 2989 680 3058 η
735 2987 875 3040 κατὰ
913 2987 1131 3044 πάντων
1167 2988 1349 3060 ψῆφος
1381 2987 1459 3058 τῷ
1493 2988 1633 3061 ὑπὲρ
1662 2989 1801 3044 πάν-

1908 1984 2034 2030 ante
2067 1991 2154 2031 me
2198 1975 2376 2031 factus
2399 1986 2505 2042 est,
2541 1995 2560 2028 ι
2609 1979 2921 2032 necessario
2952 1977 3267 2046 subjungit,
3313 1996 3330 2029 ι
3366 1979 3497 2048 quia

1907 2065 2062 2134 prior
2107 2080 2195 2121 me
2233 2075 2378 2131 erat,
2422 2085 2440 2119 ι
2483 2066 2930 2138 antiquissimam
2962 2069 3010 2122 ei
3043 2068 3275 2138 gloriam
3321 2067 3497 2124 ascri-

1908 2157 2068 2226 hens,
2107 2165 2162 2214 et
2203 2158 2580 2230 praestantiam
2625 2175 2794 2230 supra
2842 2175 2931 2215 res
2975 2175 3169 2216 omnes
3209 2174 3319 2215 non
3359 2167 3499 2215 tem-

1907 2252 2209 2324 porariam,
2257 2252 2354 2308 sed
2401 2267 2642 2320 superne
2681 2252 3132 2319 inexsistentem,
3165 2259 3226 2307 ut
3262 2251 3374 2308 Deo
3405 2265 3496 2308 δε·-

1907 2344 2151 2400 cundum
2176 2352 2433 2400 naturam
2463 2345 2824 2401 conlirmans.
2854 2345 2986 2400 Erat
3015 2345 3161 2400 enim
3206 2345 3361 2416 prior
3387 2360 3495 2408 tne.

1907 2438 2110 2508 inquit,
2140 2435 2196 2492 id
2225 2445 2332 2503 est,
2360 2446 2675 2507 semper,et
2709 2446 2984 2508 perpetuo
3018 2437 3220 2508 major,
3264 2445 3322 2493 et
3356 2453 3500 2508 prae-

1906 2531 2173 2586 stantior.
2213 2528 2383 2584 Facta
2420 2539 2604 2585 autem
2635 2531 2758 2600 ejus
2803 2545 2928 2586 cum
2967 2545 3075 2586 una
3111 2546 3177 2586 ex
3217 2531 3498 2588 creaturis

1906 2619 2364 2691 comparatione,
2421 2637 2746 2693 supremum
2805 2623 3058 2678 omnium
3125 2622 3298 2680 Deum
3369 2639 3496 2680 cum

1907 2713 2171 2768 omnibus
2201 2723 2592 2785 comparatum
2625 2715 2894 2785 intellige.
2930 2715 3049 2771 Non
3090 2717 3238 2772 enim
3285 2732 3354 2772 ex
3393 2715 3500 2771 hoc

1908 2806 2030 2860 solo
2071 2804 2544 2877 magniﬁcentiam
2595 2816 2650 2862 et
2676 2807 3059 2864 admirandam
3095 2808 3188 2864 Dei
3231 2810 3491 2878 majesta-

1908 2907 2020 2954 tem
2063 2912 2470 2970 agnoscemus,
2519 2898 2668 2970 quod
2716 2898 2988 2954 Joannem
3025 2901 3205 2972 gloria
3244 2909 3492 2971 superet,

1910 2991 2007 3047 sed
2043 2990 2193 3061 quod
2247 3004 2470 3045 omnem
2511 2999 2759 3044 creatam
2815 2990 3189 3047 substantiam
3241 2991 3496 3048 excedat.

208 3100 308 3145 τας
339 3082 652 3150 συνάγεται.
683 3083 758 3135 Οὐ
788 3081 898 3152 γὰρ
927 3085 986 3137 ὲν
1031 3084 1208 3154 τούτῳ
1234 3085 1331 3139 καὶ
1379 3084 1526 3155 μόνῳ
1579 3085 1640 3139 τὸ
1671 3088 1817 3158 μέγα
1892 3089 1987 3144 καὶ
2030 3087 2369 3155 ὰξιάγαστον
2412 3083 2508 3142 τοῦ
2547 3086 2676 3140 Υίοῦ
2726 3085 3084 3158 Θεωρήσομεν
3133 3087 3376 3161 ἀξίωμα,
3440 3092 3501 3144 ἑν

210 3173 291 3245 τῷ
336 3173 436 3244 τὴν
487 3173 736 3228 Ἰωάννου
783 3174 944 3241 δόξαν
1005 3178 1379 3249 ὑπερδραμεῖν
1404 3216 1420 3242 ,
1469 3178 1586 3232 ἀλλ’
1635 3182 1694 3233 ὲν
1726 3183 1805 3253 τῷ
1843 3185 2024 3254 πάσης
2056 3180 2416 3251 ὑπερκεῖσθαι
2446 3181 2682 3252 γενητῆς
2711 3181 2920 3246 οὐσίας.

285 3319 410 3373 Ὅτι
454 3318 523 3373 ἐκ
574 3316 680 3372 τοῦ
711 3313 1108 3384 πληρώματος
1141 3312 1328 3366 αὑτοῦ
1369 3313 1540 3381 ἡμεῖς
1582 3314 1807 3382 πάντες

1986 3317 2026 3381 l,
2070 3316 2158 3372 16.
2207 3317 2475 3384 Quoniam
2527 3317 2592 3372 de
2639 3318 2973 3384 plenitudine
3018 3320 3134 3391 ejus
3183 3339 3275 3376 nos
3318 3339 3500 3379 omnes

211 3410 532 3482 ἐλάϐομεν.

295 3545 641 3617 Ἀποδέχεται
665 3543 754 3597 διὰ
777 3541 982 3597 τούτων
1022 3539 1122 3611 τὴν
1149 3539 1325 3610 άληθῆ
1373 3539 1467 3593 τοῦ
1498 3542 1805 3597 Βαπτιστοῦ

217 3638 528 3709 μαρτυρίαν
563 3639 592 3690 6
635 3631 1050 3703 εὐαγγελιστὴς,
1099 3631 1192 3684 καὶ
1235 3631 1380 3701 σαφῆ
1427 3635 1662 3690 ποιεῖται
1709 3633 1806 3704 τὴν

215 3726 491 3791 ἀπόδειξιν
512 3727 611 3797 τῆς
633 3724 729 3779 τοῦ
751 3724 1002 3794 Σωτῆρος
1045 3719 1204 3791 ἡμῶν
1251 3720 1549 3791 ὑπεροχῆς,
1589 3722 1685 3776 καὶ
1711 3723 1806 3776 τοῦ

216 3816 517 3887 κεκτῆσθαι
541 3815 604 3868 τὸ
645 3813 806 3866 πλέον
849 3810 1123 3872 οὑσιωδῶς
1152 3809 1298 3863 κατὰ
1318 3812 1520 3874 παντὸς
1554 3812 1808 3883 γενητοῦ,

215 3912 358 3966 κατά
385 3928 444 3964 τε
467 3911 566 3981 τὴν
599 3909 758 3974 δόξαν
789 3906 981 3977 αὐτὴν,
1003 3905 1132 3976 περὶ
1160 3898 1229 3976 ἦς
1249 3905 1277 3956 6
1307 3903 1464 3972 λόγος
1491 3904 1636 3974 μάλα
1665 3907 1805 3970 νυνὶ,

215 4003 312 4058 καὶ
339 4003 432 4058 τὸν
451 4004 544 4056 ἐπὶ
573 4005 686 4064 τοῖς
715 4001 897 4063 ἄλλοις
922 3999 1128 4053 ἅπασιν
1159 3996 1382 4065 ἀγαθοῖς
1416 3997 1616 4051 εὐκλεᾶ
1646 3998 1811 4052 κατά-

215 4097 392 4163 λογον.
420 4097 654 4165 Ἀριστα
678 4094 786 4164 γάρ
811 4109 922 4162 μοι,
948 4092 1104 4161 φησὶ,
1141 4090 1232 4143 καὶ
1263 4089 1608 4159 ἀληθέστατα
1637 4089 1809 4157 λέγων

215 4189 245 4242 6
299 4188 613 4255 Βαπτιστὴς
670 4185 1030 4254 ἀναφαίνεται
1091 4183 1220 4252 περὶ
1263 4181 1357 4234 τοῦ
1411 4181 1755 4250 Μονογενοῦς
1789 4220 1804 4247 ,

224 4298 241 4330 ι
294 4279 419 4331 ’Ότι
448 4274 662 4347 πρῶτός
696 4291 796 4344 μου
835 4269 925 4344 ἦν,
970 4291 987 4323 ι
1015 4271 1158 4326 τοῦτ’
1182 4273 1319 4336 ἐστι,
1347 4273 1482 4326 πολὺ
1519 4274 1584 4344 δὴ
1622 4274 1808 4345 κρείτ-

217 4388 328 4424 των
375 4368 472 4422 καὶ
501 4367 766 4439 ἀμείνων·
799 4367 922 4420 ἐπεὶ
960 4365 1055 4419 καὶ
1081 4365 1284 4427 πάντες
1329 4367 1489 4434 ἡμεῖς
1519 4366 1568 4418 οἱ
1606 4367 1686 4428 είς
1715 4367 1808 4420 τὸν

219 4459 330 4515 τῶν
347 4459 520 4527 ἁγίων
543 4455 1013 4526 κατατεταγμένοι
1039 4454 1221 4526 χορὸν,
1257 4453 1320 4506 τὸ
1360 4455 1489 4508 ἴδιον
1537 4456 1702 4510 αὐτοῦ
1720 4473 1811 4510 πε-

223 4554 614 4624 πλουτήκαμεν
660 4549 886 4619 ἀγαθὸν,
915 4548 1011 4603 καὶ
1037 4551 1150 4611 τοῖς
1187 4547 1398 4601 ἐκείνου
1437 4548 1636 4618 μᾶλλον
1665 4551 1810 4622 ἥπερ

221 4651 332 4710 τοῖς
351 4648 554 4716 ἑαυτῆς
579 4647 734 4700 ὲπισε
744 4643 1003 4714 μνύνεται
1042 4641 1517 4713 πλεονεκτήμασιν
1539 4643 1572 4712 ὴ
1601 4643 1696 4696 ἀνθ
1706 4643 1810 4714 prb-

224 4709 326 4792 που
362 4709 544 4808 φύσις,
568 4736 697 4790 ὅταν
729 4709 931 4804 ἐχουσά
967 4749 1019 4786 τι
1051 4730 1160 4785 τῶν
1181 4709 1527 4798 ἀξιαγάστων
1548 4709 1810 4804 εὑρίσκηο
1843 4709 1886 4764 D

225 4848 336 4885 ται·
380 4829 488 4884 ἀπὸ
510 4831 618 4897 γὰρ
646 4827 739 4882 τοῦ
764 4825 1132 4896 πληρώματος
1163 4823 1258 4878 τοῦ
1281 4823 1436 4890 Υίοῦ,
1478 4825 1728 4900 καθάπερ
1751 4826 1810 4893 ἐξ

228 4923 455 4976 ἀεννάου
470 4921 672 4991 πηγῆς,
693 4923 726 4990 ἡ
745 4919 854 4973 τῶν
877 4918 1036 4973 θείων
1056 4917 1411 4988 χαρισμάτων
1435 4917 1810 4983 ἀναϐλύζουσα

229 5016 398 5080 δόσις,
433 5016 509 5078 είς
531 5013 772 5083 ἑκάστην
797 5011 1016 5083 ἔρχεται
1055 5009 1253 5082 ψυχὴν,
1285 5011 1430 5082 ἥπερ
1463 5011 1530 5064 ἂν
1564 5011 1810 5081 φαίνοιτο

228 5107 324 5160 τοῦ
351 5107 537 5160 λαϐεῖν
569 5105 715 5172 ἀξία.
762 5103 827 5159 Ei
855 5104 912 5159 δὲ
947 5106 1175 5177 χορηγεῖ
1205 5104 1303 5173 μὲν
1338 5103 1412 5167 ὡς
1467 5104 1531 5157 ὲκ
1581 5105 1811 5174 φυσικοῦ

228 5201 595 5275 πληρώματος
625 5201 654 5254 6
686 5200 832 5265 Υἱὸς,
864 5201 1180 5270 χορηγεῖται
1205 5197 1262 5251 δὲ
1289 5199 1322 5268 ἡ
1349 5197 1547 5261 κτίσιςο
1577 5199 1694 5261 πῶς
1714 5200 1814 5254 οὐκ

222 5295 290 5349 ἂν
313 5296 484 5348 νοοῖτο
513 5293 701 5346 λοιπὸν
726 5292 824 5361 οὐχ
865 5290 1058 5361 ὁμοίαν
1080 5290 1220 5359 ἔχων
1245 5291 1358 5352 τοῖς
1391 5289 1571 5353 ἄλλοις
1613 5291 1710 5362 τὴν
1729 5291 1808 5346 δό-

225 5385 348 5452 ξαν,
375 5385 489 5439 ἀλλ’
510 5385 657 5455 ἥπερ
688 5383 754 5438 ἂν
785 5381 987 5453 πρέποι
1012 5380 1092 5451 τῷ
1112 5382 1176 5433 ἐκ
1195 5379 1332 5434 Θεοῦ
1361 5381 1677 5450 Μονογενεῖ,
1715 5381 1813 5452 φύ-

227 5495 367 5543 σεως
400 5479 608 5542 οἰκείας
635 5477 814 5548 ἔχοντι
845 5473 1059 5545 καρπὸν
1099 5471 1167 5526 τά
1198 5471 1338 5526 κατὰ
1375 5473 1591 5527 πάντων
1619 5475 1811 5528 πλεον-

227 5571 532 5641 εκτήματα,
567 5569 663 5624 καὶ
692 5565 971 5638 πατρικῆς
992 5564 1253 5635 ἰδιότητος
1284 5563 1500 5635 ἀξίωμα
1521 5564 1618 5636 τὴν
1637 5566 1809 5637 ὑπερ-

226 5664 394 5734 οχήν;
447 5656 617 5732 Οἶμαι
655 5661 712 5715 δὲ
755 5659 934 5729 ἔγωγε
979 5657 1069 5712 καὶ
1109 5656 1202 5710 τὸν
1246 5655 1556 5724 σοφώτατον
1601 5658 1811 5714 Παῦλον

227 5756 359 5826 περὶ
396 5753 497 5824 τῆς
531 5752 641 5806 τῶν
678 5754 814 5806 ὅλων
849 5749 1175 5804 διαλαϐόντα
1209 5747 1444 5817 φύσεως,
1495 5750 1812 5819 κεκινῆσθαι

227 5847 315 5900 διὰ
338 5846 543 5900 τούτων
589 5846 668 5908 εἰς
705 5844 912 5906 ἑννοίας
955 5840 1196 5911 ἀληθεῖς,
1237 5839 1379 5894 οὕτω
1419 5858 1475 5894 τε
1528 5842 1714 5896 λοιπὸν
1739 5844 1814 5908 ὡς

480 5941 750 6001 Parnm.
775 5940 870 6001 (ira.
925 5937 1183 5998 LXXlll.

1913 3412 2236 3478 accepimus.

1983 3545 2190 3599 Probat
2225 3545 2317 3600 his
2345 3543 2536 3599 verbis
2567 3542 2905 3614 evangelista
2941 3557 3134 3598 verum
3162 3559 3286 3601 esse
3311 3544 3499 3616 Bapti-

1911 3636 2444 3694 stmtestimonium.
2472 3644 2526 3689 et
2562 3635 2810 3689 eminere
2856 3634 3208 3690 Salvatorem
3241 3645 3499 3692 nostrum

1908 3727 2061 3782 clare
2104 3725 2487 3786 demonstrat,
2527 3731 2699 3795 atque
2732 3724 3189 3782 substantialiter
3232 3727 3502 3784 excedere

1912 3833 2003 3874 res
2048 3832 2245 3872 omnes
2289 3828 2509 3872 creatas
2541 3826 2652 3872 tam
2709 3817 2858 3887 quod
2906 3817 2976 3872 ad
3030 3819 3265 3889 gloriam
3322 3820 3498 3891 ipsam

1911 3910 2142 3974 attinet,
2179 3909 2246 3964 de
2288 3924 2397 3980 qua
2437 3912 2678 3965 maxime
2711 3925 2863 3965 nunc
2890 3910 3096 3980 agitur,
3133 3927 3302 3982 quam
3353 3913 3499 3983 quod

1911 4003 1977 4055 ad
2006 4009 2336 4056 caeterorum
2365 4003 2643 4057 bonorum
2676 4017 2971 4058 numerum
3017 4011 3253 4074 spectat.
3280 4002 3501 4078 Optime

1909 4093 2058 4148 enim
2092 4108 2158 4148 ac
2189 4093 2488 4149 verissime
2519 4093 2588 4148 de
2637 4091 2930 4166 Unigenito
2973 4095 3220 4167 Baptista
3250 4098 3383 4153 mihi
3413 4099 3500 4154 di-

1911 4205 2038 4244 cere
2088 4190 2310 4246 videtur
2361 4208 2375 4244 :
2423 4208 2442 4239 ι
2479 4189 2622 4256 Quia
2678 4191 2836 4260 prior
2880 4207 2968 4246 me
3014 4200 3208 4258 erat”
3259 4193 3364 4249 hoc
3412 4204 3501 4250 est

1913 4281 2090 4336 multo
2137 4296 2223 4336 me
2257 4282 2635 4352 praestantior,
2671 4296 2736 4337 ac
2766 4280 3009 4352 dignior,
3046 4284 3499 4355 quandoquidem

1913 4387 2016 4426 nos
2034 4386 2265 4438 omnes,
2301 4371 2400 4441 qui
2443 4371 2501 4424 in
2535 4380 2860 4425 sanctorum
2899 4386 3134 4427 numero
3177 4387 3498 4440 censemur,

1915 4461 2127 4532 proprii
2151 4461 2276 4531 ejus
2310 4460 2440 4516 boni
2471 4459 2778 4530 participes
2821 4460 2952 4516 facti
2997 4477 3190 4518 sumus
3214 4502 3231 4530 ,
3262 4474 3319 4521 et
3350 4465 3501 4524 illius

1915 4553 2103 4621 potius
2160 4565 2327 4622 quam
2372 4550 2492 4606 suis
2544 4550 2933 4621 praerogativis
2963 4551 3256 4609 hominum
3301 4564 3499 4614 natura

1913 4643 2211 4714 gloriatur,
2242 4657 2367 4698 cum
2412 4641 2786 4698 admiratione
2827 4642 3060 4715 dignum
3104 4646 3316 4718 aliquid
3351 4648 3407 4702 in
3441 4664 3502 4705 se

1918 4736 2127 4793 habere
2176 4734 2537 4806 comperitur.
2588 4733 2665 4791 De
2713 4737 3058 4808 plenitudine
3091 4739 3296 4811 quippe
3339 4739 3499 4803 Filii.

1919 4838 2182 4900 tanquam
2207 4843 2272 4882 ex
2304 4827 2529 4897 perenni
2555 4825 2704 4883 fonte
2729 4827 3046 4885 divinarum
3081 4831 3386 4902 gratiarum
3409 4831 3503 4888 do-

1918 4936 2050 4977 num
2070 4920 2402 4984 scaturiens,
2421 4920 2474 4974 in
2494 4935 2943 4992 unamquamque
2965 4921 3207 4978 animam
3224 4937 3292 4979 eo
3312 4939 3502 4980 mune-

1917 5028 1978 5068 re
2007 5013 2168 5082 100
2188 5011 2412 5085 dignam
2451 5013 2719 5069 illabitur.
2749 5012 2908 5081 Quod
2948 5015 2998 5070 si
3032 5013 3208 5071 Filius
3241 5018 3402 5086 quasi
3432 5017 3516 5100 de.

1919 5104 2161 5160 naturali
2207 5103 2553 5174 plenitudine
2581 5104 2726 5159 dona
2760 5104 3016 5174 largitur,
3047 5103 3151 5157 ista
3179 5119 3311 5159 vero
3342 5101 3513 5162 crea-'

1921 5206 2044 5252 tura
2073 5196 2314 5268 excipit,
2344 5197 2627 5268 quomodo
2676 5211 2787 5252 non
2829 5196 3161 5252 dissimilem
3212 5197 3338 5256 aliis
3382 5199 3502 5271 glo-

1920 5291 2059 5344 riam
2113 5289 2402 5360 possidere
2451 5288 2794 5354 censebitur,
2832 5289 2982 5344 illam
3039 5288 3339 5359 nimirum,
3381 5308 3502 5364 quae

1920 5382 2014 5440 Dei
2062 5380 2422 5454 Unigenitum
2472 5383 2664 5447 decet,
2716 5383 2809 5454 qui
2871 5390 2932 5437 ut
2992 5391 3207 5440 natura:
3262 5387 3500 5458 propria;

1918 5478 2159 5531 fructum
2209 5477 2379 5532 habet
2432 5491 2650 5532 omnem
2683 5475 3008 5546 dignitatem
3042 5487 3209 5548 atque
3246 5480 3500 5536 eminen-

1921 5567 2053 5622 tiam
2084 5582 2254 5640 quam
2291 5569 2346 5623 in
2377 5582 2437 5623 se
2467 5567 2632 5624 Pater
2668 5568 2869 5625 habere
2901 5568 3249 5641 intelligitur.
3286 5569 3501 5638 Quibus

1921 5659 2220 5714 adductum
2270 5673 2375 5730 ego
2429 5674 2652 5732 quoque
2695 5661 2924 5717 Paulum
2959 5663 3224 5728 arbitror,
3284 5671 3344 5718 ut
3375 5679 3501 5721 cum

1923 5752 1989 5807 de
2029 5753 2284 5808 universi
2336 5761 2532 5808 natura
2572 5752 2910 5824 dissereret,
2963 5773 3091 5814 vere
3130 5759 3503 5826 pronuntiarit

1925 5844 2058 5900 illud
2097 5845 2256 5914 quasi
2309 5853 2620 5903 creaturam
2673 5850 3015 5920 compellans
3054 5869 3066 5905 :
3111 5871 3127 5903 ι
3174 5849 3316 5918 Quid
3354 5851 3500 5908 enim

3022 5945 3056 6007 6
