4118 6576
648 379 739 433 ri
1655 385 1713 441 s.
1756 385 2035 443 CYRILLI
2074 389 2547 449 ALEXANDRINI
2586 398 2913 456 ARCHIEP.
2969 376 2975 381 ’
3836 403 3955 457 ne

640 491 810 546 habes
841 493 986 562 quod
1021 508 1130 550 non
1156 497 1428 569 accepisti
1453 500 1538 554 “‘3
1575 521 1593 552 ι
1634 501 1750 558 Νοη
1783 508 1931 560 enim
1981 523 2107 564 esse
2137 524 2227 563 so-
2256 545 2266 574 Α

2331 514 2471 583 πρὸς
2500 513 2599 585 τήν
2613 516 2788 571 κτίσιν
2809 520 3003 572 εἰπεῖν·
3033 537 3051 569 r
3078 520 3141 573 Τί
3166 520 3274 590 γὰρ
3288 518 3452 590 ἔχεις,
3470 518 3617 572 ὃοὺκ
3636 518 3848 582 ἔλαϐες
3871 540 3888 585 ς
3930 538 3949 568 ⁸

639 582 750 637 lum
782 585 878 640 sed
907 588 1072 641 etiam
1104 589 1264 655 bene,
1312 599 1367 647 et
1417 592 1523 649 hoc
1573 605 1669 649 aut
1720 598 1817 652 illo
1861 601 2026 655 modo
2074 615 2221 667 esse,

640 676 821 697 me
997 693 1016 697 A
1072 678 1173 697 n_-
1354 690 1367 697 ,
1590 687 1681 697 ....
2019 690 2033 697 -
2093 692 2106 697 -

2327 582 2484 657 Μετὰ
2506 582 2615 678 γάρ
2637 606 2734 661 τοῦ
2771 604 2933 697 ειναι,
2960 612 3055 664 καὶ
3090 610 3151 664 τὸ
3176 582 3255 666 ξδ’
3283 582 3446 666 εῖναι
3465 612 3702 664 τοιῶσδε
3746 582 3951 680 τυχδν,

634 676 823 729 datum
859 688 945 733 est
992 693 1023 732 a
1070 678 1183 736 Deo
1218 690 1514 749 creaturae,
1548 687 1797 758 nihilque
1838 703 1869 743 a
1920 706 1984 745 se
2019 690 2182 747 habet
2205 733 2222 761 ,

2333 701 2395 770 τῇ
2423 676 2599 754 κτίσει
2625 676 2925 769 θεόσδοτον,
2957 704 3071 774 ἔχει
3105 705 3162 759 δὲ
3187 704 3398 759 οἴκοθεν
3421 704 3597 769 οὐδὲν,
3625 676 3872 758 πλουτεῖ
3896 703 3959 755 δὲ

634 766 732 822 sed
770 769 889 823 sola
925 770 1268 843 benignitate
1321 774 1631 847 largientis.
1664 779 2085 838 Observandum
2139 796 2224 841 est

2331 766 2502 861 μόνην
2536 792 2637 861 τὴν
2675 792 2769 846 τοῦ
2814 766 3050 858 διδόντος
3080 795 3413 865 φιλοτιμίαν.
3469 766 3842 866 Σημειωτέον
3892 794 3957 846 δὲ

636 874 803 927 porro
833 859 1036 917 Filium
1081 864 1174 920 hic
1221 864 1334 921 dici
1368 868 1591 943 plenum
1613 910 1629 936 ,
1674 872 1729 927 id
1756 881 1842 929 est
1876 874 1933 929 in
1963 876 2222 932 omnibus

2330 859 2510 947 πάλιν,
2559 859 2643 937 ὅτι
2693 884 2910 957 πλήρη,
2950 859 3103 940 τοῦτί
3128 859 3297 952 ἔστιν,
3329 890 3387 942 ὲν
3426 859 3565 943 πᾶσι
3600 887 3956 942 παντέλειον

635 949 1103 1022 perfectissimum
1129 997 1145 1022 ,
1171 966 1503 1029 tantumque
1542 962 1737 1019 abesse
1769 966 1840 1021 ab
1872 966 2111 1037 alicujus
2143 969 2219 1025 rei

2331 965 2461 1025 εἷναί
2489 991 2624 1046 φησι
2646 975 2736 1031 τὸν
2933 979 3027 1032 καὶ
3050 949 3302 1034 τοσοῦτον
3331 980 3627 1051 ἀφεστῶτα
3650 981 3772 1033 τῶν
3798 980 3957 1033 κατά

636 1046 888 1113 penuria,
922 1054 985 1101 ut
1006 1057 1061 1103 et
1084 1050 1347 1107 omnibus
1373 1052 1593 1109 abunde
1616 1055 1808 1127 largiri
1840 1060 2049 1129 possit,
2081 1062 2219 1117 citra

2329 1081 2375 1118 τι
2415 1066 2547 1135 γοῦν
2599 1069 2791 1124 ἐπιδεᾶ
2831 1071 3193 1136 καθεστάναι,
3231 1070 3307 1137 ὡς
3340 1046 3435 1126 καὶ
3479 1074 3617 1127 πᾶσι
3657 1070 3955 1125 δύνασθαι

634 1135 1062 1193 diminutionem
1110 1139 1278 1196 ullam
1324 1150 1419 1197 aut
1466 1144 1777 1215 jacturam,
1806 1158 1864 1204 et
1907 1154 2221 1210 eminentiae

2330 1163 2607 1231 χορηγεῖν,
2661 1161 2723 1215 τὸ
2775 1162 3127 1219 ἐλαττοῦσθαι
3177 1135 3639 1237 παραιτούμενον,
3695 1164 3809 1217 καὶ
3847 1164 3956 1233 τῆς

635 1240 752 1281 suae
782 1228 1218 1301 magnitudinem
1272 1234 1520 1291 eamdem
1575 1253 1793 1311 semper
1840 1249 1897 1299 et
1951 1244 2216 1318 integrann

2328 1228 2529 1316 οἰκείας
2567 1255 2839 1327 ὑπεροχῆς
2865 1257 3039 1312 ἀεὶτὸ
3086 1228 3319 1329 μέγεθος
3368 1258 3427 1311 ὲν
3453 1228 3788 1328 ’ταυτότητι
3827 1228 3954 1310 διάι

633 1319 892 1377 retineat.

2322 1342 2585 1407 σώζοντα.

703 1411 755 1481 Ι,
792 1415 967 1474 16-17.
1008 1418 1078 1475 Et
1119 1425 1354 1494 gratiam
1396 1442 1493 1496 pro
1526 1429 1703 1497 gratia
1743 1445 1764 1483 :
1800 1431 1929 1501 quia
1985 1432 2072 1488 lea:
2127 1450 2220 1504 per

2394 1437 2506 1489 Καὶ
2542 1436 2716 1505 χάριν
2748 1439 2882 1493 ἀντὶ
2918 1440 3177 1509 χάριτος·
3220 1441 3310 1495 ὅτι
3362 1444 3397 1495 6
3444 1442 3633 1511 νόμος
3667 1441 3783 1495 διὰ
3810 1444 3953 1495 Μω-

633 1504 857 1577 Moysen
892 1510 1024 1567 data
1054 1525 1166 1582 est,
1198 1520 1378 1587 gratia
1409 1530 1460 1574 et
1486 1522 1682 1576 veritas
1710 1539 1803 1592 per
1838 1522 2029 1581 Jesum
2069 1529 2220 1585 Chri-

2326 1528 2473 1595 σέως
2494 1504 2695 1599 sese",
2738 1532 2777 1599 ἠ
2834 1504 3009 1602 χάῇιξ
3064 1504 3159 1589 xui
3191 1535 3232 1604 ἠ
3277 1504 3531 1603 ἀλήθειᾶ
3565 1504 3673 1588 δὶά
3720 1535 3952 1602 Ἰησοῦ

632 1608 771 1653 stum
806 1603 949 1671 facta
976 1614 1077 1661 est.
1111 1605 1118 1619 ”

2319 1620 2578 1689 Χριστοῦ
2616 1622 2875 1691 ἐγένετο.

703 1692 973 1757 Quoniam
1015 1698 1404 1759 universorum
1456 1706 1745 1764 hominum
1803 1712 1979 1783 gloria
2018 1713 2217 1769 clario-

2390 1713 2792 1785 Λαμπροτέραν
2829 1715 2931 1787 τῆς
2963 1717 3020 1770 ὲν
3054 1716 3259 1773 ἅπασιν
3292 1718 3610 1791 ἀνθρώποις
3661 1718 3949 1783 εὐκλείας

630 1798 747 1837 rem
782 1799 907 1842 esse
936 1784 1220 1861 Unigeniti
1253 1796 1486 1866 gloriam
1516 1804 1782 1871 asseruit,
1813 1812 1867 1859 et
1896 1809 2216 1865 sanctitatis
2250 1867 2256 1879 ,

2324 1803 2416 1876 τὴν
2430 1803 2526 1857 τοῦ
2552 1784 2897 1876 Μονογενοῦςν
2918 1809 3297 1879 άναπεφάνθαι
3323 1784 3479 1875 δόέαν
3509 1810 3718 1876 είπὼν,
3758 1812 3865 1864 καὶ
3885 1810 3950 1862 τὸ

625 1877 1015 1946 magnitudine
1039 1887 1252 1942 sanctis
1272 1891 1532 1947 omnibus
1561 1893 1744 1964 ipsum
1772 1896 2217 1969 incumparabili-
2247 1910 2251 1920 ‘

2322 1867 2385 1950 ὲν
2426 1898 2677 1969 ἁγιότητι
2710 1867 2967 1971 ’μέγεθος
3020 1867 3356 1974 άσῦγκριτον
3395 1867 3553 1975 αὐτῷ
3603 1867 3764 1976 πρδς
3810 1905 3948 1969 τοὺς

623 1975 710 2021 ter
741 1972 1097 2040 antecellere,
1130 1993 1285 2033 nunc
1319 1996 1510 2037 eorum
1545 1989 1966 2056 comparatione
2008 1991 2102 2060 qui
2146 1991 2214 2046 ad

2324 1988 2507 2056 ἁγίους
2537 1991 2831 2061 εἰσφέρων,
2862 1992 2973 2046 ἀπὸ
2997 1995 3105 2047 τῶν
3154 1972 3237 2059 είς
3268 1996 3438 2065 ἄκρον
3482 1972 3950 2068 ἀναδενδηκότων

624 2073 902 2119 smumum
930 2065 1201 2123 virtutum
1227 2072 1447 2127 culmen
1476 2076 1655 2131 evecti
1687 2088 1818 2132 sunt
1841 2095 1954 2135 rem
1984 2079 2215 2137 demon-

2323 2079 2519 2150 ἀρετῆς
2552 2083 2825 2137 ποιεῖσθαι
2859 2084 3150 2148 σπουδάζει
3172 2087 3268 2140 τοῦ
3295 2088 3666 2159 προτεθέντος
3718 2088 3949 2143 σκοποῦ

624 2159 802 2208 strare
839 2166 1092 2215 conatur.
1138 2157 1215 2215 De
1242 2159 1458 2220 Joanne
1504 2167 1713 2238 quippe
1768 2167 2021 2226 Salvator
2072 2174 2149 2227 ait
2195 2193 2209 2230 :

2322 2169 2416 2239 τὴν
2470 2172 2764 2241 ἀπόδειξιν.
2816 2176 2953 2247 Περὶ
2995 2179 3093 2247 μὲν
3136 2157 3384 2233 Ἰωάννου
3432 2182 3603 2252 φησὶν
3640 2184 3672 2235 6
3703 2182 3948 2253 Σωτήρ·

629 2263 647 2294 ι
680 2245 875 2311 Amen,
906 2263 1065 2305 amen
1112 2250 1242 2307 dico
1269 2255 1429 2311 vobis
1451 2298 1466 2322 ,
1491 2274 1603 2312 non
1640 2262 1885 2316 surrexit
1926 2263 2073 2320 inter
2115 2281 2214 2320 na-

2328 2281 2340 2314 ι
2364 2262 2555 2334 Ἀμήν,
2580 2264 2726 2336 ἀμὴν
2751 2245 3068 2338 λέγωνὺμῖν,
3089 2269 3189 2323 οὐκ
3212 2245 3511 2342 ἐγήγερται
3542 2272 3604 2323 ὲν
3629 2245 3954 2343 γεννητοῖς

624 2344 710 2392 tos
774 2339 1069 2396 mulierum
1125 2345 1305 2415 major
1358 2345 1575 2405 Joanne
1622 2349 1873 2422 Baptista
1903 2355 1971 2408 σί.
2027 2374 2046 2407 ι
2104 2356 2208 2412 Sed

2327 2354 2613 2421 γυναικῶν,
2675 2357 2875 2427 μείζων
2917 2360 3163 2415 Ἰωάννου
3191 2361 3285 2415 τοῦ
3315 2361 3653 2416 Βαπτιστοῦ.
3694 2383 3719 2416 ι
3771 2365 3953 2417 ’Δλλά

623 2429 778 2483 illum
819 2431 955 2488 adeo
985 2449 1239 2506 magnum
1285 2449 1450 2511 atque
1503 2443 1801 2500 sublimem
1845 2464 1993 2504 nunc
2031 2450 2209 2506 intro-

2323 2442 2404 2495 τὸν
2432 2443 2575 2497 οὕτω
2600 2445 2776 2515 μέγαν
2831 2449 2925 2501 καὶ
2960 2449 3323 2523 ἀξιοζήλωτον
3370 2454 3748 2527 παρέστησεν
3811 2456 3949 2525 ἤδη.

620 2521 775 2576 ducit
826 2524 1156 2583 clamantem
1180 2571 1196 2597 ,
1223 2540 1284 2585 ut
1338 2532 1461 2603 ipse
1497 2535 1607 2598 ait,
1642 2544 1696 2589 et
1726 2552 1921 2608 magna
1960 2556 2099 2597 voce
2124 2544 2208 2597 di-

2322 2533 2569 2607 ιιαθάπερ
2603 2537 2773 2602 αὐτός
2824 2557 3010 2611 φησιν,
3059 2521 3501 2616 ἀνακεκραγότα,
3543 2521 3648 2600 καὶ

620 2624 835 2670 centem
870 2635 884 2672 :
923 2636 942 2669 ι
979 2617 1085 2685 Qui
1128 2632 1256 2691 post
1315 2640 1403 2679 me
1456 2636 1726 2682 venturus
1776 2637 1881 2695 est,
1943 2641 2072 2687 ante
2122 2649 2208 2688 me

2321 2624 2537 2693 λέγοντα
2585 2631 2653 2699 τῇ
2678 2633 2862 2699 φωνῇ·
2903 2651 2921 2683 r
2972 2634 3029 2687 '0
3063 2635 3239 2689 ὀπίσω
3296 2654 3399 2707 μου
3432 2638 3779 2709 ἐρχόμενος,
3840 2638 3947 2710 ἔμ-

622 2703 804 2763 factus
827 2718 931 2776 est,
962 2712 1093 2781 quia
1128 2714 1278 2782 prior
1308 2731 1397 2772 me
1427 2729 1568 2774 erat.
1603 2738 1622 2771 ι
1654 2719 1791 2774 Cum
1823 2730 2005 2778 autem
2040 2722 2209 2779 Joan-

2323 2715 2545 2786 rrpos'Oév
2579 2735 2681 2788 μου
2715 2721 2957 2789 γέγονεν,
2981 2723 3063 2777 ὅτι
3093 2703 3311 2796 πρῶτός
3352 2703 3585 2799 μοῦήνξ
3630 2747 3652 2779 ι
3710 2703 3949 2782 Ἠττω-

620 2799 708 2852 nis
736 2801 911 2869 gloria
944 2801 1225 2875 Unigeniti
1256 2808 1430 2876 gloria
1452 2810 1526 2865 sit
1553 2811 1808 2879 inferior,
1831 2815 1994 2885 eique
2021 2818 2203 2885 cedat,

2319 2806 2483 2876 μένης
2506 2808 2563 2861 δὲ
2586 2811 2684 2880 τῆς
2722 2812 2972 2867 Ἰωάννου
3001 2815 3180 2887 δόξης,
3221 2818 3317 2871 καὶ
3345 2820 3830 2892 παραχωροῦσης
3862 2821 3945 2891 τῷ

617 2893 870 2963 sequitur
916 2897 1194 2958 neminem
1260 2910 1579 2958 sanctorum
1617 2904 1684 2958 ad
1745 2906 1910 2961 talem
1974 2908 2202 2978 gloriam

2319 2898 2625 2965 Μονογενεῖ,
2670 2901 2789 2967 πῶς
2816 2903 2916 2956 οὐκ
2959 2906 3173 2978 ἀνάγκη
3225 2908 3410 2962 λοιπὸν
3443 2911 3657 2963 ἐννοεῖν
3708 2913 3945 2983 μηδένα

617 2998 961 3054 Operumque
996 2988 1345 3056 splendorem
1380 2994 1540 3048 evehi
1589 3010 1751 3063 posse
1802 2998 1984 3067 qualis
2020 3008 2106 3055 est
2148 3001 2203 3053 in

2319 2989 2417 3041 τῶν
2444 2989 2620 3044 ἄλλων
2660 2993 2830 3061 ἁγίων
2850 2996 2930 3059 είς
2955 2996 3017 3049 τὺ
3052 2998 3165 3052 ἴσον
3192 3000 3563 3072 ἀναφέρεσθαι
3597 3002 3833 3074 μέτρον
3861 3005 3945 3075 τῷ

622 3076 848 3131 Christo
882 3076 1201 3135 Salvatore.
1227 3081 1501 3148 Quocirca
1535 3088 1712 3141 sancti
1756 3089 1834 3143 illi
1868 3091 1963 3159 qui
1995 3091 2200 3147 adven-

2316 3079 2517 3150 Σωτῆρι
2549 3082 2791 3153 Χριστῷ,
2816 3085 2958 3139 κατά
2987 3103 3050 3155 γε
3071 3087 3161 3141 τὸν
3191 3090 3291 3160 τῆς
3341 3091 3597 3155 εὐκλείας
3628 3092 3842 3163 λόγον,
3880 3095 3942 3159 ὃς

624 3176 713 3223 tus
779 3170 1126 3239 temporibus
1180 3174 1553 3241 exstiterunt,
1605 3192 1731 3232 cum
1802 3195 1912 3234 non
1984 3181 2250 3261 possin”

2317 3172 2365 3223 ὲν
2398 3174 2464 3242 τῇ
2488 3171 2598 3225 τῶν
2622 3173 2797 3245 ἔργων
2826 3175 3111 3250 θεωρεῖται
3152 3180 3533 3254 λαμπρότητι;
3584 3186 3655 3239 Οἱ
3696 3187 3813 3257 μὲν
3841 3185 3943 3243 οὖν

618 3266 837 3327 aequare
863 3257 1101 3317 Joannis
1130 3262 1424 3331 virtutem,
1469 3281 1575 3322 nec
1625 3268 1694 3324 ad
1736 3269 1871 3325 illud
1910 3273 2202 3341 pervenire
2239 3257 2244 3260 J

2310 3263 2450 3316 κατὰ
2498 3265 2623 3329 τοὺς
2644 3269 2743 3337 τῆς
2789 3269 3086 3341 ἐπιδημίας
3134 3276 3363 3346 καιροὺς
3408 3277 3715 3346 γεγονότες
3746 3281 3936 3350 ἅγιοι,

614 3349 935 3420 fastigium,
971 3350 1199 3408 Christo
1237 3356 1435 3410 cedent
1484 3374 1593 3415 una
1647 3376 1771 3417 cum
1826 3364 1974 3433 ipso,
2026 3365 2202 3436 siqui-

2311 3352 2405 3423 τὴν
2445 3352 2687 3409 Ἰωάννου
2722 3358 3066 3416 πλεονεκτεῖν
3103 3364 3204 3417 οὐκ
3249 3364 3465 3436 ἔχοντες
3516 3370 3764 3443 ἀρετὴν,
3806 3349 3937 3427 οὐδὲ

610 3439 734 3495 dem
766 3440 967 3497 beatus
1006 3442 1098 3499 ille
1133 3443 1381 3515 Baptista
1406 3463 1682 3506 summum
1723 3462 1922 3511 tenens
1974 3456 2199 3511 bonita-

2312 3443 2364 3498 τὸ
2386 3444 2579 3517 ἐκείνῳ
2618 3450 2820 3520 προσὸν
2862 3453 3250 3519 ἀναϐαίνοντες
3292 3457 3514 3531 μέτρον,
3555 3439 3938 3535 παραχωρή-

609 3532 681 3587 tis
731 3547 1039 3602 cacumen,
1105 3537 1341 3608 ejusque
1394 3542 1568 3612 gloria
1617 3546 1753 3600 nulli
1803 3548 2051 3615 cedens,
2087 3565 2197 3605 non

2309 3552 2459 3588 σουσι
2491 3539 2586 3591 σὺν
2614 3541 2765 3612 αὐτῷ
2792 3544 2852 3596 τὸ
2884 3548 3041 3617 νικᾷν
3070 3547 3149 3618 τῷ
3182 3550 3423 3621 Χριστῷ·
3460 3554 3632 3625 εῐπερ
3668 3532 3847 3627 ἔχων.
3872 3532 3935 3611 έν

609 3622 844 3678 aliorum
877 3638 1013 3680 voce
1039 3625 1138 3680 sed
1167 3641 1270 3682 sua
1304 3630 1423 3699 ipse
1450 3633 1803 3691 confessione
1842 3638 2006 3708 longe
2040 3638 2192 3708 101

2308 3625 2531 3694 ἀγαθοῖς
2567 3630 2628 3682 τὸ
2668 3632 2968 3703 ἀκρότατον
3007 3638 3037 3690 6
3092 3640 3366 3710 μακάριος
3409 3622 3773 3719 Βαπτιστῆς,
3830 3651 3934 3701 καὶ

610 3714 884 3769 minorem
938 3732 999 3772 se
1055 3717 1280 3775 Christo
1334 3723 1689 3793 praedicavit,
1732 3727 1957 3795 dicens,
2016 3729 2194 3799 ipsum

2305 3718 2503 3789 τρόπον
2548 3721 2853 3797 ὑπερϐολῆς
2912 3728 3322 3796 καταλελοιπὼς
3373 3735 3594 3799 οὐδένα,
3649 3714 3766 3810 τήν
3837 3741 3931 3794 ἐπ’

606 3821 739 3861 vere
766 3815 1023 3864 sanctum
1064 3825 1209 3868 esse.
1252 3810 1523 3877 Quoniam
1579 3825 1763 3873 autem
1804 3818 2197 3874 demonstran-

2304 3808 2550 3865 ἐλάττοσι
2578 3814 2758 3885 ψῆφον
2786 3818 2845 3870 οὐ
2871 3818 2958 3873 διὰ
3006 3821 3107 3891 τῆς
3158 3824 3345 3894 ἑτέρου
3372 3826 3655 3896 λαμὸἀνει
3693 3808 3930 3905 φωνῆς.

604 3900 736 3954 dum
762 3912 883 3956 erat
923 3900 1331 3961 Emmanuelem
1358 3911 1797 3979 prmstantiorem
1838 3919 1893 3966 et
1922 3911 2188 3981 majorem

2303 3902 2416 3955 ἀλλ’
2451 3904 2614 3971 αὐτὸς
2643 3909 2839 3963 ἑαυτοῦ
2866 3916 3270 3985 κατεσφράγισε
3308 3918 3370 3971 τὸ
3400 3921 3668 3992 πρᾶγμα,
3705 3900 3929 3994 λέγων,

604 4006 731 4047 esse
764 3992 966 4062 priscis
993 3994 1099 4051 illis
1146 3997 1392 4064 sanctis,
1436 4000 1757 4055 necessario
1785 4000 1985 4056 beatus
2022 4016 2191 4056 evan-

2308 3991 2373 4055 ὥς
2402 3992 2555 4063 ἅγιος
2586 3998 2820 4069 ἀληθῶς.
2871 4003 3093 4076 Ἐπειδὴ
3144 4006 3199 4059 δὲ
3222 4006 3318 4061 καὶ
3368 4009 3481 4063 τῶν
3509 3991 3934 4089 ἀρχαιοτέρων

600 4084 796 4156 gelista
827 4084 895 4140 ad
947 4085 1134 4143 Mosen
1184 4091 1422 4160 primum
1461 4106 1750 4147 sacrorum
1789 4092 2096 4147 antistitem
2132 4107 2193 4149 se

2304 4084 2471 4154 ἁγίων
2498 4090 2663 4161 ἐχρῆν
2694 4094 3086 4162 ἀναφαίνεσθαι
3120 4098 3408 4170 κρείττονά
3429 4119 3490 4155 τε
3541 4105 3647 4158 καὶ
3674 4084 3930 4177 μείζονα

599 4173 850 4239 confert,
872 4175 941 4231 ad
968 4192 1129 4247 quem
1158 4192 1191 4232 a
1233 4177 1346 4234 Deo
1389 4179 1601 4234 dictum
1631 4186 1717 4236 est
1741 4198 1755 4235 :
1786 4199 1805 4231 ι
1840 4179 1973 4236 Scio
1996 4188 2050 4235 te
2079 4197 2191 4251 prae

2307 4179 2387 4233 τὸν
2414 4178 2777 4253 Ἐμμανουήλ,
2809 4186 3121 4254 ἀναγκαίως
3147 4191 3175 4241 6
3202 4190 3473 4261 μακάριος
3493 4173 3933 4271 εὐαγγελιστὴς

595 4270 877 4337 omnibus,
914 4278 969 4327 et
998 4272 1234 4342 gratiam
1265 4273 1531 4328 invenisti
1561 4271 1707 4342 apud
1735 4288 1822 4328 me
1838 4273 1906 4328 θ’.
1942 4290 1962 4324 ι
1998 4271 2191 4329 Notio-

2304 4270 2388 4323 ἐπὶ
2438 4271 2652 4341 πρῶτον
2685 4274 2904 4344 ἔρχεται
2958 4277 3050 4331 τὸν
3095 4279 3422 4353 ἱεροφάντην
3472 4284 3725 4352 Μωσέα,
3772 4270 3930 4362 πρδς

594 4376 709 4416 rem
750 4375 880 4417 vero
933 4376 1048 4432 pra:
1097 4363 1319 4417 caeteris
1367 4362 1479 4417 Deo
1533 4361 1711 4418 fuisse
1779 4363 1911 4418 hinc
1967 4377 2189 4433 quoque

2307 4360 2352 4413 iv
2381 4360 2567 4431 εἴρητο
2604 4364 2756 4434 παρά
2787 4365 2920 4419 Θεοῦ
2948 4383 2961 4398 ·
3001 4385 3019 4418 ι
3071 4363 3201 4424 Οἶδά
3242 4388 3302 4424 σε
3336 4374 3493 4444 παρὰ
3531 4378 3791 4445 πάντας,
3825 4360 3933 4438 καὶ

592 4455 736 4510 scire
764 4467 1065 4525 possumus
1107 4470 1121 4507 :
1167 4472 1186 4505 ι
1253 4453 1311 4507 Si
1349 4453 1520 4509 fuerit
1561 4454 1833 4524 propheta
1880 4470 1948 4508 ex
1990 4454 2184 4519 vobis,

2305 4448 2454 4519 (ἀριν
2504 4446 2660 4524 εὗρες
2724 4457 2856 4526 παρ’
2906 4457 3050 4526 ἐμοί.
3133 4499 3147 4514 .
3193 4499 3206 4513 .
3272 4482 3292 4515 ι
3350 4465 3702 4533 ἐγινώσκετο
3755 4476 3931 4545 παρὰ

591 4547 773 4617 inquit
815 4547 1105 4612 Dominus,
1134 4546 1194 4600 in
1224 4545 1440 4600 visione
1470 4546 1521 4601 ei
1551 4560 1842 4616 agnoscar,
1874 4554 1933 4601 et
1960 4545 2016 4599 in
2041 4559 2190 4600 som-

2304 4543 2507 4606 πάντας
2546 4544 2626 4615 τῷ
2660 4545 2801 4617 Θεῷ,
2834 4548 2926 4601 καὶ
2965 4548 3056 4603 διὰ
3086 4550 3278 4607 τούτου
3314 4554 3479 4609 πάλιν
3528 4560 3708 4629 ἡμεῖς
3762 4536 3930 4620 εἰσό-

586 4655 661 4693 no
696 4639 890 4709 loquar
923 4638 995 4694 ei.
1019 4637 1142 4693 Non
1171 4636 1255 4691 sic
1280 4650 1476 4691 servus
1511 4651 1667 4691 meus
1696 4635 1951 4708 Moyses;
1985 4637 2044 4690 in
2076 4645 2189 4692 tota

2306 4630 2465 4702 μεθα’
2515 4651 2533 4683 ι
2578 4635 2704 4688 Ἐάν
2747 4636 2991 4709 γένηται,
3057 4641 3211 4710 φησι,
3260 4647 3555 4718 προφήτης
3609 4652 3812 4722 ὑμῶν,
3864 4659 3932 4711 ὲν

583 4731 752 4786 domo
794 4736 923 4785 mea
956 4729 1136 4785 ﬁdelis
1166 4735 1274 4783 est.
1314 4725 1389 4783 Os
1422 4728 1488 4782 ad
1516 4742 1581 4783 os
1612 4728 1810 4797 loquar
1835 4728 1884 4782 ei
1907 4767 1924 4794 ,
1964 4727 2019 4781 in
2064 4743 2189 4797 spe-

2305 4723 2535 4791 δράματι
2580 4725 2731 4795 αὐτῷ
2772 4728 3179 4800 γνωσθήσομαι,
3218 4733 3312 4787 καὶ
3366 4737 3425 4791 ὲν
3457 4737 3620 4810 ὕπνῳ
3675 4743 3931 4816 λαλήσω

583 4825 689 4891 cie,
715 4832 771 4878 et
801 4838 908 4876 non
944 4837 1042 4893 per
1074 4821 1372 4891 aenigmata
1399 4821 1465 4874 “.
1492 4839 1510 4872 ι
1545 4818 1701 4874 Licet
1726 4834 1857 4890 ergo
1894 4828 2050 4874 tanta
2092 4836 2187 4875 su-

2304 4812 2468 4883 αὐτῷ.
2512 4816 2623 4886 Οὐχ
2656 4815 2827 4882 οὕτως
2858 4818 2979 4893 [ὡς]
3009 4824 3037 4876 ό
3087 4824 3340 4895 θεράπων
3392 4846 3497 4899 μου
3550 4812 3831 4907 Μωσῆς-ν
3863 4843 3930 4893 ὲν

583 4931 680 4986 pra
712 4925 942 4970 caeteros
976 4912 1182 4967 veteris
1231 4909 1457 4965 fcederis
1504 4919 1731 4964 sanctos
1764 4917 1952 4979 patres
1986 4909 2183 4981 digna-

2304 4904 2401 4974 ὅλῳ
2432 4905 2509 4975 τῷ
2536 4909 2667 4979 οἴκῳ
2699 4927 2800 4979 μου
2829 4913 3020 4976 πιστός
3043 4915 3176 4968 ἐστι’
3207 4919 3385 4989 στόμα
3410 4924 3561 4977 κατὰ
3595 4904 3794 4998 στόμα
3818 4932 3930 4987 λα-

585 5004 741 5058 tione
782 5000 1059 5072 praeditus
1090 4998 1164 5055 sit
1194 4997 1415 5069 Moyses
1438 5039 1452 5066 ,
1488 4999 1934 5068 praestantiorem
1981 4999 2184 5059 nihilo-

2303 4996 2449 5068 λήσω
2464 4998 2609 5068 αὺτῷ
2625 5001 2682 5052 ὲν
2707 5001 2855 5067 εῖδει,
2883 5004 2979 5057 καὶ
2999 5006 3060 5058 οὐ
3085 5005 3153 5059 δι’
3180 5008 3543 5081 αίνιγμάτων.
3564 5035 3583 5068 ι
3632 4995 3929 5091 Ἔχοντες

588 5097 774 5152 minus
797 5134 811 5160 ,
843 5102 898 5149 et
944 5092 1130 5147 modis
1160 5090 1422 5145 omnibus
1460 5090 1752 5146 clariorem
1794 5108 1919 5149 esse
1944 5092 2187 5148 ostendit

2302 5086 2473 5142 τοίνυν
2510 5089 2603 5141 καὶ
2635 5089 2728 5143 τοῦ
2756 5094 3033 5162 πανσόφου
3066 5096 3313 5163 Μωσέως
3347 5104 3491 5157 κατὰ
3524 5107 3643 5162 τῶν
3673 5086 3928 5184 ἀσρχαιοξ

590 5188 945 5259 Unigenitum
968 5184 1101 5241 :cilt
1122 5190 1384 5253 appareat
1400 5182 1516 5251 ipse
1535 5182 1588 5236 in
1608 5184 1868 5239 omnibus
1881 5183 2178 5255 primatum

2299 5178 2466 5249 τέρων
2497 5179 2667 5247 ἀγίων
2695 5180 2792 5253 τὴν
2819 5182 2963 5236 οὕτω
2998 5185 3240 5255 μεγάλην
3267 5189 3571 5265 ὑπεροχὴν,
3598 5178 3925 5271 κρείττονά

584 5292 801 5345 tenens,
827 5300 845 5331 ι
883 5279 1048 5335 sicuti
1075 5274 1284 5329 Paulus
1311 5273 1506 5329 scribit
1533 5274 1600 5327 “.
1636 5274 1847 5331 Idcirco
1878 5275 1961 5329 ait
1994 5290 2007 5326 :
2048 5294 2067 5328 ι
2113 5275 2179 5331 Ει

2297 5288 2347 5325 τε
2391 5272 2485 5324 καὶ
2516 5273 2897 5345 εὐκλεέστερον
2927 5277 3068 5330 κατά
3099 5279 3279 5334 πάντα
3307 5286 3513 5355 τρόπον
3536 5290 3923 5354 ἀποδεικνύει

582 5373 826 5439 gratiam
857 5385 961 5439 pro
983 5366 1201 5438 gratia:
1231 5363 1362 5434 quia
1398 5365 1486 5420 lex
1519 5380 1616 5435 per
1644 5363 1877 5437 Moysen
1916 5366 2044 5421 data
2069 5374 2175 5433 est,

2298 5365 2380 5419 τὸν
2416 5366 2716 5438 Μονογενῆ,
2753 5386 2772 5419 ‹
2814 5367 2930 5423 Ἵνα
2958 5370 3216 5442 φαίνηται
3256 5376 3314 5427 ὲν
3348 5380 3520 5434 πᾶσιν
3537 5384 3716 5450 αὐτὸς
3745 5406 3924 5461 πρωο

580 5466 758 5539 gratia
790 5472 844 5518 et
876 5463 1084 5517 veritas
1115 5473 1215 5529 per
1260 5456 1451 5514 Jesum
1493 5457 1781 5513 Christum
1836 5458 1980 5512 facta
2012 5466 2117 5513 est.
2152 5476 2170 5511 ο

2297 5456 2516 5522 rationi,»
2551 5460 2626 5522 ὡς
2652 5461 2681 5512 6
2702 5459 2913 5525 Παῦλος
2933 5478 3087 5531 φησι’
3124 5466 3218 5517 καὶ
3240 5466 3330 5521 διά
3344 5470 3507 5525 τοῦτο
3534 5474 3715 5546 λέγει’
3744 5498 3767 5531 ε
3797 5456 3923 5538 Καὶ

582 5559 844 5614 Arbitror
863 5556 1011 5610 enim
1041 5568 1145 5624 ego
1175 5552 1426 5607 divinum
1459 5552 1854 5621 evangelistam
1884 5552 2170 5608 istiusmo-

2291 5551 2448 5621 χάριν
2486 5551 2608 5604 ἀντὶ
2639 5552 2880 5622 χάριτος,
2911 5555 2993 5608 ὅτι
3024 5556 3052 5608 6
3077 5555 3240 5626 νόμος
3265 5559 3357 5612 διὰ
3388 5562 3647 5632 Μωσέως
3684 5571 3864 5646 ἐδόθη
3902 5594 3917 5607 -

585 5649 638 5703 di
674 5646 943 5719 quiddam
984 5645 1302 5717 significare
1332 5644 1489 5699 velle.
1516 5641 1752 5709 Veram,
1790 5643 2002 5714 inquit,
2034 5658 2171 5699 con-

2291 5645 2312 5713 ή
2340 5642 2503 5714 χάρις
2531 5642 2626 5696 καὶ
2660 5643 2693 5711 ή
2719 5642 2942 5714 ἀλήθεια
2978 5645 3065 5700 διὰ
3096 5647 3269 5718 Ἰησοῦ
3300 5652 3550 5723 Χριστοῦ
3585 5641 3863 5730 ἐγένετο.-
3894 5687 3917 5721 ι

653 5822 748 5876 “'1
796 5821 923 5880 Cor.
988 5836 1059 5888 iv,
1113 5820 1163 5877 7.
1272 5821 1313 5852 ⁸⁸
1372 5819 1562 5876 Matth.
1626 5838 1703 5891 xi,
1768 5823 1854 5877 ll.
1932 5822 1978 5853 ⁸⁸
2020 5821 2192 5877 Exod.
2232 5837 2429 5889 nxru,
2477 5823 2562 5877 12.
2641 5822 2686 5853 ⁸³
2714 5820 2873 5877 Num.
2914 5839 3012 5889 xu,
3056 5825 3185 5882 0-8.
3267 5830 3311 5861 “
3362 5831 3472 5889 Col.
3531 5855 3573 5905 ι,
3620 5840 3716 5897 18,
