  <div class='ocr_page' id='page_1' title='image "/cluster/home/n/w/nwhite01/storage/ocr_20150623/73/hvd.32044019207877/098.png"; bbox 0 0 4118 6524; ppageno 0'>
   <div class='ocr_carea' id='block_1_1' title="bbox 171 487 269 543">
    <p class='ocr_par' dir='ltr' id='par_1_1' title="bbox 171 487 269 543">
     <span class='ocr_line' id='line_1_1' title="bbox 171 487 269 543; baseline -0.02 -1"><span class='ocrx_word' id='word_1_1' title='bbox 171 487 269 543; x_wconf 74' lang='grc' dir='ltr'><strong>1Ἱὸ</strong></span> 
     </span>
    </p>
   </div>
   <div class='ocr_carea' id='block_1_2' title="bbox 1225 476 2338 537">
    <p class='ocr_par' dir='ltr' id='par_1_2' title="bbox 1225 476 2338 537">
     <span class='ocr_line' id='line_1_2' title="bbox 1225 476 2338 537; baseline 0.004 -7"><span class='ocrx_word' id='word_1_2' title='bbox 1225 479 1290 531; x_wconf 76' lang='grc' dir='ltr'><strong>ΙΝ</strong></span> <span class='ocrx_word' id='word_1_3' title='bbox 1326 478 1610 533; x_wconf 77' lang='lat' dir='ltr'><strong>JOANNIS</strong></span> <span class='ocrx_word' id='word_1_4' title='bbox 1654 476 2097 537; x_wconf 69' lang='lat' dir='ltr'><strong>EVAIVGELIUM</strong></span> <span class='ocrx_word' id='word_1_5' title='bbox 2132 478 2257 537; x_wconf 85' lang='lat' dir='ltr'><strong>LIB.</strong></span> <span class='ocrx_word' id='word_1_6' title='bbox 2297 480 2338 535; x_wconf 88' lang='grc'><strong>1.</strong></span> 
     </span>
    </p>
   </div>
   <div class='ocr_carea' id='block_1_3' title="bbox 3331 488 3431 542">
    <p class='ocr_par' dir='ltr' id='par_1_3' title="bbox 3331 488 3431 542">
     <span class='ocr_line' id='line_1_3' title="bbox 3331 488 3431 542; baseline 0.03 -3"><span class='ocrx_word' id='word_1_7' title='bbox 3331 488 3431 542; x_wconf 74' lang='grc'><strong>174</strong></span> 
     </span>
    </p>
   </div>
   <div class='ocr_carea' id='block_1_4' title="bbox 167 592 1741 674">
    <p class='ocr_par' dir='ltr' id='par_1_4' title="bbox 167 592 1741 674">
     <span class='ocr_line' id='line_1_4' title="bbox 167 592 1741 674; baseline -0.01 -15"><span class='ocrx_word' id='word_1_8' title='bbox 167 598 340 674; x_wconf 76' lang='grc' dir='ltr'><strong>Οἶμαι</strong></span> <span class='ocrx_word' id='word_1_9' title='bbox 384 599 492 672; x_wconf 82' lang='grc' dir='ltr'><strong>γὰρ</strong></span> <span class='ocrx_word' id='word_1_10' title='bbox 530 599 706 667; x_wconf 74' lang='grc' dir='ltr'><strong>εγωγε</strong></span> <span class='ocrx_word' id='word_1_11' title='bbox 750 594 989 650; x_wconf 82' lang='grc' dir='ltr'><strong>τοιοῦτόν</strong></span> <span class='ocrx_word' id='word_1_12' title='bbox 1011 612 1061 649; x_wconf 86' lang='grc' dir='ltr'><strong>τι</strong></span> <span class='ocrx_word' id='word_1_13' title='bbox 1097 594 1381 666; x_wconf 75' lang='grc' dir='ltr'><strong>βούλεσθαι</strong></span> <span class='ocrx_word' id='word_1_14' title='bbox 1416 594 1610 667; x_wconf 80' lang='grc' dir='ltr'>δηλοῦν</span> <span class='ocrx_word' id='word_1_15' title='bbox 1653 592 1741 645; x_wconf 80' lang='grc' dir='ltr'><strong>τὸν</strong></span> 
     </span>
    </p>
   </div>
   <div class='ocr_carea' id='block_1_5' title="bbox 1845 592 3432 674">
    <p class='ocr_par' dir='ltr' id='par_1_5' title="bbox 1851 592 3432 670">
     <span class='ocr_line' id='line_1_5' title="bbox 1851 592 3432 670; baseline 0.004 -23"><span class='ocrx_word' id='word_1_16' title='bbox 1851 592 2149 652; x_wconf 79' lang='lat' dir='ltr'><strong>fessionem</strong></span> <span class='ocrx_word' id='word_1_17' title='bbox 2203 612 2436 669; x_wconf 89' lang='lat' dir='ltr'><strong>magnus</strong></span> <span class='ocrx_word' id='word_1_18' title='bbox 2492 597 2583 654; x_wconf 86' lang='lat' dir='ltr'><strong>ille</strong></span> <span class='ocrx_word' id='word_1_19' title='bbox 2628 597 2873 670; x_wconf 83' lang='lat' dir='ltr'><strong>Baptista</strong></span> <span class='ocrx_word' id='word_1_20' title='bbox 2909 596 3085 654; x_wconf 90' lang='lat' dir='ltr'><strong>edidit</strong></span> <span class='ocrx_word' id='word_1_21' title='bbox 3140 599 3320 670; x_wconf 80' lang='lat' dir='ltr'><strong>palam</strong></span> <span class='ocrx_word' id='word_1_22' title='bbox 3375 611 3432 657; x_wconf 85' lang='lat' dir='ltr'><strong>et</strong></span> 
     </span>
    </p>
   </div>
   <div class='ocr_carea' id='block_1_6' title="bbox 170 687 1747 767">
    <p class='ocr_par' dir='ltr' id='par_1_6' title="bbox 170 687 1747 767">
     <span class='ocr_line' id='line_1_6' title="bbox 170 687 1747 767; baseline -0.005 -20"><span class='ocrx_word' id='word_1_23' title='bbox 170 693 440 767; x_wconf 85' lang='grc' dir='ltr'><strong>μακάριον</strong></span> <span class='ocrx_word' id='word_1_24' title='bbox 458 690 875 761; x_wconf 73' lang='grc' dir='ltr'><strong>εὐαγγελιστήν⁸</strong></span> <span class='ocrx_word' id='word_1_25' title='bbox 917 687 1134 759; x_wconf 78' lang='grc' dir='ltr'><strong>Ἀληθῆ,</strong></span> <span class='ocrx_word' id='word_1_26' title='bbox 1157 688 1311 759; x_wconf 74' lang='grc' dir='ltr'><strong>φησὶ,</strong></span> <span class='ocrx_word' id='word_1_27' title='bbox 1340 689 1437 758; x_wconf 82' lang='grc' dir='ltr'><strong>τὴν</strong></span> <span class='ocrx_word' id='word_1_28' title='bbox 1453 688 1747 759; x_wconf 74' lang='grc' dir='ltr'><strong>ὁμολογίαν</strong></span> 
     </span>
    </p>
   </div>
   <div class='ocr_carea' id='block_1_7' title="bbox 166 778 1746 857">
    <p class='ocr_par' dir='ltr' id='par_1_7' title="bbox 166 778 1746 857">
     <span class='ocr_line' id='line_1_7' title="bbox 166 778 1746 857; baseline -0.004 -18"><span class='ocrx_word' id='word_1_29' title='bbox 166 790 194 840; x_wconf 99' lang='lat'><strong>6</strong></span> <span class='ocrx_word' id='word_1_30' title='bbox 217 784 392 857; x_wconf 80' lang='grc' dir='ltr'>μέγας</span> <span class='ocrx_word' id='word_1_31' title='bbox 439 784 731 855; x_wconf 83' lang='grc' dir='ltr'><strong>ἐποιήσατο</strong></span> <span class='ocrx_word' id='word_1_32' title='bbox 760 780 1069 851; x_wconf 84' lang='grc' dir='ltr'><strong>Βαπτιστὴς</strong></span> <span class='ocrx_word' id='word_1_33' title='bbox 1100 780 1228 850; x_wconf 80' lang='grc' dir='ltr'><strong>περὶ</strong></span> <span class='ocrx_word' id='word_1_34' title='bbox 1272 779 1367 833; x_wconf 86' lang='grc' dir='ltr'><strong>τοῦ</strong></span> <span class='ocrx_word' id='word_1_35' title='bbox 1408 778 1746 848; x_wconf 79' lang='grc' dir='ltr'><strong>Μονογενοῦς</strong></span> 
     </span>
    </p>
   </div>
   <div class='ocr_carea' id='block_1_8' title="bbox 165 874 1744 951">
    <p class='ocr_par' dir='ltr' id='par_1_8' title="bbox 165 874 1744 951">
     <span class='ocr_line' id='line_1_8' title="bbox 165 874 1744 951; baseline -0.003 -19"><span class='ocrx_word' id='word_1_36' title='bbox 165 878 461 951; x_wconf 74' lang='grc' dir='ltr'><strong>διαρρήδην</strong></span> <span class='ocrx_word' id='word_1_37' title='bbox 492 875 867 945; x_wconf 68' lang='grc' dir='ltr'><strong>ἀπαγγέλλων</strong></span> <span class='ocrx_word' id='word_1_38' title='bbox 928 894 947 928; x_wconf 75' lang='grc' dir='ltr'><strong>ι</strong></span> <span class='ocrx_word' id='word_1_39' title='bbox 994 875 1053 927; x_wconf 87' lang='grc' dir='ltr'><strong>Ὀ</strong></span> <span class='ocrx_word' id='word_1_40' title='bbox 1072 874 1246 929; x_wconf 80' lang='grc' dir='ltr'><strong>ὀπίσω</strong></span> <span class='ocrx_word' id='word_1_41' title='bbox 1283 893 1383 947; x_wconf 88' lang='grc' dir='ltr'><strong>μου</strong></span> <span class='ocrx_word' id='word_1_42' title='bbox 1418 875 1744 946; x_wconf 88' lang='grc' dir='ltr'><strong>ἐρχόμενος,</strong></span> 
     </span>
    </p>
   </div>
   <div class='ocr_carea' id='block_1_9' title="bbox 167 964 1747 1040">
    <p class='ocr_par' dir='ltr' id='par_1_9' title="bbox 167 964 1747 1040">
     <span class='ocr_line' id='line_1_9' title="bbox 167 964 1747 1040; baseline -0.002 -18"><span class='ocrx_word' id='word_1_43' title='bbox 167 968 478 1040; x_wconf 80' lang='grc' dir='ltr'><strong>ἔμπροσθέν</strong></span> <span class='ocrx_word' id='word_1_44' title='bbox 512 986 615 1038; x_wconf 85' lang='grc' dir='ltr'><strong>μου</strong></span> <span class='ocrx_word' id='word_1_45' title='bbox 638 968 885 1037; x_wconf 90' lang='grc' dir='ltr'><strong>γέγονεν,</strong></span> <span class='ocrx_word' id='word_1_46' title='bbox 908 969 991 1023; x_wconf 82' lang='grc' dir='ltr'><strong>ὅτι</strong></span> <span class='ocrx_word' id='word_1_47' title='bbox 1013 968 1228 1040; x_wconf 81' lang='grc' dir='ltr'><strong>πρῶτός</strong></span> <span class='ocrx_word' id='word_1_48' title='bbox 1260 986 1361 1039; x_wconf 91' lang='grc' dir='ltr'><strong>μου</strong></span> <span class='ocrx_word' id='word_1_49' title='bbox 1395 964 1482 1039; x_wconf 77' lang='grc' dir='ltr'><strong>ἦν’</strong></span> <span class='ocrx_word' id='word_1_50' title='bbox 1513 968 1608 1021; x_wconf 74' lang='grc' dir='ltr'><strong>καὶ</strong></span> <span class='ocrx_word' id='word_1_51' title='bbox 1639 968 1747 1037; x_wconf 87' lang='grc' dir='ltr'><strong>γὰρ</strong></span> 
     </span>
    </p>
   </div>
   <div class='ocr_carea' id='block_1_10' title="bbox 167 1056 1742 1131">
    <p class='ocr_par' dir='ltr' id='par_1_10' title="bbox 167 1056 1742 1131">
     <span class='ocr_line' id='line_1_10' title="bbox 167 1056 1742 1131; baseline -0.002 -20"><span class='ocrx_word' id='word_1_52' title='bbox 167 1060 230 1112; x_wconf 82' lang='grc' dir='ltr'><strong>ἐκ</strong></span> <span class='ocrx_word' id='word_1_53' title='bbox 254 1059 346 1111; x_wconf 86' lang='grc' dir='ltr'><strong>τοῦ</strong></span> <span class='ocrx_word' id='word_1_54' title='bbox 368 1058 735 1131; x_wconf 82' lang='grc' dir='ltr'><strong>πληρώματος</strong></span> <span class='ocrx_word' id='word_1_55' title='bbox 764 1057 930 1113; x_wconf 80' lang='grc' dir='ltr'><strong>αὑτοῦ</strong></span> <span class='ocrx_word' id='word_1_56' title='bbox 984 1060 1146 1129; x_wconf 81' lang='grc' dir='ltr'>ἡμεῖς</span> <span class='ocrx_word' id='word_1_57' title='bbox 1175 1058 1375 1121; x_wconf 87' lang='grc' dir='ltr'><strong>πάντες</strong></span> <span class='ocrx_word' id='word_1_58' title='bbox 1402 1056 1689 1127; x_wconf 74' lang='grc' dir='ltr'><strong>ἐλάϐομεν.</strong></span> <span class='ocrx_word' id='word_1_59' title='bbox 1723 1074 1742 1108; x_wconf 74' lang='grc' dir='ltr'><strong>ο</strong></span> 
     </span>
    </p>
   </div>
   <div class='ocr_carea' id='block_1_11' title="bbox 166 1148 1747 1222">
    <p class='ocr_par' dir='ltr' id='par_1_11' title="bbox 166 1148 1747 1222">
     <span class='ocr_line' id='line_1_11' title="bbox 166 1148 1747 1222; baseline -0.003 -18"><span class='ocrx_word' id='word_1_60' title='bbox 166 1151 274 1204; x_wconf 79' lang='grc' dir='ltr'><strong>Καὶ</strong></span> <span class='ocrx_word' id='word_1_61' title='bbox 294 1150 560 1220; x_wconf 80' lang='grc' dir='ltr'><strong>νομιζέτω</strong></span> <span class='ocrx_word' id='word_1_62' title='bbox 589 1151 777 1222; x_wconf 79' lang='grc' dir='ltr'><strong>μηδεὶς</strong></span> <span class='ocrx_word' id='word_1_63' title='bbox 819 1151 1071 1204; x_wconf 83' lang='grc' dir='ltr'><strong>Ἰωάννου</strong></span> <span class='ocrx_word' id='word_1_64' title='bbox 1097 1149 1216 1221; x_wconf 76' lang='grc' dir='ltr'><strong>μὲν,</strong></span> <span class='ocrx_word' id='word_1_65' title='bbox 1248 1149 1281 1220; x_wconf 82' lang='grc' dir='ltr'><strong>ἢ</strong></span> <span class='ocrx_word' id='word_1_66' title='bbox 1312 1150 1406 1202; x_wconf 76' lang='grc' dir='ltr'><strong>καὶ</strong></span> <span class='ocrx_word' id='word_1_67' title='bbox 1435 1148 1543 1202; x_wconf 87' lang='grc' dir='ltr'><strong>τῶν</strong></span> <span class='ocrx_word' id='word_1_68' title='bbox 1572 1148 1747 1203; x_wconf 80' lang='grc' dir='ltr'><strong>ἄλλων</strong></span> 
     </span>
    </p>
   </div>
   <div class='ocr_carea' id='block_1_12' title="bbox 165 1240 1746 1312">
    <p class='ocr_par' dir='ltr' id='par_1_12' title="bbox 165 1240 1746 1312">
     <span class='ocr_line' id='line_1_12' title="bbox 165 1240 1746 1312; baseline -0.001 -17"><span class='ocrx_word' id='word_1_69' title='bbox 165 1243 357 1310; x_wconf 87' lang='grc' dir='ltr'><strong>ἀγίων,</strong></span> <span class='ocrx_word' id='word_1_70' title='bbox 385 1242 435 1295; x_wconf 75' lang='grc' dir='ltr'><strong>οἳ</strong></span> <span class='ocrx_word' id='word_1_71' title='bbox 456 1242 599 1296; x_wconf 88' lang='grc' dir='ltr'><strong>κατὰ</strong></span> <span class='ocrx_word' id='word_1_72' title='bbox 620 1244 747 1305; x_wconf 83' lang='grc' dir='ltr'><strong>τοὺς</strong></span> <span class='ocrx_word' id='word_1_73' title='bbox 763 1244 861 1312; x_wconf 85' lang='grc' dir='ltr'><strong>τῆς</strong></span> <span class='ocrx_word' id='word_1_74' title='bbox 888 1241 1187 1312; x_wconf 77' lang='grc' dir='ltr'><strong>ἐπιδημίας</strong></span> <span class='ocrx_word' id='word_1_75' title='bbox 1208 1242 1466 1310; x_wconf 89' lang='grc' dir='ltr'><strong>γεγόνασι</strong></span> <span class='ocrx_word' id='word_1_76' title='bbox 1499 1240 1746 1311; x_wconf 80' lang='grc' dir='ltr'><strong>καιροὺς,</strong></span> 
     </span>
    </p>
   </div>
   <div class='ocr_carea' id='block_1_13' title="bbox 164 1332 1746 1407">
    <p class='ocr_par' dir='ltr' id='par_1_13' title="bbox 164 1332 1746 1407">
     <span class='ocr_line' id='line_1_13' title="bbox 164 1332 1746 1407; baseline -0.005 -15"><span class='ocrx_word' id='word_1_77' title='bbox 164 1335 523 1407; x_wconf 83' lang='grc' dir='ltr'><strong>ὑπερανέχειν</strong></span> <span class='ocrx_word' id='word_1_78' title='bbox 569 1334 661 1389; x_wconf 80' lang='grc' dir='ltr'><strong>τὸν</strong></span> <span class='ocrx_word' id='word_1_79' title='bbox 698 1333 1001 1404; x_wconf 71' lang='grc' dir='ltr'><strong>Μονογενῖγ</strong></span> <span class='ocrx_word' id='word_1_80' title='bbox 1038 1333 1307 1404; x_wconf 84' lang='grc' dir='ltr'><strong>ὴττᾶσθαί</strong></span> <span class='ocrx_word' id='word_1_81' title='bbox 1344 1350 1407 1403; x_wconf 90' lang='grc' dir='ltr'><strong>γε</strong></span> <span class='ocrx_word' id='word_1_82' title='bbox 1446 1333 1555 1403; x_wconf 82' lang='grc' dir='ltr'><strong>μὴν</strong></span> <span class='ocrx_word' id='word_1_83' title='bbox 1604 1332 1746 1385; x_wconf 84' lang='grc' dir='ltr'><strong>κατὰ</strong></span> 
     </span>
    </p>
   </div>
   <div class='ocr_carea' id='block_1_14' title="bbox 160 1421 1746 1499">
    <p class='ocr_par' dir='ltr' id='par_1_14' title="bbox 160 1421 1746 1499">
     <span class='ocr_line' id='line_1_14' title="bbox 160 1421 1746 1499; baseline -0.003 -18"><span class='ocrx_word' id='word_1_84' title='bbox 160 1429 260 1499; x_wconf 80' lang='grc' dir='ltr'><strong>τὴν</strong></span> <span class='ocrx_word' id='word_1_85' title='bbox 283 1426 438 1493; x_wconf 81' lang='grc' dir='ltr'><strong>δόξαν</strong></span> <span class='ocrx_word' id='word_1_86' title='bbox 463 1426 571 1480; x_wconf 85' lang='grc' dir='ltr'><strong>τῶν</strong></span> <span class='ocrx_word' id='word_1_87' title='bbox 594 1426 988 1498; x_wconf 80' lang='grc' dir='ltr'><strong>ἀρχαιοτέρων,</strong></span> <span class='ocrx_word' id='word_1_88' title='bbox 1025 1426 1183 1497; x_wconf 82' lang='grc' dir='ltr'><strong>οἵπερ</strong></span> <span class='ocrx_word' id='word_1_89' title='bbox 1226 1421 1366 1496; x_wconf 80' lang='grc' dir='ltr'><strong>ἦσαν</strong></span> <span class='ocrx_word' id='word_1_90' title='bbox 1401 1426 1457 1476; x_wconf 87' lang='grc' dir='ltr'><strong>ἐν</strong></span> <span class='ocrx_word' id='word_1_91' title='bbox 1489 1423 1746 1495; x_wconf 82' lang='grc' dir='ltr'><strong>ἁγιασμῷ</strong></span> 
     </span>
    </p>
   </div>
   <div class='ocr_carea' id='block_1_15' title="bbox 159 1518 1744 1592">
    <p class='ocr_par' dir='ltr' id='par_1_15' title="bbox 159 1518 1744 1592">
     <span class='ocr_line' id='line_1_15' title="bbox 159 1518 1744 1592; baseline -0.003 -17"><span class='ocrx_word' id='word_1_92' title='bbox 159 1520 559 1592; x_wconf 83' lang='grc' dir='ltr'><strong>διαλάμποντες</strong></span> <span class='ocrx_word' id='word_1_93' title='bbox 603 1520 745 1574; x_wconf 83' lang='grc' dir='ltr'><strong>κατά</strong></span> <span class='ocrx_word' id='word_1_94' title='bbox 778 1521 904 1583; x_wconf 80' lang='grc' dir='ltr'><strong>τοὺς</strong></span> <span class='ocrx_word' id='word_1_95' title='bbox 936 1520 1141 1574; x_wconf 81' lang='grc' dir='ltr'><strong>ἄνωθεν</strong></span> <span class='ocrx_word' id='word_1_96' title='bbox 1172 1520 1271 1589; x_wconf 89' lang='grc' dir='ltr'><strong>τῆς</strong></span> <span class='ocrx_word' id='word_1_97' title='bbox 1304 1518 1599 1590; x_wconf 75' lang='grc' dir='ltr'><strong>ἐπιδημίας</strong></span> <span class='ocrx_word' id='word_1_98' title='bbox 1619 1518 1744 1590; x_wconf 86' lang='grc' dir='ltr'><strong>χρό-</strong></span> 
     </span>
    </p>
   </div>
   <div class='ocr_carea' id='block_1_16' title="bbox 159 1611 1743 1684">
    <p class='ocr_par' dir='ltr' id='par_1_16' title="bbox 159 1611 1743 1684">
     <span class='ocr_line' id='line_1_16' title="bbox 159 1611 1743 1684; baseline -0.001 -17"><span class='ocrx_word' id='word_1_99' title='bbox 159 1630 283 1677; x_wconf 90' lang='grc' dir='ltr'><strong>νους</strong></span> <span class='ocrx_word' id='word_1_100' title='bbox 316 1628 330 1643; x_wconf 88' lang='grc'><strong>·</strong></span> <span class='ocrx_word' id='word_1_101' title='bbox 360 1612 629 1684; x_wconf 83' lang='grc' dir='ltr'><strong>θεωρήσει</strong></span> <span class='ocrx_word' id='word_1_102' title='bbox 664 1612 773 1683; x_wconf 82' lang='grc' dir='ltr'><strong>γὰρ</strong></span> <span class='ocrx_word' id='word_1_103' title='bbox 803 1613 967 1667; x_wconf 74' lang='grc' dir='ltr'><strong>αὑτὸν</strong></span> <span class='ocrx_word' id='word_1_104' title='bbox 1004 1612 1137 1666; x_wconf 76' lang='grc' dir='ltr'><strong>πολὺ</strong></span> <span class='ocrx_word' id='word_1_105' title='bbox 1167 1611 1226 1665; x_wconf 85' lang='grc' dir='ltr'><strong>τὸ</strong></span> <span class='ocrx_word' id='word_1_106' title='bbox 1256 1612 1519 1675; x_wconf 84' lang='grc' dir='ltr'><strong>Μωσέως.</strong></span> <span class='ocrx_word' id='word_1_107' title='bbox 1557 1612 1743 1681; x_wconf 74' lang='grc' dir='ltr'><strong>φησὶν,</strong></span> 
     </span>
    </p>
   </div>
   <div class='ocr_carea' id='block_1_17' title="bbox 160 1704 1746 1776">
    <p class='ocr_par' dir='ltr' id='par_1_17' title="bbox 160 1704 1746 1776">
     <span class='ocr_line' id='line_1_17' title="bbox 160 1704 1746 1776; baseline 0 -18"><span class='ocrx_word' id='word_1_108' title='bbox 160 1704 523 1758; x_wconf 78' lang='grc' dir='ltr'><strong>ἀναϐαίνοντα</strong></span> <span class='ocrx_word' id='word_1_109' title='bbox 548 1706 769 1776; x_wconf 81' lang='grc' dir='ltr'><strong>μέτρον,</strong></span> <span class='ocrx_word' id='word_1_110' title='bbox 796 1705 973 1758; x_wconf 86' lang='grc' dir='ltr'><strong>καίτοι</strong></span> <span class='ocrx_word' id='word_1_111' title='bbox 1001 1705 1063 1758; x_wconf 88' lang='grc' dir='ltr'><strong>τὸ</strong></span> <span class='ocrx_word' id='word_1_112' title='bbox 1100 1705 1304 1775; x_wconf 77' lang='grc' dir='ltr'><strong>μεῖζον,</strong></span> <span class='ocrx_word' id='word_1_113' title='bbox 1334 1705 1411 1767; x_wconf 88' lang='grc' dir='ltr'><strong>ώς</strong></span> <span class='ocrx_word' id='word_1_114' title='bbox 1440 1704 1573 1775; x_wconf 86' lang='grc' dir='ltr'><strong>πρὸς</strong></span> <span class='ocrx_word' id='word_1_115' title='bbox 1603 1705 1746 1758; x_wconf 84' lang='grc' dir='ltr'><strong>ἐκεί-</strong></span> 
     </span>
    </p>
   </div>
   <div class='ocr_carea' id='block_1_18' title="bbox 159 1796 1744 1869">
    <p class='ocr_par' dir='ltr' id='par_1_18' title="bbox 159 1796 1744 1869">
     <span class='ocr_line' id='line_1_18' title="bbox 159 1796 1744 1869; baseline -0.001 -17"><span class='ocrx_word' id='word_1_116' title='bbox 159 1815 304 1861; x_wconf 90' lang='grc' dir='ltr'><strong>νους,</strong></span> <span class='ocrx_word' id='word_1_117' title='bbox 330 1798 386 1851; x_wconf 88' lang='grc' dir='ltr'><strong>ἐν</strong></span> <span class='ocrx_word' id='word_1_118' title='bbox 408 1797 665 1867; x_wconf 82' lang='grc' dir='ltr'><strong>ἁγιασμῷ</strong></span> <span class='ocrx_word' id='word_1_119' title='bbox 692 1798 1029 1869; x_wconf 80' lang='grc' dir='ltr'><strong>κεκτημένου</strong></span> <span class='ocrx_word' id='word_1_120' title='bbox 1054 1812 1067 1825; x_wconf 93' lang='grc'><strong>·</strong></span> <span class='ocrx_word' id='word_1_121' title='bbox 1102 1796 1253 1865; x_wconf 87' lang='grc' dir='ltr'><strong>παρά</strong></span> <span class='ocrx_word' id='word_1_122' title='bbox 1282 1796 1487 1860; x_wconf 78' lang='grc' dir='ltr'><strong>πάντας</strong></span> <span class='ocrx_word' id='word_1_123' title='bbox 1510 1797 1619 1868; x_wconf 77' lang='grc' dir='ltr'><strong>γὰρ</strong></span> <span class='ocrx_word' id='word_1_124' title='bbox 1647 1799 1744 1851; x_wconf 82' lang='grc' dir='ltr'><strong>αὐ-</strong></span> 
     </span>
    </p>
   </div>
   <div class='ocr_carea' id='block_1_19' title="bbox 159 1888 1739 1960">
    <p class='ocr_par' dir='ltr' id='par_1_19' title="bbox 159 1888 1739 1960">
     <span class='ocr_line' id='line_1_19' title="bbox 159 1888 1739 1960; baseline 0.001 -17"><span class='ocrx_word' id='word_1_125' title='bbox 159 1890 251 1944; x_wconf 80' lang='grc' dir='ltr'><strong>τὸν</strong></span> <span class='ocrx_word' id='word_1_126' title='bbox 297 1891 597 1958; x_wconf 76' lang='grc' dir='ltr'><strong>ἐγνωκέναι</strong></span> <span class='ocrx_word' id='word_1_127' title='bbox 644 1891 831 1959; x_wconf 80' lang='grc' dir='ltr'><strong>σαφῶς</strong></span> <span class='ocrx_word' id='word_1_128' title='bbox 878 1891 907 1943; x_wconf 92' lang='grc' dir='ltr'><strong>ό</strong></span> <span class='ocrx_word' id='word_1_129' title='bbox 960 1888 1256 1960; x_wconf 82' lang='grc' dir='ltr'><strong>νομοθέτης</strong></span> <span class='ocrx_word' id='word_1_130' title='bbox 1298 1890 1739 1945; x_wconf 77' lang='grc' dir='ltr'><strong>διεϐεϐαιώσατο.</strong></span> 
     </span>
    </p>
   </div>
   <div class='ocr_carea' id='block_1_20' title="bbox 1776 1938 1818 1994">
    <p class='ocr_par' dir='ltr' id='par_1_20' title="bbox 1776 1938 1818 1994">
     <span class='ocr_line' id='line_1_20' title="bbox 1776 1938 1818 1994; baseline 0 0"><span class='ocrx_word' id='word_1_131' title='bbox 1776 1938 1818 1994; x_wconf 86' lang='grc' dir='ltr'><strong>Β</strong></span> 
     </span>
    </p>
   </div>
   <div class='ocr_carea' id='block_1_21' title="bbox 1849 688 3432 762">
    <p class='ocr_par' dir='ltr' id='par_1_21' title="bbox 1849 688 3432 762">
     <span class='ocr_line' id='line_1_21' title="bbox 1849 688 3432 762; baseline 0.006 -23"><span class='ocrx_word' id='word_1_132' title='bbox 1849 694 2038 757; x_wconf 88' lang='lat' dir='ltr'><strong>aperte</strong></span> <span class='ocrx_word' id='word_1_133' title='bbox 2098 688 2405 759; x_wconf 62' lang='lat' dir='ltr'><strong>praedicans</strong></span> <span class='ocrx_word' id='word_1_134' title='bbox 2456 688 2526 745; x_wconf 91' lang='lat' dir='ltr'><strong>de</strong></span> <span class='ocrx_word' id='word_1_135' title='bbox 2556 689 2886 762; x_wconf 86' lang='lat' dir='ltr'><strong>Unigenito:</strong></span> <span class='ocrx_word' id='word_1_136' title='bbox 2928 710 2945 742; x_wconf 77' lang='grc' dir='ltr'><strong>ι</strong></span> <span class='ocrx_word' id='word_1_137' title='bbox 2998 690 3102 757; x_wconf 87' lang='lat' dir='ltr'><strong>Qui</strong></span> <span class='ocrx_word' id='word_1_138' title='bbox 3155 700 3284 762; x_wconf 87' lang='lat' dir='ltr'><strong>post</strong></span> <span class='ocrx_word' id='word_1_139' title='bbox 3343 708 3432 749; x_wconf 80' lang='lat' dir='ltr'><strong>me</strong></span> 
     </span>
    </p>
   </div>
   <div class='ocr_carea' id='block_1_22' title="bbox 1849 780 3433 853">
    <p class='ocr_par' dir='ltr' id='par_1_22' title="bbox 1849 780 3433 853">
     <span class='ocr_line' id='line_1_22' title="bbox 1849 780 3433 853; baseline 0.002 -20"><span class='ocrx_word' id='word_1_140' title='bbox 1849 787 2121 836; x_wconf 87' lang='lat' dir='ltr'><strong>venturus</strong></span> <span class='ocrx_word' id='word_1_141' title='bbox 2152 788 2261 845; x_wconf 90' lang='lat' dir='ltr'><strong>est,</strong></span> <span class='ocrx_word' id='word_1_142' title='bbox 2286 790 2416 836; x_wconf 90' lang='lat' dir='ltr'><strong>ante</strong></span> <span class='ocrx_word' id='word_1_143' title='bbox 2451 796 2539 836; x_wconf 89' lang='lat' dir='ltr'><strong>me</strong></span> <span class='ocrx_word' id='word_1_144' title='bbox 2586 780 2766 837; x_wconf 90' lang='lat' dir='ltr'><strong>factus</strong></span> <span class='ocrx_word' id='word_1_145' title='bbox 2812 790 2931 843; x_wconf 90' lang='lat' dir='ltr'><strong>est,</strong></span> <span class='ocrx_word' id='word_1_146' title='bbox 2973 783 3104 853; x_wconf 85' lang='lat' dir='ltr'><strong>quia</strong></span> <span class='ocrx_word' id='word_1_147' title='bbox 3151 781 3307 851; x_wconf 89' lang='lat' dir='ltr'><strong>prior</strong></span> <span class='ocrx_word' id='word_1_148' title='bbox 3344 797 3433 837; x_wconf 90' lang='lat' dir='ltr'><strong>me</strong></span> 
     </span>
    </p>
   </div>
   <div class='ocr_carea' id='block_1_23' title="bbox 1848 870 3431 945">
    <p class='ocr_par' dir='ltr' id='par_1_23' title="bbox 1848 870 3431 945">
     <span class='ocr_line' id='line_1_23' title="bbox 1848 870 3431 945; baseline 0 -19"><span class='ocrx_word' id='word_1_149' title='bbox 1848 880 1985 927; x_wconf 89' lang='lat' dir='ltr'><strong>erat.</strong></span> <span class='ocrx_word' id='word_1_150' title='bbox 2034 870 2250 927; x_wconf 86' lang='lat' dir='ltr'><strong>Etenim</strong></span> <span class='ocrx_word' id='word_1_151' title='bbox 2301 873 2369 928; x_wconf 87' lang='lat' dir='ltr'><strong>de</strong></span> <span class='ocrx_word' id='word_1_152' title='bbox 2422 872 2765 945; x_wconf 90' lang='lat' dir='ltr'><strong>plenitudine</strong></span> <span class='ocrx_word' id='word_1_153' title='bbox 2812 874 2936 943; x_wconf 84' lang='lat' dir='ltr'><strong>ejus</strong></span> <span class='ocrx_word' id='word_1_154' title='bbox 2977 888 3170 929; x_wconf 89' lang='lat' dir='ltr'><strong>omnes</strong></span> <span class='ocrx_word' id='word_1_155' title='bbox 3206 873 3431 943; x_wconf 88' lang='lat' dir='ltr'><strong>accepi-</strong></span> 
     </span>
    </p>
   </div>
   <div class='ocr_carea' id='block_1_24' title="bbox 1849 963 3432 1037">
    <p class='ocr_par' dir='ltr' id='par_1_24' title="bbox 1849 963 3432 1037">
     <span class='ocr_line' id='line_1_24' title="bbox 1849 963 3432 1037; baseline 0.002 -19"><span class='ocrx_word' id='word_1_156' title='bbox 1849 979 1991 1019; x_wconf 87' lang='lat' dir='ltr'><strong>mus.</strong></span> <span class='ocrx_word' id='word_1_157' title='bbox 2031 984 2049 1016; x_wconf 82' lang='grc'><strong>›</strong></span> <span class='ocrx_word' id='word_1_158' title='bbox 2087 963 2198 1021; x_wconf 88' lang='lat' dir='ltr'><strong>Nec</strong></span> <span class='ocrx_word' id='word_1_159' title='bbox 2227 974 2384 1036; x_wconf 90' lang='lat' dir='ltr'><strong>putet</strong></span> <span class='ocrx_word' id='word_1_160' title='bbox 2434 966 2711 1037; x_wconf 85' lang='lat' dir='ltr'><strong>quispiam</strong></span> <span class='ocrx_word' id='word_1_161' title='bbox 2745 964 2944 1020; x_wconf 83' lang='lat' dir='ltr'><strong>Joanni</strong></span> <span class='ocrx_word' id='word_1_162' title='bbox 2978 967 3201 1036; x_wconf 87' lang='lat' dir='ltr'><strong>quidem</strong></span> <span class='ocrx_word' id='word_1_163' title='bbox 3230 973 3287 1021; x_wconf 89' lang='lat' dir='ltr'><strong>et</strong></span> <span class='ocrx_word' id='word_1_164' title='bbox 3324 980 3432 1021; x_wconf 74' lang='lat' dir='ltr'><strong>ca!-</strong></span> 
     </span>
    </p>
   </div>
   <div class='ocr_carea' id='block_1_25' title="bbox 1849 1056 3433 1130">
    <p class='ocr_par' dir='ltr' id='par_1_25' title="bbox 1849 1056 3433 1130">
     <span class='ocr_line' id='line_1_25' title="bbox 1849 1056 3433 1130; baseline 0.001 -21"><span class='ocrx_word' id='word_1_165' title='bbox 1849 1056 1987 1113; x_wconf 89' lang='lat' dir='ltr'><strong>teris</strong></span> <span class='ocrx_word' id='word_1_166' title='bbox 2040 1058 2257 1114; x_wconf 85' lang='lat' dir='ltr'><strong>sanctis</strong></span> <span class='ocrx_word' id='word_1_167' title='bbox 2306 1059 2400 1126; x_wconf 88' lang='lat' dir='ltr'><strong>qui</strong></span> <span class='ocrx_word' id='word_1_168' title='bbox 2467 1068 2716 1130; x_wconf 86' lang='lat' dir='ltr'><strong>tempore</strong></span> <span class='ocrx_word' id='word_1_169' title='bbox 2768 1059 3038 1114; x_wconf 83' lang='lat' dir='ltr'><strong>adventus</strong></span> <span class='ocrx_word' id='word_1_170' title='bbox 3101 1058 3433 1115; x_wconf 82' lang='lat' dir='ltr'><strong>exstiterunt</strong></span> 
     </span>
    </p>
   </div>
   <div class='ocr_carea' id='block_1_26' title="bbox 1850 1146 3430 1223">
    <p class='ocr_par' dir='ltr' id='par_1_26' title="bbox 1850 1146 3430 1223">
     <span class='ocr_line' id='line_1_26' title="bbox 1850 1146 3430 1223; baseline 0.003 -20"><span class='ocrx_word' id='word_1_171' title='bbox 1850 1146 2206 1221; x_wconf 84' lang='lat' dir='ltr'><strong>Unigenitum</strong></span> <span class='ocrx_word' id='word_1_172' title='bbox 2257 1152 2549 1215; x_wconf 79' lang='lat' dir='ltr'><strong>excellere.</strong></span> <span class='ocrx_word' id='word_1_173' title='bbox 2597 1152 2786 1223; x_wconf 67' lang='lat' dir='ltr'><strong>gloria:</strong></span> <span class='ocrx_word' id='word_1_174' title='bbox 2825 1160 3011 1207; x_wconf 88' lang='lat' dir='ltr'><strong>tamen</strong></span> <span class='ocrx_word' id='word_1_175' title='bbox 3044 1159 3291 1206; x_wconf 81' lang='lat' dir='ltr'><strong>veterum</strong></span> <span class='ocrx_word' id='word_1_176' title='bbox 3334 1165 3430 1207; x_wconf 87' lang='lat' dir='ltr'><strong>ce-</strong></span> 
     </span>
    </p>
   </div>
   <div class='ocr_carea' id='block_1_27' title="bbox 1847 1240 3396 1314">
    <p class='ocr_par' dir='ltr' id='par_1_27' title="bbox 1847 1240 3396 1314">
     <span class='ocr_line' id='line_1_27' title="bbox 1847 1240 3396 1314; baseline -0.001 -19"><span class='ocrx_word' id='word_1_177' title='bbox 1847 1240 1999 1307; x_wconf 88' lang='lat' dir='ltr'><strong>dere,</strong></span> <span class='ocrx_word' id='word_1_178' title='bbox 2034 1241 2130 1311; x_wconf 91' lang='lat' dir='ltr'><strong>qui</strong></span> <span class='ocrx_word' id='word_1_179' title='bbox 2165 1250 2293 1298; x_wconf 86' lang='lat' dir='ltr'><strong>ante</strong></span> <span class='ocrx_word' id='word_1_180' title='bbox 2323 1242 2595 1299; x_wconf 87' lang='lat' dir='ltr'><strong>adventus</strong></span> <span class='ocrx_word' id='word_1_181' title='bbox 2629 1251 2878 1314; x_wconf 89' lang='lat' dir='ltr'><strong>tempora</strong></span> <span class='ocrx_word' id='word_1_182' title='bbox 2914 1242 3215 1299; x_wconf 88' lang='lat' dir='ltr'><strong>sanctitate</strong></span> <span class='ocrx_word' id='word_1_183' title='bbox 3249 1240 3396 1311; x_wconf 89' lang='lat' dir='ltr'><strong>fulge</strong></span> 
     </span>
    </p>
   </div>
   <div class='ocr_carea' id='block_1_28' title="bbox 1847 1332 3431 1405">
    <p class='ocr_par' dir='ltr' id='par_1_28' title="bbox 1847 1332 3431 1405">
     <span class='ocr_line' id='line_1_28' title="bbox 1847 1332 3431 1405; baseline -0.001 -18"><span class='ocrx_word' id='word_1_184' title='bbox 1847 1332 1983 1387; x_wconf 89' lang='lat' dir='ltr'><strong>bant</strong></span> <span class='ocrx_word' id='word_1_185' title='bbox 2016 1351 2029 1387; x_wconf 92' lang='lat'><strong>:</strong></span> <span class='ocrx_word' id='word_1_186' title='bbox 2071 1334 2283 1391; x_wconf 86' lang='lat' dir='ltr'><strong>videbit</strong></span> <span class='ocrx_word' id='word_1_187' title='bbox 2328 1335 2476 1392; x_wconf 91' lang='lat' dir='ltr'><strong>enim</strong></span> <span class='ocrx_word' id='word_1_188' title='bbox 2507 1334 2731 1392; x_wconf 84' lang='lat' dir='ltr'><strong>Christo</strong></span> <span class='ocrx_word' id='word_1_189' title='bbox 2762 1336 2921 1405; x_wconf 87' lang='lat' dir='ltr'><strong>longe</strong></span> <span class='ocrx_word' id='word_1_190' title='bbox 2950 1334 3272 1390; x_wconf 87' lang='lat' dir='ltr'><strong>inferiorem</strong></span> <span class='ocrx_word' id='word_1_191' title='bbox 3303 1347 3431 1388; x_wconf 85' lang='lat' dir='ltr'><strong>esse</strong></span> 
     </span>
    </p>
   </div>
   <div class='ocr_carea' id='block_1_29' title="bbox 1846 1424 3428 1499">
    <p class='ocr_par' dir='ltr' id='par_1_29' title="bbox 1846 1424 3428 1499">
     <span class='ocr_line' id='line_1_29' title="bbox 1846 1424 3428 1499; baseline -0.001 -19"><span class='ocrx_word' id='word_1_192' title='bbox 1846 1424 2103 1498; x_wconf 86' lang='lat' dir='ltr'><strong>Moysen,</strong></span> <span class='ocrx_word' id='word_1_193' title='bbox 2132 1426 2313 1497; x_wconf 92' lang='lat' dir='ltr'><strong>inquit</strong></span> <span class='ocrx_word' id='word_1_194' title='bbox 2338 1469 2353 1494; x_wconf 93' lang='lat'><strong>,</strong></span> <span class='ocrx_word' id='word_1_195' title='bbox 2390 1428 2519 1483; x_wconf 93' lang='lat' dir='ltr'><strong>licet</strong></span> <span class='ocrx_word' id='word_1_196' title='bbox 2549 1444 2741 1484; x_wconf 85' lang='lat' dir='ltr'><strong>eorum</strong></span> <span class='ocrx_word' id='word_1_197' title='bbox 2772 1428 3191 1499; x_wconf 85' lang='lat' dir='ltr'><strong>comparatione</strong></span> <span class='ocrx_word' id='word_1_198' title='bbox 3219 1427 3428 1483; x_wconf 88' lang='lat' dir='ltr'><strong>sancti-</strong></span> 
     </span>
    </p>
   </div>
   <div class='ocr_carea' id='block_1_30' title="bbox 1848 1520 3424 1592">
    <p class='ocr_par' dir='ltr' id='par_1_30' title="bbox 1848 1520 3424 1592">
     <span class='ocr_line' id='line_1_30' title="bbox 1848 1520 3424 1592; baseline 0.001 -21"><span class='ocrx_word' id='word_1_199' title='bbox 1848 1525 1959 1573; x_wconf 88' lang='lat' dir='ltr'><strong>tate</strong></span> <span class='ocrx_word' id='word_1_200' title='bbox 2010 1520 2401 1588; x_wconf 70' lang='lat' dir='ltr'><strong>praacelluerit.</strong></span> <span class='ocrx_word' id='word_1_201' title='bbox 2439 1520 2559 1576; x_wconf 90' lang='lat' dir='ltr'><strong>Sibi</strong></span> <span class='ocrx_word' id='word_1_202' title='bbox 2611 1522 2759 1577; x_wconf 89' lang='lat' dir='ltr'><strong>enim</strong></span> <span class='ocrx_word' id='word_1_203' title='bbox 2813 1537 2925 1592; x_wconf 75' lang='lat' dir='ltr'><strong>pra:</strong></span> <span class='ocrx_word' id='word_1_204' title='bbox 2981 1520 3201 1578; x_wconf 63' lang='lat' dir='ltr'><strong>caeteris</strong></span> <span class='ocrx_word' id='word_1_205' title='bbox 3231 1527 3424 1575; x_wconf 87' lang='lat' dir='ltr'><strong>notum</strong></span> 
     </span>
    </p>
   </div>
   <div class='ocr_carea' id='block_1_31' title="bbox 1846 1611 3428 1682">
    <p class='ocr_par' dir='ltr' id='par_1_31' title="bbox 1846 1611 3428 1682">
     <span class='ocr_line' id='line_1_31' title="bbox 1846 1611 3428 1682; baseline 0.001 -18"><span class='ocrx_word' id='word_1_206' title='bbox 1846 1625 1970 1665; x_wconf 88' lang='lat' dir='ltr'><strong>esse</strong></span> <span class='ocrx_word' id='word_1_207' title='bbox 2005 1611 2125 1681; x_wconf 87' lang='lat' dir='ltr'><strong>ipse</strong></span> <span class='ocrx_word' id='word_1_208' title='bbox 2158 1612 2336 1682; x_wconf 84' lang='lat' dir='ltr'><strong>legum</strong></span> <span class='ocrx_word' id='word_1_209' title='bbox 2363 1622 2558 1668; x_wconf 86' lang='lat' dir='ltr'><strong>auctor</strong></span> <span class='ocrx_word' id='word_1_210' title='bbox 2599 1614 2749 1669; x_wconf 90' lang='lat' dir='ltr'><strong>clare</strong></span> <span class='ocrx_word' id='word_1_211' title='bbox 2779 1613 3148 1668; x_wconf 85' lang='lat' dir='ltr'><strong>conﬁrmavit.</strong></span> <span class='ocrx_word' id='word_1_212' title='bbox 3183 1611 3428 1667; x_wconf 79' lang='lat' dir='ltr'><strong>Joannes</strong></span> 
     </span>
    </p>
   </div>
   <div class='ocr_carea' id='block_1_32' title="bbox 1846 1700 3427 1774">
    <p class='ocr_par' dir='ltr' id='par_1_32' title="bbox 1846 1700 3427 1774">
     <span class='ocr_line' id='line_1_32' title="bbox 1846 1700 3427 1774; baseline 0 -20"><span class='ocrx_word' id='word_1_213' title='bbox 1846 1715 1976 1771; x_wconf 90' lang='lat' dir='ltr'><strong>ergo</strong></span> <span class='ocrx_word' id='word_1_214' title='bbox 2009 1715 2112 1755; x_wconf 93' lang='lat' dir='ltr'><strong>suo</strong></span> <span class='ocrx_word' id='word_1_215' title='bbox 2151 1701 2271 1771; x_wconf 89' lang='lat' dir='ltr'><strong>ipse</strong></span> <span class='ocrx_word' id='word_1_216' title='bbox 2307 1703 2629 1758; x_wconf 86' lang='lat' dir='ltr'><strong>testimonio</strong></span> <span class='ocrx_word' id='word_1_217' title='bbox 2660 1701 2959 1774; x_wconf 90' lang='lat' dir='ltr'><strong>probavit,</strong></span> <span class='ocrx_word' id='word_1_218' title='bbox 2998 1717 3058 1758; x_wconf 91' lang='lat' dir='ltr'><strong>se</strong></span> <span class='ocrx_word' id='word_1_219' title='bbox 3088 1700 3214 1756; x_wconf 82' lang='lat' dir='ltr'><strong>Filii</strong></span> <span class='ocrx_word' id='word_1_220' title='bbox 3249 1700 3427 1772; x_wconf 85' lang='lat' dir='ltr'><strong>gloria</strong></span> 
     </span>
    </p>
   </div>
   <div class='ocr_carea' id='block_1_33' title="bbox 1846 1791 3523 1865">
    <p class='ocr_par' dir='ltr' id='par_1_33' title="bbox 1846 1791 3523 1865">
     <span class='ocr_line' id='line_1_33' title="bbox 1846 1791 3523 1865; baseline 0.001 -20"><span class='ocrx_word' id='word_1_221' title='bbox 1846 1791 2008 1861; x_wconf 90' lang='lat' dir='ltr'><strong>longe</strong></span> <span class='ocrx_word' id='word_1_222' title='bbox 2036 1793 2314 1848; x_wconf 91' lang='lat' dir='ltr'><strong>minorem</strong></span> <span class='ocrx_word' id='word_1_223' title='bbox 2357 1809 2502 1849; x_wconf 91' lang='lat' dir='ltr'><strong>esse.</strong></span> <span class='ocrx_word' id='word_1_224' title='bbox 2531 1794 2689 1849; x_wconf 87' lang='lat' dir='ltr'><strong>Cedit</strong></span> <span class='ocrx_word' id='word_1_225' title='bbox 2723 1804 2907 1849; x_wconf 91' lang='lat' dir='ltr'><strong>autem</strong></span> <span class='ocrx_word' id='word_1_226' title='bbox 2952 1795 3074 1863; x_wconf 88' lang='lat' dir='ltr'><strong>ejus</strong></span> <span class='ocrx_word' id='word_1_227' title='bbox 3111 1793 3427 1865; x_wconf 87' lang='lat' dir='ltr'><strong>splendori,</strong></span> <span class='ocrx_word' id='word_1_228' title='bbox 3521 1844 3523 1847; x_wconf 87' lang='lat'><strong>.</strong></span> 
     </span>
    </p>
   </div>
   <div class='ocr_carea' id='block_1_34' title="bbox 1848 1885 3426 1957">
    <p class='ocr_par' dir='ltr' id='par_1_34' title="bbox 1848 1885 3426 1957">
     <span class='ocr_line' id='line_1_34' title="bbox 1848 1885 3426 1957; baseline 0.001 -19"><span class='ocrx_word' id='word_1_229' title='bbox 1848 1898 1950 1939; x_wconf 91' lang='lat' dir='ltr'><strong>nec</strong></span> <span class='ocrx_word' id='word_1_230' title='bbox 1979 1899 2043 1940; x_wconf 85' lang='lat' dir='ltr'><strong>ea</strong></span> <span class='ocrx_word' id='word_1_231' title='bbox 2096 1885 2165 1941; x_wconf 93' lang='lat' dir='ltr'><strong>dc</strong></span> <span class='ocrx_word' id='word_1_232' title='bbox 2210 1901 2271 1940; x_wconf 88' lang='lat' dir='ltr'><strong>re</strong></span> <span class='ocrx_word' id='word_1_233' title='bbox 2312 1887 2633 1957; x_wconf 81' lang='lat' dir='ltr'><strong>ambigendi</strong></span> <span class='ocrx_word' id='word_1_234' title='bbox 2672 1887 2855 1941; x_wconf 91' lang='lat' dir='ltr'><strong>locum</strong></span> <span class='ocrx_word' id='word_1_235' title='bbox 2893 1887 3191 1957; x_wconf 88' lang='lat' dir='ltr'><strong>relinquit,</strong></span> <span class='ocrx_word' id='word_1_236' title='bbox 3244 1892 3340 1940; x_wconf 92' lang='lat' dir='ltr'><strong>aut</strong></span> <span class='ocrx_word' id='word_1_237' title='bbox 3372 1885 3426 1940; x_wconf 86' lang='lat' dir='ltr'><strong>in</strong></span> 
     </span>
    </p>
   </div>
   <div class='ocr_carea' id='block_1_35' title="bbox 159 1976 1741 2051">
    <p class='ocr_par' dir='ltr' id='par_1_35' title="bbox 159 1976 1741 2051">
     <span class='ocr_line' id='line_1_35' title="bbox 159 1976 1741 2051; baseline 0 -16"><span class='ocrx_word' id='word_1_238' title='bbox 159 1981 416 2051; x_wconf 84' lang='grc' dir='ltr'><strong>Ἰωάννης</strong></span> <span class='ocrx_word' id='word_1_239' title='bbox 451 1980 551 2051; x_wconf 77' lang='grc' dir='ltr'><strong>μὲν</strong></span> <span class='ocrx_word' id='word_1_240' title='bbox 572 1976 665 2035; x_wconf 78' lang='grc' dir='ltr'><strong>οὖν</strong></span> <span class='ocrx_word' id='word_1_241' title='bbox 698 1982 757 2046; x_wconf 82' lang='grc' dir='ltr'><strong>ἐξ</strong></span> <span class='ocrx_word' id='word_1_242' title='bbox 776 1981 910 2044; x_wconf 82' lang='grc' dir='ltr'><strong>ἰδίας</strong></span> <span class='ocrx_word' id='word_1_243' title='bbox 936 1981 1197 2051; x_wconf 78' lang='grc' dir='ltr'><strong>ἠλέγχετο</strong></span> <span class='ocrx_word' id='word_1_244' title='bbox 1226 1982 1432 2051; x_wconf 80' lang='grc' dir='ltr'><strong>φωνῆς,</strong></span> <span class='ocrx_word' id='word_1_245' title='bbox 1463 1982 1534 2046; x_wconf 88' lang='grc' dir='ltr'><strong>ὡς</strong></span> <span class='ocrx_word' id='word_1_246' title='bbox 1568 1983 1741 2037; x_wconf 83' lang='grc' dir='ltr'><strong>ὀπίσω</strong></span> 
     </span>
    </p>
   </div>
   <div class='ocr_carea' id='block_1_36' title="bbox 1845 1976 3427 2051">
    <p class='ocr_par' dir='ltr' id='par_1_36' title="bbox 1845 1976 3427 2048">
     <span class='ocr_line' id='line_1_36' title="bbox 1845 1976 3427 2048; baseline -0.003 -16"><span class='ocrx_word' id='word_1_247' title='bbox 1845 1978 2212 2048; x_wconf 65' lang='lat' dir='ltr'><strong>quaestionem</strong></span> <span class='ocrx_word' id='word_1_248' title='bbox 2262 1978 2524 2031; x_wconf 70' lang='lat' dir='ltr'><strong>vocandae</strong></span> <span class='ocrx_word' id='word_1_249' title='bbox 2571 1977 2844 2033; x_wconf 87' lang='lat' dir='ltr'><strong>veritatis.</strong></span> <span class='ocrx_word' id='word_1_250' title='bbox 2880 1976 3039 2033; x_wconf 90' lang='lat' dir='ltr'><strong>Unde</strong></span> <span class='ocrx_word' id='word_1_251' title='bbox 3070 1991 3203 2048; x_wconf 88' lang='lat' dir='ltr'><strong>ergo</strong></span> <span class='ocrx_word' id='word_1_252' title='bbox 3245 1977 3427 2047; x_wconf 90' lang='lat' dir='ltr'><strong>ipsum</strong></span> 
     </span>
    </p>
   </div>
   <div class='ocr_carea' id='block_1_37' title="bbox 160 2073 1744 2147">
    <p class='ocr_par' dir='ltr' id='par_1_37' title="bbox 160 2073 1744 2147">
     <span class='ocr_line' id='line_1_37' title="bbox 160 2073 1744 2147; baseline 0.002 -20"><span class='ocrx_word' id='word_1_253' title='bbox 160 2074 318 2145; x_wconf 79' lang='grc' dir='ltr'><strong>δόξης</strong></span> <span class='ocrx_word' id='word_1_254' title='bbox 352 2073 566 2137; x_wconf 77' lang='grc' dir='ltr'><strong>ἐϐάδιξε</strong></span> <span class='ocrx_word' id='word_1_255' title='bbox 592 2074 683 2128; x_wconf 85' lang='grc' dir='ltr'><strong>τοῦ</strong></span> <span class='ocrx_word' id='word_1_256' title='bbox 715 2074 867 2128; x_wconf 77' lang='grc' dir='ltr'><strong>Υίοῦο</strong></span> <span class='ocrx_word' id='word_1_257' title='bbox 892 2074 1112 2145; x_wconf 81' lang='grc' dir='ltr'><strong>ἔρχεται</strong></span> <span class='ocrx_word' id='word_1_258' title='bbox 1131 2075 1188 2128; x_wconf 81' lang='grc' dir='ltr'><strong>δὲ</strong></span> <span class='ocrx_word' id='word_1_259' title='bbox 1216 2076 1447 2129; x_wconf 83' lang='grc' dir='ltr'><strong>κατόπιν</strong></span> <span class='ocrx_word' id='word_1_260' title='bbox 1479 2076 1574 2147; x_wconf 85' lang='grc' dir='ltr'><strong>τῆς</strong></span> <span class='ocrx_word' id='word_1_261' title='bbox 1611 2077 1744 2147; x_wconf 87' lang='grc' dir='ltr'><strong>λαμ-</strong></span> 
     </span>
    </p>
   </div>
   <div class='ocr_carea' id='block_1_38' title="bbox 159 2165 1744 2238">
    <p class='ocr_par' dir='ltr' id='par_1_38' title="bbox 159 2165 1744 2238">
     <span class='ocr_line' id='line_1_38' title="bbox 159 2165 1744 2238; baseline 0.001 -19"><span class='ocrx_word' id='word_1_262' title='bbox 159 2167 435 2237; x_wconf 76' lang='grc' dir='ltr'><strong>πρότητος</strong></span> <span class='ocrx_word' id='word_1_263' title='bbox 460 2165 646 2232; x_wconf 83' lang='grc' dir='ltr'><strong>αὐτοῦ,</strong></span> <span class='ocrx_word' id='word_1_264' title='bbox 682 2168 775 2220; x_wconf 74' lang='grc' dir='ltr'><strong>καὶ</strong></span> <span class='ocrx_word' id='word_1_265' title='bbox 804 2167 959 2220; x_wconf 82' lang='grc' dir='ltr'><strong>οὐδὲν</strong></span> <span class='ocrx_word' id='word_1_266' title='bbox 979 2166 1116 2230; x_wconf 83' lang='grc' dir='ltr'><strong>ὅλως</strong></span> <span class='ocrx_word' id='word_1_267' title='bbox 1148 2166 1235 2219; x_wconf 81' lang='grc' dir='ltr'><strong>ἐπ’</strong></span> <span class='ocrx_word' id='word_1_268' title='bbox 1260 2166 1453 2237; x_wconf 84' lang='grc' dir='ltr'><strong>ἐκείνῳ</strong></span> <span class='ocrx_word' id='word_1_269' title='bbox 1476 2166 1537 2221; x_wconf 80' lang='grc' dir='ltr'><strong>τὸ</strong></span> <span class='ocrx_word' id='word_1_270' title='bbox 1556 2165 1744 2238; x_wconf 76' lang='grc' dir='ltr'><strong>ζητού-</strong></span> 
     </span>
    </p>
   </div>
   <div class='ocr_carea' id='block_1_39' title="bbox 159 2257 1739 2331">
    <p class='ocr_par' dir='ltr' id='par_1_39' title="bbox 159 2257 1739 2331">
     <span class='ocr_line' id='line_1_39' title="bbox 159 2257 1739 2331; baseline 0.003 -22"><span class='ocrx_word' id='word_1_271' title='bbox 159 2274 341 2328; x_wconf 87' lang='grc' dir='ltr'><strong>μενον,</strong></span> <span class='ocrx_word' id='word_1_272' title='bbox 374 2257 408 2328; x_wconf 72' lang='grc' dir='ltr'>ἢ</span> <span class='ocrx_word' id='word_1_273' title='bbox 434 2257 529 2311; x_wconf 77' lang='grc' dir='ltr'><strong>καὶ</strong></span> <span class='ocrx_word' id='word_1_274' title='bbox 554 2258 929 2329; x_wconf 86' lang='grc' dir='ltr'><strong>ἀποτραχῦνον</strong></span> <span class='ocrx_word' id='word_1_275' title='bbox 951 2259 1050 2330; x_wconf 89' lang='grc' dir='ltr'><strong>τῆς</strong></span> <span class='ocrx_word' id='word_1_276' title='bbox 1089 2257 1351 2330; x_wconf 83' lang='grc' dir='ltr'><strong>ἀληθείας</strong></span> <span class='ocrx_word' id='word_1_277' title='bbox 1376 2258 1476 2329; x_wconf 85' lang='grc' dir='ltr'><strong>τὴν</strong></span> <span class='ocrx_word' id='word_1_278' title='bbox 1499 2258 1739 2331; x_wconf 78' lang='grc' dir='ltr'><strong>εὕρεσιν.</strong></span> 
     </span>
    </p>
   </div>
   <div class='ocr_carea' id='block_1_40' title="bbox 158 2344 1743 2423">
    <p class='ocr_par' dir='ltr' id='par_1_40' title="bbox 158 2344 1743 2423">
     <span class='ocr_line' id='line_1_40' title="bbox 158 2344 1743 2423; baseline 0.004 -24"><span class='ocrx_word' id='word_1_279' title='bbox 158 2346 329 2400; x_wconf 80' lang='grc' dir='ltr'><strong>Πόθεν</strong></span> <span class='ocrx_word' id='word_1_280' title='bbox 354 2344 449 2401; x_wconf 83' lang='grc' dir='ltr'><strong>οῦν</strong></span> <span class='ocrx_word' id='word_1_281' title='bbox 476 2348 584 2419; x_wconf 82' lang='grc' dir='ltr'><strong>ἀρα</strong></span> <span class='ocrx_word' id='word_1_282' title='bbox 604 2349 698 2401; x_wconf 72' lang='grc' dir='ltr'><strong>καὶ</strong></span> <span class='ocrx_word' id='word_1_283' title='bbox 729 2349 890 2403; x_wconf 77' lang='grc' dir='ltr'><strong>αὐτὸν</strong></span> <span class='ocrx_word' id='word_1_284' title='bbox 935 2350 1240 2421; x_wconf 82' lang='grc' dir='ltr'><strong>εὑρήσομεν</strong></span> <span class='ocrx_word' id='word_1_285' title='bbox 1282 2350 1373 2403; x_wconf 81' lang='grc' dir='ltr'><strong>τὸν</strong></span> <span class='ocrx_word' id='word_1_286' title='bbox 1420 2351 1743 2423; x_wconf 79' lang='grc' dir='ltr'><strong>ἱεροφάντην</strong></span> 
     </span>
    </p>
   </div>
   <div class='ocr_carea' id='block_1_41' title="bbox 156 2438 1744 2513">
    <p class='ocr_par' dir='ltr' id='par_1_41' title="bbox 156 2438 1744 2513">
     <span class='ocr_line' id='line_1_41' title="bbox 156 2438 1744 2513; baseline 0.003 -21"><span class='ocrx_word' id='word_1_287' title='bbox 156 2440 358 2493; x_wconf 82' lang='grc' dir='ltr'><strong>Μωσέα</strong></span> <span class='ocrx_word' id='word_1_288' title='bbox 387 2441 485 2511; x_wconf 87' lang='grc' dir='ltr'><strong>τῆς</strong></span> <span class='ocrx_word' id='word_1_289' title='bbox 519 2438 614 2493; x_wconf 84' lang='grc' dir='ltr'><strong>τοῦ</strong></span> <span class='ocrx_word' id='word_1_290' title='bbox 658 2440 895 2513; x_wconf 82' lang='grc' dir='ltr'><strong>Χριστοῦ</strong></span> <span class='ocrx_word' id='word_1_291' title='bbox 934 2440 1094 2512; x_wconf 80' lang='grc' dir='ltr'><strong>δόξης</strong></span> <span class='ocrx_word' id='word_1_292' title='bbox 1141 2441 1490 2512; x_wconf 79' lang='grc' dir='ltr'><strong>ήττώμενον;</strong></span> <span class='ocrx_word' id='word_1_293' title='bbox 1526 2439 1744 2507; x_wconf 81' lang='grc' dir='ltr'><strong>Ἐξετα-</strong></span> 
     </span>
    </p>
   </div>
   <div class='ocr_carea' id='block_1_42' title="bbox 157 2529 1739 2604">
    <p class='ocr_par' dir='ltr' id='par_1_42' title="bbox 157 2529 1739 2604">
     <span class='ocr_line' id='line_1_42' title="bbox 157 2529 1739 2604; baseline 0.004 -22"><span class='ocrx_word' id='word_1_294' title='bbox 157 2529 317 2596; x_wconf 77' lang='grc' dir='ltr'><strong>ζέτω,</strong></span> <span class='ocrx_word' id='word_1_295' title='bbox 359 2532 544 2602; x_wconf 74' lang='grc' dir='ltr'><strong>φησὶν,</strong></span> <span class='ocrx_word' id='word_1_296' title='bbox 573 2533 602 2585; x_wconf 93' lang='lat'><strong>6</strong></span> <span class='ocrx_word' id='word_1_297' title='bbox 637 2531 941 2603; x_wconf 79' lang='grc' dir='ltr'><strong>φιλομαθὴς</strong></span> <span class='ocrx_word' id='word_1_298' title='bbox 971 2534 1070 2603; x_wconf 80' lang='grc' dir='ltr'><strong>τὴν</strong></span> <span class='ocrx_word' id='word_1_299' title='bbox 1098 2532 1345 2586; x_wconf 86' lang='grc' dir='ltr'><strong>δοθεῖσαν</strong></span> <span class='ocrx_word' id='word_1_300' title='bbox 1368 2536 1501 2604; x_wconf 79' lang='grc' dir='ltr'><strong>ἡμῖν</strong></span> <span class='ocrx_word' id='word_1_301' title='bbox 1529 2534 1617 2588; x_wconf 69' lang='grc' dir='ltr'><strong>διὰ</strong></span> <span class='ocrx_word' id='word_1_302' title='bbox 1645 2534 1739 2587; x_wconf 84' lang='grc' dir='ltr'><strong>τοῦ</strong></span> 
     </span>
    </p>
   </div>
   <div class='ocr_carea' id='block_1_43' title="bbox 158 2622 1743 2695">
    <p class='ocr_par' dir='ltr' id='par_1_43' title="bbox 158 2622 1743 2695">
     <span class='ocr_line' id='line_1_43' title="bbox 158 2622 1743 2695; baseline 0.003 -22"><span class='ocrx_word' id='word_1_303' title='bbox 158 2622 410 2692; x_wconf 81' lang='grc' dir='ltr'><strong>Σωτῆρος</strong></span> <span class='ocrx_word' id='word_1_304' title='bbox 442 2622 601 2692; x_wconf 84' lang='grc' dir='ltr'><strong>χάριν</strong></span> <span class='ocrx_word' id='word_1_305' title='bbox 632 2624 1015 2692; x_wconf 75' lang='grc' dir='ltr'><strong>εὐαγγελικὴν,</strong></span> <span class='ocrx_word' id='word_1_306' title='bbox 1047 2624 1168 2676; x_wconf 80' lang='grc' dir='ltr'><strong>ἀντὶ</strong></span> <span class='ocrx_word' id='word_1_307' title='bbox 1202 2624 1421 2694; x_wconf 84' lang='grc' dir='ltr'><strong>χάριτος</strong></span> <span class='ocrx_word' id='word_1_308' title='bbox 1459 2627 1558 2695; x_wconf 78' lang='grc' dir='ltr'><strong>τῆς</strong></span> <span class='ocrx_word' id='word_1_309' title='bbox 1590 2642 1743 2693; x_wconf 86' lang='grc' dir='ltr'><strong>νομι-</strong></span> 
     </span>
    </p>
   </div>
   <div class='ocr_carea' id='block_1_44' title="bbox 156 2712 1743 2787">
    <p class='ocr_par' dir='ltr' id='par_1_44' title="bbox 156 2712 1743 2787">
     <span class='ocr_line' id='line_1_44' title="bbox 156 2712 1743 2787; baseline 0.004 -25"><span class='ocrx_word' id='word_1_310' title='bbox 156 2712 259 2783; x_wconf 85' lang='grc' dir='ltr'><strong>κῆς</strong></span> <span class='ocrx_word' id='word_1_311' title='bbox 283 2712 381 2781; x_wconf 92' lang='grc' dir='ltr'><strong>τῆς</strong></span> <span class='ocrx_word' id='word_1_312' title='bbox 410 2712 497 2766; x_wconf 82' lang='grc' dir='ltr'><strong>διὰ</strong></span> <span class='ocrx_word' id='word_1_313' title='bbox 515 2715 778 2777; x_wconf 82' lang='grc' dir='ltr'><strong>Μωσέως·</strong></span> <span class='ocrx_word' id='word_1_314' title='bbox 804 2714 928 2767; x_wconf 88' lang='grc' dir='ltr'><strong>τότε</strong></span> <span class='ocrx_word' id='word_1_315' title='bbox 964 2713 1075 2785; x_wconf 76' lang='grc' dir='ltr'><strong>γὰρ</strong></span> <span class='ocrx_word' id='word_1_316' title='bbox 1104 2713 1168 2784; x_wconf 81' lang='grc' dir='ltr'><strong>δὴ</strong></span> <span class='ocrx_word' id='word_1_317' title='bbox 1217 2714 1482 2785; x_wconf 83' lang='grc' dir='ltr'><strong>θεωρήσει</strong></span> <span class='ocrx_word' id='word_1_318' title='bbox 1504 2716 1743 2787; x_wconf 81' lang='grc' dir='ltr'><strong>τοσούτῳ</strong></span> 
     </span>
    </p>
   </div>
   <div class='ocr_carea' id='block_1_45' title="bbox 158 2804 1745 2876">
    <p class='ocr_par' dir='ltr' id='par_1_45' title="bbox 158 2804 1745 2876">
     <span class='ocr_line' id='line_1_45' title="bbox 158 2804 1745 2876; baseline 0.003 -21"><span class='ocrx_word' id='word_1_319' title='bbox 158 2804 445 2874; x_wconf 87' lang='grc' dir='ltr'><strong>κρείττονα</strong></span> <span class='ocrx_word' id='word_1_320' title='bbox 492 2806 582 2857; x_wconf 80' lang='grc' dir='ltr'><strong>τὸν</strong></span> <span class='ocrx_word' id='word_1_321' title='bbox 623 2805 769 2869; x_wconf 85' lang='grc' dir='ltr'><strong>Υίὸν,</strong></span> <span class='ocrx_word' id='word_1_322' title='bbox 803 2806 1025 2876; x_wconf 84' lang='grc' dir='ltr'><strong>ὅσῳπερ</strong></span> <span class='ocrx_word' id='word_1_323' title='bbox 1067 2806 1134 2859; x_wconf 83' lang='grc' dir='ltr'><strong>ἀν</strong></span> <span class='ocrx_word' id='word_1_324' title='bbox 1178 2805 1422 2874; x_wconf 84' lang='grc' dir='ltr'><strong>φαίνοιτο</strong></span> <span class='ocrx_word' id='word_1_325' title='bbox 1464 2807 1563 2874; x_wconf 87' lang='grc' dir='ltr'><strong>τῆς</strong></span> <span class='ocrx_word' id='word_1_326' title='bbox 1602 2808 1745 2860; x_wconf 87' lang='grc' dir='ltr'><strong>κατά</strong></span> 
     </span>
    </p>
   </div>
   <div class='ocr_carea' id='block_1_46' title="bbox 160 2895 1745 2968">
    <p class='ocr_par' dir='ltr' id='par_1_46' title="bbox 160 2895 1745 2968">
     <span class='ocr_line' id='line_1_46' title="bbox 160 2895 1745 2968; baseline 0.002 -20"><span class='ocrx_word' id='word_1_327' title='bbox 160 2895 327 2965; x_wconf 86' lang='grc' dir='ltr'><strong>νόμον</strong></span> <span class='ocrx_word' id='word_1_328' title='bbox 357 2896 635 2959; x_wconf 76' lang='grc' dir='ltr'><strong>πολιτείας</strong></span> <span class='ocrx_word' id='word_1_329' title='bbox 680 2897 749 2950; x_wconf 80' lang='grc' dir='ltr'><strong>τὰ</strong></span> <span class='ocrx_word' id='word_1_330' title='bbox 785 2898 998 2966; x_wconf 81' lang='grc' dir='ltr'><strong>ἀμείνω</strong></span> <span class='ocrx_word' id='word_1_331' title='bbox 1027 2896 1361 2968; x_wconf 84' lang='grc' dir='ltr'><strong>νομοθετῶν,</strong></span> <span class='ocrx_word' id='word_1_332' title='bbox 1395 2900 1491 2951; x_wconf 72' lang='grc' dir='ltr'><strong>καὶ</strong></span> <span class='ocrx_word' id='word_1_333' title='bbox 1522 2899 1745 2953; x_wconf 86' lang='grc' dir='ltr'><strong>πάντων</strong></span> 
     </span>
    </p>
   </div>
   <div class='ocr_carea' id='block_1_47' title="bbox 156 2987 1746 3063">
    <p class='ocr_par' dir='ltr' id='par_1_47' title="bbox 156 2987 1746 3063">
     <span class='ocr_line' id='line_1_47' title="bbox 156 2987 1746 3063; baseline 0.003 -25"><span class='ocrx_word' id='word_1_334' title='bbox 156 2987 293 3055; x_wconf 88' lang='grc' dir='ltr'><strong>ὁμοῦ</strong></span> <span class='ocrx_word' id='word_1_335' title='bbox 322 2987 430 3040; x_wconf 90' lang='grc' dir='ltr'><strong>τῶν</strong></span> <span class='ocrx_word' id='word_1_336' title='bbox 474 2988 559 3043; x_wconf 74' lang='grc' dir='ltr'><strong>διὰ</strong></span> <span class='ocrx_word' id='word_1_337' title='bbox 616 2988 858 3053; x_wconf 87' lang='grc' dir='ltr'><strong>Μωσέως</strong></span> <span class='ocrx_word' id='word_1_338' title='bbox 896 2990 1163 3063; x_wconf 80' lang='grc' dir='ltr'><strong>εἰσφέρων</strong></span> <span class='ocrx_word' id='word_1_339' title='bbox 1202 2989 1273 3043; x_wconf 80' lang='grc' dir='ltr'><strong>τὰ</strong></span> <span class='ocrx_word' id='word_1_340' title='bbox 1311 2990 1572 3061; x_wconf 86' lang='grc' dir='ltr'><strong>βελτίονα.</strong></span> <span class='ocrx_word' id='word_1_341' title='bbox 1607 3009 1627 3042; x_wconf 79' lang='grc' dir='ltr'><strong>ι</strong></span> <span class='ocrx_word' id='word_1_342' title='bbox 1685 2992 1746 3043; x_wconf 82' lang='lat'><strong>&#39;0</strong></span> 
     </span>
    </p>
   </div>
   <div class='ocr_carea' id='block_1_48' title="bbox 160 3075 1746 3151">
    <p class='ocr_par' dir='ltr' id='par_1_48' title="bbox 160 3075 1746 3151">
     <span class='ocr_line' id='line_1_48' title="bbox 160 3075 1746 3151; baseline 0.004 -25"><span class='ocrx_word' id='word_1_343' title='bbox 160 3076 258 3141; x_wconf 82' lang='grc' dir='ltr'><strong>μὲν</strong></span> <span class='ocrx_word' id='word_1_344' title='bbox 288 3075 397 3146; x_wconf 80' lang='grc' dir='ltr'><strong>γὰρ</strong></span> <span class='ocrx_word' id='word_1_345' title='bbox 423 3077 604 3147; x_wconf 88' lang='grc' dir='ltr'><strong>νόμος,</strong></span> <span class='ocrx_word' id='word_1_346' title='bbox 634 3079 785 3147; x_wconf 79' lang='grc' dir='ltr'><strong>φησὶ,</strong></span> <span class='ocrx_word' id='word_1_347' title='bbox 816 3078 903 3131; x_wconf 79' lang='grc' dir='ltr'><strong>διὰ</strong></span> <span class='ocrx_word' id='word_1_348' title='bbox 928 3080 1170 3142; x_wconf 83' lang='grc' dir='ltr'><strong>Μωσέως</strong></span> <span class='ocrx_word' id='word_1_349' title='bbox 1199 3079 1376 3150; x_wconf 88' lang='grc' dir='ltr'><strong>ἐδόθη,</strong></span> <span class='ocrx_word' id='word_1_350' title='bbox 1410 3081 1442 3150; x_wconf 76' lang='grc' dir='ltr'>ἡ</span> <span class='ocrx_word' id='word_1_351' title='bbox 1473 3082 1631 3151; x_wconf 87' lang='grc' dir='ltr'><strong>χάρις</strong></span> <span class='ocrx_word' id='word_1_352' title='bbox 1652 3080 1746 3133; x_wconf 63' lang='grc' dir='ltr'><strong>καὶ⁷</strong></span> 
     </span>
    </p>
   </div>
   <div class='ocr_carea' id='block_1_49' title="bbox 156 3166 1745 3242">
    <p class='ocr_par' dir='ltr' id='par_1_49' title="bbox 156 3166 1745 3242">
     <span class='ocr_line' id='line_1_49' title="bbox 156 3166 1745 3242; baseline 0.006 -25"><span class='ocrx_word' id='word_1_353' title='bbox 156 3167 189 3234; x_wconf 83' lang='grc' dir='ltr'>ἠ</span> <span class='ocrx_word' id='word_1_354' title='bbox 223 3166 451 3236; x_wconf 78' lang='grc' dir='ltr'><strong>ἀλήθεια</strong></span> <span class='ocrx_word' id='word_1_355' title='bbox 484 3168 571 3222; x_wconf 79' lang='grc' dir='ltr'><strong>διὰ</strong></span> <span class='ocrx_word' id='word_1_356' title='bbox 604 3170 778 3240; x_wconf 88' lang='grc' dir='ltr'><strong>Ἰησοῦ</strong></span> <span class='ocrx_word' id='word_1_357' title='bbox 802 3171 1039 3241; x_wconf 83' lang='grc' dir='ltr'><strong>Χριστοῦ</strong></span> <span class='ocrx_word' id='word_1_358' title='bbox 1060 3170 1297 3238; x_wconf 85' lang='grc' dir='ltr'><strong>ἐγένετο.</strong></span> <span class='ocrx_word' id='word_1_359' title='bbox 1340 3190 1356 3221; x_wconf 74' lang='grc' dir='ltr'><strong>ι</strong></span> <span class='ocrx_word' id='word_1_360' title='bbox 1385 3172 1479 3235; x_wconf 90' lang='grc' dir='ltr'><strong>Τίς</strong></span> <span class='ocrx_word' id='word_1_361' title='bbox 1510 3168 1603 3225; x_wconf 81' lang='grc' dir='ltr'><strong>οὖν</strong></span> <span class='ocrx_word' id='word_1_362' title='bbox 1637 3173 1745 3242; x_wconf 85' lang='grc' dir='ltr'><strong>ἄρα</strong></span> 
     </span>
    </p>
   </div>
   <div class='ocr_carea' id='block_1_50' title="bbox 1851 2069 3430 2142">
    <p class='ocr_par' dir='ltr' id='par_1_50' title="bbox 1851 2069 3430 2142">
     <span class='ocr_line' id='line_1_50' title="bbox 1851 2069 3430 2142; baseline 0.001 -17"><span class='ocrx_word' id='word_1_363' title='bbox 1851 2085 2073 2141; x_wconf 89' lang='lat' dir='ltr'><strong>quoque</strong></span> <span class='ocrx_word' id='word_1_364' title='bbox 2113 2085 2401 2127; x_wconf 90' lang='lat' dir='ltr'><strong>sacrorum</strong></span> <span class='ocrx_word' id='word_1_365' title='bbox 2426 2070 2732 2127; x_wconf 88' lang='lat' dir='ltr'><strong>antistitem</strong></span> <span class='ocrx_word' id='word_1_366' title='bbox 2764 2069 2989 2142; x_wconf 81' lang='lat' dir='ltr'><strong>Moysen</strong></span> <span class='ocrx_word' id='word_1_367' title='bbox 3020 2070 3430 2141; x_wconf 72' lang='lat' dir='ltr'><strong>comperiemus</strong></span> 
     </span>
    </p>
   </div>
   <div class='ocr_carea' id='block_1_51' title="bbox 1810 2159 3427 2239">
    <p class='ocr_par' dir='ltr' id='par_1_51' title="bbox 1810 2159 3427 2239">
     <span class='ocr_line' id='line_1_51' title="bbox 1810 2159 3427 2239; baseline -0.001 -21"><span class='ocrx_word' id='word_1_368' title='bbox 1810 2236 1813 2239; x_wconf 93' lang='lat'><em>_</em></span> <span class='ocrx_word' id='word_1_369' title='bbox 1843 2159 2168 2218; x_wconf 77' lang='lat' dir='ltr'><strong>inferiorem</strong></span> <span class='ocrx_word' id='word_1_370' title='bbox 2196 2178 2320 2219; x_wconf 88' lang='lat' dir='ltr'><strong>esse</strong></span> <span class='ocrx_word' id='word_1_371' title='bbox 2358 2162 2566 2218; x_wconf 88' lang='lat' dir='ltr'><strong>Christi</strong></span> <span class='ocrx_word' id='word_1_372' title='bbox 2608 2162 2827 2233; x_wconf 82' lang='lat' dir='ltr'><strong>gloria?</strong></span> <span class='ocrx_word' id='word_1_373' title='bbox 2854 2162 3181 2229; x_wconf 77' lang='lat' dir='ltr'><strong>Examinet,</strong></span> <span class='ocrx_word' id='word_1_374' title='bbox 3211 2164 3427 2234; x_wconf 88' lang='lat' dir='ltr'><strong>inquit,</strong></span> 
     </span>
    </p>
   </div>
   <div class='ocr_carea' id='block_1_52' title="bbox 1844 2240 3446 2330">
    <p class='ocr_par' dir='ltr' id='par_1_52' title="bbox 1844 2240 3446 2330">
     <span class='ocr_line' id='line_1_52' title="bbox 1844 2240 3446 2330; baseline 0 -23"><span class='ocrx_word' id='word_1_375' title='bbox 1844 2240 2167 2317; x_wconf 81' lang='lat' dir='ltr'><strong>studiosus,</strong></span> <span class='ocrx_word' id='word_1_376' title='bbox 2213 2253 2399 2308; x_wconf 86' lang='lat' dir='ltr'><strong>datam</strong></span> <span class='ocrx_word' id='word_1_377' title='bbox 2466 2253 2627 2308; x_wconf 91' lang='lat' dir='ltr'><strong>nobis</strong></span> <span class='ocrx_word' id='word_1_378' title='bbox 2672 2268 2771 2324; x_wconf 89' lang='lat' dir='ltr'><strong>per</strong></span> <span class='ocrx_word' id='word_1_379' title='bbox 2815 2253 3153 2309; x_wconf 82' lang='lat' dir='ltr'><strong>Salvatorem</strong></span> <span class='ocrx_word' id='word_1_380' title='bbox 3196 2253 3446 2330; x_wconf 76' lang='lat' dir='ltr'><strong>gratiam</strong></span> 
     </span>
    </p>
   </div>
   <div class='ocr_carea' id='block_1_53' title="bbox 1842 2342 3430 2416">
    <p class='ocr_par' dir='ltr' id='par_1_53' title="bbox 1842 2342 3430 2416">
     <span class='ocr_line' id='line_1_53' title="bbox 1842 2342 3430 2416; baseline 0.001 -19"><span class='ocrx_word' id='word_1_381' title='bbox 1842 2342 2260 2414; x_wconf 89' lang='lat' dir='ltr'><strong>evangelicam,</strong></span> <span class='ocrx_word' id='word_1_382' title='bbox 2293 2358 2529 2414; x_wconf 89' lang='lat' dir='ltr'><strong>eamque</strong></span> <span class='ocrx_word' id='word_1_383' title='bbox 2576 2358 2703 2399; x_wconf 91' lang='lat' dir='ltr'><strong>cum</strong></span> <span class='ocrx_word' id='word_1_384' title='bbox 2756 2344 2917 2416; x_wconf 78' lang='lat' dir='ltr'><strong>legali</strong></span> <span class='ocrx_word' id='word_1_385' title='bbox 2963 2345 3142 2416; x_wconf 90' lang='lat' dir='ltr'><strong>gratia</strong></span> <span class='ocrx_word' id='word_1_386' title='bbox 3176 2344 3430 2402; x_wconf 86' lang='lat' dir='ltr'><strong>conferat</strong></span> 
     </span>
    </p>
   </div>
   <div class='ocr_carea' id='block_1_54' title="bbox 1844 2434 3430 2507">
    <p class='ocr_par' dir='ltr' id='par_1_54' title="bbox 1844 2434 3430 2507">
     <span class='ocr_line' id='line_1_54' title="bbox 1844 2434 3430 2507; baseline 0.002 -17"><span class='ocrx_word' id='word_1_387' title='bbox 1844 2449 1967 2506; x_wconf 84' lang='lat' dir='ltr'><strong>quae</strong></span> <span class='ocrx_word' id='word_1_388' title='bbox 1996 2450 2097 2506; x_wconf 90' lang='lat' dir='ltr'><strong>per</strong></span> <span class='ocrx_word' id='word_1_389' title='bbox 2123 2434 2347 2507; x_wconf 85' lang='lat' dir='ltr'><strong>Moysen</strong></span> <span class='ocrx_word' id='word_1_390' title='bbox 2379 2436 2542 2492; x_wconf 89' lang='lat' dir='ltr'><strong>nobis</strong></span> <span class='ocrx_word' id='word_1_391' title='bbox 2579 2443 2665 2505; x_wconf 87' lang='lat' dir='ltr'><strong>est</strong></span> <span class='ocrx_word' id='word_1_392' title='bbox 2698 2436 2925 2492; x_wconf 89' lang='lat' dir='ltr'><strong>tradita.</strong></span> <span class='ocrx_word' id='word_1_393' title='bbox 2946 2436 3104 2493; x_wconf 85' lang='lat' dir='ltr'><strong>Tunc</strong></span> <span class='ocrx_word' id='word_1_394' title='bbox 3130 2438 3279 2494; x_wconf 89' lang='lat' dir='ltr'><strong>enim</strong></span> <span class='ocrx_word' id='word_1_395' title='bbox 3308 2451 3430 2493; x_wconf 85' lang='lat' dir='ltr'><strong>cer-</strong></span> 
     </span>
    </p>
   </div>
   <div class='ocr_carea' id='block_1_55' title="bbox 1849 2527 3427 2599">
    <p class='ocr_par' dir='ltr' id='par_1_55' title="bbox 1849 2527 3427 2599">
     <span class='ocr_line' id='line_1_55' title="bbox 1849 2527 3427 2599; baseline 0.002 -18"><span class='ocrx_word' id='word_1_396' title='bbox 1849 2534 1903 2581; x_wconf 89' lang='lat' dir='ltr'><strong>te</strong></span> <span class='ocrx_word' id='word_1_397' title='bbox 1961 2527 2205 2592; x_wconf 89' lang='lat' dir='ltr'><strong>videbit,</strong></span> <span class='ocrx_word' id='word_1_398' title='bbox 2254 2536 2411 2583; x_wconf 90' lang='lat' dir='ltr'><strong>tanto</strong></span> <span class='ocrx_word' id='word_1_399' title='bbox 2468 2529 2912 2599; x_wconf 65' lang='lat' dir='ltr'><strong>praestantiorem</strong></span> <span class='ocrx_word' id='word_1_400' title='bbox 2987 2544 3113 2587; x_wconf 88' lang='lat' dir='ltr'><strong>esse</strong></span> <span class='ocrx_word' id='word_1_401' title='bbox 3184 2527 3427 2592; x_wconf 83' lang='lat' dir='ltr'><strong>Filium,</strong></span> 
     </span>
    </p>
   </div>
   <div class='ocr_carea' id='block_1_56' title="bbox 1843 2618 3431 2692">
    <p class='ocr_par' dir='ltr' id='par_1_56' title="bbox 1843 2618 3431 2692">
     <span class='ocr_line' id='line_1_56' title="bbox 1843 2618 3431 2692; baseline 0.001 -19"><span class='ocrx_word' id='word_1_402' title='bbox 1843 2627 2055 2689; x_wconf 90' lang='lat' dir='ltr'><strong>quanto</strong></span> <span class='ocrx_word' id='word_1_403' title='bbox 2126 2618 2289 2691; x_wconf 89' lang='lat' dir='ltr'><strong>legali</strong></span> <span class='ocrx_word' id='word_1_404' title='bbox 2365 2619 2663 2691; x_wconf 89' lang='lat' dir='ltr'><strong>disciplina</strong></span> <span class='ocrx_word' id='word_1_405' title='bbox 2731 2622 2979 2692; x_wconf 88' lang='lat' dir='ltr'><strong>potiores</strong></span> <span class='ocrx_word' id='word_1_406' title='bbox 3061 2619 3431 2691; x_wconf 88' lang='lat' dir='ltr'><strong>Mosaicisque</strong></span> 
     </span>
    </p>
   </div>
   <div class='ocr_carea' id='block_1_57' title="bbox 1844 2712 3429 2784">
    <p class='ocr_par' dir='ltr' id='par_1_57' title="bbox 1844 2712 3429 2784">
     <span class='ocr_line' id='line_1_57' title="bbox 1844 2712 3429 2784; baseline 0.003 -18"><span class='ocrx_word' id='word_1_407' title='bbox 1844 2712 2137 2784; x_wconf 62' lang='lat' dir='ltr'><strong>praeceptis</strong></span> <span class='ocrx_word' id='word_1_408' title='bbox 2174 2712 2434 2768; x_wconf 84' lang='lat' dir='ltr'><strong>meliores</strong></span> <span class='ocrx_word' id='word_1_409' title='bbox 2470 2713 2620 2783; x_wconf 87' lang='lat' dir='ltr'><strong>leges</strong></span> <span class='ocrx_word' id='word_1_410' title='bbox 2654 2712 2803 2770; x_wconf 76' lang='lat' dir='ltr'><strong>ferre</strong></span> <span class='ocrx_word' id='word_1_411' title='bbox 2849 2714 3215 2783; x_wconf 79' lang='lat' dir='ltr'><strong>conspicitur.</strong></span> <span class='ocrx_word' id='word_1_412' title='bbox 3270 2713 3429 2783; x_wconf 76' lang='lat'><strong>102</strong></span> 
     </span>
    </p>
   </div>
   <div class='ocr_carea' id='block_1_58' title="bbox 1854 2802 3429 2876">
    <p class='ocr_par' dir='ltr' id='par_1_58' title="bbox 1854 2802 3429 2876">
     <span class='ocr_line' id='line_1_58' title="bbox 1854 2802 3429 2876; baseline 0.001 -20"><span class='ocrx_word' id='word_1_413' title='bbox 1854 2823 1871 2855; x_wconf 83' lang='grc'><strong>‹</strong></span> <span class='ocrx_word' id='word_1_414' title='bbox 1910 2802 2022 2858; x_wconf 85' lang='lat' dir='ltr'><strong>Lex</strong></span> <span class='ocrx_word' id='word_1_415' title='bbox 2056 2804 2201 2859; x_wconf 90' lang='lat' dir='ltr'><strong>enim</strong></span> <span class='ocrx_word' id='word_1_416' title='bbox 2226 2844 2241 2870; x_wconf 94' lang='lat'><strong>,</strong></span> <span class='ocrx_word' id='word_1_417' title='bbox 2276 2804 2493 2874; x_wconf 90' lang='lat' dir='ltr'><strong>inquit,</strong></span> <span class='ocrx_word' id='word_1_418' title='bbox 2526 2821 2625 2874; x_wconf 88' lang='lat' dir='ltr'><strong>per</strong></span> <span class='ocrx_word' id='word_1_419' title='bbox 2657 2805 2877 2876; x_wconf 83' lang='lat' dir='ltr'><strong>Moysen</strong></span> <span class='ocrx_word' id='word_1_420' title='bbox 2909 2805 3039 2860; x_wconf 91' lang='lat' dir='ltr'><strong>data</strong></span> <span class='ocrx_word' id='word_1_421' title='bbox 3081 2814 3197 2870; x_wconf 89' lang='lat' dir='ltr'><strong>cst,</strong></span> <span class='ocrx_word' id='word_1_422' title='bbox 3249 2806 3429 2874; x_wconf 78' lang='lat' dir='ltr'><strong>gratia</strong></span> 
     </span>
    </p>
   </div>
   <div class='ocr_carea' id='block_1_59' title="bbox 1846 2893 3429 2965">
    <p class='ocr_par' dir='ltr' id='par_1_59' title="bbox 1846 2893 3429 2965">
     <span class='ocr_line' id='line_1_59' title="bbox 1846 2893 3429 2965; baseline 0.001 -16"><span class='ocrx_word' id='word_1_423' title='bbox 1846 2902 1902 2949; x_wconf 84' lang='lat' dir='ltr'><strong>et</strong></span> <span class='ocrx_word' id='word_1_424' title='bbox 1939 2896 2147 2951; x_wconf 87' lang='lat' dir='ltr'><strong>veritas</strong></span> <span class='ocrx_word' id='word_1_425' title='bbox 2186 2910 2285 2965; x_wconf 88' lang='lat' dir='ltr'><strong>per</strong></span> <span class='ocrx_word' id='word_1_426' title='bbox 2315 2893 2505 2951; x_wconf 81' lang='lat' dir='ltr'><strong>Jesum</strong></span> <span class='ocrx_word' id='word_1_427' title='bbox 2541 2893 2828 2950; x_wconf 86' lang='lat' dir='ltr'><strong>Christum</strong></span> <span class='ocrx_word' id='word_1_428' title='bbox 2864 2895 3006 2951; x_wconf 86' lang='lat' dir='ltr'><strong>facta</strong></span> <span class='ocrx_word' id='word_1_429' title='bbox 3033 2905 3139 2950; x_wconf 91' lang='lat' dir='ltr'><strong>est.</strong></span> <span class='ocrx_word' id='word_1_430' title='bbox 3178 2915 3197 2946; x_wconf 74' lang='grc' dir='ltr'><strong>ι</strong></span> <span class='ocrx_word' id='word_1_431' title='bbox 3238 2895 3429 2962; x_wconf 85' lang='lat' dir='ltr'><strong>Quan-</strong></span> 
     </span>
    </p>
   </div>
   <div class='ocr_carea' id='block_1_60' title="bbox 1846 2984 3429 3056">
    <p class='ocr_par' dir='ltr' id='par_1_60' title="bbox 1846 2984 3429 3056">
     <span class='ocr_line' id='line_1_60' title="bbox 1846 2984 3429 3056; baseline -0.001 -15"><span class='ocrx_word' id='word_1_432' title='bbox 1846 2995 1961 3041; x_wconf 90' lang='lat' dir='ltr'><strong>tum</strong></span> <span class='ocrx_word' id='word_1_433' title='bbox 1992 2986 2163 3056; x_wconf 90' lang='lat' dir='ltr'><strong>igitur</strong></span> <span class='ocrx_word' id='word_1_434' title='bbox 2184 2986 2407 3042; x_wconf 89' lang='lat' dir='ltr'><strong>intersit</strong></span> <span class='ocrx_word' id='word_1_435' title='bbox 2442 2987 2587 3041; x_wconf 87' lang='lat' dir='ltr'><strong>inter</strong></span> <span class='ocrx_word' id='word_1_436' title='bbox 2619 2987 2795 3055; x_wconf 88' lang='lat' dir='ltr'><strong>legem</strong></span> <span class='ocrx_word' id='word_1_437' title='bbox 2818 3027 2832 3051; x_wconf 93' lang='lat'><strong>,</strong></span> <span class='ocrx_word' id='word_1_438' title='bbox 2866 2992 2921 3040; x_wconf 92' lang='lat' dir='ltr'><strong>et</strong></span> <span class='ocrx_word' id='word_1_439' title='bbox 2971 2984 3279 3041; x_wconf 87' lang='lat' dir='ltr'><strong>Salvatoris</strong></span> <span class='ocrx_word' id='word_1_440' title='bbox 3303 3001 3429 3056; x_wconf 85' lang='lat' dir='ltr'><strong>gra-</strong></span> 
     </span>
    </p>
   </div>
   <div class='ocr_carea' id='block_1_61' title="bbox 1847 3076 3427 3148">
    <p class='ocr_par' dir='ltr' id='par_1_61' title="bbox 1847 3076 3427 3148">
     <span class='ocr_line' id='line_1_61' title="bbox 1847 3076 3427 3148; baseline 0.001 -17"><span class='ocrx_word' id='word_1_441' title='bbox 1847 3078 2013 3141; x_wconf 87' lang='lat' dir='ltr'><strong>tiam,</strong></span> <span class='ocrx_word' id='word_1_442' title='bbox 2059 3078 2332 3148; x_wconf 87' lang='lat' dir='ltr'><strong>spectabit</strong></span> <span class='ocrx_word' id='word_1_443' title='bbox 2380 3093 2579 3134; x_wconf 85' lang='lat' dir='ltr'><strong>rursus</strong></span> <span class='ocrx_word' id='word_1_444' title='bbox 2610 3076 2868 3147; x_wconf 88' lang='lat' dir='ltr'><strong>quisquis</strong></span> <span class='ocrx_word' id='word_1_445' title='bbox 2900 3085 3007 3132; x_wconf 83' lang='lat' dir='ltr'><strong>cr.t</strong></span> <span class='ocrx_word' id='word_1_446' title='bbox 3043 3076 3298 3133; x_wconf 85' lang='lat' dir='ltr'><strong>discendi</strong></span> <span class='ocrx_word' id='word_1_447' title='bbox 3329 3093 3427 3132; x_wconf 82' lang='lat' dir='ltr'><strong>cu-</strong></span> 
     </span>
    </p>
   </div>
   <div class='ocr_carea' id='block_1_62' title="bbox 1847 3168 3430 3241">
    <p class='ocr_par' dir='ltr' id='par_1_62' title="bbox 1847 3168 3430 3241">
     <span class='ocr_line' id='line_1_62' title="bbox 1847 3168 3430 3241; baseline 0.002 -18"><span class='ocrx_word' id='word_1_448' title='bbox 1847 3169 2028 3241; x_wconf 90' lang='lat' dir='ltr'><strong>pidus,</strong></span> <span class='ocrx_word' id='word_1_449' title='bbox 2051 3178 2107 3226; x_wconf 89' lang='lat' dir='ltr'><strong>et</strong></span> <span class='ocrx_word' id='word_1_450' title='bbox 2124 3171 2390 3226; x_wconf 91' lang='lat' dir='ltr'><strong>sudorum</strong></span> <span class='ocrx_word' id='word_1_451' title='bbox 2413 3170 2685 3225; x_wconf 91' lang='lat' dir='ltr'><strong>bonorum</strong></span> <span class='ocrx_word' id='word_1_452' title='bbox 2702 3170 2912 3225; x_wconf 89' lang='lat' dir='ltr'><strong>socius.</strong></span> <span class='ocrx_word' id='word_1_453' title='bbox 2929 3168 3114 3227; x_wconf 86' lang='lat' dir='ltr'><strong>Pauca</strong></span> <span class='ocrx_word' id='word_1_454' title='bbox 3130 3186 3259 3227; x_wconf 80' lang='lat' dir='ltr'><strong>vero</strong></span> <span class='ocrx_word' id='word_1_455' title='bbox 3277 3172 3430 3227; x_wconf 85' lang='lat' dir='ltr'><strong>dice-</strong></span> 
     </span>
    </p>
   </div>
   <div class='ocr_carea' id='block_1_63' title="bbox 154 3256 1741 3335">
    <p class='ocr_par' dir='ltr' id='par_1_63' title="bbox 154 3256 1741 3335">
     <span class='ocr_line' id='line_1_63' title="bbox 154 3256 1741 3335; baseline 0.004 -25"><span class='ocrx_word' id='word_1_456' title='bbox 154 3256 250 3310; x_wconf 87' lang='grc' dir='ltr'><strong>τοῦ</strong></span> <span class='ocrx_word' id='word_1_457' title='bbox 280 3259 445 3328; x_wconf 88' lang='grc' dir='ltr'><strong>νόμου</strong></span> <span class='ocrx_word' id='word_1_458' title='bbox 476 3258 614 3330; x_wconf 83' lang='grc' dir='ltr'><strong>πρὸς</strong></span> <span class='ocrx_word' id='word_1_459' title='bbox 636 3259 732 3330; x_wconf 80' lang='grc' dir='ltr'><strong>τὴν</strong></span> <span class='ocrx_word' id='word_1_460' title='bbox 752 3260 841 3314; x_wconf 86' lang='grc' dir='ltr'><strong>διὰ</strong></span> <span class='ocrx_word' id='word_1_461' title='bbox 876 3261 971 3314; x_wconf 87' lang='grc' dir='ltr'><strong>τοῦ</strong></span> <span class='ocrx_word' id='word_1_462' title='bbox 992 3261 1243 3331; x_wconf 82' lang='grc' dir='ltr'><strong>Σωτῆρος</strong></span> <span class='ocrx_word' id='word_1_463' title='bbox 1259 3262 1421 3332; x_wconf 87' lang='grc' dir='ltr'><strong>χάριν</strong></span> <span class='ocrx_word' id='word_1_464' title='bbox 1440 3264 1473 3331; x_wconf 86' lang='grc' dir='ltr'>ή</span> <span class='ocrx_word' id='word_1_465' title='bbox 1487 3262 1741 3335; x_wconf 82' lang='grc' dir='ltr'><strong>διαφορὰ,</strong></span> 
     </span>
    </p>
   </div>
   <div class='ocr_carea' id='block_1_64' title="bbox 1845 3256 3427 3335">
    <p class='ocr_par' dir='ltr' id='par_1_64' title="bbox 1850 3262 3427 3334">
     <span class='ocr_line' id='line_1_64' title="bbox 1850 3262 3427 3334; baseline 0.002 -17"><span class='ocrx_word' id='word_1_466' title='bbox 1850 3278 1973 3321; x_wconf 89' lang='lat' dir='ltr'><strong>mus</strong></span> <span class='ocrx_word' id='word_1_467' title='bbox 1992 3278 2024 3319; x_wconf 89' lang='lat' dir='ltr'><strong>e</strong></span> <span class='ocrx_word' id='word_1_468' title='bbox 2050 3263 2240 3318; x_wconf 87' lang='lat' dir='ltr'><strong>multis</strong></span> <span class='ocrx_word' id='word_1_469' title='bbox 2269 3262 2362 3333; x_wconf 86' lang='lat' dir='ltr'><strong>qui</strong></span> <span class='ocrx_word' id='word_1_470' title='bbox 2390 3262 2665 3320; x_wconf 79' lang='lat' dir='ltr'><strong>inﬁnitum</strong></span> <span class='ocrx_word' id='word_1_471' title='bbox 2690 3276 2744 3319; x_wconf 89' lang='lat' dir='ltr'><strong>et</strong></span> <span class='ocrx_word' id='word_1_472' title='bbox 2775 3264 2995 3334; x_wconf 86' lang='lat' dir='ltr'><strong>longum</strong></span> <span class='ocrx_word' id='word_1_473' title='bbox 3023 3279 3087 3320; x_wconf 88' lang='lat' dir='ltr'><strong>ea</strong></span> <span class='ocrx_word' id='word_1_474' title='bbox 3119 3264 3187 3319; x_wconf 84' lang='lat' dir='ltr'><strong>de</strong></span> <span class='ocrx_word' id='word_1_475' title='bbox 3209 3280 3267 3320; x_wconf 90' lang='lat' dir='ltr'><strong>re</strong></span> <span class='ocrx_word' id='word_1_476' title='bbox 3296 3280 3427 3320; x_wconf 90' lang='lat' dir='ltr'><strong>con-</strong></span> 
     </span>
    </p>
   </div>
   <div class='ocr_carea' id='block_1_65' title="bbox 156 3347 1741 3429">
    <p class='ocr_par' dir='ltr' id='par_1_65' title="bbox 156 3347 1741 3425">
     <span class='ocr_line' id='line_1_65' title="bbox 156 3347 1741 3425; baseline 0.005 -26"><span class='ocrx_word' id='word_1_477' title='bbox 156 3347 422 3419; x_wconf 83' lang='grc' dir='ltr'><strong>θεωρήσει</strong></span> <span class='ocrx_word' id='word_1_478' title='bbox 449 3348 607 3405; x_wconf 84' lang='grc' dir='ltr'><strong>πάλιν</strong></span> <span class='ocrx_word' id='word_1_479' title='bbox 639 3352 667 3403; x_wconf 90' lang='lat'><strong>6</strong></span> <span class='ocrx_word' id='word_1_480' title='bbox 706 3351 1073 3422; x_wconf 78' lang='grc' dir='ltr'><strong>φιλοξητητῆς</strong></span> <span class='ocrx_word' id='word_1_481' title='bbox 1105 3352 1199 3405; x_wconf 66' lang='grc' dir='ltr'><strong>κα)⁵</strong></span> <span class='ocrx_word' id='word_1_482' title='bbox 1251 3353 1469 3423; x_wconf 86' lang='grc' dir='ltr'><strong>ἐταῖρος</strong></span> <span class='ocrx_word' id='word_1_483' title='bbox 1506 3353 1741 3425; x_wconf 83' lang='grc' dir='ltr'><strong>ἱδρώτων</strong></span> 
     </span>
    </p>
   </div>
   <div class='ocr_carea' id='block_1_66' title="bbox 1845 3347 3427 3429">
    <p class='ocr_par' dir='ltr' id='par_1_66' title="bbox 1850 3356 3427 3429">
     <span class='ocr_line' id='line_1_66' title="bbox 1850 3356 3427 3429; baseline 0 -18"><span class='ocrx_word' id='word_1_484' title='bbox 1850 3356 2266 3427; x_wconf 87' lang='lat' dir='ltr'><strong>templationum</strong></span> <span class='ocrx_word' id='word_1_485' title='bbox 2290 3373 2585 3413; x_wconf 87' lang='lat' dir='ltr'><strong>numerum</strong></span> <span class='ocrx_word' id='word_1_486' title='bbox 2606 3373 2731 3414; x_wconf 88' lang='lat' dir='ltr'><strong>esse</strong></span> <span class='ocrx_word' id='word_1_487' title='bbox 2750 3357 3053 3413; x_wconf 84' lang='lat' dir='ltr'><strong>credimus.</strong></span> <span class='ocrx_word' id='word_1_488' title='bbox 3079 3356 3250 3429; x_wconf 87' lang='lat' dir='ltr'><strong>Igitur</strong></span> <span class='ocrx_word' id='word_1_489' title='bbox 3277 3375 3296 3409; x_wconf 77' lang='grc' dir='ltr'><strong>ι</strong></span> <span class='ocrx_word' id='word_1_490' title='bbox 3316 3357 3427 3413; x_wconf 85' lang='lat' dir='ltr'><strong>Lex</strong></span> 
     </span>
    </p>
   </div>
   <div class='ocr_carea' id='block_1_67' title="bbox 154 3440 1740 3517">
    <p class='ocr_par' dir='ltr' id='par_1_67' title="bbox 154 3440 1740 3517">
     <span class='ocr_line' id='line_1_67' title="bbox 154 3440 1740 3517; baseline 0.021 -49"><span class='ocrx_word' id='word_1_491' title='bbox 154 3440 396 3509; x_wconf 68' lang='grc' dir='ltr'><strong>ἀγαθῶν.</strong></span> <span class='ocrx_word' id='word_1_492' title='bbox 432 3441 587 3510; x_wconf 70' lang='grc' dir='ltr'><strong>ὀλίγα,</strong></span> <span class='ocrx_word' id='word_1_493' title='bbox 623 3442 679 3496; x_wconf 81' lang='grc' dir='ltr'><strong>δὲ</strong></span> <span class='ocrx_word' id='word_1_494' title='bbox 712 3444 871 3513; x_wconf 81' lang='grc' dir='ltr'><strong>ἡμεῖς</strong></span> <span class='ocrx_word' id='word_1_495' title='bbox 903 3444 1135 3515; x_wconf 78' lang='grc' dir='ltr'><strong>ἐροῦμεν</strong></span> <span class='ocrx_word' id='word_1_496' title='bbox 1167 3445 1289 3498; x_wconf 79' lang='grc' dir='ltr'><strong>ἀντὶ</strong></span> <span class='ocrx_word' id='word_1_497' title='bbox 1323 3445 1533 3498; x_wconf 84' lang='grc' dir='ltr'><strong>πολλῶν</strong></span> <span class='ocrx_word' id='word_1_498' title='bbox 1553 3485 1567 3509; x_wconf 93' lang='grc'><strong>,</strong></span> <span class='ocrx_word' id='word_1_499' title='bbox 1595 3446 1740 3517; x_wconf 79' lang='grc' dir='ltr'><strong>ἀμή-</strong></span> 
     </span>
    </p>
   </div>
   <div class='ocr_carea' id='block_1_68' title="bbox 157 3532 1744 3608">
    <p class='ocr_par' dir='ltr' id='par_1_68' title="bbox 157 3532 1744 3608">
     <span class='ocr_line' id='line_1_68' title="bbox 157 3532 1744 3608; baseline 0.002 -22"><span class='ocrx_word' id='word_1_500' title='bbox 157 3532 315 3602; x_wconf 83' lang='grc' dir='ltr'><strong>ρυτόν</strong></span> <span class='ocrx_word' id='word_1_501' title='bbox 343 3550 464 3586; x_wconf 87' lang='grc' dir='ltr'><strong>τινα</strong></span> <span class='ocrx_word' id='word_1_502' title='bbox 495 3533 589 3587; x_wconf 74' lang='grc' dir='ltr'><strong>καὶ</strong></span> <span class='ocrx_word' id='word_1_503' title='bbox 636 3533 848 3605; x_wconf 83' lang='grc' dir='ltr'><strong>μακρὸν</strong></span> <span class='ocrx_word' id='word_1_504' title='bbox 876 3534 984 3588; x_wconf 87' lang='grc' dir='ltr'><strong>τῶν</strong></span> <span class='ocrx_word' id='word_1_505' title='bbox 1013 3535 1105 3588; x_wconf 79' lang='grc' dir='ltr'><strong>ἐπὶ</strong></span> <span class='ocrx_word' id='word_1_506' title='bbox 1135 3534 1345 3600; x_wconf 88' lang='grc' dir='ltr'><strong>τούτοις</strong></span> <span class='ocrx_word' id='word_1_507' title='bbox 1372 3537 1744 3608; x_wconf 87' lang='grc' dir='ltr'><strong>θεωρημάτων</strong></span> 
     </span>
    </p>
   </div>
   <div class='ocr_carea' id='block_1_69' title="bbox 154 3623 1742 3697">
    <p class='ocr_par' dir='ltr' id='par_1_69' title="bbox 154 3623 1742 3697">
     <span class='ocr_line' id='line_1_69' title="bbox 154 3623 1742 3697; baseline 0.003 -21"><span class='ocrx_word' id='word_1_508' title='bbox 154 3623 244 3677; x_wconf 78' lang='grc' dir='ltr'><strong>τὸν</strong></span> <span class='ocrx_word' id='word_1_509' title='bbox 274 3624 509 3695; x_wconf 81' lang='grc' dir='ltr'><strong>ἀριθμὸν</strong></span> <span class='ocrx_word' id='word_1_510' title='bbox 550 3624 679 3677; x_wconf 72' lang='grc' dir='ltr'><strong>ὄντα</strong></span> <span class='ocrx_word' id='word_1_511' title='bbox 718 3625 1081 3689; x_wconf 81' lang='grc' dir='ltr'><strong>πιστεύοντες.</strong></span> <span class='ocrx_word' id='word_1_512' title='bbox 1115 3626 1327 3680; x_wconf 85' lang='grc' dir='ltr'><strong>Οὐκοῦν</strong></span> <span class='ocrx_word' id='word_1_513' title='bbox 1364 3645 1382 3679; x_wconf 76' lang='grc' dir='ltr'><strong>ι</strong></span> <span class='ocrx_word' id='word_1_514' title='bbox 1436 3628 1494 3680; x_wconf 86' lang='lat'>&#39;0</span> <span class='ocrx_word' id='word_1_515' title='bbox 1537 3626 1635 3697; x_wconf 82' lang='grc' dir='ltr'><strong>μὲν</strong></span> <span class='ocrx_word' id='word_1_516' title='bbox 1652 3628 1742 3681; x_wconf 87' lang='grc' dir='ltr'><strong>νό-</strong></span> 
     </span>
    </p>
   </div>
   <div class='ocr_carea' id='block_1_70' title="bbox 156 3715 1742 3789">
    <p class='ocr_par' dir='ltr' id='par_1_70' title="bbox 156 3715 1742 3789">
     <span class='ocr_line' id='line_1_70' title="bbox 156 3715 1742 3789; baseline 0.001 -21"><span class='ocrx_word' id='word_1_517' title='bbox 156 3731 257 3783; x_wconf 87' lang='grc' dir='ltr'><strong>μος</strong></span> <span class='ocrx_word' id='word_1_518' title='bbox 290 3715 582 3787; x_wconf 78' lang='grc' dir='ltr'><strong>κατέκρινε</strong></span> <span class='ocrx_word' id='word_1_519' title='bbox 616 3716 707 3769; x_wconf 84' lang='grc' dir='ltr'><strong>τὸν</strong></span> <span class='ocrx_word' id='word_1_520' title='bbox 737 3716 943 3787; x_wconf 89' lang='grc' dir='ltr'><strong>κόσμον</strong></span> <span class='ocrx_word' id='word_1_521' title='bbox 967 3716 1305 3789; x_wconf 82' lang='grc' dir='ltr'><strong>(συνέκλεισε</strong></span> <span class='ocrx_word' id='word_1_522' title='bbox 1341 3717 1449 3789; x_wconf 87' lang='grc' dir='ltr'><strong>γὰρ</strong></span> <span class='ocrx_word' id='word_1_523' title='bbox 1468 3717 1647 3780; x_wconf 83' lang='grc' dir='ltr'><strong>όΘεὸς</strong></span> <span class='ocrx_word' id='word_1_524' title='bbox 1674 3717 1742 3770; x_wconf 82' lang='grc' dir='ltr'><strong>δι’</strong></span> 
     </span>
    </p>
   </div>
   <div class='ocr_carea' id='block_1_71' title="bbox 151 3808 1739 3883">
    <p class='ocr_par' dir='ltr' id='par_1_71' title="bbox 151 3808 1739 3883">
     <span class='ocr_line' id='line_1_71' title="bbox 151 3808 1739 3883; baseline 0.001 -22"><span class='ocrx_word' id='word_1_525' title='bbox 151 3808 318 3861; x_wconf 82' lang='grc' dir='ltr'><strong>αὐτοῦ</strong></span> <span class='ocrx_word' id='word_1_526' title='bbox 338 3810 411 3863; x_wconf 79' lang='grc' dir='ltr'><strong>τά</strong></span> <span class='ocrx_word' id='word_1_527' title='bbox 444 3810 622 3864; x_wconf 88' lang='grc' dir='ltr'><strong>πάντα</strong></span> <span class='ocrx_word' id='word_1_528' title='bbox 654 3810 759 3863; x_wconf 78' lang='grc' dir='ltr'><strong>ὑπὸ</strong></span> <span class='ocrx_word' id='word_1_529' title='bbox 786 3810 1083 3883; x_wconf 84' lang='grc' dir='ltr'><strong>ἁμαρτίαν,</strong></span> <span class='ocrx_word' id='word_1_530' title='bbox 1123 3831 1141 3862; x_wconf 77' lang='grc' dir='ltr'><strong>ι</strong></span> <span class='ocrx_word' id='word_1_531' title='bbox 1168 3810 1245 3873; x_wconf 82' lang='grc' dir='ltr'><strong>ὡς</strong></span> <span class='ocrx_word' id='word_1_532' title='bbox 1266 3812 1295 3863; x_wconf 90' lang='lat'><strong>6</strong></span> <span class='ocrx_word' id='word_1_533' title='bbox 1325 3810 1538 3875; x_wconf 86' lang='grc' dir='ltr'><strong>Παῦλός</strong></span> <span class='ocrx_word' id='word_1_534' title='bbox 1560 3812 1739 3880; x_wconf 80' lang='grc' dir='ltr'><strong>φησι),</strong></span> 
     </span>
    </p>
   </div>
   <div class='ocr_carea' id='block_1_72' title="bbox 150 3900 1743 3972">
    <p class='ocr_par' dir='ltr' id='par_1_72' title="bbox 150 3900 1743 3972">
     <span class='ocr_line' id='line_1_72' title="bbox 150 3900 1743 3972; baseline 0.002 -20"><span class='ocrx_word' id='word_1_535' title='bbox 150 3917 245 3953; x_wconf 79' lang='grc' dir='ltr'><strong>και</strong></span> <span class='ocrx_word' id='word_1_536' title='bbox 268 3900 562 3955; x_wconf 88' lang='grc' dir='ltr'><strong>..ολάσεσιν</strong></span> <span class='ocrx_word' id='word_1_537' title='bbox 590 3902 739 3972; x_wconf 83' lang='grc' dir='ltr'><strong>ἡμᾶς</strong></span> <span class='ocrx_word' id='word_1_538' title='bbox 768 3902 985 3972; x_wconf 88' lang='grc' dir='ltr'><strong>ἐνόχους</strong></span> <span class='ocrx_word' id='word_1_539' title='bbox 1006 3903 1166 3965; x_wconf 73' lang='grc' dir='ltr'><strong>ὄντας</strong></span> <span class='ocrx_word' id='word_1_540' title='bbox 1193 3902 1465 3956; x_wconf 83' lang='grc' dir='ltr'><strong>ἐδείκνυεν</strong></span> <span class='ocrx_word' id='word_1_541' title='bbox 1484 3919 1496 3930; x_wconf 85' lang='grc'><strong>·</strong></span> <span class='ocrx_word' id='word_1_542' title='bbox 1529 3902 1743 3956; x_wconf 82' lang='grc' dir='ltr'><strong>ἐλευθε-</strong></span> 
     </span>
    </p>
   </div>
   <div class='ocr_carea' id='block_1_73' title="bbox 152 3990 1741 4065">
    <p class='ocr_par' dir='ltr' id='par_1_73' title="bbox 152 3990 1741 4065">
     <span class='ocr_line' id='line_1_73' title="bbox 152 3990 1741 4065; baseline 0.001 -19"><span class='ocrx_word' id='word_1_543' title='bbox 152 3995 235 4063; x_wconf 82' lang='grc' dir='ltr'><strong>ροῖ</strong></span> <span class='ocrx_word' id='word_1_544' title='bbox 265 3993 324 4047; x_wconf 76' lang='grc' dir='ltr'><strong>δὲ</strong></span> <span class='ocrx_word' id='word_1_545' title='bbox 378 3993 584 4065; x_wconf 80' lang='grc' dir='ltr'><strong>μᾶλλον</strong></span> <span class='ocrx_word' id='word_1_546' title='bbox 610 3994 773 4056; x_wconf 76' lang='grc' dir='ltr'><strong>αὐτὸς</strong></span> <span class='ocrx_word' id='word_1_547' title='bbox 804 3996 833 4047; x_wconf 91' lang='lat'><strong>6</strong></span> <span class='ocrx_word' id='word_1_548' title='bbox 878 3995 1090 4065; x_wconf 84' lang='grc' dir='ltr'><strong>Σωτήρ·</strong></span> <span class='ocrx_word' id='word_1_549' title='bbox 1134 4014 1152 4045; x_wconf 73' lang='grc' dir='ltr'><strong>ι</strong></span> <span class='ocrx_word' id='word_1_550' title='bbox 1192 3995 1268 4047; x_wconf 82' lang='grc' dir='ltr'><strong>Οὐ</strong></span> <span class='ocrx_word' id='word_1_551' title='bbox 1318 3994 1425 4065; x_wconf 82' lang='grc' dir='ltr'><strong>γὰρ</strong></span> <span class='ocrx_word' id='word_1_552' title='bbox 1457 3990 1620 4064; x_wconf 81' lang='grc' dir='ltr'><strong>ἦλθεν</strong></span> <span class='ocrx_word' id='word_1_553' title='bbox 1654 3995 1741 4048; x_wconf 76' lang='grc' dir='ltr'><strong>ἵνα</strong></span> 
     </span>
    </p>
   </div>
   <div class='ocr_carea' id='block_1_74' title="bbox 147 4082 1741 4159">
    <p class='ocr_par' dir='ltr' id='par_1_74' title="bbox 147 4082 1741 4159">
     <span class='ocr_line' id='line_1_74' title="bbox 147 4082 1741 4159; baseline 0.003 -23"><span class='ocrx_word' id='word_1_554' title='bbox 147 4082 308 4157; x_wconf 74' lang='grc' dir='ltr'><strong>κρίνῃ</strong></span> <span class='ocrx_word' id='word_1_555' title='bbox 332 4085 429 4137; x_wconf 82' lang='grc' dir='ltr'><strong>τὸν</strong></span> <span class='ocrx_word' id='word_1_556' title='bbox 450 4084 673 4154; x_wconf 87' lang='grc' dir='ltr'><strong>κόσμον,</strong></span> <span class='ocrx_word' id='word_1_557' title='bbox 703 4084 815 4138; x_wconf 82' lang='grc' dir='ltr'><strong>ἀλλ’</strong></span> <span class='ocrx_word' id='word_1_558' title='bbox 838 4085 926 4140; x_wconf 82' lang='grc' dir='ltr'><strong>ἶνα</strong></span> <span class='ocrx_word' id='word_1_559' title='bbox 947 4086 1091 4156; x_wconf 85' lang='grc' dir='ltr'><strong>σωθῇ</strong></span> <span class='ocrx_word' id='word_1_560' title='bbox 1119 4088 1148 4139; x_wconf 89' lang='grc' dir='ltr'><strong>ό</strong></span> <span class='ocrx_word' id='word_1_561' title='bbox 1164 4088 1385 4158; x_wconf 83' lang='grc' dir='ltr'><strong>κόσμος.</strong></span> <span class='ocrx_word' id='word_1_562' title='bbox 1415 4106 1433 4139; x_wconf 76' lang='grc' dir='ltr'><strong>ι</strong></span> <span class='ocrx_word' id='word_1_563' title='bbox 1450 4088 1560 4141; x_wconf 78' lang='grc' dir='ltr'><strong>Καὶ</strong></span> <span class='ocrx_word' id='word_1_564' title='bbox 1582 4087 1741 4159; x_wconf 86' lang='grc' dir='ltr'><strong>χάριν</strong></span> 
     </span>
    </p>
   </div>
   <div class='ocr_carea' id='block_1_75' title="bbox 150 4174 1741 4247">
    <p class='ocr_par' dir='ltr' id='par_1_75' title="bbox 150 4174 1741 4247">
     <span class='ocr_line' id='line_1_75' title="bbox 150 4174 1741 4247; baseline 0.003 -19"><span class='ocrx_word' id='word_1_565' title='bbox 150 4175 248 4245; x_wconf 78' lang='grc' dir='ltr'><strong>μὲν</strong></span> <span class='ocrx_word' id='word_1_566' title='bbox 283 4174 596 4247; x_wconf 85' lang='grc' dir='ltr'><strong>ἀνθρώποις</strong></span> <span class='ocrx_word' id='word_1_567' title='bbox 639 4178 733 4230; x_wconf 73' lang='grc' dir='ltr'><strong>καὶ</strong></span> <span class='ocrx_word' id='word_1_568' title='bbox 777 4177 805 4229; x_wconf 92' lang='lat'><strong>6</strong></span> <span class='ocrx_word' id='word_1_569' title='bbox 834 4177 997 4246; x_wconf 89' lang='grc' dir='ltr'><strong>νόμος</strong></span> <span class='ocrx_word' id='word_1_570' title='bbox 1034 4177 1228 4243; x_wconf 83' lang='grc' dir='ltr'><strong>ἐδίδου,</strong></span> <span class='ocrx_word' id='word_1_571' title='bbox 1275 4178 1455 4231; x_wconf 87' lang='grc' dir='ltr'><strong>καλῶν</strong></span> <span class='ocrx_word' id='word_1_572' title='bbox 1487 4178 1624 4243; x_wconf 84' lang='grc' dir='ltr'><strong>ὅλως</strong></span> <span class='ocrx_word' id='word_1_573' title='bbox 1660 4180 1741 4242; x_wconf 85' lang='grc' dir='ltr'><strong>είς</strong></span> 
     </span>
    </p>
   </div>
   <div class='ocr_carea' id='block_1_76' title="bbox 148 4265 1739 4341">
    <p class='ocr_par' dir='ltr' id='par_1_76' title="bbox 148 4265 1739 4341">
     <span class='ocr_line' id='line_1_76' title="bbox 148 4265 1739 4341; baseline 0.004 -22"><span class='ocrx_word' id='word_1_574' title='bbox 148 4267 505 4337; x_wconf 88' lang='grc' dir='ltr'><strong>θεογνωσίαν,</strong></span> <span class='ocrx_word' id='word_1_575' title='bbox 545 4266 639 4320; x_wconf 73' lang='grc' dir='ltr'><strong>καὶ</strong></span> <span class='ocrx_word' id='word_1_576' title='bbox 677 4266 776 4335; x_wconf 90' lang='grc' dir='ltr'><strong>τῆς</strong></span> <span class='ocrx_word' id='word_1_577' title='bbox 801 4265 911 4321; x_wconf 89' lang='grc' dir='ltr'><strong>τῶν</strong></span> <span class='ocrx_word' id='word_1_578' title='bbox 955 4266 1186 4322; x_wconf 77' lang='grc' dir='ltr'><strong>εἰδώλων</strong></span> <span class='ocrx_word' id='word_1_579' title='bbox 1220 4268 1475 4341; x_wconf 84' lang='grc' dir='ltr'><strong>λατρείας</strong></span> <span class='ocrx_word' id='word_1_580' title='bbox 1503 4270 1739 4336; x_wconf 80' lang='grc' dir='ltr'><strong>ἐξέλκων</strong></span> 
     </span>
    </p>
   </div>
   <div class='ocr_carea' id='block_1_77' title="bbox 145 4359 1737 4431">
    <p class='ocr_par' dir='ltr' id='par_1_77' title="bbox 145 4359 1737 4431">
     <span class='ocr_line' id='line_1_77' title="bbox 145 4359 1737 4431; baseline 0.003 -19"><span class='ocrx_word' id='word_1_581' title='bbox 145 4361 270 4424; x_wconf 81' lang='grc' dir='ltr'><strong>τοὺς</strong></span> <span class='ocrx_word' id='word_1_582' title='bbox 292 4359 774 4431; x_wconf 85' lang='grc' dir='ltr'><strong>πεπλανημένους,</strong></span> <span class='ocrx_word' id='word_1_583' title='bbox 798 4360 891 4412; x_wconf 74' lang='grc' dir='ltr'><strong>καὶ</strong></span> <span class='ocrx_word' id='word_1_584' title='bbox 912 4360 1135 4431; x_wconf 85' lang='grc' dir='ltr'><strong>προσέτι</strong></span> <span class='ocrx_word' id='word_1_585' title='bbox 1173 4360 1348 4431; x_wconf 87' lang='grc' dir='ltr'><strong>τούτῳ</strong></span> <span class='ocrx_word' id='word_1_586' title='bbox 1380 4362 1474 4415; x_wconf 81' lang='grc' dir='ltr'><strong>καὶ</strong></span> <span class='ocrx_word' id='word_1_587' title='bbox 1499 4362 1563 4415; x_wconf 78' lang='grc' dir='ltr'><strong>τὸ</strong></span> <span class='ocrx_word' id='word_1_588' title='bbox 1595 4362 1737 4430; x_wconf 86' lang='grc' dir='ltr'><strong>φαῦ-</strong></span> 
     </span>
    </p>
   </div>
   <div class='ocr_carea' id='block_1_78' title="bbox 145 4449 1739 4525">
    <p class='ocr_par' dir='ltr' id='par_1_78' title="bbox 145 4449 1739 4525">
     <span class='ocr_line' id='line_1_78' title="bbox 145 4449 1739 4525; baseline 0.001 -21"><span class='ocrx_word' id='word_1_589' title='bbox 145 4451 235 4505; x_wconf 93' lang='grc' dir='ltr'><strong>λον</strong></span> <span class='ocrx_word' id='word_1_590' title='bbox 269 4452 614 4515; x_wconf 82' lang='grc' dir='ltr'><strong>ὑποδεικνὺς,</strong></span> <span class='ocrx_word' id='word_1_591' title='bbox 649 4452 745 4503; x_wconf 78' lang='grc' dir='ltr'><strong>καὶ</strong></span> <span class='ocrx_word' id='word_1_592' title='bbox 792 4449 1058 4505; x_wconf 88' lang='grc' dir='ltr'><strong>διδάσκων</strong></span> <span class='ocrx_word' id='word_1_593' title='bbox 1088 4451 1150 4504; x_wconf 83' lang='grc' dir='ltr'><strong>τὸ</strong></span> <span class='ocrx_word' id='word_1_594' title='bbox 1178 4451 1403 4520; x_wconf 78' lang='grc' dir='ltr'><strong>ἀγαθὸν,</strong></span> <span class='ocrx_word' id='word_1_595' title='bbox 1455 4453 1505 4505; x_wconf 70' lang='grc' dir='ltr'><strong>εἰ</strong></span> <span class='ocrx_word' id='word_1_596' title='bbox 1540 4454 1632 4506; x_wconf 70' lang='grc' dir='ltr'><strong>καὶ</strong></span> <span class='ocrx_word' id='word_1_597' title='bbox 1665 4453 1739 4525; x_wconf 78' lang='grc' dir='ltr'><strong>μὴ</strong></span> 
     </span>
    </p>
   </div>
   <div class='ocr_carea' id='block_1_79' title="bbox 145 4542 1739 4613">
    <p class='ocr_par' dir='ltr' id='par_1_79' title="bbox 145 4542 1739 4613">
     <span class='ocr_line' id='line_1_79' title="bbox 145 4542 1739 4613; baseline 0.001 -17"><span class='ocrx_word' id='word_1_598' title='bbox 145 4544 383 4609; x_wconf 82' lang='grc' dir='ltr'><strong>τελείως,</strong></span> <span class='ocrx_word' id='word_1_599' title='bbox 446 4543 582 4598; x_wconf 85' lang='grc' dir='ltr'><strong>ἀλλὰ</strong></span> <span class='ocrx_word' id='word_1_600' title='bbox 618 4542 1041 4611; x_wconf 84' lang='grc' dir='ltr'><strong>παιδαγωγικῶς</strong></span> <span class='ocrx_word' id='word_1_601' title='bbox 1089 4543 1184 4595; x_wconf 70' lang='grc' dir='ltr'><strong>καὶ</strong></span> <span class='ocrx_word' id='word_1_602' title='bbox 1214 4543 1520 4613; x_wconf 85' lang='grc' dir='ltr'><strong>χρησίμως.</strong></span> <span class='ocrx_word' id='word_1_603' title='bbox 1561 4544 1626 4597; x_wconf 85' lang='grc' dir='ltr'><strong>Ἠ</strong></span> <span class='ocrx_word' id='word_1_604' title='bbox 1652 4544 1739 4598; x_wconf 75' lang='grc' dir='ltr'><strong>διὰ</strong></span> 
     </span>
    </p>
   </div>
   <div class='ocr_carea' id='block_1_80' title="bbox 145 4633 1737 4704">
    <p class='ocr_par' dir='ltr' id='par_1_80' title="bbox 145 4633 1737 4704">
     <span class='ocr_line' id='line_1_80' title="bbox 145 4633 1737 4704; baseline 0 -17"><span class='ocrx_word' id='word_1_605' title='bbox 145 4634 236 4688; x_wconf 83' lang='grc' dir='ltr'><strong>τοῦ</strong></span> <span class='ocrx_word' id='word_1_606' title='bbox 296 4634 643 4703; x_wconf 87' lang='grc' dir='ltr'><strong>Μονογενοῦς</strong></span> <span class='ocrx_word' id='word_1_607' title='bbox 696 4633 927 4704; x_wconf 87' lang='grc' dir='ltr'><strong>ἀλήθεια</strong></span> <span class='ocrx_word' id='word_1_608' title='bbox 970 4634 1064 4687; x_wconf 74' lang='grc' dir='ltr'><strong>καὶ</strong></span> <span class='ocrx_word' id='word_1_609' title='bbox 1088 4634 1268 4704; x_wconf 89' lang='grc' dir='ltr'><strong>χάρις,</strong></span> <span class='ocrx_word' id='word_1_610' title='bbox 1312 4634 1411 4687; x_wconf 79' lang='grc' dir='ltr'><strong>οὐκ</strong></span> <span class='ocrx_word' id='word_1_611' title='bbox 1441 4634 1499 4689; x_wconf 86' lang='grc' dir='ltr'><strong>ἐν</strong></span> <span class='ocrx_word' id='word_1_612' title='bbox 1546 4636 1737 4699; x_wconf 82' lang='grc' dir='ltr'><strong>τύποις</strong></span> 
     </span>
    </p>
   </div>
   <div class='ocr_carea' id='block_1_81' title="bbox 146 4724 1738 4799">
    <p class='ocr_par' dir='ltr' id='par_1_81' title="bbox 146 4724 1738 4799">
     <span class='ocr_line' id='line_1_81' title="bbox 146 4724 1738 4799; baseline -0.001 -17"><span class='ocrx_word' id='word_1_613' title='bbox 146 4729 275 4799; x_wconf 77' lang='grc' dir='ltr'><strong>ἡμῖν</strong></span> <span class='ocrx_word' id='word_1_614' title='bbox 304 4727 555 4799; x_wconf 81' lang='grc' dir='ltr'><strong>είσφέρει</strong></span> <span class='ocrx_word' id='word_1_615' title='bbox 587 4726 649 4779; x_wconf 81' lang='grc' dir='ltr'><strong>τὸ</strong></span> <span class='ocrx_word' id='word_1_616' title='bbox 682 4724 907 4795; x_wconf 81' lang='grc' dir='ltr'><strong>ἀγαθὸν,</strong></span> <span class='ocrx_word' id='word_1_617' title='bbox 937 4725 1058 4778; x_wconf 82' lang='grc' dir='ltr'><strong>οὐδὲ</strong></span> <span class='ocrx_word' id='word_1_618' title='bbox 1083 4724 1157 4787; x_wconf 72' lang='lat' dir='ltr'><strong>di;</strong></span> <span class='ocrx_word' id='word_1_619' title='bbox 1184 4727 1241 4778; x_wconf 85' lang='grc' dir='ltr'><strong>ἐν</strong></span> <span class='ocrx_word' id='word_1_620' title='bbox 1272 4728 1451 4790; x_wconf 83' lang='grc' dir='ltr'><strong>σκιαῖς</strong></span> <span class='ocrx_word' id='word_1_621' title='bbox 1477 4728 1738 4799; x_wconf 88' lang='grc' dir='ltr'><strong>χαράττει</strong></span> 
     </span>
    </p>
   </div>
   <div class='ocr_carea' id='block_1_82' title="bbox 146 4817 1734 4893">
    <p class='ocr_par' dir='ltr' id='par_1_82' title="bbox 146 4817 1734 4893">
     <span class='ocr_line' id='line_1_82' title="bbox 146 4817 1734 4893; baseline -0.001 -19"><span class='ocrx_word' id='word_1_622' title='bbox 146 4822 212 4875; x_wconf 81' lang='grc' dir='ltr'><strong>τὰ</strong></span> <span class='ocrx_word' id='word_1_623' title='bbox 252 4823 629 4893; x_wconf 78' lang='grc' dir='ltr'><strong>συμφέροντα·</strong></span> <span class='ocrx_word' id='word_1_624' title='bbox 660 4818 777 4873; x_wconf 78' lang='grc' dir='ltr'><strong>ἀλλ’</strong></span> <span class='ocrx_word' id='word_1_625' title='bbox 816 4820 874 4871; x_wconf 86' lang='grc' dir='ltr'><strong>ἐν</strong></span> <span class='ocrx_word' id='word_1_626' title='bbox 926 4817 1221 4888; x_wconf 86' lang='grc' dir='ltr'><strong>λαμπροῖς,</strong></span> <span class='ocrx_word' id='word_1_627' title='bbox 1265 4819 1359 4871; x_wconf 75' lang='grc' dir='ltr'><strong>καὶ</strong></span> <span class='ocrx_word' id='word_1_628' title='bbox 1408 4819 1734 4889; x_wconf 86' lang='grc' dir='ltr'><strong>καθαρωτά-</strong></span> 
     </span>
    </p>
   </div>
   <div class='ocr_carea' id='block_1_83' title="bbox 144 4909 1736 4981">
    <p class='ocr_par' dir='ltr' id='par_1_83' title="bbox 144 4909 1736 4981">
     <span class='ocr_line' id='line_1_83' title="bbox 144 4909 1736 4981; baseline 0.001 -16"><span class='ocrx_word' id='word_1_629' title='bbox 144 4930 253 4977; x_wconf 82' lang='grc' dir='ltr'><strong>τοις</strong></span> <span class='ocrx_word' id='word_1_630' title='bbox 318 4912 679 4980; x_wconf 87' lang='grc' dir='ltr'><strong>διατάγμασι,</strong></span> <span class='ocrx_word' id='word_1_631' title='bbox 748 4910 842 4964; x_wconf 80' lang='grc' dir='ltr'><strong>καὶ</strong></span> <span class='ocrx_word' id='word_1_632' title='bbox 898 4910 1034 4981; x_wconf 83' lang='grc' dir='ltr'><strong>πρὸς</strong></span> <span class='ocrx_word' id='word_1_633' title='bbox 1092 4909 1303 4963; x_wconf 88' lang='grc' dir='ltr'><strong>τελείαν</strong></span> <span class='ocrx_word' id='word_1_634' title='bbox 1349 4911 1451 4980; x_wconf 89' lang='grc' dir='ltr'><strong>τῆς</strong></span> <span class='ocrx_word' id='word_1_635' title='bbox 1500 4913 1736 4978; x_wconf 83' lang='grc' dir='ltr'><strong>πίστεως</strong></span> 
     </span>
    </p>
   </div>
   <div class='ocr_carea' id='block_1_84' title="bbox 144 5001 1736 5076">
    <p class='ocr_par' dir='ltr' id='par_1_84' title="bbox 144 5001 1736 5076">
     <span class='ocr_line' id='line_1_84' title="bbox 144 5001 1736 5076; baseline 0.001 -19"><span class='ocrx_word' id='word_1_636' title='bbox 144 5005 341 5073; x_wconf 84' lang='grc' dir='ltr'><strong>γνῶσιν</strong></span> <span class='ocrx_word' id='word_1_637' title='bbox 375 5004 733 5076; x_wconf 76' lang='grc' dir='ltr'><strong>χειραγωγεῖο</strong></span> <span class='ocrx_word' id='word_1_638' title='bbox 758 5002 847 5055; x_wconf 77' lang='grc' dir='ltr'><strong>καὶ</strong></span> <span class='ocrx_word' id='word_1_639' title='bbox 874 5003 902 5054; x_wconf 89' lang='grc' dir='ltr'><strong>ό</strong></span> <span class='ocrx_word' id='word_1_640' title='bbox 934 5001 1031 5072; x_wconf 84' lang='grc' dir='ltr'><strong>μὲν</strong></span> <span class='ocrx_word' id='word_1_641' title='bbox 1060 5001 1222 5071; x_wconf 85' lang='grc' dir='ltr'><strong>νόμος</strong></span> <span class='ocrx_word' id='word_1_642' title='bbox 1248 5002 1464 5073; x_wconf 85' lang='grc' dir='ltr'><strong>πνεῦμα</strong></span> <span class='ocrx_word' id='word_1_643' title='bbox 1492 5003 1736 5069; x_wconf 85' lang='grc' dir='ltr'><strong>δουλείας</strong></span> 
     </span>
    </p>
   </div>
   <div class='ocr_carea' id='block_1_85' title="bbox 146 5091 1733 5168">
    <p class='ocr_par' dir='ltr' id='par_1_85' title="bbox 146 5091 1733 5168">
     <span class='ocr_line' id='line_1_85' title="bbox 146 5091 1733 5168; baseline 0.001 -19"><span class='ocrx_word' id='word_1_644' title='bbox 146 5097 315 5149; x_wconf 78' lang='grc' dir='ltr'><strong>ἐδίδου</strong></span> <span class='ocrx_word' id='word_1_645' title='bbox 368 5096 514 5168; x_wconf 83' lang='grc' dir='ltr'><strong>πρὸς</strong></span> <span class='ocrx_word' id='word_1_646' title='bbox 559 5094 744 5163; x_wconf 77' lang='grc' dir='ltr'><strong>φόὸον,</strong></span> <span class='ocrx_word' id='word_1_647' title='bbox 776 5094 838 5145; x_wconf 87' lang='grc' dir='ltr'><strong>τὸ</strong></span> <span class='ocrx_word' id='word_1_648' title='bbox 880 5092 937 5146; x_wconf 86' lang='grc' dir='ltr'><strong>δέ</strong></span> <span class='ocrx_word' id='word_1_649' title='bbox 985 5091 1203 5163; x_wconf 89' lang='grc' dir='ltr'><strong>πνεῦμα</strong></span> <span class='ocrx_word' id='word_1_650' title='bbox 1240 5095 1339 5165; x_wconf 86' lang='grc' dir='ltr'><strong>τῆς</strong></span> <span class='ocrx_word' id='word_1_651' title='bbox 1389 5095 1665 5160; x_wconf 84' lang='grc' dir='ltr'><strong>υἱοθεσίας</strong></span> <span class='ocrx_word' id='word_1_652' title='bbox 1703 5098 1733 5150; x_wconf 98' lang='lat'><strong>6</strong></span> 
     </span>
    </p>
   </div>
   <div class='ocr_carea' id='block_1_86' title="bbox 149 5184 1734 5260">
    <p class='ocr_par' dir='ltr' id='par_1_86' title="bbox 149 5184 1734 5260">
     <span class='ocr_line' id='line_1_86' title="bbox 149 5184 1734 5260; baseline 0.003 -21"><span class='ocrx_word' id='word_1_653' title='bbox 149 5187 375 5259; x_wconf 69' lang='grc' dir='ltr'><strong>Χριστὸς</strong></span> <span class='ocrx_word' id='word_1_654' title='bbox 399 5189 487 5251; x_wconf 85' lang='grc' dir='ltr'><strong>είς</strong></span> <span class='ocrx_word' id='word_1_655' title='bbox 510 5184 842 5257; x_wconf 84' lang='grc' dir='ltr'><strong>ἐλευθερίαν.</strong></span> <span class='ocrx_word' id='word_1_656' title='bbox 876 5184 935 5237; x_wconf 90' lang='lat'><strong>&#39;0</strong></span> <span class='ocrx_word' id='word_1_657' title='bbox 955 5184 1117 5255; x_wconf 89' lang='grc' dir='ltr'><strong>νόμος</strong></span> <span class='ocrx_word' id='word_1_658' title='bbox 1138 5185 1339 5253; x_wconf 80' lang='grc' dir='ltr'><strong>ὁμοίως</strong></span> <span class='ocrx_word' id='word_1_659' title='bbox 1364 5188 1462 5258; x_wconf 85' lang='grc' dir='ltr'><strong>τὴν</strong></span> <span class='ocrx_word' id='word_1_660' title='bbox 1484 5189 1544 5241; x_wconf 86' lang='grc' dir='ltr'><strong>ἐν</strong></span> <span class='ocrx_word' id='word_1_661' title='bbox 1570 5191 1734 5260; x_wconf 73' lang='grc' dir='ltr'><strong>σαρκὶ</strong></span> 
     </span>
    </p>
   </div>
   <div class='ocr_carea' id='block_1_87' title="bbox 147 5288 1731 5369">
    <p class='ocr_par' dir='ltr' id='par_1_87' title="bbox 147 5288 1731 5369">
     <span class='ocr_line' id='line_1_87' title="bbox 147 5288 1731 5369; baseline 0.007 -29"><span class='ocrx_word' id='word_1_662' title='bbox 147 5295 453 5368; x_wconf 78' lang='grc' dir='ltr'><strong>περιτομὴν</strong></span> <span class='ocrx_word' id='word_1_663' title='bbox 499 5292 653 5346; x_wconf 83' lang='grc' dir='ltr'><strong>οὐδὲν</strong></span> <span class='ocrx_word' id='word_1_664' title='bbox 693 5288 856 5345; x_wconf 75' lang='grc' dir='ltr'><strong>οὖσαν</strong></span> <span class='ocrx_word' id='word_1_665' title='bbox 907 5290 1176 5361; x_wconf 74' lang='grc' dir='ltr'><strong>εἰσφέρει·</strong></span> <span class='ocrx_word' id='word_1_666' title='bbox 1218 5293 1251 5362; x_wconf 81' lang='grc' dir='ltr'>ἡ</span> <span class='ocrx_word' id='word_1_667' title='bbox 1304 5294 1573 5366; x_wconf 85' lang='grc' dir='ltr'><strong>περιτομὴ</strong></span> <span class='ocrx_word' id='word_1_668' title='bbox 1623 5298 1731 5369; x_wconf 80' lang='grc' dir='ltr'><strong>γὰρ</strong></span> 
     </span>
    </p>
   </div>
   <div class='ocr_carea' id='block_1_88' title="bbox 145 5380 1734 5457">
    <p class='ocr_par' dir='ltr' id='par_1_88' title="bbox 145 5380 1734 5457">
     <span class='ocr_line' id='line_1_88' title="bbox 145 5380 1734 5457; baseline 0.002 -18"><span class='ocrx_word' id='word_1_669' title='bbox 145 5388 296 5441; x_wconf 76' lang='grc' dir='ltr'><strong>οὐδέν</strong></span> <span class='ocrx_word' id='word_1_670' title='bbox 325 5390 498 5453; x_wconf 85' lang='grc' dir='ltr'><strong>ἐστιν,</strong></span> <span class='ocrx_word' id='word_1_671' title='bbox 531 5384 723 5457; x_wconf 84' lang='grc' dir='ltr'><strong>ὥσπερ</strong></span> <span class='ocrx_word' id='word_1_672' title='bbox 761 5380 853 5438; x_wconf 78' lang='grc' dir='ltr'><strong>οὖν</strong></span> <span class='ocrx_word' id='word_1_673' title='bbox 876 5384 905 5436; x_wconf 90' lang='lat'><strong>6</strong></span> <span class='ocrx_word' id='word_1_674' title='bbox 931 5381 1143 5445; x_wconf 82' lang='grc' dir='ltr'><strong>Παῦλος</strong></span> <span class='ocrx_word' id='word_1_675' title='bbox 1175 5383 1480 5438; x_wconf 81' lang='grc' dir='ltr'><strong>ἐπιστέλλει</strong></span> <span class='ocrx_word' id='word_1_676' title='bbox 1511 5388 1669 5440; x_wconf 87' lang='grc' dir='ltr'><strong>τισίν·</strong></span> <span class='ocrx_word' id='word_1_677' title='bbox 1704 5391 1734 5443; x_wconf 89' lang='lat'><strong>6</strong></span> 
     </span>
    </p>
   </div>
   <div class='ocr_carea' id='block_1_89' title="bbox 146 5474 1734 5552">
    <p class='ocr_par' dir='ltr' id='par_1_89' title="bbox 146 5474 1734 5552">
     <span class='ocr_line' id='line_1_89' title="bbox 146 5474 1734 5552; baseline 0 -20"><span class='ocrx_word' id='word_1_678' title='bbox 146 5480 200 5532; x_wconf 75' lang='grc' dir='ltr'><strong>δὲ</strong></span> <span class='ocrx_word' id='word_1_679' title='bbox 229 5481 430 5552; x_wconf 81' lang='grc' dir='ltr'><strong>Κύριος</strong></span> <span class='ocrx_word' id='word_1_680' title='bbox 483 5478 643 5551; x_wconf 85' lang='grc' dir='ltr'><strong>ήμῶν</strong></span> <span class='ocrx_word' id='word_1_681' title='bbox 684 5474 893 5547; x_wconf 87' lang='grc' dir='ltr'><strong>Ἰησοῦς</strong></span> <span class='ocrx_word' id='word_1_682' title='bbox 946 5474 1181 5547; x_wconf 83' lang='grc' dir='ltr'><strong>Χριστὸς</strong></span> <span class='ocrx_word' id='word_1_683' title='bbox 1215 5474 1313 5547; x_wconf 79' lang='grc' dir='ltr'><strong>τὴν</strong></span> <span class='ocrx_word' id='word_1_684' title='bbox 1363 5477 1421 5528; x_wconf 85' lang='grc' dir='ltr'><strong>ἐν</strong></span> <span class='ocrx_word' id='word_1_685' title='bbox 1459 5476 1734 5549; x_wconf 76' lang='grc' dir='ltr'><strong>πνεύματι</strong></span> 
     </span>
    </p>
   </div>
   <div class='ocr_carea' id='block_1_90' title="bbox 149 5566 1738 5643">
    <p class='ocr_par' dir='ltr' id='par_1_90' title="bbox 149 5566 1738 5643">
     <span class='ocr_line' id='line_1_90' title="bbox 149 5566 1738 5643; baseline -0.001 -18"><span class='ocrx_word' id='word_1_686' title='bbox 149 5573 241 5627; x_wconf 73' lang='grc' dir='ltr'><strong>καὶ</strong></span> <span class='ocrx_word' id='word_1_687' title='bbox 276 5574 475 5643; x_wconf 76' lang='grc' dir='ltr'><strong>καρδίᾳ</strong></span> <span class='ocrx_word' id='word_1_688' title='bbox 510 5569 813 5642; x_wconf 82' lang='grc' dir='ltr'><strong>περιτομὴν</strong></span> <span class='ocrx_word' id='word_1_689' title='bbox 854 5568 942 5621; x_wconf 84' lang='grc' dir='ltr'><strong>διά</strong></span> <span class='ocrx_word' id='word_1_690' title='bbox 974 5566 1208 5631; x_wconf 86' lang='grc' dir='ltr'><strong>πίστεως</strong></span> <span class='ocrx_word' id='word_1_691' title='bbox 1253 5568 1520 5638; x_wconf 80' lang='grc' dir='ltr'><strong>προξενεῖ.</strong></span> <span class='ocrx_word' id='word_1_692' title='bbox 1558 5571 1616 5624; x_wconf 81' lang='grc' dir='ltr'>ὐ</span> <span class='ocrx_word' id='word_1_693' title='bbox 1654 5571 1738 5624; x_wconf 85' lang='grc' dir='ltr'><strong>νό-</strong></span> 
     </span>
    </p>
   </div>
   <div class='ocr_carea' id='block_1_91' title="bbox 152 5670 1739 5749">
    <p class='ocr_par' dir='ltr' id='par_1_91' title="bbox 152 5670 1739 5749">
     <span class='ocr_line' id='line_1_91' title="bbox 152 5670 1739 5749; baseline -0.001 -16"><span class='ocrx_word' id='word_1_694' title='bbox 152 5697 250 5749; x_wconf 71' lang='grc' dir='ltr'><strong>μος</strong></span> <span class='ocrx_word' id='word_1_695' title='bbox 301 5678 455 5733; x_wconf 79' lang='grc' dir='ltr'><strong>ῦδατι</strong></span> <span class='ocrx_word' id='word_1_696' title='bbox 512 5675 763 5747; x_wconf 75' lang='grc' dir='ltr'><strong>βαπτίζει</strong></span> <span class='ocrx_word' id='word_1_697' title='bbox 811 5670 1004 5743; x_wconf 83' lang='grc' dir='ltr'><strong>γυμνῷ</strong></span> <span class='ocrx_word' id='word_1_698' title='bbox 1035 5672 1161 5734; x_wconf 78' lang='grc' dir='ltr'><strong>τοὺς</strong></span> <span class='ocrx_word' id='word_1_699' title='bbox 1211 5675 1676 5746; x_wconf 82' lang='grc' dir='ltr'><strong>μεμολυσμένους·</strong></span> <span class='ocrx_word' id='word_1_700' title='bbox 1710 5680 1739 5732; x_wconf 92' lang='lat'><strong>6</strong></span> 
     </span>
    </p>
   </div>
   <div class='ocr_carea' id='block_1_92' title="bbox 150 5762 1740 5842">
    <p class='ocr_par' dir='ltr' id='par_1_92' title="bbox 150 5762 1740 5842">
     <span class='ocr_line' id='line_1_92' title="bbox 150 5762 1740 5842; baseline -0.002 -18"><span class='ocrx_word' id='word_1_701' title='bbox 150 5770 358 5842; x_wconf 82' lang='grc' dir='ltr'><strong>Σωτὴρ,</strong></span> <span class='ocrx_word' id='word_1_702' title='bbox 405 5789 423 5821; x_wconf 78' lang='grc' dir='ltr'><strong>ι</strong></span> <span class='ocrx_word' id='word_1_703' title='bbox 467 5770 524 5822; x_wconf 79' lang='grc' dir='ltr'><strong>ἐν</strong></span> <span class='ocrx_word' id='word_1_704' title='bbox 556 5767 833 5837; x_wconf 81' lang='grc' dir='ltr'><strong>Πνεῦματι</strong></span> <span class='ocrx_word' id='word_1_705' title='bbox 895 5762 1036 5831; x_wconf 81' lang='grc' dir='ltr'><strong>ἁγίῳ</strong></span> <span class='ocrx_word' id='word_1_706' title='bbox 1081 5762 1177 5815; x_wconf 74' lang='grc' dir='ltr'><strong>καὶ</strong></span> <span class='ocrx_word' id='word_1_707' title='bbox 1213 5763 1367 5835; x_wconf 87' lang='grc' dir='ltr'><strong>πυρί.</strong></span> <span class='ocrx_word' id='word_1_708' title='bbox 1406 5784 1425 5817; x_wconf 68' lang='grc' dir='ltr'><strong>ι</strong></span> <span class='ocrx_word' id='word_1_709' title='bbox 1482 5766 1540 5821; x_wconf 81' lang='grc' dir='ltr'><strong>Ὀ</strong></span> <span class='ocrx_word' id='word_1_710' title='bbox 1577 5768 1740 5839; x_wconf 87' lang='grc' dir='ltr'><strong>νόμος</strong></span> 
     </span>
    </p>
   </div>
   <div class='ocr_carea' id='block_1_93' title="bbox 1845 3449 3428 3521">
    <p class='ocr_par' dir='ltr' id='par_1_93' title="bbox 1845 3449 3428 3521">
     <span class='ocr_line' id='line_1_93' title="bbox 1845 3449 3428 3521; baseline 0.001 -16"><span class='ocrx_word' id='word_1_711' title='bbox 1845 3450 2070 3521; x_wconf 88' lang='lat' dir='ltr'><strong>quidem</strong></span> <span class='ocrx_word' id='word_1_712' title='bbox 2093 3450 2378 3506; x_wconf 84' lang='lat' dir='ltr'><strong>damnavit</strong></span> <span class='ocrx_word' id='word_1_713' title='bbox 2407 3449 2675 3506; x_wconf 88' lang='lat' dir='ltr'><strong>mundum</strong></span> <span class='ocrx_word' id='word_1_714' title='bbox 2708 3450 3027 3521; x_wconf 91' lang='lat' dir='ltr'><strong>(conclusit</strong></span> <span class='ocrx_word' id='word_1_715' title='bbox 3076 3451 3225 3506; x_wconf 90' lang='lat' dir='ltr'><strong>enim</strong></span> <span class='ocrx_word' id='word_1_716' title='bbox 3283 3449 3428 3507; x_wconf 83' lang='lat' dir='ltr'><strong>Deus</strong></span> 
     </span>
    </p>
   </div>
   <div class='ocr_carea' id='block_1_94' title="bbox 1846 3540 3427 3613">
    <p class='ocr_par' dir='ltr' id='par_1_94' title="bbox 1846 3540 3427 3613">
     <span class='ocr_line' id='line_1_94' title="bbox 1846 3540 3427 3613; baseline -0.003 -16"><span class='ocrx_word' id='word_1_717' title='bbox 1846 3543 2031 3597; x_wconf 89' lang='lat' dir='ltr'><strong>omnia</strong></span> <span class='ocrx_word' id='word_1_718' title='bbox 2086 3557 2185 3613; x_wconf 89' lang='lat' dir='ltr'><strong>per</strong></span> <span class='ocrx_word' id='word_1_719' title='bbox 2237 3542 2415 3611; x_wconf 87' lang='lat' dir='ltr'><strong>ipsam</strong></span> <span class='ocrx_word' id='word_1_720' title='bbox 2470 3541 2575 3596; x_wconf 91' lang='lat' dir='ltr'><strong>sub</strong></span> <span class='ocrx_word' id='word_1_721' title='bbox 2608 3547 2862 3610; x_wconf 88' lang='lat' dir='ltr'><strong>peccato,</strong></span> <span class='ocrx_word' id='word_1_722' title='bbox 2889 3559 2908 3592; x_wconf 73' lang='grc' dir='ltr'><strong>ι</strong></span> <span class='ocrx_word' id='word_1_723' title='bbox 2946 3548 3005 3595; x_wconf 91' lang='lat' dir='ltr'><strong>ut</strong></span> <span class='ocrx_word' id='word_1_724' title='bbox 3039 3540 3237 3596; x_wconf 88' lang='lat' dir='ltr'><strong>scribit</strong></span> <span class='ocrx_word' id='word_1_725' title='bbox 3282 3540 3427 3594; x_wconf 82' lang='lat' dir='ltr'><strong>Pau-</strong></span> 
     </span>
    </p>
   </div>
   <div class='ocr_carea' id='block_1_95' title="bbox 1848 3631 3430 3704">
    <p class='ocr_par' dir='ltr' id='par_1_95' title="bbox 1848 3631 3430 3704">
     <span class='ocr_line' id='line_1_95' title="bbox 1848 3631 3430 3704; baseline -0.001 -15"><span class='ocrx_word' id='word_1_726' title='bbox 1848 3636 1931 3691; x_wconf 93' lang='lat' dir='ltr'><strong>lus</strong></span> <span class='ocrx_word' id='word_1_727' title='bbox 1967 3636 2036 3704; x_wconf 82' lang='grc'><strong>⁸⁸)</strong></span> <span class='ocrx_word' id='word_1_728' title='bbox 2065 3643 2119 3689; x_wconf 92' lang='lat' dir='ltr'><strong>et</strong></span> <span class='ocrx_word' id='word_1_729' title='bbox 2164 3648 2268 3688; x_wconf 92' lang='lat' dir='ltr'><strong>nos</strong></span> <span class='ocrx_word' id='word_1_730' title='bbox 2301 3646 2479 3703; x_wconf 65' lang='lat' dir='ltr'><strong>poena:</strong></span> <span class='ocrx_word' id='word_1_731' title='bbox 2513 3631 2784 3688; x_wconf 82' lang='lat' dir='ltr'><strong>obnoxios</strong></span> <span class='ocrx_word' id='word_1_732' title='bbox 2820 3646 2946 3687; x_wconf 86' lang='lat' dir='ltr'><strong>esse</strong></span> <span class='ocrx_word' id='word_1_733' title='bbox 2980 3632 3255 3700; x_wconf 85' lang='lat' dir='ltr'><strong>ostendit;</strong></span> <span class='ocrx_word' id='word_1_734' title='bbox 3305 3632 3430 3687; x_wconf 85' lang='lat' dir='ltr'><strong>Sal-</strong></span> 
     </span>
    </p>
   </div>
   <div class='ocr_carea' id='block_1_96' title="bbox 1848 3720 3423 3793">
    <p class='ocr_par' dir='ltr' id='par_1_96' title="bbox 1848 3720 3423 3793">
     <span class='ocr_line' id='line_1_96' title="bbox 1848 3720 3423 3793; baseline -0.004 -16"><span class='ocrx_word' id='word_1_735' title='bbox 1848 3732 2004 3778; x_wconf 84' lang='lat' dir='ltr'><strong>valor</strong></span> <span class='ocrx_word' id='word_1_736' title='bbox 2036 3734 2217 3779; x_wconf 89' lang='lat' dir='ltr'><strong>autem</strong></span> <span class='ocrx_word' id='word_1_737' title='bbox 2255 3723 2374 3793; x_wconf 88' lang='lat' dir='ltr'><strong>ipse</strong></span> <span class='ocrx_word' id='word_1_738' title='bbox 2405 3736 2507 3777; x_wconf 92' lang='lat' dir='ltr'><strong>nos</strong></span> <span class='ocrx_word' id='word_1_739' title='bbox 2556 3722 2742 3791; x_wconf 83' lang='lat' dir='ltr'><strong>potius</strong></span> <span class='ocrx_word' id='word_1_740' title='bbox 2789 3722 2986 3777; x_wconf 90' lang='lat' dir='ltr'><strong>liberat</strong></span> <span class='ocrx_word' id='word_1_741' title='bbox 3018 3739 3031 3776; x_wconf 89' lang='lat'><strong>:</strong></span> <span class='ocrx_word' id='word_1_742' title='bbox 3069 3740 3087 3773; x_wconf 71' lang='grc' dir='ltr'><strong>ι</strong></span> <span class='ocrx_word' id='word_1_743' title='bbox 3126 3720 3246 3777; x_wconf 87' lang='lat' dir='ltr'><strong>Non</strong></span> <span class='ocrx_word' id='word_1_744' title='bbox 3277 3722 3423 3778; x_wconf 85' lang='lat' dir='ltr'><strong>enim</strong></span> 
     </span>
    </p>
   </div>
   <div class='ocr_carea' id='block_1_97' title="bbox 1845 3811 3431 3882">
    <p class='ocr_par' dir='ltr' id='par_1_97' title="bbox 1845 3811 3431 3882">
     <span class='ocr_line' id='line_1_97' title="bbox 1845 3811 3431 3882; baseline 0.003 -17"><span class='ocrx_word' id='word_1_745' title='bbox 1845 3814 1995 3869; x_wconf 87' lang='lat' dir='ltr'><strong>venit</strong></span> <span class='ocrx_word' id='word_1_746' title='bbox 2023 3822 2083 3868; x_wconf 91' lang='lat' dir='ltr'><strong>ut</strong></span> <span class='ocrx_word' id='word_1_747' title='bbox 2111 3812 2325 3882; x_wconf 89' lang='lat' dir='ltr'><strong>judicet</strong></span> <span class='ocrx_word' id='word_1_748' title='bbox 2371 3811 2679 3878; x_wconf 89' lang='lat' dir='ltr'><strong>mundum,</strong></span> <span class='ocrx_word' id='word_1_749' title='bbox 2723 3811 2820 3867; x_wconf 89' lang='lat' dir='ltr'><strong>sed</strong></span> <span class='ocrx_word' id='word_1_750' title='bbox 2866 3822 2928 3866; x_wconf 90' lang='lat' dir='ltr'><strong>ut</strong></span> <span class='ocrx_word' id='word_1_751' title='bbox 2970 3814 3215 3868; x_wconf 88' lang='lat' dir='ltr'><strong>salvetur</strong></span> <span class='ocrx_word' id='word_1_752' title='bbox 3264 3829 3431 3870; x_wconf 57' lang='lat' dir='ltr'><strong>mun»</strong></span> 
     </span>
    </p>
   </div>
   <div class='ocr_carea' id='block_1_98' title="bbox 1845 3904 3427 3976">
    <p class='ocr_par' dir='ltr' id='par_1_98' title="bbox 1845 3904 3427 3976">
     <span class='ocr_line' id='line_1_98' title="bbox 1845 3904 3427 3976; baseline -0.002 -14"><span class='ocrx_word' id='word_1_753' title='bbox 1845 3907 1949 3963; x_wconf 90' lang='lat' dir='ltr'><strong>dus</strong></span> <span class='ocrx_word' id='word_1_754' title='bbox 1968 3906 2036 3960; x_wconf 71' lang='lat'><strong>&quot;.</strong></span> <span class='ocrx_word' id='word_1_755' title='bbox 2072 3925 2090 3959; x_wconf 74' lang='grc' dir='ltr'><strong>ι</strong></span> <span class='ocrx_word' id='word_1_756' title='bbox 2145 3904 2356 3961; x_wconf 89' lang='lat' dir='ltr'><strong>Deinde</strong></span> <span class='ocrx_word' id='word_1_757' title='bbox 2403 3904 2490 3959; x_wconf 81' lang='lat' dir='ltr'><strong>lex</strong></span> <span class='ocrx_word' id='word_1_758' title='bbox 2546 3904 2779 3976; x_wconf 89' lang='lat' dir='ltr'><strong>gratiam</strong></span> <span class='ocrx_word' id='word_1_759' title='bbox 2834 3919 3055 3976; x_wconf 90' lang='lat' dir='ltr'><strong>quoque</strong></span> <span class='ocrx_word' id='word_1_760' title='bbox 3108 3905 3427 3962; x_wconf 87' lang='lat' dir='ltr'><strong>hominibus</strong></span> 
     </span>
    </p>
   </div>
   <div class='ocr_carea' id='block_1_99' title="bbox 1844 3996 3429 4068">
    <p class='ocr_par' dir='ltr' id='par_1_99' title="bbox 1844 3996 3429 4068">
     <span class='ocr_line' id='line_1_99' title="bbox 1844 3996 3429 4068; baseline 0.001 -16"><span class='ocrx_word' id='word_1_761' title='bbox 1844 3999 2047 4066; x_wconf 88' lang='lat' dir='ltr'><strong>dabat,</strong></span> <span class='ocrx_word' id='word_1_762' title='bbox 2084 3998 2155 4053; x_wconf 90' lang='lat' dir='ltr'><strong>.ad</strong></span> <span class='ocrx_word' id='word_1_763' title='bbox 2191 3997 2532 4068; x_wconf 89' lang='lat' dir='ltr'><strong>agnitionem</strong></span> <span class='ocrx_word' id='word_1_764' title='bbox 2578 3996 2676 4053; x_wconf 87' lang='lat' dir='ltr'><strong>Dei</strong></span> <span class='ocrx_word' id='word_1_765' title='bbox 2720 3996 2913 4067; x_wconf 85' lang='lat' dir='ltr'><strong>utique</strong></span> <span class='ocrx_word' id='word_1_766' title='bbox 2941 3998 3067 4053; x_wconf 92' lang='lat' dir='ltr'><strong>illos</strong></span> <span class='ocrx_word' id='word_1_767' title='bbox 3096 4012 3335 4063; x_wconf 86' lang='lat' dir='ltr'><strong>vocans,</strong></span> <span class='ocrx_word' id='word_1_768' title='bbox 3371 4005 3429 4054; x_wconf 88' lang='lat' dir='ltr'><strong>et</strong></span> 
     </span>
    </p>
   </div>
   <div class='ocr_carea' id='block_1_100' title="bbox 1843 4088 3427 4160">
    <p class='ocr_par' dir='ltr' id='par_1_100' title="bbox 1843 4088 3427 4160">
     <span class='ocr_line' id='line_1_100' title="bbox 1843 4088 3427 4160; baseline -0.003 -13"><span class='ocrx_word' id='word_1_769' title='bbox 1843 4092 1912 4147; x_wconf 92' lang='lat' dir='ltr'><strong>ab</strong></span> <span class='ocrx_word' id='word_1_770' title='bbox 1946 4091 2226 4147; x_wconf 87' lang='lat' dir='ltr'><strong>idolorum</strong></span> <span class='ocrx_word' id='word_1_771' title='bbox 2259 4088 2413 4144; x_wconf 90' lang='lat' dir='ltr'><strong>cultu</strong></span> <span class='ocrx_word' id='word_1_772' title='bbox 2452 4097 2705 4144; x_wconf 84' lang='lat' dir='ltr'><strong>errantes</strong></span> <span class='ocrx_word' id='word_1_773' title='bbox 2740 4088 3019 4155; x_wconf 86' lang='lat' dir='ltr'><strong>educens,</strong></span> <span class='ocrx_word' id='word_1_774' title='bbox 3055 4097 3108 4144; x_wconf 91' lang='lat' dir='ltr'><strong>et</strong></span> <span class='ocrx_word' id='word_1_775' title='bbox 3134 4088 3267 4159; x_wconf 88' lang='lat' dir='ltr'><strong>quid</strong></span> <span class='ocrx_word' id='word_1_776' title='bbox 3300 4104 3427 4160; x_wconf 84' lang='lat' dir='ltr'><strong>pra-</strong></span> 
     </span>
    </p>
   </div>
   <div class='ocr_carea' id='block_1_101' title="bbox 1842 4180 3423 4255">
    <p class='ocr_par' dir='ltr' id='par_1_101' title="bbox 1842 4180 3423 4255">
     <span class='ocr_line' id='line_1_101' title="bbox 1842 4180 3423 4255; baseline -0.001 -17"><span class='ocrx_word' id='word_1_777' title='bbox 1842 4198 1969 4239; x_wconf 89' lang='lat' dir='ltr'><strong>vum</strong></span> <span class='ocrx_word' id='word_1_778' title='bbox 2004 4183 2209 4255; x_wconf 84' lang='lat' dir='ltr'><strong>quidve</strong></span> <span class='ocrx_word' id='word_1_779' title='bbox 2234 4182 2440 4237; x_wconf 86' lang='lat' dir='ltr'><strong>bonum</strong></span> <span class='ocrx_word' id='word_1_780' title='bbox 2470 4187 2622 4237; x_wconf 88' lang='lat' dir='ltr'><strong>esset</strong></span> <span class='ocrx_word' id='word_1_781' title='bbox 2651 4180 2915 4245; x_wconf 85' lang='lat' dir='ltr'><strong>edocens,</strong></span> <span class='ocrx_word' id='word_1_782' title='bbox 2948 4181 2994 4235; x_wconf 90' lang='lat' dir='ltr'><strong>si</strong></span> <span class='ocrx_word' id='word_1_783' title='bbox 3028 4195 3133 4234; x_wconf 87' lang='lat' dir='ltr'><strong>non</strong></span> <span class='ocrx_word' id='word_1_784' title='bbox 3160 4182 3423 4250; x_wconf 87' lang='lat' dir='ltr'><strong>perfecte,</strong></span> 
     </span>
    </p>
   </div>
   <div class='ocr_carea' id='block_1_102' title="bbox 1843 4272 3425 4350">
    <p class='ocr_par' dir='ltr' id='par_1_102' title="bbox 1843 4272 3425 4350">
     <span class='ocr_line' id='line_1_102' title="bbox 1843 4272 3425 4350; baseline -0.001 -19"><span class='ocrx_word' id='word_1_785' title='bbox 1843 4286 1899 4332; x_wconf 88' lang='lat' dir='ltr'><strong>at</strong></span> <span class='ocrx_word' id='word_1_786' title='bbox 1932 4275 2213 4350; x_wconf 65' lang='lat' dir='ltr'><strong>paedagogi</strong></span> <span class='ocrx_word' id='word_1_787' title='bbox 2252 4289 2430 4339; x_wconf 88' lang='lat' dir='ltr'><strong>more,</strong></span> <span class='ocrx_word' id='word_1_788' title='bbox 2455 4283 2511 4329; x_wconf 91' lang='lat' dir='ltr'><strong>et</strong></span> <span class='ocrx_word' id='word_1_789' title='bbox 2542 4288 2669 4328; x_wconf 90' lang='lat' dir='ltr'><strong>cum</strong></span> <span class='ocrx_word' id='word_1_790' title='bbox 2704 4273 2912 4328; x_wconf 88' lang='lat' dir='ltr'><strong>fructu.</strong></span> <span class='ocrx_word' id='word_1_791' title='bbox 2974 4272 3192 4327; x_wconf 80' lang='lat' dir='ltr'><strong>Veritas</strong></span> <span class='ocrx_word' id='word_1_792' title='bbox 3213 4282 3267 4329; x_wconf 90' lang='lat' dir='ltr'><strong>et</strong></span> <span class='ocrx_word' id='word_1_793' title='bbox 3296 4289 3425 4344; x_wconf 87' lang='lat' dir='ltr'><strong>gra-</strong></span> 
     </span>
    </p>
   </div>
   <div class='ocr_carea' id='block_1_103' title="bbox 1841 4361 3428 4437">
    <p class='ocr_par' dir='ltr' id='par_1_103' title="bbox 1841 4361 3428 4437">
     <span class='ocr_line' id='line_1_103' title="bbox 1841 4361 3428 4437; baseline -0.002 -14"><span class='ocrx_word' id='word_1_794' title='bbox 1841 4369 1919 4423; x_wconf 90' lang='lat' dir='ltr'><strong>tia</strong></span> <span class='ocrx_word' id='word_1_795' title='bbox 1971 4382 2071 4437; x_wconf 89' lang='lat' dir='ltr'><strong>per</strong></span> <span class='ocrx_word' id='word_1_796' title='bbox 2124 4364 2484 4434; x_wconf 88' lang='lat' dir='ltr'><strong>Unigenitum</strong></span> <span class='ocrx_word' id='word_1_797' title='bbox 2539 4376 2652 4415; x_wconf 92' lang='lat' dir='ltr'><strong>non</strong></span> <span class='ocrx_word' id='word_1_798' title='bbox 2698 4362 2759 4415; x_wconf 89' lang='lat' dir='ltr'><strong>in</strong></span> <span class='ocrx_word' id='word_1_799' title='bbox 2815 4361 2958 4432; x_wconf 84' lang='lat' dir='ltr'><strong>typis</strong></span> <span class='ocrx_word' id='word_1_800' title='bbox 2996 4362 3202 4417; x_wconf 92' lang='lat' dir='ltr'><strong>bonum</strong></span> <span class='ocrx_word' id='word_1_801' title='bbox 3264 4364 3428 4420; x_wconf 86' lang='lat' dir='ltr'><strong>nobis</strong></span> 
     </span>
    </p>
   </div>
   <div class='ocr_carea' id='block_1_104' title="bbox 1841 4450 3428 4531">
    <p class='ocr_par' dir='ltr' id='par_1_104' title="bbox 1841 4450 3428 4531">
     <span class='ocr_line' id='line_1_104' title="bbox 1841 4450 3428 4531; baseline -0.003 -18"><span class='ocrx_word' id='word_1_802' title='bbox 1841 4457 2138 4531; x_wconf 91' lang='lat' dir='ltr'><strong>proponit,</strong></span> <span class='ocrx_word' id='word_1_803' title='bbox 2190 4468 2371 4523; x_wconf 89' lang='lat' dir='ltr'><strong>neque</strong></span> <span class='ocrx_word' id='word_1_804' title='bbox 2421 4466 2518 4521; x_wconf 87' lang='lat' dir='ltr'><strong>per</strong></span> <span class='ocrx_word' id='word_1_805' title='bbox 2566 4450 2816 4504; x_wconf 86' lang='lat' dir='ltr'><strong>umbram</strong></span> <span class='ocrx_word' id='word_1_806' title='bbox 2853 4465 2943 4505; x_wconf 89' lang='lat' dir='ltr'><strong>res</strong></span> <span class='ocrx_word' id='word_1_807' title='bbox 2984 4450 3236 4507; x_wconf 86' lang='lat' dir='ltr'><strong>salubres</strong></span> <span class='ocrx_word' id='word_1_808' title='bbox 3264 4453 3428 4509; x_wconf 90' lang='lat' dir='ltr'><strong>nobis</strong></span> 
     </span>
    </p>
   </div>
   <div class='ocr_carea' id='block_1_105' title="bbox 1844 4542 3426 4620">
    <p class='ocr_par' dir='ltr' id='par_1_105' title="bbox 1844 4542 3426 4620">
     <span class='ocr_line' id='line_1_105' title="bbox 1844 4542 3426 4620; baseline -0.002 -16"><span class='ocrx_word' id='word_1_809' title='bbox 1844 4548 2143 4620; x_wconf 88' lang='lat' dir='ltr'><strong>imprimit,</strong></span> <span class='ocrx_word' id='word_1_810' title='bbox 2192 4544 2289 4601; x_wconf 91' lang='lat' dir='ltr'><strong>sed</strong></span> <span class='ocrx_word' id='word_1_811' title='bbox 2342 4543 2511 4598; x_wconf 88' lang='lat' dir='ltr'><strong>claris</strong></span> <span class='ocrx_word' id='word_1_812' title='bbox 2552 4542 2869 4612; x_wconf 85' lang='lat' dir='ltr'><strong>apertisque</strong></span> <span class='ocrx_word' id='word_1_813' title='bbox 2921 4542 3234 4612; x_wconf 82' lang='lat' dir='ltr'><strong>praeceptis,</strong></span> <span class='ocrx_word' id='word_1_814' title='bbox 3274 4554 3329 4602; x_wconf 89' lang='lat' dir='ltr'><strong>et</strong></span> <span class='ocrx_word' id='word_1_815' title='bbox 3357 4546 3426 4601; x_wconf 91' lang='lat' dir='ltr'><strong>ad</strong></span> 
     </span>
    </p>
   </div>
   <div class='ocr_carea' id='block_1_106' title="bbox 1846 4630 3425 4711">
    <p class='ocr_par' dir='ltr' id='par_1_106' title="bbox 1846 4630 3425 4711">
     <span class='ocr_line' id='line_1_106' title="bbox 1846 4630 3425 4711; baseline -0.001 -18"><span class='ocrx_word' id='word_1_816' title='bbox 1846 4637 2142 4711; x_wconf 88' lang='lat' dir='ltr'><strong>perfectam</strong></span> <span class='ocrx_word' id='word_1_817' title='bbox 2177 4633 2301 4689; x_wconf 87' lang='lat' dir='ltr'><strong>fidei</strong></span> <span class='ocrx_word' id='word_1_818' title='bbox 2335 4630 2710 4702; x_wconf 87' lang='lat' dir='ltr'><strong>cognitionem</strong></span> <span class='ocrx_word' id='word_1_819' title='bbox 2741 4630 2983 4686; x_wconf 89' lang='lat' dir='ltr'><strong>deducit.</strong></span> <span class='ocrx_word' id='word_1_820' title='bbox 3013 4630 3123 4687; x_wconf 77' lang='lat' dir='ltr'><strong>Lex</strong></span> <span class='ocrx_word' id='word_1_821' title='bbox 3168 4635 3425 4705; x_wconf 87' lang='lat' dir='ltr'><strong>spiritum</strong></span> 
     </span>
    </p>
   </div>
   <div class='ocr_carea' id='block_1_107' title="bbox 1845 4722 3426 4798">
    <p class='ocr_par' dir='ltr' id='par_1_107' title="bbox 1845 4722 3426 4798">
     <span class='ocr_line' id='line_1_107' title="bbox 1845 4722 3426 4798; baseline -0.003 -11"><span class='ocrx_word' id='word_1_822' title='bbox 1845 4728 2131 4787; x_wconf 83' lang='lat' dir='ltr'><strong>servitutis</strong></span> <span class='ocrx_word' id='word_1_823' title='bbox 2153 4726 2324 4781; x_wconf 91' lang='lat' dir='ltr'><strong>dabat</strong></span> <span class='ocrx_word' id='word_1_824' title='bbox 2345 4723 2413 4778; x_wconf 90' lang='lat' dir='ltr'><strong>ad</strong></span> <span class='ocrx_word' id='word_1_825' title='bbox 2437 4722 2811 4778; x_wconf 87' lang='lat' dir='ltr'><strong>formidinem.</strong></span> <span class='ocrx_word' id='word_1_826' title='bbox 2832 4724 3093 4780; x_wconf 85' lang='lat' dir='ltr'><strong>Christus</strong></span> <span class='ocrx_word' id='word_1_827' title='bbox 3129 4741 3264 4782; x_wconf 91' lang='lat' dir='ltr'><strong>vero</strong></span> <span class='ocrx_word' id='word_1_828' title='bbox 3309 4729 3426 4798; x_wconf 89' lang='lat' dir='ltr'><strong>spi-</strong></span> 
     </span>
    </p>
   </div>
   <div class='ocr_carea' id='block_1_108' title="bbox 1844 4816 3471 4897">
    <p class='ocr_par' dir='ltr' id='par_1_108' title="bbox 1844 4816 3471 4897">
     <span class='ocr_line' id='line_1_108' title="bbox 1844 4816 3471 4897; baseline -0.004 -18"><span class='ocrx_word' id='word_1_829' title='bbox 1844 4824 2009 4879; x_wconf 92' lang='lat' dir='ltr'><strong>ritum</strong></span> <span class='ocrx_word' id='word_1_830' title='bbox 2074 4818 2388 4891; x_wconf 87' lang='lat' dir='ltr'><strong>adoptionis</strong></span> <span class='ocrx_word' id='word_1_831' title='bbox 2446 4818 2683 4873; x_wconf 83' lang='lat' dir='ltr'><strong>liliorum</strong></span> <span class='ocrx_word' id='word_1_832' title='bbox 2740 4816 2796 4870; x_wconf 92' lang='lat' dir='ltr'><strong>in</strong></span> <span class='ocrx_word' id='word_1_833' title='bbox 2864 4816 3171 4871; x_wconf 79' lang='lat' dir='ltr'><strong>libertatem</strong></span> <span class='ocrx_word' id='word_1_834' title='bbox 3190 4818 3259 4873; x_wconf 82' lang='lat'><strong>“’.</strong></span> <span class='ocrx_word' id='word_1_835' title='bbox 3314 4818 3471 4897; x_wconf 28' lang='lat' dir='ltr'><strong>Lex.</strong></span> 
     </span>
    </p>
   </div>
   <div class='ocr_carea' id='block_1_109' title="bbox 1844 4909 3427 4980">
    <p class='ocr_par' dir='ltr' id='par_1_109' title="bbox 1844 4909 3427 4980">
     <span class='ocr_line' id='line_1_109' title="bbox 1844 4909 3427 4980; baseline -0.005 -8"><span class='ocrx_word' id='word_1_836' title='bbox 1844 4914 2333 4973; x_wconf 86' lang='lat' dir='ltr'><strong>circumcisionem</strong></span> <span class='ocrx_word' id='word_1_837' title='bbox 2412 4911 2600 4966; x_wconf 89' lang='lat' dir='ltr'><strong>carnis</strong></span> <span class='ocrx_word' id='word_1_838' title='bbox 2653 4924 2775 4980; x_wconf 68' lang='lat' dir='ltr'><strong>qua:</strong></span> <span class='ocrx_word' id='word_1_839' title='bbox 2834 4909 2970 4963; x_wconf 88' lang='lat' dir='ltr'><strong>nihil</strong></span> <span class='ocrx_word' id='word_1_840' title='bbox 3033 4917 3147 4972; x_wconf 89' lang='lat' dir='ltr'><strong>est,</strong></span> <span class='ocrx_word' id='word_1_841' title='bbox 3209 4909 3427 4964; x_wconf 90' lang='lat' dir='ltr'><strong>inducit</strong></span> 
     </span>
    </p>
   </div>
   <div class='ocr_carea' id='block_1_110' title="bbox 1843 5000 3420 5080">
    <p class='ocr_par' dir='ltr' id='par_1_110' title="bbox 1843 5000 3420 5080">
     <span class='ocr_line' id='line_1_110' title="bbox 1843 5000 3420 5080; baseline -0.007 -15"><span class='ocrx_word' id='word_1_842' title='bbox 1843 5007 2233 5080; x_wconf 89' lang='lat' dir='ltr'><strong>(circumcisio</strong></span> <span class='ocrx_word' id='word_1_843' title='bbox 2260 5005 2407 5060; x_wconf 90' lang='lat' dir='ltr'><strong>enim</strong></span> <span class='ocrx_word' id='word_1_844' title='bbox 2432 5002 2570 5058; x_wconf 89' lang='lat' dir='ltr'><strong>nihil</strong></span> <span class='ocrx_word' id='word_1_845' title='bbox 2599 5009 2719 5065; x_wconf 89' lang='lat' dir='ltr'><strong>est,</strong></span> <span class='ocrx_word' id='word_1_846' title='bbox 2745 5009 2805 5055; x_wconf 92' lang='lat' dir='ltr'><strong>ut</strong></span> <span class='ocrx_word' id='word_1_847' title='bbox 2832 5000 3035 5056; x_wconf 88' lang='lat' dir='ltr'><strong>alicubi</strong></span> <span class='ocrx_word' id='word_1_848' title='bbox 3065 5000 3264 5055; x_wconf 87' lang='lat' dir='ltr'><strong>scribit</strong></span> <span class='ocrx_word' id='word_1_849' title='bbox 3284 5002 3420 5055; x_wconf 83' lang='lat' dir='ltr'><strong>Pau-</strong></span> 
     </span>
    </p>
   </div>
   <div class='ocr_carea' id='block_1_111' title="bbox 1844 5092 3428 5169">
    <p class='ocr_par' dir='ltr' id='par_1_111' title="bbox 1844 5092 3428 5169">
     <span class='ocr_line' id='line_1_111' title="bbox 1844 5092 3428 5169; baseline -0.008 -12"><span class='ocrx_word' id='word_1_850' title='bbox 1844 5104 1932 5158; x_wconf 87' lang='lat' dir='ltr'><strong>lus</strong></span> <span class='ocrx_word' id='word_1_851' title='bbox 1957 5100 2003 5133; x_wconf 81' lang='grc'><strong>⁸⁸</strong></span> <span class='ocrx_word' id='word_1_852' title='bbox 2022 5103 2062 5169; x_wconf 88' lang='grc'><strong>).</strong></span> <span class='ocrx_word' id='word_1_853' title='bbox 2091 5098 2357 5153; x_wconf 91' lang='lat' dir='ltr'><strong>Dominus</strong></span> <span class='ocrx_word' id='word_1_854' title='bbox 2379 5103 2561 5150; x_wconf 91' lang='lat' dir='ltr'><strong>autem</strong></span> <span class='ocrx_word' id='word_1_855' title='bbox 2600 5104 2788 5150; x_wconf 83' lang='lat' dir='ltr'><strong>noster</strong></span> <span class='ocrx_word' id='word_1_856' title='bbox 2824 5092 2986 5149; x_wconf 82' lang='lat' dir='ltr'><strong>Jesus</strong></span> <span class='ocrx_word' id='word_1_857' title='bbox 3014 5092 3273 5148; x_wconf 89' lang='lat' dir='ltr'><strong>Christus</strong></span> <span class='ocrx_word' id='word_1_858' title='bbox 3311 5095 3428 5164; x_wconf 84' lang='lat' dir='ltr'><strong>spi-</strong></span> 
     </span>
    </p>
   </div>
   <div class='ocr_carea' id='block_1_112' title="bbox 1844 5184 3424 5256">
    <p class='ocr_par' dir='ltr' id='par_1_112' title="bbox 1844 5184 3424 5256">
     <span class='ocr_line' id='line_1_112' title="bbox 1844 5184 3424 5256; baseline -0.006 -6"><span class='ocrx_word' id='word_1_859' title='bbox 1844 5197 1987 5250; x_wconf 86' lang='lat' dir='ltr'><strong>ritus</strong></span> <span class='ocrx_word' id='word_1_860' title='bbox 2014 5204 2069 5249; x_wconf 89' lang='lat' dir='ltr'><strong>et</strong></span> <span class='ocrx_word' id='word_1_861' title='bbox 2096 5191 2284 5246; x_wconf 88' lang='lat' dir='ltr'><strong>cordis</strong></span> <span class='ocrx_word' id='word_1_862' title='bbox 2309 5186 2797 5242; x_wconf 88' lang='lat' dir='ltr'><strong>circumcisionem</strong></span> <span class='ocrx_word' id='word_1_863' title='bbox 2824 5200 2922 5256; x_wconf 88' lang='lat' dir='ltr'><strong>per</strong></span> <span class='ocrx_word' id='word_1_864' title='bbox 2948 5184 3108 5238; x_wconf 81' lang='lat' dir='ltr'><strong>fidem</strong></span> <span class='ocrx_word' id='word_1_865' title='bbox 3139 5185 3424 5241; x_wconf 90' lang='lat' dir='ltr'><strong>conciliat.</strong></span> 
     </span>
    </p>
   </div>
   <div class='ocr_carea' id='block_1_113' title="bbox 1843 5274 3423 5355">
    <p class='ocr_par' dir='ltr' id='par_1_113' title="bbox 1843 5274 3423 5355">
     <span class='ocr_line' id='line_1_113' title="bbox 1843 5274 3423 5355; baseline -0.006 -12"><span class='ocrx_word' id='word_1_866' title='bbox 1843 5289 1955 5343; x_wconf 78' lang='lat' dir='ltr'><strong>Lex</strong></span> <span class='ocrx_word' id='word_1_867' title='bbox 1996 5299 2138 5355; x_wconf 90' lang='lat' dir='ltr'><strong>aqua</strong></span> <span class='ocrx_word' id='word_1_868' title='bbox 2169 5283 2286 5337; x_wconf 91' lang='lat' dir='ltr'><strong>sola</strong></span> <span class='ocrx_word' id='word_1_869' title='bbox 2312 5279 2560 5350; x_wconf 87' lang='lat' dir='ltr'><strong>baptizat</strong></span> <span class='ocrx_word' id='word_1_870' title='bbox 2588 5278 2912 5351; x_wconf 87' lang='lat' dir='ltr'><strong>inquinatos</strong></span> <span class='ocrx_word' id='word_1_871' title='bbox 2942 5292 2957 5330; x_wconf 90' lang='lat'><strong>:</strong></span> <span class='ocrx_word' id='word_1_872' title='bbox 3000 5274 3279 5346; x_wconf 88' lang='lat' dir='ltr'><strong>Salvator,</strong></span> <span class='ocrx_word' id='word_1_873' title='bbox 3312 5298 3333 5332; x_wconf 73' lang='grc' dir='ltr'><strong>ι</strong></span> <span class='ocrx_word' id='word_1_874' title='bbox 3370 5280 3423 5333; x_wconf 92' lang='lat' dir='ltr'><strong>in</strong></span> 
     </span>
    </p>
   </div>
   <div class='ocr_carea' id='block_1_114' title="bbox 1847 5370 3425 5449">
    <p class='ocr_par' dir='ltr' id='par_1_114' title="bbox 1847 5370 3425 5449">
     <span class='ocr_line' id='line_1_114' title="bbox 1847 5370 3425 5449; baseline -0.006 -15"><span class='ocrx_word' id='word_1_875' title='bbox 1847 5378 2053 5449; x_wconf 88' lang='lat' dir='ltr'><strong>Spiritu</strong></span> <span class='ocrx_word' id='word_1_876' title='bbox 2101 5383 2293 5432; x_wconf 92' lang='lat' dir='ltr'><strong>sancto</strong></span> <span class='ocrx_word' id='word_1_877' title='bbox 2322 5383 2377 5429; x_wconf 90' lang='lat' dir='ltr'><strong>et</strong></span> <span class='ocrx_word' id='word_1_878' title='bbox 2406 5375 2531 5445; x_wconf 89' lang='lat' dir='ltr'><strong>igne</strong></span> <span class='ocrx_word' id='word_1_879' title='bbox 2558 5374 2627 5426; x_wconf 79' lang='lat'><strong>&quot;.</strong></span> <span class='ocrx_word' id='word_1_880' title='bbox 2658 5392 2678 5424; x_wconf 74' lang='grc' dir='ltr'><strong>ι</strong></span> <span class='ocrx_word' id='word_1_881' title='bbox 2717 5370 2827 5425; x_wconf 80' lang='lat' dir='ltr'><strong>Lex</strong></span> <span class='ocrx_word' id='word_1_882' title='bbox 2860 5370 2917 5424; x_wconf 92' lang='lat' dir='ltr'><strong>in</strong></span> <span class='ocrx_word' id='word_1_883' title='bbox 2946 5371 3228 5441; x_wconf 79' lang='lat' dir='ltr'><strong>exemplar</strong></span> <span class='ocrx_word' id='word_1_884' title='bbox 3266 5388 3425 5428; x_wconf 86' lang='lat' dir='ltr'><strong>vern-</strong></span> 
     </span>
    </p>
   </div>
   <div class='ocr_carea' id='block_1_115' title="bbox 1843 5459 3421 5535">
    <p class='ocr_par' dir='ltr' id='par_1_115' title="bbox 1843 5459 3421 5535">
     <span class='ocr_line' id='line_1_115' title="bbox 1843 5459 3421 5535; baseline -0.004 -10"><span class='ocrx_word' id='word_1_885' title='bbox 1843 5485 1967 5526; x_wconf 92' lang='lat' dir='ltr'><strong>rum</strong></span> <span class='ocrx_word' id='word_1_886' title='bbox 2020 5466 2437 5523; x_wconf 78' lang='lat' dir='ltr'><strong>tabernaculum</strong></span> <span class='ocrx_word' id='word_1_887' title='bbox 2491 5461 2752 5535; x_wconf 91' lang='lat' dir='ltr'><strong>proponit</strong></span> <span class='ocrx_word' id='word_1_888' title='bbox 2789 5477 2802 5513; x_wconf 88' lang='lat'>:</span> <span class='ocrx_word' id='word_1_889' title='bbox 2843 5459 3096 5515; x_wconf 88' lang='lat' dir='ltr'><strong>Salvator</strong></span> <span class='ocrx_word' id='word_1_890' title='bbox 3137 5462 3192 5516; x_wconf 93' lang='lat' dir='ltr'><strong>in</strong></span> <span class='ocrx_word' id='word_1_891' title='bbox 3243 5462 3421 5533; x_wconf 87' lang='lat' dir='ltr'><strong>ipsum</strong></span> 
     </span>
    </p>
   </div>
   <div class='ocr_carea' id='block_1_116' title="bbox 1844 5554 3429 5621">
    <p class='ocr_par' dir='ltr' id='par_1_116' title="bbox 1844 5554 3429 5621">
     <span class='ocr_line' id='line_1_116' title="bbox 1844 5554 3429 5621; baseline -0.006 -1"><span class='ocrx_word' id='word_1_892' title='bbox 1844 5565 2046 5620; x_wconf 73' lang='lat' dir='ltr'><strong>cmlum</strong></span> <span class='ocrx_word' id='word_1_893' title='bbox 2087 5560 2389 5621; x_wconf 84' lang='lat' dir='ltr'><strong>transfert,</strong></span> <span class='ocrx_word' id='word_1_894' title='bbox 2439 5558 2580 5613; x_wconf 82' lang='lat' dir='ltr'><strong>etin</strong></span> <span class='ocrx_word' id='word_1_895' title='bbox 2629 5555 2814 5610; x_wconf 85' lang='lat' dir='ltr'><strong>verius</strong></span> <span class='ocrx_word' id='word_1_896' title='bbox 2867 5554 3283 5611; x_wconf 84' lang='lat' dir='ltr'><strong>tabernaculum</strong></span> <span class='ocrx_word' id='word_1_897' title='bbox 3342 5562 3429 5612; x_wconf 63' lang='grc' dir='ltr'><strong>ίιις</strong></span> 
     </span>
    </p>
   </div>
   <div class='ocr_carea' id='block_1_117' title="bbox 1844 5646 3421 5723">
    <p class='ocr_par' dir='ltr' id='par_1_117' title="bbox 1844 5646 3421 5723">
     <span class='ocr_line' id='line_1_117' title="bbox 1844 5646 3421 5723; baseline -0.005 -15"><span class='ocrx_word' id='word_1_898' title='bbox 1844 5653 2119 5719; x_wconf 81' lang='lat' dir='ltr'><strong>traducit,</strong></span> <span class='ocrx_word' id='word_1_899' title='bbox 2176 5649 2327 5723; x_wconf 87' lang='lat' dir='ltr'><strong>quod</strong></span> <span class='ocrx_word' id='word_1_900' title='bbox 2378 5646 2573 5703; x_wconf 89' lang='lat' dir='ltr'><strong>statuit</strong></span> <span class='ocrx_word' id='word_1_901' title='bbox 2634 5646 2927 5713; x_wconf 88' lang='lat' dir='ltr'><strong>Dominus,</strong></span> <span class='ocrx_word' id='word_1_902' title='bbox 2987 5660 3095 5699; x_wconf 93' lang='lat' dir='ltr'><strong>non</strong></span> <span class='ocrx_word' id='word_1_903' title='bbox 3157 5646 3324 5701; x_wconf 91' lang='lat' dir='ltr'><strong>homo</strong></span> <span class='ocrx_word' id='word_1_904' title='bbox 3354 5650 3421 5705; x_wconf 78' lang='lat'><strong>’°.</strong></span> 
     </span>
    </p>
   </div>
   <div class='ocr_carea' id='block_1_118' title="bbox 1847 5739 3426 5812">
    <p class='ocr_par' dir='ltr' id='par_1_118' title="bbox 1847 5739 3426 5812">
     <span class='ocr_line' id='line_1_118' title="bbox 1847 5739 3426 5812; baseline -0.005 -11"><span class='ocrx_word' id='word_1_905' title='bbox 1847 5745 2061 5812; x_wconf 85' lang='lat' dir='ltr'><strong>Quibus</strong></span> <span class='ocrx_word' id='word_1_906' title='bbox 2094 5743 2355 5799; x_wconf 91' lang='lat' dir='ltr'><strong>omnibus</strong></span> <span class='ocrx_word' id='word_1_907' title='bbox 2382 5739 2685 5811; x_wconf 90' lang='lat' dir='ltr'><strong>probandis</strong></span> <span class='ocrx_word' id='word_1_908' title='bbox 2711 5739 2933 5795; x_wconf 75' lang='lat' dir='ltr'><strong>difﬁcile</strong></span> <span class='ocrx_word' id='word_1_909' title='bbox 2960 5755 3069 5795; x_wconf 89' lang='lat' dir='ltr'><strong>non</strong></span> <span class='ocrx_word' id='word_1_910' title='bbox 3095 5747 3240 5798; x_wconf 86' lang='lat' dir='ltr'><strong>esset</strong></span> <span class='ocrx_word' id='word_1_911' title='bbox 3272 5755 3426 5794; x_wconf 77' lang='lat' dir='ltr'><strong>com-</strong></span> 
     </span>
    </p>
   </div>
   <div class='ocr_carea' id='block_1_119' title="bbox 223 5876 3426 5953">
    <p class='ocr_par' dir='ltr' id='par_1_119' title="bbox 223 5876 3426 5953">
     <span class='ocr_line' id='line_1_119' title="bbox 223 5876 3426 5953; baseline 0 -14"><span class='ocrx_word' id='word_1_912' title='bbox 223 5884 269 5915; x_wconf 81' lang='lat'>&quot;</span> <span class='ocrx_word' id='word_1_913' title='bbox 312 5883 479 5938; x_wconf 79' lang='lat' dir='ltr'><strong>Hebr.</strong></span> <span class='ocrx_word' id='word_1_914' title='bbox 534 5900 613 5946; x_wconf 80' lang='lat' dir='ltr'><strong>xi.</strong></span> <span class='ocrx_word' id='word_1_915' title='bbox 666 5883 738 5948; x_wconf 86' lang='lat'><strong>7;</strong></span> <span class='ocrx_word' id='word_1_916' title='bbox 777 5878 974 5953; x_wconf 75' lang='lat' dir='ltr'><strong>Gnlat._</strong></span> <span class='ocrx_word' id='word_1_917' title='bbox 1005 5890 1088 5943; x_wconf 83' lang='lat' dir='ltr'><strong>tu,</strong></span> <span class='ocrx_word' id='word_1_918' title='bbox 1130 5876 1218 5931; x_wconf 73' lang='lat'><strong>29..</strong></span> <span class='ocrx_word' id='word_1_919' title='bbox 1300 5880 1518 5941; x_wconf 78' lang='lat' dir='ltr'><strong>“Joan.</strong></span> <span class='ocrx_word' id='word_1_920' title='bbox 1547 5902 1626 5953; x_wconf 83' lang='grc' dir='ltr'><strong>ιιι,</strong></span> <span class='ocrx_word' id='word_1_921' title='bbox 1655 5887 1739 5943; x_wconf 88' lang='lat' dir='ltr'><strong>l7.</strong></span> <span class='ocrx_word' id='word_1_922' title='bbox 1826 5890 1868 5920; x_wconf 76' lang='grc'><strong>⁸⁷</strong></span> <span class='ocrx_word' id='word_1_923' title='bbox 1912 5887 2069 5943; x_wconf 78' lang='lat' dir='ltr'><strong>Rom.</strong></span> <span class='ocrx_word' id='word_1_924' title='bbox 2106 5899 2227 5949; x_wconf 83' lang='lat' dir='ltr'><strong>vni,</strong></span> <span class='ocrx_word' id='word_1_925' title='bbox 2263 5884 2445 5939; x_wconf 69' lang='grc'><strong>15-21.</strong></span> <span class='ocrx_word' id='word_1_926' title='bbox 2531 5882 2573 5913; x_wconf 78' lang='grc'><strong>⁸⁸</strong></span> <span class='ocrx_word' id='word_1_927' title='bbox 2620 5881 2635 5937; x_wconf 90' lang='lat' dir='ltr'><strong>l</strong></span> <span class='ocrx_word' id='word_1_928' title='bbox 2671 5882 2795 5938; x_wconf 90' lang='lat' dir='ltr'><strong>Cor.</strong></span> <span class='ocrx_word' id='word_1_929' title='bbox 2842 5896 2937 5948; x_wconf 83' lang='lat' dir='ltr'><strong>vn,</strong></span> <span class='ocrx_word' id='word_1_930' title='bbox 2991 5882 3074 5936; x_wconf 88' lang='lat' dir='ltr'><strong>l9.</strong></span> <span class='ocrx_word' id='word_1_931' title='bbox 3158 5881 3203 5913; x_wconf 74' lang='grc' dir='ltr'><strong>δ’</strong></span> <span class='ocrx_word' id='word_1_932' title='bbox 3238 5879 3426 5940; x_wconf 79' lang='lat' dir='ltr'><strong>Matth.</strong></span> 
     </span>
    </p>
   </div>
   <div class='ocr_carea' id='block_1_120' title="bbox 157 5949 1000 6019">
    <p class='ocr_par' dir='ltr' id='par_1_120' title="bbox 157 5949 1000 6019">
     <span class='ocr_line' id='line_1_120' title="bbox 157 5949 1000 6019; baseline 0 -14"><span class='ocrx_word' id='word_1_933' title='bbox 157 5968 235 6019; x_wconf 85' lang='lat' dir='ltr'><strong>ut,</strong></span> <span class='ocrx_word' id='word_1_934' title='bbox 279 5954 363 6007; x_wconf 78' lang='lat' dir='ltr'><strong>ll.</strong></span> <span class='ocrx_word' id='word_1_935' title='bbox 441 5956 487 5987; x_wconf 88' lang='lat'><strong>&quot;°</strong></span> <span class='ocrx_word' id='word_1_936' title='bbox 542 5954 703 6008; x_wconf 79' lang='lat' dir='ltr'><strong>llebr.</strong></span> <span class='ocrx_word' id='word_1_937' title='bbox 752 5969 824 6013; x_wconf 72' lang='grc' dir='ltr'><strong>ιτ,</strong></span> <span class='ocrx_word' id='word_1_938' title='bbox 858 5949 913 6013; x_wconf 65' lang='lat'><strong>2,</strong></span> <span class='ocrx_word' id='word_1_939' title='bbox 948 5949 1000 6001; x_wconf 74' lang='grc'><strong>5.</strong></span> 
     </span>
    </p>
   </div>
  </div>
