4118 6582
643 487 748 542 175
1713 488 1771 543 S.
1816 487 2094 546 CYIlILLl
2129 491 2596 551 ALEXANDRINI
2632 494 2955 551 ARCHIEP.

3830 500 3944 555 176

646 608 833 677 plures
885 602 1023 659 alias
1053 600 1561 659 demonstrationes
1592 602 1819 671 addere,
1869 608 1966 662 sed
2022 608 2225 665 modus

2332 614 2407 675 εἰς
2433 612 2529 683 τὴν
2556 612 2846 667 ἀντίτυπον
2894 612 3001 665 τῶν
3030 611 3300 683 ἀληθινῶν
3344 612 3587 686 εἰσφέρει
3620 616 3837 687 σκηνήν
3862 633 3877 647 ·
3910 620 3942 669 ὁ

646 694 975 754 servandus.
1003 692 1141 749 Illud
1180 701 1364 749 tamen
1398 694 1627 748 omnino
1659 698 2083 765 prmtermittere
2118 715 2229 755 non

644 802 979 860 possumus,
1021 785 1244 841 beatum
1278 783 1512 838 Paulum
1554 787 1748 856 paucis
1786 789 1973 845 verbis
2018 790 2231 846 solvere

647 881 793 933 illam
824 878 891 932 de
922 877 1040 947 lege
1064 884 1116 931 et
1155 874 1468 930 Salvatoris
1492 876 1668 947 gratia
1711 880 2074 948 quastionem
2098 882 2228 936 dum

643 969 718 1023 ait
767 983 829 1018 ει
868 965 1003 1022 Nam
1071 966 1119 1021 si
1161 966 1561 1022 ministrationi
1618 967 1993 1026 damnationis
2058 973 2229 1043 gloria

643 1071 747 1125 est,
781 1062 957 1115 multo
987 1061 1163 1131 magis
1199 1059 1448 1117 abundat
1478 1062 1852 1118 ministerium
1890 1065 2123 1135 justitiaa
2166 1081 2224 1120 tn

643 1155 819 1223 gloria
845 1156 914 1210 τί.
958 1175 975 1207 ι
1015 1156 1388 1216 Ministerium
1443 1162 1589 1217 enim
1635 1163 2012 1221 damnationis
2064 1174 2230 1222 vocat

641 1252 980 1315 praeceptum
1030 1247 1333 1306 Mosaicum
1354 1293 1368 1318 ,
1401 1253 1776 1315 ministerium
1810 1272 1945 1313 vero
1971 1258 2225 1329 justitim,

644 1337 951 1396 Salvatoris
1011 1343 1246 1412 gratiam
1298 1347 1581 1413 nominat,
1615 1348 1703 1403 cui
1741 1350 1906 1405 etiam
1943 1351 2229 1407 abundan-

643 1432 780 1485 tiam
818 1434 1010 1505 gloriaa
1049 1436 1283 1501 tribuit,
1316 1454 1501 1494 rerum
1533 1447 1788 1496 naturam
1821 1451 1969 1499 recte
1995 1460 2231 1515 perpen-

642 1526 802 1591 dens,
858 1537 919 1582 ut
963 1530 1058 1600 qui
1108 1530 1182 1586 sit
1241 1531 1456 1588 alllatus
1486 1532 1719 1605 Spiritu.
1762 1535 1928 1607 Igitur
1981 1553 2107 1593 cum
2142 1538 2229 1594 lex

641 1620 1026 1675 condemnans
1057 1621 1186 1678 data
1215 1639 1312 1694 per
1336 1623 1525 1679 Mosen
1550 1667 1564 1690 ,
1592 1640 1687 1694 per
1709 1625 2066 1699 Unigenitum
2096 1643 2230 1685 vero

640 1709 783 1764 facta
844 1712 999 1783 103
1054 1714 1124 1768 sit
1168 1715 1349 1787 gratia
1397 1714 1749 1786 justiﬁcans,
1796 1718 2077 1788 quomodo
2117 1733 2229 1773 non

640 1803 921 1873 gloriosus
950 1806 1059 1860 erit
1090 1806 1137 1861 is
1156 1822 1253 1877 per
1281 1823 1445 1878 quem
1468 1808 1716 1879 potiores
1736 1809 1885 1878 leges
1914 1810 2037 1865 latae
2063 1809 2231 1865 sunt?

640 1893 784 1948 Vere
806 1894 995 1965 itaque
1020 1894 1343 1961 Psalmista,
1370 1899 1501 1953 dum
1533 1900 1589 1955 in
1620 1899 1827 1971 Spiritu
1860 1903 2008 1957 canit
2036 1902 2227 1957 Domi-

2337 704 2527 777 Σωτὴρ
2572 708 2651 769 είς
2682 706 2845 760 αὐτὸν
2878 706 3143 777 ἀναφέρει
3180 705 3271 759 τὸν
3302 706 3552 771 ούρανόν,
3584 708 3679 761 καὶ
3711 709 3795 771 εἰς
3833 709 3943 779 τὴν

2335 796 2702 868 ἀληθεστέραν
2754 797 2964 866 εἰσάγει
3015 798 3246 869 σκηνὴν,
3293 798 3360 870 ἢν
3402 797 3601 869 ἔπηξεν
3633 802 3661 853 ὀ
3695 799 3937 871 Κύριος,

2333 890 2434 943 ούκ
2464 887 2772 960 ἄνθρωπος·
2797 890 2892 943 καὶ
2913 889 3147 959 χαλεπὸν
3180 890 3279 961 μὲν
3304 890 3458 944 οὐδὲν
3486 889 3793 956 ἀποδείξεις
3819 892 3943 954 τοῖς

2333 981 2646 1053 εἰρημένοις
2672 984 3031 1055 ἐπισωρεύειν
3055 983 3270 1055 ἐτέρας,
3302 983 3560 1054 τιμητέον
3578 983 3623 1036 δ’
3654 979 3750 1037 οὖν
3775 983 3940 1055 ὅμως

2332 1070 2392 1124 τὸ
2429 1071 2647 1145 μέτρον.
2674 1071 2822 1142 Πλὴν
2852 1073 3026 1125 ἐκεῖνο
3052 1072 3341 1146 χρησίμως
3367 1091 3427 1126 τε
3477 1073 3575 1127 καὶ
3610 1074 3941 1143 ἀναγκαίως

2331 1159 2587 1233 ἐροῦμεν,
2623 1162 2816 1233 ὅτιπερ
2845 1162 2873 1214 ὀ
2906 1164 3176 1234 μακάριος
3210 1162 3422 1227 Παῦλος
3462 1166 3517 1217 ἐν
3539 1164 3741 1232 ὀλίγοις
3769 1163 3941 1217 ἔλυσε

2330 1252 2392 1305 τὸ
2430 1251 2764 1324 ζητούμενον
2811 1254 2939 1324 περί
2973 1272 3029 1306 τε
3087 1252 3182 1306 τοῦ
3222 1254 3388 1324 νόμου
3430 1254 3525 1307 καὶ
3558 1254 3656 1325 τῆς
3683 1253 3780 1307 τοῦ
3814 1253 3940 1306 Σω-

2329 1347 2497 1418 τῆρος
2518 1346 2763 1419 χάριτος,
2788 1346 2977 1399 είπὼν·
3002 1365 3020 1398 ι
3047 1346 3110 1401 Εἰ
3138 1346 3247 1418 γὰρ
3270 1348 3336 1418 τῇ
3359 1346 3607 1417 διακονίᾳ
3628 1346 3731 1416 τῆς
3756 1363 3940 1402 κατα-

2331 1438 2564 1511 κρίσεως
2592 1439 2717 1506 δόξα
2740 1482 2754 1506 ,
2787 1439 2975 1510 πολλῷ
3011 1439 3212 1511 μᾶλλον
3251 1438 3568 1510 περισσεύει
3609 1441 3643 1510 ή
3679 1439 3941 1493 διακονία

2330 1536 2429 1603 τῆς
2459 1532 2807 1603 δικαιοσύνης
2835 1532 2983 1604 δόξῃ.
3024 1551 3045 1585 ι
3074 1532 3362 1587 Διακονίαν
3395 1532 3493 1603 μὲν
3524 1532 3635 1602 γὰρ
3668 1532 3940 1603 κατακρίο

2332 1641 2473 1688 σεως
2491 1665 2507 1691 ,
2542 1624 2641 1694 τὴν
2663 1623 2752 1678 διὰ
2777 1624 3021 1689 Μωσέως
3069 1623 3234 1695 φησὶν
3282 1623 3502 1695 ἐντολήν
3522 1640 3535 1652 ·
3571 1623 3857 1677 διακονίαν
3883 1623 3939 1676 δέ

2329 1716 2701 1788 δικαιοσύνης,
2736 1718 2837 1788 τήν
2864 1715 3019 1788 παρὰ
3042 1716 3136 1771 τοῦ
3167 1716 3419 1788 Σωτῆρος
3447 1713 3708 1784 ὀνομάζει
3741 1716 3936 1789 χάριν,

2330 1802 2365 1883 ᾖ
2392 1808 2573 1862 καὶτὸ
2602 1807 2764 1863 πλέον
2786 1811 2843 1861 ἐν
2873 1808 2998 1879 δόξῃ
3028 1807 3330 1875 κεκτῆσθαι
3350 1806 3660 1878 χαρίζεται,
3688 1806 3792 1879 τὴν
3824 1806 3940 1861 τῶν

2332 1900 2673 1971 πραγμάτων
2707 1899 2907 1971 ἄριστα
2927 1900 3239 1970 δοκιμάζων
3276 1898 3461 1967 φύσιν,
3507 1898 3583 1961 ὡς
3627 1914 3943 1968 πνευματο-

641 2001 775 2040 ιιιιιιι
808 1994 1059 2042 nostrum
1093 1986 1284 2045 Jesum
1329 1990 1610 2045 Christum
1641 1993 1957 2048 universam
2003 2002 2227 2050 sancto-

2332 1993 2519 2063 φόρος.
2560 1992 2769 2046 Οὐκοῦν
2814 1991 3114 2063 ἐπειδήπερ
3151 1992 3179 2044 ὀ
3219 1990 3320 2061 μὲν
3362 1990 3711 2062 κατακρίνων
3765 1989 3940 2060 νόμος

643 2091 767 2130 rum
800 2078 1171 2134 clarissimam
1208 2081 1355 2135 illam
1393 2081 1801 2139 multitudinem
1833 2100 2119 2155 superare,
2152 2086 2231 2140 ait

641 2169 731 2224 his
756 2170 978 2226 verbis:
1014 2170 1192 2237 «Quis
1226 2174 1280 2227 in
1332 2174 1574 2229 nubibus
1623 2177 1934 2246 :equabitur
1974 2176 2226 2240 Domino,

641 2268 739 2317 aut
783 2261 909 2331 quis
955 2262 1156 2318 similis
1203 2264 1309 2318 erit
1359 2264 1410 2318 ei
1453 2264 1508 2318 in
1566 2264 1695 2320 ﬁliis
1743 2264 1946 2320 Dei"?
1981 2286 1999 2317 ι
2042 2266 2228 2322 Nubes

641 2354 790 2407 enim
832 2354 1116 2424 spiritales
1137 2394 1153 2420 ,
1178 2355 1282 2409 hoc
1313 2366 1398 2410 est
1429 2356 1605 2411 sancti
1638 2358 1942 2427 prophetae,
1991 2359 2228 2429 palmam

643 2445 867 2500 Christo
916 2445 1156 2508 cedent,
1204 2460 1306 2501 nec
1357 2446 1760 2503 existimabunt
1819 2464 2061 2519 unquam
2123 2449 2227 2503 sibi

642 2539 970 2595 certandum
1014 2554 1141 2595 esse
1176 2554 1302 2593 cum
1335 2539 1456 2610 ipso
1482 2540 1549 2595 de
1592 2540 1788 2611 gloria,
1832 2542 2105 2595 secundas
2136 2542 2231 2597 illo

644 2639 884 2699 tenente,
918 2632 1011 2703 qui
1048 2646 1161 2701 prae
1189 2632 1406 2687 caeteris
1445 2632 1674 2703 agnitus
1709 2643 1833 2686 erat
1865 2648 1893 2687 a
1926 2632 2058 2698 Deo,
2081 2633 2231 2688 Mose

642 2722 908 2777 nimirum
962 2721 1113 2776 :lilii’
1152 2730 1335 2776 autem
1384 2720 1480 2776 Dei
1527 2723 1624 2792 qui
1680 2722 1948 2778 adventus
1990 2731 2232 2791 tempore

642 2813 950 2879 fulserunt,
998 2830 1111 2869 non
1151 2820 1317 2869 erunt
1357 2827 1454 2884 per
1498 2813 1685 2867 omnia
1732 2814 1942 2869 similes
1989 2814 2230 2867 naturali

641 2907 805 2973 Filio,
846 2908 942 2964 sed
979 2906 1355 2963 conditionem
1383 2922 1540 2963 suam
1581 2917 1916 2979 agnoscent,
1944 2922 2068 2963 cum
2103 2923 2231 2963 san-

642 3009 772 3055 ctus
802 2997 1054 3068 Baptista
1092 2997 1254 3067 longe
1290 3011 1350 3052 se
1377 2995 1521 3051 infra
1549 2997 1700 3051 illum
1733 2999 1973 3068 positum
1996 3008 2229 3065 asserat,

643 3088 713 3144 de
739 3102 850 3159 quo
883 3086 959 3141 ait
986 3085 1082 3156 qui
1115 3085 1287 3141 corda
1339 3086 1491 3141 novit
1524 3104 1539 3142 :
1577 3106 1595 3139 ι
1628 3086 1746 3142 Νοιι
1794 3090 2040 3145 surrexit
2089 3090 2233 3145 inter

645 3190 809 3239 natos
834 3179 1129 3235 mulierum
1181 3177 1361 3249 major
1390 3177 1603 3236 Joanne
1647 3179 1888 3251 Baptista
1912 3182 1978 3237 ⁷³.
2007 3201 2025 3235 ι
2052 3179 2230 3236 Verax

2330 2083 2488 2155 ἐδόθη
2519 2083 2608 2137 διὰ
2638 2082 2903 2148 Μωσέως,
2948 2082 3138 2152 γέγονε
3169 2082 3224 2135 δέ
3245 2080 3333 2135 διά
3368 2081 3464 2136 τοῦ
3518 2082 3870 2152 Μονογενοῦς
3902 2084 3937 2153 ή

2328 2175 2614 2232 δικαιοῦσα
2652 2175 2836 2247 χάρις,
2880 2175 2998 2238 πῶς
3046 2174 3147 2228 οὐκ
3176 2174 3235 2228 ἐν
3282 2173 3431 2246 δόξῃ,
3464 2175 3649 2245 φησὶν,
3684 2177 3711 2228 ὀ
3740 2175 3813 2228 δι’
3875 2172 3940 2231 οῦ

2329 2264 2397 2319 τά
2421 2263 2656 2337 κρείττω
2696 2264 3148 2335 νενομοθέτηταις
3190 2262 3502 2335 ’Δληθεύσει
3550 2264 3614 2336 δὴ
3648 2261 3741 2320 οῦν
3776 2266 3881 2319 καὶ
3910 2266 3941 2319 ὀ

2330 2356 2584 2427 Μελῳδὸς
2615 2358 2673 2410 ἐν
2708 2355 3015 2427 Πνεύματι,
3040 2356 3130 2410 τὸν
3162 2356 3367 2427 Κύριον
3396 2357 3551 2427 ήμῶν
3594 2356 3805 2426 Ἰησοῦν
3841 2360 3940 2412 τὸν

2332 2445 2568 2518 Χριστὸν
2592 2446 2773 2515 πάσης
2792 2444 2928 2517 ὁμοῦ
2949 2447 3048 2517 τῆς
3068 2446 3329 2517 λαμπρᾶς
3354 2446 3462 2499 τῶν
3492 2446 3662 2515 ἁγίων
3686 2447 3941 2517 πληθύος

2334 2536 2691 2607 ὑπερκεῖσθαι
2743 2537 2905 2609 βοῶν’
2947 2556 2966 2588 ι
3002 2536 3098 2600 Τίς
3144 2536 3275 2608 γὰρ,
3331 2538 3516 2608 φησὶν,
3577 2538 3635 2592 ἐν
3677 2538 3941 2606 νεφέλαις

2337 2629 2662 2701 ίσωθήσεται
2692 2628 2770 2699 τῷ
2796 2628 2985 2699 Κυρίῳ
3005 2629 3076 2699 ;ἢ
3104 2628 3184 2691 τίς
3203 2628 3602 2699 ὁμοιωθήσεται
3632 2628 3710 2700 τῷ
3740 2631 3941 2703 Κυρίῳ

2333 2722 2391 2775 ἐν
2430 2721 2569 2785 υἱοῖς
2615 2720 2788 2787 Θεοῦ;
2838 2740 2857 2773 ι
2898 2720 3141 2789 Νεφέλαι
3188 2720 3289 2791 μὲν
3317 2720 3426 2793 γὰρ
3460 2722 3517 2774 αἱ
3546 2722 3759 2791 νοηταὶ,
3787 2722 3941 2775 τοῦτ’

2333 2813 2502 2879 ἔστιν,
2538 2814 2588 2867 οἱ
2622 2814 2767 2883 ἅγιοι
2815 2813 3121 2885 προφῆται,
3160 2814 3626 2883 παραχωρήσουσι
3676 2815 3739 2867 τὸ
3778 2818 3942 2885 νικᾷν

2331 2905 2410 2976 τῷ
2428 2906 2472 2958 Χ
2481 2905 2673 2977 ριστῷο
2707 2906 2984 2976 οἰήσονται
3005 2903 3061 2957 δέ
3084 2904 3193 2957 δεῖν
3214 2903 3466 2975 οὐδαμῶς
3495 2905 3770 2976 ἰσομέτρῳ
3795 2906 3942 2974 πρὸς

2334 2995 2497 3050 αὑτὸν
2527 2995 2861 3068 ἁμιλλᾶσθαι
2893 2998 3050 3067 τιμῇ,
3088 2993 3187 3066 τὴν
3213 2994 3473 3064 δευτέραν
3518 2994 3938 3064 ἀποφερομένου

2334 3087 2487 3153 τάξιν
2530 3087 2623 3140 τοῦ
2646 3087 2798 3158 παρὰ
2824 3086 3035 3149 πάντας
3065 3085 3412 3157 ἐγνωσμένου
3439 3086 3589 3158 παρὰ
3604 3085 3760 3151 Θεοῦ,
3788 3086 3938 3140 τοῦτ’

2335 3178 2455 3232 ἔστι
2475 3178 2742 3243 Μωσέως·
2771 3178 2879 3231 υίοὶ
2904 3177 2962 3231 δέ
2982 3177 3032 3231 oi
3058 3196 3174 3251 χρι.
3258 3216 3272 3232 .
3352 3220 3366 3233 .
3400 3178 3477 3249 (1)
3502 3179 3595 3232 τοῦ
3624 3178 3761 3231 Θεοῦ
3792 3181 3941 3231 κατά

642 3283 728 3331 est
747 3274 917 3346 igitur
954 3272 1293 3343 evangelista
1327 3272 1527 3329 beatus
1548 3312 1563 3338 ,
1587 3272 1718 3327 dum
1742 3273 1819 3328 ait
1847 3287 1907 3329 se
1945 3283 2228 3343 spectasse

2336 3274 2429 3326 τὸν
2455 3273 2554 3343 τῆς
2571 3271 2868 3342 ἐπιδημίας
2891 3272 3101 3344 καιρὸν,
3127 3272 3227 3326 οὐκ
3266 3271 3701 3343 ἀπαραλλάκτως
3727 3274 3938 3344 ὁμοιω⁸

650 3389 670 3423 ι
712 3370 957 3425 Gloriam
987 3369 1140 3439 ejus,
1178 3369 1411 3439 gloriam
1446 3367 1724 3441 Unigeniti
1768 3384 1798 3423 a
1838 3371 2032 3436 Patre,
2066 3390 2085 3423 ι
2122 3371 2228 3425 1ιοο

2338 3365 2596 3435 θήσονται
2622 3363 2702 3435 τῷ
2725 3363 2867 3417 κατά
2888 3364 3050 3433 φύσιν
3074 3366 3205 3436 Υίῷ,
3232 3366 3366 3420 ἀλλὰ
3394 3366 3457 3418 τὸ
3477 3368 3676 3419 οἰκεῖον
3700 3367 3940 3436 ἐπιγνώ-

642 3473 762 3527 est,
797 3463 980 3533 qualis
1002 3461 1197 3517 deceat
1218 3462 1567 3532 unigenitum
1593 3476 1622 3515 a
1660 3461 1771 3518 Deo
1804 3461 1966 3518 Patre
1997 3460 2224 3526 Filium,

2337 3475 2521 3513 σονται
2565 3456 2784 3528 μέτρον,
2835 3456 3011 3511 ὀπίσω
3064 3459 3303 3531 μάλιστα
3354 3459 3633 3513 τεθεῖσθαι
3679 3459 3940 3528 λέγοντος

643 3570 754 3610 non
800 3562 980 3609 autem
1030 3568 1127 3608 eos
1163 3552 1257 3624 qui
1295 3554 1364 3608 ad
1408 3554 1530 3624 ejus
1592 3554 1994 3610 fraternitatem
2041 3552 2226 3609 vocati

2336 3548 2525 3603 ἐαυτὸν
2553 3548 2648 3603 τοῦ
2668 3549 2827 3618 ἁγίου
2854 3550 3179 3617 Βαπτιστοῦ,
3207 3552 3337 3624 περὶ
3367 3545 3427 3606 οὗ
3449 3569 3612 3622 φησιν
3645 3554 3676 3606 ὀ
3704 3554 3940 3625 καρδίας

644 3656 793 3710 sunt,
823 3660 1056 3715 quorum
1090 3653 1175 3699 est
1204 3645 1631 3715 primogenitus.

2334 3641 2511 3705 είδώςο
2537 3660 2556 3693 ι
2584 3642 2699 3696 Οὐκ
2720 3643 3020 3715 ἐγήγερται
3048 3644 3108 3698 ἐν
3126 3647 3406 3716 γεννητοῖς
3429 3645 3706 3715 γυναικῶν
3727 3646 3938 3717 μείζων

655 3734 901 3790 Ἰωάννου
951 3733 1045 3787 τοῦ
1099 3733 1430 3789 Βαπτιστοῦ.
1495 3754 1514 3787 ι
1564 3731 1844 3805 Ἀληθεύει
1907 3733 1973 3804 δὴ
2013 3726 2106 3786 οὖν
2151 3732 2181 3785 ὀ
2236 3731 2511 3803 μακάριος
2542 3730 2956 3803 εὐαγγελιστὴς,
3000 3731 3293 3786 τεθεᾶσθαι
3346 3732 3521 3801 λέγων
3567 3752 3586 3783 ι
3630 3734 3742 3805 Τὴν
3774 3734 3939 3801 δόξαν

642 3826 829 3890 αὐτοῦ,
889 3825 1045 3890 δόξαν
1109 3826 1186 3889 ὡς
1227 3826 1570 3894 Μονογενοῦς
1616 3828 1770 3898 παρά
1817 3826 2054 3895 Πατρὸς,
2117 3844 2135 3877 ι
2201 3822 2332 3878 τοῦτ
2367 3822 2516 3877 ἐστιν
2570 3824 2719 3896 ἥπερ
2767 3824 2872 3925 ἂν.
2890 3824 3094 3896 πρέποι
3135 3824 3216 3896 τῷ
3261 3827 3325 3879 ἐκ
3368 3825 3502 3880 Θεοῦ
3555 3826 3770 3897 Πατρὺς
3824 3828 3939 3899 fit;
4056 3870 4067 3925 om

648 3920 945 3993 μονογενεῖ,
1004 3918 1098 3970 καὶ
1156 3916 1278 3988 οὐχὶ
1312 3916 1513 3988 μᾶλλον
1575 3920 1687 3981 τοῖς
1716 3919 1796 3982 είς
1847 3917 2184 3989 ἀδελφότητα
2220 3915 2583 3987 κεκλημένοις
2612 3913 2801 3984 αὐτοῦ,
2837 3908 2913 3969 ὧν
2944 3916 3060 3969 ἐστι
3096 3916 3437 3986 πρωτότοκος

1292 4010 1451 4067 CAP.
1498 4010 1565 4066 Χ.

646 4105 799 4172 Quod
830 4104 975 4159 solus
1008 4103 1298 4186 secundum
1323 4113 1576 4186 naturam
1616 4102 1904 4186 Filius.”
1957 4104 2125 4160 Patre
2154 4107 2225 4161 sit

924 4175 1229 4244 unigent'tus
1250 4216 1264 4240 ,
1294 4184 1350 4227 ut
1368 4190 1435 4229 ea:
1469 4176 1606 4243 ipso,
1636 4184 1685 4229 et
1717 4175 1772 4229 in
1803 4176 1935 4244 ipso.

714 4265 770 4331 l,
804 4266 893 4321 l8.
936 4264 1104 4320 Deum
1136 4282 1289 4321 nemo
1322 4266 1455 4320 vidit
1483 4281 1762 4336 unquam:
1798 4269 2103 4339 unigenitus
2131 4266 2226 4322 Fi-

643 4359 773 4425 lius,
800 4357 891 4429 qui
916 4358 1073 4411 estin
1094 4356 1216 4409 sinu
1259 4352 1481 4422 Patris,
1515 4355 1623 4422 ipse
1652 4356 1944 4409 enarravit.

716 4528 1117 4587 Animadverte
1160 4542 1361 4582 rursus
1397 4526 1487 4581 hic
1517 4525 1691 4582 divini
1723 4527 2079 4597 evangelista:
2101 4541 2234 4598 pru-

640 4623 904 4679 dentiam.
934 4621 1054 4675 Non
1078 4619 1354 4691 ignoravit
1376 4616 1673 4674 nonnullos
1700 4617 1755 4673 in
1776 4632 1841 4673 ea
1859 4632 1980 4689 qua
2001 4615 2070 4673 de
2097 4614 2232 4672 Uni-

640 4718 823 4787 genito
852 4715 1004 4771 dicta
1035 4721 1188 4779 sunt,
1206 4713 1395 4768 acrius
1425 4711 1821 4782 inquisituros,
1846 4725 1911 4766 ac
1929 4710 2181 4766 dicturos
2210 4726 2224 4763 :

639 4809 970 4871 Asseruisti,
996 4822 1029 4861 ο
1077 4807 1241 4871 bone,
1294 4812 1577 4876 spectasse
1606 4824 1625 4858 ι
1650 4804 1897 4860 Gloriam
1937 4803 2085 4875 ejus,
2114 4804 2232 4874 glo-

2957 4013 3210 4068 ΚΕΦΛΛ.
3241 4013 3297 4066 I'.

2334 4104 2465 4158 Ὀτι
2484 4104 2843 4178 μόνοςμκατᾲ
2869 4105 3061 4178 φύσιν
3084 4105 3219 4178 nec
3245 4105 3327 4178 éit
3348 4107 3575 4178 Πατρός
3591 4108 3634 4178 _d
3662 4109 3927 4178 Morare-

2616 4174 2753 4243 νὴς,
2784 4174 2865 4241 ὡς
2888 4176 2957 4241 ἐξ
2986 4175 3195 4240 αὐτοῦ,
3236 4176 3333 4229 καὶ
3363 4177 3432 4229 ἐν
3462 4174 3621 4242 αὑτῷ

2406 4266 2556 4321 Θεὸν
2614 4266 2817 4333 οὐδεὶς
2886 4266 3109 4336 ἑώρακε
3180 4268 3416 4323 πώποτε
3449 4288 3464 4301 ·
3518 4273 3551 4324 ὁ
3587 4272 3930 4341 μονογενὴς

2342 4356 2478 4423 Υιὸς
2518 4360 2551 4411 ό
2586 4356 2781 4423 ὢνείς
2823 4358 2929 4411 τὸν
2974 4359 3210 4413 κόλπον
3252 4360 3360 4414 τοῦ
3400 4360 3652 4430 Πατρός,
3695 4362 3937 4431 ἐκεῖνος

2336 4446 2702 4517 ἐξηγήσατο.

2407 4538 2517 4591 (ita
2539 4538 2602 4609 δὴ
2646 4538 2807 4593 πάλιν
2847 4541 2905 4593 ἐν
2933 4540 3146 4606 τούτοις
3179 4541 3275 4598 τοῦ
3330 4546 3781 4617 πνευματοφόρου
3828 4549 3935 4620 τὴν

2336 4631 2520 4701 νῆψιν.
2582 4632 2697 4685 Οὐκ
2725 4633 2996 4704 ήγνόησεν
3024 4635 3107 4688 ὅτι
3163 4636 3380 4701 πάντως
3427 4637 3612 4709 ἐροῦσι
3640 4656 3807 4703 τινες,
3861 4644 3934 4696 τά

2336 4724 2467 4794 περὶ
2500 4722 2592 4775 τοῦ
2634 4723 2974 4792 Μονογενοῦς
3018 4726 3288 4797 εἰρημένα
3329 4728 3656 4799 πικρότερον
3695 4728 3934 4800 βασανίο

2334 4815 2539 4880 ξοντεςο
2568 4816 2764 4885 Ἔφης,
2782 4809 3017 4881 ὢοῦτος,
3035 4818 3356 4874 τεθεᾶσθαυ
3391 4821 3532 4893 «Τὴν
3547 4820 3703 4887 δόξαν
3730 4824 3929 4891 αὑτοῦ,

638 4901 778 4956 l'iam
807 4898 967 4969 quasi
1004 4895 1286 4966 Unigeniti
1316 4911 1347 4950 a
1389 4896 1585 4953 Patre:
1626 4915 1645 4948 ι
1703 4896 1958 4967 Cumque
2000 4896 2225 4952 deceret

2332 4906 2493 4972 δόξαν
2552 4907 2633 4971 ὡς
2692 4910 3032 4979 Μονογενοῦς
3084 4911 3237 4985 παρὰ
3280 4891 3531 4986 Πατρός·,
3567 4934 3587 4969 ι
3630 4908 3751 4970 εἶτα
3804 4917 3934 4971 δέον

640 4992 987 5048 subtiliorem
1054 4989 1289 5045 istarum
1343 5005 1528 5045 rerum
1578 4989 1740 5045 nobis
1800 4989 2224 5061 explicationem

639 5083 861 5149 aﬂerre,
890 5091 948 5137 et
974 5081 1225 5137 divinum
1254 5081 1518 5153 quiddam
1562 5092 1732 5154 atque
1757 5082 1993 5139 sublime
2017 5081 2224 5149 dicere,

641 5178 878 5251 gloriam
912 5176 1065 5233 illam
1099 5176 1495 5233 demonstrasti
1535 5191 1601 5231 ex
1632 5192 1699 5231 eo
1746 5175 1894 5247 quod
1919 5174 2124 5247 Moysis
2171 5182 2227 5229 et

637 5268 870 5325 Joannis
922 5268 1305 5325 excellentiam
1342 5268 1648 5339 superavit,
1693 5268 1851 5338 quasi
1882 5281 1993 5323 non
2038 5274 2225 5338 posset

639 5361 802 5416 aliter
845 5360 965 5432 ejus
1012 5361 1184 5433 gloria
1238 5362 1512 5432 spectari,
1562 5376 1687 5417 cum
1720 5362 1919 5417 beatus
1957 5359 2223 5431 propheta

638 5454 813 5511 Isaias
840 5454 988 5509 dicat
1020 5475 1033 5512 :
1064 5474 1083 5507 ι
1118 5452 1245 5510 Vidi
1276 5454 1573 5511 Dominum
1602 5454 1885 5511 sedentem
1945 5468 2113 5523 super
2135 5468 2225 5508 so-

638 5544 770 5599 lium
790 5546 1095 5611 excelsum,
1124 5554 1180 5603 et
1202 5547 1478 5603 elevatum
1506 5565 1520 5603 :
1546 5556 1598 5602 et
1616 5548 1779 5617 plena
1803 5546 2009 5602 domus
2044 5545 2223 5618 gloria

635 5636 780 5693 eius.
814 5636 879 5692 Et
909 5638 1183 5710 serapbim
1208 5640 1431 5695 stabant
1457 5640 1511 5693 in
1538 5640 1781 5695 circuitu
1807 5638 1930 5710 ejus
1953 5658 1965 5695 :
1988 5654 2084 5695 sex
2120 5638 2220 5692 alae

2334 4998 2727 5054 ἀπολεπτύνειν
2784 5002 2915 5073 ἡμῖν
2954 5002 3058 5075 τὴν
3110 5005 3205 5058 ἐπὶ⁸
3228 5003 3437 5071 τούτοις
3486 5007 3770 5079 ἐξήγησιν,
3828 5010 3932 5062 καὶ

2335 5088 2637 5163 θεοπρεπὲς
2675 5110 2728 5146 τι
2758 5096 2994 5166 πρᾶγμα
3034 5098 3131 5151 καὶ
3163 5096 3401 5163 ἐξαίσιον
3437 5100 3633 5167 εἰπεῖν,
3669 5100 3779 5154 ἀπὸ
3817 5101 3931 5171 τῆς

2333 5182 2475 5236 κατά
2506 5182 2751 5248 Μωσέως
2797 5184 3080 5258 ὑπεροχῆς
3125 5188 3219 5243 καὶ
3257 5188 3365 5244 τῶν
3419 5191 3665 5246 Ἰωάννου
3699 5192 3931 5263 μέτρων

2332 5271 2575 5341 ἐποιήσω
2616 5274 2716 5344 τὴν
2744 5275 3037 5345 ἀπόδειξιν,
3061 5280 3139 5345 ὡς
3178 5282 3279 5336 οὐκ
3302 5282 3422 5337 ἐνὸν
3459 5285 3931 5357 ἐτέρωςηόρᾶσθαι

2331 5361 2428 5435 τὴν
2466 5364 2621 5433 δόξαν
2644 5367 2830 5434 αὐτοῦ,
2849 5371 3028 5425 καίτοι
3073 5372 3168 5427 τοῦ
3201 5374 3298 5445 μὲν
3337 5376 3608 5448 μακαρίου
3636 5380 3929 5449 προφήτου

2329 5454 2580 5525 λέγοντος
2610 5458 2855 5513 Ἠσαῒουο
2904 5479 2923 5513 ι
2957 5458 3109 5517 Εἶδον
3150 5466 3241 5519 τὸν
3281 5466 3485 5540 Κύριον
3513 5467 3744 5523 Σασαὼθ
3785 5472 3929 5526 καθ-

2328 5546 2532 5618 ήμενον
2560 5550 2651 5602 ἐπί
2678 5549 2866 5622 θρόνου
2886 5551 3091 5625 ὑψηλοῦ
3114 5557 3207 5610 καὶ
3235 5557 3569 5631 ἐπηρμένου,
3587 5559 3682 5614 καὶ
3703 5558 3931 5634 πλήρης

2328 5640 2357 5693 ὀ
2383 5634 2531 5705 οἶκος
2561 5641 2663 5713 τῆς
2708 5641 2866 5715 δόξης
2909 5646 3105 5715 αὐτοῦ,
3147 5649 3241 5704 καὶ
3280 5653 3524 5724 σεραφὶμ
3566 5654 3927 5725 εἱστήκεισαν

704 5759 749 5791 ’¹
795 5759 837 5814 11
876 5760 1004 5816 Cor.
1040 5777 1120 5827 ιιι,
1172 5762 1226 5817 9.
1306 5762 1499 5821 "Psal.
1532 5780 1799 5832 Lxxxvm,
1855 5765 1908 5821 7.
1988 5764 2035 5796 "
2073 5762 2266 5819 Matth.
2318 5779 2398 5831 ιι,
2457 5765 2547 5821 ll.

704 5894 782 5963 ti;
818 5894 1147 5966 Cotelerius,
1180 5897 1419 5955 Monum.
1461 5899 1605 5957 Eccl.
1638 5902 1727 5958 Gr.
1763 5902 2133 5974 supplendum
2157 5902 2383 5974 eonjicit
2429 5907 2917 5976 χρηματισθέντες,
2964 5912 3107 5983 quod
3144 5922 3197 5967 et
3252 5916 3539 5986 sequentia
3571 5916 3925 5986 _ostendunt.

3567 5984 3727 6041 Enn.
