4118 6558
621 346 726 403 179
1605 350 1661 404 S.
1706 346 1982 404 CYRILLI
2018 347 2484 406 ALEXANDIUN’I
2526 351 2843 410 ARCHIEP.

3786 361 3927 417 180

616 469 750 526 bere
797 484 866 526 ex
915 468 1081 526 Patre
1126 477 1192 552 et_
1227 469 1280 524 in
1315 469 1478 525 Patre
1506 470 1909 527 exsistentiam.
1946 472 2003 526 Si
2033 472 2180 527 enim

2297 474 2381 544 τὴν
2413 474 2644 547 Θεωρίαν
2688 477 2898 532 ὠδίνειν
2940 476 3032 531 τοῦ
3083 478 3447 549 προκειμένου
3493 480 3593 552 τῆν
3634 481 3917 537 ἔννοιαν.

616 577 808 618 revera
836 561 983 627 Deus
1011 569 1096 618 est
1129 550 1454 632 Unigenitus
1475 602 1489 626 ,
1520 563 1798 632 quomodo
1820 579 1931 618 non
1960 565 2189 619 diversae

2305 564 2693 639 Ἐπιτηρητέον
2743 568 2799 622 δὲ
2848 569 3044 637 πάλιν,
3102 571 3182 623 ὅτι
3244 573 3340 624 καὶ
3396 550 3682 644 Μονογενῆ
3749 574 3923 630 θεὸν

618 665 706 710 est
733 662 942 709 natura:
965 655 1034 709 ab
1064 655 1174 710 illis
1219 656 1312 726 qui
1362 656 1659 725 adoptione
1688 655 1765 710 dii
1799 664 1929 711 sunt
1956 671 2023 710 ac
2057 655 2189 709 lilii?

2297 657 2555 712 ἀποκαλεῖ
2593 659 2684 713 τόν
2714 660 2860 725 Υίόν,
2905 660 2999 715 καλ⁸
3046 664 3104 715 ὲν
3135 663 3357 727 κόλποις
3397 660 3534 718 εἷναί
3588 683 3736 736 φησι
3791 667 3920 720 τοῦ

616 744 957 817 lntelligetur
985 746 1131 801 enim
1162 762 1270 801 non
1309 747 1363 800 in
1393 747 1583 801 multis
1616 746 1887 803 fratribus
1918 746 2186 817 Unigeni-

2297 746 2521 817 Πατρός,
2570 749 2656 802 (vat
2704 750 2960 821 φαίνηται
2999 752 3162 807 πάλιν
3210 753 3311 823 τῆς
3354 754 3491 825 πρός
3542 755 3642 827 τὴν
3699 757 3919 810 κτίσιν

616 846 706 893 tus
730 876 745 903 ,
789 836 885 893 sed
925 837 1077 894 solus
1112 838 1383 894 exsistere
1420 852 1449 891 a
1485 836 1666 892 Patre.
1700 836 1837 892 Cum
1886 846 2091 904 autem,
2128 847 2187 892 ut

2297 838 2555 907 ὁμοφυτας
2587 838 2974 911 ὲξῳκισμένος,
3020 843 3112 896 καὶ
3146 843 3452 907 ἰδιάζουσαν
3477 843 3617 915 ἔχων
3651 848 3729 899 ἐκ
3774 846 3918 898 Πα-

2287 929 2418 999 τρός
2468 932 2562 984 καὶ
2589 930 2646 983 ἐν
2674 932 2850 1003 Πατρὶ
2874 932 2970 1003 τὴν
3008 932 3263 1001 ὓπαρξιν.
3304 936 3368 987 El
3398 935 3505 1006 γάρ
3537 936 3716 999 ὅντως
3746 936 3914 998 Θεός

2287 1021 2402 1074 ἐστι
2430 1020 2758 1093 Μονογενὴς,
2784 1022 2901 1086 πῶς
2928 1024 3027 1076 οὐκ
3056 1022 3170 1077 ἐστι
3201 1026 3342 1079 κατὰ
3367 1026 3528 1095 φύσιν
3556 1027 3785 1096 ἕτερος,
3810 1026 3911 1088 ὡς

2289 1110 2423 1181 πρός
2452 1111 2714 1177 ἐκείνους,
2753 1113 2910 1185 οἵπερ
2943 1114 3049 1167 εἰσὶ
3082 1115 3220 1167 κατὰ
3246 1116 3393 1168 θέσιν
3427 1116 3537 1169 θεοὶ
3595 1119 3697 1170 καὶ
3740 1117 3868 1170 υἱοί
3886 1133 3904 1181 ;

2288 1203 2627 1274 Νοηθὴσεται
2652 1203 2760 1275 γάρ
2786 1205 2883 1258 ούκ
2904 1207 2960 1257 ὲν
2983 1206 3195 1268 πολλοῖς
3214 1206 3458 1276 ἀδελφοῖς
3480 1210 3507 1260 ὁ
3530 1209 3904 1279 Μονογενὴς,

2287 1292 2402 1345 ἁλλ’
2428 1294 2504 1357 ὠς
2536 1294 2694 1364 μόνος
2729 1294 2804 1347 ῶν
2834 1296 2898 1349 ἐκ
2928 1296 3158 1368 Πατρός.
3203 1297 3420 1367 Ἐπειδὴ
3467 1297 3544 1360 δὲ,
3579 1298 3734 1351 κατὰ
3783 1299 3907 1369 τὴν

2288 1382 2500 1435 Παύλου
2535 1385 2739 1455 φωνὴν,
2765 1385 2972 1440 πολλῶν
3010 1386 3197 1450 όντων,
3231 1387 3263 1457 ἢ
3298 1389 3393 1442 καὶ
3421 1388 3899 1459 ὀνομαζομένων,

616 927 821 983 Paulus
844 928 1005 992 ait”,
1028 929 1217 985 multis
1240 929 1635 985 exsistentibus
1654 935 1709 983 et
1734 929 2031 984 nominatis
2057 930 2185 995 diis,

615 1036 739 1075 cum
782 1020 835 1075 in
870 1021 1044 1087 cmlo,
1082 1028 1197 1074 tum
1233 1021 1290 1075 in
1325 1028 1468 1075 terra
1492 1062 1506 1087 ,
1544 1020 1684 1077 Deus
1717 1021 1788 1077 sit
1824 1020 2184 1091 Unigenitus,

614 1118 766 1165 extra
815 1119 1141 1167 cancrorum
1201 1128 1490 1168 numerum
1539 1113 1752 1167 scilicet
1800 1114 2184 1179 collocabitur,

618 1216 720 1256 nec
753 1202 900 1258 inter
931 1218 1027 1259 eos
1057 1204 1151 1275 qui
1184 1204 1258 1259 dii
1296 1212 1424 1260 sunt
1457 1219 1552 1274 per
1594 1206 1825 1276 gratiam
1868 1205 2185 1260 numerabi-

618 1299 731 1356 tur,
773 1290 871 1347 sed
909 1292 1015 1347 erit
1057 1294 1241 1364 potius
1282 1309 1406 1348 cum
1453 1293 1615 1349 Patre
1664 1292 1808 1350 Deus
1858 1310 2044 1351 verus.
2094 1294 2187 1351 Sic

617 1380 764 1435 enim
788 1378 993 1439 Paulus
1013 1397 1137 1438 eum
1162 1383 1441 1454 conjungit
1460 1424 1475 1446 ,
1504 1383 1697 1440 dicens
1725 1403 1738 1439 :
1762 1404 1782 1436 ι
1806 1383 1978 1441 Nobis
2001 1394 2186 1442 autem

618 1489 767 1529 unus
800 1472 941 1530 Deus
968 1474 1148 1542 Pater,
1178 1491 1243 1532 ex
1273 1491 1381 1548 quo
1408 1478 1589 1532 omnia
1614 1516 1629 1542 ,
1659 1485 1715 1533 et
1746 1494 1890 1534 unus
1921 1479 2185 1538 Dominus

615 1563 780 1622 Jcsus
810 1567 1064 1624 Christus
1084 1606 1100 1633 ,
1148 1583 1245 1638 per
1288 1584 1448 1638 quem
1495 1569 1681 1624 omnia
1710 1571 1778 1625 “.
1808 1589 1826 1622 ι
1850 1570 1988 1626 Cum
2035 1572 2184 1627 enim

619 1673 762 1714 unus
794 1659 867 1713 sit
898 1675 994 1729 per
1025 1668 1281 1714 naturam
1319 1660 1464 1716 Deus
1496 1660 1682 1725 Pater,
1718 1678 1829 1718 non
1861 1671 2042 1732 potest
2074 1679 2185 1719 non

614 1766 738 1805 esse
772 1749 1046 1815 Verbum,
1077 1754 1222 1822 quod
1266 1764 1331 1808 ex
1381 1755 1502 1824 ipso
1540 1763 1596 1809 et
1643 1755 1699 1809 in
1734 1755 1855 1826 ipso
1891 1764 2008 1820 est,
2040 1755 2189 1827 geni-

2288 1474 2345 1528 ἕν
2368 1493 2427 1528 τε
2460 1476 2674 1548 οὐρανῷ
2718 1479 2813 1532 καὶ
2855 1480 2948 1532 ἐπὶ
2977 1479 3078 1550 τῆς
3106 1481 3230 1550 γῆς,
3264 1481 3374 1534 τῶν
3406 1481 3542 1533 θεῶν
3579 1480 3715 1544 Θεός
3758 1482 3895 1535 ἐστι

2288 1568 2621 1639 Μονογενὴς,
2648 1568 2751 1636 ἔξω
2772 1569 3008 1639 δηλονότι
3026 1571 3134 1625 τῶν
3154 1571 3326 1624 ἄλλων
3352 1571 3611 1638 κείσεται,
3641 1573 3741 1624 καὶ
3776 1573 3893 1624 οὐκ

2287 1660 2345 1713 ὲν
2376 1663 2488 1725 τοῖς
2516 1661 2658 1715 κατὰ
2683 1662 2841 1735 χάριν
2871 1662 3151 1729 τετάξεται
3175 1663 3343 1727 Θεοῖς,
3379 1662 3528 1715 ἔσται
3568 1663 3625 1715 δὲ
3664 1664 3891 1733 μᾶλλον

2292 1747 2431 1817 μετὰ
2467 1749 2679 1821 Πατρός
2722 1750 3006 1821 ἀληθινός
3054 1750 3196 1805 οὕτω
3241 1752 3348 1822 γάρ
3400 1753 3530 1821 ἡμῖν
3574 1753 3603 1804 ὁ
3650 1753 3892 1816 Παῦλος

614 1842 752 1897 toris
794 1843 1031 1912 p'rOpriis
1082 1844 1242 1899 bonis
1284 1846 1676 1915 conspicuum,
1744 1818 1799 1901 et
1843 1818 2184 1904 substantia-

2297 1818 2648 1909 συναρμόττει
2674 1818 2847 1906 λέγων
2872 1853 2886 1867 ·
2923 1856 2944 1889 ι
2979 1838 3140 1908 Ἡμῖν
3164 1838 3221 1891 δὲ
3249 1818 3329 1902 εἷς
3353 1818 3483 1901 Θεός
3512 1840 3541 1891 ὁ
3572 1840 3801 1911 Πατὴρ,
3828 1842 3892 1906 ἐξ

616 1932 745 1986 liter
795 1932 991 2002 aequali
1036 1934 1304 2004 dignitate
1349 1934 1673 2004 praeditum,
1707 1937 1761 1991 in
1813 1952 1881 1992 eo
1926 1938 2185 1993 nimirum

614 2020 767 2090 quod
808 2020 950 2077 Deus
988 2031 1075 2077 est
1119 2024 1422 2078 secundum
1453 2033 1733 2079 naturam.
1757 2025 2101 2097 Quapropter
2131 2028 2187 2083 in

616 2113 741 2167 sinu
772 2127 992 2184 quoque
1024 2115 1202 2184 ipsum
1244 2116 1323 2169 ait
1366 2131 1490 2172 esse
1539 2116 1757 2183 Patris,
1807 2127 1867 2172 ut
1912 2119 2187 2191 intelligas

618 2218 812 2259 rursus
843 2205 896 2260 id
926 2206 1076 2276 quod
1114 2206 1169 2260 in
1200 2206 1323 2275 ipso
1358 2214 1413 2262 et
1443 2222 1509 2262 ex
1542 2207 1663 2277 ipso
1693 2218 1815 2274 εει,
1852 2209 2011 2280 juxta
2052 2210 2185 2265 illud

616 2290 925 2349 Psalmistte
948 2312 963 2349 :
984 2311 1004 2347 ι
1030 2293 1108 2349 Ex
1138 2304 1295 2352 utero
1309 2303 1436 2351 ante
1451 2294 1765 2353 Luciferum
1789 2300 1951 2369 genui
1976 2307 2027 2353 te
2042 2299 2127 2352 ευ.
2162 2318 2181 2349 ι

618 2386 692 2443 Ut
723 2387 871 2443 enim
901 2386 993 2442 hic
1019 2405 1038 2438 ι
1062 2402 1129 2443 ex
1158 2396 1348 2451 utero,
1376 2406 1394 2439 ι
1415 2403 1516 2459 pro
1555 2404 1621 2445 eo
1651 2390 1797 2459 quod
1830 2408 1848 2441 ‹
1877 2406 1941 2445 ex
1974 2393 2094 2461 ipso
2117 2433 2131 2456 ,
2162 2412 2183 2443 ι

614 2479 784 2534 etiam
827 2480 1046 2550 proprie
1078 2480 1267 2550 ponit,
1299 2479 1465 2534 ducta
1500 2495 1698 2537 rursus
1726 2496 1758 2536 a
1792 2482 1951 2538 nobis
1988 2482 2187 2538 simili-

617 2571 810 2628 tudine
838 2572 936 2644 (ex
960 2580 1119 2628 utero
1140 2571 1341 2642 quippe
1365 2572 1637 2642 prodeunt
1661 2573 1755 2644 qui
1777 2588 1842 2629 ex
1871 2573 2187 2631 hominibus

617 2664 999 2735 nascuntur),
1026 2666 1101 2720 ita
1143 2679 1266 2720 cum
1295 2684 1314 2717 ι
1346 2666 1404 2721 in
1450 2667 1573 2724 sinu
1606 2684 1625 2719 ι
1654 2667 1764 2733 ait,
1810 2675 2021 2722 tantum
2075 2683 2187 2723 non

615 2755 932 2827 significare
959 2756 1075 2811 vult
1106 2757 1164 2811 in
1189 2756 1365 2813 Patris
1390 2764 1547 2814 utero
1577 2759 1834 2830 gignente
1856 2759 2079 2830 quidem
2108 2759 2189 2815 Fi-

617 2846 752 2901 lium
783 2861 879 2917 per
907 2848 1323 2917 expressionem
1365 2849 1557 2905 divina
1593 2851 1744 2907 velut
1776 2852 2100 2909 emicatioue
2134 2865 2189 2909 et

617 2937 880 2995 inell‘ahili
909 2938 1147 3010 quodam
1191 2956 1489 3011 progressu
1520 2942 1589 2997 ad
1617 2944 1899 3014 propriam
1936 2945 2191 3017 ltyposta-

618 3032 760 3096 sim,
805 3030 903 3087 sed
952 3032 1133 3101 ipsum
1183 3047 1381 3088 rursus
1429 3032 1697 3099 habente,
1745 3034 2189 3105 quandoquidem

619 3138 730 3177 non
764 3137 859 3193 per
886 3121 1228 3177 decisionem
1258 3130 1353 3177 aut
1379 3122 1708 3179 divisionem
1749 3124 1988 3191 aliquam
2016 3141 2047 3180 e
2075 3140 2193 3181 cor-

621 3227 753 3282 pore
780 3211 1024 3268 divinum
1050 3227 1079 3265 a
1102 3210 1264 3267 Patre
1289 3213 1540 3282 genimen
1569 3214 1795 3284 prodiit.
1842 3213 1998 3271 Unde
2017 3214 2191 3273 Filius

624 3304 826 3359 alicubi
856 3303 934 3359 ait
962 3318 1022 3360 se
1064 3305 1119 3360 in
1163 3304 1326 3361 Patre
1364 3305 1586 3376 quidem
1633 3321 1789 3371 esse,
1841 3306 1941 3363 sed
1987 3307 2193 3364 habere

618 3395 868 3450 vicissim
898 3395 1117 3452 Patrem
1146 3398 1200 3451 in
1229 3398 1412 3467 seipso
1439 3398 1506 3452 ⁸¹.
1535 3398 1691 3465 Quod
1721 3398 1869 3456 enim
1897 3400 2188 3472 praprium

619 3493 706 3542 est
734 3485 915 3542 Patris
944 3488 1272 3544 substantiae
1299 3491 1626 3547 naturaliter
1670 3492 1976 3562 pervadens
2006 3493 2060 3546 in
2098 3491 2190 3547 Fi-

623 3580 756 3633 lium
780 3618 795 3642 ,
827 3579 1071 3635 ostendit
1101 3580 1156 3633 in
1190 3581 1313 3652 ipso
1342 3580 1591 3643 Patrem,
1626 3581 1787 3637 Pater
1813 3592 1995 3637 autem
2027 3584 2191 3639 vicis-

624 3674 729 3726 sim
760 3670 927 3726 habet
957 3670 1013 3725 in
1047 3671 1235 3741 seipso
1258 3670 1457 3726 Filium
1490 3672 1647 3742 106
1670 3687 1765 3741 per
1789 3673 1970 3726 omnia
1996 3674 2188 3743 aequali

623 3760 949 3817 substantiae
978 3760 1265 3817 identitate
1292 3761 1555 3817 radicitus
1589 3761 1817 3816 inﬁxum
1839 3802 1853 3826 ,
1888 3771 1942 3817 et
1971 3779 2035 3819 ex
2070 3763 2192 3833 ipso

623 3852 843 3923 quidem
875 3854 1116 3925 genitum
1138 3893 1154 3919 ,
1187 3864 1504 3913 nontamen
1535 3869 1632 3923 per
1663 3853 1992 3910 divisionem
2026 3856 2193 3909 ullam

625 3948 743 4002 sive
777 3946 1205 4016 disiunctionem
1238 3948 1467 4003 localem
1490 3988 1505 4013 ,
1548 3947 1644 4004 sed
1683 3948 2097 4004 inexsistentcm
2140 3955 2195 4004 et

633 4054 849 4108 semper
877 4039 1301 4095 coexsistentem
1332 4057 1345 4093 :
1380 4038 1453 4092 ita
1508 4054 1642 4094 sane
1692 4041 1865 4110 magis
1918 4040 2006 4109 pie
2049 4041 2197 4094 acci-

628 4131 843 4200 piemus
872 4129 1035 4195 illud,
1065 4129 1119 4183 in
1161 4128 1286 4185 sinu
1330 4127 1510 4184 Patris
1560 4128 1760 4184 Filium
1796 4146 1920 4185 esse
1944 4173 1958 4196 ,
1993 4145 2101 4184 non
2136 4138 2196 4184 ut

627 4220 849 4293 quidam
882 4218 979 4275 Dei
1022 4219 1210 4288 hostes
1252 4219 1715 4289 interpretantur,
1762 4236 1999 4291 quorum
2042 4218 2194 4289 iusta

626 4315 1017 4371 condemnatio
1042 4322 1167 4369 est:
1213 4313 1399 4376 omnia
1441 4314 1588 4368 enim
1635 4320 1785 4369 recta
1833 4321 2193 4383 pervertunt,

620 4410 780 4481 juxta
811 4408 1092 4479 propheta:
1124 4406 1335 4461 dictum
1364 4405 1409 4437 ⁸³
1430 4445 1445 4470 ,
1478 4404 1877 4475 simpliciorum
1908 4419 2077 4459 aures
2109 4419 2195 4457 se-

628 4500 926 4570 ducentes,
955 4507 1011 4555 et
1040 4507 1242 4554 temere
1269 4497 1322 4551 in
1353 4496 1548 4551 fratres
1581 4506 1872 4566 peccantes
1896 4534 1911 4558 ,
1942 4511 2044 4564 pro
2073 4495 2192 4565 qui-

628 4592 643 4610 1
687 4605 730 4610 _-
758 4589 1011 4610 DL_:_n--_
1054 4597 1304 4610 ...Α-ιη---
1353 4596 1430 4610 ..-ι
1505 4584 1739 4610 ΜΑΑΑ,.-,.
1784 4586 1922 4610 ...ιζ-ι.
1955 4596 2033 4610 ..-Α
2070 4585 2192 4610 -..με

2305 4495 2589 4610 ἕξᾷιῖαλξξῖν

628 4592 733 4644 bus
757 4589 1014 4644 Christus
1054 4597 1307 4655 mortuus
1348 4596 1456 4643 est.
1505 4584 1741 4642 Necesse
1781 4586 1924 4640 enim
1951 4596 2036 4641 est
2067 4585 2197 4655 quid

615 4681 710 4742 illi
758 4676 948 4732 dicant
991 4690 1057 4731 ac
1102 4676 1377 4739 sentiant,
1422 4674 1667 4744 quidque
1708 4674 1907 4728 docere
1956 4673 2201 4727 nitantur

627 4785 925 4843 exponere.
964 4770 1101 4825 Cum
1136 4768 1473 4839 evangelista
1517 4767 1573 4821 in
1620 4766 1743 4822 sinu
1789 4764 1884 4819 Dei
1926 4779 1991 4819 ac
2023 4764 2200 4820 Patris

630 4867 831 4921 Filium
859 4879 984 4920 esse
1014 4863 1194 4929 dicat,
1220 4876 1457 4931 cumque
1487 4860 1747 4915 Ecclesiae
1777 4858 1871 4913 lilii
1906 4865 2053 4912 recte
2083 4873 2206 4912 sen-

629 4960 801 5022 tiant,
843 4964 900 5011 et
937 4971 1005 5012 cx
1050 4953 1211 5010 Patre
1255 4962 1421 5023 atque
1466 4953 1523 5007 iu
1564 4950 1728 5006 Patre
1779 4948 1989 5004 idcirco
2023 4949 2201 5018 ipsum

629 5049 897 5103 exsistere
920 5043 1273 5107 conﬁrment,
1298 5057 1363 5096 ac
1383 5054 1569 5096 veram
1598 5037 1895 5110 generandi
1930 5037 2202 5091 rationem

630 5137 956 5195 servandam
988 5150 1112 5192 esse
1149 5133 1521 5196 contendant,
1549 5132 1605 5185 in
1633 5129 1803 5185 risum
1851 5127 2000 5183 illico
2044 5126 2203 5182 επιιεί

632 5229 898 5283 vecordes
938 5227 1053 5291 illi,
1085 5226 1172 5281 his
1201 5238 1304 5279 nos
1337 5225 1604 5292 impetere
1628 5220 1815 5275 verbis
1860 5235 1968 5273 non
2012 5233 2204 5274 vereu-

634 5331 745 5373 tur.
788 5318 956 5390 Nugae
994 5325 1127 5374 sunt
1169 5322 1371 5372 vestra!
1408 5311 1692 5369 sententiae
1717 5352 1731 5377 ,
1780 5327 1814 5364 o
1856 5310 2015 5375 boni,
2048 5308 2204 5364 indo-

633 5421 783 5466 ctum
812 5411 960 5467 enim
985 5417 1041 5465 et
1070 5408 1347 5464 insulsum
1380 5414 1465 5460 est
1501 5403 1647 5472 quod
1689 5402 1758 5456 de
1798 5400 1907 5455 Deo
1951 5401 2168 5456 sentitis
2189 5443 2204 5467 ,

634 5520 759 5559 cum
803 5520 874 5561 ex
902 5518 969 5559 eo
1008 5502 1155 5574 quod
1200 5501 1254 5554 in
1298 5500 1422 5555 sinu
1467 5496 1643 5551 Patris
1689 5494 1861 5549 Filius
1895 5504 2056 5551 natus
2083 5510 2205 5550 esse

635 5599 862 5662 dicitur,
898 5598 1079 5667 ipsum
1120 5593 1310 5660 utique
1340 5606 1403 5645 ex
1450 5590 1572 5657 ejus
1613 5588 1922 5643 substantia
1970 5588 2204 5644 exivisse

710 5776 755 5805 ‘°
799 5775 975 5830 ICor.
1006 5787 1128 5839 vttt,
1157 5770 1207 5825 5.
1286 5770 1325 5800 “
1358 5766 1487 5823 ibid.
1513 5768 1561 5821 6.
1641 5769 1680 5799 ⁸⁸
1705 5769 1849 5823 Psal.
1887 5786 1993 5838 clx,
2019 5768 2070 5823 5.

2287 1920 2349 1980 οὗ
2382 1928 2449 1981 τὰ
2477 1930 2675 1993 πάντα,
2705 1930 2797 1982 καὶ
2833 1924 2912 1994 εἷς
2943 1929 3145 2000 Κύριος
3186 1928 3387 1999 Ἰησοῦς
3414 1930 3672 2000 Χριστός,
3711 1931 3791 1983 δι’
3823 1926 3891 1984 οὗ

2286 2019 2355 2073 τά
2387 2018 2584 2072 πάντα.
2624 2040 2642 2071 ι
2693 2019 2843 2081 Ἑνός
2882 2018 2989 2089 γὰρ
3036 2018 3186 2081 δντος
3230 2017 3371 2071 κατὰ
3411 2018 3571 2087 φύσιν
3600 2018 3740 2071 Θεοῦ
3780 2020 3893 2072 τοῦ

2289 2109 2519 2180 Πατρός,
2554 2110 2653 2162 οὐκ
2698 2109 2801 2173 ἔξω
2829 2109 2921 2162 τοῦ
2967 2104 3105 2162 εἶναι
3146 2108 3276 2173 Θεὸς
3312 2111 3339 2162 ό
3382 2110 3440 2176 ἐξ
3469 2109 3632 2163 αὐτοῦ
3668 2111 3771 2164 καὶ
3828 2113 3893 2183 έν

2287 2200 2438 2271 αύτῷ
2468 2204 2619 2272 μενεῖ
2649 2200 2842 2269 Λόγος,
2877 2203 2942 2272 τῇ
2978 2200 3071 2253 τοῦ
3105 2201 3463 2272 γεννήσαντος
3504 2202 3729 2273 ἰδιότητι
3753 2202 3891 2255 διαε-

2290 2295 2552 2364 πρέπων,
2606 2295 2700 2346 καὶ
2755 2292 3025 2356 ούσιωδῶς
3079 2292 3215 2363 πρός
3274 2293 3336 2345 τό
3392 2290 3506 2345 ἴσον
3556 2293 3891 2346 ἁναὸαίνων

2287 2384 2523 2454 ἀξίωμα,
2560 2384 2700 2437 κατὰ
2731 2399 2795 2451 γε
2834 2384 2894 2436 τό
2937 2379 3074 2436 εἶναι
3105 2383 3245 2436 κατὰ
3284 2383 3443 2452 φύσιν
3472 2384 3624 2448 Θεός.
3656 2386 3765 2437 Δςὰ
3794 2401 3890 2437 τοι

2286 2476 2441 2529 τοῦτο
2460 2478 2555 2530 καὶ
2578 2478 2635 2529 ἐν
2656 2475 2875 2539 κόλποις
2901 2476 3061 2529 αὐτόν
3088 2472 3229 2528 εἷναί
3253 2494 3383 2547 φησι
3401 2476 3494 2530 τοῦ
3521 2478 3760 2548 Πατρός,
3784 2479 3891 2531 ἵνα

2291 2570 2474 2640 ὲννοῇς
2495 2569 2653 2622 πάλιν
2677 2568 2739 2621 τό
2768 2571 2824 2621 ὲν
2852 2567 2998 2638 αύτῷ
3029 2568 3124 2621 καὶ
3150 2566 3209 2633 ἐξ
3224 2566 3386 2622 αὐτοῦ
3406 2568 3543 2621 κατὰ
3558 2568 3619 2620 τό
3635 2570 3694 2620 ὲν
3714 2568 3883 2622 Ψαλ-

2292 2659 2408 2728 μοῖς
2425 2659 2730 2728 είρημένονο
2754 2678 2771 2709 ι
2783 2659 2877 2711 Ἐκ
2892 2658 3124 2728 γαστρός
3138 2658 3243 2729 πρό
3260 2658 3530 2729 ἑωσφόρου
3544 2658 3889 2727 ὲξεγέννηαά

2292 2769 2372 2805 σε.
2400 2771 2418 2803 ι
2441 2752 2651 2823 Ὥσπερ
2672 2753 2778 2823 γάρ
2800 2754 2856 2806 ἐν
2883 2751 3077 2821 τούτῳ,
3094 2752 3154 2805 τό
3181 2752 3540 2822 «ἐκγαστρός,
3556 2769 3571 2798 ι
3596 2750 3682 2803 διὰ
3704 2751 3795 2815 τὸ,
3818 2751 3889 2815 ἐξ

2289 2843 2471 2909 αὑτοῦ,
2512 2844 2606 2896 καὶ
2646 2844 2883 2914 γνησίως
2910 2843 3141 2913 τίθησιν,
3171 2842 3245 2907 ὡς
3274 2840 3332 2906 ἐξ
3362 2842 3670 2913 ὁμοιότητος
3705 2842 3885 2895 πάλιν

2288 2936 2389 3005 τῆς
2419 2935 2539 2989 καθ’
2569 2936 2715 3005 ἡμᾶς
2738 2951 2751 2965 ·
2798 2934 3011 3003 πρόεισι
3054 2934 3160 3003 γὰρ
3195 2934 3258 2986 ἐκ
3297 2934 3530 3004 γαστρός
3554 2932 3624 2985 τὰ
3670 2933 3732 2998 ἐξ
3776 2934 3881 2985 ἁν-

2292 3026 2522 3098 θρώπων
2551 3025 2864 3095 γεννώμενα
2890 3042 2924 3082 ⁸,
2965 3024 3105 3078 οὕτω
3153 3025 3249 3078 καὶ
3274 3025 3361 3077 ὅτε
3393 3024 3453 3076 τό
3505 3044 3527 3074 ι
3547 3025 3602 3076 ὲν
3630 3024 3821 3093 κόλπῳ
3853 3044 3875 3075 ι

2294 3119 2445 3188 φησὶ,
2498 3118 2778 3189 μονονουχὶ
2825 3116 3070 3186 βούλεται
3104 3116 3298 3186 δῆλουν
3331 3116 3387 3167 ὲν
3419 3117 3484 3185 τῇ
3518 3114 3610 3167 τοῦ
3650 3114 3878 3186 Πατρός

2294 3207 2444 3278 νηδύϊ
2498 3205 2740 3277 γεννώσῃ
2806 3206 2901 3277 μὲν
2948 3206 3038 3259 τόν
3077 3205 3202 3257 Υἱόν
3259 3203 3634 3273 ὲκφαντικῶς,
3680 3203 3762 3265 ὡς
3817 3206 3879 3256 ἐν

2297 3297 2562 3368 ὲκλάμψει
2584 3297 2896 3367 θεοπρεπεῖ,
2919 3297 3011 3348 καὶ
3036 3296 3257 3365 ἀρρήτῳ
3278 3294 3385 3347 τινὶ
3406 3294 3613 3365 προόδῳ
3634 3296 3702 3363 τῇ
3732 3293 3882 3365 πρὸς

2301 3390 2434 3443 ἰδίαν
2468 3389 2786 3452 ὑπόστασιν,
2808 3387 3005 3459 ἐχούσῃ
3031 3387 3088 3440 δὲ
3110 3388 3271 3441 πάλιν
3292 3386 3472 3451 αὐτόν,
3494 3386 3615 3437 ἐπεὶ
3634 3386 3708 3454 μὴ
3730 3384 3876 3437 κατὰ

2298 3482 2602 3551 ἀποκοπὴν,
2624 3482 2743 3551 ἦτοι
2778 3480 3043 3551 μερισμόν
3060 3479 3151 3533 τόν
3176 3478 3315 3531 κατὰ
3342 3479 3527 3548 σῶμα,
3554 3478 3616 3530 τό
3641 3478 3787 3530 θεῖον
3808 3478 3875 3530 ὲκ

2299 3575 2508 3643 Πατρός
2522 3571 2793 3643 προέκυψε
2811 3573 3055 3641 γέννημα
3075 3585 3089 3600 ·
3119 3571 3211 3623 καὶ
3227 3569 3355 3638 γοῦν
3372 3572 3400 3622 ό
3420 3570 3545 3632 Υἱός
3561 3569 3662 3622 πού
3682 3586 3869 3638 φησιν,

2297 3664 2372 3727 ὡς
2394 3664 2479 3733 εἴη
2512 3663 2609 3733 μὲν
2635 3661 2792 3723 αὑτός
2814 3664 2870 3713 ὲν
2902 3662 3092 3732 Πατρὶ,
3121 3660 3232 3729 ἐχοι
3256 3660 3299 3713 δ’
3329 3655 3393 3712 αὗ
3425 3660 3584 3712 πάλιν
3615 3660 3672 3710 ὲν
3695 3658 3874 3728 ἑαυτῷ

2298 3756 2388 3810 τόν
2425 3754 2676 3824 Πατέρα·
2728 3752 2788 3804 τό
2819 3752 2927 3821 γάρ
2955 3752 3085 3803 ῐδιον
3113 3751 3247 3803 αὑτό
3279 3752 3379 3820 τῆς
3401 3750 3494 3802 τοῦ
3526 3750 3739 3820 Πατρός
3776 3751 3873 3802 οὖ-

2301 3844 2418 3905 σίας
2454 3841 2696 3911 φυσικῶς
2727 3840 2911 3909 διῆκον
2948 3840 3026 3902 εἰς
3060 3838 3152 3890 τόν
3189 3838 3336 3901 Υἱὸν,
3374 3839 3430 3889 ὲν
3462 3836 3609 3907 αύτῷ
3628 3837 3874 3889 δείκνυσι

2298 3931 2389 3983 τόν
2442 3928 2659 3998 Πατέρα
2686 3942 2699 3955 ·
2753 3926 2865 3995 ἔχει
2909 3925 2951 3977 δ’
2987 3920 3053 3979 αὖ
3099 3926 3261 3979 πάλιν
3304 3927 3332 3979 ὁ
3363 3925 3551 3994 Πατὴρ
3603 3924 3660 3977 ὲν
3690 3923 3873 3993 ἑαυτῷ

2299 4017 2389 4070 τόν
2428 4017 2551 4069 Υίόν
2580 4013 2986 4085 ἀπαραλλάκτῳ
3015 4012 3117 4083 τῆς
3152 4013 3337 4077 οὐσίας
3377 4012 3661 4081 ταυτότητι
3692 4011 3874 4081 ῥιζούο

2304 4121 2463 4175 μενον
2484 4144 2498 4169 ,
2548 4102 2643 4155 καὶ
2687 4101 3035 4170 ἐκπεφυκότα
3070 4101 3168 4170 μὲν
3204 4099 3277 4164 ὡς
3312 4099 3370 4163 ἐξ
3401 4097 3597 4163 αὑτοῦ,
3644 4097 3780 4167 πλὴν
3810 4098 3873 4150 ού

2300 4189 2442 4243 κατὰ
2476 4188 2760 4259 μερισμὸν,
2793 4189 2826 4259 ἢ
2858 4187 3137 4241 διάστασιν
3178 4188 3431 4258 τοπικὴν,
3480 4187 3592 4240 ἀλλ’
3632 4186 3871 4255 ὲνυπὰρ⁴

2301 4277 2462 4347 χοντά
2502 4293 2560 4329 τε
2607 4277 2699 4329 καὶ
2744 4276 2834 4328 άελ⁹
2882 4274 3331 4344 συνυπάρχοντα·
3378 4273 3520 4326 οὕτω
3569 4273 3634 4343 δὴ
3672 4272 3872 4342 μᾶὶλον

2301 4362 2536 4426 εὐσεϐῶς
2575 4362 2635 4415 τό
2672 4364 2730 4415 ὲν
2758 4362 2981 4423 κόλποις
3015 4355 3152 4416 εἶναι
3193 4360 3287 4412 τοῦ
3317 4360 3529 4429 Πατρός
3569 4360 3872 4429 παραδεξό-

2306 4450 2443 4521 μεθα
2486 4448 2576 4503 τόν
2623 4450 2768 4514 Υίόν,
2813 4449 2873 4501 οὐ
2922 4448 3171 4515 καθάπερ
3219 4445 3533 4517 ὲξειλήφασί
3579 4463 3721 4508 τινες
3762 4445 3873 4497 τῶν

3239 4537 3415 4604 κρῖμα
3457 4534 3662 4586 ἔνδικόν
3708 4535 3822 4585 ἐστι
3853 4550 3867 4562 ⁸

2305 4627 2484 4680 πάντα
2531 4626 2639 4696 γὰρ
2686 4626 2756 4678 τὰ
2805 4623 2941 4693 όρθὰ
2987 4622 3404 4692 διαστρέφουσι,
3454 4622 3595 4675 κατὰ
3633 4621 3732 4687 τὴν
3776 4620 3872 4673 τοῦ

2307 4715 2583 4786 προφήτου
2615 4712 2816 4781 φωνὴν,
2841 4711 2939 4773 τὰς
2966 4710 3072 4763 τῶν
3098 4709 3478 4781 ἁπλουστέρων
3510 4708 3875 4779 παραλύοντες

2308 4803 2498 4865 ἀκοὰς,
2528 4801 2620 4853 καὶ
2646 4800 3047 4870 ἁμαρτάνοντες
3093 4798 3415 4867 ἀφυλάκτως
3454 4799 3531 4862 είς
3570 4797 3695 4859 τοὺς
3724 4797 3873 4848 ἀδελ-

2310 4890 2464 4959 φοὺς,
2494 4889 2631 4957 ὑπὲρ
2656 4881 2730 4939 ὧν
2766 4887 2997 4957 Χριστός
3039 4886 3297 4940 ἀπέθανε.
3346 4884 3411 4937 Τί
3442 4886 3549 4957 γὰρ
3578 4884 3641 4955 δὴ
3674 4883 3869 4945 νοοῦσι,

2312 4979 2405 5032 καὶ
2437 4976 2677 5045 λέγουσι,
2722 4975 2814 5027 καὶ
2846 4974 3119 5028 διδάσκειν
3148 4972 3538 5045 ἐπιχειροῦσιν,
3582 4972 3871 5038 ἀναγκαῖον

2312 5066 2489 5119 εἰπεῖν
2515 5082 2527 5094 ·
2582 5064 2675 5125 Εἰς
2708 5062 2797 5115 τόν
2824 5062 3019 5114 κόλπον
3054 5062 3146 5115 τοῦ
3187 5061 3321 5114 Θεοῦ
3386 5061 3481 5112 καὶ
3527 5058 3736 5131 Πατρός
3783 5058 3871 5111 τόν

2312 5153 2439 5207 Υἱόν
2472 5147 2611 5205 εἶναι
2662 5148 2755 5202 τοῦ
2807 5148 2961 5217 ἁγίου
3011 5148 3258 5217 λέγοντος
3302 5146 3714 5215 εὐαγγελιστοῦ,
3760 5140 3873 5199 εἶτα

2309 5244 2417 5297 τῶν
2448 5242 2548 5312 τῆς
2584 5238 2908 5308 Ἐκκλησίας
2938 5236 3143 5289 τέκνων
3176 5236 3438 5288 νοούντων
3474 5234 3667 5306 ὀρθῶς,
3698 5234 3788 5287 καὶ
3812 5239 3873 5286 ὲκ

2314 5330 2526 5403 Πατρός
2565 5328 2662 5381 καὶ
2704 5329 2760 5379 ὲν
2819 5326 2993 5395 Πατρὶ
3049 5324 3137 5377 διὰ
3185 5323 3339 5376 τοῦτο
3387 5321 3871 5391 διαϐεόαιουμένων

2314 5417 2576 5486 ὑπάρχειν
2608 5410 2790 5472 αὐτόν,
2824 5409 2916 5461 καὶ
2957 5406 3018 5459 τό
3045 5408 3103 5459 ὲν
3136 5412 3381 5477 γεννήσει
3414 5409 3632 5477 γνήσιον
3670 5404 3860 5491 ἀποσώ-

2312 5504 2498 5569 ζεσθαι
2519 5502 2650 5561 δεῖν,
2676 5496 2770 5550 καὶ
2799 5494 2941 5565 μάλα
2964 5495 3187 5558 εἰκότως
3211 5494 3654 5562 φιλονεικούντων
3680 5495 3868 5555 αὑτων,

2310 5591 2631 5660 διαγελῶσιν
2665 5586 2822 5649 εὐθὺς
2849 5585 2897 5637 oi
2936 5585 3083 5656 πάσῃ
3118 5582 3405 5656 μεθύοντες
3438 5584 3671 5655 ἀμαθίᾳ,
3696 5583 3784 5636 καὶ
3810 5582 3869 5652 δὴ

2150 5768 2192 5799 ⁸³
2224 5766 2381 5822 Joau.
2410 5783 2516 5832 xw,
2565 5766 2648 5819 ll.
2726 5766 2770 5797 ⁸¹
2804 5764 2962 5820 Mich.
2990 5780 3072 5830 tu,
3113 5764 3146 5819 9
