4118 6534
206 394 298 450 181

1251 398 1318 454 ΙΝ
1348 399 1635 458 JOANNIS
1664 401 2111 461 EVANGELIUM
2149 406 2279 465 LIB.
2318 408 2359 465 Ι.

3357 430 3464 485 182

203 508 297 562 καὶ
342 509 690 582 ἀποτολμῶσι
725 514 937 583 λέγειν·
988 516 1198 587 Λῆρος,
1241 512 1287 571 ὦ
1335 512 1502 584 οὗτοι,
1550 521 1619 575 τὰ
1650 521 1780 593 παρ’

1890 526 2090 592 putatis
2111 564 2126 589 ,
2156 537 2211 582 et
2246 528 2505 586 increataa
2535 540 2746 591 natura:
2776 536 2969 593 fetum'
2991 553 3116 597 esse
3158 545 3325 602 stulte
3369 544 3463 603 su-

203 600 334 671 ύμῖν
361 617 375 632 ·
419 602 481 655 ού
522 603 632 674 γὰρ
663 606 1029 671 εὐπαιδεύτως
1073 608 1141 662 τά
1192 611 1318 682 περὶ
1342 611 1475 665 Θεοῦ
1508 611 1781 679 δοξάζετε,

202 688 293 743 διὰ
318 688 380 742 τὸ
425 691 484 743 ὲν
524 692 710 764 κόλπῳ
751 695 1000 766 λέγεσθαι
1046 697 1139 751 τοῦ
1174 700 1388 772 Πατρὸς
1418 702 1507 755 τὸν
1540 702 1667 756 Υἱὸν
1695 703 1785 756 ἐκ·

204 784 526 852 πεφυκέναι,
562 788 778 853 πάντως
808 790 971 845 αὐτὸν
997 791 1255 862 οἰόμενοι,
1288 794 1388 865 τῆς
1412 795 1597 859 οὐσίας
1623 795 1785 849 αὑτοῦ

205 875 299 926 καὶ
346 874 447 947 τῆς
494 877 759 949 ἀγενήτου
816 880 1031 950 φύσεως
1082 877 1222 935 εἶναι
1280 884 1513 956 καρπὸν,
1544 886 1787 957 ἀνοήτως

206 964 699 1037 ὑπολαμϐάνοντες.
752 972 824 1024 Ἦ
869 971 976 1044 γὰρ
1022 974 1121 1026 οὐκ
1164 974 1456 1043 ⁴ἠκούσατε,
1502 977 1687 1045 φασὶν,
1728 976 1787 1029 ὲν

202 1058 324 1119 ταῖς
368 1059 754 1130 εύαγγελικαῖς
787 1064 1146 1134 παραϐολαῖς,
1193 1067 1282 1119 ὅτε
1332 1067 1459 1131 τοὺς
1512 1069 1641 1139 περὶ
1693 1067 1786 1121 τοῦ

205 1144 462 1202 πλουσίου
518 1151 614 1205 καὶ
661 1151 754 1205 τοῦ
804 1152 1057 1225 Λαζάρου
1108 1155 1301 1223 λόγους
1352 1157 1512 1220 αὐτὸς
1556 1159 1789 1211 ἐποιεῖτο

203 1234 455 1304 Χριστὸς,
485 1238 567 1293 ὅτι
610 1240 853 1308 Ἐγένετο
880 1241 937 1296 δὲ
961 1242 1258 1298 ἀποθανεῖν
1289 1246 1380 1299 τὸν
1401 1246 1671 1318 Λάζαρον,
1697 1248 1789 1301 καὶ

202 1329 566 1401 ἀπενεχθῆναι
612 1332 716 1387 ὑπὸ
750 1333 857 1388 τῶν
908 1336 1157 1404 ἀγγέλων
1203 1338 1285 1401 εἰς
1332 1338 1425 1391 τὸν
1467 1339 1665 1394 κόλπον
1694 1340 1788 1393 τοῦ

215 1419 506 1493 Ἀϐραάμ;
572 1423 785 1479 Δώσετε
837 1426 903 1498 δὴ
954 1423 1070 1491 οῦν,
1099 1428 1187 1482 διά
1242 1428 1302 1482 τὸ
1359 1430 1417 1481 ὲν
1463 1429 1651 1499 κόλπῳ
1694 1429 1788 1483 τοῦ

216 1509 466 1583 ’Λϐραάμ
522 1516 772 1583 γενέσθαι
818 1517 907 1572 τὸν
954 1518 1222 1591 Λάζαρον,
1268 1519 1326 1583 ἐξ
1362 1519 1524 1573 αὑτοῦ
1592 1521 1686 1574 καὶ
1732 1522 1790 1574 ἐν

203 1602 354 1674 αύτῷ
404 1606 546 1660 κατά
603 1607 763 1677 φύσιν
823 1609 1090 1681 ὑπάρχειν
1161 1611 1354 1678 αύτόν;
1406 1611 1438 1681 ἢ
1485 1610 1643 1665 τοῦτο
1693 1613 1790 1682 μὲν

204 1698 606 1770 παραιτήσεσθε
669 1700 885 1771 λέγειν,
952 1703 1230 1767 ποιοῦντες
1307 1703 1516 1775 ὀρθῶς,
1576 1705 1666 1758 διὰ
1733 1704 1791 1758 δὲ

201 1786 299 1840 τοῦ
335 1790 534 1843 κόλπου
576 1790 673 1862 τὴν
722 1793 1001 1863 ἀγάπησιν
1046 1794 1284 1851 νοεῖσθαι
1334 1795 1429 1851 καὶ
1486 1796 1641 1850 αὐτοὶ
1691 1797 1790 1849 σὺν

204 1882 339 1949 ἡμῖν
388 1884 805 1955 συγχωρήσετε;
868 1881 1027 1940 Εἶναι
1076 1885 1362 1959 τοιγαροῦν
1409 1887 1502 1941 τὸν
1554 1888 1680 1944 Υίὸν
1728 1891 1786 1943 ὲν

205 1973 396 2044 κόλπῳ
441 1975 623 2046 φαμὲν
674 1976 768 2030 τοῦ
814 1977 949 2031 Θεοῦ
995 1980 1089 2032 καὶ
1136 1980 1373 2051 Πατρὸς,
1420 1981 1541 2035 ἀντὶ
1583 1979 1677 2035 τοῦ
1728 1983 1787 2035 ὲν

206 2062 499 2134 ἀγαπήσει,
550 2065 693 2119 καθὰ
740 2066 833 2120 καὶ
874 2067 1038 2131 αὑτός
1065 2068 1167 2122 πού
1204 2086 1388 2138 φησιν’
1447 2090 1465 2122 ι
1506 2071 1562 2125 '0
1597 2072 1787 2143 Πατὴρ

203 2153 396 2225 ἀγαπᾷ
421 2155 515 2209 τὸν
546 2156 693 2211 Υίόν.
726 2176 745 2209 ι
797 2156 937 2210 Ἀλλ’
977 2159 1106 2213 ὅταν
1136 2159 1347 2223 τούτοις
1392 2161 1541 2232 ἡμᾶς
1581 2161 1787 2216 παίωσι

199 2248 318 2309 τοῖς
363 2245 541 2315 λόγοις
590 2250 637 2302 οἱ
688 2249 1138 2322 φιλεπιτιμηταὶ,
1191 2253 1283 2306 καὶ
1332 2253 1473 2323 πρὸς
1524 2254 1685 2324 μόνον
1728 2255 1788 2309 τὸ

198 2337 644 2409 διαλοιδορεϊσθαι
677 2342 886 2413 γοργοὶ,
934 2343 1058 2396 τότε
1096 2344 1191 2397 καὶ
1223 2345 1384 2415 ἡμεῖς
1430 2344 1786 2417 ἀντεροῦμεν,

198 2426 293 2479 τὸν
347 2426 509 2498 ὀρθὸν
567 2430 669 2500 τῆς
724 2430 983 2502 ἀληθείας
1040 2432 1426 2502 ἀντεξάγοντες
1488 2433 1663 2502 λόγον·
1729 2434 1787 2487 '0

201 2517 399 2582 κόλπος
434 2519 586 2591 ἡμῖν,
627 2514 672 2575 ὦ
715 2521 1001 2592 βέλτιστοι,
1052 2525 1307 2596 σημαίνει
1351 2524 1477 2579 καθ’
1507 2526 1651 2592 ὑμᾶς
1687 2526 1787 2598 τὴν

200 2604 479 2677 ἀγάπησιν
504 2623 518 2639 ο
569 2608 727 2662 τοῦτο
770 2610 879 2682 γὰρ
914 2610 1120 2681 ἀρτίως
1152 2611 1417 2680 λεγόντων
1450 2613 1783 2685 ἠκούσαμεν.

200 2693 327 2767 *Δρ*
348 2692 463 2763 οὖν,
486 2700 670 2770 ἐπειδή
681 2718 782 2771 περ
808 2720 826 2754 ι
850 2703 1165 2772 Ἠγάπησε,ν
1185 2704 1213 2755 6
1238 2702 1368 2766 Θεὸς
1396 2703 1486 2758 τὸν
1510 2704 1736 2775 κόσμον,
1762 2724 1780 2757 ι

204 2787 347 2839 κατά
371 2787 471 2859 τὴν
514 2788 607 2841 τοῦ
642 2789 893 2860 Σωτῆρος
926 2791 1112 2860 φωνήν
1136 2807 1150 2823 ο
1205 2791 1393 2862 ἀγαπᾷ
1432 2792 1489 2844 δὲ
1542 2812 1560 2843 ι
1586 2793 1789 2863 Κύριος

208 2878 429 2943 καὶτὰς
470 2878 645 2942 πύλας
678 2879 839 2945 Σιὼν,
887 2901 905 2934 ι
956 2881 1101 2936 κατὰ
1132 2882 1224 2936 τὸν
1260 2883 1415 2951 ἅγιον
1458 2885 1783 2956 Ψαλμῳδόψ

203 2973 506 3037 ἀκινδύνως
546 2972 777 3045 ἐροῦμεν
822 2975 880 3028 ὲν
917 2975 1103 3046 κόλπῳ
1133 2974 1226 3028 τοῦ
1262 2976 1397 3029 Θεοῦ
1441 2979 1535 3031 καὶ⁸
1577 2978 1789 3049 Πατρὸς

200 3065 296 3119 τόν
322 3083 379 3118 τε
402 3066 604 3137 κόσμον
655 3067 817 3120 αὐτὸν
852 3067 946 3121 καὶ
972 3067 1074 3131 τὰς
1103 3068 1198 3139 τῆς
1231 3067 1369 3121 Σιὼν
1398 3064 1536 3123 εἶναι
1571 3069 1745 3133 πύλας
1770 3086 1784 3135 ;

206 3158 377 3212 Ὅταν
417 3159 474 3211 δὲ
522 3158 654 3231 λέγῃ
703 3159 796 3212 καὶ⁹
836 3159 974 3230 πρὸς
1025 3159 1117 3212 τὸν
1170 3162 1495 3232 ἱεροφάντην
1543 3161 1745 3214 Μωσέα
1770 3202 1785 3227 ,

211 3268 232 3301 ι
272 3249 561 3318 Είσένεγκε
607 3250 704 3321 τὴν
750 3252 908 3322 χεῖρά
956 3268 1050 3305 σου
1092 3252 1170 3315 εἰς
1219 3251 1310 3304 τὸν
1356 3252 1554 3305 κόλπον
1604 3270 1718 3318 σου,
1763 3272 1783 3306 ι

203 3341 442 3413 ἀγαπᾷν,
481 3342 603 3395 εἰπέ
639 3359 751 3412 μοι,
794 3342 1123 3411 προστάττει
1152 3342 1250 3414 τὴν
1290 3345 1447 3415 χεῖρα
1487 3343 1657 3414 αὐτῷ,
1696 3344 1790 3398 καὶ

203 3430 324 3501 οὐχ).
372 3430 568 3501 μᾶλλον
624 3431 1052 3505 κατακρύψαντα
1115 3432 1300 3505 ἔχεινς
1367 3430 1502 3489 Εἶτα
1559 3436 1676 3499 πῶς
1726 3437 1788 3490 ού

208 3525 380 3594 μέγαν
402 3525 493 3578 ἐπὶ
520 3525 730 3590 τούτοις
759 3526 1070 3599 ὀφλήσομεν
1092 3529 1337 3596 γέλωτα;
1364 3527 1562 3599 μᾶλλον
1594 3529 1651 3582 δὲ
1673 3530 1790 3594 πῶς

205 3617 287 3679 είς
330 3616 491 3671 αὐτὸν
528 3617 629 3670 οὐκ
672 3619 1015 3690 ἀσεϐήσομεν
1060 3619 1150 3673 τὸν
1212 3619 1467 3690 Πατέρα,
1515 3621 1692 3674 πάντα
1733 3623 1789 3674 ὲν

207 3706 429 3769 κόλποις
461 3703 600 3761 εἶναι
627 3706 875 3777 λέγοντες
905 3709 1093 3775 αὑτοῦ,
1130 3709 1224 3763 καὶ
1251 3709 1313 3763 τὸ
1348 3710 1512 3779 μόνου
1542 3710 1636 3764 τοῦ
1677 3712 1791 3765 Mo-

206 3798 457 3868 νογενοῦς
476 3800 750 3872 ἐξαίρετον
775 3802 977 3871 ἀγαθὸν
1002 3802 1433 3866 κοινοποιοῦντες
1454 3806 1564 3867 τοῖς
1590 3802 1788 3868 ἄλλοις,

209 3888 298 3942 ἱνα
353 3888 513 3941 πλέον
562 3889 674 3960 ἔχοι
734 3889 899 3960 μηδὲν
952 3890 1104 3961 παρὰ
1151 3890 1251 3961 τὴν
1305 3890 1482 3944 κτίσιν
1532 3892 1560 3944 6
1616 3891 1787 3959 Υἱός;

207 3975 416 4029 Ούκοῦν
439 3979 559 4039 ταῖς
592 3976 816 4031 ἐκείνων
842 3977 1118 4040 ἀϐουλίαις
1148 3972 1425 4049 ἐρρῶσθαι
1460 3978 1789 4048 φράσαντες,

207 4064 302 4115 ὲπὶ
324 4064 412 4116 τὸν
445 4064 573 4133 εύθῆ
603 4065 701 4134 τῆς
730 4064 989 4136 ἀληθείας
1022 4064 1312 4135 βαδιοῦμεν
1348 4064 1632 4136 λογισμὸν,
1663 4066 1791 4120 ὅταν

209 4152 269 4204 ὲν
299 4150 485 4221 κόλπῳ
524 4149 746 4222 λέγηται
779 4152 874 4205 τοῦ
925 4152 1138 4221 [ἰατρὸς
1168 4154 1196 4206 ό
1230 4151 1379 4215 Υἱὸς,
1404 4151 1463 4219 ἐξ
1500 4152 1664 4205 αὑτοῦ
1700 4154 1793 4207 καὶ

210 4239 270 4290 ὲν
296 4236 444 4307 αύτῷ
476 4238 720 4302 νοοῦντες
758 4238 918 4293 αὐτόν
945 4256 958 4271 ⁸
1009 4240 1418 4311 ἀναμαξάμενοι
1448 4240 1506 4293 δὲ
1547 4240 1793 4312 ἀκριϐῶς

207 4324 309 4395 τὴν
350 4323 446 4377 τοῦ
489 4326 756 4395 νοήματος
809 4326 1066 4396 δύναμιν,
1122 4325 1296 4389 οὕτως
1352 4326 1507 4393 ἔγον,
1564 4330 1658 4380 καὶ
1694 4328 1792 4399 οὐχ

209 4411 412 4483 ἑτέρως
468 4413 790 4484 εὑρήσομεν.
833 4432 852 4467 ι
907 4413 963 4468 '0
994 4414 1305 4485 μονογενὴς,
1368 4414 1523 4483 φησὶ,
1557 4413 1709 4481 Θεὸς,
1764 4417 1793 4468 6

209 4497 288 4552 ῶν
322 4501 402 4561 εἰς
425 4498 518 4553 τὸν
543 4499 741 4553 κόλπον
768 4500 864 4554 τοῦ
895 4501 1129 4572 Πατρὸς,
1166 4501 1371 4564 ἐκεῖνος
1415 4499 1738 4570 ἐξηγήσατο.
1764 4521 1782 4553 ι

224 4587 439 4658 Ἐπειδὴ
464 4586 573 4659 γὰρ
610 4587 714 4659 ἔφη
757 4592 1019 4659 μονογενῆ
1059 4588 1154 4642 καὶ
1179 4588 1332 4654 Θεὸν,
1365 4588 1580 4660 τίθησιν
1605 4589 1787 4655 εὐθὺς,

216 4691 236 4724 ι
256 4674 317 4725 '0
344 4672 419 4727 ὢν
451 4676 508 4729 ὲν
532 4678 645 4738 τοῖς
667 4676 887 4741 κόλποις
923 4676 1016 4729 τοῦ
1052 4677 1282 4748 Πατρὸς,
1318 4695 1336 4729 ι
1366 4676 1452 4730 ἵνα
1477 4676 1665 4746 νοῆται
1690 4679 1783 4731 καὶ

214 4759 339 4822 Υίὸς
368 4759 428 4825 ἐξ
463 4761 648 4826 αὐτοῦ,
669 4764 763 4817 καὶ
787 4764 845 4816 ὲν
869 4762 1018 4833 αύτῷ
1048 4762 1310 4831 φυσικῶς,
1333 4763 1453 4817 ἀντὶ
1475 4764 1577 4835 τῆς
1600 4765 1787 4830 οὐσίας

210 4846 302 4899 τὸν
328 4847 527 4904 κόλπον
553 4851 744 4919 εἰπὼν,
772 4850 848 4914 ὡς
890 4852 953 4904 ἐκ
983 4849 1423 4921 παραδείγματος
1452 4852 1783 4923 σωματικοῦ.

213 4935 385 4989 Τύποι
420 4937 526 5007 γάρ
564 4938 669 4991 εἰσί
720 4956 837 5003 πως
876 4938 986 4992 τῶν
1026 4937 1232 5010 νοητῶν
1278 4938 1346 4992 τὰ
1384 4940 1780 5012 ἐμφανέστερα,

214 5023 310 5076 καὶ
346 5028 676 5095 χειραγωγεϊ
710 5026 847 5098 πρὸς
878 5025 1183 5097 κατάληψιν
1216 5024 1325 5079 τῶν
1363 5024 1502 5097 ὑπὲρ
1539 5028 1687 5099 ἡμᾶς
1722 5029 1789 5082 τὰ

213 5111 273 5163 ὲν
304 5112 433 5181 ἡμῖν
457 5129 471 5143 ·
504 5111 838 5184 λαμϐάνεται
857 5113 914 5167 δὲ
936 5114 1197 5176 πολλάκις
1223 5113 1298 5175 ὡς
1329 5113 1387 5166 ὲν
1412 5113 1616 5178 εἰκόνος
1639 5115 1792 5182 τάξει

213 5196 284 5251 τά
333 5200 655 5270 σωματικὰ,
709 5203 804 5255 καὶ
849 5201 1188 5273 λεπτοτέρων
1237 5202 1369 5271 ἡμῖν
1422 5200 1790 5274 θεωρημάτων

216 5286 455 5357 είσφέρει
491 5287 591 5359 τὴν
634 5288 960 5360 κατάληψιν,
1004 5291 1052 5343 εί
1099 5289 1194 5342 καὶ
1224 5287 1367 5341 οὕτω
1414 5292 1612 5343 νοεῖται
1653 5290 1792 5343 κατά

216 5375 404 5445 καιρὸν
444 5377 666 5439 οἰκεῖον,
712 5377 788 5440 ὡς
832 5376 897 5430 ἂν
939 5376 1191 5447 εἰρῆσθαι
1231 5376 1385 5447 δοκῇ,
1428 5378 1609 5431 όποῖον
1655 5372 1793 5432 εἶναί

216 5478 356 5533 φημι
382 5463 444 5516 τὸ
470 5465 562 5517 ἐπὶ
587 5464 832 5528 Μωσέως
854 5504 869 5529 ,
907 5465 1228 5535 «Είσένεγκε
1257 5465 1356 5536 τὴν
1383 5466 1540 5535 χεῖρά
1570 5482 1663 5518 σου
1712 5468 1793 5529 εἰς

213 5548 306 5602 σιὸν
333 5549 531 5603 κόλπον
566 5568 679 5604 σου.
717 5570 735 5602 ι
784 5552 1056 5622 Ἀδικήσει
1088 5552 1146 5605 δὲ
1179 5552 1314 5615 ὅλως
1342 5551 1432 5604 τὸν
1460 5551 1616 5620 λόγον
1644 5552 1795 5606 οὐδὲν

215 5635 277 5688 τὸ
315 5636 374 5688 ὲν
424 5637 607 5707 κόλπῳ
643 5636 917 5692 τεθεῖσθαι
961 5637 1055 5692 τοῦ
1112 5638 1365 5709 Ἀϐραὰμ
1409 5638 1500 5692 τὸν
1548 5638 1796 5711 Λάζαρον

287 5747 333 5779 ⁸⁸
368 5746 501 5803 Luc.
554 5765 663 5819 xvi,
698 5750 877 5806 lii-3|.
951 5750 1159 5807 "Joan.
1202 5766 1297 5815 tu,
1339 5750 1428 5807 55.
1492 5752 1538 5784 ⁸⁸
1571 5752 1703 5808 ibid.
1758 5753 1777 5807 i

1925 5757 1968 5787 "
2007 5756 2149 5811 Psal.
2190 5770 2424 5819 Lxxxw,
2452 5756 2505 5809 2.

217 5817 290 5872 20
316 5834 469 5890 scqq.
546 5820 593 5851 9°
614 5817 745 5875 Luc.
776 5835 887 5885 XVI,
926 5821 1014 5874 ἓξ.

1886 615 2204 685 spicamini.
2237 617 2548 693 Numquid)
2576 627 2722 680 enim
2777 630 3013 688 audistis
3036 674 3050 698 ,
3084 633 3376 706 inquiunt,
3410 641 3465 694 in

1886 711 2222 780 evangelicis
2250 714 2530 782 parabolis
2572 717 2654 781 ⁸⁸,
2700 720 2790 775 ubi
2833 723 2902 779 de
2942 723 3117 781 divite
3158 736 3212 783 et
3261 727 3467 785 Lazaro

1887 801 2051 855 verba
2079 800 2338 860 Christus
2370 805 2641 874 faciebat,
2674 810 2943 869 Lazarum
2985 824 3107 886 post
3138 828 3369 875 mortem
3400 823 3468 875 ab

1888 893 2097 963 angelis
2139 894 2193 949 in
2241 896 2422 951 sinum
2468 898 2704 956 Abrahae
2748 902 2926 960 fuisse
2965 909 3285 975 portatum?
3326 910 3466 966 Num

1889 982 2077 1052 igitur,
2112 988 2371 1055 quoniam
2416 988 2473 1043 in
2506 991 2632 1046 sinu
2666 993 2899 1050 Abrahze
2940 997 3183 1057 Lazarus
3224 1017 3348 1058 esse
3383 1003 3469 1057 di-

1890 1071 2057 1138 citur,
2088 1089 2150 1129 ex
2180 1076 2300 1145 ipso
2331 1088 2385 1133 et
2417 1078 2473 1133 in
2520 1079 2641 1151 ipso
2686 1098 2811 1139 eum
2852 1087 3124 1143 exsistere
3168 1093 3466 1147 secundum

1889 1171 2145 1220 naturam
2198 1170 2557 1235 concedetis,
2611 1182 2704 1227 aut
2756 1175 2811 1229 id
2867 1186 3019 1233 recte
3070 1172 3469 1253 sapienterque

1889 1256 2197 1325 negabitis,
2241 1258 2337 1315 sed
2393 1276 2490 1330 per
2542 1262 2727 1317 sinum
2782 1280 3025 1322 amorem
3080 1269 3308 1340 intelligi
3363 1274 3466 1341 ipsi

1890 1360 2109 1415 quoque
2143 1349 2429 1406 nobiscum
2460 1351 2773 1409 fatebimini
2800 1356 2822 1409 ?
2851 1359 2911 1412 in
2945 1358 3070 1414 sinu
3108 1376 3240 1431 ergo
3270 1361 3364 1417 Dei
3405 1377 3469 1417 ac

1891 1432 2071 1490 Patris
2102 1435 2298 1491 Filium
2339 1454 2464 1495 esse
2495 1440 2767 1510 dicimus,
2810 1445 2863 1499 id
2904 1453 3025 1511 est,
3071 1449 3127 1503 in
3176 1450 3469 1511 dilectione

1892 1532 2058 1596 atque
2090 1542 2281 1585 amore
2305 1570 2321 1595 ,
2353 1531 2497 1587 sicut
2528 1534 2646 1604 ipse
2674 1552 2896 1607 quoque
2940 1540 3019 1594 ait
3048 1541 3250 1597 alicubi
3277 1582 3292 1606 ,
3326 1563 3345 1595 ι
3370 1542 3468 1598 Pa-

1892 1624 1978 1671 ter
2003 1618 2184 1691 diligit
2214 1620 2415 1677 Filium
2448 1623 2513 1676 ⁸⁶.
2547 1644 2566 1678 ι
2594 1627 2758 1698 Atqui
2788 1630 2834 1684 si
2863 1646 2963 1685 nos
2988 1629 3259 1699 ejusmodi
3289 1635 3468 1691 verbis

1892 1716 2079 1779 petant
2104 1712 2354 1770 homines
2371 1715 2438 1769 ad
2458 1718 2961 1786 reprehendendum
2984 1724 3166 1794 proni,
3186 1734 3241 1780 et
3264 1725 3319 1780 in
3332 1741 3469 1782 con-

1892 1802 2154 1860 viciando
2181 1804 2454 1863 duntaxat
2485 1812 2754 1879 solertes,
2809 1825 2937 1870 tunc
2982 1832 3085 1873 nos
3115 1818 3196 1874 eis
3223 1820 3465 1876 vicissim
3560 1807 3571 1815 ’

1888 1896 2377 1966 respondebimus,
2413 1913 2618 1957 reetum
2649 1906 2903 1961 veritatis
2931 1922 3246 1965 sermonem
3280 1925 3458 1981 oppo-

1886 1995 2097 2040 nentes.
2151 1985 2320 2044 Sinus
2363 1989 2508 2059 apud
2552 2007 2688 2056 vos,
2721 2009 2755 2048 ο
2785 1994 2950 2059 boni,
3000 2011 3099 2066 pro
3154 1998 3451 2055 dilectione

1888 2071 2166 2127 sumitur:
2219 2074 2275 2129 id
2324 2078 2469 2131 enim
2511 2080 2674 2134 modo
2722 2096 2750 2133 a
2800 2082 2959 2137 vobis
3001 2085 3337 2142 audivimus.
3384 2089 3461 2142 An

1886 2162 2076 2233 igitur,
2114 2166 2374 2235 quoniam
2402 2186 2421 2219 ι
2442 2167 2586 2226 Deus
2618 2171 2809 2226 dilexit
2852 2174 3114 2231 mundum
3145 2177 3226 2243 ⁸⁸,
3258 2197 3276 2230 ι
3306 2179 3464 2248 juxta

1890 2251 2194 2312 Salvatoris
2217 2272 2443 2325 vocem,
2471 2269 2526 2316 et
2552 2262 2731 2334 diligit
2757 2280 2978 2335 quoque
3004 2286 3022 2318 ι
3050 2267 3314 2326 Dominus
3345 2286 3465 2341 por-

1887 2354 1972 2403 tas
2003 2347 2133 2405 Sion
2168 2350 2234 2414 ⁸⁷,
2268 2371 2286 2403 ι
2315 2360 2374 2406 ut
2402 2355 2552 2409 canit
2581 2364 2812 2413 sanctus
2844 2356 3136 2415 Psalmista
3158 2403 3173 2427 ,
3203 2363 3344 2417 citra
3375 2380 3467 2433 pe-

1887 2440 2123 2495 riculum
2152 2442 2435 2511 dicemus,
2474 2446 2527 2501 in
2556 2447 2683 2520 sinu
2727 2447 2821 2505 Dei
2865 2465 2929 2505 ac
2959 2450 3135 2508 Patris
3175 2469 3297 2510 esse
3337 2470 3464 2511 cum

1887 2534 2151 2588 mundum
2195 2535 2408 2605 ipsum,
2467 2547 2580 2593 tum
2631 2548 2819 2610 portas
2863 2540 3041 2596 Sion?
3095 2543 3231 2598 Cum
3283 2556 3463 2601 autem

1886 2623 2036 2679 dicat
2066 2626 2132 2681 ad
2164 2627 2350 2683 Mosen
2379 2646 2663 2687 sacrorum
2702 2635 2862 2704 107
2896 2634 3201 2691 antistitem
3228 2655 3241 2691 :
3275 2655 3292 2688 ι
3324 2636 3467 2691 lnfer

1888 2733 2105 2773 manum
2148 2727 2295 2774 tuam
2335 2721 2389 2776 in
2424 2723 2606 2778 sinum
2641 2732 2795 2779 tuum
2822 2727 2867 2757 ⁸⁸
2895 2746 2912 2779 ι
2934 2728 3200 2798 numquid
3222 2770 3238 2793 ,
3267 2727 3466 2782 amabo

1887 2822 2016 2873 vos,
2063 2811 2113 2865 ei
2170 2814 2431 2882 praecepit
2480 2829 2700 2869 manum
2759 2831 2914 2871 suam
2955 2817 3221 2888 diligere,
3260 2833 3325 2872 ac
3356 2834 3465 2872 non

1888 2898 2074 2966 potius
2126 2914 2247 2954 eam
2301 2901 2621 2958 occultare?
2669 2904 2739 2958 At
2784 2905 2877 2974 qui
2927 2921 3035 2959 non
3077 2906 3342 2960 continuo
3378 2906 3468 2961 in-

1888 2997 2104 3058 gentem
2140 2990 2312 3045 risum
2348 2992 2722 3057 movebimus,
2760 2993 2867 3048 imo
2917 3010 3047 3049 vero
3098 2995 3193 3065 qui
3248 3010 3358 3049 non
3410 2996 3466 3049 in

1888 3080 2069 3150 ipsum
2107 3079 2321 3135 Patrem
2360 3081 2511 3149 impii
2555 3084 2798 3148 erimus,
2833 3093 3031 3137 cuncta
3070 3084 3126 3138 in
3172 3084 3294 3154 ejus
3336 3084 3464 3141 sinu

1890 3186 2015 3227 esse
2047 3172 2297 3230 dicentes
2319 3214 2333 3237 ,
2371 3186 2460 3240 et,
2496 3173 2647 3246 quod
2682 3175 2858 3230 solius
2888 3175 3173 3246 Unigeniti
3204 3176 3463 3232 eximium

1892 3276 1956 3316 ac
1991 3262 2327 3332 praecipuum
2357 3271 2443 3318 est
2475 3263 2677 3319 bonum
2704 3279 2998 3320 commune
3029 3262 3295 3320 facientes
3322 3265 3464 3330 aliis,

1892 3361 1951 3408 ut
1982 3354 2119 3408 nihil
2154 3355 2277 3425 plus
2306 3353 2448 3410 Filio
2478 3357 2550 3411 sit
2576 3370 2741 3427 quam
2776 3356 3092 3412 creaturae?
3127 3354 3320 3426 itaque
3350 3357 3467 3410 illo.

1893 3460 2013 3499 rum
2051 3447 2285 3500 stultitia
2320 3446 2526 3516 rejecta
2572 3453 2785 3501 rectum
2822 3446 3071 3502 veritatis
3108 3461 3335 3503 sensum
3380 3447 3466 3501 in—

1892 3536 2152 3592 sistemus
2172 3577 2186 3601 ,
2215 3546 2266 3592 et
2291 3537 2513 3609 quando
2538 3538 2595 3593 in
2626 3537 2750 3593 sinu
2774 3536 2925 3591 Patri
2958 3536 3133 3593 Filius
3163 3553 3290 3593 esse
3322 3538 3466 3592 dici-

1891 3636 2003 3691 tur,
2035 3629 2171 3682 nihil
2196 3629 2344 3683 aliud
2369 3645 2534 3698 quam
2556 3644 2617 3684 ex
2647 3630 2769 3700 ipso
2800 3638 2853 3685 et
2884 3630 2938 3684 in
2966 3630 3084 3700 ipso
3108 3646 3231 3687 esse
3260 3631 3465 3686 intelli-

1893 3735 2101 3789 gemus.
2134 3718 2191 3774 Si
2226 3720 2332 3774 vim
2364 3730 2416 3775 et
2444 3720 2718 3775 rationem
2750 3720 2898 3775 illius
2926 3721 3211 3775 sententiae
3239 3721 3466 3776 subacto

1892 3811 2114 3882 ingenio
2168 3820 2605 3881 perscrutemur,
2650 3811 2978 3867 istiusmodi
3014 3827 3139 3867 esse
3173 3813 3469 3881 comperie-

1894 3914 2040 3953 mus.
2073 3918 2088 3950 ι
2120 3897 2472 3971 Unigenitus,
2496 3920 2514 3952 ι
2546 3902 2755 3971 inquit,
2786 3920 2805 3953 ι
2843 3903 2985 3958 Deus
3015 3903 3109 3973 qui
3135 3910 3217 3958 est
3255 3903 3312 3957 in
3341 3902 3466 3958 sinu

1892 3987 2107 4054 Patris,
2146 3990 2238 4044 ille
2264 3990 2566 4045 enarravit.
2601 4010 2619 4043 ι
2655 3990 3006 4062 Unigenitum
3044 4001 3099 4048 et
3145 3992 3314 4061 Deum
3360 3994 3469 4063 pri=

1895 4096 1984 4135 mo
2015 4080 2195 4137 dixit:
2229 4081 2427 4138 deinde
2463 4083 2612 4138 illico
2650 4084 2906 4153 subjicit,
2938 4102 2956 4135 ‹
2985 4084 3080 4155 qui
3123 4092 3207 4139 est
3245 4084 3300 4139 in
3344 4085 3467 4139 sinu

1892 4170 2103 4239 Patris,
2137 4192 2154 4225 ι
2184 4182 2243 4227 ut
2274 4174 2616 4246 intelligatur
2645 4177 2808 4231 etiam
2840 4175 3014 4232 Filius
3042 4193 3111 4231 ex
3144 4178 3301 4247 ipso,
3328 4184 3384 4231 et
3413 4179 3468 4230 in

1895 4264 2015 4333 ipso
2048 4266 2393 4331 naturaliter,
2432 4268 2615 4321 sinum
2651 4283 2751 4338 pro
2801 4268 3110 4323 substantia
3163 4269 3391 4329 dicens,
3439 4282 3469 4321 a

1896 4371 1952 4409 re
1983 4372 2250 4427 corporea
2282 4358 2570 4429 desumpta
2599 4360 2980 4423 similitudine.
3007 4359 3144 4432 Typi
3179 4360 3325 4416 enim
3359 4361 3471 4415 fere

1896 4456 2025 4507 sunt
2055 4462 2236 4501 rerum
2266 4449 2695 4520 intelligibilium
2726 4466 2787 4506 ea
2816 4466 2939 4522 quae
2958 4453 3215 4509 sensibus
3242 4463 3465 4524 patent,

1826 4537 1867 4590 D
1895 4547 1950 4592 et
2003 4554 2125 4608 qua:
2179 4538 2233 4593 in
2284 4542 2442 4598 nobis
2485 4550 2615 4597 sunt
2673 4544 2740 4599 ad
2778 4546 3326 4615 comprehensionem
3367 4562 3469 4601 nos

1892 4628 2173 4683 deducunt
2202 4644 2393 4684 eorum
2425 4646 2547 4701 quae
2567 4647 2736 4703 supra
2768 4648 2869 4689 nos
2899 4642 3026 4688 sunt
3056 4652 3068 4687 :
3099 4635 3268 4704 (itque
3298 4652 3468 4707 sarpe-

1894 4735 2125 4775 numero
2155 4729 2214 4775 ut
2243 4721 2627 4781 similitudinis
2654 4725 2776 4780 loco
2804 4740 2894 4781 res
2928 4740 3209 4795 corporeae
3244 4742 3463 4781 suman-

1892 4819 2005 4876 tur,
2037 4828 2159 4883 quae
2192 4829 2294 4870 nos
2325 4813 2393 4869 ad
2427 4816 2784 4872 subtiliorum
2811 4820 3336 4888 contemplationum
3370 4834 3470 4873 no-

1892 4904 2071 4958 titiam
2112 4906 2347 4961 evehant
2393 4907 2461 4972 '9,
2511 4908 2637 4963 licet
2685 4908 2949 4964 historice
2995 4909 3376 4980 intelligantur
3426 4913 3470 4963 si

1895 4996 2186 5065 capiantur
2240 5013 2305 5053 eo
2356 4999 2518 5055 modo
2565 5015 2676 5070 quo
2730 5000 2878 5055 dicta
2931 5008 3109 5055 sunt:
3162 5000 3470 5069 cuiusmodi

1894 5095 1979 5143 est
2010 5088 2145 5144 illud
2177 5088 2244 5144 de
2275 5089 2425 5147 Mose
2457 5110 2469 5146 :
2501 5111 2518 5144 ι
2550 5091 2699 5149 lnfer
2730 5108 2951 5157 manum
2984 5100 3136 5147 tuam
3184 5093 3240 5146 in
3288 5092 3471 5147 sinum

1895 5185 2071 5232 tuum.
2105 5197 2125 5231 ι
2153 5179 2311 5244 Quod
2342 5189 2529 5238 autem
2561 5184 2769 5238 dicitur
2802 5185 2857 5238 in
2893 5183 3021 5238 sinu
3056 5181 3294 5236 Abrahae
3326 5182 3474 5252 posi-

1896 5279 1987 5326 tus
2017 5286 2142 5327 esse
2177 5269 2456 5338 Lazarus,
2494 5290 2605 5329 non
2636 5274 2797 5329 modo
2831 5272 2969 5328 nihil
3003 5272 3170 5327 oilicit
3193 5312 3208 5337 ,
3246 5272 3344 5328 sed
3379 5273 3473 5327 do-

1898 5362 2091 5417 ctrinae
2135 5373 2338 5419 nostrae
2384 5364 2738 5436 suffragatur.
2797 5364 2852 5420 ω
2905 5364 3051 5420 enim
3101 5370 3310 5420 tantum
3364 5379 3474 5419 non

1902 5454 2187 5526 Scriptura
2240 5456 2408 5513 dicit:
2448 5476 2465 5508 ι
2496 5457 2745 5514 Mortuus
2804 5457 3085 5519 Lazarus.
3137 5456 3475 5523 eteornoris

1900 5548 2011 5603 vita
2042 5549 2347 5617 exsolutus,
2383 5551 2437 5605 in
2476 5551 2656 5607 sinum
2676 5549 2905 5606 Abrahae
2924 5549 3140 5623 delatus
3166 5557 3281 5615 est,
3314 5565 3391 5613 τι)
3421 5548 3473 5602 id

1901 5650 1985 5696 est
2007 5680 2021 5705 ,
2065 5640 2209 5697 inter
2246 5641 2387 5698 lilios
2416 5643 2651 5698 Abrahae
2681 5641 2989 5697 collocatus
3021 5648 3139 5707 est,
3174 5656 3338 5711 quem
3378 5654 3473 5710 pa-

2583 5755 2626 5783 "
2666 5755 2841 5811 Exod.
2879 5770 2964 5820 ιν,
3022 5754 3076 5810 6.
3154 5755 3198 5787 ⁸⁹
3240 5752 3395 5807 Rom.
3432 5767 3468 5806 l.
