4118 6542
552 1246 567 1257 ι
678 1242 822 1291 eum,
842 1239 901 1283 ut
923 1230 1313 1305 interrogarent
1339 1253 1457 1291 eum
1479 1254 1501 1293 :
1524 1238 1601 1292 Tu
1621 1241 1738 1310 quis
1759 1257 1814 1295 es
1836 1244 1862 1297 ?
1894 1241 1958 1294 Et
1992 1241 2265 1311 confessus

686 370 793 428 I83
1679 380 1739 436 S.
1781 376 2061 434 CYMLLI
2096 375 2564 433 ALEXANDRINI
2606 377 2927 436 ARCIIIEP.
3858 380 3989 437 εει

683 496 823 545 trem
854 491 1150 549 multarum
1192 495 1431 565 gentium
1470 498 1653 567 posuit
1705 496 1852 555 Deus
1873 498 1941 556 τ’.
1990 496 2266 568 Scriptum

2379 498 2580 562 εἰπεῖν,
2642 498 3034 571 συναγορεύσει
3083 499 3138 553 δὲ
3203 497 3404 571 μᾶλλον
3464 496 3646 569 αύτῷ,
3695 496 3798 551 καί
3856 500 3993 562 τοῖς

682 582 888 653 quippe
936 592 1024 639 est
1073 585 1277 643 alicubi
1327 586 1394 643 de
1447 587 1611 659 ipso:
1651 607 1670 642 ι
1708 590 1981 659 Quoniam
2042 589 2261 645 Patrem

2379 590 2665 662 ἡμετέροις
2700 592 3089 664 συιθδραμεῖται
3118 590 3669 663 θεωρήμασι.Μόνον
3693 589 3811 661 γὰρ
3846 591 3993 661 οὐχὶ

684 673 986 730 multarum
1017 677 1262 748 gentium
1294 688 1346 735 te
1379 682 1647 737 constitui
1676 684 1744 738 οι.
1776 701 1795 735 ι

2379 679 2524 734 τοῦτό
2549 698 2714 752 φησιν
2736 683 2769 753 ἠ
2798 682 2918 736 θεία
2941 682 3133 753 Γραφή
3163 696 3178 712 ο
3198 678 3470 744 «Τεθνεὼς
3500 684 3528 735 6
3555 679 3839 752 Λάζαρος,
3879 680 3993 734 καὶ

680 763 782 835 τὴν
863 767 1002 838 μετά
1066 767 1317 841 σώματος
1366 774 1681 840 καταλύσας
1739 775 1916 846 ζωὴν,
1966 776 2047 839 είς
2096 774 2296 828 κόλπον
2347 772 2599 845 ’Δὸραάμ
2650 775 2967 847 ἀπηνέχθη,
3013 792 3033 827 ι
3073 774 3193 829 ἀντί⁵
3228 773 3345 838 τοῦ,
3398 776 3457 827 ὲν
3506 774 3642 838 υίοῖς
3703 773 3991 845 Ἀϐραὰμ

680 857 1122 915 κατατέτακται·
1175 865 1389 935 πατέρα
1431 867 1489 921 δὲ
1537 867 1747 922 πολλῶν
1799 868 1971 923 ἐθνῶν
2017 867 2259 922 τέθεικεν
2297 867 2459 923 αὐτὸν
2501 870 2530 922 6
2573 868 2726 935 Θεός.
2784 868 2944 925 Οὕτω
3004 868 3062 923 δέ
3089 886 3191 923 που
3227 870 3537 941 γέγραπται
3596 869 3725 939 περὶ
3769 867 3985 922 αὐτοῦ’

688 966 707 997 ι
728 946 849 1003 Ὀτι
883 950 1104 1023 Πατέρα
1135 954 1345 1011 πολλῶν
1374 957 1543 1012 ἐθνῶν
1574 959 1795 1015 τέθεικά
1832 977 1913 1014 σε.
1941 978 1962 1013 ι

751 1044 793 1108 Ι,
830 1045 1025 1103 19-20.
1056 1048 1127 1105 Et
1155 1050 1253 1106 hoc
1280 1062 1360 1108 est
1394 1056 1753 1111 testimonium
1775 1055 2029 1123 Joannis,
2049 1058 2261 1125 quamlo

680 1136 938 1191 miserunt
957 1136 991 1192 ,1
1000 1139 1138 1195 udaai
1162 1142 1227 1197 ab
1248 1143 1594 1217 Jerosolymis
1615 1148 1909 1203 sacerdotes
1931 1162 1979 1204 et
2002 1149 2182 1204 levitas
2196 1150 2266 1202 ad

2437 1053 2548 1109 Kal
2575 1054 2726 1123 αὕτη
2766 1053 2941 1109 ἐστίν
2967 1054 3007 1123 ἡ
3037 1053 3333 1125 μαρζυρία
3366 1052 3473 1107 τοῦ
3515 1051 3825 1116 Ἰωάννου,
3867 1051 3987 1105 ὅτε

2366 1142 2741 1200 ἀπέστειλαν
2778 1147 2833 1199 ot
2874 1144 3151 1200 Ἰουδαῖοι
3193 1143 3263 1209 ἐξ
3310 1142 3745 1212 Ἰεροσολύμων
3785 1141 3987 1209 ἱερεῖς

2367 1237 2465 1291 καί
2510 1237 2785 1303 Λευίτας,
2832 1236 2934 1291 ἵνα
2960 1235 3345 1305 ἐρωτήσωσιν
3372 1235 3577 1300 αὐτὸν,
3617 1233 3702 1288 Σὺ
3728 1234 3832 1300 τίς
3869 1230 3942 1287 εἴ
3963 1250 3987 1297 ;

2368 1330 2481 1385 Καί
2513 1331 2889 1401 ὡμολόγησε,
2922 1329 3023 1384 καί
3051 1331 3168 1384 οὐκ
3202 1328 3512 1398 ἠρνήσατο
3536 1346 3551 1359 ο
3599 1325 3699 1381 καί
3730 1326 3987 1397 ὡμολό-

2372 1438 2583 1491 γησεν,
2619 1420 2711 1476 ὅτι
2740 1424 2861 1477 Οὐκ
2891 1422 3008 1492 εἰμί
3030 1420 3144 1492 ἐγὼ
3170 1423 3204 1476 ό
3226 1422 3496 1489 Χριστός.

2444 1512 2736 1584 Μέμνηται
2767 1512 2876 1567 τῶν
2909 1512 3104 1566 ἑαυτοῦ
3137 1512 3311 1581 λόγων
3342 1513 3373 1565 6
3400 1508 3815 1580 εύαγγελιστὴς,
3874 1508 3983 1562 καὶ

678 1328 760 1373 est
782 1330 832 1374 et
864 1337 971 1376 non
1022 1325 1264 1395 negavit;
1299 1338 1347 1382 et
1376 1328 1646 1399 confessus
1671 1338 1751 1385 est
1779 1346 1798 1385 :
1830 1329 1972 1397 Quia
2000 1349 2103 1388 non
2148 1349 2266 1387 sum

677 1426 772 1482 ego
792 1411 1063 1471 Christus.

752 1502 849 1559 Sui
881 1507 1155 1562 sermonis
1180 1522 1390 1564 memor
1415 1512 1780 1583 evangelista,
1803 1513 1982 1571 fusius
2009 1532 2072 1572 ea
2103 1519 2265 1575 nobis

678 1595 917 1663 explicat
942 1612 1065 1667 quae
1093 1602 1415 1657 summatim
1442 1603 1600 1675 prius
1635 1606 1926 1664 indicavit.
1950 1608 2087 1665 Cum
2114 1612 2262 1668 enim

676 1680 928 1739 dixerit:
965 1703 984 1738 ι
1012 1683 1140 1743 Fuit
1190 1689 1358 1745 homo
1397 1693 1610 1751 missus
1658 1709 1690 1749 a
1739 1696 1884 1763 Deo,
1929 1698 2018 1754 cui
2062 1715 2265 1759 nomen

674 1782 794 1828 erat
807 1772 1067 1836 Joannes.
1087 1779 1186 1837 Hic
1196 1784 1347 1838 venit
1364 1785 1419 1839 in
1440 1788 1845 1857 testimonium,
1859 1792 2020 1864 ιω
2033 1803 2093 1849 ut
2109 1796 2237 1851 testi
2251 1827 2267 1837 -

2368 1601 2709 1675 πλατύτερον
2763 1605 2895 1675 ἡμῖν
2943 1601 3256 1674 ἐξηγεῖσθαι
3302 1602 3613 1667 σπουδάζει,
3659 1600 3855 1663 καλῶς
3908 1616 3979 1669 γε

2370 1696 2576 1767 σφόδρα
2622 1696 2830 1761 ποιῶν,
2876 1696 3021 1768 ἀπερ
3067 1697 3169 1767 ἠδη
3217 1695 3430 1765 φθάσας
3467 1695 3542 1758 ὡς
3586 1696 3645 1749 ὲν
3678 1693 3978 1763 κεφαλαίῳ

2370 1788 2798 1859 συνειλημμένος
2841 1790 3299 1861 καταμεμήνυκεν
3325 1802 3341 1816 ’
3369 1785 3538 1841 εἰπὼν
3580 1785 3690 1857 γάρ
3716 1803 3730 1816 ·
3766 1803 3786 1836 ι
3814 1786 3979 1853 Ἐγέ-

677 1865 921 1921 monium
950 1871 1267 1939 perhiberet
1287 1874 1354 1931 de
1377 1875 1647 1947 lumine,»
1683 1886 2008 1941 necessario
2036 1886 2266 1956 subjicit

2379 1898 2488 1937 νετο
2510 1880 2795 1953 ἄνθρωπος
2822 1880 3232 1951 ἀπεσταλμένος
3258 1878 3412 1952 παρὰ
3438 1878 3777 1949 Θεοῦ,δνομα
3812 1878 3979 1947 αὐτῷ

677 1957 841 2026 quale
873 1960 947 2014 sit
974 1962 1097 2032 ejus
1122 1966 1523 2023 testimonium.
1555 1971 1693 2027 Cum
1727 1977 1900 2042 enim,
1935 1948 2263 2049 inquit,-Ju-

2383 1948 2656 2043 Ἰωάννης.
2680 1965 2846 2036 Οὗτος
2864 1967 3028 2042 ἦλθεν
3048 1948 3126 2036 είς
3153 1948 3481 2042 μαρτυρίαν,
3508 1969 3592 2023 ἵνα
3621 1971 3973 2041 μαρτυρήσῃ

678 2046 928 2105 dasorum
987 2054 1267 2127 principes
1315 2059 1381 2114 ad
1430 2076 1557 2117 eum
1597 2066 1919 2123 sacerdotes
1970 2046 2027 2124 et
2069 2071 2266 2129 levitas

2379 2066 2500 2139 περὶ
2527 2064 2620 2120 τοῦ
2652 2064 2853 2135 φωτόςο
2882 2083 2901 2117 ι
2939 2063 3254 2132 ἀναγκαίως
3282 2061 3542 2134 εἰσφέρει,
3569 2062 3663 2114 καὶ
3694 2062 3796 2131 τῆς
3834 2064 3973 2130 παρ’

678 2153 805 2192 cum
840 2143 1117 2201 mandatis
1149 2148 1451 2215 miserunt,
1479 2152 1571 2223 qui
1607 2165 1869 2228 rogarent
1898 2160 2164 2231 quidnam
2198 2163 2267 2221 de

2379 2157 2539 2213 αὑτοῦ
2571 2155 2873 2228 γενομένης
2909 2153 3217 2227 μαρτυρίας
3255 2154 3346 2207 τὸν
3376 2152 3598 2224 τρόπον.
3657 2153 3789 2205 Ὅτε
3832 2153 3973 2219 γὰρ,

680 2231 867 2301 seipso
893 2234 1124 2305 (liceret,
1146 2245 1278 2298 tunc
1308 2258 1443 2300 sane
1471 2246 1658 2315 palam
1689 2256 1745 2306 et
1766 2262 1956 2323 aperte
1980 2254 2268 2325 professus

683 2332 760 2348 μ.
836 2326 972 2348 -ειε.
1129 2332 1162 2348 .-
1439 2346 1445 2348 Α
1671 2340 1684 2348 .
1923 2344 1981 2348 __

2379 2250 2573 2323 φησὶν,
2623 2249 2672 2304 οἱ
2722 2247 2832 2303 τῶν
2896 2246 3211 2301 Ἰουδαϊκῶν
3259 2246 3556 2317 ταγμάτων
3602 2244 3746 2298 κατά
3794 2245 3977 2348 νόμον

678 2332 797 2389 est,
834 2326 974 2383 nihil
1027 2332 1238 2391 veritus
1290 2346 1518 2409 propter
1570 2340 1884 2403 veritatem.
1922 2344 2074 2402 Dixit
2124 2349 2270 2405 enim

2379 2342 2688 2414 καθηγηταί.
2754 2342 2901 2413 πρὸς.
2951 2340 3115 2394 αὑτὸν
3175 2337 3584 2393 ἀπεστάλκασιν
3642 2339 3809 2409 ἱερεῖς
3878 2338 3975 2389 καί

681 2428 743 2469 se
771 2431 884 2471 non
924 2434 1051 2476 esse
1080 2420 1389 2482 Christum.
1417 2426 1634 2500 Itaque,
1661 2446 1731 2488 ne
1759 2447 1862 2504 ego
1906 2434 2154 2505 quidem.
2188 2438 2270 2492 in-

2379 2435 2627 2499 Δευῖτας,
2655 2432 3025 2488 ἀναπυθέσθαι
3047 2431 3471 2505 προστάξαντες,
3496 2430 3548 2483 τί
3569 2430 3634 2483 ἂν
3657 2430 3809 2498 λέγοι
3836 2446 3913 2481 πε
3924 2430 3976 2499 pi

680 2507 822 2609 quit,
854 2507 1019 2579 hujus
1051 2512 1179 2569 libri
1221 2517 1461 2588 scriptor
1502 2522 1775 2580 mentitus
1801 2540 1950 2592 sum,
1979 2539 2111 2582 eum
2158 2528 2270 2584 dixi

2379 2527 2594 2594 ἑαυτοῦ,
2624 2529 2747 2583 τότε
2779 2526 2845 2598 δὴ
2874 2528 2968 2581 καὶ
3001 2525 3150 2597 μάλα
3181 2526 3366 2594 σαφῶς
3397 2524 3743 2595 ὡμολόγησε,
3777 2525 3977 2577 πᾶσαν
4082 2592 4083 2609 χ

679 2596 749 2648 ale
779 2598 919 2656 illo:
957 2600 1121 2659 «Non
1166 2614 1287 2661 erat
1334 2608 1427 2665 ille
1477 2610 1594 2680 lux,
1643 2612 1740 2670 sed
1789 2624 1847 2671 ut
1896 2616 2270 2675 testimonium

2379 2621 2690 2683 ύποπτύσας
2721 2596 2857 2674 αίδῶ
2885 2617 2975 2673 διὰ
3001 2596 3100 2689 τὴν
3133 2615 3408 2689 ἀλήθειαν·
3431 2616 3532 2687 ἔφη
3560 2616 3690 2686 γὰρ,
3708 2616 3795 2669 ὅτι
3817 2615 3977 2683 Ἐγὼ

680 2688 995 2756 perhiberet
1025 2693 1094 2748 de
1128 2695 1353 2754 lumine.
1380 2719 1398 2752 ι

2379 2713 2475 2767 οὐκ
2507 2715 2623 2783 είμὶ
2643 2715 2672 2766 6
2688 2711 2945 2784 Χριστός.
2968 2688 3178 2765 Οὐκοῦν
3201 2688 3322 2763 οὐδὲ
3343 2708 3473 2779 ἐγὼ,
3492 2708 3675 2780 φησὶν,
3691 2708 3717 2761 6
3744 2707 3845 2761 τοῦ
3885 2705 3976 2778 Bt-

677 2781 829 2835 6λίου
864 2789 1215 2859 συγγραφεὺς
1244 2790 1567 2867 διέψευσμαι
1586 2796 1763 2868 λέγων
1784 2802 1913 2874 περὶ
1930 2802 2097 2858 αὐτοῦ
2122 2820 2137 2836 ο
2161 2822 2180 2855 ι
2211 2806 2325 2859 Οὔκ
2347 2802 2415 2879 ἦν
2439 2781 2616 2861 έκεῖνο
2631 2806 2691 2861 τὸ
2713 2781 2848 2876 φῶς,
2865 2804 2985 2859 ἀλλ’
3001 2804 3086 2857 ἴνα
3102 2801 3428 2874 μαρτυρήσῃ
3447 2801 3572 2872 περὶ
3586 2798 3678 2855 τοῦ
3705 2800 3919 2869 φωτός.
3948 2819 3968 2853 ι

749 2878 789 2942 1,
818 2882 909 2972 21.
943 2881 1009 2936 Et
1060 2885 1517 2959 interrogaverunt
1550 2911 1669 2949 eum
1698 2911 1715 2950 :
1740 2896 1881 2965 Quid
1924 2905 2088 2972 ergo?
2116 2900 2266 2957 Elius

678 2986 731 3025 es
762 2973 858 3026 tu.’
890 2971 958 3027 Et
986 2975 1166 3031 dixit:
1198 2978 1322 3035 Non
1368 2999 1507 3039 sum.
1536 2983 1804 3056 Propheta
1847 3007 1901 3045 es
1946 2971 2046 3051 tu?
2073 2992 2143 3047 Et
2182 3010 2267 3047 re-

679 3059 894 3127 spondit
924 3077 943 3116 :
978 3061 1123 3119 Non.

2444 2903 2553 2959 Καὶ
2592 2902 2917 2972 ἠρώτησαν
2940 2900 3153 2955 αὐτόν·
3206 2898 3268 2953 τι
3295 2894 3444 2960 οὖν,
3496 2897 3700 2963 Ἠλίας
3720 2893 3814 2960 ei;
3855 2898 3971 2951 Kal.
4082 2954 4083 2959 η

2372 2994 2568 3065 λέγει’
2617 2996 2740 3049 Οὐκ
2775 2994 2917 3064 είμί.
2968 2992 3031 3045 '0
3066 2988 3380 3060 προφήτης
3419 2987 3479 3044 ετ
3507 2990 3631 3054 σύ;
3678 2989 3790 3043 Καὶ
3819 2989 3974 3044 ἀπε-

2371 3091 2545 3160 κρίθη
2570 3107 2582 3120 ·
2622 3088 2725 3144 Οὔ.

777 3152 914 3208 Cum
972 3157 1283 3227 explicandi
1341 3165 1520 3233 gratia
1578 3171 1920 3250 evangelista
1982 3172 2187 3229 dixerit
2248 3190 2261 3228 :

2404 3152 2422 3160 '
2455 3152 2545 3246 Ὡς
2587 3181 2647 3234 ὲν
2690 3178 2951 3250 ἐξηγήσει
2992 3176 3153 3232 πάλιν
3183 3173 3353 3230 εἰπών
3379 3190 3392 3203 ·
3434 3194 3452 3226 ι
3486 3174 3853 3244 Ὠμολὸγησεν
3885 3175 3971 3227 ὅτι

688 3259 707 3293 ι
731 3241 1038 3303 Confessus
1072 3251 1320 3321 est,quia
1351 3268 1452 3326 ego
1482 3269 1593 3312 non
1629 3243 1751 3314 s'um
1781 3260 2099 3328 Christus,»
2134 3281 2257 3319 rur-

2379 3241 2634 3343 EYCOVOCJX
2680 3241 3129 3343 είμλ’ό’Χριστός,
3162 3288 3179 3319 ι
3211 3266 3475 3322 δεικνύειν
3520 3241 3779 3338 πειρᾶται
3826 3266 3968 3329 πῶς,

682 3349 808 3390 sum
866 3338 1166 3397 ostendere
1220 3356 1481 3413 conatur,
1528 3365 1638 3422 quo
1678 3352 1841 3410 modo
1899 3354 2043 3411 faeta
2103 3358 2270 3415 fuerit

2379 3364 2408 3437 ἤ
2437 3338 2584 3418 κατά
2617 3338 2748 3417 τίνα⁷
2771 3338 2972 3433 τρόπον
3003 3362 3032 3414 6
3065 3360 3164 3431 τῆς
3204 3359 3494 3429 ὁμολογίας
3536 3359 3725 3425 γέγονε
3759 3357 3929 3424 λόγος
3952 3374 3965 3387 ·
4082 3440 4083 3443 η

683 3428 777 3483 illa
822 3430 1134 3498 confessio,
1180 3436 1432 3510 adeoque
1484 3442 1619 3498 mihi
1677 3445 1896 3501 videtur
1946 3450 2037 3505 his
2088 3453 2270 3508 verbis

2379 3428 2471 3508 καί
2499 3470 2610 3525 μοι,
2640 3428 2907 3506 δοκεῖ-διά
2951 3428 3155 3503 τούτων
3195 3428 3296 3518 τὴν
3330 3447 3438 3501 τῶν
3481 3444 3749 3499 Ἰουδαίων
3795 3445 3969 3496 ἀπαι-

682 3517 1000 3576 Judasorum
1041 3523 1327 3586 inscitiam
1379 3531 1561 3600 palam
1614 3534 1868 3607 detegere
1911 3558 1923 3594 :
1969 3541 2270 3599 rDicentcs

2379 3517 2604 3599 Saucius
2625 3542 2909 3615 βούλεσθαι
2953 3538 3193 3612 γυμνοῦν
3215 3554 3230 3569 ⁸
3254 3517 3260 3518 ⁷
3286 3559 3303 3590 ι
3335 3538 3641 3599 Φάσκοντες
3674 3535 3786 3605 γὰρ
3823 3530 3967 3588 εἶναι

683 3609 833 3665 enim
866 3626 928 3668 se
952 3627 1079 3669 esse
1109 3616 1427 3687 sapientes,
1442 3623 1599 3679 stulti
1631 3623 1763 3681 facti
1799 3637 1931 3683 sunt
1960 3632 2027 3695 θ’,
2058 3651 2075 3684 ι
2113 3642 2167 3687 et
2198 3634 2270 3689 le-

2379 3636 2556 3707 σοφοὶ,
2576 3609 3001 3708 ἐμωράνθησαν·
3100 3631 3196 3686 καὶ
3229 3632 3325 3684 ἐπὶ
3351 3633 3418 3701 τῇ
3446 3628 3538 3683 τοῦ
3566 3629 3733 3698 νόμου
3758 3628 3967 3696 γνώσει

687 3701 776 3772 gis
817 3702 1153 3774 singularem
1201 3708 1308 3764 sibi
1344 3713 1713 3779 cognitionem
1745 3730 2095 3791 arrogantes,
2129 3724 2270 3779 ultro

2379 3701 2869 3799 κατωφριεωμένοι,⁷
2901 3724 3013 3779 ἀνω
3038 3740 3097 3777 τε
3128 3724 3223 3777 καὶ
3255 3721 3408 3775 κάτω
3432 3719 3531 3784 τὰς
3589 3719 3677 3773 διά
3710 3720 3964 3783 Μωσέως

686 3795 945 3867 citroque
976 3799 1209 3868 prolatis
1242 3808 1535 3877 praeceptis
1578 3808 1859 3877 Mosaicis,
1890 3822 1944 3869 et
1974 3831 2098 3870 cum
2147 3833 2270 3873 san-

2379 3795 2746 3892 προτείνοντες
2772 3817 3011 3880 ἐντολὰς,
3045 3814 3139 3868 καὶ
3172 3813 3309 3886 πρὸς
3335 3815 3460 3877 τοὺς
3489 3812 3596 3866 τῶν
3629 3812 3804 3880 ἁγίων
3834 3829 3966 3881 προσ

687 3893 903 3941 ctorum
933 3890 1331 3962 prophetarum
1362 3896 1615 3955 doctrina
1652 3902 1756 3958 sibi
1788 3908 2115 3978 cumprimis
2136 3925 2270 3965 cou-

2379 3890 2559 3984 φητῶν
2587 3907 3011 3982 ἀπηκριϐῶσθαι
3039 3909 3233 3977 λόγους
3261 3905 3744 3978 διισχυριζόμενοι,
3786 3904 3859 3956 δι’
3889 3898 3964 3958 ὧν

666 3972 880 4033 'venire
936 3991 1284 4050 asserentes.
1346 3987 1661 4048 istiusmodi
1717 3972 2270 4072 stultis—interroga-

2379 3972 2651 4076 ἐρωτῶσιν
2690 3972 3052 4066 ἀπαιδεύτως,
3104 3972 3193 4053 διά
3223 3972 3604 4053 τούτων-πολύ
3654 3994 3774 4047 λίαν
3809 3994 3965 4055 ὅντες

691 4068 939 4127 tionibus
966 4087 1123 4129 suam
1150 4077 1385 4135 mirifice
1428 4082 1675 4151 produnt
1704 4086 2061 4159 imperitiam.
2096 4068 2270 4149 Moses

2379 4068 2609 4165 ἀμαθεῖς
2640 4090 3016 4162 ἐξελέγχονται
3038 4105 3052 4120 °
3086 4091 3116 4144 6
3146 4088 3243 4160 μὲν
3272 4086 3381 4160 γὰρ
3412 4086 3734 4157 ἱεροφάντης
3757 4085 3966 4154 Μωσῆς

688 4159 837 4232 enim
873 4161 966 4220 ille
1001 4180 1291 4224 sacrorum
1326 4172 1584 4242 antistes,
1613 4176 1904 4237 Dominum
1939 4184 2117 4240 instar
2147 4202 2270 4257 pro-

2480 4186 2538 4238 ὲν
2579 4159 2862 4255 προφήτου
2906 4181 3057 4246 τάξει
3098 4159 3190 4233 τόν
3234 4177 3440 4250 Κύριον
3474 4175 3963 4247 ἀναδειχθήσεσθαι

688 4252 871 4323 pheta:
889 4257 1277 4328 appariturum
1295 4261 1551 4333 inquiens
1568 4270 1900 4339 praedicebat
1921 4275 2049 4332 filiis
2069 4252 2244 4333 lsr'acl‘
2257 4297 2280 4334 :.

697 4362 716 4397 ι
740 4344 880 4411 Quia
908 4350 1233 4421 prophetam
1264 4369 1333 4409 ex
1364 4355 1629 4418 fratribus
1663 4363 1778 4419 tuis
1812 4366 1957 4420 sicut
1981 4384 2067 4424 me
2096 4370 2275 4425 susci-

693 4436 830 4491 tabit
866 4435 1136 4497 Dominus
1169 4439 1317 4499 Deus
1349 4453 1477 4503 tuus
1508 4464 1523 4501 :
1552 4448 1735 4520 ipsum
1778 4455 2036 4521 audietis,
2073 4475 2274 4516 secun-

691 4525 824 4582 dum
851 4528 1037 4583 omnia
1073 4544 1196 4600 qua!
1221 4534 1429 4604 petiisti
1457 4553 1487 4590 α
1512 4538 1746 4598 Domino
1776 4542 1889 4600 Deo
1913 4555 2009 4602 tuo
2043 4548 2098 4605 in
2127 4550 2273 4606 Cho-

691 4618 793 4674 reb
815 4618 884 4673 ’³.
913 4639 933 4673 ι
970 4619 1177 4679 Beatus
1210 4633 1391 4682 autem
1440 4630 1648 4700 lsaias,
1679 4650 2076 4705 praecursorem
2109 4642 2269 4699 nobis

691 4716 748 4767 et
799 4712 1169 4782 praenuntium
1228 4719 1599 4788 significans:
1649 4745 1667 4779 ι
1697 4725 1816 4784 Vox
1872 4731 2163 4788 clamantis
2212 4735 2268 4790 in

690 4803 933 4869 deserto,
980 4804 1201 4877 inquit:
1234 4805 1433 4870 Parate
1474 4816 1592 4873 vias
1629 4817 1869 4885 Domini,
1907 4830 2087 4880 rectas
2111 4825 2273 4882 facite

690 4892 921 4983 semitas
952 4893 1094 4965 ejus.
1126 4894 1178 4931 ⁵⁵
1200 4912 1219 4951 ι
1256 4895 1479 4961 Tertius
1504 4908 1722 4964 accedit
1760 4908 1901 4977 Joel,
1929 4912 2024 4983 qui
2057 4913 2125 4971 de
2155 4914 2272 4971 Elia

692 4980 959 5042 Thes‘bite
996 4987 1189 5044 scribit
1237 4991 1295 5046 in
1339 4992 1486 5050 hunc
1522 4998 1741 5056 modum
1779 5019 1791 5056 :
1832 5021 1849 5053 ι
1879 4980 1962 5057 Ε(
1994 5020 2124 5061 ecce
2173 5023 2274 5080 ego

692 5075 908 5132 mittam
955 5079 1115 5138 vobis
1149 5080 1322 5140 Eliam
1373 5085 1698 5159 Thesbiten,
1735 5096 1827 5165 qui
1860 5106 2145 5155 convertet
2176 5075 2277 5157 cor

692 5169 873 5239 patris
900 5169 970 5226 ad
1003 5172 1198 5241 filium,
1230 5184 1285 5234 et
1328 5180 1645 5242 incredulos
1676 5186 1743 5241 ad
1788 5189 2139 5259 prudentiam
2181 5191 2274 5262 ju-

694 5265 929 5327 storum,
959 5277 1031 5319 ne
1057 5261 1201 5321 forte
1244 5267 1462 5324 veniam
1494 5280 1549 5327 et
1581 5277 1885 5344 percutiam
1921 5288 2119 5334 terram
2150 5261 2217 5336 νδ.
2248 5301 2266 5334 ι

693 5348 833 5425 Cum
885 5350 1056 5424 igitur
1098 5361 1213 5414 tres
1264 5359 1379 5414 sint
1429 5362 1535 5431 qui
1576 5369 1796 5422 venturi
1850 5369 2273 5436 nuntiabantur,

699 5440 931 5500 Messias
982 5446 1269 5513 nimirum,
1316 5449 1560 5511 Joannes
1604 5466 1659 5513 et
1708 5459 1873 5523 Elias,
1918 5458 2089 5517 Judaei
2150 5479 2276 5533 spe-

696 5536 824 5591 rant
884 5539 1072 5608 plures
1141 5550 1442 5611 venturos,
1493 5558 1555 5603 ut
1597 5550 1722 5620 jure
1792 5555 2019 5609 audiant
2067 5574 2077 5609 :
2121 5574 2138 5608 ι
2171 5556 2270 5612 Er-

697 5627 856 5692 ratis,
890 5630 1206 5687 nescientes
1248 5628 1567 5701 Scripturas
1597 5642 1664 5694 ”.
1694 5662 1711 5695 ι
1740 5644 2082 5715 Interrogata
2127 5648 2271 5702 enim

2371 4277 2567 4344 λέγων,
2595 4275 2970 4347 προεκήρυττε
3001 4274 3113 4336 τοῖς
3145 4272 3282 4335 υίοῖς
3319 4269 3537 4341 Ἰσραήλ
3561 4285 3575 4299 ·
3624 4287 3644 4321 ι
3668 4269 3790 4323 ὀτι
3824 4286 3960 4339 προς

2374 4369 2549 4441 φήτην
2574 4368 2644 4421 ὲκ
2662 4365 2770 4420 τῶν
2791 4363 3034 4435 ἀδελφῶν
3057 4380 3172 4425 σου,
3199 4361 3275 4425 ὡς
3293 4361 3416 4432 ἐμὲ,
3436 4361 3731 4431 ἀναστήσει
3754 4358 3964 4428 Κύριος

2371 4458 2402 4513 6
2445 4457 2577 4522 Θεός
2628 4469 2759 4509 σου·
2812 4453 2980 4508 αὑτοῦ
3032 4450 3330 4505 ἀκούσεσθε
3360 4465 3375 4481 ο
3438 4448 3583 4503 κατά
3634 4448 3812 4502 πάντα
3864 4449 3963 4502 ὅσα

2373 4549 2563 4623 ῂτήσω
2597 4545 2749 4617 παρά
2771 4544 2978 4615 Κυρίου
3005 4540 3100 4595 τοῦ
3126 4540 3261 4594 Θεοῦ
3292 4555 3386 4592 σου
3418 4539 3475 4592 ὲν
3504 4536 3727 4609 Χωρήδ.
3757 4556 3777 4589 ι
3820 4537 3883 4590 '0
3908 4536 3964 4589 δὲ

2380 4640 2648 4714 μακάριος
2689 4638 2935 4700 Ἡσαΐας,
2978 4634 3069 4687 τὸν
3109 4632 3419 4704 πρόδρομον
3461 4632 3593 4703 ἡμῖν
3626 4629 3721 4684 καὶ
3751 4630 3965 4699 προάγ-

2376 4727 2534 4798 γελον
2574 4724 2843 4797 εἰσφέρων
2869 4762 2885 4788 ,
2943 4742 2962 4775 ι
2988 4720 3143 4793 Φωνὴ
3190 4718 3421 4791 βοῶντος
3466 4720 3525 4773 ὲν
3574 4722 3639 4790 τῇ
3686 4720 3907 4789 ἐρήμῳ,
3942 4738 3958 4770 ι

2379 4816 2585 4889 φησίν·
2639 4833 2658 4866 ι
2696 4812 3055 4885 Ἑτοιμάσατε
3099 4812 3199 4875 τὰς
3250 4810 3402 4874 ὁδοὺς
3452 4808 3694 4881 Κυρίου,
3746 4809 3963 4873 εὐθείας

2381 4910 2582 4965 ποιεῖτε
2614 4907 2718 4971 τὰς
2754 4904 2972 4977 τρίϐους
3000 4901 3188 4959 αὑτοῦ.
3218 4923 3238 4956 ι
3284 4902 3395 4957 Καὶ
3425 4902 3608 4975 τρίτος
3636 4899 3727 4954 ἐπὶ
3750 4901 3965 4965 τούτοις

2380 5002 2408 5054 6
2433 5001 2717 5073 προφήτης
2762 4995 2917 5068 ’Ῑωὴλ
2949 4996 3075 5065 περὶ
3104 4995 3200 5049 τοῦ
3238 4994 3497 5049 Θεσδίτου
3528 4992 3694 5064 φησὶν
3740 4992 3963 5063 (Ἠλίας

2378 5091 2435 5145 δὲ
2454 5084 2654 5162 οὖτος)·
2694 5090 2837 5144 «Καὶ
2869 5089 2978 5144 ἰδοὺ
3003 5086 3117 5157 ἐγὼ
3140 5086 3453 5141 ἀποστέλλω
3488 5086 3617 5156 ύμῖν
3656 5084 3842 5139 Ἠλίαν
3872 5086 3962 5139 τὸν

2378 5181 2662 5254 Θεσδίτην,
2705 5180 2765 5245 ὃς
2797 5180 3240 5251 ἀποκαταστήσει
3290 5176 3521 5249 καρδίαν
3566 5175 3775 5247 πατρὸς
3825 5177 3963 5245 πρὸς

2381 5274 2512 5338 υίδν,
2545 5275 2640 5328 καὶ
2660 5272 2906 5336 ἀπειθεῖς
2938 5273 2998 5326 ὲν
3024 5272 3284 5342 φρονήσει
3306 5268 3552 5332 δικαίων,
3581 5266 3668 5321 ἵνα
3702 5266 3777 5337 μὴ
3800 5265 3956 5329 ἔλθω,

2377 5366 2469 5420 καὶ
2502 5364 2729 5430 πατάξω
2753 5363 2853 5435 τὴν
2885 5363 2989 5433 γῆν
3027 5362 3214 5434 ἀρδην.
3266 5380 3286 5415 ι
3335 5359 3517 5432 Τριῶν
3555 5361 3726 5413 δντων
3756 5359 3954 5421 τοίνυν,

2376 5460 2535 5530 οἷπερ
2556 5459 2705 5529 ἥξειν
2726 5455 3072 5526 ἠγγέλλοντο,
3102 5453 3219 5527 [τοῦ
3240 5450 3526 5523 Μεσσίου,]
3552 5451 3648 5504 καὶ
3682 5449 3954 5520 Ἰωάννου,

2377 5551 2469 5605 καῖ⁹
2500 5550 2699 5611 Ἡλίου,
2726 5547 2941 5610 πλείους
2969 5546 3255 5615 ἀφίξεσθαι
3281 5542 3657 5617 προσδοκῶσιν
3692 5543 3951 5603 Ἰουδαῖοι,

2378 5642 2468 5695 ἵνα
2515 5641 2609 5693 καὶ
2657 5638 2878 5701 δικαίως
2915 5637 3190 5691 ἀκούσωσι
3214 5655 3226 5668 ’
3285 5655 3302 5689 ι
3332 5634 3617 5690 Πλανᾶσθε
3651 5633 3725 5706 μὴ
3756 5632 3953 5695 εἰδότες

770 5738 984 5829 11953"-
1015 5745 1225 5829 κνηοὲ
1302 5748 1529 5813 "Rom.
1567 5774 1607 5823 ι,
1633 5758 1723 5817 22.
1798 5762 1841 5795 ’³
1882 5760 2040 5819 Deut.
2081 5761 2270 5828 svmﬁ

2397 5760 2474 5817 l6.
2515 5760 2559 5791 “
2595 5757 2698 5813 lsa.
2736 5772 2821 5821 XL.
2856 5757 2922 5823 5;
2964 5754 3123 5814 Joan.
3160 5757 3320 5823 1,.25.
3356 5757 3400 5790 ’⁸
3430 5755 3664 5813 Malach.
3699 5774 3773 5826 tv,
3810 5757 3859 5825 5,
3896 5754 3951 5814 ὕ.

702 5808 748 5849 ’τ’
779 5808 970 5869 Matth.
996 5808 1251 5881 xxn,29.
