4118 6572
254 405 377 465 185

1320 413 1386 471 ΙΝ
1423 414 1710 473 JOANNIS
1736 414 2183 475 EVANGELIUM
2225 418 2353 476 LIB.
2391 421 2432 479 ι.

3424 428 3529 483 186

250 532 368 597 τὰς
426 528 668 606 Γραφάς.
716 548 737 584 ›
805 531 1239 605 Διερωτήσαντες
1280 531 1389 605 γὰρ
1437 534 1530 589 τὸν
1578 536 1846 607 μακάριον

1958 534 2164 593 Joanne
2195 537 2460 609 Baptista,
2493 548 2782 613 postquam
2823 548 3158 612 acceperunt
3206 541 3384 611 ipsum
3419 559 3527 599 non

255 616 616 691 Βαπτιστὴν,
661 619 757 673 καὶ
809 619 1071 691 μαθόντες
1118 620 1309 695 ὅτιπερ
1353 623 1517 689 αὐτὸς
1562 625 1661 679 οὐκ
1705 624 1793 696 εἴη
1825 627 1853 679 ό

257 712 538 786 Χριστὸς,
569 711 988 783 ἀποκρίνονταιο
1016 711 1080 767 Τί
1106 708 1231 781 οὖνς
1276 714 1464 779 Ἠλίας
1493 713 1576 783 ei;
1621 718 1731 771 Καὶ
1763 716 1852 769 λέ-

260 821 492 873 γοντος,
520 804 629 858 οὑν
665 802 799 875 είμὶ,
851 803 971 857 δέον
1016 804 1212 868 αὐτοὺς
1250 805 1377 877 περὶ
1408 806 1503 860 τοῦ
1535 807 1853 879 Προδρόμου

260 897 465 952 λοιπὸν
511 893 975 950 ἀναπυνθάνεσθαι
1010 894 1188 963 (τοῦτο
1235 897 1344 969 γάρ
1392 897 1472 951 ἔτι
1513 900 1575 953 τὸ
1621 898 1850 970 λοιπὸν),

262 988 618 1050 ἀπαιδεύτως
654 987 739 1040 ἐπ’
770 985 933 1040 αὐτὸν
962 988 1313 1060 ἀνατρέχουσι
1340 990 1433 1044 τὸν
1472 991 1724 1062 Χριστὸν,
1763 992 1855 1045 τὸν

259 1078 347 1144 ὡς
394 1080 681 1151 προφήτην
709 1078 796 1133 διά
836 1077 933 1133 τοῦ
979 1081 1142 1152 νόμου
1175 1081 1665 1154 καταδηλούμενον.
1713 1085 1856 1156 Ὅρα

259 1168 383 1239 γὰρ
413 1169 468 1222 τί
496 1184 657 1238 φασιν
681 1168 781 1222 οὐκ
810 1169 1011 1234 εἰδότες
1033 1171 1102 1225 τά
1128 1170 1216 1226 διὰ
1247 1173 1495 1237 Μωσέως
1518 1190 1532 1205 ·
1584 1193 1603 1226 ι
1639 1174 1697 1229 '0
1720 1192 1854 1245 προ-

261 1261 457 1332 φήτης
482 1255 534 1315 εῐ
564 1259 663 1326 σύ;
691 1260 800 1315 Καὶ
830 1262 1122 1334 ἀπεκρίθη·
1151 1262 1249 1320 Οὔ.
1284 1283 1303 1319 ι
1353 1266 1430 1320 Οὐ
1459 1266 1568 1339 γὰρ
1593 1262 1662 1338 ἦν
1693 1266 1855 1331 αὐτὸς

256 1353 292 1407 6
330 1352 595 1424 Χριστὸς,
631 1353 775 1408 mea
804 1355 898 1408 καὶ
932 1355 1144 1424 φθάσας
1172 1357 1270 1429 ήδη
1303 1356 1696 1430 διισχυρίσατο.

342 1444 418 1499 Τί
432 1445 514 1499 σὺ
537 1446 736 1516 λέγεις
761 1447 895 1517 περὶ
916 1449 1179 1504 σεαυτοῦ
1198 1449 1370 1521 ’Ἐγὼ
1396 1449 1564 1520 φωνὴ
1581 1449 1854 1519 ,βοῶντος

257 1535 337 1589 ὲν
361 1536 446 1605 τῇ
472 1536 687 1606 ἐρήμῳ.

351 1628 446 1689 '0;
474 1627 627 1683 οὐδὲν
663 1629 870 1694 εἰδότας
900 1630 1113 1701 ἐλέγχει
1139 1631 1385 1704 γοργῶς,
1422 1633 1518 1689 καὶ
1539 1638 1850 1709 προφητικῇ

257 1718 562 1774 πιστοῦται
606 1721 883 1793 μαρτυρία
943 1722 1045 1793 τὴν
1086 1724 1517 1795 ἐγχειρισθεῖσαν
1571 1725 1849 1792 ὑπόθεσιν,

256 1809 392 1881 ἦτοι
425 1810 703 1865 διακονίαν
730 1812 899 1882 αὐτῷ.
937 1813 1096 1868 Ἥκω
1120 1817 1248 1885 γάρ,
1277 1816 1461 1888 φησὶν,
1491 1817 1642 1886 οὐδὲν
1665 1818 1850 1890 ἕτερον

258 1873 497 1974 sigma
526 1904 608 1957 ὃτι
632 1904 816 1958 λοιπὸν
846 1873 937 1958 ἐπὶ
958 1873 1149 1978 θύραις
1166 1873 1208 1960 6'
1222 1873 1688 1979 προσδοκώμενος,
1716 1873 1853 1981 μέλ·
1882 1873 1926 1930 Β

259 1992 361 2045 λον
391 1994 452 2046 δὲ
493 1995 623 2049 εἴσω
651 1994 831 2065 θυρῶν
873 1996 901 2049 6
949 1998 1244 2069 Δεσπότης.
1293 1998 1687 2071 Ἐτοιμάσθητε
1720 2000 1856 2072 πρὸς

259 2081 453 2153 ἥνπερ
492 2081 558 2135 ἂν
605 2084 881 2137 ἐπιτάττει
926 2083 1163 2155 βαδίζειν
1211 2087 1363 2151 ὁδὸν,
1422 2088 1707 2141 ὲϐαδίσατε
1754 2088 1855 2159 τὴν

260 2172 360 2225 διὰ
410 2173 685 2238 Μωσέως,
738 2176 1027 2231 ἀνελάϐετε
1080 2180 1179 2250 τὴν
1209 2178 1297 2232 διά
1326 2179 1602 2250 Χριστοῦο
1651 2179 1855 2252 ταύτην

260 2265 408 2334 ἡμῖν
434 2264 463 2316 ό
487 2265 595 2318 τῶν
622 2265 795 2334 ἀγίων
829 2268 1126 2339 προφητῶν
1159 2272 1536 2341 προεκήρυττε
1570 2272 1746 2344 χορός.

259 2354 608 2423 Παράθεσις
639 2356 844 2425 ῥητῶν
888 2358 1023 2426 περὶ
1067 2359 1210 2414 ὀδοῦ
1249 2359 1361 2429 τῆς
1395 2361 1546 2415 κατὰ
1573 2361 1851 2430 Χριστόν.

352 2446 615 2513 Ἡσαΐας.
655 2465 675 2501 ι
719 2450 885 2504 Δεῦτε
918 2452 1014 2504 καὶ
1043 2452 1334 2523 ἀναδῶμεν
1378 2455 1459 2517 είς
1496 2455 1559 2507 τὸ
1588 2455 1713 2525 ὅρος
1756 2452 1852 2507 τοῦ

260 2537 509 2608 Κυρίου,
537 2540 631 2593 καὶ
662 2542 741 2605 εἰς
766 2541 859 2595 τὸν
888 2537 1039 2597 οἶκον
1072 2543 1165 2596 τοῦ
1196 2542 1331 2597 Θεοῦ
1370 2545 1595 2609 Ἰακὼϐ,
1631 2545 1728 2599 καὶ
1761 2546 1856 2599 ἀνο

259 2628 496 2791 αέγέλεῖ
533 2632 668 2702 ἡμῖν
708 2632 810 2705 τὴν
840 2633 958 2687 όδδν
1002 2634 1199 2699 αὐτοῦ,
1249 2636 1343 2689 καὶ
1386 2636 1769 2708 πορευσόμεθα
1796 2638 1854 2691 ὲν

259 2737 299 2774 α
337 2738 371 2774 τ
418 2758 434 2773 .
468 2740 488 2773 ι

259 2737 434 2774 αυτη.
468 2740 488 2773 ι

351 2810 413 2863 '0
438 2812 641 2878 αὑτός.
686 2826 706 2864 ι
755 2813 949 2865 Ἔσται
989 2813 1107 2867 ἐκεῖ
1136 2814 1253 2878 ὁδὸς
1282 2813 1533 2886 καθαρὰ,
1588 2815 1683 2868 καὶ
1738 2814 1856 2879 ὁδὸς

261 2901 407 2972 ἁγία
430 2902 790 2976 κληθήσεται,
838 2906 933 2959 καὶ
952 2905 1053 2959 οὑκ
1082 2904 1232 2958 ἔσται
1262 2906 1379 2959 ἐκεῖ
1404 2906 1571 2971 λέων,
1598 2907 1720 2960 οὐδὲ
1747 2906 1856 2961 τῶν

263 2993 481 3065 θηρίων
507 2995 614 3050 τῶν
647 2995 899 3067 πονηρῶν
928 2996 1078 3050 οὐδὲν
1105 2997 1168 3050 οὐ
1216 2996 1291 3068 μὴ
1317 2996 1494 3069 ἀναϐῇ
1522 2999 1637 3051 ἐκεῖ
1658 3035 1674 3062 ,
1722 2998 1771 3050 οἱ
1799 2997 1855 3050 δὲ

258 3085 660 3160 διεσπαρμένοι
686 3086 1042 3160 πορεύσονται
1075 3088 1134 3141 ὲν
1165 3089 1325 3159 αὐτῇ.
1358 3106 1380 3141 ι

350 3182 411 3235 '0
435 3184 637 3249 αὐτός.
686 3201 707 3234 ι
750 3182 949 3254 Ἀρχὴν
980 3182 1118 3236 Σιὼν
1140 3182 1329 3248 δώσω,
1371 3183 1468 3237 καὶ
1502 3180 1855 3255 Ἰερουσαλὴμ
1880 3209 1927 3272 c

262 3273 646 3346 παρακαλέσω
679 3274 758 3337 είς
790 3273 929 3328 όδόν.
968 3292 986 3324 ι

349 3367 419 3420 '0
459 3366 658 3431 αὐτός.
718 3382 738 3417 ι
790 3365 901 3418 Καὶ
947 3365 1063 3429 ἄξω
1104 3365 1340 3434 τυφλοὺς
1382 3382 1441 3419 εν
1482 3365 1615 3437 ὁδῷ,
1754 3365 1856 3419 οὐκ

264 3457 539 3526 ἔγνωσαψ
558 3458 653 3512 καὶ
670 3456 912 3530 τρίϐους,
937 3456 1004 3522 ἀς
1025 3458 1124 3511 οὐκ
1140 3458 1361 3529 ᾔδεσαν,
1381 3461 1623 3530 πατῆσαι
1645 3459 1856 3530 ποιήσω

265 3543 496 3606 αὐτούς.
534 3561 553 3594 ι

353 3635 658 3704 Ἱερεμίας.
700 3652 718 3686 ι
751 3634 921 3705 Στῆτε
960 3633 1055 3688 ἐπὶ
1076 3638 1195 3700 ταῖς
1224 3637 1384 3703 ὁδοῖς,
1416 3638 1508 3691 καὶ
1544 3639 1855 3708 ἐρωτήσατε

268 3727 500 3798 τρίϐους
523 3725 723 3798 Κυρίου
749 3728 1018 3791 αἰωνίους,
1051 3729 1145 3781 κα)⁸
1174 3729 1310 3782 ἴδετε
1340 3731 1469 3784 ποία
1506 3730 1653 3783 ἐστὶν
1686 3732 1718 3801 ἡ
1742 3729 1857 3795 όδὸς

270 3819 306 3889 ή
334 3819 540 3890 ἀγαθὴ,
573 3819 666 3871 καὶ
694 3818 935 3887 βαδίζετε
964 3818 1023 3871 ἐν
1051 3819 1191 3891 αὐτῇ
1215 3860 1231 3886 ,
1285 3822 1379 3874 καὶ
1404 3822 1663 3894 εὑρήσετε
1696 3823 1858 3891 ἁγια-

273 3909 416 3980 σμὸν
448 3912 567 3974 ταῖς
591 3910 787 3981 ψυχαῖς
815 3909 989 3981 ὑμῶν.
1031 3928 1051 3961 ι

343 4002 443 4064 Τίς
467 3998 559 4056 οὖν
591 4004 624 4073 ή
650 4002 768 4067 ὁδὸς
802 4004 835 4073 ή
861 4001 1042 4075 ἀγαθὴ
1082 4003 1176 4056 καὶ
1206 4004 1501 4073 ἀγνίζουσα
1553 4007 1679 4071 τοὺς
1711 4004 1858 4079 βαδί·

271 4094 472 4159 ζοντας
500 4096 557 4147 ἑν
582 4095 743 4167 αὐτῇ,
776 4094 937 4160 αὐτὸς
964 4095 1170 4165 λεγέτω
1202 4096 1436 4169 Χριστός
1461 4115 1476 4131 ο
1513 4116 1531 4150 ι
1573 4099 1715 4170 Ἐγώ
1742 4103 1859 4174 εἰμι

270 4183 537 4253 nocte.»

339 4274 455 4326 Καὶ
488 4276 541 4327 οἱ
567 4273 1008 4343 ἀπεσταλμένοι
1032 4273 1197 4347 ἦσαν
1232 4277 1302 4332 ἐκ
1346 4278 1464 4333 τῶν
1486 4282 1855 4351 Φαρισαίων,

270 4365 376 4419 καὶ
423 4362 744 4433 ἠρώτησαν
786 4366 1003 4431 αὐτὸν,
1049 4368 1148 4421 καί
1191 4365 1366 4423 εἶπον
1402 4371 1591 4436 αὐτῷ’
1646 4376 1707 4429 Τί
1745 4371 1860 4430 οὖν

268 4455 582 4523 βαπτίζεις
600 4496 615 4519 ,
646 4458 698 4511 εί
736 4456 817 4511 σὺ
841 4459 952 4512 οὐκ
983 4454 1043 4513 εἷ
1078 4462 1112 4513 ό
1140 4460 1391 4529 Χριστός
1411 4499 1426 4525 ,
1465 4463 1603 4518 οὔτε
1633 4466 1855 4533 Ἠλίας,

273 4551 417 4606 οὔτε
441 4552 474 4604 ὁ
503 4549 815 4620 προφήτης
838 4566 856 4615 ;

346 4642 412 4695 Οί
456 4641 605 4712 παρά
630 4640 742 4694 τῶν
777 4639 1049 4695 Ἰουδαίων
1080 4639 1477 4712 ἀπεσταλμένοι
1516 4643 1761 4713 (Λευῖται
1797 4646 1857 4701 δὲ

272 4728 439 4805 ἦσαν,
471 4732 565 4786 καὶ
601 4732 709 4787 τῶν
737 4733 796 4787 ὲν
827 4731 1093 4803 ἱερωσύνῃ
1123 4733 1309 4803 τινὲς),
1343 4733 1686 4797 ἀπαιδεύτως
1714 4738 1855 4808 ἐρω-

270 4825 482 4888 τῶντες
521 4824 834 4896 ἠλέγχοντο.
886 4823 1112 4897 Ἕτερον
1150 4824 1261 4896 γὰρ
1302 4821 1441 4879 εἶναι
1466 4825 1559 4880 τὸν
1595 4828 1854 4900 Χριστὸν,

273 4916 467 4988 ἕτερον
513 4915 571 4970 δὲ
603 4916 692 4970 τὸν
714 4916 802 4970 διὰ
822 4913 917 4969 τοῦ
948 4915 1115 4987 νόμου
1155 4918 1438 4990 προφήτην
1480 4920 1859 4976 ὑποτοπάσαν-

275 5008 657 5076 τες,ἒφασκον,
674 5006 878 5078 μετὰτὸ
902 5008 1071 5079 φῆσαι
1089 5008 1180 5062 τὸν
1196 5008 1348 5078 ἀγιον
1374 5010 1857 5084 Βαπτιστὴν,Ἐγὼ

278 5098 384 5153 οὐκ
415 5099 533 5167 εἰμὶ
564 5100 593 5153 ό
625 5098 859 5169 Χριστός
885 5111 899 5126 ⁸
944 5115 963 5150 ι
1002 5099 1059 5153 ’0
1086 5102 1369 5171 προφήτης
1409 5097 1457 5155 ei
1504 5103 1608 5169 σύ;
1646 5122 1665 5157 ι
1718 5105 1857 5159 Ἀλλ’

283 5190 395 5245 ῑδοὺ
441 5191 535 5244 καὶ
580 5192 614 5261 ή
661 5189 769 5243 τῶν
809 5189 1118 5260 Φαρισαίων
1167 5191 1378 5261 πληθὺς
1423 5193 1858 5264 δοκησισοφοῦσα

284 5283 488 5353 μᾶλλον
534 5281 675 5353 ἢπερ
712 5282 881 5347 ὅντως
926 5282 1126 5355 ἀκριϐῆ
1167 5282 1276 5335 τῶν
1322 5282 1483 5338 θείων
1524 5285 1718 5354 λογίων
1758 5286 1857 5359 τὴν

283 5375 482 5441 γνῶσιν
506 5374 706 5445 ἔχουσα
743 5376 1027 5444 φωρᾶταιο
1075 5392 1093 5424 ι
1135 5372 1199 5425 Τί
1238 5373 1347 5444 γὰρ
1379 5374 1516 5436 ὅλως
1554 5375 1855 5445 βαπτίζεις,

286 5466 448 5536 φησὶν
468 5505 484 5529 ,
514 5468 563 5519 εἰ
596 5466 661 5518 σὺ
691 5464 791 5518 οὐκ
820 5459 871 5517 εἴ
897 5466 925 5517 6
957 5463 1190 5535 Χριστὸς
1209 5503 1224 5529 ,
1262 5463 1384 5515 οὐδὲ
1434 5464 1621 5530 Ἠλίας
1642 5504 1656 5530 ,
1691 5468 1810 5521 οὐδὲ
1831 5470 1859 5523 6

287 5560 569 5629 προφήτης
592 5575 607 5623 ;
635 5576 653 5609 ι
703 5556 982 5612 Φαίνονται
1010 5555 1066 5609 δὲ
1095 5554 1255 5608 πάλιν
1277 5595 1291 5618 ,
1325 5556 1384 5608 οὐ
1422 5557 1621 5627 μικρὰν
1646 5559 1859 5614 ὠδίνον-

286 5665 375 5712 τες
402 5650 541 5703 κατά
561 5648 655 5703 τοῦ
682 5647 982 5703 Βαπτιστοῢ
1004 5647 1102 5718 τὴν
1122 5646 1483 5704 ἀπόνοιαν.οὑ
1503 5650 1610 5722 γὰρ
1629 5650 1858 5719 ἀξιοῦσι,

358 5767 402 5796 ’⁷
434 5766 540 5821 lsa.
570 5784 629 5832 ιι,
653 5768 706 5823 5.
781 5769 828 5802 ’⁸
850 5770 955 5824 lsa.
983 5782 1144 5832 XXXV,
1177 5764 1228 5831 8,
1267 5769 1318 5824 9.

291 5835 311 5868 ⁸
328 5808 543 5893 Joaniui
555 5808 582 5905 ,'

1397 5773 1441 5805 9°
1484 5772 1587 5829 lsa.
1623 5790 1732 5837 xu.
1778 5774 1867 5830 ‘27.
1949 5776 1963 5807 ¹
2012 5774 2115 5829 lsa.
2159 5789 2289 5839 XLII,
2337 5771 2418 5825 l6.

1953 643 2076 685 esse
2110 630 2409 695 Christum,
2440 633 2743 703 subjiciunt
2765 648 2781 686 :
2802 634 2943 700 Quid
2967 633 3133 705 ergo?
3170 631 3317 689 lilias
3348 648 3407 689 es
3432 636 3529 690 tu?

1953 716 2051 772 Illo
2077 727 2330 789 negante,
2368 735 2493 775 cum
2540 729 2686 776 esset
2712 730 3141 779 consentaneum
3177 725 3527 793 percunctari

1953 810 2021 865 de
2060 824 2437 881 praecursore,
2476 813 2636 884 109
2668 813 2759 882 (id
2793 818 2939 870 enim
2975 816 3244 884 restabat)
3277 814 3528 885 imperite

1954 902 2021 956 ad
2071 903 2245 973 ipsum
2279 903 2560 960 Christum
2595 905 2780 961 statim
2832 921 2893 961 se
2946 904 3262 970 conferunt,
3313 905 3409 975 qui
3468 913 3529 957 ut

1953 996 2216 1064 propheta
2258 1010 2356 1066 per
2389 997 2561 1067 legem
2606 997 2972 1067 signiﬁcatur.
3019 996 3158 1053 Vide
3201 997 3346 1053 enim
3394 997 3526 1067 quid

1953 1086 2139 1142 dicant
2167 1090 2495 1159 scriptorum
2540 1087 2907 1144 Mosaicorum
2944 1088 3163 1160 ignari:
3199 1108 3217 1142 ι
3253 1087 3528 1160 Propheta

1952 1194 2014 1235 es
2042 1180 2140 1235 tu?
2180 1179 2243 1235 Et
2283 1182 2586 1250 respondit,
2627 1179 2769 1235 Non.
2814 1199 2833 1233 ι
2876 1178 2997 1236 Non
3039 1187 3160 1235 erat
3203 1181 3351 1236 enim
3410 1181 3529 1253 ipse

1953 1269 2228 1334 Christus,
2265 1281 2323 1326 ut
2345 1272 2459 1342 jam
2494 1281 2623 1328 ante
2645 1271 3016 1328 continuavit.

2021 1449 2061 1515 Ι,
2080 1449 2172 1513 22,
2195 1449 2286 1504 εδ.
2322 1448 2463 1515 Quid
2481 1448 2616 1503 dicis
2645 1446 2710 1503 de
2736 1449 2903 1518 teipso
2922 1449 2950 1504 1
2969 1445 3081 1519 Ego
3112 1462 3212 1502 vos:
3242 1447 3526 1503 clamantis

1951 1544 2007 1598 in
2029 1543 2255 1598 deserto.

2023 1633 2304 1704 Tanquam
2333 1634 2551 1705 ignaros
2571 1632 2978 1703 Scripturarum
3003 1630 3216 1686 acriter.
3229 1645 3326 1687 eos
3348 1628 3528 1702 arguit

1952 1735 2005 1781 et
2032 1725 2352 1796 prophetico
2380 1724 2691 1780 testimonio
2723 1722 2884 1777 ﬁdem
2935 1719 3069 1776 facit
3116 1720 3413 1776 ministerii
3461 1734 3527 1776 ac

1952 1817 2091 1873 vicis
2128 1817 2233 1872 sibi
2280 1816 2641 1872 demandatae.
2683 1814 2862 1869 Venio
2918 1813 3089 1880 enim,
3146 1812 3345 1883 inquit,
3390 1811 3527 1866 nihil

1953 1910 2203 1965 dicturus
2238 1910 2383 1964 aliud
2430 1908 2537 1964 nisi
2585 1922 2685 1978 pro
2714 1905 2927 1962 foribus
2960 1905 3184 1961 demum
3224 1918 3350 1959 esse
3399 1917 3524 1958 eum

1952 2003 2044 2073 qui
2068 2008 2442 2072 exspectatur,
2465 2000 2577 2055 imo
2608 1998 2791 2070 potius
2818 1997 3104 2052 Dominum
3136 1996 3279 2049 intra
3312 2002 3523 2065 portas.

1954 2094 2135 2149 Parati
2169 2093 2290 2149 sitis
2319 2106 2708 2165 quamcunque
2729 2090 2889 2160 jubet
2913 2088 3058 2143 viam
3084 2086 3374 2142 insistere:
3412 2099 3528 2137 am-

1952 2187 2187 2242 hulastis
2222 2185 2278 2240 in
2307 2185 2395 2239 via
2424 2183 2614 2247 Mosis,
2639 2180 2848 2237 Christi
2874 2178 3019 2234 viam
3053 2177 3318 2248 suscipite
3342 2194 3357 2231 :
3381 2173 3527 2229 hanc

1954 2277 2114 2332 nobis
2148 2284 2467 2331 sanctorum
2496 2274 2886 2346 pr0phetarum
2919 2267 3171 2340 praedixit
3203 2266 3431 2322 chorus.

2131 2368 2459 2424 Testimouia
2491 2364 2867 2433 prophetarum
2904 2358 2968 2414 de
3004 2360 3090 2413 via
3122 2356 3347 2412 Christi.

2027 2462 2224 2517 Isaias.
2266 2479 2284 2513 ι
2318 2457 2513 2513 Venite
2530 2453 2893 2511 ascendatnns
2922 2450 2979 2505 in
3002 2455 3243 2503 montem
3277 2443 3520 2507 Domini,

1953 2569 2007 2613 et
2036 2557 2102 2611 ad
2128 2556 2348 2611 domum
2374 2550 2468 2606 Dei
2490 2548 2681 2614 Iacob,
2718 2556 2772 2602 et
2805 2541 3157 2599 annuntiabit
3188 2538 3349 2594 nobis
3373 2537 3519 2592 viam

1955 2665 2132 2716 suam,
2159 2655 2214 2704 et
2242 2643 2649 2701 ambulabimus
2682 2640 2738 2694 in
2760 2652 2826 2695 ea
2850 2638 2922 2690 ".
2954 2655 2974 2689 ι

2026 2823 2196 2878 Idem.
2237 2838 2255 2872 ι
2292 2818 2415 2874 Erit
2442 2817 2517 2872 ibi
2542 2816 2630 2870 via
2660 2811 2891 2875 munda,
2923 2816 2980 2865 et
3010 2807 3102 2863 via
3140 2812 3330 2862 sancta
3363 2816 3530 2858 voca-

1956 2917 2145 2971 bitur:
2183 2928 2294 2967 non
2326 2910 2433 2967 erit
2462 2909 2534 2964 ibi
2571 2907 2681 2970 leo,
2715 2911 2771 2961 et
2802 2902 2947 2959 mala
2986 2899 3160 2956 bestia
3194 2912 3304 2952 non
3334 2910 3530 2951 ascen-

1956 3009 2047 3065 det
2068 3009 2121 3062 in
2152 3020 2294 3068 eam,
2332 3001 2428 3058 sed
2453 2997 2814 3055 ambulabunt
2840 2995 2896 3051 in
2919 3006 2984 3050 ea
3014 2988 3269 3060 dissipati
3293 2987 3362 3041 ".
3399 3004 3419 3038 ι

2028 3184 2197 3238 Idem.
2239 3200 2257 3232 ι
2315 3176 2654 3246 Principium
2708 3171 2855 3228 dabo
2907 3167 3060 3233 Sion,
3122 3176 3177 3222 et
3223 3163 3529 3221 Jerusalem

1957 3276 2216 3332 hortabor
2239 3273 2306 3326 ad
2330 3270 2476 3325 viam
2497 3267 2566 3321 ".
2602 3285 2621 3317 ι

2028 3366 2197 3422 Idem.
2227 3384 2246 3417 ι
2286 3363 2354 3417 Ει
2394 3354 2594 3416 ducam
2644 3371 2821 3413 caecos
2856 3354 2912 3409 in
2947 3351 3036 3406 via
3072 3365 3239 3422 quam
3275 3364 3386 3403 non
3432 3361 3532 3402 no-

1954 3468 2169 3525 verunt,
2195 3468 2248 3513 et
2278 3470 2377 3526 per
2408 3451 2635 3509 semitas
2661 3463 2801 3521 quas
2861 3461 2972 3501 non
3021 3448 3229 3498 norunt
3275 3438 3532 3495 incedere

1955 3554 2103 3624 ipsos
2138 3548 2334 3603 faciam
2358 3547 2399 3600 ¹.
2450 3563 2469 3596 ι

2022 3640 2304 3696 Jeremias.
2342 3654 2361 3688 ι
2404 3634 2557 3689 State
2582 3646 2750 3703 super
2778 3629 2918 3694 vias,
2967 3634 3025 3683 et
3056 3626 3394 3691 interrogate
3438 3634 3531 3674 se-

1955 3737 2119 3791 mitas
2156 3730 2366 3786 Domini
2401 3743 2522 3799 quae
2551 3741 2581 3779 a
2613 3723 2855 3780 sacculo:
2906 3728 2963 3776 et
3000 3718 3181 3773 videte
3226 3713 3409 3784 qualis
3448 3721 3533 3766 est

1955 3826 2042 3878 via
2064 3823 2229 3885 bona,
2264 3828 2320 3875 et
2358 3816 2631 3872 ambulate
2680 3813 2739 3868 in
2785 3826 2873 3877 ea,
2903 3819 2958 3865 et
2997 3805 3295 3864 invenietis
3344 3801 3533 3874 purili-

1957 3915 2225 3973 cationem
2261 3909 2549 3965 animabus
2580 3904 2848 3962 vestris’.
2890 3920 2910 3956 ι

2028 4008 2286 4073 Quaenam
2312 4016 2443 4073 ergo
2470 4000 2543 4057 sit
2583 3999 2676 4053 illa
2707 3996 2797 4053 via
2829 3996 2998 4062 bona,
3029 4008 3262 4063 quaeque
3290 3988 3535 4047 sanctili-
3602 4043 3624 4055 α

1957 4108 2047 4156 cat
2076 4095 2393 4153 incedentes
2430 4094 2486 4148 in
2516 4106 2603 4159 ea,
2648 4090 2767 4160 ipse
2815 4087 2963 4143 dicat
3020 4085 3317 4140 Christus:
3357 4101 3378 4134 ι
3420 4081 3535 4150 Ego

1958 4209 2080 4249 sum
2107 4190 2192 4244 via
2217 4190 2258 4242 ³.
2304 4207 2323 4240 ι

2028 4284 2068 4349 Ι,
2100 4280 2292 4336 ει-ειδ.
2332 4277 2397 4332 Et
2442 4277 2532 4348 qui
2569 4274 2719 4329 missi
2753 4272 2993 4342 fuerant,
3046 4276 3202 4323 erant
3231 4280 3295 4319 ea:
3342 4261 3536 4316 Phari-

1958 4376 2079 4430 swis
2106 4388 2123 4427 :
2154 4383 2202 4427 et
2232 4373 2690 4439 interrogaverunt
2720 4380 2860 4427 eum,
2893 4371 2944 4416 et
2980 4360 3235 4413 dixerunt
3263 4357 3311 4410 ei
3342 4370 3359 4408 :
3392 4351 3534 4418 Quid

1959 4480 2079 4534 ergo
2131 4462 2393 4529 baptizas,
2434 4461 2483 4512 si
2516 4464 2574 4510 tu
2599 4471 2706 4509 non
2736 4469 2791 4508 es
2822 4450 3097 4512 Christus,
3146 4462 3311 4514 neque
3356 4442 3533 4503 Elius,

1886 4544 1933 4600 Ι)
1962 4570 2125 4625 neque
2151 4552 2409 4623 propheta
2437 4552 2461 4606 ?

2027 4647 2187 4714 Quia
2220 4642 2424 4699 Iudaeis
2482 4638 2638 4695 missi
2670 4646 2850 4697 erant,
2898 4634 3101 4690 Levita:
3153 4631 3433 4695 nimirum,
3483 4640 3536 4685 et

1954 4739 2182 4812 quidam
2204 4752 2273 4792 ex
2313 4732 2668 4791 sacerdotum
2709 4729 2926 4793 ordine,
2956 4725 3118 4795 110
3142 4724 3364 4780 stultam
3388 4738 3537 4792 qua:-

1954 4835 2194 4891 stionem
2252 4827 2454 4884 fecisse
2517 4824 2909 4895 arguebantur.
2968 4818 3150 4874 Alium
3207 4817 3353 4873 enim
3413 4830 3537 4870 esse

1956 4925 2260 4987 Christum,
2290 4920 2454 4975 alium
2478 4916 2801 4988 prephetam
2828 4914 3003 4979 illum,
3038 4909 3201 4979 cujus
3242 4909 3299 4963 in
3325 4908 3443 4976 lege
3478 4906 3538 4959 ﬁt

1962 5015 2169 5072 mentio
2195 5011 2478 5082 suspicati,
2515 5023 2642 5064 cum
2674 5022 2732 5062 sa
2746 5016 2905 5061 nctus
2932 5003 3179 5073 Baptista
3218 4997 3537 5068 respondis-

1962 5116 2046 5164 set
2073 5122 2133 5162 se
2162 5120 2273 5160 non
2300 5119 2422 5160 esse
2444 5101 2754 5162 Christum,
2787 5096 3082 5152 dicebant:
3122 5109 3140 5142 ι
3172 5088 3448 5159 Propheta
3474 5103 3537 5144 es

1960 5200 2061 5254 tu?
2100 5217 2119 5251 ι
2168 5196 2274 5252 Sed
2321 5209 2452 5250 ecce
2503 5193 2664 5247 turba
2699 5191 2818 5260 ipsa
2865 5197 3086 5255 quoque
3130 5180 3535 5235 Pharisaeorum

1959 5305 2102 5346 vana
2152 5287 2508 5361 persuasione
2568 5280 2855 5353 sapientia:
2904 5273 3089 5329 inﬂata
3130 5271 3318 5343 potius
3368 5287 3536 5342 quam

1961 5398 2090 5437 vera
2140 5380 2457 5436 divinorum
2522 5373 2875 5429 oraculorum
2940 5364 3254 5436 cognitione
3308 5363 3537 5434 praedita

1962 5488 2088 5531 esse
2110 5468 2559 5542 deprehenditur.
2599 5482 2618 5516 ι
2656 5459 2798 5527 Quid
2820 5457 2992 5522 enim,
3040 5476 3059 5510 ι
3098 5457 3349 5521 obsecro,
3387 5474 3406 5507 ι
3440 5456 3540 5510 ba-

1965 5566 2163 5636 ptizas,
2202 5582 2221 5614 ι
2263 5561 2541 5632 inquiunt,
2582 5576 2599 5605 ‹
2640 5554 2769 5609 situ
2801 5566 2909 5618 non
2952 5565 3013 5605 es
3032 5549 3321 5613 Christus,
3359 5563 3539 5619 neque

1968 5658 2139 5716 Elias,
2199 5669 2377 5724 neque
2433 5644 2783 5720 propheta“!
2823 5661 2842 5695 ι
2904 5640 3007 5695 Hic
3037 5656 3231 5695 rursus
3285 5637 3536 5693 videntur

2498 5770 2517 5798 ²
2544 5765 2747 5823 Jercm.
2788 5777 2865 5831 Vl,
2907 5759 2993 5815 16.
3084 5758 3104 5789 ⁸
3132 5755 3286 5813 Ioan.
3328 5772 3439 5822 xw,
3481 5755 3534 5811 6.
