4118 6556
642 361 743 422 187
1633 362 1691 432 S,
1730 359 2007 418 CYRILLI
2044 355 2513 417 ALEXANDBINI
2549 355 2863 413 ARCHIEP.
3836 350 3971 405 £88

636 476 901 533 Joannem
934 475 1230 548 Baptistam
1261 491 1371 532 non
1416 491 1610 548 parum
1665 477 1867 534 habere
1896 476 2178 549 despectui

2278 526 2281 533 ,
2309 472 2449 526 κατά
2477 472 2536 525 τὸ
2566 471 2740 535 εἰκὸς,
2766 473 2826 524 ἐν
2856 468 2933 541 τῷ
2966 467 3252 538 καταλόγῳ
3283 465 3390 519 τῶν
3432 466 3967 539 προσδοκωμένων

640 568 843 624 Nolunt
865 569 1033 636 enim,
1061 578 1120 625 ut
1149 578 1398 640 apparet,
1444 569 1625 640 ipsum
1657 570 1711 625 in
1750 586 1942 627 eorum
1987 587 2180 628 numer

2319 562 2726 634 κατ[ατ]ἀττειν
2770 561 2956 627 αὑτὸν,
2986 560 3086 631 τὴν
3125 558 3183 611 δὲ
3231 558 3442 621 ἑαυτοῖς
3481 556 3962 629 συντεθραμμὲ-

637 661 733 730 qui
789 661 1257 731 exspectabantur
1290 662 1589 729 collocare,
1649 662 1747 719 sed
1814 662 2072 718 familiari
2110 664 2180 720 sit

2315 672 2413 727 νην
2440 654 2721 717 νοσοῦντες
2741 650 3131 724 ἀλαζον[ε]ίαν,
3151 649 3302 703 οὐδὲν
3321 648 3458 702 εἶναι
3474 650 3801 721 νομίζουσι,
3822 650 3957 704 κᾶν

638 754 785 808 fastu
817 753 976 807 nihili
1009 753 1243 819 faciunt,
1292 755 1548 824 quamvis
1601 755 1882 826 prophetae
1913 771 2048 811 voce
2083 771 2180 826 pra

2312 745 2402 799 διὰ
2431 746 2531 816 τῆς
2557 744 2651 799 τοῦ
2687 744 2967 815 προφήτου
3002 741 3445 813 προαγγέλληται
3474 742 3682 812 φωνῆς.
3706 741 3951 795 Ἀκού-

637 844 925 899 nuntiatus
954 844 1048 900 sit.
1082 846 1219 901 Cum
1247 846 1395 901 enim
1423 846 1729 903 audierint:
1760 868 1779 901 ‹
1817 847 1931 919 Ego
1957 864 2079 904 sum
2107 863 2176 904 vo

2315 853 2506 901 σαντες
2537 836 2680 906 γὰρ,
2727 836 2808 889 ὅτι
2841 854 2858 887 ι
2900 831 3042 901 Ἐγώ
3068 833 3186 903 είμι
3228 830 3382 903 φωνὴ
3434 830 3667 902 βοῶντος
3723 833 3791 885 ἐν
3859 836 3943 903 τῇ

634 936 925 993 clamantis
950 938 1006 992 in
1040 939 1259 995 deserto
1294 957 1306 994 :
1334 938 1530 995 Parate
1557 941 1703 996 viam
1731 940 1948 997 Domini
1970 942 2014 1007 ',
2038 962 2058 995 ι
2087 956 2180 997 ora

2312 928 2523 1000 ἐρήμῳ·
2549 928 2905 998 Ἑτοιμάσατε
2935 925 3033 997 τὴν
3058 924 3176 979 όδδν
3208 924 3437 995 Κυρίου,
3474 943 3492 975 ι
3527 922 3618 976 τὸν
3645 924 3831 992 λόγον
3868 925 3944 976 οὐ

633 1028 759 1082 culo
796 1028 1027 1099 rejecto,
1068 1029 1423 1101 impudenter
1450 1031 1635 1102 ipsum
1690 1032 1779 1087 bis
1808 1032 2180 1104 propemodun

2310 1017 2745 1091 παραδεξάμενοι
2767 1058 2782 1083 ,
2840 1016 3150 1088 μονονουχὶ,
3206 1014 3302 1068 καὶ
3352 1014 3548 1084 ἀνέδην
3595 1014 3944 1085 ἐπιτιμῶσι

632 1122 817 1179 verbis
852 1123 1284 1194 aggrediuntur:
1328 1123 1511 1190 Nulla,
1542 1140 1575 1181 ο
1629 1126 1884 1196 quisquis
1925 1140 2007 1192 es,
2048 1126 2105 1181 in
2155 1133 2180 1179 tl

2309 1110 2583 1181 λέγοντες’
2605 1111 2802 1177 Οὐδὲν,
2833 1103 2877 1163 ὧ
2906 1103 3086 1175 οὗτος,
3110 1110 3170 1162 ὲν
3201 1108 3284 1162 σοὶ
3307 1108 3369 1161 τὸ
3399 1107 3714 1172 ἀξιόπιστον
3732 1149 3751 1171 ,
3793 1108 3939 1162 ἀλλ’

626 1222 714 1270 cst
743 1216 1073 1280 auctoritas,
1107 1216 1240 1271 nihil
1278 1218 1457 1288 magni
1491 1225 1585 1273 aut
1635 1218 2018 1274 admirabilis:
2051 1218 2179 1289 quid

2308 1205 2430 1258 οὐδὲ
2461 1204 2523 1258 τὸ
2555 1203 2889 1275 θαυμαστὸν,
2919 1203 2953 1275 ἢ
2987 1202 3160 1273 μέγα·
3193 1200 3248 1254 τί
3279 1200 3375 1254 καὶ
3404 1201 3539 1264 ὅλως
3568 1200 3888 1271 βαπτίζεις
3916 1219 3933 1265 ;

630 1322 757 1361 cum
786 1308 925 1363 nihil
965 1310 1084 1379 ipse
1106 1310 1205 1374 sis,
1238 1318 1449 1364 tantam
1472 1325 1586 1365 rem
1623 1310 1884 1366 moliris?
1908 1310 2180 1381 lmpiorun

2304 1296 2359 1349 τί
2381 1296 2437 1349 δὲ
2458 1296 2745 1366 πράγματι
2772 1293 3108 1366 τηλικούτῳ,
3137 1294 3196 1347 τὸ
3226 1292 3397 1365 μηδὲν
3428 1291 3527 1357 ὢν,
3552 1293 3887 1363 ἐπιχειρεῖς
3910 1310 3928 1357 ;

628 1397 1035 1456 Pharisaeorum
1071 1402 1173 1458 iste
1216 1417 1335 1458 mos
1377 1410 1516 1468 erat,
1583 1411 1908 1472 praesentem
1964 1405 2180 1461 elevare

2306 1388 2464 1452 Ἔθος
2499 1388 2556 1443 δὲ
2592 1388 2751 1441 τοῦτο
2782 1390 2955 1441 ποιεῖν
2990 1389 3105 1451 τοῖς
3133 1386 3369 1450 ἀνοσίοις
3407 1384 3725 1457 Φαρισαίοις
3750 1425 3769 1449 ,
3815 1385 3931 1438 τὸν

624 1508 751 1546 eum
786 1502 967 1549 autem
1005 1495 1100 1564 qui
1132 1503 1397 1551 venturus
1423 1503 1539 1551 erat
1569 1496 1695 1551 (icto
1724 1496 1931 1551 honore
1963 1496 2179 1553 allicere

2309 1480 2406 1551 μὲν
2437 1480 2539 1551 ἤδη
2570 1481 2812 1552 παρόντα
2839 1478 3337 1551 κατασμικρύνειν,
3388 1476 3827 1549 προσποιεῖσθαι
3852 1476 3925 1531 δὲ

629 1582 698 1637 Ut
734 1583 879 1638 enim
907 1585 1050 1654 apud
1078 1583 1296 1641 Iudaeos
1320 1586 1374 1640 in
1403 1586 1614 1641 honore
1640 1601 1855 1658 semper
1894 1596 2102 1652 essent,
2149 1604 2179 1644 e

2308 1572 2507 1643 μᾶλλον
2536 1574 2701 1644 τιμᾷν
2729 1571 2821 1626 τὸν
2857 1571 3181 1643 ἀφιξόμενον
3208 1589 3223 1602 ·
3253 1572 3340 1625 ἵνα
3362 1571 3471 1642 γὰρ
3503 1571 3590 1624 ἀεὶ
3608 1569 3708 1633 τάς
3743 1570 3925 1639 παρὰ

624 1675 843 1732 divitias
872 1677 1121 1747 ingentes
1140 1678 1243 1733 sibi
1264 1687 1674 1749 compararent,
1698 1680 1976 1736 neminem
2001 1691 2180 1750 praete}

2301 1664 2410 1717 τῶν
2441 1664 2708 1718 Ἰουδαίων
2729 1663 3227 1736 πραγματεύωνται
3249 1663 3437 1735 τιμὰς,
3460 1663 3553 1717 καὶ⁵
3586 1662 3921 1733 χρημάτων

622 1783 682 1821 se
713 1768 972 1823 honorari
1008 1771 1380 1840 patiebantur.
1416 1770 1715 1843 Propterea
1751 1776 1930 1844 ipsum
1979 1790 2180 1846 quoquc

2303 1756 2515 1820 ἑαυτοῖς
2569 1757 2871 1828 προξενῶσι
2923 1758 3266 1829 πορισμοὺς,
3320 1756 3510 1810 οὐδένα
3555 1754 3665 1807 τῶν
3705 1754 3916 1809 ἄλλων

619 1857 1013 1915 interfecerunt
1062 1862 1355 1928 hmredem,
1411 1864 1690 1922 dicentes:
1739 1886 1755 1918 ι
1804 1865 2018 1935 Venite,
2049 1869 2199 1924 occi-

617 1950 818 2008 damus
846 1968 995 2018 eum,
1022 1964 1077 2010 et
1130 1955 1456 2013 habebimus
1521 1958 1898 2015 haereditatem
1944 1962 2068 2031 ejus
2086 1961 2128 2015 ⁸.
2174 1981 2192 2013 ι

688 2213 733 2279 ῐ,
760 2213 947 2269 26-27.
984 2214 1275 2286 Respondit
1311 2218 1387 2272 eis
1414 2217 1675 2288 Joannes,
1710 2220 1928 2277 dicens:
1962 2223 2071 2295 Ego
2103 2224 2197 2279 ba-

615 2307 760 2371 ριὶτο
792 2309 845 2361 in
902 2324 1083 2378 aqua:
1122 2310 1325 2364 medius
1361 2321 1537 2365 autem
1577 2322 1804 2369 oestrum
1830 2317 2002 2381 stetit,
2043 2336 2194 2388 quem

615 2415 704 2453 vos
736 2401 969 2455 nescitis.
1001 2400 1119 2469 Ipse
1141 2412 1241 2467 est,
1273 2404 1364 2473 qui
1403 2415 1518 2473 post
1555 2422 1635 2461 me
1680 2417 1927 2464 venturus
1958 2419 2059 2474 est,
2106 2414 2197 2481 qui

615 2499 740 2543 ante
772 2507 853 2543 me
873 2490 1050 2558 factus
1079 2501 1195 2554 est;
1222 2493 1374 2561 cujus
1397 2510 1501 2548 non
1524 2512 1643 2549 sum
1668 2496 1882 2567 dignus,
1915 2509 1972 2553 ut
1991 2502 2194 2557 solvam

611 2584 727 2653 ejus
758 2585 1047 2654 corrigiam
1086 2584 1453 2642 calceamenti.

680 2763 880 2820 Beatus
920 2765 1165 2836 Baptista
1212 2782 1369 2838 aequo
1417 2769 1603 2825 animo
1652 2769 1759 2827 fert
1813 2772 2187 2844 increpantes,

606 2865 661 2913 et
692 2858 846 2913 valde
861 2860 1113 2929 apposite
1140 2861 1403 2916 salutaris
1431 2864 1691 2932 praeconii
1716 2866 2062 2922 occasionem
2098 2884 2190 2923 su-

606 2951 705 3004 mit
730 2965 795 3006 ex
823 2951 891 3005 iis
921 2966 1042 3021 quas
1073 2952 1139 3008 de
1170 2968 1230 3009 se
1278 2961 1499 3008 narrat:
1541 2955 1811 3027 docetque
1843 2958 2060 3014 demum
2101 2963 2186 3016 vel

605 3041 810 3096 invitos
843 3042 936 3110 qui
970 3042 1038 3095 ad
1072 3057 1132 3097 se
1160 3042 1313 3097 missi
1343 3053 1499 3098 erant
1535 3043 1865 3111 Pharisaaos,
1897 3048 2182 3105 Christum

2231 1821 2273 1879 Β
2301 1846 2531 1917 ὁρᾶσθαι
2580 1821 2860 1919 βούλονται
2893 1821 3193 1919 διαπρεπῆ.
3251 1821 3407 1900 Οὕτω
3439 1848 3549 1918 γάρ
3593 1848 3689 1901 καὶ
3722 1848 3915 1900 αὑτὸν

2301 1940 2627 1994 ἀπέκτειναν
2648 1942 2739 1995 τὸν
2770 1940 3131 2012 κληρονόμον,
3161 1938 3412 2008 λέγοντες
3430 1955 3441 1969 ·
3484 1958 3502 1990 ι
3532 1938 3697 1991 Δεῦτε
3715 1979 3729 2002 ,
3748 1939 3907 1992 ἀπο-

2302 2032 2602 2105 κτείνωμεν
2656 2032 2850 2097 αὐτδν,
2908 2034 3002 2087 καὶ
3076 2031 3295 2103 σχῶμεν
3352 2031 3451 2103 τὴν
3518 2031 3905 2103 κληρονομίαν

2298 2125 2483 2180 αὑτοῦ.
2522 2144 2542 2178 ι

2382 2218 2684 2285 Ἀπεκρίθη
2713 2216 2918 2283 αὐτοῖς
2943 2220 2977 2272 ὁ
3019 2216 3311 2284 Ἰωάννης,
3343 2215 3557 2286 λέγων*
3603 2215 3750 2285 Ἐγὼ
3769 2218 3904 2281 ,Βα-

2297 2309 2473 2370 πτὶζω
2492 2311 2562 2364 ἐν
2581 2310 2752 2364 ὕδατι
2776 2328 2789 2341 ⁸
2821 2310 3012 2379 μέσος
3036 2309 3103 2363 δὲ
3124 2308 3289 2379 ὑμῶν
3307 2308 3587 2377 ἕστηκεν,
3614 2309 3689 2362 ὃν
3713 2309 3904 2377 ὑμεῖς

2295 2403 2406 2455 οὐκ
2429 2402 2647 2458 οἴδατε.
2670 2403 2861 2467 Αὐτός
2881 2402 3070 2466 ἐστιν,
3097 2404 3129 2455 ὀ
3164 2401 3356 2455 ὀπίσω
3385 2418 3503 2470 μου
3533 2401 3898 2470 ἐρχόμενος,

2296 2492 2367 2559 ὃς
2413 2494 2755 2563 ἔμπροσθέν
2810 2513 2930 2565 μου
2982 2494 3262 2565 γέγονεν,
3311 2488 3384 2549 οὗ
3426 2492 3541 2563 ἐγὼ
3598 2495 3714 2547 οὐκ
3766 2492 3900 2562 ειμι

2294 2585 2494 2653 ἄξιος,
2546 2588 2647 2643 ἵνα
2677 2588 2848 2642 λύσω
2893 2587 3081 2641 αὑτοῦ
3122 2586 3229 2641 τὸν
3260 2585 3475 2657 ἱμάντα
3516 2585 3623 2640 τοῦ
3648 2584 3899 2653 ὑποδή-

2288 2696 2500 2746 ματος.

2378 2769 2735 2835 Ἀνεξικάκως
2779 2772 2807 2825 ὁ
2842 2771 3111 2842 μακάριος
3136 2768 3449 2841 Βαπτιστής
3493 2766 3897 2838 ἐπιτιμώντων

2291 2860 2545 2931 ἀνέχεται
2565 2877 2580 2893 ⁸
2614 2862 2945 2933 εὐαφόρμως
2995 2861 3052 2915 δὲ
3078 2861 3198 2915 λίαν
3234 2859 3333 2931 τὴν
3359 2860 3416 2912 ὲν
3446 2860 3559 2921 τοῖς
3590 2857 3713 2912 καθ’
3747 2857 3891 2910 ἑαυ-

2290 2952 2380 3006 τὸν
2427 2952 2686 3024 ἐξήγησιν
2728 2952 2984 3006 ὑπόθεσιν
3028 2954 3267 3005 ἐποιεῖτο
3312 2950 3405 3003 τοῦ
3460 2949 3731 3019 σωτηρίου
3776 2966 3888 3018 κη-

2294 3040 2608 3113 ρύγματος·
2661 3042 2902 3096 διδάσκει
2952 3041 3011 3095 δὲ
3059 3042 3160 3111 ἤδη
3214 3040 3309 3093 καὶ
3349 3040 3445 3110 οὐχ
3487 3038 3713 3101 ἑκόντας
3749 3040 3886 3102 τοὺς

605 3132 747 3184 intra
776 3140 964 3201 portas
1000 3147 1139 3187 esse.
1198 3131 1310 3204 Ego
1367 3135 1537 3200 enim,
1590 3136 1789 3207 inquit,
1852 3138 2180 3209 baptismum

2289 3132 2441 3203 παρά
2467 3131 2576 3185 τῶν
2614 3132 2926 3203 Φαρισαίων
2971 3131 3456 3203 ἀπεσταλμένους,
3498 3131 3686 3199 ὅτιπερ
3740 3130 3883 3181 εἴσω

604 3224 772 3279 affero
802 3225 1197 3290 institutivum,
1232 3227 1467 3283 abluens
1503 3244 1643 3298 aqua
1674 3239 1904 3300 peccato
1934 3234 2185 3304 inquina-

604 3325 690 3372 tos
721 3317 785 3371 ad
815 3318 1026 3372 initium
1060 3320 1419 3388 paenitentiae,
1459 3331 1515 3375 et
1543 3320 1794 3377 homines
1836 3339 1866 3377 a
1898 3326 2083 3394 parvis
2116 3326 2184 3380 ad

603 3408 930 3478 perfectiora
997 3409 1200 3465 docens
1242 3410 1423 3465 evehi.
1492 3410 1607 3467 Hoc
1661 3413 1809 3468 enim
1866 3423 1951 3470 est
1990 3432 2185 3488 reapse

598 3503 866 3571 implere,
925 3500 992 3555 ad
1058 3503 1206 3571 quod
1267 3502 1678 3572 praadicandum
1751 3523 1872 3562 sum
1934 3509 2180 3575 missus,

607 3614 625 3645 σ
655 3594 867 3657 Pal-ate,
897 3613 914 3645 ι
944 3594 1371 3663 ιιιδοίιὶοθι,‹
1395 3597 1535 3653 viam
1555 3597 1792 3654 Domini.
1818 3619 1837 3652 ι
1860 3600 1963 3668 Qui
1998 3611 2180 3659 autem

598 3686 869 3754 majorum
923 3695 979 3742 et
1028 3687 1340 3757 digniorum
1391 3689 1555 3744 dator
1612 3698 1716 3756 est,
1781 3706 1847 3747 ac
1913 3694 2181 3751 universae

598 3777 865 3832 bonorum
902 3778 1256 3849 perfectionis
1283 3780 1531 3851 largitor,
1558 3782 1612 3837 in
1642 3783 1825 3838 medio
1847 3792 1958 3839 stat
1986 3789 2175 3852 vestri,

599 3869 818 3937 ignotus
851 3868 1051 3933 adhuc,
1086 3870 1216 3939 quia
1256 3885 1427 3926 carne
1461 3870 1688 3928 indutus
1722 3880 1848 3928 est:
1889 3875 1983 3945 qui
2026 3881 2178 3930 tanto

598 3974 687 4013 me
719 3960 1006 4016 intervallo
1035 3969 1281 4031 superat,
1313 3971 1372 4016 ut
1408 3979 1476 4018 ne
1507 3964 1651 4020 servi
1680 3965 1805 4020 loco
1832 3965 2058 4037 dignum
2089 3984 2177 4025 me

594 4053 737 4122 apud
770 4053 951 4123 ipsum
999 4063 1271 4125 reputem,
1332 4057 1436 4110 hoc
1487 4060 1657 4125 enim,
1705 4075 1825 4115 mea
1881 4063 2173 4130 sententia,

593 4144 870 4213 significat
902 4146 1059 4211 illud,
1098 4164 1116 4197 (
1158 4144 1277 4201 Non
1312 4162 1434 4202 sum
1460 4147 1661 4218 dignus
1705 4158 1766 4204 ut
1814 4152 2019 4206 solvam
2054 4153 2174 4221 ejus

592 4233 889 4303 corrigiam
923 4234 1308 4289 calceamenti.
1351 4254 1370 4287 ι
1407 4237 1464 4290 In
1499 4253 1608 4307 quo
1638 4254 1766 4294 cum
1798 4257 1983 4296 verum
2015 4243 2169 4309 dicit,

591 4332 707 4377 tum
764 4324 912 4380 aliud
949 4324 1081 4381 facit
1115 4327 1503 4387 observatione
1545 4332 1794 4404 dignum.
1858 4334 2171 4394 Pharisaeos

588 4417 740 4471 enim
796 4416 863 4471 ad
910 4417 1237 4474 modestiam
1296 4431 1548 4491 revocat,
1607 4427 1903 4498 semetipso
1962 4428 2031 4483 ad
2089 4432 2169 4486 rei

589 4506 898 4577 exemplum
926 4509 1234 4579 proposito.

654 4764 693 4830 Ι,
718 4766 808 4822 28.
847 4767 975 4822 Ηιεσ
998 4768 1052 4822 in
1074 4768 1334 4825 Bethania
1353 4772 1500 4842 facta
1528 4785 1651 4829 sunt
1677 4785 1824 4832 (rans
1846 4777 2160 4847 Iordanem,

586 4854 675 4909 ubi
700 4867 817 4910 erat
845 4855 1081 4912 Joannes
1118 4858 1418 4928 baptizans.

653 4947 860 5004 Locum
894 4958 1070 5015 notat,
1126 4963 1187 5007 ut
1235 4963 1495 5011 accurate
1529 4957 1924 5029 diligenterque
1957 4960 2157 5018 factam

583 5053 706 5094 esse
751 5040 1128 5095 narrationem
1163 5042 1461 5113 signiﬁcet.
1500 5045 1752 5105 Solemus
1809 5050 1978 5117 enim,
2032 5068 2157 5108 cum

582 5131 649 5185 de
678 5130 844 5186 rebus
870 5134 1089 5203 magnis
1121 5132 1371 5191 facienda
1402 5138 1668 5196 nobis'est
1695 5146 1963 5211 narratio,
1990 5146 2156 5201 etiam

578 5223 897 5281 meminisse
924 5224 1191 5295 locorum,
1218 5229 1275 5284 in
1306 5232 1509 5302 quibus
1538 5249 1632 5291 eas
1664 5236 1781 5293 ﬁeri
1820 5239 2071 5310 contigit.

647 5493 669 5525 ⁵
700 5489 808 5549 lsa.
836 5509 927 5561 χι,
966 5494 1031 5563 5;
1057 5494 1212 5554 Joan.
1252 5514 1290 5567 I,
1336 5501 1427 5555 23.
1503 5502 1522 5532 °
1549 5499 1742 5556 Matth.
1778 5517 1890 5569 xxi,
1924 5503 2011 5558 58.

2287 3222 2467 3295 θυρῶν
2501 3224 2529 3275 ό
2558 3223 2809 3295 Χριστός.
2864 3222 3005 3292 Ἐγὼ
3049 3223 3149 3294 μὲν
3179 3222 3309 3294 γὰρ,
3346 3223 3501 3293 φησι,
3535 3221 3880 3289 παιδαγωγι-

2286 3316 2381 3371 κδν
2403 3315 2643 3388 εἰσφέρω
2670 3316 2731 3369 τὸ
2762 3315 3079 3385 βάπτισμα,
3127 3315 3255 3379 τοὺς
3288 3314 3346 3382 ἐξ
3384 3314 3659 3385 ἁμαρτίας
3695 3330 3873 3384 μεμο-

2283 3409 2586 3480 λυσμένους
2624 3408 2903 3462 ἀπολούων
2949 3408 3103 3462 ὕδατι
3152 3407 3289 3479 πρὸς
3334 3407 3622 3477 μετανοίας
3669 3407 3869 3478 ἀρχὴν,

2283 3502 2377 3556 καὶ
2413 3502 2477 3555 ὲκ
2523 3500 2632 3554 τῶν
2678 3499 3099 3571 ὑποϐεϐηκότων
3142 3499 3573 3586 ἀνακομίζεσθαι
3602 3498 3873 3552 διδάσκων

2283 3594 2374 3647 ἐπὶ
2406 3593 2476 3647 τά
2522 3591 2834 3663 τελειότερα
2860 3607 2873 3622 ·
2924 3590 3084 3645 τοῦτο
3110 3590 3221 3663 γὰρ
3255 3586 3323 3663 ἦν
3365 3590 3512 3663 ἔργῳ
3542 3589 3809 3661 πληροῦν,
3838 3591 3866 3644 δ

2282 3683 2571 3754 κηρύττειν
2614 3681 2960 3752 ἀπεστάληνο
3022 3698 3043 3735 t
3093 3682 3487 3753 Ἑτοιμάσατε,
3532 3700 3553 3736 ι
3585 3683 3861 3753 δηλονότι,

2287 3794 2305 3827 ι
2335 3775 2432 3847 τὴν
2461 3775 2578 3829 ὁδὸν
2609 3775 2837 3846 Κυρίου.
2869 3794 2888 3827 ι
2934 3775 2992 3829 '0
3018 3774 3075 3829 δὲ
3098 3773 3208 3828 τῶν
3231 3773 3497 3846 μειζόνων
3524 3792 3583 3828 τε
3604 3775 3698 3828 καὶ
3717 3774 3865 3841 ἀξιο-

2278 3866 2601 3934 λογωτάτων
2629 3860 2792 3939 δοτὴρ
2811 3907 2826 3932 ,
2887 3868 2982 3922 καὶ
3014 3866 3235 3939 ἀπάσης
3269 3866 3605 3937 τελειότητος
3650 3866 3747 3937 τῆς
3776 3868 3862 3919 ἐπ’

2277 3959 2503 4027 ἀγαθοῖς
2536 3959 2772 4032 χορηγὸς
2793 3999 2807 4024 ,
2839 3959 3003 4030 μέσος
3039 3958 3193 4031 ὑμῶν
3226 3960 3449 4030 στήκει,
3502 3958 3863 4029 ἀγνοούμενος

2276 4051 2357 4105 ἔτι
2383 4052 2472 4107 διά
2515 4054 2614 4123 τὴν
2643 4054 2707 4105 ὲκ
2743 4051 2845 4122 τῆς
2876 4050 3077 4122 σαρκὸς
3106 4051 3421 4123 περιϐολὴν,
3468 4052 3722 4105 τοσοῦτον
3757 4052 3859 4121 ἐμὲ

2274 4143 2366 4197 τὸν
2396 4142 2709 4212 Βαπτιστὴν
2741 4142 3115 4213 ύπερτρέχων,
3145 4141 3221 4206 ὡς
3252 4143 3458 4197 οίεσθαι
3489 4141 3597 4195 δεῖν
3626 4144 3859 4213 ἐμαυτὸν

2273 4238 2392 4292 οὐδὲ
2422 4239 2480 4291 ὲν
2503 4237 2715 4291 οἰκέτου
2741 4236 2895 4302 τάξει
2925 4238 3239 4309 μετρεῖσθαι
3272 4240 3400 4307 παρ’
3431 4237 3625 4307 ἐκείνῳ
3649 4253 3663 4267 ·
3703 4238 3859 4292 τοῦτο

2272 4329 2381 4399 γὰρ
2449 4323 2602 4397 οἶμαι
2637 4325 2831 4397 δηλοῦν
2860 4327 2951 4393 τὸ,
2986 4345 3005 4378 ι
3043 4327 3157 4379 Ούκ
3205 4328 3320 4397 είμὶ
3358 4328 3572 4391 ἱκανὸς,
3598 4327 3683 4380 ἵνα
3711 4326 3857 4382 λύσω

2273 4416 2437 4472 αὑτοῦ
2454 4416 2593 4491 [τὸν]
2624 4419 2824 4489 ἱμάντα
2837 4417 2933 4471 τοῦ
2955 4418 3123 4490 ὑποδή
3132 4436 3319 4489 ματος.
3336 4420 3602 4491 »Πρᾶγμα
3612 4418 3668 4471 δὲ
3683 4418 3855 4487 λέγων

2201 4515 2247 4573 υ
2274 4505 2489 4574 ἀληθὲς,
2528 4506 2716 4578 ἕτερον
2746 4507 3017 4579 ἐπίσημον
3047 4508 3337 4579 ἐργάζεται
3364 4524 3379 4539 ⁸
3416 4512 3853 4579 ταπεινοφρονεῖν

2274 4598 2383 4673 γὰρ
2407 4599 2689 4652 ἀναπείθει
2722 4599 2811 4652 τὸν
2840 4600 3075 4665 ἀλαζόνα
3099 4602 3411 4673 Φαρισαῖον,
3456 4600 3647 4655 ἑαυτὸν
3671 4600 3728 4654 δὲ
3758 4602 3852 4654 τύ-

2273 4707 2372 4744 πον
2401 4690 2643 4762 είσφέρει
2671 4690 2768 4744 τοῦ
2797 4692 3145 4763 πράγματος.

2346 4780 2537 4834 Ταῦτα
2556 4781 2627 4834 ἐν
2641 4782 2910 4849 Βηθανίᾳ
2928 4782 3163 4853 ἐγένετο
3182 4783 3373 4853 πέραν
3392 4783 3498 4839 τοῦ
3523 4782 3843 4853 Ἰορδάνου,

2268 4869 2421 4924 ὅπου
2461 4868 2542 4941 ἦν
2580 4872 2852 4942 Ἰωάννης
2886 4876 3208 4940 βαπτίζων.

2340 4962 2571 5033 Σημεῖον
2594 4963 2785 5035 ὥσπερ
2809 4969 2902 5019 καὶ
2939 4969 3096 5021 τοῦτο
3122 4968 3290 5032 τιθεὶς
3323 4969 3546 5040 μνήμης
3587 4969 3839 5040 ἀκριϐοῦς

2267 5055 2362 5105 καὶ
2386 5053 2610 5125 λεπτῆς.
2638 5056 2967 5129 Πεφύκαμεν
2994 5059 3104 5130 γάρ
3126 5077 3245 5124 πως
3266 5062 3361 5114 καὶ
3389 5061 3676 5132 εἰθίσμεθα
3709 5063 3836 5116 πάν-

2265 5161 2388 5210 τες,
2447 5145 2522 5209 ὡς
2553 5146 2683 5212 ἔπος
2728 5150 2937 5218 εἰπεῖν,
2978 5151 3036 5205 ὲν
3061 5154 3173 5215 τοῖς
3219 5152 3348 5224 περὶ⁸
3391 5152 3498 5206 τῶν
3535 5152 3834 5221 ἀναγκαίων

2264 5232 2562 5306 διηγήμασι
2592 5240 2901 5311 μεμνῆσθαι
2939 5241 3031 5296 καὶ
3058 5242 3260 5309 τόπων,
3311 5246 3370 5298 ὲν
3408 5237 3491 5308 οἷς
3523 5243 3662 5297 αύτά
3695 5244 3831 5312 γενέ-

2263 5324 2385 5379 σθαι
2419 5329 2783 5399 συμϐέϐηκεν.
