4118 6548
726 324 822 382 191

1719 330 1783 387 S.
1823 328 2103 386 CYRILLI
2140 329 2616 387 ALEXANDBINI
2656 332 2983 390 ARCIIIEP.

3925 335 4034 388 19‘)

719 467 845 506 tem.
869 450 1164 524 Propterea
1198 452 1478 524 propheta:
1499 469 1722 526 quoque
1754 471 2076 512 mensuram
2097 471 2288 512 exces-

2395 456 2493 510 Διά
2544 456 2721 523 τοῦτο,
2752 458 2846 511 καὶ
2874 457 2935 511 τὸ
2978 456 3275 527 προφητῶν
3317 457 3628 528 ἀνεπήδησε
3658 458 3893 529 μέτρον
3911 495 3931 523 ,
3956 456 4030 521 ὡς

720 543 806 605 sit,
842 552 901 598 ut
938 544 1054 614 ipse
1108 544 1313 600 alicubi
1368 543 1627 601 Salvator
1687 546 1764 600 ait
1807 561 1934 601 cum
1983 546 2190 603 Iuda-is
2224 546 2292 602 de

719 649 778 689 eo
803 635 1083 691 disserens
1127 655 1141 692 :
1182 654 1201 688 ι
1245 634 1387 704 Quid
1416 637 1610 694 existis
1654 638 1711 693 in
1758 638 2036 694 desertum
2068 638 2295 694 videre?

718 727 1080 798 Prophetam?
1108 728 1288 784 Etiam
1319 728 1445 785 dico
1483 731 1661 795 vobis,
1694 739 1749 787 et
1783 732 1907 802 plus
1952 747 2117 801 quam
2164 746 2295 803 pro-

717 820 929 889 phetam
960 822 998 873 ⁷.
1046 840 1067 875 ι
1108 820 1189 877 11ιί
1228 822 1376 878 enim
1425 822 1709 879 Christum
1746 822 2041 894 aliquando
2092 830 2291 878 ventu-

715 928 833 967 rum
866 914 1274 985 pr0phetabant
1306 934 1319 970 :
1349 916 1441 972 hic
1473 925 1656 972 autem
1687 932 1815 972 cum
1844 923 2143 973 venturum
2173 917 2291 973 cla-

714 1014 909 1070 oraret,
940 992 1113 1061 etiam
1170 1006 1370 1065 adesse
1422 1008 1775 1064 monstravit.
1813 1027 1831 1060 ι
1878 1008 2068 1063 Altera
2145 1007 2293 1064 enim

714 1098 825 1163 die,
862 1098 1068 1169 inquit,
1103 1099 1244 1155 vidit
1276 1098 1465 1159 Jesum
1506 1101 1817 1156 venientem
1849 1101 1915 1156 ad
1940 1116 2020 1156 se.
2050 1119 2071 1153 ι

783 1203 826 1266 1,
850 1202 943 1258 29.
976 1202 1048 1257 Et
1079 1206 1156 1259 ait
1186 1221 1206 1260 :
1238 1204 1374 1261 Ecce
1401 1205 1583 1277 Agnus
1618 1205 1737 1272 Dei,
1774 1205 1865 1275 qui
1916 1204 2057 1259 tollit
2099 1221 2289 1275 pecca.

714 1304 826 1349 tum
856 1297 1064 1351 mundi.

782 1385 901 1441 Non
947 1387 1063 1457 jam
1112 1388 1311 1459 inquit,
1348 1406 1368 1441 ι
1413 1387 1608 1445 Parate
1641 1407 1697 1445 ις
1741 1397 2141 1446 convenienter
2173 1405 2293 1446 am—

713 1476 858 1547 plius
916 1478 1025 1533 dici
1084 1486 1283 1549 potest,
1334 1494 1459 1534 cum
1513 1489 1776 1536 cernatur
1830 1481 2057 1536 demum
2116 1492 2173 1538 et
2233 1483 2291 1538 in

710 1572 887 1627 oculis
921 1574 995 1626 sit
1041 1572 1133 1626 ille
1169 1580 1389 1644 propter
1419 1589 1581 1644 quem
1634 1573 1690 1629 iit
1735 1576 2087 1646 praeparatio.
2128 1575 2290 1630 Aliud

708 1663 965 1734 loquendi
1001 1680 1176 1736 genus
1206 1682 1389 1721 rerum
1444 1675 1644 1721 natura
1683 1668 1951 1737 postulat.
1994 1668 2289 1738 Exponen-

706 1756 833 1812 dnm
856 1766 943 1813 est
979 1757 1141 1831 114
1169 1761 1293 1828 quis
1325 1760 1398 1815 sit
1427 1760 1519 1815 ille
1560 1761 1655 1831 qui
1696 1760 1813 1829 jam
1856 1762 2036 1823 adest,
2064 1769 2119 1816 et
2148 1776 2289 1832 quas

705 1846 777 1902 ob
837 1862 927 1902 res
967 1847 1034 1901 ad
1095 1864 1194 1903 nos
1228 1849 1600 1915 descenderit,
1647 1850 1741 1920 qui
1782 1848 1850 1906 de
1902 1851 2061 1907 caelis
2117 1852 2287 1909 venit.

713 1957 733 1991 ι
781 1939 922 1994 Ecce
960 1960 978 1992 ›
1018 1939 1206 2010 igitur,
1238 1941 1439 2010 inquit,
1477 1959 1495 1993 ι
1534 1943 1725 2011 Agnus
1750 1940 1871 2006 Dei,
1906 1962 1924 1995 ι
1960 1959 2124 2013 quem
2160 1960 2291 2014 pro-

707 2032 874 2102 pheta
911 2032 1053 2087 lsaia
1088 2033 1249 2088 nobis
1281 2033 1753 2103 praesignificavit,
1798 2034 1993 2092 dicens
2030 2054 2046 2092 :
2080 2056 2098 2088 ι
2134 2035 2291 2093 Sicut

707 2125 830 2178 ovis
849 2124 912 2178 ad
936 2126 1271 2181 occisionem
1302 2125 1508 2182 ductus
1526 2137 1632 2189 est,
1655 2135 1710 2182 et
1734 2128 1881 2184 sicut
1901 2144 2078 2199 agnus
2100 2145 2287 2185 coram

708 2217 973 2272 tondente
1036 2233 1095 2273 se
1156 2219 1435 2273 obmutuit
1479 2220 1521 2276 ⁸.
1567 2239 1586 2271 ι
1627 2219 1803 2286 Quem
1868 2221 2025 2286 olim,
2087 2222 2287 2293 inquit.

705 2307 879 2363 Mosis
924 2308 1009 2365 lex
1048 2310 1443 2379 prmliguravit.
1506 2310 1611 2365 Sed
1658 2327 1725 2366 eo
1763 2311 1990 2382 quidem
2042 2319 2291 2384 tempore

706 2399 964 2455 servabat
997 2416 1063 2455 ex
1118 2408 1294 2470 parte,
1333 2417 1442 2455 non
1504 2402 1560 2457 in
1616 2417 1811 2459 omnes
1852 2404 2289 2460 misericordiam

706 2506 863 2546 suam
920 2492 1240 2549 ditIundens
1290 2511 1303 2548 :
1357 2504 1520 2565 typus
1569 2496 1714 2551 enim
1772 2505 1891 2553 erat
1946 2506 2004 2553 et
2055 2498 2288 2564 umbra;

705 2599 856 2639 nunc
886 2594 1072 2641 autem
1117 2585 1211 2641 ille
1238 2586 1450 2657 Agnus,
1474 2589 1567 2659 qui
1600 2589 1730 2644 olim
1761 2590 2109 2657 aenigmatice
2148 2606 2291 2661 pra:-

705 2674 1070 2746 figurabatur,
1118 2678 1476 2735 immaculata
1533 2680 1623 2735 illa
1665 2681 1845 2737 hostia
1889 2698 1988 2752 pro
2027 2683 2290 2738 omnibus

704 2767 773 2822 ad
806 2770 1144 2826 occisionem
1181 2772 1426 2838 ducitur,
1458 2781 1519 2828 ut
1573 2773 1761 2829 mundi
1798 2784 2088 2846 peccatum
2134 2790 2289 2831 amo-

702 2868 848 2928 veat,
884 2870 942 2915 ut
973 2862 1126 2919 orbis
1154 2864 1647 2921 exterminatorem
1683 2873 1920 2930 evertat,
1954 2874 2016 2920 ut
2054 2875 2289 2922 mortem

702 2966 807 3021 pro
849 2954 1108 3009 omnibus
1155 2953 1416 3010 obeundo
1451 2964 1685 3011 mortem
1740 2958 1985 3021 aboleat,
2017 2966 2077 3011 ut
2111 2959 2291 3014 solvat

704 3044 987 3100 hominum
1019 3045 1463 3103 maledictionem
1487 3049 1531 3115 ’,
1561 3056 1621 3103 ut
1651 3057 1829 3105 cesset
1862 3049 2081 3105 tandem
2119 3051 2285 3106 illud:

2396 547 2558 610 αύτός
2610 546 2713 600 πού
2744 564 2909 619 φησιν
2957 549 2985 601 6
3014 548 3228 617 Σωτὴρ,
3262 546 3399 618 πρὸς
3426 532 3719 611 Ἰουδαίους
3755 547 4030 617 διαλεγό-

2400 655 2562 708 μενος
2607 638 2736 711 περὶ
2789 639 2987 694 αὐτοῦ’
3025 659 3044 692 ι
3087 639 3152 692 Τί
3190 638 3443 709 ἐξήλθετε
3490 641 3568 703 είς
3623 638 3729 711 τὴν
3791 638 4025 710 ἔρημον

2397 729 2526 783 ίδεῖν
2552 747 2566 795 ;
2593 730 2887 801 Προφήτην
2915 749 2929 798 ;
2960 729 3071 785 Nai.
3097 730 3240 799 λέγω
3270 730 3421 801 ὑμῖν,
3457 731 3552 784 καὶ
3597 732 4025 803 περισσότερον

2396 822 2730 891 προφήτου.»
2763 822 2827 875 Oi
2853 821 2953 893 μὲν
2984 821 3093 893 γὰρ
3128 822 3208 876 ὅτι
3244 822 3385 876 κατά
3412 823 3640 894 καιροὺς
3671 823 4026 898 ἀκδειχθῇ,

2397 927 2545 965 σεται
2578 912 2812 983 Χριστὸς
2852 914 3247 985 προεφήτευον,
3292 916 3320 967 6
3343 914 3399 968 δὲ
3429 914 3505 979 ὡς
3540 914 3660 985 ἦξει
3695 915 3884 986 βοῶν,
3929 919 4021 969 καὶ

2396 1003 2639 1074 παρόντα
2652 1003 2874 1074 δέδειχε.
2900 1022 2918 1056 ι
2948 1006 3027 1076 Τῇ
3066 1004 3173 1077 γὰρ
3203 1005 3488 1075 ἐπαύριον,
3510 1008 3666 1078 φησι,
3688 1008 3903 1079 βλέπει
3931 1012 4021 1061 τὸν

2408 1095 2615 1167 Ἰησοῦν
2641 1095 2936 1168 ἐρχόμενον
2966 1098 3103 1169 πρὸς
3134 1099 3322 1155 αὐτόν.
3356 1119 3374 1152 ι

2468 1207 2581 1263 Kal
2607 1207 2768 1279 λέγει
2789 1228 2801 1240 ·
2831 1210 2954 1266 Ἴδε
2974 1214 3007 1265 ό
3046 1212 3265 1283 Ἀμνός
3297 1198 3405 1268 τοῦ
3438 1214 3587 1269 Θεοῦ
3610 1217 3645 1269 d
3667 1214 3875 1283 αἴρων
3899 1215 4017 1282 τὴν

2391 1300 2690 1371 ἁμαρτίαν
2715 1301 2822 1356 τοῦ
2850 1303 3104 1372 κόσμου.

2465 1390 2661 1446 Οὐκέτι
2676 1392 2756 1458 τὸ,
2769 1412 2787 1444 ι
2808 1393 3188 1464 Ἑτοιμάσατε,
3203 1395 3421 1467 »καιρὸν
3444 1395 3555 1467 ἔχει
3574 1397 3668 1451 τὸν
3684 1398 4010 1469 πρέποντα·

2393 1483 2577 1537 λοιπὸν
2618 1484 2902 1555 ὁρωμένου
2947 1486 3042 1539 καὶ
3089 1485 3243 1551 ὄντος
3286 1488 3344 1541 ἐν
3376 1488 3678 1561 ὀφθαλμοῖς
3709 1490 3815 1543 τοῦ
3852 1490 3929 1543 δι’
3958 1490 4013 1541 ὸν

2395 1577 2428 1646 ἡ
2480 1576 2767 1647 ἐτοιμασία
2826 1578 3073 1645 γίνεται·
3116 1578 3320 1650 ἐτέρων
3371 1580 3542 1634 ἐδεῖτο
3590 1580 3776 1648 λόγων
3840 1584 3876 1651 ἡ
3919 1582 4009 1633 τοῦ

2394 1666 2717 1737 πράγματος
2752 1666 2935 1736 φύσις.
2984 1668 3183 1740 Ἐχρῆν
3229 1669 3546 1741 ἐξηγεῖσθαι
3586 1671 3674 1734 τίς
3704 1673 3733 1725 6
3766 1671 4006 1741 παριέιν.

2394 1759 2487 1813 καὶ
2517 1760 2609 1813 ἐπὶ
2635 1759 2775 1813 τίσιν
2802 1759 2915 1830 ἔχει
2940 1758 3039 1831 τὴν
3067 1759 3295 1816 κάθοδον
3317 1763 3346 1814 6
3380 1759 3519 1831 πρὸς
3549 1764 3705 1833 ήμᾶς
3736 1761 3808 1827 ἐξ
3842 1763 4007 1832 ούρα-

2396 1851 2502 1906 νῶν
2553 1851 2876 1921 ἀφιγμένος.
2911 1869 2930 1904 ι
2963 1850 3070 1905 Ἴδε
3101 1851 3300 1919 τοίνυν,
3340 1854 3528 1923 φησὶν,
3568 1853 3596 1905 6
3634 1852 3853 1922 Ἀμνδς
3915 1851 4005 1904 τοῦ

2392 1942 2551 2006 Θεοῦ,
2587 1962 2608 1995 ι
2653 1943 2713 1996 ὃν
2750 1944 2778 1997 6
2810 1943 3102 2014 προφήτης
3152 1945 3287 2014 ἡμῖν
3343 1944 3571 2008 Ἡσαΐας
3615 1944 4005 2013 κατεσήμαινξ

2391 2035 2567 2103 λέγων
2591 2051 2605 2065 ο
2644 2054 2661 2086 ι
2705 2035 2793 2099 Ὧς
2838 2034 3110 2107 πρόϐατον
3144 2036 3241 2089 ἐπὶ
3297 2035 3509 2106 σφαγὴν
3556 2036 3698 2107 ήχθη
3728 2076 3743 2099 ,
3797 2036 3908 2089 καὶ
3938 2036 4007 2097 ὡς

2392 2126 2561 2197 ἀμνὸς
2592 2126 2833 2181 ἐναντίον
2866 2126 2959 2179 τοῦ
2996 2128 3274 2199 κείροντος
3293 2128 3455 2182 αὐτὸν
3477 2129 3752 2198 ἄφωνος.»
3779 2131 3895 2182 ⁸·ον
3922 2130 4009 2189 καὶ

2394 2219 2582 2283 πάλαι,
2618 2218 2818 2289 φησιν,
2854 2220 2883 2272 6
2913 2218 3001 2272 διά
3035 2220 3279 2284 Μωσέως
3308 2220 3581 2274 ἀνετύπου
3616 2220 3793 2291 νόμος
3816 2237 3836 2251 ·
3872 2222 4007 2274 ἀλλὰ
4084 2258 4087 2279 ς

2390 2310 2510 2363 τότε
2548 2309 2645 2380 μέν
2695 2309 2864 2373 ἔσωζε
2900 2310 3163 2381 μερικῶς,
3196 2311 3298 2363 οὐκ
3330 2311 3412 2374 είς
3450 2310 3699 2375 ἅπαντας
3737 2312 4009 2366 ἐκτείνων
4082 2304 4085 2319 ¹

2391 2400 2481 2455 τὸν
2502 2398 2647 2452 ἔλεον
2666 2417 2679 2431 ·
2708 2398 2879 2462 τύπος
2894 2400 3003 2472 γὰρ
3019 2396 3107 2472 ἦν,
3131 2400 3225 2454 καὶ
3259 2400 3389 2453 σκιά
3404 2417 3418 2431 ο
3440 2402 3559 2454 νυνὶ
3580 2401 3638 2454 δὲ
3668 2402 3699 2453 6
3736 2400 3929 2455 πάλαι
3946 2384 4005 2453 δι’

2391 2490 2729 2562 αἰνιγμάτων
2746 2489 3203 2561 ζωγραφούμενος
3219 2493 3247 2545 6
3260 2490 3513 2561 ἀληθινὸς
3541 2491 3843 2563 Ἀμνὸς,τὸ
3859 2494 4009 2563 ip.»
4090 2492 4091 2563 ξ

2395 2600 2495 2654 μον
2529 2585 2723 2655 ἱερεῖον
2749 2584 2893 2656 ὑπὲρ
2939 2584 3157 2637 πάντων
3195 2582 3389 2652 ἄγεται
3437 2584 3576 2656 πρὸς
3612 2585 3845 2655 σφαγὴν
3868 2627 3888 2651 ,
3928 2588 4008 2639 ἵνα
4080 2642 4085 2673 ε

2390 2673 2485 2728 τοῦ
2520 2673 2726 2745 κόσμου
2754 2674 2852 2745 τὴν
2898 2674 3177 2746 ἁμαρτίαν
3204 2675 3396 2749 ἐλάσῃ,
3434 2675 3522 2730 ἵνα
3548 2676 3639 2730 τὸν
3668 2679 3780 2748 τῆς
3812 2680 4008 2730 οίκου-
4082 2682 4087 2749 ξ

2394 2764 2563 2835 μένης
2594 2763 2919 2837 ὸλοτρευτήν
2948 2764 3249 2838 ἀνατρέψῃ,
3279 2766 3366 2820 ἴνα
3397 2767 3727 2839 καταργήσῃ
3773 2767 3880 2820 τὸν
3913 2768 4006 2822 θά-
4082 2763 4091 2839 ι

2390 2874 2549 2911 νατον
2570 2857 2714 2929 ὑπὲρ
2748 2859 2964 2911 πάντων
2995 2857 3308 2924 ἀποθανὼν,
3338 2859 3425 2913 ἵνα
3451 2859 3586 2931 λύσῃ
3615 2860 3717 2931 τήν
3750 2861 3845 2929 ἐφ’
3875 2864 4007 2933 ήμῖν
4086 2856 4091 2923 Ἰ

2392 2950 2655 3021 κατάραν,
2700 2949 2785 3002 ἵνα
2836 2949 3112 3020 παύσηται
3150 2950 3337 3004 λοιπὸν
3360 2951 3446 3017 τὸ,
3484 2970 3502 3003 ι
3551 2952 3627 3022 Γῆ
3668 2947 3744 3015 εἴ,
3794 2954 3902 3005 καὶ
3933 2956 4006 3015 είς

2390 3042 2494 3112 γῆν
2527 3040 2827 3114 ἀπελεύσῃ,
2881 3060 2899 3092 ι
2951 3041 3039 3094 ἵνα
3082 3042 3309 3113 γένηται
3359 3042 3612 3115 δεύτερος
3652 3043 3865 3114 Ἀδάμ,
3911 3047 4005 3097 οὐκ

4082 2646 4091 2811 γ

711 3154 730 3188 ι
769 3133 943 3191 Terra
976 3153 1058 3201 es,
1092 3147 1146 3192 et
1191 3138 1246 3193 in
1280 3146 1485 3194 terram
1520 3142 1816 3197 reverteris
1838 3144 1903 3206 ιο,
1943 3162 1962 3194 ι
1999 3151 2059 3197 ιιι
2100 3144 2173 3198 sit
2201 3145 2288 3200 ille

2393 3139 2510 3207 ἀπὸ,
2526 3140 2651 3210 γῆς,
2691 3138 2804 3193 ἀλλ’
2831 3138 2890 3205 ἐξ
2936 3140 3191 3210 ούρανοῦ,
3222 3140 3317 3193 καὶ
3349 3140 3492 3211 ἀρχὴ
3543 3139 3779 3211 γένηται
3806 3143 3879 3211 τῇ
3911 3141 4003 3194 ἀν·
4082 3162 4091 3212 ί

704 3228 984 3283 secundus
1012 3228 1207 3296 Adam,
1236 3246 1345 3287 non
1374 3248 1404 3287 e
1433 3239 1604 3297 terra,
1635 3233 1730 3289 sed
1756 3249 1786 3289 e
1809 3236 1972 3299 caelo,
1997 3237 2291 3306 omnisque

700 3316 834 3374 boni
866 3319 1204 3388 principium
1249 3329 1465 3377 naturae
1509 3323 1765 3380 humanae
1804 3327 2058 3392 exsistat,
2088 3328 2290 3382 solutio

701 3410 903 3467 invecti
948 3412 1231 3480 interitus,
1280 3426 1503 3471 aeternae
1546 3416 1675 3471 vita:
1719 3418 2072 3485 conciliator,
2122 3435 2290 3475 causa

700 3504 1118 3562 reformationis
1154 3507 1222 3561 ad
1276 3507 1472 3572 Deum.
1507 3509 1733 3580 pietatis
1766 3519 1823 3565 et
1864 3512 2093 3579 iustitiae
2135 3513 2289 3583 prin-

700 3595 933 3665 cipium,
974 3595 1064 3650 via
1115 3595 1357 3667 denique
1404 3596 1473 3653 ad
1528 3614 1756 3669 regnum
1792 3602 2080 3657 caelorum.
2131 3601 2289 3660 Unus

700 3686 849 3741 enim
892 3696 1150 3745 mortuus
1183 3697 1269 3745 est
1299 3704 1477 3759 agnus
1500 3705 1601 3760 pro
1630 3691 1914 3754 omnibus,
1936 3707 2157 3750 omnem
2189 3695 2289 3749 ho-

700 3776 914 3832 minum
959 3794 1183 3850 gregem
1234 3794 1465 3835 servans
1500 3779 1615 3836 Deo
1660 3796 1725 3837 ac
1750 3780 1904 3837 Patri
1953 3801 1967 3838 :
2011 3799 2157 3839 unus
2188 3801 2288 3855 pro

699 3870 983 3935 Omnibus,
1020 3879 1079 3925 ut
1112 3886 1307 3928 omnes
1338 3871 1450 3928 Deo
1489 3872 1759 3942 subjiciat
1797 3892 1811 3929 :
1851 3890 1996 3932 unus
2034 3891 2134 3946 pro
2170 3892 2289 3932 om-

699 3959 887 4026 nibus,
943 3969 1004 4015 ut
1046 3978 1239 4019 omnes
1289 3962 1731 4019 lucrifaciatzut
1784 3980 1979 4023 omnes
2044 3967 2287 4038 denique

697 4065 811 4106 non
836 4051 949 4120 jam
981 4052 1087 4107 sibi
1124 4054 1332 4116 vivant,
1362 4054 1457 4109 sed
1488 4056 1539 4110 ei
1575 4055 1669 4125 qui
1717 4071 1817 4125 pro
1854 4056 1990 4127 ipsis
2029 4068 2285 4114 mortuus

694 4153 782 4199 est
815 4152 871 4200 et
907 4146 1219 4201 resurrexit
1253 4148 1316 4202 ¹¹.
1348 4145 1483 4202 Nam
1527 4164 1651 4204 cum
1703 4150 1757 4204 in
1803 4150 1997 4205 multis
2042 4152 2286 4220 peccatis

693 4251 969 4299 essemus,
1002 4245 1171 4307 atque
1216 4238 1428 4295 idcirco
1480 4242 1644 4295 morti
1687 4250 1745 4296 et
1799 4243 2153 4313 corruptioni
2185 4244 2287 4298 ob-

695 4322 869 4386 noxii,
900 4322 1050 4379 dedit
1086 4323 1284 4380 Filium
1313 4342 1477 4383 suum
1510 4327 1675 4384 Pater
1710 4330 2150 4401 redemptionem
2184 4347 2285 4402 pro

693 4414 878 4479 nobis,
919 4431 1091 4471 unum
1142 4433 1243 4487 pro
1283 4420 1562 4493 omnibus,
1598 4423 1862 4492 quoniam
1909 4424 2101 4478 omnia
2152 4432 2283 4479 sunt

2391 3232 2610 3305 θρώπου
2677 3232 2837 3302 φύσει
2895 3233 3095 3297 παντὸς
3144 3232 3395 3301 ἀγαθοῦ,
3449 3232 3603 3296 λύσις
3657 3233 4001 3287 ἐπεισάκτου

2390 3324 2616 3396 φθοράς,
2654 3324 2913 3395 πρόξενος
2942 3323 3166 3377 αἰωνίου
3201 3322 3347 3392 ζωῆς
3370 3363 3385 3387 ,
3412 3321 3877 3393 ἀναμορφώσεως
3907 3324 4002 3393 τῆς

2388 3418 2469 3479 εἰς
2496 3415 2628 3468 Θεὸν
2660 3414 2918 3478 ὑπόθεσις
2941 3455 2957 3481 ,
2988 3414 3274 3478 εύσεὸείας
3316 3414 3411 3466 καὶ
3448 3412 3807 3481 δικαιοσύνης
3832 3413 3996 3484 ἀρχὴ.

2388 3508 2505 3571 ὁδὸς
2535 3508 2615 3570 είς
2662 3504 2939 3576 βασιλείαν
2990 3504 3237 3577 οὐρανῶν
3262 3520 3276 3534 ·
3313 3499 3395 3568 εἷς
3438 3505 3546 3576 γὰρ
3599 3504 3742 3575 ὑπὲρ
3772 3506 3996 3558 πάντωι

2387 3600 2659 3654 ἀπέθανεν
2690 3598 2881 3669 ἀμνὸς,
2904 3597 3033 3667 ὃλην
3067 3595 3364 3662 ἀνασώζων
3394 3596 3492 3667 τήν
3515 3598 3609 3650 ἐπὶ
3646 3598 3752 3666 γῆς
3787 3598 3997 3668 ἀγέλην

2387 3692 2465 3763 τῷ
2491 3691 2611 3762 Θεῷ
2660 3692 2755 3745 καὶ
2790 3689 2968 3761 Πατρί
2990 3704 3005 3719 ο
3043 3683 3124 3753 εἷς
3175 3689 3319 3761 ὑπὲρ
3354 3691 3573 3743 πάντων
3596 3730 3611 3754 ,
3645 3690 3737 3744 ἵνα
3779 3692 3994 3753 πάντας

2388 3781 2633 3855 ὑποτάξῃ
2654 3780 2791 3852 Θεῷ·
2818 3778 2901 3846 εἷς
2926 3781 3066 3854 ὑπὲρ
3096 3782 3336 3845 πάντων,
3370 3782 3457 3835 ἵνα
3489 3781 3697 3846 πάντας
3726 3781 3989 3853 κερδάνῃ·

2389 3874 2477 3928 ἴνα
2500 3874 2688 3929 λοιπὸν
2716 3876 2763 3928 oi
2794 3874 2998 3939 πάντες
3034 3875 3235 3947 μηκέτι
3267 3876 3481 3939 ἑαυτοῖς
3516 3874 3707 3939 ζῶσιν,
3741 3875 3888 3930 ἀλλά
3916 3877 3991 3945 τῷ

2388 3964 2529 4037 ὑπὲρ
2556 3964 2737 4019 αὐτῶν
2771 3965 3125 4030 ἀποθανόντι,
3155 3965 3250 4019 καὶ
3292 3964 3593 4036 ἐγερθέντι.
3630 3964 3863 4036 Ἐπειδὴ
3885 3966 3988 4035 γάρ

2384 4052 2528 4129 ἦμεν
2583 4058 2641 4111 ἐν
2694 4057 2917 4121 πολλαῖς
2967 4059 3299 4130 ἁμαρτίαις,
3340 4057 3432 4111 διά
3479 4074 3539 4110 τε
3591 4056 3753 4110 τοῦτο
3815 4075 3988 4128 χρεω-

2390 4148 2674 4221 στούμενοι
2717 4149 2936 4222 θανάτῳ
2989 4150 3085 4203 καὶ
3134 4150 3348 4221 φθορᾷ,
3379 4150 3611 4203 δέδωκεν
3662 4149 3990 4221 ἀντίλυτρον

2388 4240 2530 4310 ὑπὲρ
2581 4239 2767 4310 ἡμῶν,
2814 4239 2902 4293 τὸν
2945 4240 3072 4294 Υἱὸν
3106 4241 3134 4293 6
3180 4242 3371 4312 Πατὴρ
3397 4240 3494 4294 ἕνα
3541 4240 3684 4312 ὑπὲρ
3740 4242 3986 4305 πάντων,

2387 4332 2509 4385 ἐπεὶ
2562 4332 2656 4385 καὶ
2725 4332 2903 4386 πάντα
2955 4333 3013 4385 ἐν
3068 4332 3218 4403 αύτῷ
3243 4374 3256 4397 ,
3292 4333 3388 4385 καὶ
3444 4333 3663 4386 πάντων
3718 4332 3989 4404 κρείττων

2388 4423 2571 4475 ἐστίν’
2624 4418 2703 4486 εἷς
2747 4422 3018 4477 ἀπέθανεν
3063 4424 3204 4493 ὑπὲρ
3263 4424 3518 4489 πάντων,
3546 4425 3634 4477 ἴνα
3673 4425 3727 4477 oi
3782 4425 3988 4489 πάντες

696 4507 752 4560 in
796 4505 937 4577 ipso,
983 4516 1038 4561 et
1083 4511 1343 4566 omnibus
1388 4512 1586 4568 melior
1647 4522 1752 4570 est.
1791 4514 1947 4571 Unus
2005 4532 2108 4586 pro
2164 4532 2281 4571 om-

2393 4512 2641 4583 ζήσωμεν
2683 4515 2739 4565 ἐν
2771 4512 2948 4584 αὐτῷ’
2968 4514 3256 4569 καταπιὼν
3281 4516 3388 4587 γὰρ
3418 4518 3445 4569 ὁ
3468 4515 3695 4578 θάνατος
3730 4516 3826 4569 τὸν
3851 4519 3988 4588 ὑπὲρ

693 4597 860 4653 nibus
896 4607 1147 4656 mortuus
1199 4612 1305 4668 est,
1354 4613 1415 4658 ut
1470 4619 1665 4662 omnes
1717 4608 1969 4664 vivamus
2027 4611 2082 4664 in
2137 4611 2279 4680 ipso.

700 4687 839 4744 Cum
897 4691 1047 4745 enim
1096 4692 1344 4749 occisum
1404 4709 1508 4765 pro
1561 4698 1818 4753 omnibus
1866 4698 2082 4769 Agnum
2130 4715 2283 4756 mors

691 4781 1071 4852 absorpserit.
1134 4785 1297 4841 simul
1361 4788 1527 4842 etiam
1579 4789 1636 4843 in
1692 4790 1812 4862 ipso
1865 4798 1921 4845 et
1974 4805 2101 4845 cum
2160 4792 2283 4861 ipso

689 4882 925 4930 cunctos
969 4877 1236 4931 evomuit.
1272 4875 1476 4935 Omnes
1503 4880 1653 4934 enim
1696 4896 1918 4936 eramus
1968 4880 2023 4935 in
2058 4881 2284 4938 Christo

688 4966 785 5037 qui
820 4975 1045 5037 propter
1087 4984 1188 5024 nos
1237 4978 1290 5026 et
1324 4986 1424 5042 pro
1464 4971 1627 5028 nobis
1667 4980 1920 5028 mortuus
1956 4980 2062 5037 est,
2113 4982 2284 5044 atque

690 5060 998 5115 resurrexit
1044 5079 1057 5115 :
1107 5061 1313 5118 abolito
1359 5080 1491 5120 vero
1552 5074 1803 5135 peccato,
1861 5066 1961 5134 qui
2007 5066 2126 5122 ﬁeri
2183 5084 2283 5138 po-

688 5160 835 5210 terat
889 5162 949 5209 ut
1000 5169 1153 5214 mors
1220 5160 1431 5223 etiam,
1490 5176 1614 5229 quae
1666 5176 1733 5215 ex
1794 5161 1916 5231 ipso
1966 5170 2087 5225 est.
2142 5178 2277 5233 pro.

692 5253 810 5315 pter
859 5246 1037 5316 ipsum
1069 5263 1179 5303 non
1219 5249 1422 5305 abolita
1477 5250 1590 5305 sit?
1639 5249 1853 5305 Mortua
1892 5250 2081 5308 radice
2136 5270 2276 5323 quo-

690 5335 857 5391 modo
895 5352 1120 5407 germen
1177 5340 1532 5395 servabitur?
1585 5348 1803 5395 mortuo
1852 5350 2103 5413 peccato,
2159 5362 2277 5415 qua:

689 5426 963 5483 moriendi
1019 5428 1181 5485 nobis
1225 5444 1397 5485 causa
1450 5430 1590 5484 erit?
1636 5429 1818 5496 Quare
1877 5432 1945 5487 de
1999 5434 2275 5490 occisione

690 5518 831 5591 Λειιί
857 5517 955 5576 Dei
988 5521 1221 5576 solemni
1249 5520 1621 5578 exsultatione
1653 5522 1904 5580 dicamus
1929 5543 1941 5579 :
1963 5544 1981 5576 ι
2029 5526 2133 5581 Ubi
2165 5536 2273 5590 est,

690 5627 864 5677 mors,
918 5613 1149 5669 victoria
1204 5614 1338 5669 tua?
1384 5615 1476 5670 ubi
1504 5617 1931 5680 stimulustuns.
1973 5619 2224 5675 inferne?
2255 5641 2270 5671 ι

761 5766 781 5797 ⁷
812 5763 1003 5821 Matth.
1045 5782 1120 5832 ιι,
1151 5768 1205 5823 9.
1282 5769 1303 5801 "
1333 5768 1439 5827 lsa.
1478 5787 1595 5841 LIII,
1629 5774 1682 5828 7.
1767 5776 1785 5805 ⁹
1818 5773 1982 5832 ιαυτ.
2021 5791 2112 5841 xv,
2145 5775 2177 5829 ’5
2211 5789 2363 5845 seqq.

2391 4604 2609 4658 πάντων
2650 4604 2867 4675 Ἀμνὸν,
2902 4605 3109 4670 πάντας
3164 4606 3433 4678 ἐξήμεσεν
3475 4609 3532 4658 ἐν
3581 4607 3732 4676 αὐτῷ
3782 4624 3846 4660 τε
3899 4610 3990 4661 καί

2392 4700 2488 4752 σὺν
2514 4696 2683 4768 αύτῷ.
2724 4699 2787 4751 Οἱ
2835 4696 2946 4769 γάρ
2980 4698 3182 4763 πάντες
3214 4694 3359 4769 ἦμεν
3388 4701 3446 4753 ἐν
3490 4698 3568 4769 τῷ
3609 4699 3676 4753 δι’
3703 4702 3863 4769 ἡμᾶς
3899 4702 3989 4754 καὶ

2390 4786 2531 4857 ὑπὲρ
2554 4785 2714 4857 ἡμῶν
2741 4787 3097 4854 ἀποθανόντι,
3130 4789 3226 4841 καὶ
3252 4788 3531 4862 ἐγερθέντι
3559 4788 3785 4860 Χριστῴ
3805 4807 3821 4821 ο
3854 4809 3987 4845 κατ-

2387 4878 2733 4949 αργουμένης
2780 4879 2836 4932 δὲ
2887 4880 2987 4950 τῆς
3034 4880 3350 4952 ἁμαρτίας,
3403 4880 3523 4945 πῶς
3574 4882 3859 4951 ἐνεδέχετο
3915 4886 3986 4954 μὴ

2386 4970 2508 5041 οὐχὶ
2532 4970 2753 5033 πάντως
2770 4971 2863 5025 καὶ
2884 4976 2975 5024 τὸν
2992 4972 3050 5037 ἐξ
3070 4974 3241 5043 αὐτῆς
3262 4973 3329 5026 δι’
3350 4972 3521 5043 αὐτὴν
3560 4975 3985 5045 καταργηθῖψαι

2387 5063 2650 5127 θάνατον;
2701 5062 3105 5136 Ἀποθανούσης
3134 5066 3231 5134 τῆς
3263 5065 3440 5137 ῥίζης,
3475 5065 3595 5129 πῶς
3624 5066 3691 5119 ἂν
3741 5066 3825 5118 ἔτι
3870 5067 3982 5121 λοι-

2386 5154 2543 5209 πὸνὸ
2594 5154 2654 5220 ἐξ
2685 5154 2856 5225 αὐτῆς
2907 5154 3086 5226 ἐσώθη
3141 5155 3410 5225 βλαστός;
3441 5154 3540 5208 Διά
3588 5156 3748 5207 ποίαν
3797 5157 3982 5210 αἰτίαν

2384 5244 2683 5315 ἐμέλλομεν
2700 5244 3069 5314 ἀποθνήσκειν
3098 5243 3311 5314 έτι,τῆς
3337 5243 3613 5315 ἁμαρτίας
3646 5245 3979 5316 ἀναιρουμέ-

2384 5354 2520 5406 νης;
2568 5336 2776 5390 Οὐκοῦν
2827 5332 3178 5405 ἑορτάζοντες
3236 5334 3485 5404 λέγωμεν
3524 5336 3617 5388 ἐπὶ
3666 5338 3730 5404 τῇ
3792 5341 3975 5407 σφαγῇ

2381 5430 2476 5484 τοῦ
2515 5430 2711 5502 Ἀμνοῦ
2733 5428 2826 5483 τοῦ
2856 5427 2994 5481 Θεοῦ
3020 5444 3034 5457 ο
3065 5427 3205 5481 «Ποῦ
3239 5430 3272 5498 ἡ
3298 5429 3422 5499 νίκη
3467 5445 3585 5491 σου,
3616 5429 3844 5495 θάνατε;
3874 5432 3976 5483 ποῦ

2384 5526 2446 5579 τὸ
2483 5526 2707 5595 κέντρον
2738 5542 2853 5585 σου,
2910 5523 3048 5593 ᾇδη;
3085 5553 3157 5562 -
3202 5524 3356 5577 Πᾶσα
3397 5522 3507 5596 γὰρ
3536 5523 3757 5593 ἀνομία.
3785 5542 3802 5573 ι
3843 5518 3974 5577 καθ-

2387 5619 2532 5685 άπερ
2591 5616 2696 5687 ἔφη
2745 5633 2847 5669 που
2906 5614 3125 5686 ψάλλων
3155 5617 3183 5667 6
3225 5616 3498 5688 Μελῳὸὸς,
3536 5635 3554 5669 ι
3593 5615 3863 5686 ἐμφράξει
3916 5614 3974 5667 τὸ

2447 5773 2487 5803 ¹⁰
2524 5770 2659 5827 Gen.
2699 5786 2783 5837 ιιι,
2833 5772 2914 5826 l9.
2996 5770 3035 5802 ¹¹
3071 5768 3113 5824 ll
3143 5771 3269 5826 Cor.
3306 5788 3357 5836 γ,
3412 5773 3494 5839 Η,
3534 5773 3618 5828 15.
