4118 6576
231 464 360 521 195

1299 463 1363 519 ιδ
1404 440 1699 521 ιοΑΝΝιε¹
1732 463 2187 523 EVANGELIUM
2226 463 2357 520 LIB.
2390 463 2455 520 tt.

3401 464 3505 524 194

229 578 437 650 στόμα
462 580 650 650 αυτῆς,
688 597 707 631 ι
751 579 935 633 οὐκέτι
967 582 1288 649 κατηγορεῖν
1312 579 1419 634 τῶν
1454 580 1512 648 ἐξ
1539 581 1826 646 ἀσθενείας

1934 600 1952 634 ι
1997 582 2191 638 Omnis
2239 580 2386 638 enim
2444 578 2784 651 iniquitas",
2810 598 2828 632 ι
2871 587 2929 634 ιιι
2971 578 3176 634 alicuo.
3216 578 3512 636 Psalmista

226 670 659 742 ἡμαρτηκότων
702 671 977 742 ἰσχύουσα.
1013 692 1031 724 ι
1070 672 1200 736 Θεὸς
1227 672 1337 744 γὰρ
1363 674 1391 726 6
1425 671 1668 728 δικαιῶν·
1706 674 1834 745 Χρι-

229 758 380 823 στὸς
398 762 549 830 ἡμᾶς
576 759 911 831 ἐξηγόρασεν
936 762 1001 815 ὲκ
1026 762 1124 833 τῆς
1144 762 1387 833 κατάρας
1409 760 1500 819 τοῦ
1525 761 1712 833 νόμου,
1737 779 1833 831 γε-

229 852 478 923 νόμενος
518 852 657 922 ὑπὲρ
702 852 857 923 ἡμῶν
884 854 1129 926 κατάρα,
1158 854 1245 911 ἵνα
1277 855 1438 926 ἡμεῖς
1467 854 1567 926 τὴν
1611 855 1671 920 ἐξ
1706 856 1833 910 ἁνο-

232 944 388 1015 μίας
417 944 554 1015 ἁρὰν
582 942 950 1014 διαφύγωμεν.
988 964 1009 998 ι

324 1114 520 1186 Οὗτός
550 1119 684 1174 ἐστι
717 1121 851 1189 περὶ
879 1115 950 1178 οὗ
975 1118 1149 1180 εἶπον
1173 1140 1187 1158 ⁶
1205 1126 1432 1179 Ὀπίσω
1449 1144 1569 1196 μου
1598 1128 1833 1196 ἔρχεται

230 1209 497 1279 ἀνήυρς
510 1210 975 1283 ἔμπροσθένξμου
994 1213 1352 1286 γέγονεν,ὅτι
1364 1219 1592 1287 πρῶτός
1600 1237 1720 1288 μου
1730 1215 1828 1289 ἦν.

312 1302 417 1365 Είς
453 1303 760 1376 ὑπόμνησιν
808 1304 931 1375 ἁγει
984 1308 1092 1362 τῶν
1148 1308 1209 1374 ἐξ
1255 1310 1420 1365 αὐτοῦ
1476 1311 1648 1380 λόγων
1707 1312 1832 1376 τοὺς

230 1392 659 1467 ἀκροωμένους,
688 1398 785 1451 καὶ
833 1398 894 1452 τὸ
941 1400 1127 1471 μεῖζον
1158 1402 1214 1456 ὲν
1242 1402 1370 1474 δόξῃ
1403 1407 1720 1475 παραχωρεί
1755 1404 1831 1475 τῷ

226 1486 494 1559 Χριστῷ,
516 1488 616 1541 οὐκ
640 1488 886 1561 ἀγάπης,
906 1490 1166 1563 ἀληθείας
1187 1493 1244 1547 δὲ
1267 1493 1468 1564 μᾶλλον
1500 1494 1533 1565 ἢ
1560 1494 1654 1546 καὶ
1677 1495 1837 1563 ἀνάγ-

225 1595 345 1649 κης
402 1578 562 1649 ἔργον
617 1579 951 1652 ἀποπληρῶν
984 1598 997 1611 ο
1030 1583 1379 1638 ὑποκείσεται
1422 1584 1530 1655 γὰρ
1553 1624 1568 1649 ,
1600 1584 1701 1638 κᾶν
1756 1586 1834 1656 μὴ

228 1670 531 1741 βούληται,
555 1671 632 1742 τῷ
662 1675 857 1744 ποιητῇ
887 1674 948 1726 τὸ
972 1674 1203 1746 ποίημα,
1230 1674 1307 1745 τῷ
1344 1676 1575 1747 δεσπότῃ
1608 1676 1668 1729 τὸ
1708 1677 1831 1730 δοῦ-

227 1760 358 1823 λον,
411 1760 489 1833 τῷ
540 1763 762 1835 χορηγῷ
820 1765 881 1819 τὸ
928 1769 1350 1838 χορηγούμενον.
1407 1769 1562 1822 Κατὰ
1607 1770 1727 1823 τίνα
1771 1770 1828 1824 δὲ

1937 671 2163 739 cecinit,
2203 690 2222 724 ι
2268 670 2534 742 oppilabit
2567 685 2630 726 os
2657 686 2819 726 suum
2850 670 2914 737 ",
2944 688 2963 721 ι
2998 684 3099 726 nec
3149 669 3351 741 poterit
3395 684 3511 724 am-

1940 764 2086 834 plius
2124 776 2393 819 accusare
2427 777 2538 832 pra:
2577 762 3263 834 inﬁrmitate-peccantes.
3307 780 3327 815 ι
3368 760 3513 819 Deus

1938 852 2082 909 enim
2124 861 2209 908 est
2236 852 2331 922 qui
2375 851 2649 922 justiﬁcat
2683 852 2726 884 ιδ
2761 870 2775 906 :
2815 872 2832 902 ι
2855 871 2963 903 -ι
2999 852 3256 909 Christus
3285 868 3387 908 nos
3423 868 3514 908 re-

1932 942 2100 1001 demit
2121 944 2189 1002 de
2214 943 2507 1000 maledicto
2538 943 2693 1016 legis,
2710 943 2893 999 factus
2917 959 3013 1014 pro
3035 944 3193 1015 115
3218 946 3375 999 nobis
3397 958 3514 1000 ma-

1931 1036 2194 1092 ledictum
2231 1044 2289 1091 ut.
2316 1035 2755 1091 maledictionem
2780 1034 2987 1104 peccati
3012 1050 3112 1090 nos
3131 1035 3505 1107 lugiamus‘h

2008 1126 2050 1193 Ι,
2093 1127 2182 1184 50.
2230 1127 2330 1181 Hic
2374 1127 2548 1182 estde
2594 1142 2697 1197 quo
2739 1126 2853 1179 dixi
2882 1140 2899 1180 .'
2930 1125 3061 1180 Post
3113 1142 3193 1180 me
3238 1128 3376 1182 venit
3413 1130 3511 1195 vir,

1939 1219 2026 1291 qui
2057 1229 2177 1274 ante
2208 1236 2288 1274 me
2316 1219 2490 1290 factus
2517 1228 2593 1273 est
2623 1233 2641 1272 :
2668 1219 2794 1288 quia
2828 1218 2975 1287 prior
3001 1233 3081 1271 me
3120 1227 3255 1272 erat.

2014 1312 2309 1368 Auditores
2326 1312 2392 1366 ad
2414 1311 2737 1367 memoriam
2758 1316 2977 1366 revocat
3005 1324 3196 1365 eorum
3219 1326 3339 1380 quae
3360 1311 3515 1381 prius

1939 1400 2085 1456 dicta
2128 1411 2279 1468 sunt,
2324 1409 2378 1457 et
2416 1403 2657 1474 palmam
2698 1402 2886 1471 gloriae
2923 1401 3149 1456 Christo
3196 1401 3365 1466 cedit,
3402 1416 3514 1456 non

1939 1494 2121 1548 studio
2150 1502 2243 1548 aut
2293 1493 2492 1549 all'ectu
2548 1494 2682 1559 ullo,
2710 1494 2804 1549 sed
2852 1495 3081 1548 veritate
3112 1493 3296 1561 potius
3328 1503 3381 1548 et
3415 1509 3514 1548 ne-

1938 1586 2202 1641 cessitate
2231 1585 2283 1639 id
2313 1585 2549 1642 faciens.
2583 1585 2891 1655 Subjicitur
2919 1585 3090 1651 enim,
3120 1585 3205 1640 vel
3253 1586 3374 1656 ipso
3413 1599 3516 1641 no-

1936 1675 2103 1741 lente,
2137 1691 2277 1748 opus
2316 1676 2535 1743 factori,
2575 1677 2800 1732 domino
2831 1692 3050 1741 servus,
3097 1678 3345 1749 largitori
3391 1694 3504 1734 mu-

1936 1785 2062 1823 nus.
2107 1767 2357 1834 Quonam
2392 1785 2521 1824 vero
2575 1770 2739 1825 modo
2792 1767 3066 1840 posterior
3108 1779 3256 1827 esset
3302 1769 3514 1826 Joanne

231 1855 453 1925 τρόπον
491 1856 666 1909 ὀπίσω
706 1857 804 1927 μὲν
835 1852 902 1928 ἦν
941 1858 1185 1912 Ἰωάννου
1222 1859 1488 1929 Χριστὸς,
1520 1860 1826 1931 ἔμπροσθεν

1931 1859 2212 1925 Christus,
2253 1869 2305 1914 et
2342 1871 2468 1916 ante
2524 1860 2703 1916 factus
2758 1863 2831 1917 sit
2877 1862 3140 1932 quoniam
3177 1862 3331 1933 prior
3371 1871 3510 1929 erat,

234 1946 297 1999 δὲ
327 1946 578 2015 γέγονεν,
603 1947 685 2001 ἔτι
701 1948 913 2019 πρῶτος
930 1944 1018 2020 ἦν,
1042 1949 1116 2013 ὠς
1138 1950 1299 2014 αὐτὸς
1325 1952 1596 2022 ὁμολογεῖ,
1614 1953 1702 2006 διὰ
1721 1952 1830 2007 τῶν

241 2036 639 2109 προλαϐόντων
676 2038 985 2108 ἀρκούντως
1005 2040 1331 2111 είρήκαμεν.

324 2127 499 2196 Κάγὼ
531 2131 640 2182 οὐκ
673 2128 841 2197 ᾓὸειν
867 2130 1073 2197 αὑτὸν,
1106 2131 1243 2185 ἀλλ’
1268 2133 1367 2186 ἵνα
1409 2134 1723 2204 φανερωθῇ
1751 2134 1831 2201 τῷ

254 2217 533 2286 Ἰσραὴλ,
559 2216 654 2271 διὰ
670 2218 846 2273 τοῦτο
872 2216 1063 2289 ἦλθον
1090 2221 1207 2292 ἐγὼ
1219 2223 1526 2287 βαπτίζων
1542 2226 1611 2279 ἐν
1634 2227 1827 2282 ὕδατι.

331 2309 390 2361 ὐ
419 2311 479 2361 ὲν
522 2311 587 2379 τῇ
623 2308 803 2381 κοιλίᾳ
832 2310 931 2382 τῆς
976 2310 1115 2377 ίδίας
1158 2314 1566 2385 ἁνασκιρτήσας
1598 2317 1826 2388 μητρὸς,

240 2399 328 2453 ἔτι
356 2401 453 2471 τῆς
486 2400 647 2469 ἁγίας
681 2401 960 2473 Παρθένου
1007 2407 1381 2476 κυοφορούσης
1407 2406 1498 2460 τὸν
1541 2406 1767 2479 Κύριον,
1800 2410 1828 2461 6

239 2492 355 2564 πρὸ
394 2493 491 2563 τῆς
542 2493 726 2557 ὠδῖνος
769 2496 1087 2567 προφήτης,
1118 2498 1146 2550 6
1178 2498 1234 2550 ὲν
1276 2496 1501 2570 ὲμδρύῳ
1556 2499 1825 2570 μαθητὴς,

246 2584 395 2638 «Οὐκ
429 2584 575 2655 ᾔδειν
604 2584 789 2650 αὑτὸν,
804 2606 820 2637 ι
846 2587 1084 2657 περὶτοῦ
1106 2587 1357 2657 Σωτῆρός
1374 2605 1558 2660 φησιν’
1576 2590 1827 2659 ἁληθέυει

238 2675 298 2727 δὲ
324 2675 518 2743 λέγων’
558 2676 617 2729 ού
651 2676 760 2747 γὰρ
805 2677 1054 2746 ψεύδεται
1092 2695 1106 2709 ο
1130 2679 1309 2733 πάντα
1339 2682 1435 2750 μὲν
1459 2680 1565 2751 γὰρ
1591 2676 1728 2733 οἶδεν
1767 2680 1826 2749 ἐξ

243 2765 412 2819 αὐτοῦ
468 2768 560 2819 καὶ
609 2766 909 2832 ἀδιδάκτως
956 2769 1124 2833 Θεὸς,
1162 2770 1425 2835 διδακτῶς
1458 2771 1514 2824 δὲ
1546 2773 1578 2843 ἡ
1612 2772 1787 2835 κτίσις
1809 2789 1823 2803 ·

244 2855 490 2908 ἐνοικοῦν
518 2857 574 2909 δὲ
600 2860 711 2922 τοῖς
741 2860 918 2927 ἁγίοις
940 2860 1000 2913 τὸ
1027 2860 1268 2932 Πνεῦμα,
1292 2862 1352 2914 τὸ
1376 2863 1553 2916 ἐνδέον
1587 2864 1827 2934 ἀναπλη-

245 2950 354 3018 ροῖ,
387 2948 480 3001 καὶ
516 2948 576 3002 τὸ
598 2949 726 3003 ίδιον
770 2952 970 3020 ἀγαθὸν
998 2956 1063 3024 τῇ
1095 2953 1382 3025 ἀνθρώπου
1410 2954 1570 3023 φύσει
1608 2954 1827 3026 χαρίζε-

241 3055 354 3105 ται,
374 3040 436 3092 τὸ
455 3040 673 3107 εἰδέναι,
702 3042 863 3113 φημὶ,
886 3043 954 3097 τὰ
982 3044 1234 3114 ἐσόμενα,
1263 3046 1356 3098 καὶ
1378 3045 1487 3099 τῶν
1509 3046 1827 3117 κεκρυμμέ-

242 3145 352 3181 νων
376 3130 691 3202 μυστηρίων
716 3131 815 3201 τὴν
837 3132 1056 3201 γνῶσιν.
1083 3134 1290 3187 Οὐκοῦν
1319 3135 1394 3205 μὴ
1426 3135 1624 3189 εἰδέναι
1652 3135 1825 3205 λέγων

236 3219 335 3273 τὸν
390 3220 595 3292 Κύριον
627 3222 655 3275 6
682 3223 952 3295 μακάριος
989 3224 1321 3297 Βαπτιστὴς,
1346 3204 1693 3296 διαψεύσεται
1728 3227 1827 3298 μὲν
1854 3204 1897 3262 c

236 3314 514 3385 οὐδαμῶς,
540 3316 684 3369 κατὰ
702 3331 766 3384 γε
799 3316 858 3369 τὸ
884 3315 984 3387 τῆς
1013 3315 1425 3387 ἁνθρωπότητος
1463 3317 1612 3382 ἴδιον,
1646 3319 1741 3372 καὶ
1769 3318 1829 3371 τὸ

239 3408 458 3479 πρέπον
486 3410 552 3479 τῇ
575 3407 752 3460 κτίσει
772 3411 968 3478 μέτρον
991 3423 1004 3437 °
1040 3406 1299 3479 ἀναθήσει
1324 3407 1379 3461 δὲ
1395 3408 1541 3480 μόνῳ
1562 3409 1621 3463 τὸ
1651 3411 1831 3464 πάντα

238 3499 440 3553 εἰδέναι
465 3499 541 3570 τῷ
586 3498 823 3571 Θεῷ,τῷ
850 3499 940 3553 διὰ
978 3501 1293 3571 Πνεύματος
1344 3501 1498 3571 ἁγίου
1549 3503 1685 3574 πρὸς
1727 3502 1825 3574 τὴν

235 3590 353 3644 τῶν
396 3591 795 3663 κεκρυμμένων
826 3590 1127 3663 κατάληψιν
1164 3593 1586 3662 φωταγωγοῦντι
1610 3594 1701 3647 τὸν
1731 3597 1825 3649 ἄν·

239 3682 485 3755 θρωπον·
515 3684 798 3755 χρησίμως
824 3685 881 3739 δὲ
927 3684 1068 3749 λίαν,
1095 3685 1195 3738 οὐκ
1214 3685 1412 3739 εἰδέναι
1446 3688 1543 3757 μέν
1568 3705 1731 3759 φησιν
1759 3686 1821 3753 ἐξ

239 3774 438 3828 ἑαυτοῦ
465 3775 554 3828 τὸν
582 3776 837 3846 Χριστὸν,
860 3776 1175 3846 ἐληλυθέναι
1203 3792 1265 3845 γε
1285 3776 1391 3848 μὴν
1423 3777 1511 3831 διὰ
1543 3777 1700 3832 τοῦτο
1725 3797 1825 3832 κυ-

239 3867 397 3941 ρίως,
422 3867 507 3920 ἵνα
549 3868 780 3939 φανερὸν
809 3869 973 3922 αὐτὸν
1012 3870 1327 3942 καταστήσῃ
1356 3870 1434 3941 τῷ
1475 3871 1712 3942 Ἰσραὴλ,
1739 3871 1826 3924 ἵνα

241 3960 317 4030 μὴ
356 3958 654 4030 αὐτόμολος
681 3961 774 4014 ἐπὶ
821 3960 919 4032 τὴν
952 3963 1259 4034 μαρτυρίαν
1284 3963 1539 4034 φαίνηται
1578 3963 1823 4036 δραμὼν,

240 4050 379 4121 μηδὲ
408 4049 558 4104 ίδίων
589 4050 910 4123 θελημάτων
957 4054 1234 4126 ὑπηρέτης
1268 4055 1454 4125 νοῆται
1479 4057 1632 4128 παρὰ
1660 4074 1822 4123 τισιν,

236 4141 377 4194 ἀλλὰ
432 4140 582 4205 θείας
623 4142 722 4211 μὲν
765 4144 1076 4214 οἰκονομίας
1122 4146 1380 4217 ἐργάτης,
1419 4147 1609 4217 βουλῆς
1637 4148 1693 4200 δὲ
1726 4150 1827 4221 τῆς

238 4233 449 4286 ἄνωθεν
488 4232 779 4303 ὑπουργὸς,
809 4235 1299 4306 ἀποκαλυπτούσης
1329 4237 1477 4308 αὐτῷ
1506 4238 1596 4291 τὸν
1628 4239 1824 4310 Ἀμνὸν

238 4324 332 4376 τὸν
398 4322 626 4393 αἴροντα
676 4324 774 4395 τὴν
821 4326 1094 4396 ἁμαρτίαν
1137 4326 1231 4379 τοῦ
1262 4327 1489 4397 κόσμου.
1547 4328 1663 4382 Ἵνα
1713 4329 1826 4382 τοί-

239 4431 336 4467 νυν
362 4412 754 4485 εὐπετέστερον
784 4415 875 4467 ὲπὶ
914 4416 975 4469 τὸ
1026 4417 1305 4470 πιστεύειν
1332 4416 1411 4488 τῷ
1444 4417 1654 4489 Σωτῆρι
1687 4419 1824 4492 Χριο

1934 1961 1990 2006 ιιι
2019 1951 2137 2021 ipse
2166 1954 2473 2021 proﬁtetur,
2504 1953 2722 2008 abunde
2747 1968 2911 2023 supra
2941 1953 3203 2010 diximus.

2004 2130 2043 2195 l,
2074 2130 2164 2185 5i.
2208 2128 2274 2183 Et
2301 2147 2393 2201 ego
2424 2130 2715 2184 nesciebam
2741 2148 2880 2197 eum,
2915 2133 3007 2186 sed
3049 2141 3106 2186 ut
3140 2133 3513 2204 manifestetur

1930 2224 1983 2275 in
2015 2219 2210 2285 Israel,
2242 2232 2516 2289 propterea
2552 2222 2667 2276 veni
2685 2239 2778 2292 ego
2799 2224 2852 2276 in
2881 2239 3021 2293 aqua
3050 2224 3353 2291 baptizans.

2002 2310 2105 2377 Qui
2162 2319 2352 2365 sancta
2398 2308 2626 2382 Virgine
2678 2310 2968 2366 Dominum
3016 2312 3201 2368 adhuc
3254 2314 3311 2368 in
3352 2321 3511 2367 utero

1933 2410 2189 2473 gestante
2227 2389 2463 2458 exsiluit
2514 2403 2569 2456 in
2628 2411 2789 2457 utero
2845 2419 2960 2458 suae
3003 2405 3221 2467 matris,
3258 2405 3350 2460 ille
3382 2413 3509 2460 ante

1932 2505 2145 2565 partum
2192 2495 2479 2565 propheta,
2515 2494 2609 2548 ille
2640 2493 2693 2566 in
2732 2502 2892 2549 utero
2934 2496 3130 2551 matris
3180 2496 3508 2567 discipulus,

1928 2585 2254 2641 Nescieham
2291 2587 2496 2656 ipsum,
2531 2586 2717 2657 inquit
2751 2586 2819 2641 de
2862 2584 3169 2643 Salvatore.
3193 2589 3345 2655 Quod
3382 2603 3509 2644 cum

1930 2680 2004 2732 ait
2050 2693 2174 2732 vera
2207 2678 2473 2747 loquitur.
2517 2676 2662 2734 Deus
2704 2679 2909 2749 quippe
2941 2695 3086 2735 unus
3125 2681 3312 2735 omnia
3346 2697 3411 2736 ex
3446 2697 3507 2737 se

1931 2770 2105 2833 novit,
2139 2784 2168 2822 a
2209 2770 2362 2823 nullo
2384 2770 2636 2833 edoctus,
2692 2781 2950 2823 creatura
2977 2785 3110 2824 vero
3140 2771 3208 2824 ab
3241 2770 3350 2825 alio
3374 2786 3509 2826 eru-

1929 2862 2066 2916 dita.
2102 2861 2159 2914 ln
2206 2861 2418 2914 sanctis
2452 2860 2601 2914 enim
2636 2860 2957 2914 inhabitans
2983 2860 3222 2930 Spiritus
3260 2861 3404 2932 quod
3452 2864 3505 2917 in

1930 2952 2022 3006 illa
2043 2951 2197 3007 deest
2214 2950 2496 3020 adimplet,
2510 2958 2564 3006 et
2584 2952 2729 3021 quod
2748 2966 2910 3005 suum
2931 2961 3017 3007 est
3032 2960 3241 3006 naturae
3259 2954 3509 3009 humanae

1930 3044 2188 3115 largitur,
2222 3059 2408 3098 rerum
2452 3058 2649 3114 nempe
2686 3042 3004 3099 futurarum
3054 3054 3110 3099 et
3163 3046 3506 3106 occultorum

1930 3135 2325 3205 mysteriorum
2361 3133 2641 3189 notitiam.
2684 3133 2822 3189 Cum
2858 3148 2992 3204 ergo
3042 3149 3102 3190 se
3155 3134 3372 3189 nescire
3404 3135 3509 3189 Do-

1930 3225 2140 3279 minum
2171 3224 2248 3278 ait
2286 3224 2485 3280 beatus
2524 3223 2796 3294 Baptista,
2827 3238 2937 3278 non
2986 3225 3273 3287 mentitur,
3306 3225 3352 3279 si
3405 3224 3509 3278 bu-

1930 3314 2216 3369 manitatis
2245 3321 2299 3369 et
2342 3322 2614 3369 creaturae
2646 3314 2896 3369 conditio
2927 3324 3206 3386 spectetur
3235 3333 3248 3369 :
3280 3315 3377 3371 sed
3412 3316 3507 3371 uni

1927 3406 2040 3459 Deo
2070 3412 2272 3459 cuncta
2301 3420 2464 3459 nosse
2487 3404 2704 3469 tribuit,
2726 3404 2815 3475 qui
2837 3420 2935 3476 per
2954 3414 3203 3460 sanctum
3241 3406 3506 3476 Spiritum

1929 3497 1996 3551 ad
2030 3496 2574 3567 comprehensionem
2610 3512 2795 3551 rerum
2831 3497 3175 3551 occultarum
3225 3498 3504 3553 hominem

1926 3590 2288 3656 illuminat,et
2310 3590 2522 3645 utiliter
2559 3590 2715 3643 valde
2736 3589 3022 3659 proﬁtetur
3046 3605 3109 3643 ex
3132 3590 3315 3660 seipso
3341 3590 3505 3646 Chri-

1928 3688 2074 3734 stum
2116 3679 2356 3745 nescire,
2396 3695 2514 3735 eam
2549 3680 2621 3734 ob
2652 3696 2766 3735 rem
2799 3688 2980 3735 tamen
3014 3681 3229 3750 preprie
3259 3684 3500 3748 venisse,

1926 3784 1985 3828 Il
2028 3772 2219 3829 lsraeli
2266 3782 2455 3827 notum
2512 3773 2692 3844 ipsum
2734 3774 2898 3828 faciat
2937 3792 2950 3828 :
2985 3789 3054 3827 ne
3094 3775 3159 3828 ad
3210 3775 3504 3845 perhiben-

1927 3868 2055 3921 dum
2094 3866 2231 3921 illud
2287 3867 2660 3923 testimonium
2713 3882 2811 3921 sua
2846 3877 3043 3937 sponte
3093 3868 3394 3925 incurrisse
3422 3870 3504 3925 vi-

1926 3957 2143 4023 deatur,
2181 3974 2360 4028 neque
2397 3956 2722 4029 cupiditatis
2757 3975 2871 4015 sua:
2901 3975 3098 4015 servus
3131 3968 3376 4030 putetur,
3404 3961 3501 4017 sed

1926 4051 2099 4105 divini
2159 4051 2376 4105 consilii
2458 4051 2645 4122 potius
2709 4058 3022 4112 exsecutor,
3084 4052 3503 4121 voluntatisque

1926 4158 2183 4213 supernae
2232 4144 2489 4197 tuinister
2525 4162 2543 4194 t
2576 4143 2791 4213 Agnum
2841 4160 2859 4193 ι
2912 4142 2963 4196 ei
2996 4142 3312 4209 revelantis,
3347 4162 3365 4195 ι
3405 4145 3500 4213 qui

1923 4236 2077 4289 tollit
2104 4243 2387 4305 peccatum
2423 4233 2611 4288 mundi
2641 4234 2705 4286 ".
2746 4251 2766 4286 ι
2800 4230 2870 4287 Ut
2892 4246 3023 4303 ergo
3055 4230 3229 4286 Judaei
3261 4235 3503 4289 alacrius

1923 4325 2148 4381 Christo
2184 4322 2457 4380 Salvatori
2495 4325 2807 4388 crederent,
2835 4333 2888 4379 et
2918 4323 3402 4392 praeclarissimam
3432 4325 3502 4380 de

1925 4434 1992 4473 eo
2035 4418 2504 4474 existimationem
2549 4416 2835 4481 haberent,
2896 4415 2973 4468 ait
3004 4415 3183 4484 ipsum
3231 4430 3289 4471 se
3328 4431 3503 4486 agno.

239 4504 356 4576 στῷ
404 4504 670 4576 βαδίζοιεν
725 4506 1005 4575 Ἰουδαῖοι,
1034 4509 1129 4563 καὶ
1177 4508 1607 4581 ἀξιολογωτάτην
1653 4511 1819 4582 ἔχωσι

1929 4526 2078 4565 scere
2117 4525 2281 4580 quem
2316 4524 2426 4564 non
2460 4517 2711 4571 noverat,
2742 4515 2804 4562 ut
2848 4507 3159 4577 intelligant
3205 4507 3428 4563 demum
3468 4523 3501 4564 a

235 4601 369 4668 περὶ
394 4599 558 4653 αὐτοῦ
592 4601 690 4672 τὴν
718 4601 988 4672 διάληψιν,
1024 4604 1321 4672 ἐγνωκέναι
1349 4603 1512 4673 φησιν
1535 4604 1823 4669 αύτὸν,ούκ

231 4690 415 4754 εἰδῶς’
445 4693 532 4746 ἵνα
576 4693 761 4749 λοιπὸν
809 4695 1032 4750 ἑννοῶσι
1079 4695 1171 4749 τὸν
1209 4697 1637 4767 ἀποκαλύψαντα
1668 4697 1818 4762 Θεὸν,

233 4782 339 4836 καὶ
360 4782 419 4836 τὸ
439 4783 643 4838 ἀνωθεν
672 4787 1152 4859 ἁποναρκήσαντες
1185 4790 1380 4859 κρῖμα,
1413 4785 1819 4860 παραδέξωνται

234 4873 420 4929 τοίνυν
444 4874 535 4928 τὸν
566 4874 720 4944 λόγον
749 4878 933 4942 αὐτοῦ,
957 4879 1052 4933 καὶ
1074 4879 1165 4932 τὸν
1188 4880 1405 4951 οίκέτην
1434 4879 1666 4951 δρῶντες
1689 4878 1816 4933 ὄντα

235 4964 513 5029 τοσοῦτον,
547 4968 823 5039 ἀναλόγως
853 4970 913 5023 τὸ
941 4969 1034 5024 τοῦ
1084 4952 1409 5041 κρατοῦντος
1435 4971 1815 5042 ἁναμετρῶσιν

235 5057 473 5127 ἀξίωμα.
509 5059 583 5114 Τὸ
620 5060 729 5132 γὰρ
759 5061 1077 5133 ἐληλυθέναι
1109 5062 1308 5132 λέγειν,
1339 5065 1425 5118 ἵνα
1464 5064 1693 5136 φανερὸν
1717 5065 1813 5118 αὑ-

1933 4602 2042 4657 Deo
2072 4600 2399 4666 revelatum,
2436 4607 2491 4654 et
2523 4598 2763 4669 pristino
2795 4595 2963 4651 animi
2992 4605 3218 4669 stupore
3238 4613 3497 4665 excusso,

1927 4692 2049 4762 ejus
2084 4690 2246 4760 116
2278 4703 2589 4744 sermonem
2634 4686 2946 4751 admittant,
2978 4695 3032 4742 et
3062 4696 3272 4744 tantum
3314 4688 3497 4744 famu-

1926 4783 2038 4837 lttm
2067 4787 2380 4843 cernentes,
2408 4780 2764 4850 proportione
2802 4777 3041 4849 quadam
3071 4777 3289 4834 Domini
3316 4779 3500 4850 digni-

1926 4883 2091 4929 tatem
2133 4874 2431 4929 aestiment.
2466 4871 2627 4940 Quod
2663 4872 2811 4927 enim
2853 4871 2933 4926 ait
2961 4871 3182 4927 venisse
3226 4879 3283 4925 ut
3316 4871 3496 4925 mani-

1926 4969 2129 5023 festum
2155 4981 2282 5020 eum
2323 4965 2489 5021 iaciat
2533 4963 2742 5030 lsraeli,
2777 4962 3046 5036 numquid
3076 4962 3311 5018 cilicium
3349 4962 3495 5018 servi

1924 5059 2184 5117 denotat?

234 5151 327 5205 τὸν
348 5151 425 5223 τῷ
461 5152 676 5225 Ἰσραὴλ
698 5154 1036 5227 καταστήσῃ,
1060 5154 1177 5219 πῶς
1205 5155 1265 5208 ού
1291 5156 1505 5219 πάντως
1533 5156 1631 5211 τὴν
1650 5157 1834 5228 οἰκέτῃ
1874 5154 2189 5226 πρέπουσαν
2209 5151 2506 5225 θεραπείαν
2541 5152 2825 5225 σημαίνει;

834 5245 1084 5302 ΚΕΦΑΔ.
1113 5248 1191 5300 Λ’.

239 5331 367 5404 Ὅτι
387 5333 459 5404 οὐ
485 5334 635 5389 κατὰ
653 5333 940 5404 μετοχὴν,
953 5335 1094 5390 οὐδὲ
1117 5337 1197 5404 ὡς
1216 5337 1478 5391 ἐπακτόν
1502 5337 1570 5390 ἐν
1590 5337 1668 5404 τῷ
1705 5338 1813 5404 Υἱῷ

305 5401 373 5453 τὸ
416 5403 588 5474 ᾄτιον
638 5401 881 5474 Πνεῦμά
938 5406 1130 5469 ἐστιν,
1174 5401 1313 5462 ἀλλ’
1340 5401 1682 5474 οὐσιωδῶς,
1715 5401 1814 5463 καὶ

306 5472 456 5525 κατὰ
506 5474 695 5541 φύσιν
724 5472 1047 5543 ἐνὺπὰρχει
1096 5477 1274 5543 αὐτῷ.

308 5565 414 5617 Καὶ
467 5567 879 5635 ἐμαρτύρησεν
918 5567 1202 5637 Ἰωάννης
1237 5568 1448 5639 λέγων·
1472 5570 1601 5624 Ὅτι
1622 5570 1818 5625 τεθέα-

232 5672 333 5725 μαι
380 5655 447 5708 τό
489 5657 731 5726 Πνεῦμα
758 5659 1138 5723 καταϐαῖνον,
1165 5659 1308 5714 ὡσεὶ
1339 5661 1711 5730 περιστερὰν,
1747 5661 1816 5725 ἐξ

238 5747 514 5815 οὐρανοῦ,
543 5748 638 5803 καὶ
688 5748 923 5819 ἔμεινεν
951 5750 1043 5804 ἐπ’
1072 5753 1279 5807 αὐτόν’
1317 5752 1478 5824 κάγὼ
1504 5755 1612 5808 οὐκ
1646 5753 1817 5823 ᾔδειν

2586 5243 2737 5299 CAP.
2783 5242 2824 5297 l.

1922 5335 2072 5402 Quod
2101 5351 2203 5404 non
2232 5351 2323 5400 per
2338 5336 2818 5404 participationem,
2853 5348 3013 5402 neque
3037 5340 3094 5404 ut
3123 5332 3382 5391 ascititius
3412 5346 3491 5392 est

1990 5407 2044 5459 in
2080 5403 2226 5459 Filio
2254 5402 2748 5475 sanctusﬁpiritus,
2787 5403 2877 5457 sed
2923 5404 2972 5457 ei
3002 5402 3424 5463 substantialiter
3442 5417 3493 5463 et

1991 5477 2276 5530 secundum
2306 5486 2552 5529 naturam
2585 5478 2739 5529 inest.

1994 5566 2038 5630 1,
2078 5566 2272 5620 52-55.
2315 5565 2382 5618 Et
2420 5564 2780 5621 testimonium
2827 5564 3087 5634 perhibuit
3124 5566 3378 5632 Joannes,
3407 5568 3491 5621 di-

1921 5659 2247 5726 cens:Quia
2294 5658 2403 5713 vidi
2450 5657 2703 5726 Spiritum
2736 5656 3165 5726 descendentem,
3213 5661 3366 5731 quasi
3407 5676 3492 5714 ro-

1918 5748 2173 5815 lumbam,
2207 5750 2271 5803 de
2322 5750 2485 5816 caelo,
2532 5760 2581 5803 et
2642 5751 2835 5804 mansit
2895 5766 3051 5820 super
3082 5768 3197 5806 eum
3237 5767 3256 5806 .'
3296 5760 3346 5808 et
3398 5768 3495 5823 ego

312 5914 351 5944 “
397 5913 413 5967 Ι
466 5915 593 5972 Cor.
646 5934 735 5986 xv,
785 5918 871 5975 55.
956 5921 998 5953 ¹³
1029 5920 1303 5993 Psal.cvt,
1335 5923 1425 5981 42.
1502 5927 1544 5960 ⁸⁸
1603 5924 1762 5986 Rom.
1795 5944 1826 5984 v

1945 5931 2035 5985 ‘55.
2120 5932 2162 5965 ⁸⁵
2197 5930 2369 5989 Galat.
2425 5948 2505 6001 ut,
2555 5933 2638 5989 ιδ.
2717 5933 2942 6006 ιδειυιω.
2992 5951 3029 6002 ι,
3078 5934 3167 5991 9.9.
