4118 6534
682 396 786 454 195

1680 415 1740 468 S.
1782 413 2057 470 CYRILLI
2110 413 2583 472 ALEXANDRINI
2621 420 2941 478 ARCIIIEP.

3853 429 3973 485 196

680 519 973 574 nesciebam
1006 538 1158 580 eum:
1183 527 1272 580 sed
1303 530 1391 598 qui
1412 530 1557 584 misit
1590 549 1669 588 me
1701 535 1971 603 baptizare
2006 540 2061 592 in
2088 554 2225 608 aqua

2326 538 2563 605 ,aiztdr,
2599 543 2738 597 ἀλλ’
2786 545 2822 597 ό
2851 542 3094 613 πέμψας
3144 560 3220 612 με
3264 543 3575 608 βαπτίζειν
3617 546 3692 600 ἐν
3740 546 3971 600 ὕδατι.

677 606 768 661 ille
797 611 927 665 m‘ilu’
956 613 1091 668 dixit
1114 616 1320 687 :Super
1343 636 1494 689 quem
1521 623 1712 679 videris
1741 626 2001 694 Spiritum
2041 606 2253 687 descen-

676 698 904 771 dentem,
931 716 980 759 et
1011 722 1305 765 manentem
1331 730 1487 784 super
1510 734 1650 787 eum,
1677 720 1761 775 hic
1793 733 1870 776 est
1896 726 1987 794 qui
2015 725 2251 795 baptizat

676 789 730 843 in
757 790 961 860 Spiritu
985 811 1189 853 sancto.

744 890 1010 957 Quoniam
1044 903 1303 971 superius
1343 905 1581 976 dixerat,
1621 926 1681 967 se
1733 928 1857 969 eum
1903 933 2012 972 non
2063 934 2247 986 nosse,

675 999 823 1040 nunc
856 988 908 1041 id
941 994 1192 1050 exactius
1239 1001 1490 1068 exponit,
1525 1006 1956 1079 mysteriumque
1999 1011 2247 1068 divinum

673 1079 874 1145 aperit,
897 1085 1200 1142 ostendens
1241 1104 1364 1144 cum
1403 1093 1505 1147 sibi
1537 1109 1567 1148 a
1597 1095 1758 1153 Patre
1789 1098 1898 1155 Deo
1926 1104 2242 1169 revelatum,

672 1177 787 1223 tum
831 1176 955 1242 quis
1003 1180 1360 1239 revelationis
1408 1188 1602 1244 modus
1638 1189 1800 1245 fuerit
1844 1204 2031 1263 aperte
2066 1199 2244 1267 expli-

672 1275 809 1316 cans
857 1282 871 1317 :
916 1265 1163 1337 adeoque
1216 1274 1530 1329 auditorum
1581 1280 1782 1337 animis
1830 1285 1978 1338 omni
2031 1265 2246 1344 ratione

671 1354 939 1421 prodest:
970 1368 1025 1413 et
1075 1376 1173 1430 per
1213 1380 1334 1433 quae
1382 1368 1587 1426 Christi
1640 1376 1960 1444 mysterium
2003 1394 2063 1433 se
2101 1379 2246 1434 didi-

674 1448 818 1502 cisse
851 1452 948 1515 ait,
987 1468 1083 1521 per
1109 1470 1170 1509 ea
1205 1455 1403 1513 divina:
1441 1465 1728 1519 sententiae
1766 1468 2009 1522 ostendit
2040 1470 2242 1526 adver-

675 1537 853 1593 sarios
889 1540 1177 1612 refragari,
1202 1556 1255 1599 et
1293 1563 1502 1619 magna:
1534 1550 1717 1607 Patris
1765 1557 2023 1614 resistere
2049 1561 2242 1615 volun-

675 1628 796 1683 tati.
822 1629 975 1695 Quod
1014 1649 1135 1687 cum
1170 1634 1320 1702 facit,
1356 1640 1493 1695 scite
1524 1658 1619 1698 eos
1655 1644 1870 1701 inducit
1896 1657 1953 1701 ut
2002 1652 2245 1708 vanitate

669 1719 867 1788 rejecta
906 1739 1030 1778 eum
1065 1728 1399 1797 suscipiant,
1444 1735 1537 1802 qui
1567 1734 1749 1792 Patris
1793 1739 2140 1810 beneplacito
2184 1744 2239 1800 in

666 1812 813 1867 hunc
842 1817 1101 1872 mundum
1130 1822 1354 1878 advenit
1385 1825 1457 1880 ad
1490 1829 1735 1883 omnium
1762 1832 2019 1888 salutem.
2047 1834 2239 1892 Testa-

665 1912 756 1957 tur
811 1908 996 1977 itaque
1053 1926 1112 1966 se
1162 1911 1425 1983 Spiritum
1483 1928 1764 1988 spectasse
1814 1921 2236 1982 descendentem

665 2013 832 2068 super
858 2016 981 2055 eum
1017 2002 1083 2058 de
1127 2008 1293 2074 caelo,
1331 2009 1387 2063 in
1425 2011 1690 2067 columbae
1740 2016 1943 2084 specie,
1984 2026 2039 2072 et
2070 2035 2237 2089 super

662 2108 788 2145 eum
822 2095 1109 2152 mansisse.
1144 2099 1226 2155 Ad
1271 2102 1405 2168 haec,
1433 2104 1512 2158 ait
1557 2120 1615 2160 se
1645 2108 1876 2164 auribus
1917 2110 2035 2165 suis
2074 2128 2236 2168 acce-

664 2184 811 2250 pisse
859 2186 926 2239 ab
958 2202 1026 2241 eo
1068 2204 1097 2242 a
1132 2205 1242 2259 quo
1289 2192 1495 2248 missus
1522 2203 1607 2249 est
1634 2196 1700 2249 ad
1750 2197 2135 2267 baptizandum
2179 2204 2233 2257 in

661 2290 823 2345 aqua.
858 2278 1015 2332 illum
1078 2281 1485 2350 baptizaturum
1549 2287 1602 2339 in
1662 2296 1852 2343 sancto
1908 2289 2139 2360 Spiritu,
2177 2294 2233 2349 in

660 2385 819 2434 quem
855 2370 1252 2438 descendisset,
1294 2385 1348 2430 et
1411 2377 1465 2430 in
1518 2393 1628 2447 quo
1682 2393 1931 2436 maneret
1966 2382 2229 2453 Spiritus.

660 2454 1152 2526 Locupletissimus
1180 2480 1310 2535 ergo
1332 2468 1512 2528 testis,
1540 2472 1961 2536 supernaturale
1989 2472 2231 2543 signum,

660 2548 809 2603 illius
843 2562 1033 2608 auctor
1066 2571 1129 2609 ac
1194 2556 1606 2615 demonstrator
1656 2560 1840 2627 Pater,
1862 2567 2104 2620 omnium
2141 2584 2233 2622 su-

660 2656 901 2709 premus.
943 2645 1117 2715 Atque
1160 2648 1275 2703 hinc
1341 2651 1559 2720 quidem
1623 2654 1697 2707 ita
1738 2669 1797 2708 se
1853 2656 2072 2712 habent.
2124 2659 2230 2715 Sed

656 2729 946 2787 insultabit
1000 2735 1186 2791 forsan
1228 2739 1427 2793 iterum
1457 2740 1805 2812 vitilitigator
1832 2743 2142 2814 luereticus,
2176 2758 2230 2805 et

654 2822 710 2875 in
765 2825 1099 2881 cachinnum
1158 2828 1368 2885 effusus
1410 2830 1557 2886 dicet
1605 2848 1619 2883 :
1671 2833 1809 2899 Quid
1858 2852 2022 2905 porro
2070 2842 2228 2899 nobis

654 2918 974 2984 responsuri
1010 2921 1169 2983 estis,
1208 2935 1240 2974 ο
1275 2922 1426 2985 boni,
1455 2932 1551 2976 aut
1582 2925 1784 2994 quibus
1817 2931 2050 2999 argutiis
2079 2934 2227 3002 quod

654 3006 920 3074 scriptum
948 3016 1033 3063 est
1063 3010 1440 3081 rcdarguetis?
1467 3012 1607 3069 Ecce
1637 3014 1905 3085 Spiritum
1942 3021 2017 3075 ait
2045 3025 2097 3076 in
2136 3024 2227 3077 Fi-

654 3095 787 3147 lium
825 3097 1155 3155 descendere
1197 3120 1209 3155 :
1246 3117 1377 3157 ecce
1422 3106 1650 3175 ungitur
1709 3120 1739 3157 a
1794 3106 1907 3163 Deo
1951 3127 2015 3166 ac
2070 3113 2225 3171 Patre

650 3184 847 3252 Filius,
881 3196 934 3243 et
967 3190 1110 3259 quod
1153 3207 1262 3247 non
1297 3194 1461 3250 habet
1507 3198 1771 3251 nimirum
1807 3204 2031 3274 accipit,
2064 3202 2222 3261 Psal-
2254 3223 2295 3279 ο

652 3277 814 3331 mista
844 3279 1006 3335 nobis
1034 3281 1388 3353 suffragante,
1418 3296 1473 3342 et
1504 3288 1588 3346 his
1628 3293 1807 3362 ipsum
1845 3298 2030 3353 verbis
2068 3314 2218 3353 com-

648 3371 889 3439 pellante
922 3390 935 3427 :
974 3391 992 3424 (
1034 3372 1329 3444 Propterea
1376 3381 1533 3452 117
1578 3386 1734 3439 unxit
1778 3394 1832 3443 te
1879 3387 2045 3455 Deus,
2083 3389 2225 3447 Deus

649 3468 802 3526 tuus,
829 3462 951 3516 oleo
986 3466 1376 3525 exsultationis
1406 3486 1519 3540 pra:
1551 3476 1915 3550 participibus
1949 3481 2059 3536 tuis
2094 3482 2157 3537 ".
2198 3501 2217 3534 ι

649 3549 937 3616 Quomodo
1000 3553 1170 3625 igitur
1237 3549 1766 3624 consubstantialisi
1804 3573 1909 3625 erit
1978 3574 2221 3643 perfecto

647 3641 797 3696 Patri
827 3642 1025 3711 Filius,
1063 3650 1155 3718 qui
1189 3652 1334 3720 quod
1377 3654 1660 3723 perfectus
1692 3675 1801 3715 non
1838 3664 1931 3727 sit,
1964 3641 2084 3721 ideo
2114 3668 2250 3722 un-"

644 3735 831 3803 gitur?
857 3736 1175 3795 Istiusmodi
1202 3741 1515 3803 hominibus
1554 3751 1647 3820 qui
1685 3755 1994 3810 veneranda
2027 3756 2217 3815 Eccle-

646 3823 743 3879 siae
788 3824 1042 3897 dogmata
1082 3832 1418 3899 convellunt,
1458 3846 1513 3892 et
1560 3838 1968 3911 Scripturarum
2005 3860 2214 3904 rectum

653 3931 880 3971 sensum
931 3931 1271 3990 pervertunt,
1299 3925 1594 3986 dicendum
1639 3949 1765 3989 reor
1805 3955 1818 3991 :
1866 3956 1883 3989 ι
1929 3936 2214 4010 Evigilate,

644 4010 737 4078 qui
770 4011 908 4067 ebrii
941 4014 1075 4070 estis
1105 4032 1172 4071 ex
1207 4020 1334 4076 vino
1363 4031 1550 4078 vestro
1579 4025 1642 4091 ",
1673 4046 1692 4078 ι
1732 4037 1812 4092 ut,
1833 4030 2034 4085 illustri
2066 4037 2211 4089 veri-

643 4101 774 4156 tatis
809 4104 1218 4173 pulchritudine
1249 4124 1556 4183 perspecta,
1589 4118 1882 4175 nobiscum
1918 4124 2213 4182 inclamare

2267 1879 2312 1938 B

641 4192 786 4249 Filio
840 4198 1067 4266 possitis
1117 4220 1131 4257 :
1168 4222 1186 4255 ι
1231 4202 1369 4259 Vere
1407 4204 1579 4264 Filius
1624 4209 1716 4266 Dei
1766 4228 1826 4269 es
1877 4223 1933 4269 tu
1978 4218 2041 4271 η.
2081 4238 2101 4271 ι
2154 4220 2211 4276 Si

639 4287 785 4340 enim
814 4289 993 4344 credis
1016 4290 1195 4361 ipsum
1236 4292 1410 4349 Deum
1439 4299 1743 4355 secundum
1778 4314 2032 4360 naturam
2067 4324 2211 4378 esse,

638 4378 933 4447 quomodo,
976 4398 1185 4452 quzeso,
1229 4386 1569 4456 perfectione
1635 4396 1885 4451 carebit?
1948 4397 2212 4470 Sequitur

638 4472 785 4525 enim
818 4473 1057 4543 idipsum
1104 4477 1268 4531 etiam
1300 4496 1397 4536 vos
1437 4482 1603 4554 impie
1642 4486 1709 4543 de
1734 4488 1896 4546 Patre
1933 4506 2201 4551 asserere.

640 4563 796 4620 Unde
820 4568 963 4621 enim
987 4568 1347 4639 ipse,quaeso,
1365 4575 1757 4644 perfectionem
1792 4588 2203 4654 necessario,ut
2245 4568 2286 4623 θ

637 4656 842 4721 dicitis,
874 4657 1164 4717 habiturus
1201 4664 1323 4718 est?
1357 4674 1452 4720 aut
1484 4672 1762 4737 quomodo
1809 4689 1918 4728 non
1958 4676 2022 4731 ad
2056 4679 2203 4735 illam

636 4749 1056 4806 diminutionem
1100 4750 1248 4820 Filii,
1283 4760 1559 4815 sententia
1594 4772 1774 4817 vestra
1825 4766 2198 4836 imperfectam

634 4844 963 4914 delapsurus
992 4853 1097 4910 cst,
1130 4848 1177 4902 si
1220 4847 1401 4904 divina
1444 4855 1685 4909 essentia
1733 4857 2200 4928 imperfectionem

635 4936 688 4989 in
727 4935 866 4991 Filio
914 4938 1083 4992 semel
1136 4943 1462 5012 susceperit,
1505 4952 1564 4998 ut
1621 4949 1789 5004 stulte
1842 4956 1896 5005 et
1954 4950 2202 5022 imperite

632 5027 1140 5085 contenditis?Non
1177 5035 1322 5085 enim
1358 5043 1510 5089 certe
1551 5052 1801 5107 magnam
1844 5039 1988 5094 illam
2023 5051 2075 5095 et
2110 5044 2204 5095 im-

632 5119 914 5172 mortalem
940 5128 1191 5175 naturam
1225 5124 1279 5177 in
1312 5123 1558 5179 diversas
1591 5129 1833 5183 rationes
1864 5132 2198 5200 secabimus,

629 5217 690 5261 ut
718 5209 772 5261 in
810 5209 933 5272 hoc,
968 5212 1118 5266 verbi
1150 5216 1349 5283 gratia,
1377 5216 1449 5270 sit
1484 5217 1828 5288 imperfecta,
1856 5222 1908 5275 in
1940 5224 2033 5276 illo
2079 5241 2200 5294 per-

627 5299 769 5354 fecta
810 5318 823 5355 :
858 5317 983 5356 cum
1034 5304 1395 5362 humanitatis
1427 5308 1673 5363 deﬁnitio
1719 5327 1827 5365 una
1864 5314 1938 5369 sit
1983 5316 2050 5370 de
2081 5334 2199 5372 om-

624 5393 809 5456 nibus,
839 5402 894 5448 et
924 5396 1110 5451 eadem
1148 5399 1204 5452 in
1238 5399 1495 5455 omnibus
1531 5403 1714 5469 nobis,
1758 5422 1859 5460 nec
1895 5406 2058 5461 homo
2099 5410 2198 5463 ali-

532 5506 537 5519 ι
621 5483 756 5553 quid
808 5485 996 5542 minus
1052 5499 1146 5543 aut
1206 5490 1385 5558 majus
1434 5492 1507 5545 sit
1559 5494 1734 5549 altero
1798 5498 2045 5567 homine,
2086 5519 2191 5568 qua

622 5576 786 5631 homo
824 5586 908 5633 est
945 5602 955 5633 :
991 5595 1091 5634 nec
1143 5583 1389 5651 angelus,
1430 5584 1646 5651 opinor,
1687 5586 1757 5639 ab
1787 5588 1957 5643 altero
1999 5595 2192 5662 angelo

618 5668 856 5736 differat,
889 5673 1105 5727 ratione
1145 5673 1408 5743 angelicae
1438 5676 1780 5743 substantiae,
1815 5682 2092 5747 omnibus.
2123 5701 2190 5740 ex

691 5830 732 5861 ¹⁷
775 5827 919 5885 i’aai.
966 5846 1113 5897 μιν,
1166 5830 1219 5885 8.
1300 5829 1465 5887 HIJocl
1498 5850 1533 5900 I,
1580 5834 1630 5889 5.
1714 5837 1755 5869 ¹⁹
1795 5836 1983 5894 Matth.
2023 5856 2133 5908 xw,
2167 5842 2259 5903 ὅδε

2352 629 2582 697 ἐκεῖνός
2595 650 2698 702 μοι
2710 629 2897 688 εἶπενο
2931 635 3054 702 Ἐφ’
3078 633 3151 689 ὃν
3164 634 3241 687 ἂν
3256 634 3389 704 Ιδῃς
3408 636 3474 688 τὸ
3492 636 3740 707 Πνεῦμα
3763 654 3966 691 κατα-

2353 721 2565 777 ϐαῖνον
2588 762 2603 787 ,
2639 724 2736 778 καὶ
2772 724 2964 794 μένον
2992 725 3084 778 ἐπ’
3112 724 3319 792 αὺτὸν,
3349 723 3529 795 οὗτός
3556 729 3733 785 ἐστιν
3771 733 3812 785 ὀ
3836 732 3964 796 ,Βα-

2350 811 2567 873 πτίζων
2602 815 2671 867 ἐν
2697 818 2992 887 Πνεύματι
3020 821 3185 888 ἁγίῳ.

2420 904 2535 957 Ούκ
2569 905 2769 959 εἰδέναι
2818 910 2998 978 φήσας
3038 910 3199 963 αὑτὸν
3232 911 3290 963 ὲν
3317 914 3429 975 τοῖς
3473 912 3733 984 ἀνωτέρω
3760 952 3779 975 ,
3808 931 3960 985 χρη-

2351 994 2524 1063 σίμως
2570 997 2994 1069 ὲπεξεργάζεται
3018 1042 3033 1067 ,
3060 1004 3155 1057 καὶ
3201 1004 3262 1056 τὸ
3300 1003 3444 1059 θεῖον
3486 1005 3809 1077 ἀπογυμνοῖ
3850 1026 3957 1076 μυ·

2349 1086 2570 1156 πήριον
2597 1128 2611 1151 ,
2654 1090 2747 1143 καὶ
2799 1091 2890 1145 τὸν
2940 1094 3089 1165 αὐτῷ
3135 1095 3447 1166 μηνύσαντα
3511 1098 3776 1152 δεικνύων
3834 1099 3955 1153 II;-

2346 1174 2480 1246 τέρα
2537 1178 2704 1247 Θεὸν,
2741 1184 2834 1236 καὶ
2879 1184 2963 1247 τίς
3010 1186 3039 1237 6
3090 1188 3187 1257 τῆς
3219 1188 3436 1253 δείξεως
3481 1189 3672 1258 γέγονε
3704 1193 3948 1263 τρόπος,

2345 1265 2647 1335 ἀναφανδὸν
2696 1272 3079 1345 ἐξηγούμενος.
3136 1279 3350 1349 Ὠφελεῖ
3373 1281 3431 1334 δὲ
3454 1281 3544 1334 διὰ
3568 1283 3799 1336 πάντων
3831 1284 3949 1337 τῶν

2344 1359 2712 1432 ἀκροωμένων
2761 1367 2851 1419 τὸν
2885 1368 3027 1431 νοῦν,
3056 1371 3152 1425 καὶ
3177 1372 3244 1425 δι’
3260 1366 3336 1426 ὧν
3365 1376 3429 1428 ἐκ
3460 1374 3595 1428 Θεοῦ
3631 1376 3947 1429 πεπαιδεῦ-

2346 1450 2470 1504 σθαί
2499 1471 2631 1525 φησι
2662 1456 2722 1509 τὸ
2750 1460 2876 1529 περὶ
2922 1461 3159 1532 Χριστοῦ
3203 1468 3520 1537 μυστήριον,
3553 1471 3674 1531 ταῖς
3722 1470 3947 1523 ἄνωθεν

2342 1545 2545 1615 ψήφοις
2598 1550 2966 1620 πολεμοῦντας
3024 1555 3311 1626 ἀποφαίνει
3356 1560 3481 1623 τοὺς
3523 1559 3947 1631 ἀνθεστηκότας

2342 1638 2510 1709 αὐτῷ,
2534 1641 2628 1694 καλ⁸
2662 1644 3048 1713 ῥιψοκινδύνως
3084 1652 3149 1719 τῇ
3177 1650 3385 1721 μεγάλῃ
3407 1652 3500 1705 τοῦ
3525 1653 3743 1724 Πατρὸς
3777 1656 3945 1707 ἀντι-

2342 1730 2773 1799 προστάττοντας
2802 1736 3016 1810 γνώμῃ.
3047 1738 3217 1792 Τοῦτο
3244 1740 3299 1793 δὲ
3337 1737 3404 1812 ἦν
3432 1742 3831 1806 ἀναπείθοντος
3858 1747 3948 1796 εἱ-

2341 1819 2490 1889 φυῶς
2535 1824 2632 1892 τῆς
2665 1824 2765 1892 μὲν
2812 1829 3025 1893 είκαίας
3079 1831 3255 1884 αὐτῶν
3310 1833 3643 1904 ἀποσχέσθαι
3695 1834 3944 1905 βουλῆς,

2341 1914 2745 1983 παραδέξασθαι
2768 1918 2823 1972 δὲ
2844 1920 2935 1973 τὸν
2967 1922 3182 1993 εὐδοκία
3207 1924 3417 1996 Πατρδς
3442 1925 3533 1978 ἐπὶ
3550 1928 3802 1997 σωτηρίᾳ
3827 1927 3949 1979 τῶν

2338 2004 2554 2060 πάντων
2586 2009 3016 2082 ἐπιδημήσαντα.
3049 2015 3336 2087 Μαρτυρεῖ
3377 2017 3682 2088 τοιγαροῦν,
3720 2019 3809 2071 ὅτι
3840 2021 3947 2072 καὶ

2337 2094 2398 2148 τὺ
2414 2098 2635 2169 Πνεῦμα
2660 2100 2911 2156 θεάσαιτο
2940 2105 3263 2159 καταϐαῖνον
3290 2107 3547 2162 ὲπάὐτὸν
3578 2108 3637 2174 ἐξ
3664 2110 3939 2180 ούρανοῦ,

2336 2194 2662 2263 περιστερᾶς
2691 2195 2747 2247 ὲν
2778 2196 3039 2265 σχήματι,
3071 2199 3165 2252 καὶ
3182 2200 3262 2253 ὃτι
3295 2202 3601 2272 μεμένηκεν
3632 2204 3937 2257 ὲπ“αύτόν.

2334 2280 2468 2337 Εἶτα
2517 2286 2651 2358 πρὸς
2681 2287 2855 2359 τούτῳ
2878 2329 2892 2353 ,
2928 2293 3019 2343 καὶ
3072 2296 3337 2363 αὐτήκοος
3367 2294 3617 2362 γενέσθαι
3660 2296 3804 2366 φησὶ
3830 2296 3936 2349 τοῦ

2335 2376 2684 2445 πεπομφότος
2715 2378 2877 2431 αὑτὸν
2928 2381 3019 2433 ἐπὶ
3066 2383 3126 2435 τὸ
3175 2383 3458 2453 βαπτίζειν
3492 2386 3548 2438 ὲν
3601 2385 3786 2451 ὕδατι,
3848 2389 3934 2450 ὡς

2334 2465 2539 2529 ἐκεῖνός
2567 2468 2713 2521 ἐστιν
2738 2471 2794 2522 ὲν
2833 2470 2971 2542 ἁγίῳ
3002 2472 3277 2542 βαπτίζων
3322 2475 3622 2545 Πνεύματι,
3649 2471 3813 2548 ᾧπερ
3856 2480 3934 2532 ἂν

2334 2555 2691 2627 ὲπιφοιτῆσαν
2723 2561 3049 2634 ὲναπομείνῃ
3079 2563 3139 2616 τό
3171 2564 3415 2636 Πνεῦμα.
3444 2566 3930 2633 Ἄξιον-πιστότατος

2331 2646 2510 2699 τοίνυν
2548 2649 2576 2700 ό
2614 2650 2842 2719 μάρτυς,
2889 2651 3166 2721 ὑπερφυὲς
3193 2654 3253 2706 τὸ
3297 2657 3541 2725 σημεῖον,
3568 2656 3757 2711 ἐπάνω
3788 2659 3929 2713 πάν-

2331 2753 2438 2789 των
2466 2738 2494 2789 6
2526 2737 2702 2802 δείξας
2742 2742 2948 2812 Πατήρ.
2979 2744 3088 2795 Καὶ
3116 2743 3286 2798 ταῦτα
3321 2746 3417 2816 μὲν
3439 2747 3583 2818 τῇδε.
3627 2749 3927 2822 Ἀνασκιρκ

2330 2828 2484 2897 τήσει
2526 2828 2582 2880 δὲ
2630 2829 2758 2893 ἴσως
2786 2831 2814 2882 ό
2844 2831 3233 2904 φιλεγκλήμων
3280 2836 3573 2905 αίρετικὸς,
3616 2842 3710 2892 καὶ
3731 2840 3923 2895 πλατὺ

2329 2921 2563 2989 γελάσας
2590 2924 2731 2993 ἐρεῖ·
2759 2924 2823 2975 Τί
2848 2926 3008 2979 πάλιν
3032 2929 3185 2997 ἡμῖν,
3211 2922 3255 2979 ὧ
3284 2922 3449 2992 οῦτοι,
3468 2930 3561 2982 καὶ
3584 2931 3721 3002 πρὸς
3750 2934 3922 2987 τοῦτό

2330 3031 2463 3082 φατε
2492 3032 2506 3081 ;
2540 3014 2573 3086 ἢ
2605 3018 2755 3070 ποῖον
2784 3017 3095 3086 ὲξυφανεῖτε
3126 3018 3282 3087 λόγον
3321 3023 3818 3094 κατασοφιζόμενοι
3858 3028 3920 3080 τὸ

2328 3110 2713 3180 γεγραμμένον
2747 3126 2761 3175 ;
2807 3111 2939 3163 Ἰδοὺ
2973 3110 3033 3164 τὸ
3082 3112 3304 3184 Πνεῦμα
3349 3115 3699 3170 καταϐαίνειν
3742 3121 3919 3190 φησὶν

2331 3203 2422 3256 ἐπὶ
2452 3202 2543 3256 τὸν
2597 3203 2758 3257 Υἱόν·
2806 3204 2914 3257 ἰδοὺ
2958 3206 3312 3276 καταχρίεται
3343 3208 3494 3278 παρά
3528 3208 3623 3261 τοῦ
3650 3210 3785 3264 Θεοῦ
3818 3216 3916 3267 καὶ

2330 3294 2557 3366 Πατρδς,
2591 3299 2726 3369 ὅπερ
2751 3298 2806 3350 δὲ
2849 3298 2949 3350 οὒκ
2978 3296 3119 3368 ἔχει,
3152 3297 3417 3369 λαμϐάνει
3440 3300 3660 3373 δηλαδὴ.
3693 3320 3918 3358 συνεπι-

2329 3389 2730 3459 μαρτυροῦντος
2758 3388 2852 3442 τοῦ
2894 3389 3173 3460 Μελῳδοῦ,
3211 3391 3303 3444 καὶ
3340 3390 3611 3460 λέγοντος,
3662 3392 3739 3457 ὡς
3769 3397 3916 3467 πρὸς

2323 3479 2513 3531 αὐτόν·
2547 3498 2565 3530 ι
2596 3479 2694 3533 Διά
2715 3480 2872 3532 τοῦτο
2892 3479 3075 3551 ἔχρισέ
3103 3497 3161 3533 σε
3186 3483 3214 3534 6
3239 3479 3432 3547 656;,6
3455 3482 3587 3546 Θεός
3618 3501 3733 3550 σου,
3757 3485 3914 3541 ἔλεον

2323 3569 2694 3638 ἀγαλλιάσεως
2726 3570 2876 3643 παρὰ
2908 3573 3035 3635 τοὺς
3066 3572 3328 3642 μετόχους
3357 3589 3472 3626 σου.
3512 3593 3530 3624 ι
3574 3574 3698 3638 Πῶς
3721 3576 3788 3629 ἂν
3818 3580 3911 3649 εἴη

2322 3661 2505 3715 λοιπὸν
2558 3662 2616 3714 ὲν
2649 3663 3024 3734 ὁμοουσιότητι
3070 3663 3164 3716 τοῦ
3214 3662 3420 3716 τελείου
3472 3665 3703 3735 Πατρδς,
3748 3668 3778 3720 6
3827 3670 3910 3739 μὴ

2319 3754 2560 3818 τοιοῦτος
2579 3755 2728 3819 Υἱὸς,
2747 3756 2842 3809 καὶ
2862 3755 2949 3808 διὰ
2972 3755 3130 3810 τοῦτο
3146 3757 3432 3828 χριόμενος
3457 3775 3471 3823 ;
3497 3758 3638 3830 Πρὸς
3657 3758 3718 3827 δὴ
3743 3758 3912 3812 τοῦτο

2319 3845 2485 3913 φάναι
2518 3845 2627 3898 δεῖν
2670 3846 3038 3917 ὑπολαμϐάνω
3068 3850 3181 3911 τοῖς
3218 3848 3288 3902 τὰ
3322 3849 3495 3920 σεμνὰ
3530 3850 3628 3920 τῆς
3672 3849 3906 3921 Ἐκκλη-

2320 3938 2442 4002 σίας
2484 3938 2855 4010 ἀνατρέπουσι
2886 3940 3153 4010 δόγματα,
3188 3942 3281 3995 καὶ
3309 3943 3407 4014 τήν
3440 3944 3547 3997 τῶν
3584 3946 3908 4015 γεγραμμέ-

2318 4048 2422 4085 νων
2453 4030 2718 4103 όρθότητα
2745 4031 3157 4102 διαστρέφουσιν
3182 4052 3193 4063 ο
3219 4054 3238 4087 ι
3262 4034 3641 4105 Ἐκνήψατε,οί
3669 4037 3903 4107 μεθύον-

2316 4138 2427 4185 τες,
2455 4120 2513 4186 ὲξ
2539 4123 2679 4175 οἴνου
2709 4121 2907 4189 αὐτῶν,
2941 4142 2960 4175 ι
2998 4124 3084 4177 ἴνα
3117 4123 3365 4195 δύνησθε,
3400 4126 3461 4180 τὸ
3502 4127 3751 4200 λαμπρὸν
3801 4130 3902 4200 τῆς

2316 4211 2573 4282 ἀληθείας
2599 4213 3069 4285 περιαθρήσαντες
3101 4216 3316 4283 κάλλος,
3360 4218 3457 4272 σὺν
3490 4220 3621 4290 ἡμῖν
3658 4220 3897 4291 ἀναϐοῆ-

2318 4321 2407 4357 σαι
2437 4304 2571 4377 πρὸς
2600 4307 2690 4359 τὸν
2710 4306 2867 4361 Υίόνο
2892 4327 2911 4358 ι
2960 4308 3198 4379 ’Δληθῶς
3227 4309 3361 4364 Θεοῦ
3391 4311 3517 4375 Υἱὸς
3544 4306 3612 4365 εἷ.
3643 4331 3660 4363 ι
3691 4314 3751 4366 Εἰ
3785 4314 3898 4385 γάρ

2316 4396 2453 4459 ὅλως
2505 4397 2778 4462 πιστεύεις
2822 4398 2953 4452 Θεὸν
3003 4394 3143 4452 εἶναι
3180 4403 3320 4454 κατὰ
3354 4401 3514 4472 φύσιν
3556 4404 3738 4468 αὑτὸν,
3776 4405 3898 4469 πῶς

2314 4489 2415 4542 οὐκ
2446 4488 2511 4542 ἂν
2554 4489 2666 4559 ἔχοι
2693 4490 2755 4543 τὸ
2796 4491 3029 4558 τέλειον;
3072 4492 3211 4563 Ὦρα
3255 4493 3361 4565 γὰρ
3393 4496 3537 4564 ὑμᾶς
3567 4495 3660 4550 καὶ
3691 4498 3768 4558 είς
3796 4498 3894 4549 αύ-

2316 4581 2405 4635 τδν
2450 4581 2550 4652 ἥδη
2600 4582 2878 4636 δυσσεϐεῖν
2929 4584 3019 4637 τὸν
3053 4585 3271 4657 Πατέρα
3297 4602 3308 4614 ·
3344 4586 3507 4639 πόθεν
3554 4588 3664 4659 γὰρ
3707 4588 3889 4653 αὐτὸς,

2313 4673 2388 4737 ὡς
2418 4672 2542 4744 φὴς,
2562 4673 2619 4739 ἐξ
2641 4674 2884 4746 ἀνάγκης
2915 4676 3025 4742 ἕξει
3051 4677 3151 4747 τὴν
3176 4676 3489 4749 τελειότητα
3511 4697 3525 4744 ;
3550 4680 3665 4743 πῶς
3691 4679 3748 4733 δὲ
3768 4680 3893 4751 οὐχὶ

2313 4765 2447 4835 πρὸς
2470 4764 2567 4835 τὴν
2602 4765 2695 4818 τοῦ
2722 4768 3059 4837 γεννήματος
3097 4769 3287 4838 ὕφεσιν
3306 4811 3319 4834 ,
3359 4771 3459 4842 τὴν
3488 4771 3563 4833 ὡς
3590 4772 3710 4825 καθ’
3744 4774 3894 4841 ὑμᾶς

2309 4855 2475 4925 ἀτελῆ
2509 4857 2945 4928 κατοισθήσεται,
2982 4860 3435 4933 παραδεξαμένης
3489 4862 3636 4928 ἅπαξ
3683 4864 3740 4915 ὲν
3773 4862 3893 4934 Υίῷ

2311 4947 2410 5018 τῆς
2456 4948 2604 5011 θείας
2637 4950 2820 5013 οὐσίας
2866 4951 2927 5004 τὸ
2965 4951 3224 5005 δύνασθαι
3261 4954 3333 5024 μὴ
3374 4953 3516 5023 ἔχειν
3551 4954 3613 5006 τὸ
3647 4953 3851 5008 τέλειον
3875 4996 3892 5019 ,

2311 5041 2454 5093 κατά
2482 5057 2544 5108 γε
2570 5041 2658 5094 τὸν
2689 5045 2817 5113 παρ’
2846 5044 2973 5113 ὑμῖν
3012 5044 3199 5116 ἀμαθῆ
3225 5045 3318 5097 καὶ
3348 5046 3670 5099 ἀπαίδευτον
3694 5046 3888 5114 λόγους

2308 5133 2384 5185 Ού
2414 5132 2522 5203 γὰρ
2572 5132 2741 5204 δήπου
2789 5136 2885 5206 τὴν
2920 5136 3162 5207 μεγάλην
3201 5138 3416 5209 ἐκείνην
3438 5178 3451 5200 ,
3479 5138 3573 5192 καὶ
3609 5139 3890 5210 ἀκήρατον

2309 5226 2470 5295 φύσιν
2502 5228 2581 5290 είς
2608 5228 2899 5299 διαφόρους
2928 5228 3370 5299 καταμεριοῦμεν
3399 5229 3611 5297 λόγους,
3641 5228 3717 5290 ὡς
3743 5223 3889 5281 εἶναι

2308 5320 2407 5390 μὲν
2441 5322 2499 5373 ἐν
2550 5320 2683 5391 τῷδε
2730 5321 2891 5391 τυχὸν
2933 5322 3134 5392 ἀτελῆ,
3187 5322 3399 5374 τελείαν
3429 5322 3485 5374 δὲ
3529 5316 3595 5375 αὖ
3627 5320 3787 5374 πάλιν
3822 5323 3888 5374 ὲν

2303 5409 2491 5481 ἐκείνῳ
2512 5427 2525 5440 '
2560 5411 2680 5463 ἐπεὶ
2717 5411 2809 5463 καὶ
2839 5412 2866 5462 ὁ
2896 5411 2992 5482 τῆς
3034 5411 3452 5483 ἀνθρωπότητος
3478 5412 3602 5478 ὅρος
3630 5407 3707 5474 εἷς
3736 5412 3887 5467 κατὰ

2302 5502 2516 5555 πάντων
2557 5502 2673 5555 ἐστὶ
2700 5503 2794 5555 καὶ
2829 5502 2940 5565 ἴσος
2969 5505 3027 5555 ὲν
3058 5505 3221 5556 πᾶσιν
3248 5504 3377 5574 ἡμῖν
3400 5521 3413 5533 ο
3451 5503 3669 5557 ἔλαττον
3703 5503 3759 5557 δέ
3793 5522 3885 5570 τις

2298 5595 2603 5667 ἄνθρωπος,
2632 5594 2766 5649 καθὸ
2809 5596 3052 5665 πέφυκεν
3091 5593 3396 5666 ἄνθρωπος,
3432 5593 3548 5649 ἀλλ’
3572 5595 3691 5649 οὐδὲ
3715 5594 3882 5650 πλέον

2299 5686 2485 5758 ἑτέρου
2532 5688 3010 5759 καταληφθήσεται
3038 5730 3053 5756 ,
3101 5688 3334 5758 ἀγγέλου
3376 5687 3455 5753 δὲ,
3483 5682 3659 5759 οἴμαι,
3690 5688 3884 5745 διοίσει
