  <div class='ocr_page' id='page_1' title='image "/cluster/home/n/w/nwhite01/storage/ocr_20150623/73/hvd.32044019207877/110.png"; bbox 0 0 4118 6522; ppageno 0'>
   <div class='ocr_carea' id='block_1_1' title="bbox 182 363 283 417">
    <p class='ocr_par' dir='ltr' id='par_1_1' title="bbox 182 363 283 417">
     <span class='ocr_line' id='line_1_1' title="bbox 182 363 283 417; baseline 0 -1"><span class='ocrx_word' id='word_1_1' title='bbox 182 363 283 417; x_wconf 70' lang='grc'><strong>19⁸7</strong></span> 
     </span>
    </p>
   </div>
   <div class='ocr_carea' id='block_1_2' title="bbox 1223 353 2365 413">
    <p class='ocr_par' dir='ltr' id='par_1_2' title="bbox 1223 353 2365 413">
     <span class='ocr_line' id='line_1_2' title="bbox 1223 353 2365 413; baseline -0.001 -3"><span class='ocrx_word' id='word_1_2' title='bbox 1223 357 1285 410; x_wconf 60' lang='grc' dir='ltr'>ιδ</span> <span class='ocrx_word' id='word_1_3' title='bbox 1324 356 1611 413; x_wconf 77' lang='lat' dir='ltr'><strong>JOANNIS</strong></span> <span class='ocrx_word' id='word_1_4' title='bbox 1650 353 2095 411; x_wconf 78' lang='lat' dir='ltr'><strong>EVANGELIUM</strong></span> <span class='ocrx_word' id='word_1_5' title='bbox 2134 354 2263 411; x_wconf 82' lang='lat' dir='ltr'><strong>LIB.</strong></span> <span class='ocrx_word' id='word_1_6' title='bbox 2302 357 2365 412; x_wconf 91' lang='lat' dir='ltr'><strong>ll.</strong></span> 
     </span>
    </p>
   </div>
   <div class='ocr_carea' id='block_1_3' title="bbox 3333 373 3437 428">
    <p class='ocr_par' dir='ltr' id='par_1_3' title="bbox 3333 373 3437 428">
     <span class='ocr_line' id='line_1_3' title="bbox 3333 373 3437 428; baseline 0.019 -2"><span class='ocrx_word' id='word_1_7' title='bbox 3333 373 3437 428; x_wconf 73' lang='grc'><strong>198</strong></span> 
     </span>
    </p>
   </div>
   <div class='ocr_carea' id='block_1_4' title="bbox 180 468 1752 545">
    <p class='ocr_par' dir='ltr' id='par_1_4' title="bbox 180 468 1752 545">
     <span class='ocr_line' id='line_1_4' title="bbox 180 468 1752 545; baseline -0.005 -14"><span class='ocrx_word' id='word_1_8' title='bbox 180 477 301 544; x_wconf 62' lang='grc' dir='ltr'>κατ’</span> <span class='ocrx_word' id='word_1_9' title='bbox 334 475 487 530; x_wconf 80' lang='grc' dir='ltr'>οὐδὲν</span> <span class='ocrx_word' id='word_1_10' title='bbox 525 475 711 545; x_wconf 74' lang='grc' dir='ltr'>ἕτερος</span> <span class='ocrx_word' id='word_1_11' title='bbox 763 472 1012 541; x_wconf 75' lang='grc' dir='ltr'>ἄγγελος,</span> <span class='ocrx_word' id='word_1_12' title='bbox 1042 487 1181 527; x_wconf 84' lang='grc' dir='ltr'>κατα</span> <span class='ocrx_word' id='word_1_13' title='bbox 1214 488 1277 541; x_wconf 86' lang='grc' dir='ltr'>γε</span> <span class='ocrx_word' id='word_1_14' title='bbox 1330 471 1392 524; x_wconf 85' lang='grc' dir='ltr'>τὸ</span> <span class='ocrx_word' id='word_1_15' title='bbox 1440 468 1577 526; x_wconf 76' lang='grc' dir='ltr'>εἶναι</span> <span class='ocrx_word' id='word_1_16' title='bbox 1612 469 1752 524; x_wconf 71' lang='grc' dir='ltr'>τοῦθ’</span> 
     </span>
    </p>
   </div>
   <div class='ocr_carea' id='block_1_5' title="bbox 1853 468 3434 545">
    <p class='ocr_par' dir='ltr' id='par_1_5' title="bbox 1861 470 3434 544">
     <span class='ocr_line' id='line_1_5' title="bbox 1861 470 3434 544; baseline 0.011 -22"><span class='ocrx_word' id='word_1_17' title='bbox 1861 483 1927 523; x_wconf 90' lang='lat' dir='ltr'><strong>eo</strong></span> <span class='ocrx_word' id='word_1_18' title='bbox 1983 470 2132 539; x_wconf 91' lang='lat' dir='ltr'><strong>quod</strong></span> <span class='ocrx_word' id='word_1_19' title='bbox 2165 470 2431 538; x_wconf 73' lang='lat' dir='ltr'><strong>ejusdem</strong></span> <span class='ocrx_word' id='word_1_20' title='bbox 2468 479 2598 527; x_wconf 90' lang='lat' dir='ltr'><strong>sunt</strong></span> <span class='ocrx_word' id='word_1_21' title='bbox 2632 473 2858 544; x_wconf 83' lang='lat' dir='ltr'><strong>speciei,</strong></span> <span class='ocrx_word' id='word_1_22' title='bbox 2898 474 2950 529; x_wconf 93' lang='lat' dir='ltr'><strong>in</strong></span> <span class='ocrx_word' id='word_1_23' title='bbox 2978 492 3142 532; x_wconf 83' lang='lat' dir='ltr'><strong>unam</strong></span> <span class='ocrx_word' id='word_1_24' title='bbox 3177 490 3434 538; x_wconf 86' lang='lat' dir='ltr'><strong>naturam</strong></span> 
     </span>
    </p>
   </div>
   <div class='ocr_carea' id='block_1_6' title="bbox 176 562 1756 638">
    <p class='ocr_par' dir='ltr' id='par_1_6' title="bbox 176 562 1756 638">
     <span class='ocr_line' id='line_1_6' title="bbox 176 562 1756 638; baseline -0.007 -14"><span class='ocrx_word' id='word_1_25' title='bbox 176 568 333 638; x_wconf 79' lang='grc' dir='ltr'>ὄπερ’</span> <span class='ocrx_word' id='word_1_26' title='bbox 372 568 507 621; x_wconf 77' lang='grc' dir='ltr'>εἰσὶν</span> <span class='ocrx_word' id='word_1_27' title='bbox 544 565 785 634; x_wconf 77' lang='grc' dir='ltr'>ἄγγελοι,</span> <span class='ocrx_word' id='word_1_28' title='bbox 829 564 1028 635; x_wconf 80' lang='grc' dir='ltr'>δηλαδὴ</span> <span class='ocrx_word' id='word_1_29' title='bbox 1068 562 1155 616; x_wconf 84' lang='grc' dir='ltr'><strong>διὰ</strong></span> <span class='ocrx_word' id='word_1_30' title='bbox 1185 563 1283 632; x_wconf 82' lang='grc' dir='ltr'>τῆς</span> <span class='ocrx_word' id='word_1_31' title='bbox 1329 562 1464 634; x_wconf 87' lang='grc' dir='ltr'>πρὸς</span> <span class='ocrx_word' id='word_1_32' title='bbox 1496 562 1756 633; x_wconf 82' lang='grc' dir='ltr'><strong>ἀλλήλους</strong></span> 
     </span>
    </p>
   </div>
   <div class='ocr_carea' id='block_1_7' title="bbox 176 655 1754 733">
    <p class='ocr_par' dir='ltr' id='par_1_7' title="bbox 176 655 1754 733">
     <span class='ocr_line' id='line_1_7' title="bbox 176 655 1754 733; baseline -0.005 -17"><span class='ocrx_word' id='word_1_33' title='bbox 176 661 475 733; x_wconf 85' lang='grc' dir='ltr'>όμοειδίας,</span> <span class='ocrx_word' id='word_1_34' title='bbox 516 661 595 721; x_wconf 85' lang='grc' dir='ltr'>είς</span> <span class='ocrx_word' id='word_1_35' title='bbox 624 658 753 728; x_wconf 88' lang='grc' dir='ltr'>μίαν</span> <span class='ocrx_word' id='word_1_36' title='bbox 779 657 1016 719; x_wconf 76' lang='grc' dir='ltr'>ἅπαντες</span> <span class='ocrx_word' id='word_1_37' title='bbox 1064 655 1527 727; x_wconf 84' lang='grc' dir='ltr'>ἀναδεσμούμενοι</span> <span class='ocrx_word' id='word_1_38' title='bbox 1571 656 1754 725; x_wconf 83' lang='grc' dir='ltr'>φύσιν.</span> 
     </span>
    </p>
   </div>
   <div class='ocr_carea' id='block_1_8' title="bbox 179 745 1755 820">
    <p class='ocr_par' dir='ltr' id='par_1_8' title="bbox 179 745 1755 820">
     <span class='ocr_line' id='line_1_8' title="bbox 179 745 1755 820; baseline -0.004 -15"><span class='ocrx_word' id='word_1_39' title='bbox 179 752 304 815; x_wconf 85' lang='grc' dir='ltr'>Πῶς</span> <span class='ocrx_word' id='word_1_40' title='bbox 332 751 397 805; x_wconf 83' lang='grc' dir='ltr'>ἂν</span> <span class='ocrx_word' id='word_1_41' title='bbox 424 745 514 804; x_wconf 74' lang='grc' dir='ltr'>οὖν</span> <span class='ocrx_word' id='word_1_42' title='bbox 534 752 568 820; x_wconf 77' lang='grc' dir='ltr'><strong>ἡ</strong></span> <span class='ocrx_word' id='word_1_43' title='bbox 591 749 710 802; x_wconf 84' lang='grc' dir='ltr'>θεία</span> <span class='ocrx_word' id='word_1_44' title='bbox 730 749 821 801; x_wconf 77' lang='grc' dir='ltr'><strong>καὶ</strong></span> <span class='ocrx_word' id='word_1_45' title='bbox 843 748 1095 802; x_wconf 82' lang='grc' dir='ltr'>ἁπάντων</span> <span class='ocrx_word' id='word_1_46' title='bbox 1118 747 1555 818; x_wconf 84' lang='grc' dir='ltr'>ὑπερανίσχουσα</span> <span class='ocrx_word' id='word_1_47' title='bbox 1571 746 1755 817; x_wconf 81' lang='grc' dir='ltr'>φύσις,</span> 
     </span>
    </p>
   </div>
   <div class='ocr_carea' id='block_1_9' title="bbox 177 838 1755 910">
    <p class='ocr_par' dir='ltr' id='par_1_9' title="bbox 177 838 1755 910">
     <span class='ocr_line' id='line_1_9' title="bbox 177 838 1755 910; baseline -0.003 -14"><span class='ocrx_word' id='word_1_48' title='bbox 177 844 238 896; x_wconf 79' lang='grc' dir='ltr'><strong>ὲν</strong></span> <span class='ocrx_word' id='word_1_49' title='bbox 269 842 513 897; x_wconf 77' lang='grc' dir='ltr'>ἐλάττοσι</span> <span class='ocrx_word' id='word_1_50' title='bbox 557 840 666 894; x_wconf 90' lang='grc' dir='ltr'>τῶν</span> <span class='ocrx_word' id='word_1_51' title='bbox 698 839 939 909; x_wconf 85' lang='grc' dir='ltr'><strong>γενητῶν</strong></span> <span class='ocrx_word' id='word_1_52' title='bbox 985 842 1043 892; x_wconf 78' lang='grc' dir='ltr'><strong>ἐν</strong></span> <span class='ocrx_word' id='word_1_53' title='bbox 1084 842 1197 902; x_wconf 87' lang='grc' dir='ltr'>τοῖς</span> <span class='ocrx_word' id='word_1_54' title='bbox 1237 838 1358 892; x_wconf 86' lang='grc' dir='ltr'>καθ’</span> <span class='ocrx_word' id='word_1_55' title='bbox 1388 839 1585 910; x_wconf 80' lang='grc' dir='ltr'>ἑαυτὴν</span> <span class='ocrx_word' id='word_1_56' title='bbox 1617 840 1755 907; x_wconf 86' lang='grc' dir='ltr'>ἁγα-</span> 
     </span>
    </p>
   </div>
   <div class='ocr_carea' id='block_1_10' title="bbox 179 929 1757 1004">
    <p class='ocr_par' dir='ltr' id='par_1_10' title="bbox 179 929 1757 1004">
     <span class='ocr_line' id='line_1_10' title="bbox 179 929 1757 1004; baseline -0.003 -15"><span class='ocrx_word' id='word_1_57' title='bbox 179 936 293 999; x_wconf 89' lang='grc' dir='ltr'>θοῖς</span> <span class='ocrx_word' id='word_1_58' title='bbox 342 934 671 1004; x_wconf 78' lang='grc' dir='ltr'>ὀφθήσεται,</span> <span class='ocrx_word' id='word_1_59' title='bbox 700 932 962 1001; x_wconf 86' lang='grc' dir='ltr'>ὑπομενεί</span> <span class='ocrx_word' id='word_1_60' title='bbox 1001 930 1057 983; x_wconf 81' lang='grc' dir='ltr'>δὲ</span> <span class='ocrx_word' id='word_1_61' title='bbox 1106 930 1311 997; x_wconf 83' lang='grc' dir='ltr'>πάθος,</span> <span class='ocrx_word' id='word_1_62' title='bbox 1357 930 1386 983; x_wconf 86' lang='grc' dir='ltr'><strong>ὃ</strong></span> <span class='ocrx_word' id='word_1_63' title='bbox 1418 929 1613 984; x_wconf 80' lang='grc' dir='ltr'>παθεῖν</span> <span class='ocrx_word' id='word_1_64' title='bbox 1657 930 1757 984; x_wconf 80' lang='grc' dir='ltr'>οὐκ</span> 
     </span>
    </p>
   </div>
   <div class='ocr_carea' id='block_1_11' title="bbox 176 1020 1757 1099">
    <p class='ocr_par' dir='ltr' id='par_1_11' title="bbox 176 1020 1757 1099">
     <span class='ocr_line' id='line_1_11' title="bbox 176 1020 1757 1099; baseline -0.004 -18"><span class='ocrx_word' id='word_1_65' title='bbox 176 1026 377 1099; x_wconf 76' lang='grc' dir='ltr'><strong>οἷδενή</strong></span> <span class='ocrx_word' id='word_1_66' title='bbox 422 1026 624 1090; x_wconf 85' lang='grc' dir='ltr'>κτίσις;</span> <span class='ocrx_word' id='word_1_67' title='bbox 658 1023 782 1087; x_wconf 87' lang='grc' dir='ltr'>Πῶς</span> <span class='ocrx_word' id='word_1_68' title='bbox 828 1023 884 1077; x_wconf 83' lang='grc' dir='ltr'>δὲ</span> <span class='ocrx_word' id='word_1_69' title='bbox 926 1022 1062 1086; x_wconf 84' lang='grc' dir='ltr'>ὃλως</span> <span class='ocrx_word' id='word_1_70' title='bbox 1121 1022 1275 1074; x_wconf 75' lang='grc' dir='ltr'>ἔσται</span> <span class='ocrx_word' id='word_1_71' title='bbox 1331 1023 1426 1075; x_wconf 77' lang='grc' dir='ltr'><strong>καὶ</strong></span> <span class='ocrx_word' id='word_1_72' title='bbox 1466 1021 1611 1093; x_wconf 82' lang='grc' dir='ltr'>ἁπλῆ</span> <span class='ocrx_word' id='word_1_73' title='bbox 1663 1020 1757 1075; x_wconf 76' lang='grc' dir='ltr'>καὶ</span> 
     </span>
    </p>
   </div>
   <div class='ocr_carea' id='block_1_12' title="bbox 178 1111 1757 1185">
    <p class='ocr_par' dir='ltr' id='par_1_12' title="bbox 178 1111 1757 1185">
     <span class='ocr_line' id='line_1_12' title="bbox 178 1111 1757 1185; baseline -0.004 -13"><span class='ocrx_word' id='word_1_74' title='bbox 178 1117 487 1182; x_wconf 85' lang='grc' dir='ltr'>ἀσύνθετος,</span> <span class='ocrx_word' id='word_1_75' title='bbox 523 1115 682 1185; x_wconf 75' lang='grc' dir='ltr'>εἴπερ</span> <span class='ocrx_word' id='word_1_76' title='bbox 714 1114 772 1167; x_wconf 81' lang='grc' dir='ltr'><strong>ὃν</strong></span> <span class='ocrx_word' id='word_1_77' title='bbox 805 1117 863 1167; x_wconf 81' lang='grc' dir='ltr'>ὲν</span> <span class='ocrx_word' id='word_1_78' title='bbox 888 1114 1025 1184; x_wconf 83' lang='grc' dir='ltr'><strong>αὐτῇ</strong></span> <span class='ocrx_word' id='word_1_79' title='bbox 1052 1114 1302 1182; x_wconf 84' lang='grc' dir='ltr'>φανεῖται</span> <span class='ocrx_word' id='word_1_80' title='bbox 1336 1111 1397 1164; x_wconf 83' lang='grc' dir='ltr'>τὸ</span> <span class='ocrx_word' id='word_1_81' title='bbox 1427 1111 1631 1165; x_wconf 89' lang='grc' dir='ltr'>τέλειον</span> <span class='ocrx_word' id='word_1_82' title='bbox 1663 1112 1757 1166; x_wconf 75' lang='grc' dir='ltr'><strong>καὶ</strong></span> 
     </span>
    </p>
   </div>
   <div class='ocr_carea' id='block_1_13' title="bbox 172 1203 1755 1275">
    <p class='ocr_par' dir='ltr' id='par_1_13' title="bbox 172 1203 1755 1275">
     <span class='ocr_line' id='line_1_13' title="bbox 172 1203 1755 1275; baseline -0.003 -14"><span class='ocrx_word' id='word_1_83' title='bbox 172 1207 235 1261; x_wconf 78' lang='grc' dir='ltr'>τὸ</span> <span class='ocrx_word' id='word_1_84' title='bbox 287 1207 475 1270; x_wconf 83' lang='grc' dir='ltr'>ἀτελές</span> <span class='ocrx_word' id='word_1_85' title='bbox 504 1225 518 1273; x_wconf 89' lang='grc'><strong>;</strong></span> <span class='ocrx_word' id='word_1_86' title='bbox 546 1204 901 1274; x_wconf 89' lang='grc' dir='ltr'>Συγκείσεται</span> <span class='ocrx_word' id='word_1_87' title='bbox 947 1204 1056 1275; x_wconf 79' lang='grc' dir='ltr'>γάρ</span> <span class='ocrx_word' id='word_1_88' title='bbox 1088 1203 1156 1257; x_wconf 83' lang='grc' dir='ltr'><strong>δι’</strong></span> <span class='ocrx_word' id='word_1_89' title='bbox 1200 1203 1424 1273; x_wconf 82' lang='grc' dir='ltr'><strong>ἀμφοῖν,</strong></span> <span class='ocrx_word' id='word_1_90' title='bbox 1452 1204 1609 1274; x_wconf 77' lang='grc' dir='ltr'>εἴπερ</span> <span class='ocrx_word' id='word_1_91' title='bbox 1657 1204 1755 1274; x_wconf 79' lang='grc' dir='ltr'><strong>οὐχ</strong></span> 
     </span>
    </p>
   </div>
   <div class='ocr_carea' id='block_1_14' title="bbox 172 1294 1754 1369">
    <p class='ocr_par' dir='ltr' id='par_1_14' title="bbox 172 1294 1754 1369">
     <span class='ocr_line' id='line_1_14' title="bbox 172 1294 1754 1369; baseline -0.003 -17"><span class='ocrx_word' id='word_1_92' title='bbox 172 1300 361 1369; x_wconf 84' lang='grc' dir='ltr'>ὅμοιον</span> <span class='ocrx_word' id='word_1_93' title='bbox 407 1298 485 1368; x_wconf 85' lang='grc' dir='ltr'><strong>τῷ</strong></span> <span class='ocrx_word' id='word_1_94' title='bbox 536 1297 726 1368; x_wconf 84' lang='grc' dir='ltr'>τελείῳ</span> <span class='ocrx_word' id='word_1_95' title='bbox 778 1296 840 1349; x_wconf 84' lang='grc' dir='ltr'>τὸ</span> <span class='ocrx_word' id='word_1_96' title='bbox 886 1295 1098 1358; x_wconf 83' lang='grc' dir='ltr'>ἀτελές.</span> <span class='ocrx_word' id='word_1_97' title='bbox 1146 1295 1208 1347; x_wconf 77' lang='lat' dir='ltr'><strong>El</strong></span> <span class='ocrx_word' id='word_1_98' title='bbox 1260 1295 1359 1364; x_wconf 79' lang='grc' dir='ltr'><strong>μὲν</strong></span> <span class='ocrx_word' id='word_1_99' title='bbox 1411 1294 1518 1364; x_wconf 83' lang='grc' dir='ltr'>γὰρ</span> <span class='ocrx_word' id='word_1_100' title='bbox 1570 1294 1754 1363; x_wconf 83' lang='grc' dir='ltr'>ὅμοιόν</span> 
     </span>
    </p>
   </div>
   <div class='ocr_carea' id='block_1_15' title="bbox 172 1385 1754 1455">
    <p class='ocr_par' dir='ltr' id='par_1_15' title="bbox 172 1385 1754 1455">
     <span class='ocr_line' id='line_1_15' title="bbox 172 1385 1754 1455; baseline -0.004 -12"><span class='ocrx_word' id='word_1_101' title='bbox 172 1391 312 1455; x_wconf 63' lang='grc' dir='ltr'>ἐστι,</span> <span class='ocrx_word' id='word_1_102' title='bbox 347 1391 439 1443; x_wconf 71' lang='grc' dir='ltr'>καὶ</span> <span class='ocrx_word' id='word_1_103' title='bbox 483 1389 544 1443; x_wconf 86' lang='grc' dir='ltr'><strong>τὸ</strong></span> <span class='ocrx_word' id='word_1_104' title='bbox 586 1388 902 1443; x_wconf 78' lang='grc' dir='ltr'><strong>διαλλάττον</strong></span> <span class='ocrx_word' id='word_1_105' title='bbox 945 1386 1099 1440; x_wconf 81' lang='grc' dir='ltr'>οὐδὲν</span> <span class='ocrx_word' id='word_1_106' title='bbox 1127 1387 1184 1440; x_wconf 82' lang='grc' dir='ltr'><strong>ὲν</strong></span> <span class='ocrx_word' id='word_1_107' title='bbox 1219 1386 1423 1449; x_wconf 82' lang='grc' dir='ltr'>αὐτοῖς,</span> <span class='ocrx_word' id='word_1_108' title='bbox 1457 1386 1587 1450; x_wconf 84' lang='grc' dir='ltr'>πᾶν,</span> <span class='ocrx_word' id='word_1_109' title='bbox 1618 1385 1754 1454; x_wconf 86' lang='grc' dir='ltr'>ὅπερ</span> 
     </span>
    </p>
   </div>
   <div class='ocr_carea' id='block_1_16' title="bbox 171 1476 1759 1554">
    <p class='ocr_par' dir='ltr' id='par_1_16' title="bbox 171 1476 1759 1554">
     <span class='ocr_line' id='line_1_16' title="bbox 171 1476 1759 1554; baseline -0.001 -21"><span class='ocrx_word' id='word_1_110' title='bbox 171 1482 237 1534; x_wconf 84' lang='grc' dir='ltr'>ἂν</span> <span class='ocrx_word' id='word_1_111' title='bbox 289 1484 374 1554; x_wconf 74' lang='grc' dir='ltr'>εἴη</span> <span class='ocrx_word' id='word_1_112' title='bbox 420 1482 646 1547; x_wconf 90' lang='grc' dir='ltr'>τέλειον,</span> <span class='ocrx_word' id='word_1_113' title='bbox 677 1480 986 1553; x_wconf 78' lang='grc' dir='ltr'><strong>ἀδιαφόρως</strong></span> <span class='ocrx_word' id='word_1_114' title='bbox 1017 1478 1171 1532; x_wconf 79' lang='grc' dir='ltr'>ἔσται</span> <span class='ocrx_word' id='word_1_115' title='bbox 1200 1478 1294 1531; x_wconf 76' lang='grc' dir='ltr'><strong>καὶ</strong></span> <span class='ocrx_word' id='word_1_116' title='bbox 1323 1477 1541 1540; x_wconf 81' lang='grc' dir='ltr'>ἀτελές·</span> <span class='ocrx_word' id='word_1_117' title='bbox 1565 1476 1661 1531; x_wconf 72' lang='grc' dir='ltr'>καὶ</span> <span class='ocrx_word' id='word_1_118' title='bbox 1705 1476 1759 1531; x_wconf 82' lang='grc' dir='ltr'><strong>εί</strong></span> 
     </span>
    </p>
   </div>
   <div class='ocr_carea' id='block_1_17' title="bbox 170 1570 1754 1641">
    <p class='ocr_par' dir='ltr' id='par_1_17' title="bbox 170 1570 1754 1641">
     <span class='ocr_line' id='line_1_17' title="bbox 170 1570 1754 1641; baseline -0.001 -15"><span class='ocrx_word' id='word_1_119' title='bbox 170 1590 224 1626; x_wconf 91' lang='grc' dir='ltr'><strong>τι</strong></span> <span class='ocrx_word' id='word_1_120' title='bbox 252 1574 417 1628; x_wconf 86' lang='grc' dir='ltr'>πάλιν</span> <span class='ocrx_word' id='word_1_121' title='bbox 442 1574 654 1638; x_wconf 85' lang='grc' dir='ltr'>ἀτελὲς,</span> <span class='ocrx_word' id='word_1_122' title='bbox 683 1573 844 1627; x_wconf 82' lang='grc' dir='ltr'>τοῦτο</span> <span class='ocrx_word' id='word_1_123' title='bbox 884 1573 978 1626; x_wconf 76' lang='grc' dir='ltr'><strong>καὶ</strong></span> <span class='ocrx_word' id='word_1_124' title='bbox 1001 1572 1223 1637; x_wconf 86' lang='grc' dir='ltr'>τέλειον,</span> <span class='ocrx_word' id='word_1_125' title='bbox 1252 1571 1347 1624; x_wconf 59' lang='grc' dir='ltr'><strong>καὶ⁹</strong></span> <span class='ocrx_word' id='word_1_126' title='bbox 1377 1570 1528 1625; x_wconf 83' lang='grc' dir='ltr'>οὐδὲν</span> <span class='ocrx_word' id='word_1_127' title='bbox 1553 1571 1610 1625; x_wconf 81' lang='grc' dir='ltr'><strong>ὲν</strong></span> <span class='ocrx_word' id='word_1_128' title='bbox 1640 1571 1754 1641; x_wconf 86' lang='grc' dir='ltr'><strong>Υίῷ</strong></span> 
     </span>
    </p>
   </div>
   <div class='ocr_carea' id='block_1_18' title="bbox 170 1660 1753 1735">
    <p class='ocr_par' dir='ltr' id='par_1_18' title="bbox 170 1660 1753 1735">
     <span class='ocr_line' id='line_1_18' title="bbox 170 1660 1753 1735; baseline -0.001 -21"><span class='ocrx_word' id='word_1_129' title='bbox 170 1660 233 1715; x_wconf 81' lang='grc' dir='ltr'>τὸ</span> <span class='ocrx_word' id='word_1_130' title='bbox 262 1662 648 1735; x_wconf 79' lang='grc' dir='ltr'><strong>κατηγόρημα,</strong></span> <span class='ocrx_word' id='word_1_131' title='bbox 662 1660 764 1715; x_wconf 83' lang='grc' dir='ltr'>κᾶν</span> <span class='ocrx_word' id='word_1_132' title='bbox 780 1663 899 1726; x_wconf 88' lang='grc' dir='ltr'>ταῖς</span> <span class='ocrx_word' id='word_1_133' title='bbox 923 1662 1219 1734; x_wconf 81' lang='grc' dir='ltr'>ἡμετέραις</span> <span class='ocrx_word' id='word_1_134' title='bbox 1248 1661 1509 1724; x_wconf 82' lang='grc' dir='ltr'>διανοίαις</span> <span class='ocrx_word' id='word_1_135' title='bbox 1523 1660 1586 1715; x_wconf 76' lang='grc' dir='ltr'>τὸ</span> <span class='ocrx_word' id='word_1_136' title='bbox 1601 1661 1753 1725; x_wconf 81' lang='grc' dir='ltr'>τέλος</span> 
     </span>
    </p>
   </div>
   <div class='ocr_carea' id='block_1_19' title="bbox 171 1754 1752 1826">
    <p class='ocr_par' dir='ltr' id='par_1_19' title="bbox 171 1754 1752 1826">
     <span class='ocr_line' id='line_1_19' title="bbox 171 1754 1752 1826; baseline 0.001 -19"><span class='ocrx_word' id='word_1_137' title='bbox 171 1755 313 1825; x_wconf 79' lang='grc' dir='ltr'>ἔχων</span> <span class='ocrx_word' id='word_1_138' title='bbox 350 1755 412 1809; x_wconf 84' lang='grc' dir='ltr'>οὐ</span> <span class='ocrx_word' id='word_1_139' title='bbox 456 1755 714 1826; x_wconf 82' lang='grc' dir='ltr'>φαίνηται</span> <span class='ocrx_word' id='word_1_140' title='bbox 748 1771 763 1786; x_wconf 84' lang='grc'>⁶</span> <span class='ocrx_word' id='word_1_141' title='bbox 796 1755 911 1809; x_wconf 86' lang='grc' dir='ltr'>ἀλλ’</span> <span class='ocrx_word' id='word_1_142' title='bbox 945 1755 1067 1808; x_wconf 80' lang='grc' dir='ltr'>οὐδὲ</span> <span class='ocrx_word' id='word_1_143' title='bbox 1110 1756 1318 1819; x_wconf 79' lang='grc' dir='ltr'>αὑτὺςό</span> <span class='ocrx_word' id='word_1_144' title='bbox 1348 1754 1535 1826; x_wconf 79' lang='grc' dir='ltr'>Πατὴρ</span> <span class='ocrx_word' id='word_1_145' title='bbox 1580 1756 1752 1825; x_wconf 81' lang='grc' dir='ltr'>ὑπερ-</span> 
     </span>
    </p>
   </div>
   <div class='ocr_carea' id='block_1_20' title="bbox 169 1831 1827 1918">
    <p class='ocr_par' dir='ltr' id='par_1_20' title="bbox 169 1831 1827 1918">
     <span class='ocr_line' id='line_1_20' title="bbox 169 1831 1827 1918; baseline 0.001 -19"><span class='ocrx_word' id='word_1_146' title='bbox 169 1846 385 1900; x_wconf 87' lang='grc' dir='ltr'>αλεῖται</span> <span class='ocrx_word' id='word_1_147' title='bbox 412 1847 506 1901; x_wconf 82' lang='grc' dir='ltr'>τὸν</span> <span class='ocrx_word' id='word_1_148' title='bbox 545 1847 671 1901; x_wconf 76' lang='grc' dir='ltr'><strong>Υἱὸν</strong></span> <span class='ocrx_word' id='word_1_149' title='bbox 707 1848 799 1900; x_wconf 76' lang='grc' dir='ltr'><strong>ἐπὶ</strong></span> <span class='ocrx_word' id='word_1_150' title='bbox 827 1846 1119 1918; x_wconf 80' lang='grc' dir='ltr'><strong>τελειότητι</strong></span> <span class='ocrx_word' id='word_1_151' title='bbox 1156 1847 1623 1918; x_wconf 82' lang='grc' dir='ltr'>μαρτυρούμενος,</span> <span class='ocrx_word' id='word_1_152' title='bbox 1661 1848 1756 1901; x_wconf 69' lang='grc' dir='ltr'><strong>καὶ</strong></span> <span class='ocrx_word' id='word_1_153' title='bbox 1786 1831 1827 1885; x_wconf 79' lang='grc' dir='ltr'><strong>Β</strong></span> 
     </span>
    </p>
   </div>
   <div class='ocr_carea' id='block_1_21' title="bbox 166 1937 1755 2010">
    <p class='ocr_par' dir='ltr' id='par_1_21' title="bbox 166 1937 1755 2010">
     <span class='ocr_line' id='line_1_21' title="bbox 166 1937 1755 2010; baseline 0.001 -18"><span class='ocrx_word' id='word_1_154' title='bbox 166 1939 394 1992; x_wconf 81' lang='grc' dir='ltr'>λέλυται</span> <span class='ocrx_word' id='word_1_155' title='bbox 423 1939 583 1994; x_wconf 87' lang='grc' dir='ltr'>πάλιν</span> <span class='ocrx_word' id='word_1_156' title='bbox 607 1940 738 2010; x_wconf 81' lang='grc' dir='ltr'>ἡμῖν</span> <span class='ocrx_word' id='word_1_157' title='bbox 770 1938 831 1991; x_wconf 84' lang='grc' dir='ltr'>τὸ</span> <span class='ocrx_word' id='word_1_158' title='bbox 865 1937 1194 2009; x_wconf 81' lang='grc' dir='ltr'>ζητούμενον</span> <span class='ocrx_word' id='word_1_159' title='bbox 1214 1954 1227 1968; x_wconf 91' lang='grc'><strong>·</strong></span> <span class='ocrx_word' id='word_1_160' title='bbox 1259 1939 1309 1991; x_wconf 82' lang='grc' dir='ltr'><strong>εί</strong></span> <span class='ocrx_word' id='word_1_161' title='bbox 1335 1938 1393 1992; x_wconf 84' lang='grc' dir='ltr'>δὲ</span> <span class='ocrx_word' id='word_1_162' title='bbox 1422 1938 1589 2003; x_wconf 84' lang='grc' dir='ltr'>πολὺς</span> <span class='ocrx_word' id='word_1_163' title='bbox 1617 1942 1755 1994; x_wconf 83' lang='grc' dir='ltr'><strong>ἁπο-</strong></span> 
     </span>
    </p>
   </div>
   <div class='ocr_carea' id='block_1_22' title="bbox 166 2028 1756 2101">
    <p class='ocr_par' dir='ltr' id='par_1_22' title="bbox 166 2028 1756 2101">
     <span class='ocr_line' id='line_1_22' title="bbox 166 2028 1756 2101; baseline 0 -17"><span class='ocrx_word' id='word_1_164' title='bbox 166 2031 404 2101; x_wconf 81' lang='grc' dir='ltr'>τειχίζει</span> <span class='ocrx_word' id='word_1_165' title='bbox 442 2031 599 2094; x_wconf 83' lang='grc' dir='ltr'>λόγος</span> <span class='ocrx_word' id='word_1_166' title='bbox 625 2030 724 2082; x_wconf 76' lang='grc' dir='ltr'><strong>τοῦ</strong></span> <span class='ocrx_word' id='word_1_167' title='bbox 757 2028 962 2082; x_wconf 84' lang='grc' dir='ltr'>τελείου</span> <span class='ocrx_word' id='word_1_168' title='bbox 995 2029 1056 2082; x_wconf 84' lang='grc' dir='ltr'><strong>τὸ</strong></span> <span class='ocrx_word' id='word_1_169' title='bbox 1099 2029 1307 2095; x_wconf 84' lang='grc' dir='ltr'>ἀτελὲς,</span> <span class='ocrx_word' id='word_1_170' title='bbox 1338 2029 1552 2101; x_wconf 89' lang='grc' dir='ltr'>δέχεται</span> <span class='ocrx_word' id='word_1_171' title='bbox 1576 2031 1631 2084; x_wconf 85' lang='grc' dir='ltr'>δὲ</span> <span class='ocrx_word' id='word_1_172' title='bbox 1661 2032 1756 2084; x_wconf 77' lang='grc' dir='ltr'><strong>καὶ</strong></span> 
     </span>
    </p>
   </div>
   <div class='ocr_carea' id='block_1_23' title="bbox 166 2121 1752 2195">
    <p class='ocr_par' dir='ltr' id='par_1_23' title="bbox 166 2121 1752 2195">
     <span class='ocr_line' id='line_1_23' title="bbox 166 2121 1752 2195; baseline 0.001 -21"><span class='ocrx_word' id='word_1_173' title='bbox 166 2125 201 2195; x_wconf 73' lang='grc' dir='ltr'><strong>ἡ</strong></span> <span class='ocrx_word' id='word_1_174' title='bbox 236 2122 356 2175; x_wconf 91' lang='grc' dir='ltr'>θεία</span> <span class='ocrx_word' id='word_1_175' title='bbox 402 2121 560 2190; x_wconf 81' lang='grc' dir='ltr'>φύσις</span> <span class='ocrx_word' id='word_1_176' title='bbox 610 2121 748 2175; x_wconf 83' lang='grc' dir='ltr'>κατά</span> <span class='ocrx_word' id='word_1_177' title='bbox 788 2121 982 2174; x_wconf 85' lang='grc' dir='ltr'>ταυτὸν</span> <span class='ocrx_word' id='word_1_178' title='bbox 1013 2121 1317 2192; x_wconf 77' lang='grc' dir='ltr'>ἀμφότερα,</span> <span class='ocrx_word' id='word_1_179' title='bbox 1344 2121 1595 2186; x_wconf 87' lang='grc' dir='ltr'>σύνθετος</span> <span class='ocrx_word' id='word_1_180' title='bbox 1623 2123 1752 2194; x_wconf 81' lang='grc' dir='ltr'>ἄρα,</span> 
     </span>
    </p>
   </div>
   <div class='ocr_carea' id='block_1_24' title="bbox 168 2212 1754 2285">
    <p class='ocr_par' dir='ltr' id='par_1_24' title="bbox 168 2212 1754 2285">
     <span class='ocr_line' id='line_1_24' title="bbox 168 2212 1754 2285; baseline -0.001 -17"><span class='ocrx_word' id='word_1_181' title='bbox 168 2214 268 2268; x_wconf 75' lang='grc' dir='ltr'>καὶ</span> <span class='ocrx_word' id='word_1_182' title='bbox 314 2215 411 2285; x_wconf 81' lang='grc' dir='ltr'><strong>οὐχ</strong></span> <span class='ocrx_word' id='word_1_183' title='bbox 448 2213 613 2285; x_wconf 85' lang='grc' dir='ltr'>ἁπλῆ.</span> <span class='ocrx_word' id='word_1_184' title='bbox 653 2213 792 2267; x_wconf 84' lang='grc' dir='ltr'>Ἀλλ’</span> <span class='ocrx_word' id='word_1_185' title='bbox 815 2214 932 2285; x_wconf 82' lang='grc' dir='ltr'>ὲρεῖ</span> <span class='ocrx_word' id='word_1_186' title='bbox 976 2230 1061 2277; x_wconf 91' lang='grc' dir='ltr'><strong>τις</strong></span> <span class='ocrx_word' id='word_1_187' title='bbox 1086 2213 1269 2284; x_wconf 84' lang='grc' dir='ltr'>τυχὸν,</span> <span class='ocrx_word' id='word_1_188' title='bbox 1300 2212 1376 2276; x_wconf 86' lang='grc' dir='ltr'><strong>ὡς</strong></span> <span class='ocrx_word' id='word_1_189' title='bbox 1402 2215 1665 2285; x_wconf 83' lang='grc' dir='ltr'>ἀσυμφυῆ</span> <span class='ocrx_word' id='word_1_190' title='bbox 1695 2214 1754 2267; x_wconf 85' lang='grc' dir='ltr'><strong>τέ</strong></span> 
     </span>
    </p>
   </div>
   <div class='ocr_carea' id='block_1_25' title="bbox 169 2305 1756 2378">
    <p class='ocr_par' dir='ltr' id='par_1_25' title="bbox 169 2305 1756 2378">
     <span class='ocr_line' id='line_1_25' title="bbox 169 2305 1756 2378; baseline 0 -20"><span class='ocrx_word' id='word_1_191' title='bbox 169 2307 289 2359; x_wconf 69' lang='grc' dir='ltr'>ἔστι</span> <span class='ocrx_word' id='word_1_192' title='bbox 333 2306 428 2359; x_wconf 63' lang='grc' dir='ltr'><strong>καὶ¹</strong></span> <span class='ocrx_word' id='word_1_193' title='bbox 466 2305 857 2378; x_wconf 80' lang='grc' dir='ltr'>ἀσυνύπαρκτα</span> <span class='ocrx_word' id='word_1_194' title='bbox 900 2305 1043 2359; x_wconf 75' lang='grc' dir='ltr'>κατὰ</span> <span class='ocrx_word' id='word_1_195' title='bbox 1077 2305 1273 2359; x_wconf 77' lang='grc' dir='ltr'>ταυτὸν</span> <span class='ocrx_word' id='word_1_196' title='bbox 1307 2306 1366 2359; x_wconf 81' lang='grc' dir='ltr'><strong>ὲν</strong></span> <span class='ocrx_word' id='word_1_197' title='bbox 1398 2306 1477 2360; x_wconf 77' lang='grc' dir='ltr'><strong>ἑνὶ</strong></span> <span class='ocrx_word' id='word_1_198' title='bbox 1510 2305 1588 2377; x_wconf 86' lang='grc' dir='ltr'>τῷ</span> <span class='ocrx_word' id='word_1_199' title='bbox 1623 2306 1756 2359; x_wconf 84' lang='grc' dir='ltr'>ὐπο-</span> 
     </span>
    </p>
   </div>
   <div class='ocr_carea' id='block_1_26' title="bbox 171 2399 1753 2472">
    <p class='ocr_par' dir='ltr' id='par_1_26' title="bbox 171 2399 1753 2472">
     <span class='ocr_line' id='line_1_26' title="bbox 171 2399 1753 2472; baseline 0 -19"><span class='ocrx_word' id='word_1_200' title='bbox 171 2400 406 2471; x_wconf 85' lang='grc' dir='ltr'>κειμένῳ</span> <span class='ocrx_word' id='word_1_201' title='bbox 424 2400 492 2454; x_wconf 82' lang='grc' dir='ltr'>τὰ</span> <span class='ocrx_word' id='word_1_202' title='bbox 512 2401 751 2466; x_wconf 74' lang='grc' dir='ltr'>ἐναντία,</span> <span class='ocrx_word' id='word_1_203' title='bbox 782 2401 859 2464; x_wconf 87' lang='grc' dir='ltr'>ὼς</span> <span class='ocrx_word' id='word_1_204' title='bbox 887 2403 945 2454; x_wconf 83' lang='grc' dir='ltr'><strong>ὲν</strong></span> <span class='ocrx_word' id='word_1_205' title='bbox 968 2399 1181 2468; x_wconf 85' lang='grc' dir='ltr'>σώματι</span> <span class='ocrx_word' id='word_1_206' title='bbox 1202 2400 1361 2470; x_wconf 78' lang='grc' dir='ltr'>τυχὸν</span> <span class='ocrx_word' id='word_1_207' title='bbox 1397 2400 1532 2471; x_wconf 80' lang='grc' dir='ltr'>ὁμοῦ</span> <span class='ocrx_word' id='word_1_208' title='bbox 1556 2401 1753 2472; x_wconf 89' lang='grc' dir='ltr'>χρῶμα</span> 
     </span>
    </p>
   </div>
   <div class='ocr_carea' id='block_1_27' title="bbox 168 2488 1755 2566">
    <p class='ocr_par' dir='ltr' id='par_1_27' title="bbox 168 2488 1755 2566">
     <span class='ocr_line' id='line_1_27' title="bbox 168 2488 1755 2566; baseline -0.002 -17"><span class='ocrx_word' id='word_1_209' title='bbox 168 2497 357 2551; x_wconf 88' lang='grc' dir='ltr'>λευκὸν</span> <span class='ocrx_word' id='word_1_210' title='bbox 385 2498 479 2550; x_wconf 81' lang='grc' dir='ltr'><strong>καὶ</strong></span> <span class='ocrx_word' id='word_1_211' title='bbox 510 2496 694 2566; x_wconf 68' lang='grc' dir='ltr'>μέλαν.</span> <span class='ocrx_word' id='word_1_212' title='bbox 741 2494 938 2559; x_wconf 87' lang='grc' dir='ltr'>Καλῶς</span> <span class='ocrx_word' id='word_1_213' title='bbox 962 2512 1048 2564; x_wconf 88' lang='grc' dir='ltr'>γε,</span> <span class='ocrx_word' id='word_1_214' title='bbox 1070 2488 1115 2548; x_wconf 80' lang='grc' dir='ltr'>ὧ</span> <span class='ocrx_word' id='word_1_215' title='bbox 1140 2494 1310 2566; x_wconf 74' lang='grc' dir='ltr'>φίλος,</span> <span class='ocrx_word' id='word_1_216' title='bbox 1335 2494 1429 2548; x_wconf 75' lang='grc' dir='ltr'><strong>καὶ</strong></span> <span class='ocrx_word' id='word_1_217' title='bbox 1458 2492 1602 2564; x_wconf 91' lang='grc' dir='ltr'>μάλα</span> <span class='ocrx_word' id='word_1_218' title='bbox 1624 2511 1755 2565; x_wconf 81' lang='grc' dir='ltr'>γορ-</span> 
     </span>
    </p>
   </div>
   <div class='ocr_carea' id='block_1_28' title="bbox 167 2585 1753 2658">
    <p class='ocr_par' dir='ltr' id='par_1_28' title="bbox 167 2585 1753 2658">
     <span class='ocr_line' id='line_1_28' title="bbox 167 2585 1753 2658; baseline -0.002 -18"><span class='ocrx_word' id='word_1_219' title='bbox 167 2588 278 2656; x_wconf 88' lang='grc' dir='ltr'>γῶς</span> <span class='ocrx_word' id='word_1_220' title='bbox 300 2589 412 2651; x_wconf 89' lang='grc' dir='ltr'>τοῖς</span> <span class='ocrx_word' id='word_1_221' title='bbox 458 2587 747 2658; x_wconf 78' lang='grc' dir='ltr'>ἡμετέροις</span> <span class='ocrx_word' id='word_1_222' title='bbox 794 2586 1126 2657; x_wconf 84' lang='grc' dir='ltr'>ἀπηγωνίσω</span> <span class='ocrx_word' id='word_1_223' title='bbox 1156 2587 1352 2654; x_wconf 82' lang='grc' dir='ltr'>λόγοις.</span> <span class='ocrx_word' id='word_1_224' title='bbox 1396 2586 1460 2639; x_wconf 87' lang='grc' dir='ltr'><strong>Εἰ</strong></span> <span class='ocrx_word' id='word_1_225' title='bbox 1505 2586 1613 2656; x_wconf 81' lang='grc' dir='ltr'><strong>γὰρ</strong></span> <span class='ocrx_word' id='word_1_226' title='bbox 1654 2585 1753 2655; x_wconf 90' lang='grc' dir='ltr'><strong>μία</strong></span> 
     </span>
    </p>
   </div>
   <div class='ocr_carea' id='block_1_29' title="bbox 166 2675 1754 2747">
    <p class='ocr_par' dir='ltr' id='par_1_29' title="bbox 166 2675 1754 2747">
     <span class='ocr_line' id='line_1_29' title="bbox 166 2675 1754 2747; baseline -0.003 -17"><span class='ocrx_word' id='word_1_227' title='bbox 166 2676 250 2740; x_wconf 90' lang='grc' dir='ltr'>τίς</span> <span class='ocrx_word' id='word_1_228' title='bbox 271 2679 420 2730; x_wconf 76' lang='grc' dir='ltr'>ἐστιν</span> <span class='ocrx_word' id='word_1_229' title='bbox 437 2679 469 2747; x_wconf 83' lang='grc' dir='ltr'>ἠ</span> <span class='ocrx_word' id='word_1_230' title='bbox 488 2675 604 2729; x_wconf 85' lang='grc' dir='ltr'>Θεία</span> <span class='ocrx_word' id='word_1_231' title='bbox 632 2675 814 2744; x_wconf 82' lang='grc' dir='ltr'>φύσις,</span> <span class='ocrx_word' id='word_1_232' title='bbox 844 2675 939 2730; x_wconf 75' lang='grc' dir='ltr'>καὶ</span> <span class='ocrx_word' id='word_1_233' title='bbox 964 2676 1094 2744; x_wconf 84' lang='grc' dir='ltr'>παρ’</span> <span class='ocrx_word' id='word_1_234' title='bbox 1113 2676 1280 2747; x_wconf 84' lang='grc' dir='ltr'>αὐτὴν</span> <span class='ocrx_word' id='word_1_235' title='bbox 1307 2675 1404 2745; x_wconf 84' lang='grc' dir='ltr'>οὐχ</span> <span class='ocrx_word' id='word_1_236' title='bbox 1426 2675 1606 2747; x_wconf 79' lang='grc' dir='ltr'>ἑτέρα,</span> <span class='ocrx_word' id='word_1_237' title='bbox 1636 2675 1754 2738; x_wconf 87' lang='grc' dir='ltr'><strong>πῶς</strong></span> 
     </span>
    </p>
   </div>
   <div class='ocr_carea' id='block_1_30' title="bbox 163 2765 1754 2839">
    <p class='ocr_par' dir='ltr' id='par_1_30' title="bbox 163 2765 1754 2839">
     <span class='ocr_line' id='line_1_30' title="bbox 163 2765 1754 2839; baseline -0.001 -19"><span class='ocrx_word' id='word_1_238' title='bbox 163 2769 391 2836; x_wconf 82' lang='grc' dir='ltr'>ἂν,εἰπέ</span> <span class='ocrx_word' id='word_1_239' title='bbox 424 2786 535 2839; x_wconf 91' lang='grc' dir='ltr'>μοι,</span> <span class='ocrx_word' id='word_1_240' title='bbox 563 2767 670 2822; x_wconf 88' lang='grc' dir='ltr'>τῶν</span> <span class='ocrx_word' id='word_1_241' title='bbox 716 2768 973 2821; x_wconf 76' lang='grc' dir='ltr'>ἐναντίων</span> <span class='ocrx_word' id='word_1_242' title='bbox 1013 2768 1227 2835; x_wconf 89' lang='grc' dir='ltr'>γένοιτο</span> <span class='ocrx_word' id='word_1_243' title='bbox 1263 2766 1518 2836; x_wconf 83' lang='grc' dir='ltr'><strong>δεκτική;</strong></span> <span class='ocrx_word' id='word_1_244' title='bbox 1545 2766 1660 2828; x_wconf 87' lang='grc' dir='ltr'><strong>πῶς</strong></span> <span class='ocrx_word' id='word_1_245' title='bbox 1696 2765 1754 2818; x_wconf 83' lang='grc' dir='ltr'>δὲ</span> 
     </span>
    </p>
   </div>
   <div class='ocr_carea' id='block_1_31' title="bbox 164 2858 1753 2931">
    <p class='ocr_par' dir='ltr' id='par_1_31' title="bbox 164 2858 1753 2931">
     <span class='ocr_line' id='line_1_31' title="bbox 164 2858 1753 2931; baseline -0.004 -14"><span class='ocrx_word' id='word_1_246' title='bbox 164 2862 289 2917; x_wconf 83' lang='grc' dir='ltr'>καθ’</span> <span class='ocrx_word' id='word_1_247' title='bbox 327 2862 387 2915; x_wconf 77' lang='grc' dir='ltr'><strong>ἓν</strong></span> <span class='ocrx_word' id='word_1_248' title='bbox 415 2860 551 2914; x_wconf 80' lang='grc' dir='ltr'>τιτὸ</span> <span class='ocrx_word' id='word_1_249' title='bbox 579 2859 936 2929; x_wconf 85' lang='grc' dir='ltr'>ὑποκείμενον</span> <span class='ocrx_word' id='word_1_250' title='bbox 963 2860 1033 2914; x_wconf 84' lang='grc' dir='ltr'><strong>τὰ</strong></span> <span class='ocrx_word' id='word_1_251' title='bbox 1073 2859 1324 2931; x_wconf 80' lang='grc' dir='ltr'>ἀλλήλοις</span> <span class='ocrx_word' id='word_1_252' title='bbox 1356 2858 1584 2929; x_wconf 82' lang='grc' dir='ltr'>ἀνόμοια</span> <span class='ocrx_word' id='word_1_253' title='bbox 1613 2875 1753 2927; x_wconf 85' lang='grc' dir='ltr'>συμ-</span> 
     </span>
    </p>
   </div>
   <div class='ocr_carea' id='block_1_32' title="bbox 164 2949 1755 3028">
    <p class='ocr_par' dir='ltr' id='par_1_32' title="bbox 164 2949 1755 3028">
     <span class='ocr_line' id='line_1_32' title="bbox 164 2949 1755 3028; baseline -0.004 -20"><span class='ocrx_word' id='word_1_254' title='bbox 164 2956 430 3028; x_wconf 83' lang='grc' dir='ltr'><strong>6ήσεται;</strong></span> <span class='ocrx_word' id='word_1_255' title='bbox 461 2951 596 3006; x_wconf 83' lang='grc' dir='ltr'>Θεοῦ</span> <span class='ocrx_word' id='word_1_256' title='bbox 621 2952 677 3006; x_wconf 86' lang='grc' dir='ltr'>δὲ</span> <span class='ocrx_word' id='word_1_257' title='bbox 698 2952 848 3015; x_wconf 76' lang='grc' dir='ltr'>ὄντος</span> <span class='ocrx_word' id='word_1_258' title='bbox 880 2950 1023 3005; x_wconf 86' lang='grc' dir='ltr'>κατὰ</span> <span class='ocrx_word' id='word_1_259' title='bbox 1052 2949 1214 3020; x_wconf 83' lang='grc' dir='ltr'>φύσιν</span> <span class='ocrx_word' id='word_1_260' title='bbox 1244 2949 1336 3004; x_wconf 81' lang='grc' dir='ltr'><strong>τοῦ</strong></span> <span class='ocrx_word' id='word_1_261' title='bbox 1366 2949 1599 3021; x_wconf 81' lang='grc' dir='ltr'>Πατρὸς,</span> <span class='ocrx_word' id='word_1_262' title='bbox 1621 2949 1755 3013; x_wconf 87' lang='grc' dir='ltr'>Θεός</span> 
     </span>
    </p>
   </div>
   <div class='ocr_carea' id='block_1_33' title="bbox 162 3041 1755 3115">
    <p class='ocr_par' dir='ltr' id='par_1_33' title="bbox 162 3041 1755 3115">
     <span class='ocr_line' id='line_1_33' title="bbox 162 3041 1755 3115; baseline -0.003 -14"><span class='ocrx_word' id='word_1_263' title='bbox 162 3050 280 3101; x_wconf 87' lang='grc' dir='ltr'>ὲστι</span> <span class='ocrx_word' id='word_1_264' title='bbox 312 3046 455 3100; x_wconf 77' lang='grc' dir='ltr'>κατὰ</span> <span class='ocrx_word' id='word_1_265' title='bbox 484 3045 645 3113; x_wconf 86' lang='grc' dir='ltr'>φύσιν</span> <span class='ocrx_word' id='word_1_266' title='bbox 668 3045 761 3098; x_wconf 78' lang='grc' dir='ltr'><strong>καὶ</strong></span> <span class='ocrx_word' id='word_1_267' title='bbox 796 3047 824 3098; x_wconf 86' lang='grc' dir='ltr'><strong>ὀ</strong></span> <span class='ocrx_word' id='word_1_268' title='bbox 848 3044 974 3108; x_wconf 85' lang='grc' dir='ltr'>Υἱός</span> <span class='ocrx_word' id='word_1_269' title='bbox 993 3061 1006 3076; x_wconf 88' lang='grc'><strong>·</strong></span> <span class='ocrx_word' id='word_1_270' title='bbox 1047 3044 1198 3099; x_wconf 80' lang='grc' dir='ltr'>οὐδὲν</span> <span class='ocrx_word' id='word_1_271' title='bbox 1232 3044 1341 3115; x_wconf 80' lang='grc' dir='ltr'><strong>ἄρα</strong></span> <span class='ocrx_word' id='word_1_272' title='bbox 1371 3042 1578 3105; x_wconf 84' lang='grc' dir='ltr'>διοίσει,</span> <span class='ocrx_word' id='word_1_273' title='bbox 1614 3041 1755 3096; x_wconf 90' lang='grc' dir='ltr'>κατά</span> 
     </span>
    </p>
   </div>
   <div class='ocr_carea' id='block_1_34' title="bbox 161 3131 1818 3226">
    <p class='ocr_par' dir='ltr' id='par_1_34' title="bbox 161 3131 1818 3226">
     <span class='ocr_line' id='line_1_34' title="bbox 161 3131 1818 3226; baseline -0.004 -35"><span class='ocrx_word' id='word_1_274' title='bbox 161 3156 225 3207; x_wconf 84' lang='grc' dir='ltr'>γε</span> <span class='ocrx_word' id='word_1_275' title='bbox 264 3137 328 3190; x_wconf 86' lang='grc' dir='ltr'>τὸ</span> <span class='ocrx_word' id='word_1_276' title='bbox 381 3134 523 3189; x_wconf 78' lang='grc' dir='ltr'>εἶναι</span> <span class='ocrx_word' id='word_1_277' title='bbox 556 3134 777 3200; x_wconf 87' lang='grc' dir='ltr'>τέλειος,</span> <span class='ocrx_word' id='word_1_278' title='bbox 806 3133 881 3198; x_wconf 87' lang='grc' dir='ltr'>ὡς</span> <span class='ocrx_word' id='word_1_279' title='bbox 910 3135 1047 3208; x_wconf 85' lang='grc' dir='ltr'>πρὸς</span> <span class='ocrx_word' id='word_1_280' title='bbox 1082 3135 1172 3187; x_wconf 84' lang='grc' dir='ltr'><strong>τὸν</strong></span> <span class='ocrx_word' id='word_1_281' title='bbox 1202 3133 1441 3204; x_wconf 83' lang='grc' dir='ltr'>Πατέρα,</span> <span class='ocrx_word' id='word_1_282' title='bbox 1474 3132 1571 3202; x_wconf 86' lang='grc' dir='ltr'>τῆς</span> <span class='ocrx_word' id='word_1_283' title='bbox 1601 3131 1750 3193; x_wconf 84' lang='grc' dir='ltr'>θείας</span> <span class='ocrx_word' id='word_1_284' title='bbox 1776 3169 1818 3226; x_wconf 79' lang='lat' dir='ltr'><strong><em>C</em></strong></span> 
     </span>
    </p>
   </div>
   <div class='ocr_carea' id='block_1_35' title="bbox 161 3222 1749 3297">
    <p class='ocr_par' dir='ltr' id='par_1_35' title="bbox 161 3222 1749 3297">
     <span class='ocr_line' id='line_1_35' title="bbox 161 3222 1749 3297; baseline -0.006 -13"><span class='ocrx_word' id='word_1_285' title='bbox 161 3230 325 3284; x_wconf 81' lang='grc' dir='ltr'>αὐτοῦ</span> <span class='ocrx_word' id='word_1_286' title='bbox 364 3229 459 3283; x_wconf 78' lang='grc' dir='ltr'>καὶ</span> <span class='ocrx_word' id='word_1_287' title='bbox 490 3226 836 3297; x_wconf 86' lang='grc' dir='ltr'>τελειοτάτης</span> <span class='ocrx_word' id='word_1_288' title='bbox 855 3226 1043 3289; x_wconf 85' lang='grc' dir='ltr'>οὐσίας</span> <span class='ocrx_word' id='word_1_289' title='bbox 1073 3223 1399 3294; x_wconf 79' lang='grc' dir='ltr'>ὲκπεφυκὼς</span> <span class='ocrx_word' id='word_1_290' title='bbox 1417 3239 1429 3253; x_wconf 82' lang='lat'>&#39;</span> <span class='ocrx_word' id='word_1_291' title='bbox 1457 3222 1489 3294; x_wconf 85' lang='grc' dir='ltr'>ἢ</span> <span class='ocrx_word' id='word_1_292' title='bbox 1518 3223 1626 3293; x_wconf 86' lang='grc' dir='ltr'><strong>γὰρ</strong></span> <span class='ocrx_word' id='word_1_293' title='bbox 1650 3222 1749 3274; x_wconf 81' lang='grc' dir='ltr'>οὐκ</span> 
     </span>
    </p>
   </div>
   <div class='ocr_carea' id='block_1_36' title="bbox 161 3313 1749 3393">
    <p class='ocr_par' dir='ltr' id='par_1_36' title="bbox 161 3313 1749 3393">
     <span class='ocr_line' id='line_1_36' title="bbox 161 3313 1749 3393; baseline -0.008 -17"><span class='ocrx_word' id='word_1_294' title='bbox 161 3324 378 3393; x_wconf 81' lang='grc' dir='ltr'>ἀνάγκη</span> <span class='ocrx_word' id='word_1_295' title='bbox 406 3319 608 3373; x_wconf 86' lang='grc' dir='ltr'>τέλειον</span> <span class='ocrx_word' id='word_1_296' title='bbox 656 3315 794 3372; x_wconf 65' lang='grc' dir='ltr'>εἶναι</span> <span class='ocrx_word' id='word_1_297' title='bbox 826 3318 1042 3380; x_wconf 87' lang='grc' dir='ltr'>πάντως</span> <span class='ocrx_word' id='word_1_298' title='bbox 1091 3317 1181 3370; x_wconf 85' lang='grc' dir='ltr'>τὸν</span> <span class='ocrx_word' id='word_1_299' title='bbox 1210 3317 1274 3368; x_wconf 82' lang='grc' dir='ltr'>ὲκ</span> <span class='ocrx_word' id='word_1_300' title='bbox 1324 3313 1525 3367; x_wconf 83' lang='grc' dir='ltr'>τελείου</span> <span class='ocrx_word' id='word_1_301' title='bbox 1555 3313 1749 3383; x_wconf 82' lang='grc' dir='ltr'><strong>γεννή-</strong></span> 
     </span>
    </p>
   </div>
   <div class='ocr_carea' id='block_1_37' title="bbox 161 3403 1747 3487">
    <p class='ocr_par' dir='ltr' id='par_1_37' title="bbox 161 3403 1747 3487">
     <span class='ocr_line' id='line_1_37' title="bbox 161 3403 1747 3487; baseline -0.008 -18"><span class='ocrx_word' id='word_1_302' title='bbox 161 3432 338 3487; x_wconf 84' lang='grc' dir='ltr'>τορος,</span> <span class='ocrx_word' id='word_1_303' title='bbox 379 3412 537 3485; x_wconf 80' lang='grc' dir='ltr'>εἴπερ</span> <span class='ocrx_word' id='word_1_304' title='bbox 586 3411 732 3465; x_wconf 72' lang='grc' dir='ltr'>ἐστὶν</span> <span class='ocrx_word' id='word_1_305' title='bbox 761 3409 926 3463; x_wconf 82' lang='grc' dir='ltr'>αὐτοῦ</span> <span class='ocrx_word' id='word_1_306' title='bbox 978 3408 1071 3462; x_wconf 76' lang='grc' dir='ltr'>καὶ</span> <span class='ocrx_word' id='word_1_307' title='bbox 1121 3406 1538 3478; x_wconf 81' lang='grc' dir='ltr'>ἀπαράλλακτος</span> <span class='ocrx_word' id='word_1_308' title='bbox 1564 3403 1747 3469; x_wconf 80' lang='grc' dir='ltr'>εἰκὼν,</span> 
     </span>
    </p>
   </div>
   <div class='ocr_carea' id='block_1_38' title="bbox 162 3499 1746 3578">
    <p class='ocr_par' dir='ltr' id='par_1_38' title="bbox 162 3499 1746 3578">
     <span class='ocr_line' id='line_1_38' title="bbox 162 3499 1746 3578; baseline -0.008 -15"><span class='ocrx_word' id='word_1_309' title='bbox 162 3509 256 3564; x_wconf 77' lang='grc' dir='ltr'><strong>καὶ</strong></span> <span class='ocrx_word' id='word_1_310' title='bbox 296 3505 591 3578; x_wconf 82' lang='grc' dir='ltr'><strong>χαρακτὴρ</strong></span> <span class='ocrx_word' id='word_1_311' title='bbox 633 3504 735 3574; x_wconf 84' lang='grc' dir='ltr'><strong>τῆς</strong></span> <span class='ocrx_word' id='word_1_312' title='bbox 783 3501 1136 3564; x_wconf 76' lang='grc' dir='ltr'>ὑποστάσεως</span> <span class='ocrx_word' id='word_1_313' title='bbox 1159 3541 1173 3564; x_wconf 91' lang='grc'>,</span> <span class='ocrx_word' id='word_1_314' title='bbox 1205 3499 1348 3554; x_wconf 84' lang='grc' dir='ltr'>καθὰ</span> <span class='ocrx_word' id='word_1_315' title='bbox 1386 3499 1695 3570; x_wconf 83' lang='grc' dir='ltr'>γέγραπται</span> <span class='ocrx_word' id='word_1_316' title='bbox 1731 3515 1746 3564; x_wconf 91' lang='grc'>;</span> 
     </span>
    </p>
   </div>
   <div class='ocr_carea' id='block_1_39' title="bbox 179 3588 1746 3666">
    <p class='ocr_par' dir='ltr' id='par_1_39' title="bbox 179 3588 1746 3666">
     <span class='ocr_line' id='line_1_39' title="bbox 179 3588 1746 3666; baseline -0.006 -15"><span class='ocrx_word' id='word_1_317' title='bbox 179 3598 334 3664; x_wconf 79' lang='grc' dir='ltr'>Ἀλλ’,</span> <span class='ocrx_word' id='word_1_318' title='bbox 369 3590 546 3666; x_wconf 76' lang='grc' dir='ltr'>οἶμαι,</span> <span class='ocrx_word' id='word_1_319' title='bbox 577 3596 685 3658; x_wconf 86' lang='grc' dir='ltr'><strong>πᾶς</strong></span> <span class='ocrx_word' id='word_1_320' title='bbox 705 3611 786 3657; x_wconf 87' lang='grc' dir='ltr'><strong>τις</strong></span> <span class='ocrx_word' id='word_1_321' title='bbox 811 3594 942 3664; x_wconf 79' lang='grc' dir='ltr'>ἡμῖν</span> <span class='ocrx_word' id='word_1_322' title='bbox 969 3592 1185 3662; x_wconf 89' lang='grc' dir='ltr'>συνερεῖ</span> <span class='ocrx_word' id='word_1_323' title='bbox 1223 3590 1317 3643; x_wconf 73' lang='grc' dir='ltr'>καὶ</span> <span class='ocrx_word' id='word_1_324' title='bbox 1347 3588 1689 3661; x_wconf 64' lang='grc' dir='ltr'>συνθήσεταν</span> <span class='ocrx_word' id='word_1_325' title='bbox 1714 3588 1746 3659; x_wconf 85' lang='grc' dir='ltr'>ἢ</span> 
     </span>
    </p>
   </div>
   <div class='ocr_carea' id='block_1_40' title="bbox 163 3679 1746 3758">
    <p class='ocr_par' dir='ltr' id='par_1_40' title="bbox 163 3679 1746 3758">
     <span class='ocr_line' id='line_1_40' title="bbox 163 3679 1746 3758; baseline -0.006 -17"><span class='ocrx_word' id='word_1_326' title='bbox 163 3689 370 3758; x_wconf 78' lang='grc' dir='ltr'>λεγέτω</span> <span class='ocrx_word' id='word_1_327' title='bbox 401 3686 562 3741; x_wconf 87' lang='grc' dir='ltr'>πάλιν</span> <span class='ocrx_word' id='word_1_328' title='bbox 589 3687 668 3748; x_wconf 89' lang='grc' dir='ltr'>είς</span> <span class='ocrx_word' id='word_1_329' title='bbox 696 3685 860 3755; x_wconf 86' lang='grc' dir='ltr'>μέσον</span> <span class='ocrx_word' id='word_1_330' title='bbox 897 3680 1084 3747; x_wconf 75' lang='grc' dir='ltr'>ἐλθὼν,</span> <span class='ocrx_word' id='word_1_331' title='bbox 1112 3680 1255 3734; x_wconf 81' lang='grc' dir='ltr'>κατὰ</span> <span class='ocrx_word' id='word_1_332' title='bbox 1286 3683 1407 3734; x_wconf 92' lang='grc' dir='ltr'>τίνα</span> <span class='ocrx_word' id='word_1_333' title='bbox 1430 3680 1630 3752; x_wconf 86' lang='grc' dir='ltr'>τρόπον</span> <span class='ocrx_word' id='word_1_334' title='bbox 1654 3679 1746 3732; x_wconf 79' lang='grc' dir='ltr'>τοῦ</span> 
     </span>
    </p>
   </div>
   <div class='ocr_carea' id='block_1_41' title="bbox 163 3771 1750 3850">
    <p class='ocr_par' dir='ltr' id='par_1_41' title="bbox 163 3771 1750 3850">
     <span class='ocr_line' id='line_1_41' title="bbox 163 3771 1750 3850; baseline -0.008 -16"><span class='ocrx_word' id='word_1_335' title='bbox 163 3781 364 3834; x_wconf 80' lang='grc' dir='ltr'>τελείου</span> <span class='ocrx_word' id='word_1_336' title='bbox 396 3778 606 3850; x_wconf 83' lang='grc' dir='ltr'>Πατρὸς</span> <span class='ocrx_word' id='word_1_337' title='bbox 633 3775 1045 3847; x_wconf 85' lang='grc' dir='ltr'>ἀπαράλλακτος</span> <span class='ocrx_word' id='word_1_338' title='bbox 1074 3773 1227 3827; x_wconf 75' lang='grc' dir='ltr'>ἔσται</span> <span class='ocrx_word' id='word_1_339' title='bbox 1260 3771 1544 3843; x_wconf 83' lang='grc' dir='ltr'>χαρακτὴρ</span> <span class='ocrx_word' id='word_1_340' title='bbox 1567 3772 1595 3823; x_wconf 86' lang='grc' dir='ltr'>ὁ</span> <span class='ocrx_word' id='word_1_341' title='bbox 1623 3771 1750 3834; x_wconf 85' lang='grc' dir='ltr'>Υίὸς</span> 
     </span>
    </p>
   </div>
   <div class='ocr_carea' id='block_1_42' title="bbox 163 3863 1748 3942">
    <p class='ocr_par' dir='ltr' id='par_1_42' title="bbox 163 3863 1748 3942">
     <span class='ocr_line' id='line_1_42' title="bbox 163 3863 1748 3942; baseline -0.006 -15"><span class='ocrx_word' id='word_1_342' title='bbox 163 3873 260 3927; x_wconf 77' lang='grc' dir='ltr'><strong>οὐκ</strong></span> <span class='ocrx_word' id='word_1_343' title='bbox 304 3873 448 3942; x_wconf 83' lang='grc' dir='ltr'>έχων</span> <span class='ocrx_word' id='word_1_344' title='bbox 493 3871 550 3925; x_wconf 81' lang='grc' dir='ltr'><strong>ὲν</strong></span> <span class='ocrx_word' id='word_1_345' title='bbox 595 3868 701 3940; x_wconf 80' lang='grc' dir='ltr'>ἰδίᾳ</span> <span class='ocrx_word' id='word_1_346' title='bbox 734 3866 892 3937; x_wconf 76' lang='grc' dir='ltr'>φύσει</span> <span class='ocrx_word' id='word_1_347' title='bbox 939 3867 1000 3919; x_wconf 75' lang='grc' dir='ltr'><strong>τὸ</strong></span> <span class='ocrx_word' id='word_1_348' title='bbox 1029 3863 1170 3919; x_wconf 78' lang='grc' dir='ltr'>εἶναι</span> <span class='ocrx_word' id='word_1_349' title='bbox 1207 3864 1431 3929; x_wconf 85' lang='grc' dir='ltr'>τέλειος,</span> <span class='ocrx_word' id='word_1_350' title='bbox 1466 3863 1607 3917; x_wconf 87' lang='grc' dir='ltr'>κατὰ</span> <span class='ocrx_word' id='word_1_351' title='bbox 1650 3865 1748 3934; x_wconf 87' lang='grc' dir='ltr'><strong>τήν</strong></span> 
     </span>
    </p>
   </div>
   <div class='ocr_carea' id='block_1_43' title="bbox 160 3955 1749 4029">
    <p class='ocr_par' dir='ltr' id='par_1_43' title="bbox 160 3955 1749 4029">
     <span class='ocr_line' id='line_1_43' title="bbox 160 3955 1749 4029; baseline -0.004 -12"><span class='ocrx_word' id='word_1_352' title='bbox 160 3981 318 4018; x_wconf 87' lang='grc' dir='ltr'>τινων</span> <span class='ocrx_word' id='word_1_353' title='bbox 358 3960 709 4016; x_wconf 78' lang='grc' dir='ltr'>δυσϐουλίαν.</span> <span class='ocrx_word' id='word_1_354' title='bbox 776 3957 992 4029; x_wconf 85' lang='grc' dir='ltr'><strong>Ἐπειδὴ</strong></span> <span class='ocrx_word' id='word_1_355' title='bbox 1042 3957 1101 4012; x_wconf 85' lang='grc' dir='ltr'><strong>δέ</strong></span> <span class='ocrx_word' id='word_1_356' title='bbox 1146 3957 1263 4009; x_wconf 82' lang='grc' dir='ltr'>ἐστι</span> <span class='ocrx_word' id='word_1_357' title='bbox 1315 3955 1603 4027; x_wconf 82' lang='grc' dir='ltr'>χαρακτὴρ</span> <span class='ocrx_word' id='word_1_358' title='bbox 1652 3956 1749 4010; x_wconf 63' lang='grc' dir='ltr'><strong>καὶ¹</strong></span> 
     </span>
    </p>
   </div>
   <div class='ocr_carea' id='block_1_44' title="bbox 161 4042 1748 4124">
    <p class='ocr_par' dir='ltr' id='par_1_44' title="bbox 161 4042 1748 4124">
     <span class='ocr_line' id='line_1_44' title="bbox 161 4042 1748 4124; baseline -0.005 -15"><span class='ocrx_word' id='word_1_359' title='bbox 161 4054 339 4121; x_wconf 77' lang='grc' dir='ltr'>είκὼν,</span> <span class='ocrx_word' id='word_1_360' title='bbox 365 4053 579 4117; x_wconf 82' lang='grc' dir='ltr'>τέλειος</span> <span class='ocrx_word' id='word_1_361' title='bbox 605 4052 714 4124; x_wconf 78' lang='grc' dir='ltr'><strong>ἄρα</strong></span> <span class='ocrx_word' id='word_1_362' title='bbox 732 4049 826 4104; x_wconf 76' lang='grc' dir='ltr'><strong>καὶ</strong></span> <span class='ocrx_word' id='word_1_363' title='bbox 852 4049 1013 4113; x_wconf 79' lang='grc' dir='ltr'>αὐτὸς</span> <span class='ocrx_word' id='word_1_364' title='bbox 1050 4048 1125 4112; x_wconf 85' lang='grc' dir='ltr'>ὡς</span> <span class='ocrx_word' id='word_1_365' title='bbox 1150 4050 1372 4113; x_wconf 76' lang='grc' dir='ltr'>ἐκεῖνος,</span> <span class='ocrx_word' id='word_1_366' title='bbox 1401 4042 1462 4099; x_wconf 71' lang='grc' dir='ltr'>οὗ</span> <span class='ocrx_word' id='word_1_367' title='bbox 1486 4048 1579 4101; x_wconf 76' lang='grc' dir='ltr'><strong>καὶ</strong></span> <span class='ocrx_word' id='word_1_368' title='bbox 1603 4047 1748 4101; x_wconf 82' lang='grc' dir='ltr'>ἔστιν</span> 
     </span>
    </p>
   </div>
   <div class='ocr_carea' id='block_1_45' title="bbox 158 4137 1749 4214">
    <p class='ocr_par' dir='ltr' id='par_1_45' title="bbox 158 4137 1749 4214">
     <span class='ocr_line' id='line_1_45' title="bbox 158 4137 1749 4214; baseline -0.006 -13"><span class='ocrx_word' id='word_1_369' title='bbox 158 4146 338 4201; x_wconf 79' lang='grc' dir='ltr'><strong>εἰκών.</strong></span> <span class='ocrx_word' id='word_1_370' title='bbox 404 4143 542 4198; x_wconf 83' lang='grc' dir='ltr'>Ἀλλ’</span> <span class='ocrx_word' id='word_1_371' title='bbox 582 4139 708 4209; x_wconf 76' lang='grc' dir='ltr'>εἶδε,</span> <span class='ocrx_word' id='word_1_372' title='bbox 761 4141 946 4214; x_wconf 77' lang='grc' dir='ltr'>φησὶν,</span> <span class='ocrx_word' id='word_1_373' title='bbox 998 4140 1251 4210; x_wconf 82' lang='grc' dir='ltr'>Ἰωάννης</span> <span class='ocrx_word' id='word_1_374' title='bbox 1310 4140 1370 4204; x_wconf 78' lang='grc' dir='ltr'>ἐξ</span> <span class='ocrx_word' id='word_1_375' title='bbox 1406 4137 1638 4210; x_wconf 81' lang='grc' dir='ltr'>οὐρανοῦ</span> <span class='ocrx_word' id='word_1_376' title='bbox 1689 4138 1749 4193; x_wconf 83' lang='grc' dir='ltr'>τὸ</span> 
     </span>
    </p>
   </div>
   <div class='ocr_carea' id='block_1_46' title="bbox 160 4229 1748 4307">
    <p class='ocr_par' dir='ltr' id='par_1_46' title="bbox 160 4229 1748 4307">
     <span class='ocr_line' id='line_1_46' title="bbox 160 4229 1748 4307; baseline -0.006 -15"><span class='ocrx_word' id='word_1_377' title='bbox 160 4237 382 4307; x_wconf 77' lang='grc' dir='ltr'>Πνεῦμα</span> <span class='ocrx_word' id='word_1_378' title='bbox 421 4234 746 4289; x_wconf 78' lang='grc' dir='ltr'>καταϐαῖνον</span> <span class='ocrx_word' id='word_1_379' title='bbox 778 4233 871 4286; x_wconf 73' lang='grc' dir='ltr'><strong>ἐπὶ</strong></span> <span class='ocrx_word' id='word_1_380' title='bbox 911 4232 1004 4285; x_wconf 85' lang='grc' dir='ltr'>τὸν</span> <span class='ocrx_word' id='word_1_381' title='bbox 1048 4230 1195 4296; x_wconf 86' lang='grc' dir='ltr'>Υίὺν,</span> <span class='ocrx_word' id='word_1_382' title='bbox 1232 4231 1325 4285; x_wconf 77' lang='grc' dir='ltr'><strong>καὶ</strong></span> <span class='ocrx_word' id='word_1_383' title='bbox 1363 4229 1598 4283; x_wconf 74' lang='grc' dir='ltr'>ἐπακτὸν</span> <span class='ocrx_word' id='word_1_384' title='bbox 1634 4229 1748 4300; x_wconf 77' lang='grc' dir='ltr'>ἔχει</span> 
     </span>
    </p>
   </div>
   <div class='ocr_carea' id='block_1_47' title="bbox 160 4320 1747 4399">
    <p class='ocr_par' dir='ltr' id='par_1_47' title="bbox 160 4320 1747 4399">
     <span class='ocr_line' id='line_1_47' title="bbox 160 4320 1747 4399; baseline -0.006 -16"><span class='ocrx_word' id='word_1_385' title='bbox 160 4328 249 4383; x_wconf 85' lang='grc' dir='ltr'>τδν</span> <span class='ocrx_word' id='word_1_386' title='bbox 264 4330 390 4398; x_wconf 77' lang='grc' dir='ltr'>ἅγια</span> <span class='ocrx_word' id='word_1_387' title='bbox 401 4326 558 4399; x_wconf 79' lang='grc' dir='ltr'>σμὺν·</span> <span class='ocrx_word' id='word_1_388' title='bbox 581 4325 793 4396; x_wconf 84' lang='grc' dir='ltr'>δέχεται</span> <span class='ocrx_word' id='word_1_389' title='bbox 805 4323 912 4395; x_wconf 80' lang='grc' dir='ltr'><strong>γὰρ</strong></span> <span class='ocrx_word' id='word_1_390' title='bbox 932 4323 1006 4386; x_wconf 84' lang='grc' dir='ltr'><strong>ὡς</strong></span> <span class='ocrx_word' id='word_1_391' title='bbox 1028 4323 1128 4376; x_wconf 78' lang='grc' dir='ltr'>οὐκ</span> <span class='ocrx_word' id='word_1_392' title='bbox 1149 4321 1284 4392; x_wconf 73' lang='grc' dir='ltr'>ἔχων</span> <span class='ocrx_word' id='word_1_393' title='bbox 1296 4320 1665 4393; x_wconf 87' lang='grc' dir='ltr'>δηλαδή.Ὢρα</span> <span class='ocrx_word' id='word_1_394' title='bbox 1682 4320 1747 4391; x_wconf 83' lang='grc' dir='ltr'>δὴ</span> 
     </span>
    </p>
   </div>
   <div class='ocr_carea' id='block_1_48' title="bbox 165 4411 1748 4490">
    <p class='ocr_par' dir='ltr' id='par_1_48' title="bbox 165 4411 1748 4490">
     <span class='ocr_line' id='line_1_48' title="bbox 165 4411 1748 4490; baseline -0.006 -17"><span class='ocrx_word' id='word_1_395' title='bbox 165 4418 255 4475; x_wconf 78' lang='grc' dir='ltr'>οὖν</span> <span class='ocrx_word' id='word_1_396' title='bbox 285 4418 591 4490; x_wconf 80' lang='grc' dir='ltr'>ἀναφανδὸν</span> <span class='ocrx_word' id='word_1_397' title='bbox 626 4415 838 4487; x_wconf 85' lang='grc' dir='ltr'>ποίημα</span> <span class='ocrx_word' id='word_1_398' title='bbox 869 4413 967 4486; x_wconf 82' lang='grc' dir='ltr'><strong>μὲν</strong></span> <span class='ocrx_word' id='word_1_399' title='bbox 996 4413 1175 4483; x_wconf 85' lang='grc' dir='ltr'>λέγειν</span> <span class='ocrx_word' id='word_1_400' title='bbox 1207 4413 1388 4479; x_wconf 80' lang='grc' dir='ltr'>αὑτὸν,</span> <span class='ocrx_word' id='word_1_401' title='bbox 1417 4412 1572 4483; x_wconf 82' lang='grc' dir='ltr'>ὀλίγῃ</span> <span class='ocrx_word' id='word_1_402' title='bbox 1597 4411 1748 4483; x_wconf 88' lang='grc' dir='ltr'>μόλις</span> 
     </span>
    </p>
   </div>
   <div class='ocr_carea' id='block_1_49' title="bbox 1861 560 3434 635">
    <p class='ocr_par' dir='ltr' id='par_1_49' title="bbox 1861 560 3434 635">
     <span class='ocr_line' id='line_1_49' title="bbox 1861 560 3434 635; baseline 0.01 -21"><span class='ocrx_word' id='word_1_403' title='bbox 1861 560 2159 632; x_wconf 79' lang='lat' dir='ltr'><strong>colligatis.</strong></span> <span class='ocrx_word' id='word_1_404' title='bbox 2191 563 2479 628; x_wconf 83' lang='lat' dir='ltr'><strong>Quomodo</strong></span> <span class='ocrx_word' id='word_1_405' title='bbox 2525 580 2656 635; x_wconf 88' lang='lat' dir='ltr'><strong>ergo</strong></span> <span class='ocrx_word' id='word_1_406' title='bbox 2706 566 2892 622; x_wconf 80' lang='lat' dir='ltr'><strong>divina</strong></span> <span class='ocrx_word' id='word_1_407' title='bbox 2949 576 3003 623; x_wconf 89' lang='lat' dir='ltr'><strong>ct</strong></span> <span class='ocrx_word' id='word_1_408' title='bbox 3047 573 3291 627; x_wconf 89' lang='lat' dir='ltr'><strong>omnium</strong></span> <span class='ocrx_word' id='word_1_409' title='bbox 3338 590 3434 631; x_wconf 88' lang='lat' dir='ltr'><strong>su-</strong></span> 
     </span>
    </p>
   </div>
   <div class='ocr_carea' id='block_1_50' title="bbox 1861 653 3435 725">
    <p class='ocr_par' dir='ltr' id='par_1_50' title="bbox 1861 653 3435 725">
     <span class='ocr_line' id='line_1_50' title="bbox 1861 653 3435 725; baseline 0.012 -20"><span class='ocrx_word' id='word_1_410' title='bbox 1861 667 2049 722; x_wconf 89' lang='lat' dir='ltr'><strong>prema</strong></span> <span class='ocrx_word' id='word_1_411' title='bbox 2112 653 2205 708; x_wconf 90' lang='lat' dir='ltr'><strong>illa</strong></span> <span class='ocrx_word' id='word_1_412' title='bbox 2265 665 2485 722; x_wconf 88' lang='lat' dir='ltr'><strong>natura,</strong></span> <span class='ocrx_word' id='word_1_413' title='bbox 2532 658 2713 713; x_wconf 90' lang='lat' dir='ltr'><strong>minor</strong></span> <span class='ocrx_word' id='word_1_414' title='bbox 2765 660 2821 714; x_wconf 88' lang='lat' dir='ltr'><strong>in</strong></span> <span class='ocrx_word' id='word_1_415' title='bbox 2886 677 2945 717; x_wconf 90' lang='lat' dir='ltr'><strong>se</strong></span> <span class='ocrx_word' id='word_1_416' title='bbox 2997 679 3120 720; x_wconf 82' lang='lat' dir='ltr'><strong>esse</strong></span> <span class='ocrx_word' id='word_1_417' title='bbox 3158 666 3435 725; x_wconf 72' lang='lat' dir='ltr'><strong>videbitur</strong></span> 
     </span>
    </p>
   </div>
   <div class='ocr_carea' id='block_1_51' title="bbox 1859 750 3433 829">
    <p class='ocr_par' dir='ltr' id='par_1_51' title="bbox 1859 750 3433 829">
     <span class='ocr_line' id='line_1_51' title="bbox 1859 750 3433 829; baseline 0.011 -33"><span class='ocrx_word' id='word_1_418' title='bbox 1859 758 2023 813; x_wconf 87' lang='lat' dir='ltr'><strong>quam</strong></span> <span class='ocrx_word' id='word_1_419' title='bbox 2065 755 2343 813; x_wconf 79' lang='lat' dir='ltr'><strong>creatura,</strong></span> <span class='ocrx_word' id='word_1_420' title='bbox 2374 750 2534 818; x_wconf 82' lang='lat' dir='ltr'><strong>eique</strong></span> <span class='ocrx_word' id='word_1_421' title='bbox 2565 752 2847 823; x_wconf 77' lang='lat' dir='ltr'><strong>continget</strong></span> <span class='ocrx_word' id='word_1_422' title='bbox 2876 756 3020 824; x_wconf 88' lang='lat' dir='ltr'><strong>quod</strong></span> <span class='ocrx_word' id='word_1_423' title='bbox 3072 772 3141 812; x_wconf 90' lang='lat' dir='ltr'><strong>ne</strong></span> <span class='ocrx_word' id='word_1_424' title='bbox 3170 757 3224 812; x_wconf 92' lang='lat' dir='ltr'><strong>in</strong></span> <span class='ocrx_word' id='word_1_425' title='bbox 3258 758 3433 829; x_wconf 87' lang='lat' dir='ltr'><strong>ipsam</strong></span> 
     </span>
    </p>
   </div>
   <div class='ocr_carea' id='block_1_52' title="bbox 1859 837 3432 921">
    <p class='ocr_par' dir='ltr' id='par_1_52' title="bbox 1859 837 3432 921">
     <span class='ocr_line' id='line_1_52' title="bbox 1859 837 3432 921; baseline 0.011 -31"><span class='ocrx_word' id='word_1_426' title='bbox 1859 837 2082 908; x_wconf 89' lang='lat' dir='ltr'><strong>quidem</strong></span> <span class='ocrx_word' id='word_1_427' title='bbox 2128 848 2440 895; x_wconf 90' lang='lat' dir='ltr'><strong>creaturam</strong></span> <span class='ocrx_word' id='word_1_428' title='bbox 2496 843 2697 900; x_wconf 89' lang='lat' dir='ltr'><strong>cadere</strong></span> <span class='ocrx_word' id='word_1_429' title='bbox 2739 848 2945 917; x_wconf 88' lang='lat' dir='ltr'><strong>possit?</strong></span> <span class='ocrx_word' id='word_1_430' title='bbox 2988 851 3096 905; x_wconf 90' lang='lat' dir='ltr'><strong>Aut</strong></span> <span class='ocrx_word' id='word_1_431' title='bbox 3134 854 3432 921; x_wconf 90' lang='lat' dir='ltr'><strong>quomodo,</strong></span> 
     </span>
    </p>
   </div>
   <div class='ocr_carea' id='block_1_53' title="bbox 1864 931 3436 1007">
    <p class='ocr_par' dir='ltr' id='par_1_53' title="bbox 1864 931 3436 1007">
     <span class='ocr_line' id='line_1_53' title="bbox 1864 931 3436 1007; baseline 0.008 -23"><span class='ocrx_word' id='word_1_432' title='bbox 1864 945 2075 1000; x_wconf 39' lang='lat' dir='ltr'><strong>quaeso,</strong></span> <span class='ocrx_word' id='word_1_433' title='bbox 2099 931 2205 986; x_wconf 88' lang='lat' dir='ltr'><strong>erit</strong></span> <span class='ocrx_word' id='word_1_434' title='bbox 2236 933 2464 1003; x_wconf 86' lang='lat' dir='ltr'><strong>simplex</strong></span> <span class='ocrx_word' id='word_1_435' title='bbox 2499 944 2553 989; x_wconf 90' lang='lat' dir='ltr'><strong>et</strong></span> <span class='ocrx_word' id='word_1_436' title='bbox 2581 935 2968 1007; x_wconf 88' lang='lat' dir='ltr'><strong>incomposita,</strong></span> <span class='ocrx_word' id='word_1_437' title='bbox 2990 942 3034 995; x_wconf 90' lang='lat' dir='ltr'><strong>si</strong></span> <span class='ocrx_word' id='word_1_438' title='bbox 3078 943 3133 996; x_wconf 89' lang='lat' dir='ltr'><strong>iu</strong></span> <span class='ocrx_word' id='word_1_439' title='bbox 3161 958 3224 998; x_wconf 88' lang='lat' dir='ltr'><strong>ea</strong></span> <span class='ocrx_word' id='word_1_440' title='bbox 3251 944 3436 999; x_wconf 87' lang='lat' dir='ltr'><strong>videa-</strong></span> 
     </span>
    </p>
   </div>
   <div class='ocr_carea' id='block_1_54' title="bbox 1857 1026 3432 1101">
    <p class='ocr_par' dir='ltr' id='par_1_54' title="bbox 1857 1026 3432 1101">
     <span class='ocr_line' id='line_1_54' title="bbox 1857 1026 3432 1101; baseline 0.009 -24"><span class='ocrx_word' id='word_1_441' title='bbox 1857 1038 1981 1079; x_wconf 91' lang='lat' dir='ltr'><strong>mus</strong></span> <span class='ocrx_word' id='word_1_442' title='bbox 2034 1038 2157 1079; x_wconf 89' lang='lat' dir='ltr'><strong>csse</strong></span> <span class='ocrx_word' id='word_1_443' title='bbox 2213 1026 2602 1096; x_wconf 82' lang='lat' dir='ltr'><strong>perfectionem</strong></span> <span class='ocrx_word' id='word_1_444' title='bbox 2661 1041 2714 1084; x_wconf 86' lang='lat' dir='ltr'><strong>et</strong></span> <span class='ocrx_word' id='word_1_445' title='bbox 2783 1032 3291 1101; x_wconf 83' lang='lat' dir='ltr'><strong>imperfectionem?</strong></span> <span class='ocrx_word' id='word_1_446' title='bbox 3353 1035 3432 1091; x_wconf 88' lang='lat' dir='ltr'><strong>Ex</strong></span> 
     </span>
    </p>
   </div>
   <div class='ocr_carea' id='block_1_55' title="bbox 1858 1118 3435 1196">
    <p class='ocr_par' dir='ltr' id='par_1_55' title="bbox 1858 1118 3435 1196">
     <span class='ocr_line' id='line_1_55' title="bbox 1858 1118 3435 1196; baseline 0.01 -27"><span class='ocrx_word' id='word_1_447' title='bbox 1858 1122 2091 1185; x_wconf 89' lang='lat' dir='ltr'><strong>utroque</strong></span> <span class='ocrx_word' id='word_1_448' title='bbox 2123 1118 2270 1172; x_wconf 91' lang='lat' dir='ltr'><strong>enim</strong></span> <span class='ocrx_word' id='word_1_449' title='bbox 2324 1128 2706 1189; x_wconf 89' lang='lat' dir='ltr'><strong>componetur,</strong></span> <span class='ocrx_word' id='word_1_450' title='bbox 2739 1122 3013 1192; x_wconf 90' lang='lat' dir='ltr'><strong>siquidem</strong></span> <span class='ocrx_word' id='word_1_451' title='bbox 3050 1128 3295 1196; x_wconf 90' lang='lat' dir='ltr'><strong>perfecto</strong></span> <span class='ocrx_word' id='word_1_452' title='bbox 3332 1129 3435 1183; x_wconf 89' lang='lat' dir='ltr'><strong>im-</strong></span> 
     </span>
    </p>
   </div>
   <div class='ocr_carea' id='block_1_56' title="bbox 1857 1206 3431 1287">
    <p class='ocr_par' dir='ltr' id='par_1_56' title="bbox 1857 1206 3431 1287">
     <span class='ocr_line' id='line_1_56' title="bbox 1857 1206 3431 1287; baseline 0.01 -27"><span class='ocrx_word' id='word_1_453' title='bbox 1857 1206 2162 1277; x_wconf 88' lang='lat' dir='ltr'><strong>perfectum</strong></span> <span class='ocrx_word' id='word_1_454' title='bbox 2226 1210 2409 1266; x_wconf 90' lang='lat' dir='ltr'><strong>simile</strong></span> <span class='ocrx_word' id='word_1_455' title='bbox 2456 1227 2563 1267; x_wconf 90' lang='lat' dir='ltr'><strong>non</strong></span> <span class='ocrx_word' id='word_1_456' title='bbox 2623 1223 2724 1269; x_wconf 92' lang='lat' dir='ltr'><strong>est.</strong></span> <span class='ocrx_word' id='word_1_457' title='bbox 2779 1213 2835 1269; x_wconf 87' lang='lat' dir='ltr'><strong>Si</strong></span> <span class='ocrx_word' id='word_1_458' title='bbox 2896 1217 3042 1271; x_wconf 90' lang='lat' dir='ltr'><strong>enim</strong></span> <span class='ocrx_word' id='word_1_459' title='bbox 3099 1220 3283 1274; x_wconf 87' lang='lat' dir='ltr'><strong>simile</strong></span> <span class='ocrx_word' id='word_1_460' title='bbox 3337 1222 3431 1287; x_wconf 85' lang='lat' dir='ltr'><strong>sit,</strong></span> 
     </span>
    </p>
   </div>
   <div class='ocr_carea' id='block_1_57' title="bbox 1856 1286 3432 1384">
    <p class='ocr_par' dir='ltr' id='par_1_57' title="bbox 1856 1286 3432 1384">
     <span class='ocr_line' id='line_1_57' title="bbox 1856 1286 3432 1384; baseline 0.01 -31"><span class='ocrx_word' id='word_1_461' title='bbox 1856 1300 2106 1372; x_wconf 87' lang='lat' dir='ltr'><strong>nihilque</strong></span> <span class='ocrx_word' id='word_1_462' title='bbox 2137 1286 2209 1358; x_wconf 73' lang='lat' dir='ltr'><strong>sit</strong></span> <span class='ocrx_word' id='word_1_463' title='bbox 2238 1303 2381 1357; x_wconf 88' lang='lat' dir='ltr'><strong>inter</strong></span> <span class='ocrx_word' id='word_1_464' title='bbox 2405 1320 2467 1359; x_wconf 86' lang='lat' dir='ltr'><strong>ea</strong></span> <span class='ocrx_word' id='word_1_465' title='bbox 2495 1305 2856 1375; x_wconf 88' lang='lat' dir='ltr'><strong>discriminis,</strong></span> <span class='ocrx_word' id='word_1_466' title='bbox 2888 1310 3262 1382; x_wconf 89' lang='lat' dir='ltr'><strong>quodcunque</strong></span> <span class='ocrx_word' id='word_1_467' title='bbox 3309 1330 3432 1384; x_wconf 90' lang='lat' dir='ltr'><strong>pcr-</strong></span> 
     </span>
    </p>
   </div>
   <div class='ocr_carea' id='block_1_58' title="bbox 1859 1389 3435 1471">
    <p class='ocr_par' dir='ltr' id='par_1_58' title="bbox 1859 1389 3435 1471">
     <span class='ocr_line' id='line_1_58' title="bbox 1859 1389 3435 1471; baseline 0.01 -27"><span class='ocrx_word' id='word_1_468' title='bbox 1859 1389 2061 1445; x_wconf 90' lang='lat' dir='ltr'><strong>fectum</strong></span> <span class='ocrx_word' id='word_1_469' title='bbox 2103 1403 2206 1456; x_wconf 89' lang='lat' dir='ltr'><strong>est,</strong></span> <span class='ocrx_word' id='word_1_470' title='bbox 2244 1395 2448 1464; x_wconf 90' lang='lat' dir='ltr'><strong>passim</strong></span> <span class='ocrx_word' id='word_1_471' title='bbox 2505 1412 2725 1467; x_wconf 87' lang='lat' dir='ltr'><strong>quoque</strong></span> <span class='ocrx_word' id='word_1_472' title='bbox 2776 1399 2881 1455; x_wconf 87' lang='lat' dir='ltr'><strong>erit</strong></span> <span class='ocrx_word' id='word_1_473' title='bbox 2925 1401 3338 1471; x_wconf 88' lang='lat' dir='ltr'><strong>imperfectum;</strong></span> <span class='ocrx_word' id='word_1_474' title='bbox 3380 1415 3435 1459; x_wconf 79' lang='lat' dir='ltr'><strong>et</strong></span> 
     </span>
    </p>
   </div>
   <div class='ocr_carea' id='block_1_59' title="bbox 1857 1483 3435 1567">
    <p class='ocr_par' dir='ltr' id='par_1_59' title="bbox 1857 1483 3435 1567">
     <span class='ocr_line' id='line_1_59' title="bbox 1857 1483 3435 1567; baseline 0.009 -30"><span class='ocrx_word' id='word_1_475' title='bbox 1857 1483 2041 1552; x_wconf 90' lang='lat' dir='ltr'><strong>siquid</strong></span> <span class='ocrx_word' id='word_1_476' title='bbox 2077 1486 2321 1541; x_wconf 81' lang='lat' dir='ltr'><strong>vicissim</strong></span> <span class='ocrx_word' id='word_1_477' title='bbox 2377 1487 2795 1557; x_wconf 85' lang='lat' dir='ltr'><strong>imperfectum,</strong></span> <span class='ocrx_word' id='word_1_478' title='bbox 2829 1492 2963 1547; x_wconf 89' lang='lat' dir='ltr'><strong>illud</strong></span> <span class='ocrx_word' id='word_1_479' title='bbox 3000 1510 3218 1565; x_wconf 84' lang='lat' dir='ltr'><strong>quoque</strong></span> <span class='ocrx_word' id='word_1_480' title='bbox 3258 1497 3435 1567; x_wconf 81' lang='lat' dir='ltr'><strong>perfe-</strong></span> 
     </span>
    </p>
   </div>
   <div class='ocr_carea' id='block_1_60' title="bbox 1855 1574 3433 1649">
    <p class='ocr_par' dir='ltr' id='par_1_60' title="bbox 1855 1574 3433 1649">
     <span class='ocr_line' id='line_1_60' title="bbox 1855 1574 3433 1649; baseline 0.009 -24"><span class='ocrx_word' id='word_1_481' title='bbox 1855 1582 2005 1626; x_wconf 93' lang='lat' dir='ltr'><strong>ctum</strong></span> <span class='ocrx_word' id='word_1_482' title='bbox 2055 1574 2182 1639; x_wconf 90' lang='lat' dir='ltr'><strong>erit,</strong></span> <span class='ocrx_word' id='word_1_483' title='bbox 2230 1591 2333 1630; x_wconf 90' lang='lat' dir='ltr'><strong>nec</strong></span> <span class='ocrx_word' id='word_1_484' title='bbox 2382 1575 2522 1633; x_wconf 86' lang='lat' dir='ltr'><strong>Filio</strong></span> <span class='ocrx_word' id='word_1_485' title='bbox 2549 1580 2848 1649; x_wconf 87' lang='lat' dir='ltr'><strong>quidquam</strong></span> <span class='ocrx_word' id='word_1_486' title='bbox 2903 1581 3278 1649; x_wconf 87' lang='lat' dir='ltr'><strong>detrahemus,</strong></span> <span class='ocrx_word' id='word_1_487' title='bbox 3305 1585 3433 1638; x_wconf 84' lang='lat' dir='ltr'><strong>licet</strong></span> 
     </span>
    </p>
   </div>
   <div class='ocr_carea' id='block_1_61' title="bbox 1855 1664 3432 1743">
    <p class='ocr_par' dir='ltr' id='par_1_61' title="bbox 1855 1664 3432 1743">
     <span class='ocr_line' id='line_1_61' title="bbox 1855 1664 3432 1743; baseline 0.008 -27"><span class='ocrx_word' id='word_1_488' title='bbox 1855 1677 1979 1716; x_wconf 85' lang='lat' dir='ltr'><strong>eum</strong></span> <span class='ocrx_word' id='word_1_489' title='bbox 2012 1664 2353 1733; x_wconf 77' lang='lat' dir='ltr'><strong>perfectione</strong></span> <span class='ocrx_word' id='word_1_490' title='bbox 2381 1682 2573 1724; x_wconf 82' lang='lat' dir='ltr'><strong>carere</strong></span> <span class='ocrx_word' id='word_1_491' title='bbox 2605 1678 2864 1739; x_wconf 90' lang='lat' dir='ltr'><strong>putemus</strong></span> <span class='ocrx_word' id='word_1_492' title='bbox 2896 1688 2908 1724; x_wconf 91' lang='lat'>:</span> <span class='ocrx_word' id='word_1_493' title='bbox 2940 1673 3033 1728; x_wconf 89' lang='lat' dir='ltr'><strong>sed</strong></span> <span class='ocrx_word' id='word_1_494' title='bbox 3068 1689 3247 1743; x_wconf 87' lang='lat' dir='ltr'><strong>neque</strong></span> <span class='ocrx_word' id='word_1_495' title='bbox 3270 1674 3432 1730; x_wconf 82' lang='lat' dir='ltr'><strong>Pater</strong></span> 
     </span>
    </p>
   </div>
   <div class='ocr_carea' id='block_1_62' title="bbox 1855 1752 3431 1834">
    <p class='ocr_par' dir='ltr' id='par_1_62' title="bbox 1855 1752 3431 1834">
     <span class='ocr_line' id='line_1_62' title="bbox 1855 1752 3431 1834; baseline 0.01 -28"><span class='ocrx_word' id='word_1_496' title='bbox 1855 1752 2052 1807; x_wconf 89' lang='lat' dir='ltr'><strong>Filium</strong></span> <span class='ocrx_word' id='word_1_497' title='bbox 2085 1760 2405 1827; x_wconf 87' lang='lat' dir='ltr'><strong>superabit:</strong></span> <span class='ocrx_word' id='word_1_498' title='bbox 2438 1763 2692 1830; x_wconf 87' lang='lat' dir='ltr'><strong>quamvis</strong></span> <span class='ocrx_word' id='word_1_499' title='bbox 2721 1764 2769 1818; x_wconf 88' lang='lat' dir='ltr'><strong>ci</strong></span> <span class='ocrx_word' id='word_1_500' title='bbox 2804 1765 3069 1834; x_wconf 83' lang='lat' dir='ltr'><strong>perfectio</strong></span> <span class='ocrx_word' id='word_1_501' title='bbox 3098 1768 3431 1832; x_wconf 82' lang='lat' dir='ltr'><strong>ascribatur,</strong></span> 
     </span>
    </p>
   </div>
   <div class='ocr_carea' id='block_1_63' title="bbox 1858 1844 3435 1924">
    <p class='ocr_par' dir='ltr' id='par_1_63' title="bbox 1858 1844 3435 1924">
     <span class='ocr_line' id='line_1_63' title="bbox 1858 1844 3435 1924; baseline 0.01 -27"><span class='ocrx_word' id='word_1_502' title='bbox 1858 1850 1912 1897; x_wconf 86' lang='lat' dir='ltr'><strong>et</strong></span> <span class='ocrx_word' id='word_1_503' title='bbox 1940 1844 2120 1899; x_wconf 90' lang='lat' dir='ltr'><strong>soluta</strong></span> <span class='ocrx_word' id='word_1_504' title='bbox 2153 1862 2351 1905; x_wconf 87' lang='lat' dir='ltr'><strong>rursus</strong></span> <span class='ocrx_word' id='word_1_505' title='bbox 2376 1851 2538 1906; x_wconf 89' lang='lat' dir='ltr'><strong>nobis</strong></span> <span class='ocrx_word' id='word_1_506' title='bbox 2568 1860 2653 1908; x_wconf 90' lang='lat' dir='ltr'><strong>est</strong></span> <span class='ocrx_word' id='word_1_507' title='bbox 2687 1857 2920 1924; x_wconf 72' lang='lat' dir='ltr'><strong>quaestio</strong></span> <span class='ocrx_word' id='word_1_508' title='bbox 2952 1875 2963 1909; x_wconf 90' lang='lat'><strong>:</strong></span> <span class='ocrx_word' id='word_1_509' title='bbox 2998 1858 3084 1911; x_wconf 91' lang='lat' dir='ltr'><strong>sin</strong></span> <span class='ocrx_word' id='word_1_510' title='bbox 3114 1867 3296 1911; x_wconf 89' lang='lat' dir='ltr'><strong>autem</strong></span> <span class='ocrx_word' id='word_1_511' title='bbox 3330 1860 3435 1913; x_wconf 90' lang='lat' dir='ltr'><strong>im-</strong></span> 
     </span>
    </p>
   </div>
   <div class='ocr_carea' id='block_1_64' title="bbox 1857 1938 3436 2023">
    <p class='ocr_par' dir='ltr' id='par_1_64' title="bbox 1857 1938 3436 2023">
     <span class='ocr_line' id='line_1_64' title="bbox 1857 1938 3436 2023; baseline 0.009 -31"><span class='ocrx_word' id='word_1_512' title='bbox 1857 1938 2162 2008; x_wconf 84' lang='lat' dir='ltr'><strong>perfectum</strong></span> <span class='ocrx_word' id='word_1_513' title='bbox 2212 1957 2241 1995; x_wconf 91' lang='lat' dir='ltr'><strong>a</strong></span> <span class='ocrx_word' id='word_1_514' title='bbox 2282 1942 2530 2012; x_wconf 90' lang='lat' dir='ltr'><strong>perfecto</strong></span> <span class='ocrx_word' id='word_1_515' title='bbox 2556 1947 2746 2002; x_wconf 90' lang='lat' dir='ltr'><strong>multis</strong></span> <span class='ocrx_word' id='word_1_516' title='bbox 2795 1949 3107 2004; x_wconf 89' lang='lat' dir='ltr'><strong>rationibus</strong></span> <span class='ocrx_word' id='word_1_517' title='bbox 3139 1950 3436 2023; x_wconf 83' lang='lat' dir='ltr'><strong>distingui-</strong></span> 
     </span>
    </p>
   </div>
   <div class='ocr_carea' id='block_1_65' title="bbox 1858 2036 3432 2111">
    <p class='ocr_par' dir='ltr' id='par_1_65' title="bbox 1858 2036 3432 2111">
     <span class='ocr_line' id='line_1_65' title="bbox 1858 2036 3432 2111; baseline 0.008 -28"><span class='ocrx_word' id='word_1_518' title='bbox 1858 2039 1968 2096; x_wconf 90' lang='lat' dir='ltr'><strong>tur,</strong></span> <span class='ocrx_word' id='word_1_519' title='bbox 2012 2040 2304 2102; x_wconf 87' lang='lat' dir='ltr'><strong>utrumque</strong></span> <span class='ocrx_word' id='word_1_520' title='bbox 2342 2050 2469 2091; x_wconf 91' lang='lat' dir='ltr'><strong>vero</strong></span> <span class='ocrx_word' id='word_1_521' title='bbox 2516 2036 2701 2092; x_wconf 86' lang='lat' dir='ltr'><strong>divina</strong></span> <span class='ocrx_word' id='word_1_522' title='bbox 2741 2053 2962 2111; x_wconf 87' lang='lat' dir='ltr'><strong>quoque</strong></span> <span class='ocrx_word' id='word_1_523' title='bbox 3008 2050 3209 2096; x_wconf 85' lang='lat' dir='ltr'><strong>natura</strong></span> <span class='ocrx_word' id='word_1_524' title='bbox 3242 2044 3432 2097; x_wconf 87' lang='lat' dir='ltr'><strong>eodem</strong></span> 
     </span>
    </p>
   </div>
   <div class='ocr_carea' id='block_1_66' title="bbox 1856 2123 3433 2200">
    <p class='ocr_par' dir='ltr' id='par_1_66' title="bbox 1856 2123 3433 2200">
     <span class='ocr_line' id='line_1_66' title="bbox 1856 2123 3433 2200; baseline 0.008 -26"><span class='ocrx_word' id='word_1_525' title='bbox 1856 2123 2021 2177; x_wconf 88' lang='lat' dir='ltr'><strong>modo</strong></span> <span class='ocrx_word' id='word_1_526' title='bbox 2047 2126 2301 2195; x_wconf 87' lang='lat' dir='ltr'><strong>suscipit,</strong></span> <span class='ocrx_word' id='word_1_527' title='bbox 2336 2128 2639 2198; x_wconf 89' lang='lat' dir='ltr'><strong>composita</strong></span> <span class='ocrx_word' id='word_1_528' title='bbox 2674 2129 2843 2200; x_wconf 83' lang='lat' dir='ltr'><strong>igitur</strong></span> <span class='ocrx_word' id='word_1_529' title='bbox 2888 2132 3015 2199; x_wconf 89' lang='lat' dir='ltr'><strong>erit,</strong></span> <span class='ocrx_word' id='word_1_530' title='bbox 3042 2142 3096 2188; x_wconf 87' lang='lat' dir='ltr'><strong>et</strong></span> <span class='ocrx_word' id='word_1_531' title='bbox 3145 2148 3257 2188; x_wconf 93' lang='lat' dir='ltr'><strong>non</strong></span> <span class='ocrx_word' id='word_1_532' title='bbox 3299 2133 3433 2188; x_wconf 83' lang='lat' dir='ltr'><strong>sim-</strong></span> 
     </span>
    </p>
   </div>
   <div class='ocr_carea' id='block_1_67' title="bbox 1858 2214 3432 2292">
    <p class='ocr_par' dir='ltr' id='par_1_67' title="bbox 1858 2214 3432 2292">
     <span class='ocr_line' id='line_1_67' title="bbox 1858 2214 3432 2292; baseline 0.006 -24"><span class='ocrx_word' id='word_1_533' title='bbox 1858 2216 2001 2283; x_wconf 80' lang='lat' dir='ltr'><strong>plcx.</strong></span> <span class='ocrx_word' id='word_1_534' title='bbox 2032 2214 2137 2270; x_wconf 87' lang='lat' dir='ltr'><strong>Sed</strong></span> <span class='ocrx_word' id='word_1_535' title='bbox 2177 2216 2362 2273; x_wconf 84' lang='lat' dir='ltr'><strong>forsan</strong></span> <span class='ocrx_word' id='word_1_536' title='bbox 2396 2218 2539 2274; x_wconf 89' lang='lat' dir='ltr'><strong>dicet</strong></span> <span class='ocrx_word' id='word_1_537' title='bbox 2575 2221 2874 2292; x_wconf 87' lang='lat' dir='ltr'><strong>quispiam,</strong></span> <span class='ocrx_word' id='word_1_538' title='bbox 2918 2226 3198 2279; x_wconf 89' lang='lat' dir='ltr'><strong>contraria</strong></span> <span class='ocrx_word' id='word_1_539' title='bbox 3237 2225 3291 2279; x_wconf 90' lang='lat' dir='ltr'><strong>in</strong></span> <span class='ocrx_word' id='word_1_540' title='bbox 3322 2240 3432 2278; x_wconf 88' lang='lat' dir='ltr'><strong>uno</strong></span> 
     </span>
    </p>
   </div>
   <div class='ocr_carea' id='block_1_68' title="bbox 1856 2308 3434 2388">
    <p class='ocr_par' dir='ltr' id='par_1_68' title="bbox 1856 2308 3434 2388">
     <span class='ocr_line' id='line_1_68' title="bbox 1856 2308 3434 2388; baseline 0.007 -26"><span class='ocrx_word' id='word_1_541' title='bbox 1856 2308 2106 2377; x_wconf 85' lang='lat' dir='ltr'><strong>subjecto</strong></span> <span class='ocrx_word' id='word_1_542' title='bbox 2154 2310 2319 2364; x_wconf 90' lang='lat' dir='ltr'><strong>simul</strong></span> <span class='ocrx_word' id='word_1_543' title='bbox 2378 2326 2487 2365; x_wconf 93' lang='lat' dir='ltr'><strong>non</strong></span> <span class='ocrx_word' id='word_1_544' title='bbox 2521 2328 2684 2383; x_wconf 87' lang='lat' dir='ltr'><strong>posse</strong></span> <span class='ocrx_word' id='word_1_545' title='bbox 2735 2315 3021 2383; x_wconf 79' lang='lat' dir='ltr'><strong>exsistere,</strong></span> <span class='ocrx_word' id='word_1_546' title='bbox 3056 2326 3115 2371; x_wconf 93' lang='lat' dir='ltr'><strong>ut</strong></span> <span class='ocrx_word' id='word_1_547' title='bbox 3162 2317 3217 2372; x_wconf 90' lang='lat' dir='ltr'><strong>in</strong></span> <span class='ocrx_word' id='word_1_548' title='bbox 3272 2319 3434 2388; x_wconf 78' lang='lat'><strong>118</strong></span> 
     </span>
    </p>
   </div>
   <div class='ocr_carea' id='block_1_69' title="bbox 1855 2401 3430 2479">
    <p class='ocr_par' dir='ltr' id='par_1_69' title="bbox 1855 2401 3430 2479">
     <span class='ocr_line' id='line_1_69' title="bbox 1855 2401 3430 2479; baseline 0.004 -25"><span class='ocrx_word' id='word_1_549' title='bbox 1855 2414 2109 2470; x_wconf 89' lang='lat' dir='ltr'><strong>corpore,</strong></span> <span class='ocrx_word' id='word_1_550' title='bbox 2144 2401 2377 2471; x_wconf 76' lang='lat' dir='ltr'><strong>exempli</strong></span> <span class='ocrx_word' id='word_1_551' title='bbox 2409 2417 2600 2469; x_wconf 89' lang='lat' dir='ltr'><strong>causa,</strong></span> <span class='ocrx_word' id='word_1_552' title='bbox 2628 2405 2787 2460; x_wconf 86' lang='lat' dir='ltr'><strong>albus</strong></span> <span class='ocrx_word' id='word_1_553' title='bbox 2810 2407 2965 2461; x_wconf 88' lang='lat' dir='ltr'><strong>color</strong></span> <span class='ocrx_word' id='word_1_554' title='bbox 2994 2422 3058 2462; x_wconf 91' lang='lat' dir='ltr'><strong>ac</strong></span> <span class='ocrx_word' id='word_1_555' title='bbox 3090 2408 3244 2479; x_wconf 88' lang='lat' dir='ltr'><strong>niger</strong></span> <span class='ocrx_word' id='word_1_556' title='bbox 3267 2409 3430 2462; x_wconf 91' lang='lat' dir='ltr'><strong>simul</strong></span> 
     </span>
    </p>
   </div>
   <div class='ocr_carea' id='block_1_70' title="bbox 1854 2491 3432 2564">
    <p class='ocr_par' dir='ltr' id='par_1_70' title="bbox 1854 2491 3432 2564">
     <span class='ocr_line' id='line_1_70' title="bbox 1854 2491 3432 2564; baseline 0.004 -19"><span class='ocrx_word' id='word_1_557' title='bbox 1854 2505 1978 2545; x_wconf 90' lang='lat' dir='ltr'><strong>esse</strong></span> <span class='ocrx_word' id='word_1_558' title='bbox 2024 2498 2327 2558; x_wconf 87' lang='lat' dir='ltr'><strong>nequeunt.</strong></span> <span class='ocrx_word' id='word_1_559' title='bbox 2353 2491 2499 2547; x_wconf 87' lang='lat' dir='ltr'><strong>Bene</strong></span> <span class='ocrx_word' id='word_1_560' title='bbox 2541 2493 2727 2561; x_wconf 87' lang='lat' dir='ltr'><strong>habet,</strong></span> <span class='ocrx_word' id='word_1_561' title='bbox 2771 2496 2981 2564; x_wconf 88' lang='lat' dir='ltr'><strong>amice;</strong></span> <span class='ocrx_word' id='word_1_562' title='bbox 3015 2499 3228 2553; x_wconf 85' lang='lat' dir='ltr'><strong>nostris</strong></span> <span class='ocrx_word' id='word_1_563' title='bbox 3263 2497 3432 2553; x_wconf 86' lang='lat' dir='ltr'><strong>dictis</strong></span> 
     </span>
    </p>
   </div>
   <div class='ocr_carea' id='block_1_71' title="bbox 1853 2581 3433 2656">
    <p class='ocr_par' dir='ltr' id='par_1_71' title="bbox 1853 2581 3433 2656">
     <span class='ocr_line' id='line_1_71' title="bbox 1853 2581 3433 2656; baseline 0.004 -21"><span class='ocrx_word' id='word_1_564' title='bbox 1853 2581 2076 2652; x_wconf 80' lang='lat' dir='ltr'><strong>egregie</strong></span> <span class='ocrx_word' id='word_1_565' title='bbox 2117 2590 2173 2635; x_wconf 91' lang='lat' dir='ltr'><strong>tu</strong></span> <span class='ocrx_word' id='word_1_566' title='bbox 2205 2597 2425 2652; x_wconf 92' lang='lat' dir='ltr'><strong>quoque</strong></span> <span class='ocrx_word' id='word_1_567' title='bbox 2456 2584 2798 2656; x_wconf 73' lang='lat' dir='ltr'><strong>suffragaris.</strong></span> <span class='ocrx_word' id='word_1_568' title='bbox 2826 2585 2963 2641; x_wconf 88' lang='lat' dir='ltr'><strong>Nam</strong></span> <span class='ocrx_word' id='word_1_569' title='bbox 2996 2588 3042 2642; x_wconf 91' lang='lat' dir='ltr'><strong>si</strong></span> <span class='ocrx_word' id='word_1_570' title='bbox 3081 2604 3188 2643; x_wconf 90' lang='lat' dir='ltr'><strong>una</strong></span> <span class='ocrx_word' id='word_1_571' title='bbox 3221 2596 3307 2644; x_wconf 91' lang='lat' dir='ltr'><strong>est</strong></span> <span class='ocrx_word' id='word_1_572' title='bbox 3337 2605 3433 2643; x_wconf 84' lang='lat' dir='ltr'><strong>na-</strong></span> 
     </span>
    </p>
   </div>
   <div class='ocr_carea' id='block_1_72' title="bbox 1856 2673 3432 2749">
    <p class='ocr_par' dir='ltr' id='par_1_72' title="bbox 1856 2673 3432 2749">
     <span class='ocr_line' id='line_1_72' title="bbox 1856 2673 3432 2749; baseline 0.006 -24"><span class='ocrx_word' id='word_1_573' title='bbox 1856 2680 1978 2727; x_wconf 89' lang='lat' dir='ltr'><strong>tura</strong></span> <span class='ocrx_word' id='word_1_574' title='bbox 2039 2673 2255 2736; x_wconf 87' lang='lat' dir='ltr'><strong>divina,</strong></span> <span class='ocrx_word' id='word_1_575' title='bbox 2302 2689 2403 2728; x_wconf 89' lang='lat' dir='ltr'><strong>nec</strong></span> <span class='ocrx_word' id='word_1_576' title='bbox 2446 2683 2644 2743; x_wconf 83' lang='lat' dir='ltr'><strong>praeter</strong></span> <span class='ocrx_word' id='word_1_577' title='bbox 2687 2692 2805 2730; x_wconf 88' lang='lat' dir='ltr'><strong>eam</strong></span> <span class='ocrx_word' id='word_1_578' title='bbox 2862 2679 3033 2732; x_wconf 89' lang='lat' dir='ltr'><strong>altera</strong></span> <span class='ocrx_word' id='word_1_579' title='bbox 3063 2719 3078 2744; x_wconf 95' lang='lat'><strong>,</strong></span> <span class='ocrx_word' id='word_1_580' title='bbox 3134 2682 3432 2749; x_wconf 92' lang='lat' dir='ltr'><strong>quomodo,</strong></span> 
     </span>
    </p>
   </div>
   <div class='ocr_carea' id='block_1_73' title="bbox 1856 2762 3434 2836">
    <p class='ocr_par' dir='ltr' id='par_1_73' title="bbox 1856 2762 3434 2836">
     <span class='ocr_line' id='line_1_73' title="bbox 1856 2762 3434 2836; baseline 0.005 -19"><span class='ocrx_word' id='word_1_581' title='bbox 1856 2779 2064 2833; x_wconf 68' lang='lat' dir='ltr'><strong>quaeso,</strong></span> <span class='ocrx_word' id='word_1_582' title='bbox 2088 2762 2338 2817; x_wconf 87' lang='lat' dir='ltr'><strong>admittet</strong></span> <span class='ocrx_word' id='word_1_583' title='bbox 2368 2766 2684 2819; x_wconf 84' lang='lat' dir='ltr'><strong>contraria?</strong></span> <span class='ocrx_word' id='word_1_584' title='bbox 2705 2769 2983 2836; x_wconf 90' lang='lat' dir='ltr'><strong>quomodo</strong></span> <span class='ocrx_word' id='word_1_585' title='bbox 3018 2770 3073 2824; x_wconf 91' lang='lat' dir='ltr'><strong>in</strong></span> <span class='ocrx_word' id='word_1_586' title='bbox 3103 2787 3270 2825; x_wconf 91' lang='lat' dir='ltr'><strong>unum</strong></span> <span class='ocrx_word' id='word_1_587' title='bbox 3300 2774 3434 2826; x_wconf 85' lang='lat' dir='ltr'><strong>sub-</strong></span> 
     </span>
    </p>
   </div>
   <div class='ocr_carea' id='block_1_74' title="bbox 1850 2856 3433 2927">
    <p class='ocr_par' dir='ltr' id='par_1_74' title="bbox 1850 2856 3433 2927">
     <span class='ocr_line' id='line_1_74' title="bbox 1850 2856 3433 2927; baseline 0.003 -16"><span class='ocrx_word' id='word_1_588' title='bbox 1850 2858 2057 2927; x_wconf 89' lang='lat' dir='ltr'><strong>jectum</strong></span> <span class='ocrx_word' id='word_1_589' title='bbox 2087 2871 2209 2925; x_wconf 71' lang='lat' dir='ltr'><strong>quae</strong></span> <span class='ocrx_word' id='word_1_590' title='bbox 2236 2856 2378 2909; x_wconf 89' lang='lat' dir='ltr'><strong>inter</strong></span> <span class='ocrx_word' id='word_1_591' title='bbox 2410 2871 2470 2911; x_wconf 91' lang='lat' dir='ltr'><strong>se</strong></span> <span class='ocrx_word' id='word_1_592' title='bbox 2495 2857 2787 2912; x_wconf 88' lang='lat' dir='ltr'><strong>dissimilia</strong></span> <span class='ocrx_word' id='word_1_593' title='bbox 2825 2868 2954 2914; x_wconf 86' lang='lat' dir='ltr'><strong>sunt</strong></span> <span class='ocrx_word' id='word_1_594' title='bbox 2984 2863 3433 2917; x_wconf 86' lang='lat' dir='ltr'><strong>convenient?At</strong></span> 
     </span>
    </p>
   </div>
   <div class='ocr_carea' id='block_1_75' title="bbox 1853 2946 3432 3024">
    <p class='ocr_par' dir='ltr' id='par_1_75' title="bbox 1853 2946 3432 3024">
     <span class='ocr_line' id='line_1_75' title="bbox 1853 2946 3432 3024; baseline 0.003 -21"><span class='ocrx_word' id='word_1_595' title='bbox 1853 2963 1978 3003; x_wconf 87' lang='lat' dir='ltr'><strong>cum</strong></span> <span class='ocrx_word' id='word_1_596' title='bbox 2015 2946 2176 3001; x_wconf 88' lang='lat' dir='ltr'><strong>Pater</strong></span> <span class='ocrx_word' id='word_1_597' title='bbox 2206 2946 2351 3002; x_wconf 90' lang='lat' dir='ltr'><strong>Deus</strong></span> <span class='ocrx_word' id='word_1_598' title='bbox 2384 2948 2457 3003; x_wconf 87' lang='lat' dir='ltr'><strong>sit</strong></span> <span class='ocrx_word' id='word_1_599' title='bbox 2489 2948 2792 3003; x_wconf 85' lang='lat' dir='ltr'><strong>secundum</strong></span> <span class='ocrx_word' id='word_1_600' title='bbox 2830 2960 3106 3021; x_wconf 87' lang='lat' dir='ltr'><strong>naturam,</strong></span> <span class='ocrx_word' id='word_1_601' title='bbox 3126 2951 3267 3009; x_wconf 90' lang='lat' dir='ltr'><strong>Deus</strong></span> <span class='ocrx_word' id='word_1_602' title='bbox 3292 2970 3432 3024; x_wconf 88' lang='lat' dir='ltr'><strong>quo—</strong></span> 
     </span>
    </p>
   </div>
   <div class='ocr_carea' id='block_1_76' title="bbox 1854 3040 3434 3116">
    <p class='ocr_par' dir='ltr' id='par_1_76' title="bbox 1854 3040 3434 3116">
     <span class='ocr_line' id='line_1_76' title="bbox 1854 3040 3434 3116; baseline 0.005 -24"><span class='ocrx_word' id='word_1_603' title='bbox 1854 3054 1962 3109; x_wconf 83' lang='lat' dir='ltr'><strong>que</strong></span> <span class='ocrx_word' id='word_1_604' title='bbox 2004 3040 2308 3094; x_wconf 89' lang='lat' dir='ltr'><strong>secundum</strong></span> <span class='ocrx_word' id='word_1_605' title='bbox 2340 3050 2595 3094; x_wconf 86' lang='lat' dir='ltr'><strong>naturam</strong></span> <span class='ocrx_word' id='word_1_606' title='bbox 2644 3050 2726 3096; x_wconf 91' lang='lat' dir='ltr'><strong>est</strong></span> <span class='ocrx_word' id='word_1_607' title='bbox 2748 3040 2920 3097; x_wconf 87' lang='lat' dir='ltr'><strong>Filius</strong></span> <span class='ocrx_word' id='word_1_608' title='bbox 2947 3062 2960 3098; x_wconf 89' lang='lat'><strong>:</strong></span> <span class='ocrx_word' id='word_1_609' title='bbox 2987 3045 3123 3098; x_wconf 88' lang='lat' dir='ltr'><strong>nihil</strong></span> <span class='ocrx_word' id='word_1_610' title='bbox 3167 3060 3298 3116; x_wconf 89' lang='lat' dir='ltr'><strong>ergo</strong></span> <span class='ocrx_word' id='word_1_611' title='bbox 3327 3047 3434 3100; x_wconf 90' lang='lat' dir='ltr'><strong>dif-</strong></span> 
     </span>
    </p>
   </div>
   <div class='ocr_carea' id='block_1_77' title="bbox 1855 3132 3432 3210">
    <p class='ocr_par' dir='ltr' id='par_1_77' title="bbox 1855 3132 3432 3210">
     <span class='ocr_line' id='line_1_77' title="bbox 1855 3132 3432 3210; baseline 0.006 -24"><span class='ocrx_word' id='word_1_612' title='bbox 1855 3132 1993 3187; x_wconf 81' lang='lat' dir='ltr'><strong>feret</strong></span> <span class='ocrx_word' id='word_1_613' title='bbox 2026 3132 2117 3188; x_wconf 90' lang='lat' dir='ltr'><strong>ille</strong></span> <span class='ocrx_word' id='word_1_614' title='bbox 2145 3147 2175 3186; x_wconf 91' lang='lat' dir='ltr'><strong>a</strong></span> <span class='ocrx_word' id='word_1_615' title='bbox 2201 3132 2384 3196; x_wconf 88' lang='lat' dir='ltr'><strong>Patre,</strong></span> <span class='ocrx_word' id='word_1_616' title='bbox 2412 3135 2626 3188; x_wconf 87' lang='lat' dir='ltr'><strong>ratione</strong></span> <span class='ocrx_word' id='word_1_617' title='bbox 2655 3134 3039 3203; x_wconf 86' lang='lat' dir='ltr'><strong>perfectionis,</strong></span> <span class='ocrx_word' id='word_1_618' title='bbox 3076 3137 3171 3208; x_wconf 92' lang='lat' dir='ltr'><strong>qui</strong></span> <span class='ocrx_word' id='word_1_619' title='bbox 3210 3154 3275 3194; x_wconf 89' lang='lat' dir='ltr'><strong>ex</strong></span> <span class='ocrx_word' id='word_1_620' title='bbox 3311 3140 3432 3210; x_wconf 88' lang='lat' dir='ltr'><strong>ejus</strong></span> 
     </span>
    </p>
   </div>
   <div class='ocr_carea' id='block_1_78' title="bbox 1851 3224 3433 3298">
    <p class='ocr_par' dir='ltr' id='par_1_78' title="bbox 1851 3224 3433 3298">
     <span class='ocr_line' id='line_1_78' title="bbox 1851 3224 3433 3298; baseline 0.005 -19"><span class='ocrx_word' id='word_1_621' title='bbox 1851 3224 2036 3279; x_wconf 89' lang='lat' dir='ltr'><strong>divina</strong></span> <span class='ocrx_word' id='word_1_622' title='bbox 2068 3233 2122 3280; x_wconf 90' lang='lat' dir='ltr'><strong>ct</strong></span> <span class='ocrx_word' id='word_1_623' title='bbox 2166 3225 2570 3295; x_wconf 86' lang='lat' dir='ltr'><strong>perfectissima</strong></span> <span class='ocrx_word' id='word_1_624' title='bbox 2602 3225 2913 3281; x_wconf 88' lang='lat' dir='ltr'><strong>substantia</strong></span> <span class='ocrx_word' id='word_1_625' title='bbox 2946 3231 3235 3298; x_wconf 89' lang='lat' dir='ltr'><strong>processit.</strong></span> <span class='ocrx_word' id='word_1_626' title='bbox 3264 3229 3433 3287; x_wconf 86' lang='lat' dir='ltr'><strong>Num-</strong></span> 
     </span>
    </p>
   </div>
   <div class='ocr_carea' id='block_1_79' title="bbox 1849 3316 3432 3394">
    <p class='ocr_par' dir='ltr' id='par_1_79' title="bbox 1849 3316 3432 3394">
     <span class='ocr_line' id='line_1_79' title="bbox 1849 3316 3432 3394; baseline 0.006 -25"><span class='ocrx_word' id='word_1_627' title='bbox 1849 3316 1982 3386; x_wconf 89' lang='lat' dir='ltr'><strong>quid</strong></span> <span class='ocrx_word' id='word_1_628' title='bbox 2013 3316 2185 3384; x_wconf 90' lang='lat' dir='ltr'><strong>enim,</strong></span> <span class='ocrx_word' id='word_1_629' title='bbox 2217 3331 2430 3387; x_wconf 63' lang='lat' dir='ltr'><strong>quaeso,</strong></span> <span class='ocrx_word' id='word_1_630' title='bbox 2454 3331 2684 3372; x_wconf 88' lang='lat' dir='ltr'><strong>necesse</strong></span> <span class='ocrx_word' id='word_1_631' title='bbox 2706 3331 2814 3371; x_wconf 93' lang='lat' dir='ltr'><strong>non</strong></span> <span class='ocrx_word' id='word_1_632' title='bbox 2849 3326 2935 3374; x_wconf 88' lang='lat' dir='ltr'><strong>est</strong></span> <span class='ocrx_word' id='word_1_633' title='bbox 2959 3334 3081 3374; x_wconf 92' lang='lat' dir='ltr'><strong>eum</strong></span> <span class='ocrx_word' id='word_1_634' title='bbox 3107 3336 3229 3377; x_wconf 90' lang='lat' dir='ltr'><strong>esse</strong></span> <span class='ocrx_word' id='word_1_635' title='bbox 3252 3322 3432 3394; x_wconf 88' lang='lat' dir='ltr'><strong>perfe-</strong></span> 
     </span>
    </p>
   </div>
   <div class='ocr_carea' id='block_1_80' title="bbox 1849 3406 3431 3482">
    <p class='ocr_par' dir='ltr' id='par_1_80' title="bbox 1849 3406 3431 3482">
     <span class='ocr_line' id='line_1_80' title="bbox 1849 3406 3431 3482; baseline 0.004 -19"><span class='ocrx_word' id='word_1_636' title='bbox 1849 3418 2021 3472; x_wconf 87' lang='lat' dir='ltr'><strong>ctum,</strong></span> <span class='ocrx_word' id='word_1_637' title='bbox 2039 3409 2131 3479; x_wconf 93' lang='lat' dir='ltr'><strong>qui</strong></span> <span class='ocrx_word' id='word_1_638' title='bbox 2151 3424 2213 3464; x_wconf 81' lang='lat' dir='ltr'><strong>ex</strong></span> <span class='ocrx_word' id='word_1_639' title='bbox 2231 3408 2475 3479; x_wconf 85' lang='lat' dir='ltr'><strong>perfecto</strong></span> <span class='ocrx_word' id='word_1_640' title='bbox 2489 3416 2573 3464; x_wconf 92' lang='lat' dir='ltr'><strong>est</strong></span> <span class='ocrx_word' id='word_1_641' title='bbox 2588 3406 2771 3476; x_wconf 85' lang='lat' dir='ltr'><strong>Patre,</strong></span> <span class='ocrx_word' id='word_1_642' title='bbox 2786 3410 3053 3480; x_wconf 87' lang='lat' dir='ltr'><strong>siquidem</strong></span> <span class='ocrx_word' id='word_1_643' title='bbox 3066 3412 3114 3482; x_wconf 88' lang='lat' dir='ltr'><strong>ej</strong></span> <span class='ocrx_word' id='word_1_644' title='bbox 3126 3428 3190 3467; x_wconf 91' lang='lat' dir='ltr'><strong>us</strong></span> <span class='ocrx_word' id='word_1_645' title='bbox 3206 3423 3289 3469; x_wconf 88' lang='lat' dir='ltr'><strong>est</strong></span> <span class='ocrx_word' id='word_1_646' title='bbox 3307 3430 3431 3470; x_wconf 90' lang='lat' dir='ltr'><strong>cum</strong></span> 
     </span>
    </p>
   </div>
   <div class='ocr_carea' id='block_1_81' title="bbox 1849 3498 3431 3573">
    <p class='ocr_par' dir='ltr' id='par_1_81' title="bbox 1849 3498 3431 3573">
     <span class='ocr_line' id='line_1_81' title="bbox 1849 3498 3431 3573; baseline 0.004 -16"><span class='ocrx_word' id='word_1_647' title='bbox 1849 3517 1947 3572; x_wconf 87' lang='lat' dir='ltr'><strong>per</strong></span> <span class='ocrx_word' id='word_1_648' title='bbox 1969 3503 2152 3555; x_wconf 89' lang='lat' dir='ltr'><strong>omnia</strong></span> <span class='ocrx_word' id='word_1_649' title='bbox 2181 3502 2377 3556; x_wconf 89' lang='lat' dir='ltr'><strong>similis</strong></span> <span class='ocrx_word' id='word_1_650' title='bbox 2402 3498 2605 3573; x_wconf 83' lang='lat' dir='ltr'><strong>imago,</strong></span> <span class='ocrx_word' id='word_1_651' title='bbox 2625 3509 2740 3557; x_wconf 89' lang='lat' dir='ltr'><strong>tum</strong></span> <span class='ocrx_word' id='word_1_652' title='bbox 2771 3503 3099 3559; x_wconf 68' lang='lat' dir='ltr'><strong>substantiae</strong></span> <span class='ocrx_word' id='word_1_653' title='bbox 3123 3504 3431 3571; x_wconf 88' lang='lat' dir='ltr'><strong>character,</strong></span> 
     </span>
    </p>
   </div>
   <div class='ocr_carea' id='block_1_82' title="bbox 1850 3593 3434 3663">
    <p class='ocr_par' dir='ltr' id='par_1_82' title="bbox 1850 3593 3434 3663">
     <span class='ocr_line' id='line_1_82' title="bbox 1850 3593 3434 3663; baseline 0.004 -17"><span class='ocrx_word' id='word_1_654' title='bbox 1850 3599 1911 3646; x_wconf 91' lang='lat' dir='ltr'><strong>ut</strong></span> <span class='ocrx_word' id='word_1_655' title='bbox 1969 3594 2236 3663; x_wconf 88' lang='lat' dir='ltr'><strong>scriptum</strong></span> <span class='ocrx_word' id='word_1_656' title='bbox 2286 3601 2372 3648; x_wconf 90' lang='lat' dir='ltr'><strong>est</strong></span> <span class='ocrx_word' id='word_1_657' title='bbox 2404 3593 2500 3647; x_wconf 69' lang='grc' dir='ltr'><strong>ὀἳ</strong></span> <span class='ocrx_word' id='word_1_658' title='bbox 2554 3593 2659 3649; x_wconf 85' lang='lat' dir='ltr'><strong>Sed</strong></span> <span class='ocrx_word' id='word_1_659' title='bbox 2710 3609 2874 3649; x_wconf 90' lang='lat' dir='ltr'><strong>nemo</strong></span> <span class='ocrx_word' id='word_1_660' title='bbox 2926 3610 3037 3650; x_wconf 90' lang='lat' dir='ltr'><strong>non</strong></span> <span class='ocrx_word' id='word_1_661' title='bbox 3094 3598 3434 3654; x_wconf 89' lang='lat' dir='ltr'><strong>assentietur</strong></span> 
     </span>
    </p>
   </div>
   <div class='ocr_carea' id='block_1_83' title="bbox 1850 3684 3432 3760">
    <p class='ocr_par' dir='ltr' id='par_1_83' title="bbox 1850 3684 3432 3760">
     <span class='ocr_line' id='line_1_83' title="bbox 1850 3684 3432 3760; baseline 0.006 -22"><span class='ocrx_word' id='word_1_662' title='bbox 1850 3684 2031 3750; x_wconf 86' lang='lat' dir='ltr'><strong>nobis,</strong></span> <span class='ocrx_word' id='word_1_663' title='bbox 2065 3685 2285 3755; x_wconf 89' lang='lat' dir='ltr'><strong>opinor,</strong></span> <span class='ocrx_word' id='word_1_664' title='bbox 2338 3694 2393 3741; x_wconf 90' lang='lat' dir='ltr'><strong>et</strong></span> <span class='ocrx_word' id='word_1_665' title='bbox 2442 3684 2834 3757; x_wconf 72' lang='lat' dir='ltr'><strong>suffragabitur</strong></span> <span class='ocrx_word' id='word_1_666' title='bbox 2886 3706 2899 3742; x_wconf 89' lang='lat'><strong>:</strong></span> <span class='ocrx_word' id='word_1_667' title='bbox 2945 3687 3152 3759; x_wconf 89' lang='lat' dir='ltr'><strong>alioqui</strong></span> <span class='ocrx_word' id='word_1_668' title='bbox 3202 3691 3432 3760; x_wconf 89' lang='lat' dir='ltr'><strong>prodeat</strong></span> 
     </span>
    </p>
   </div>
   <div class='ocr_carea' id='block_1_84' title="bbox 1850 3776 3430 3850">
    <p class='ocr_par' dir='ltr' id='par_1_84' title="bbox 1850 3776 3430 3850">
     <span class='ocr_line' id='line_1_84' title="bbox 1850 3776 3430 3850; baseline 0.006 -22"><span class='ocrx_word' id='word_1_669' title='bbox 1850 3790 2050 3831; x_wconf 92' lang='lat' dir='ltr'><strong>rursus</strong></span> <span class='ocrx_word' id='word_1_670' title='bbox 2085 3776 2139 3830; x_wconf 88' lang='lat' dir='ltr'><strong>in</strong></span> <span class='ocrx_word' id='word_1_671' title='bbox 2173 3776 2435 3841; x_wconf 89' lang='lat' dir='ltr'><strong>medium,</strong></span> <span class='ocrx_word' id='word_1_672' title='bbox 2465 3785 2520 3832; x_wconf 88' lang='lat' dir='ltr'><strong>et</strong></span> <span class='ocrx_word' id='word_1_673' title='bbox 2554 3779 2706 3832; x_wconf 90' lang='lat' dir='ltr'><strong>dicat</strong></span> <span class='ocrx_word' id='word_1_674' title='bbox 2738 3778 3018 3849; x_wconf 91' lang='lat' dir='ltr'><strong>quomodo</strong></span> <span class='ocrx_word' id='word_1_675' title='bbox 3055 3780 3283 3850; x_wconf 88' lang='lat' dir='ltr'><strong>perfecti</strong></span> <span class='ocrx_word' id='word_1_676' title='bbox 3326 3783 3430 3837; x_wconf 77' lang='lat' dir='ltr'><strong>Ps-</strong></span> 
     </span>
    </p>
   </div>
   <div class='ocr_carea' id='block_1_85' title="bbox 1850 3864 3433 3938">
    <p class='ocr_par' dir='ltr' id='par_1_85' title="bbox 1850 3864 3433 3938">
     <span class='ocr_line' id='line_1_85' title="bbox 1850 3864 3433 3938; baseline 0.006 -18"><span class='ocrx_word' id='word_1_677' title='bbox 1850 3866 1953 3921; x_wconf 91' lang='lat' dir='ltr'><strong>tris</strong></span> <span class='ocrx_word' id='word_1_678' title='bbox 2010 3864 2233 3923; x_wconf 89' lang='lat' dir='ltr'><strong>futurus</strong></span> <span class='ocrx_word' id='word_1_679' title='bbox 2297 3868 2369 3922; x_wconf 92' lang='lat' dir='ltr'><strong>sit</strong></span> <span class='ocrx_word' id='word_1_680' title='bbox 2427 3869 2771 3938; x_wconf 78' lang='lat' dir='ltr'><strong>aequalis&#39;in</strong></span> <span class='ocrx_word' id='word_1_681' title='bbox 2832 3872 3095 3927; x_wconf 88' lang='lat' dir='ltr'><strong>omnibus</strong></span> <span class='ocrx_word' id='word_1_682' title='bbox 3144 3873 3433 3931; x_wconf 88' lang='lat' dir='ltr'><strong>character</strong></span> 
     </span>
    </p>
   </div>
   <div class='ocr_carea' id='block_1_86' title="bbox 1849 3955 3432 4033">
    <p class='ocr_par' dir='ltr' id='par_1_86' title="bbox 1849 3955 3432 4033">
     <span class='ocr_line' id='line_1_86' title="bbox 1849 3955 3432 4033; baseline 0.004 -23"><span class='ocrx_word' id='word_1_683' title='bbox 1849 3955 2048 4023; x_wconf 86' lang='lat' dir='ltr'><strong>Filius,</strong></span> <span class='ocrx_word' id='word_1_684' title='bbox 2096 3957 2143 4012; x_wconf 91' lang='lat' dir='ltr'><strong>si</strong></span> <span class='ocrx_word' id='word_1_685' title='bbox 2190 3965 2389 4011; x_wconf 90' lang='lat' dir='ltr'><strong>natura</strong></span> <span class='ocrx_word' id='word_1_686' title='bbox 2443 3974 2541 4014; x_wconf 87' lang='lat' dir='ltr'><strong>sua</strong></span> <span class='ocrx_word' id='word_1_687' title='bbox 2591 3959 2880 4030; x_wconf 91' lang='lat' dir='ltr'><strong>perfectus</strong></span> <span class='ocrx_word' id='word_1_688' title='bbox 2934 3977 3057 4018; x_wconf 87' lang='lat' dir='ltr'><strong>esse</strong></span> <span class='ocrx_word' id='word_1_689' title='bbox 3100 3964 3322 4033; x_wconf 85' lang='lat' dir='ltr'><strong>nequit,</strong></span> <span class='ocrx_word' id='word_1_690' title='bbox 3371 3974 3432 4019; x_wconf 92' lang='lat' dir='ltr'><strong>ut</strong></span> 
     </span>
    </p>
   </div>
   <div class='ocr_carea' id='block_1_87' title="bbox 1850 4048 3541 4120">
    <p class='ocr_par' dir='ltr' id='par_1_87' title="bbox 1850 4048 3541 4120">
     <span class='ocr_line' id='line_1_87' title="bbox 1850 4048 3541 4120; baseline 0.001 -14"><span class='ocrx_word' id='word_1_691' title='bbox 1850 4050 2017 4106; x_wconf 84' lang='lat' dir='ltr'><strong>stulte</strong></span> <span class='ocrx_word' id='word_1_692' title='bbox 2060 4048 2284 4120; x_wconf 90' lang='lat' dir='ltr'><strong>quidam</strong></span> <span class='ocrx_word' id='word_1_693' title='bbox 2328 4050 2596 4105; x_wconf 90' lang='lat' dir='ltr'><strong>sentiunt.</strong></span> <span class='ocrx_word' id='word_1_694' title='bbox 2634 4049 2773 4106; x_wconf 89' lang='lat' dir='ltr'><strong>Cum</strong></span> <span class='ocrx_word' id='word_1_695' title='bbox 2816 4061 2996 4108; x_wconf 90' lang='lat' dir='ltr'><strong>autem</strong></span> <span class='ocrx_word' id='word_1_696' title='bbox 3038 4052 3110 4109; x_wconf 88' lang='lat' dir='ltr'><strong>sit</strong></span> <span class='ocrx_word' id='word_1_697' title='bbox 3143 4055 3432 4110; x_wconf 86' lang='lat' dir='ltr'><strong>character</strong></span> <span class='ocrx_word' id='word_1_698' title='bbox 3536 4088 3541 4091; x_wconf 56' lang='grc' dir='ltr'><strong>ι</strong></span> 
     </span>
    </p>
   </div>
   <div class='ocr_carea' id='block_1_88' title="bbox 1848 4138 3429 4213">
    <p class='ocr_par' dir='ltr' id='par_1_88' title="bbox 1848 4138 3429 4213">
     <span class='ocr_line' id='line_1_88' title="bbox 1848 4138 3429 4213; baseline 0.003 -18"><span class='ocrx_word' id='word_1_699' title='bbox 1848 4147 1905 4196; x_wconf 88' lang='lat' dir='ltr'><strong>et</strong></span> <span class='ocrx_word' id='word_1_700' title='bbox 1940 4139 2143 4211; x_wconf 89' lang='lat' dir='ltr'><strong>imago,</strong></span> <span class='ocrx_word' id='word_1_701' title='bbox 2180 4138 2461 4210; x_wconf 87' lang='lat' dir='ltr'><strong>perfectus</strong></span> <span class='ocrx_word' id='word_1_702' title='bbox 2498 4141 2668 4211; x_wconf 87' lang='lat' dir='ltr'><strong>igitur</strong></span> <span class='ocrx_word' id='word_1_703' title='bbox 2709 4157 2928 4213; x_wconf 87' lang='lat' dir='ltr'><strong>quoque</strong></span> <span class='ocrx_word' id='word_1_704' title='bbox 2970 4144 3076 4200; x_wconf 87' lang='lat' dir='ltr'><strong>erit</strong></span> <span class='ocrx_word' id='word_1_705' title='bbox 3123 4160 3233 4200; x_wconf 90' lang='lat' dir='ltr'><strong>non</strong></span> <span class='ocrx_word' id='word_1_706' title='bbox 3266 4162 3429 4202; x_wconf 91' lang='lat' dir='ltr'><strong>secus</strong></span> 
     </span>
    </p>
   </div>
   <div class='ocr_carea' id='block_1_89' title="bbox 1850 4231 3427 4306">
    <p class='ocr_par' dir='ltr' id='par_1_89' title="bbox 1850 4231 3427 4306">
     <span class='ocr_line' id='line_1_89' title="bbox 1850 4231 3427 4306; baseline 0.004 -23"><span class='ocrx_word' id='word_1_707' title='bbox 1850 4246 1914 4285; x_wconf 92' lang='lat' dir='ltr'><strong>ac</strong></span> <span class='ocrx_word' id='word_1_708' title='bbox 1940 4231 2031 4286; x_wconf 89' lang='lat' dir='ltr'><strong>ille</strong></span> <span class='ocrx_word' id='word_1_709' title='bbox 2058 4231 2219 4301; x_wconf 83' lang='lat' dir='ltr'><strong>cujus</strong></span> <span class='ocrx_word' id='word_1_710' title='bbox 2245 4239 2331 4286; x_wconf 91' lang='lat' dir='ltr'><strong>est</strong></span> <span class='ocrx_word' id='word_1_711' title='bbox 2364 4233 2568 4302; x_wconf 84' lang='lat' dir='ltr'><strong>imago.</strong></span> <span class='ocrx_word' id='word_1_712' title='bbox 2602 4231 2708 4287; x_wconf 89' lang='lat' dir='ltr'><strong>Sed</strong></span> <span class='ocrx_word' id='word_1_713' title='bbox 2755 4232 2998 4290; x_wconf 82' lang='lat' dir='ltr'><strong>Joannes</strong></span> <span class='ocrx_word' id='word_1_714' title='bbox 3028 4235 3191 4300; x_wconf 87' lang='lat' dir='ltr'><strong>vidit,</strong></span> <span class='ocrx_word' id='word_1_715' title='bbox 3225 4235 3427 4306; x_wconf 89' lang='lat' dir='ltr'><strong>inquit,</strong></span> 
     </span>
    </p>
   </div>
   <div class='ocr_carea' id='block_1_90' title="bbox 1852 4320 3426 4395">
    <p class='ocr_par' dir='ltr' id='par_1_90' title="bbox 1852 4320 3426 4395">
     <span class='ocr_line' id='line_1_90' title="bbox 1852 4320 3426 4395; baseline 0.004 -20"><span class='ocrx_word' id='word_1_716' title='bbox 1852 4320 2123 4390; x_wconf 89' lang='lat' dir='ltr'><strong>Spiritum</strong></span> <span class='ocrx_word' id='word_1_717' title='bbox 2152 4320 2582 4377; x_wconf 88' lang='lat' dir='ltr'><strong>descendentem</strong></span> <span class='ocrx_word' id='word_1_718' title='bbox 2624 4322 2693 4378; x_wconf 90' lang='lat' dir='ltr'><strong>de</strong></span> <span class='ocrx_word' id='word_1_719' title='bbox 2733 4324 2874 4379; x_wconf 61' lang='lat' dir='ltr'><strong>caelo</strong></span> <span class='ocrx_word' id='word_1_720' title='bbox 2916 4340 3085 4395; x_wconf 89' lang='lat' dir='ltr'><strong>super</strong></span> <span class='ocrx_word' id='word_1_721' title='bbox 3110 4324 3308 4381; x_wconf 88' lang='lat' dir='ltr'><strong>Filium</strong></span> <span class='ocrx_word' id='word_1_722' title='bbox 3358 4329 3426 4392; x_wconf 71' lang='grc' dir='ltr'><strong>υ,</strong></span> 
     </span>
    </p>
   </div>
   <div class='ocr_carea' id='block_1_91' title="bbox 1849 4411 3429 4490">
    <p class='ocr_par' dir='ltr' id='par_1_91' title="bbox 1849 4411 3429 4490">
     <span class='ocr_line' id='line_1_91' title="bbox 1849 4411 3429 4490; baseline 0.003 -24"><span class='ocrx_word' id='word_1_723' title='bbox 1849 4419 1904 4466; x_wconf 91' lang='lat' dir='ltr'><strong>et</strong></span> <span class='ocrx_word' id='word_1_724' title='bbox 1959 4411 2028 4466; x_wconf 90' lang='lat' dir='ltr'><strong>ab</strong></span> <span class='ocrx_word' id='word_1_725' title='bbox 2083 4411 2193 4465; x_wconf 90' lang='lat' dir='ltr'><strong>alio</strong></span> <span class='ocrx_word' id='word_1_726' title='bbox 2244 4412 2739 4469; x_wconf 83' lang='lat' dir='ltr'><strong>sanctificationem</strong></span> <span class='ocrx_word' id='word_1_727' title='bbox 2796 4414 2962 4469; x_wconf 87' lang='lat' dir='ltr'><strong>habet</strong></span> <span class='ocrx_word' id='word_1_728' title='bbox 3008 4432 3023 4469; x_wconf 91' lang='lat'>:</span> <span class='ocrx_word' id='word_1_729' title='bbox 3070 4431 3189 4471; x_wconf 86' lang='lat' dir='ltr'><strong>eam</strong></span> <span class='ocrx_word' id='word_1_730' title='bbox 3229 4418 3429 4490; x_wconf 79' lang='lat' dir='ltr'><strong>quippe</strong></span> 
     </span>
    </p>
   </div>
   <div class='ocr_carea' id='block_1_92' title="bbox 169 4503 1752 4585">
    <p class='ocr_par' dir='ltr' id='par_1_92' title="bbox 169 4503 1750 4584">
     <span class='ocr_line' id='line_1_92' title="bbox 169 4503 1750 4584; baseline -0.004 -21"><span class='ocrx_word' id='word_1_731' title='bbox 169 4512 397 4584; x_wconf 75' lang='grc' dir='ltr'>ὑπεροχῇ</span> <span class='ocrx_word' id='word_1_732' title='bbox 456 4507 791 4580; x_wconf 85' lang='grc' dir='ltr'>τιμώμενον,</span> <span class='ocrx_word' id='word_1_733' title='bbox 840 4507 899 4559; x_wconf 80' lang='grc' dir='ltr'>ὲν</span> <span class='ocrx_word' id='word_1_734' title='bbox 942 4506 1033 4577; x_wconf 69' lang='lat' dir='ltr'><strong>fon</strong></span> <span class='ocrx_word' id='word_1_735' title='bbox 1093 4505 1151 4559; x_wconf 87' lang='grc' dir='ltr'>δὲ</span> <span class='ocrx_word' id='word_1_736' title='bbox 1203 4504 1356 4571; x_wconf 83' lang='grc' dir='ltr'>τάξει</span> <span class='ocrx_word' id='word_1_737' title='bbox 1408 4506 1519 4567; x_wconf 91' lang='grc' dir='ltr'>τοῖς</span> <span class='ocrx_word' id='word_1_738' title='bbox 1570 4503 1750 4567; x_wconf 81' lang='grc' dir='ltr'>ἄλλοις</span> 
     </span>
    </p>
   </div>
   <div class='ocr_carea' id='block_1_93' title="bbox 1853 4503 3428 4585">
    <p class='ocr_par' dir='ltr' id='par_1_93' title="bbox 1854 4506 3428 4585">
     <span class='ocr_line' id='line_1_93' title="bbox 1854 4506 3428 4585; baseline 0.005 -25"><span class='ocrx_word' id='word_1_739' title='bbox 1854 4506 2112 4577; x_wconf 83' lang='lat' dir='ltr'><strong>suscipit,</strong></span> <span class='ocrx_word' id='word_1_740' title='bbox 2143 4516 2200 4561; x_wconf 92' lang='lat' dir='ltr'><strong>ut</strong></span> <span class='ocrx_word' id='word_1_741' title='bbox 2235 4508 2327 4577; x_wconf 88' lang='lat' dir='ltr'><strong>qui</strong></span> <span class='ocrx_word' id='word_1_742' title='bbox 2360 4521 2470 4561; x_wconf 91' lang='lat' dir='ltr'><strong>non</strong></span> <span class='ocrx_word' id='word_1_743' title='bbox 2502 4507 2723 4571; x_wconf 89' lang='lat' dir='ltr'><strong>habeat,</strong></span> <span class='ocrx_word' id='word_1_744' title='bbox 2748 4508 2983 4565; x_wconf 81' lang='lat' dir='ltr'><strong>scilicet.</strong></span> <span class='ocrx_word' id='word_1_745' title='bbox 3017 4508 3278 4582; x_wconf 89' lang='lat' dir='ltr'><strong>Sequitur</strong></span> <span class='ocrx_word' id='word_1_746' title='bbox 3298 4529 3428 4585; x_wconf 87' lang='lat' dir='ltr'><strong>ergo</strong></span> 
     </span>
    </p>
   </div>
   <div class='ocr_carea' id='block_1_94' title="bbox 165 4595 1740 4674">
    <p class='ocr_par' dir='ltr' id='par_1_94' title="bbox 165 4595 1740 4674">
     <span class='ocr_line' id='line_1_94' title="bbox 165 4595 1740 4674; baseline -0.004 -19"><span class='ocrx_word' id='word_1_747' title='bbox 165 4601 535 4674; x_wconf 83' lang='grc' dir='ltr'>τελειούμενόν</span> <span class='ocrx_word' id='word_1_748' title='bbox 598 4617 656 4652; x_wconf 91' lang='grc' dir='ltr'>τε</span> <span class='ocrx_word' id='word_1_749' title='bbox 716 4600 811 4654; x_wconf 72' lang='grc' dir='ltr'>καὶ</span> <span class='ocrx_word' id='word_1_750' title='bbox 861 4597 1253 4669; x_wconf 81' lang='grc' dir='ltr'>άγιαζόμενον,</span> <span class='ocrx_word' id='word_1_751' title='bbox 1301 4596 1397 4650; x_wconf 72' lang='grc' dir='ltr'>καὶ</span> <span class='ocrx_word' id='word_1_752' title='bbox 1447 4595 1740 4667; x_wconf 77' lang='grc' dir='ltr'>ἐπίκτητον</span> 
     </span>
    </p>
   </div>
   <div class='ocr_carea' id='block_1_95' title="bbox 167 4682 1742 4767">
    <p class='ocr_par' dir='ltr' id='par_1_95' title="bbox 167 4682 1742 4767">
     <span class='ocr_line' id='line_1_95' title="bbox 167 4682 1742 4767; baseline -0.004 -22"><span class='ocrx_word' id='word_1_753' title='bbox 167 4693 347 4765; x_wconf 79' lang='grc' dir='ltr'>ἔχοντα</span> <span class='ocrx_word' id='word_1_754' title='bbox 371 4694 470 4767; x_wconf 79' lang='grc' dir='ltr'><strong>τὴν</strong></span> <span class='ocrx_word' id='word_1_755' title='bbox 514 4693 623 4747; x_wconf 89' lang='grc' dir='ltr'>τῶν</span> <span class='ocrx_word' id='word_1_756' title='bbox 654 4690 874 4761; x_wconf 83' lang='grc' dir='ltr'>ἀγαθῶν</span> <span class='ocrx_word' id='word_1_757' title='bbox 902 4689 1165 4763; x_wconf 86' lang='grc' dir='ltr'>χορηγίαν</span> <span class='ocrx_word' id='word_1_758' title='bbox 1200 4704 1215 4720; x_wconf 78' lang='grc' dir='ltr'>ο</span> <span class='ocrx_word' id='word_1_759' title='bbox 1240 4682 1359 4741; x_wconf 78' lang='grc' dir='ltr'>εἶτα</span> <span class='ocrx_word' id='word_1_760' title='bbox 1390 4686 1507 4750; x_wconf 88' lang='grc' dir='ltr'><strong>πῶς</strong></span> <span class='ocrx_word' id='word_1_761' title='bbox 1539 4687 1599 4741; x_wconf 80' lang='grc' dir='ltr'>οὐ</span> <span class='ocrx_word' id='word_1_762' title='bbox 1628 4686 1742 4739; x_wconf 86' lang='grc' dir='ltr'>δια-</span> 
     </span>
    </p>
   </div>
   <div class='ocr_carea' id='block_1_96' title="bbox 164 4777 1743 4854">
    <p class='ocr_par' dir='ltr' id='par_1_96' title="bbox 164 4777 1743 4854">
     <span class='ocr_line' id='line_1_96' title="bbox 164 4777 1743 4854; baseline -0.005 -16"><span class='ocrx_word' id='word_1_763' title='bbox 164 4785 410 4854; x_wconf 76' lang='grc' dir='ltr'>ψεύσεται</span> <span class='ocrx_word' id='word_1_764' title='bbox 440 4784 618 4853; x_wconf 87' lang='grc' dir='ltr'>λέγων</span> <span class='ocrx_word' id='word_1_765' title='bbox 644 4785 673 4837; x_wconf 86' lang='grc' dir='ltr'>ὁ</span> <span class='ocrx_word' id='word_1_766' title='bbox 704 4782 1112 4853; x_wconf 84' lang='grc' dir='ltr'>εὐαγγελιστὴς,</span> <span class='ocrx_word' id='word_1_767' title='bbox 1149 4800 1166 4832; x_wconf 77' lang='grc' dir='ltr'><strong>ι</strong></span> <span class='ocrx_word' id='word_1_768' title='bbox 1210 4781 1333 4833; x_wconf 87' lang='grc' dir='ltr'>Ὅτι</span> <span class='ocrx_word' id='word_1_769' title='bbox 1383 4780 1448 4832; x_wconf 82' lang='grc' dir='ltr'>ὲκ</span> <span class='ocrx_word' id='word_1_770' title='bbox 1480 4777 1575 4832; x_wconf 78' lang='grc' dir='ltr'>τοῦ</span> <span class='ocrx_word' id='word_1_771' title='bbox 1607 4778 1743 4848; x_wconf 86' lang='grc' dir='ltr'>πλη-</span> 
     </span>
    </p>
   </div>
   <div class='ocr_carea' id='block_1_97' title="bbox 169 4871 1741 4948">
    <p class='ocr_par' dir='ltr' id='par_1_97' title="bbox 169 4871 1741 4948">
     <span class='ocr_line' id='line_1_97' title="bbox 169 4871 1741 4948; baseline -0.003 -19"><span class='ocrx_word' id='word_1_772' title='bbox 169 4877 405 4948; x_wconf 84' lang='grc' dir='ltr'>ρώματος</span> <span class='ocrx_word' id='word_1_773' title='bbox 449 4876 620 4931; x_wconf 80' lang='grc' dir='ltr'>αὐτοῦ</span> <span class='ocrx_word' id='word_1_774' title='bbox 655 4879 813 4947; x_wconf 82' lang='grc' dir='ltr'>ἡμεῖς</span> <span class='ocrx_word' id='word_1_775' title='bbox 858 4876 1057 4938; x_wconf 87' lang='grc' dir='ltr'>πάντες</span> <span class='ocrx_word' id='word_1_776' title='bbox 1084 4874 1379 4944; x_wconf 79' lang='grc' dir='ltr'>ὲλάϐομεν;</span> <span class='ocrx_word' id='word_1_777' title='bbox 1411 4893 1429 4926; x_wconf 75' lang='grc' dir='ltr'><strong>ι</strong></span> <span class='ocrx_word' id='word_1_778' title='bbox 1467 4872 1592 4936; x_wconf 85' lang='grc' dir='ltr'>Πῶς</span> <span class='ocrx_word' id='word_1_779' title='bbox 1630 4871 1741 4941; x_wconf 80' lang='grc' dir='ltr'>γάρ</span> 
     </span>
    </p>
   </div>
   <div class='ocr_carea' id='block_1_98' title="bbox 167 4963 1738 5041">
    <p class='ocr_par' dir='ltr' id='par_1_98' title="bbox 167 4963 1738 5041">
     <span class='ocr_line' id='line_1_98' title="bbox 167 4963 1738 5041; baseline -0.002 -21"><span class='ocrx_word' id='word_1_780' title='bbox 167 4967 313 5022; x_wconf 76' lang='grc' dir='ltr'>ἔσται</span> <span class='ocrx_word' id='word_1_781' title='bbox 344 4969 560 5041; x_wconf 79' lang='grc' dir='ltr'>πλήρης</span> <span class='ocrx_word' id='word_1_782' title='bbox 606 4970 664 5021; x_wconf 81' lang='grc' dir='ltr'><strong>ὲν</strong></span> <span class='ocrx_word' id='word_1_783' title='bbox 716 4968 823 5038; x_wconf 81' lang='grc' dir='ltr'>ἰδίᾳ</span> <span class='ocrx_word' id='word_1_784' title='bbox 875 4965 1033 5035; x_wconf 82' lang='grc' dir='ltr'>φύσει</span> <span class='ocrx_word' id='word_1_785' title='bbox 1085 4964 1377 5034; x_wconf 79' lang='grc' dir='ltr'>λαμϐάνων</span> <span class='ocrx_word' id='word_1_786' title='bbox 1403 4963 1565 5028; x_wconf 84' lang='grc' dir='ltr'>αὐτὸς</span> <span class='ocrx_word' id='word_1_787' title='bbox 1606 4965 1738 5034; x_wconf 83' lang='grc' dir='ltr'>παρ’</span> 
     </span>
    </p>
   </div>
   <div class='ocr_carea' id='block_1_99' title="bbox 170 5055 1742 5132">
    <p class='ocr_par' dir='ltr' id='par_1_99' title="bbox 170 5055 1742 5132">
     <span class='ocr_line' id='line_1_99' title="bbox 170 5055 1742 5132; baseline -0.002 -22"><span class='ocrx_word' id='word_1_788' title='bbox 170 5058 375 5130; x_wconf 74' lang='grc' dir='ltr'>ἑτέρου;</span> <span class='ocrx_word' id='word_1_789' title='bbox 414 5061 447 5132; x_wconf 83' lang='grc' dir='ltr'>ἢ</span> <span class='ocrx_word' id='word_1_790' title='bbox 482 5057 601 5123; x_wconf 89' lang='grc' dir='ltr'><strong>πῶς</strong></span> <span class='ocrx_word' id='word_1_791' title='bbox 644 5057 709 5112; x_wconf 86' lang='grc' dir='ltr'>ἂν</span> <span class='ocrx_word' id='word_1_792' title='bbox 730 5058 866 5121; x_wconf 82' lang='grc' dir='ltr'>ὅλως</span> <span class='ocrx_word' id='word_1_793' title='bbox 921 5058 1092 5111; x_wconf 88' lang='grc' dir='ltr'>νοοῖτο</span> <span class='ocrx_word' id='word_1_794' title='bbox 1121 5057 1309 5127; x_wconf 84' lang='grc' dir='ltr'>Πατὴρ</span> <span class='ocrx_word' id='word_1_795' title='bbox 1341 5056 1369 5107; x_wconf 88' lang='grc' dir='ltr'>ὁ</span> <span class='ocrx_word' id='word_1_796' title='bbox 1394 5055 1547 5122; x_wconf 83' lang='grc' dir='ltr'>Θεὸς,</span> <span class='ocrx_word' id='word_1_797' title='bbox 1586 5056 1742 5125; x_wconf 85' lang='grc' dir='ltr'>εῐπερ</span> 
     </span>
    </p>
   </div>
   <div class='ocr_carea' id='block_1_100' title="bbox 170 5147 1738 5223">
    <p class='ocr_par' dir='ltr' id='par_1_100' title="bbox 170 5147 1738 5223">
     <span class='ocr_line' id='line_1_100' title="bbox 170 5147 1738 5223; baseline -0.001 -23"><span class='ocrx_word' id='word_1_798' title='bbox 170 5149 281 5202; x_wconf 67' lang='grc' dir='ltr'><strong>ἐστὶ</strong></span> <span class='ocrx_word' id='word_1_799' title='bbox 321 5152 532 5223; x_wconf 85' lang='grc' dir='ltr'>ποίημα</span> <span class='ocrx_word' id='word_1_800' title='bbox 577 5150 671 5203; x_wconf 76' lang='grc' dir='ltr'>καὶ</span> <span class='ocrx_word' id='word_1_801' title='bbox 718 5149 838 5220; x_wconf 71' lang='grc' dir='ltr'>οὐχὶ</span> <span class='ocrx_word' id='word_1_802' title='bbox 886 5150 1086 5220; x_wconf 82' lang='grc' dir='ltr'>μᾶλλον</span> <span class='ocrx_word' id='word_1_803' title='bbox 1137 5147 1263 5211; x_wconf 82' lang='grc' dir='ltr'>Υἱὸς</span> <span class='ocrx_word' id='word_1_804' title='bbox 1311 5148 1339 5199; x_wconf 83' lang='grc' dir='ltr'>ὁ</span> <span class='ocrx_word' id='word_1_805' title='bbox 1377 5147 1687 5215; x_wconf 82' lang='grc' dir='ltr'>Μονογενής</span> <span class='ocrx_word' id='word_1_806' title='bbox 1724 5163 1738 5212; x_wconf 90' lang='grc'><strong>;</strong></span> 
     </span>
    </p>
   </div>
   <div class='ocr_carea' id='block_1_101' title="bbox 171 5238 1744 5315">
    <p class='ocr_par' dir='ltr' id='par_1_101' title="bbox 171 5238 1744 5315">
     <span class='ocr_line' id='line_1_101' title="bbox 171 5238 1744 5315; baseline -0.001 -23"><span class='ocrx_word' id='word_1_807' title='bbox 171 5241 523 5315; x_wconf 76' lang='grc' dir='ltr'>Ψενδώνυμος</span> <span class='ocrx_word' id='word_1_808' title='bbox 547 5244 676 5315; x_wconf 83' lang='grc' dir='ltr'>γὰρ,</span> <span class='ocrx_word' id='word_1_809' title='bbox 708 5242 774 5297; x_wconf 89' lang='grc' dir='ltr'>ἂν</span> <span class='ocrx_word' id='word_1_810' title='bbox 802 5241 974 5307; x_wconf 74' lang='grc' dir='ltr'>οὕτως</span> <span class='ocrx_word' id='word_1_811' title='bbox 996 5240 1117 5313; x_wconf 70' lang='grc' dir='ltr'><strong>ἔχῃ,</strong></span> <span class='ocrx_word' id='word_1_812' title='bbox 1148 5240 1241 5294; x_wconf 74' lang='grc' dir='ltr'>καὶ</span> <span class='ocrx_word' id='word_1_813' title='bbox 1268 5240 1429 5302; x_wconf 82' lang='grc' dir='ltr'>αὐτὸς</span> <span class='ocrx_word' id='word_1_814' title='bbox 1460 5238 1614 5291; x_wconf 76' lang='grc' dir='ltr'>ἔσται</span> <span class='ocrx_word' id='word_1_815' title='bbox 1634 5240 1744 5291; x_wconf 83' lang='grc' dir='ltr'><strong>Πα-</strong></span> 
     </span>
    </p>
   </div>
   <div class='ocr_carea' id='block_1_102' title="bbox 171 5329 1744 5406">
    <p class='ocr_par' dir='ltr' id='par_1_102' title="bbox 171 5329 1744 5406">
     <span class='ocr_line' id='line_1_102' title="bbox 171 5329 1744 5406; baseline -0.003 -18"><span class='ocrx_word' id='word_1_816' title='bbox 171 5332 291 5402; x_wconf 76' lang='grc' dir='ltr'>τὴρ,</span> <span class='ocrx_word' id='word_1_817' title='bbox 330 5334 555 5406; x_wconf 79' lang='grc' dir='ltr'>ἀλήθεια</span> <span class='ocrx_word' id='word_1_818' title='bbox 607 5336 665 5389; x_wconf 81' lang='grc' dir='ltr'>δὲ</span> <span class='ocrx_word' id='word_1_819' title='bbox 717 5334 966 5406; x_wconf 84' lang='grc' dir='ltr'>οὐδαμῶς</span> <span class='ocrx_word' id='word_1_820' title='bbox 1015 5335 1045 5387; x_wconf 83' lang='grc' dir='ltr'><strong>ό</strong></span> <span class='ocrx_word' id='word_1_821' title='bbox 1102 5334 1226 5398; x_wconf 85' lang='grc' dir='ltr'><strong>Υἱὸς</strong></span> <span class='ocrx_word' id='word_1_822' title='bbox 1251 5373 1266 5398; x_wconf 92' lang='grc'>,</span> <span class='ocrx_word' id='word_1_823' title='bbox 1293 5331 1445 5386; x_wconf 91' lang='grc' dir='ltr'>νόθον</span> <span class='ocrx_word' id='word_1_824' title='bbox 1488 5330 1625 5401; x_wconf 83' lang='grc' dir='ltr'><strong>ἔχων</strong></span> <span class='ocrx_word' id='word_1_825' title='bbox 1658 5329 1744 5400; x_wconf 78' lang='grc' dir='ltr'><strong>ἐφ’</strong></span> 
     </span>
    </p>
   </div>
   <div class='ocr_carea' id='block_1_103' title="bbox 175 5423 1745 5499">
    <p class='ocr_par' dir='ltr' id='par_1_103' title="bbox 175 5423 1745 5499">
     <span class='ocr_line' id='line_1_103' title="bbox 175 5423 1745 5499; baseline 0 -24"><span class='ocrx_word' id='word_1_826' title='bbox 175 5424 345 5496; x_wconf 74' lang='grc' dir='ltr'>ἑαυτῷ</span> <span class='ocrx_word' id='word_1_827' title='bbox 373 5429 433 5481; x_wconf 82' lang='grc' dir='ltr'><strong>τὸ</strong></span> <span class='ocrx_word' id='word_1_828' title='bbox 467 5428 682 5494; x_wconf 74' lang='grc' dir='ltr'>ἀξίωμα</span> <span class='ocrx_word' id='word_1_829' title='bbox 701 5470 716 5496; x_wconf 92' lang='grc'>,</span> <span class='ocrx_word' id='word_1_830' title='bbox 747 5429 843 5483; x_wconf 76' lang='grc' dir='ltr'><strong>καὶ</strong></span> <span class='ocrx_word' id='word_1_831' title='bbox 893 5428 1055 5499; x_wconf 86' lang='grc' dir='ltr'>μέχρι</span> <span class='ocrx_word' id='word_1_832' title='bbox 1084 5426 1304 5498; x_wconf 86' lang='grc' dir='ltr'>γυμνῶν</span> <span class='ocrx_word' id='word_1_833' title='bbox 1356 5425 1613 5495; x_wconf 77' lang='grc' dir='ltr'>ῥημάτων</span> <span class='ocrx_word' id='word_1_834' title='bbox 1648 5423 1745 5494; x_wconf 81' lang='grc' dir='ltr'><strong>τὴν</strong></span> 
     </span>
    </p>
   </div>
   <div class='ocr_carea' id='block_1_104' title="bbox 179 5514 1745 5593">
    <p class='ocr_par' dir='ltr' id='par_1_104' title="bbox 179 5514 1745 5593">
     <span class='ocr_line' id='line_1_104' title="bbox 179 5514 1745 5593; baseline 0.014 -27"><span class='ocrx_word' id='word_1_835' title='bbox 179 5519 553 5589; x_wconf 77' lang='grc' dir='ltr'>προσηγορίαν.</span> <span class='ocrx_word' id='word_1_836' title='bbox 605 5522 897 5593; x_wconf 82' lang='grc' dir='ltr'>Οίχήσεται</span> <span class='ocrx_word' id='word_1_837' title='bbox 934 5520 999 5591; x_wconf 88' lang='grc' dir='ltr'>δὴ</span> <span class='ocrx_word' id='word_1_838' title='bbox 1041 5514 1134 5572; x_wconf 81' lang='grc' dir='ltr'>οὖν</span> <span class='ocrx_word' id='word_1_839' title='bbox 1187 5519 1268 5581; x_wconf 73' lang='grc' dir='ltr'>εἰς</span> <span class='ocrx_word' id='word_1_840' title='bbox 1315 5517 1465 5571; x_wconf 64' lang='grc' dir='ltr'>οὐδὲν</span> <span class='ocrx_word' id='word_1_841' title='bbox 1498 5514 1560 5568; x_wconf 77' lang='grc' dir='ltr'><strong>τδ</strong></span> <span class='ocrx_word' id='word_1_842' title='bbox 1610 5514 1745 5585; x_wconf 68' lang='grc' dir='ltr'>σύμ·</span> 
     </span>
    </p>
   </div>
   <div class='ocr_carea' id='block_1_105' title="bbox 180 5608 1739 5686">
    <p class='ocr_par' dir='ltr' id='par_1_105' title="bbox 180 5608 1739 5686">
     <span class='ocr_line' id='line_1_105' title="bbox 180 5608 1739 5686; baseline 0.003 -28"><span class='ocrx_word' id='word_1_843' title='bbox 180 5622 284 5659; x_wconf 84' lang='grc' dir='ltr'><strong>παν</strong></span> <span class='ocrx_word' id='word_1_844' title='bbox 309 5609 455 5679; x_wconf 76' lang='grc' dir='ltr'>ἡμῖν,</span> <span class='ocrx_word' id='word_1_845' title='bbox 479 5612 599 5666; x_wconf 75' lang='grc' dir='ltr'>οὔτε</span> <span class='ocrx_word' id='word_1_846' title='bbox 650 5613 745 5667; x_wconf 81' lang='grc' dir='ltr'><strong>τοῦ</strong></span> <span class='ocrx_word' id='word_1_847' title='bbox 779 5614 994 5686; x_wconf 83' lang='grc' dir='ltr'>Πατρὺς</span> <span class='ocrx_word' id='word_1_848' title='bbox 1022 5614 1141 5667; x_wconf 83' lang='grc' dir='ltr'>κατ’</span> <span class='ocrx_word' id='word_1_849' title='bbox 1168 5611 1422 5683; x_wconf 85' lang='grc' dir='ltr'>ἀλήθειαν</span> <span class='ocrx_word' id='word_1_850' title='bbox 1446 5608 1596 5673; x_wconf 71' lang='grc' dir='ltr'>ὄντος</span> <span class='ocrx_word' id='word_1_851' title='bbox 1624 5609 1739 5664; x_wconf 85' lang='grc' dir='ltr'><strong>Πα-</strong></span> 
     </span>
    </p>
   </div>
   <div class='ocr_carea' id='block_1_106' title="bbox 255 5790 1037 5866">
    <p class='ocr_par' dir='ltr' id='par_1_106' title="bbox 255 5790 1037 5866">
     <span class='ocr_line' id='line_1_106' title="bbox 255 5790 1037 5866; baseline 0.013 -22"><span class='ocrx_word' id='word_1_852' title='bbox 255 5790 299 5822; x_wconf 77' lang='grc'><strong>¹⁸</strong></span> <span class='ocrx_word' id='word_1_853' title='bbox 337 5790 450 5847; x_wconf 88' lang='lat' dir='ltr'><strong>Col.</strong></span> <span class='ocrx_word' id='word_1_854' title='bbox 500 5811 537 5864; x_wconf 82' lang='grc' dir='ltr'><strong>ι,</strong></span> <span class='ocrx_word' id='word_1_855' title='bbox 571 5797 673 5865; x_wconf 72' lang='grc' dir='ltr'><strong>1ὗ;</strong></span> <span class='ocrx_word' id='word_1_856' title='bbox 706 5795 868 5854; x_wconf 83' lang='lat' dir='ltr'><strong>Hebr.</strong></span> <span class='ocrx_word' id='word_1_857' title='bbox 906 5813 944 5866; x_wconf 84' lang='grc' dir='ltr'><strong>ι,</strong></span> <span class='ocrx_word' id='word_1_858' title='bbox 983 5799 1037 5854; x_wconf 77' lang='grc'><strong>5.</strong></span> 
     </span>
    </p>
   </div>
   <div class='ocr_carea' id='block_1_107' title="bbox 1851 4598 3425 4677">
    <p class='ocr_par' dir='ltr' id='par_1_107' title="bbox 1851 4598 3425 4677">
     <span class='ocr_line' id='line_1_107' title="bbox 1851 4598 3425 4677; baseline 0.004 -23"><span class='ocrx_word' id='word_1_859' title='bbox 1851 4600 2029 4669; x_wconf 89' lang='lat' dir='ltr'><strong>ipsum</strong></span> <span class='ocrx_word' id='word_1_860' title='bbox 2065 4608 2252 4668; x_wconf 83' lang='lat' dir='ltr'><strong>aperte</strong></span> <span class='ocrx_word' id='word_1_861' title='bbox 2282 4598 2578 4654; x_wconf 88' lang='lat' dir='ltr'><strong>dicendum</strong></span> <span class='ocrx_word' id='word_1_862' title='bbox 2612 4615 2734 4655; x_wconf 89' lang='lat' dir='ltr'><strong>esse</strong></span> <span class='ocrx_word' id='word_1_863' title='bbox 2761 4610 3096 4671; x_wconf 88' lang='lat' dir='ltr'><strong>creaturam,</strong></span> <span class='ocrx_word' id='word_1_864' title='bbox 3125 4605 3217 4675; x_wconf 91' lang='lat' dir='ltr'><strong>qui</strong></span> <span class='ocrx_word' id='word_1_865' title='bbox 3258 4622 3425 4677; x_wconf 86' lang='lat' dir='ltr'><strong>parva</strong></span> 
     </span>
    </p>
   </div>
   <div class='ocr_carea' id='block_1_108' title="bbox 1849 4691 3426 4768">
    <p class='ocr_par' dir='ltr' id='par_1_108' title="bbox 1849 4691 3426 4768">
     <span class='ocr_line' id='line_1_108' title="bbox 1849 4691 3426 4768; baseline 0.005 -22"><span class='ocrx_word' id='word_1_866' title='bbox 1849 4691 2181 4746; x_wconf 84' lang='lat' dir='ltr'><strong>excellentia</strong></span> <span class='ocrx_word' id='word_1_867' title='bbox 2213 4691 2303 4745; x_wconf 82' lang='lat' dir='ltr'><strong>vix</strong></span> <span class='ocrx_word' id='word_1_868' title='bbox 2356 4692 2430 4747; x_wconf 90' lang='lat' dir='ltr'><strong>sit</strong></span> <span class='ocrx_word' id='word_1_869' title='bbox 2474 4700 2726 4756; x_wconf 87' lang='lat' dir='ltr'><strong>ornatus,</strong></span> <span class='ocrx_word' id='word_1_870' title='bbox 2758 4702 2811 4747; x_wconf 88' lang='lat' dir='ltr'><strong>et</strong></span> <span class='ocrx_word' id='word_1_871' title='bbox 2855 4694 3083 4763; x_wconf 87' lang='lat' dir='ltr'><strong>perinde</strong></span> <span class='ocrx_word' id='word_1_872' title='bbox 3127 4704 3292 4768; x_wconf 89' lang='lat' dir='ltr'><strong>atque</strong></span> <span class='ocrx_word' id='word_1_873' title='bbox 3336 4713 3426 4754; x_wconf 90' lang='lat' dir='ltr'><strong>res</strong></span> 
     </span>
    </p>
   </div>
   <div class='ocr_carea' id='block_1_109' title="bbox 1850 4782 3424 4853">
    <p class='ocr_par' dir='ltr' id='par_1_109' title="bbox 1850 4782 3424 4853">
     <span class='ocr_line' id='line_1_109' title="bbox 1850 4782 3424 4853; baseline 0.004 -16"><span class='ocrx_word' id='word_1_874' title='bbox 1850 4790 2065 4837; x_wconf 75' lang='lat' dir='ltr'><strong>caeteras</strong></span> <span class='ocrx_word' id='word_1_875' title='bbox 2121 4782 2443 4853; x_wconf 79' lang='lat' dir='ltr'><strong>perﬁciatur</strong></span> <span class='ocrx_word' id='word_1_876' title='bbox 2495 4792 2549 4838; x_wconf 88' lang='lat' dir='ltr'><strong>et</strong></span> <span class='ocrx_word' id='word_1_877' title='bbox 2582 4784 2983 4851; x_wconf 86' lang='lat' dir='ltr'><strong>sanctificetur,</strong></span> <span class='ocrx_word' id='word_1_878' title='bbox 3019 4796 3074 4842; x_wconf 91' lang='lat' dir='ltr'><strong>et</strong></span> <span class='ocrx_word' id='word_1_879' title='bbox 3122 4804 3221 4843; x_wconf 90' lang='lat' dir='ltr'><strong>sua</strong></span> <span class='ocrx_word' id='word_1_880' title='bbox 3279 4790 3424 4844; x_wconf 89' lang='lat' dir='ltr'><strong>bona</strong></span> 
     </span>
    </p>
   </div>
   <div class='ocr_carea' id='block_1_110' title="bbox 1851 4871 3425 4950">
    <p class='ocr_par' dir='ltr' id='par_1_110' title="bbox 1851 4871 3425 4950">
     <span class='ocr_line' id='line_1_110' title="bbox 1851 4871 3425 4950; baseline 0.005 -23"><span class='ocrx_word' id='word_1_881' title='bbox 1851 4873 2074 4928; x_wconf 88' lang='lat' dir='ltr'><strong>aliunde</strong></span> <span class='ocrx_word' id='word_1_882' title='bbox 2126 4874 2414 4944; x_wconf 88' lang='lat' dir='ltr'><strong>suscipiat.</strong></span> <span class='ocrx_word' id='word_1_883' title='bbox 2453 4871 2524 4926; x_wconf 87' lang='lat' dir='ltr'><strong>At</strong></span> <span class='ocrx_word' id='word_1_884' title='bbox 2573 4875 2665 4944; x_wconf 90' lang='lat' dir='ltr'><strong>qui</strong></span> <span class='ocrx_word' id='word_1_885' title='bbox 2716 4891 2825 4930; x_wconf 87' lang='lat' dir='ltr'><strong>non</strong></span> <span class='ocrx_word' id='word_1_886' title='bbox 2871 4878 3165 4933; x_wconf 91' lang='lat' dir='ltr'><strong>mentietur</strong></span> <span class='ocrx_word' id='word_1_887' title='bbox 3190 4894 3425 4950; x_wconf 81' lang='lat' dir='ltr'><strong>evange-</strong></span> 
     </span>
    </p>
   </div>
   <div class='ocr_carea' id='block_1_111' title="bbox 1850 4966 3423 5041">
    <p class='ocr_par' dir='ltr' id='par_1_111' title="bbox 1850 4966 3423 5041">
     <span class='ocr_line' id='line_1_111' title="bbox 1850 4966 3423 5041; baseline 0.004 -20"><span class='ocrx_word' id='word_1_888' title='bbox 1850 4966 1977 5023; x_wconf 88' lang='lat' dir='ltr'><strong>lista</strong></span> <span class='ocrx_word' id='word_1_889' title='bbox 2026 4967 2219 5023; x_wconf 87' lang='lat' dir='ltr'><strong>dicens</strong></span> <span class='ocrx_word' id='word_1_890' title='bbox 2278 4986 2289 5020; x_wconf 87' lang='lat'><strong>:</strong></span> <span class='ocrx_word' id='word_1_891' title='bbox 2359 4985 2376 5017; x_wconf 73' lang='grc' dir='ltr'><strong>ι</strong></span> <span class='ocrx_word' id='word_1_892' title='bbox 2429 4966 2569 5033; x_wconf 86' lang='lat' dir='ltr'><strong>Quia</strong></span> <span class='ocrx_word' id='word_1_893' title='bbox 2627 4969 2694 5024; x_wconf 89' lang='lat' dir='ltr'><strong>de</strong></span> <span class='ocrx_word' id='word_1_894' title='bbox 2750 4969 3093 5040; x_wconf 88' lang='lat' dir='ltr'><strong>plenitudine</strong></span> <span class='ocrx_word' id='word_1_895' title='bbox 3152 4971 3273 5041; x_wconf 83' lang='lat' dir='ltr'><strong>ejus</strong></span> <span class='ocrx_word' id='word_1_896' title='bbox 3320 4988 3423 5029; x_wconf 90' lang='lat' dir='ltr'><strong>nos</strong></span> 
     </span>
    </p>
   </div>
   <div class='ocr_carea' id='block_1_112' title="bbox 1850 5060 3421 5134">
    <p class='ocr_par' dir='ltr' id='par_1_112' title="bbox 1850 5060 3421 5134">
     <span class='ocr_line' id='line_1_112' title="bbox 1850 5060 3421 5134; baseline 0.003 -19"><span class='ocrx_word' id='word_1_897' title='bbox 1850 5075 2045 5116; x_wconf 88' lang='lat' dir='ltr'><strong>omnes</strong></span> <span class='ocrx_word' id='word_1_898' title='bbox 2098 5060 2412 5130; x_wconf 88' lang='lat' dir='ltr'><strong>accepimus</strong></span> <span class='ocrx_word' id='word_1_899' title='bbox 2435 5062 2516 5115; x_wconf 79' lang='lat'><strong>”?</strong></span> <span class='ocrx_word' id='word_1_900' title='bbox 2549 5080 2568 5113; x_wconf 71' lang='grc' dir='ltr'><strong>ι</strong></span> <span class='ocrx_word' id='word_1_901' title='bbox 2603 5060 2889 5128; x_wconf 89' lang='lat' dir='ltr'><strong>Quomodo</strong></span> <span class='ocrx_word' id='word_1_902' title='bbox 2930 5063 3075 5117; x_wconf 89' lang='lat' dir='ltr'><strong>enim</strong></span> <span class='ocrx_word' id='word_1_903' title='bbox 3112 5063 3201 5117; x_wconf 87' lang='lat' dir='ltr'><strong>ille</strong></span> <span class='ocrx_word' id='word_1_904' title='bbox 3228 5064 3421 5134; x_wconf 90' lang='lat' dir='ltr'><strong>plenus</strong></span> 
     </span>
    </p>
   </div>
   <div class='ocr_carea' id='block_1_113' title="bbox 1851 5137 3424 5229">
    <p class='ocr_par' dir='ltr' id='par_1_113' title="bbox 1851 5137 3424 5229">
     <span class='ocr_line' id='line_1_113' title="bbox 1851 5137 3424 5229; baseline 0.003 -20"><span class='ocrx_word' id='word_1_905' title='bbox 1851 5154 1956 5209; x_wconf 90' lang='lat' dir='ltr'><strong>erit</strong></span> <span class='ocrx_word' id='word_1_906' title='bbox 1989 5154 2044 5207; x_wconf 93' lang='lat' dir='ltr'><strong>in</strong></span> <span class='ocrx_word' id='word_1_907' title='bbox 2085 5169 2185 5210; x_wconf 90' lang='lat' dir='ltr'><strong>sua</strong></span> <span class='ocrx_word' id='word_1_908' title='bbox 2205 5137 2430 5223; x_wconf 31' lang='lat' dir='ltr'><strong>\natura,</strong></span> <span class='ocrx_word' id='word_1_909' title='bbox 2457 5155 2551 5225; x_wconf 93' lang='lat' dir='ltr'><strong>qui</strong></span> <span class='ocrx_word' id='word_1_910' title='bbox 2596 5156 2665 5210; x_wconf 89' lang='lat' dir='ltr'><strong>ab</strong></span> <span class='ocrx_word' id='word_1_911' title='bbox 2709 5156 2821 5209; x_wconf 91' lang='lat' dir='ltr'><strong>alio</strong></span> <span class='ocrx_word' id='word_1_912' title='bbox 2850 5155 3097 5225; x_wconf 85' lang='lat' dir='ltr'><strong>accepit?</strong></span> <span class='ocrx_word' id='word_1_913' title='bbox 3129 5154 3239 5210; x_wconf 86' lang='lat' dir='ltr'><strong>Aut</strong></span> <span class='ocrx_word' id='word_1_914' title='bbox 3286 5173 3424 5229; x_wconf 89' lang='lat' dir='ltr'><strong>quo-</strong></span> 
     </span>
    </p>
   </div>
   <div class='ocr_carea' id='block_1_114' title="bbox 1850 5245 3422 5318">
    <p class='ocr_par' dir='ltr' id='par_1_114' title="bbox 1850 5245 3422 5318">
     <span class='ocr_line' id='line_1_114' title="bbox 1850 5245 3422 5318; baseline 0.002 -17"><span class='ocrx_word' id='word_1_915' title='bbox 1850 5246 2036 5315; x_wconf 83' lang='lat' dir='ltr'><strong>modo,</strong></span> <span class='ocrx_word' id='word_1_916' title='bbox 2069 5263 2278 5318; x_wconf 67' lang='lat' dir='ltr'><strong>quaeso,</strong></span> <span class='ocrx_word' id='word_1_917' title='bbox 2309 5246 2475 5302; x_wconf 85' lang='lat' dir='ltr'><strong>Pater</strong></span> <span class='ocrx_word' id='word_1_918' title='bbox 2496 5248 2813 5303; x_wconf 90' lang='lat' dir='ltr'><strong>censebitur</strong></span> <span class='ocrx_word' id='word_1_919' title='bbox 2852 5262 2975 5302; x_wconf 89' lang='lat' dir='ltr'><strong>csse</strong></span> <span class='ocrx_word' id='word_1_920' title='bbox 3021 5245 3185 5313; x_wconf 88' lang='lat' dir='ltr'><strong>Deus,</strong></span> <span class='ocrx_word' id='word_1_921' title='bbox 3210 5247 3257 5302; x_wconf 89' lang='lat' dir='ltr'><strong>si</strong></span> <span class='ocrx_word' id='word_1_922' title='bbox 3289 5249 3422 5305; x_wconf 86' lang='lat' dir='ltr'><strong>Uni-</strong></span> 
     </span>
    </p>
   </div>
   <div class='ocr_carea' id='block_1_115' title="bbox 1848 5334 3419 5410">
    <p class='ocr_par' dir='ltr' id='par_1_115' title="bbox 1848 5334 3419 5410">
     <span class='ocr_line' id='line_1_115' title="bbox 1848 5334 3419 5410; baseline -0.001 -14"><span class='ocrx_word' id='word_1_923' title='bbox 1848 5341 2072 5410; x_wconf 86' lang='lat' dir='ltr'><strong>gcnitus</strong></span> <span class='ocrx_word' id='word_1_924' title='bbox 2110 5347 2365 5395; x_wconf 88' lang='lat' dir='ltr'><strong>creatura</strong></span> <span class='ocrx_word' id='word_1_925' title='bbox 2394 5347 2503 5405; x_wconf 89' lang='lat' dir='ltr'><strong>est,</strong></span> <span class='ocrx_word' id='word_1_926' title='bbox 2532 5354 2640 5394; x_wconf 91' lang='lat' dir='ltr'><strong>non</strong></span> <span class='ocrx_word' id='word_1_927' title='bbox 2670 5347 2851 5393; x_wconf 91' lang='lat' dir='ltr'><strong>autem</strong></span> <span class='ocrx_word' id='word_1_928' title='bbox 2879 5334 3089 5394; x_wconf 84' lang='lat' dir='ltr'><strong>Filius?</strong></span> <span class='ocrx_word' id='word_1_929' title='bbox 3114 5337 3234 5409; x_wconf 84' lang='lat' dir='ltr'><strong>Ipse</strong></span> <span class='ocrx_word' id='word_1_930' title='bbox 3274 5341 3419 5395; x_wconf 85' lang='lat' dir='ltr'><strong>enim</strong></span> 
     </span>
    </p>
   </div>
   <div class='ocr_carea' id='block_1_116' title="bbox 1848 5431 3423 5505">
    <p class='ocr_par' dir='ltr' id='par_1_116' title="bbox 1848 5431 3423 5505">
     <span class='ocr_line' id='line_1_116' title="bbox 1848 5431 3423 5505; baseline 0 -18"><span class='ocrx_word' id='word_1_931' title='bbox 1848 5433 2013 5488; x_wconf 86' lang='lat' dir='ltr'><strong>Pater</strong></span> <span class='ocrx_word' id='word_1_932' title='bbox 2037 5432 2179 5489; x_wconf 90' lang='lat' dir='ltr'><strong>falso</strong></span> <span class='ocrx_word' id='word_1_933' title='bbox 2209 5449 2431 5505; x_wconf 90' lang='lat' dir='ltr'><strong>quoque</strong></span> <span class='ocrx_word' id='word_1_934' title='bbox 2468 5431 2903 5502; x_wconf 89' lang='lat' dir='ltr'><strong>nuucupabitur,</strong></span> <span class='ocrx_word' id='word_1_935' title='bbox 2926 5439 2981 5487; x_wconf 89' lang='lat' dir='ltr'><strong>et</strong></span> <span class='ocrx_word' id='word_1_936' title='bbox 3009 5433 3212 5489; x_wconf 89' lang='lat' dir='ltr'><strong>veritas</strong></span> <span class='ocrx_word' id='word_1_937' title='bbox 3243 5434 3423 5487; x_wconf 82' lang='lat' dir='ltr'><strong>neuti-</strong></span> 
     </span>
    </p>
   </div>
   <div class='ocr_carea' id='block_1_117' title="bbox 1852 5521 3422 5595">
    <p class='ocr_par' dir='ltr' id='par_1_117' title="bbox 1852 5521 3422 5595">
     <span class='ocr_line' id='line_1_117' title="bbox 1852 5521 3422 5595; baseline -0.001 -17"><span class='ocrx_word' id='word_1_938' title='bbox 1852 5539 2016 5595; x_wconf 90' lang='lat' dir='ltr'><strong>quam</strong></span> <span class='ocrx_word' id='word_1_939' title='bbox 2041 5523 2150 5579; x_wconf 89' lang='lat' dir='ltr'><strong>erit</strong></span> <span class='ocrx_word' id='word_1_940' title='bbox 2183 5521 2379 5589; x_wconf 88' lang='lat' dir='ltr'><strong>Filius,</strong></span> <span class='ocrx_word' id='word_1_941' title='bbox 2419 5522 2665 5593; x_wconf 88' lang='lat' dir='ltr'><strong>spuriam</strong></span> <span class='ocrx_word' id='word_1_942' title='bbox 2698 5521 2910 5578; x_wconf 84' lang='lat' dir='ltr'><strong>habens</strong></span> <span class='ocrx_word' id='word_1_943' title='bbox 2939 5521 2995 5577; x_wconf 92' lang='lat' dir='ltr'><strong>in</strong></span> <span class='ocrx_word' id='word_1_944' title='bbox 3027 5523 3213 5593; x_wconf 86' lang='lat' dir='ltr'><strong>seipso</strong></span> <span class='ocrx_word' id='word_1_945' title='bbox 3238 5521 3422 5592; x_wconf 82' lang='lat' dir='ltr'><strong>digni-</strong></span> 
     </span>
    </p>
   </div>
   <div class='ocr_carea' id='block_1_118' title="bbox 1847 5612 3424 5685">
    <p class='ocr_par' dir='ltr' id='par_1_118' title="bbox 1847 5612 3424 5685">
     <span class='ocr_line' id='line_1_118' title="bbox 1847 5612 3424 5685; baseline -0.003 -14"><span class='ocrx_word' id='word_1_946' title='bbox 1847 5624 2039 5683; x_wconf 89' lang='lat' dir='ltr'><strong>tatem,</strong></span> <span class='ocrx_word' id='word_1_947' title='bbox 2062 5624 2117 5673; x_wconf 89' lang='lat' dir='ltr'><strong>ct</strong></span> <span class='ocrx_word' id='word_1_948' title='bbox 2144 5616 2414 5672; x_wconf 82' lang='lat' dir='ltr'><strong>vocabulo</strong></span> <span class='ocrx_word' id='word_1_949' title='bbox 2444 5623 2607 5671; x_wconf 88' lang='lat' dir='ltr'><strong>tenus</strong></span> <span class='ocrx_word' id='word_1_950' title='bbox 2638 5613 3079 5685; x_wconf 87' lang='lat' dir='ltr'><strong>appellationem.</strong></span> <span class='ocrx_word' id='word_1_951' title='bbox 3108 5613 3166 5671; x_wconf 86' lang='lat' dir='ltr'><strong>in</strong></span> <span class='ocrx_word' id='word_1_952' title='bbox 3192 5612 3424 5668; x_wconf 90' lang='lat' dir='ltr'><strong>nihilum</strong></span> 
     </span>
    </p>
   </div>
   <div class='ocr_carea' id='block_1_119' title="bbox 1112 5794 1964 5867">
    <p class='ocr_par' dir='ltr' id='par_1_119' title="bbox 1112 5794 1964 5867">
     <span class='ocr_line' id='line_1_119' title="bbox 1112 5794 1964 5867; baseline -0.004 -16"><span class='ocrx_word' id='word_1_953' title='bbox 1112 5800 1155 5830; x_wconf 84' lang='grc'>¹¹</span> <span class='ocrx_word' id='word_1_954' title='bbox 1187 5795 1347 5853; x_wconf 88' lang='lat' dir='ltr'><strong>Joan.</strong></span> <span class='ocrx_word' id='word_1_955' title='bbox 1387 5812 1435 5867; x_wconf 91' lang='grc' dir='ltr'>ι,</span> <span class='ocrx_word' id='word_1_956' title='bbox 1463 5795 1553 5853; x_wconf 69' lang='lat'><strong>‘52.</strong></span> <span class='ocrx_word' id='word_1_957' title='bbox 1628 5798 1672 5829; x_wconf 84' lang='lat'><strong>&quot;</strong></span> <span class='ocrx_word' id='word_1_958' title='bbox 1700 5794 1838 5853; x_wconf 87' lang='lat' dir='ltr'><strong>ibid.</strong></span> <span class='ocrx_word' id='word_1_959' title='bbox 1876 5794 1964 5850; x_wconf 79' lang='lat' dir='ltr'><strong>i6.</strong></span> 
     </span>
    </p>
   </div>
  </div>
