4118 6594
678 378 781 435 199

1676 371 1733 428 S.
1776 367 2051 425 CYlllLLl
2094 364 2561 423 ALEXANDRINI
2601 370 2925 426 ARCHIEP.

3864 381 3975 436 200

674 509 807 567 ergo
834 493 992 565 plane
1018 500 1262 555 corruet,
1290 504 1418 546 cum
1450 504 1629 559 neque
1650 488 1815 545 Pater
1836 505 1962 545 vere
1983 488 2056 544 sit
2075 486 2253 549 Pater,

2361 484 2509 555 τρὸς,
2523 484 2647 539 οὔτε
2677 486 2783 559 μὴν
2806 486 2900 541 τοῦ
2922 487 3053 541 Υἱοῦ
3076 487 3232 543 τοῦτο
3250 492 3393 545 κατὰ
3413 491 3573 561 φύσιν
3590 492 3970 565 ὑπάρχοντος.

674 604 857 659 neque
892 586 1064 641 Filius
1098 584 1403 640 secundum
1439 590 1696 634 naturam
1746 582 1819 637 sit
1866 581 1921 636 id
1953 582 2101 653 quod
2136 595 2262 636 esse

675 682 897 736 dicitur.
948 676 1046 732 Sin
1107 683 1289 730 autem
1342 673 1506 727 Pater
1543 687 1670 727 vere
1718 682 1805 728 est
1854 672 2021 739 Deus,
2070 672 2261 743 utique

676 774 844 829 habet
890 771 943 826 id
989 769 1149 837 cujus
1193 776 1280 824 est
1310 765 1493 833 Pater,
1525 764 1726 820 Filium
1762 765 2036 829 videlicet,
2062 766 2154 836 qui
2191 780 2260 820 ex

677 867 797 937 ipso
838 864 1133 935 processit.
1191 862 1262 916 At
1295 862 1573 933 quomodo
1627 876 1723 932 per
1777 870 2028 915 naturam
2066 866 2259 914 sancta

679 957 864 1012 Deitas
894 954 1095 1010 Filium
1121 955 1436 1010 sanctitatis
1474 961 1752 1024 expertem
1805 952 2010 1023 gignet,
2042 958 2097 1005 et
2140 949 2260 1004 fru-

673 1055 821 1102 ctum
848 1046 973 1101 edet
1020 1048 1137 1102 suis
1169 1046 1601 1117 proprietatibus
1643 1047 2003 1103 destitutum?
2026 1043 2160 1099 Nam
2209 1044 2259 1101 si

674 1135 899 1191 aliunde
943 1135 1442 1191 sanctiﬁcationem
1486 1138 1650 1192 habet
1676 1178 1691 1200 ,
1728 1145 1786 1192 ut
1834 1136 1913 1191 illi
1958 1143 2255 1206 nugantur,

673 1244 903 1285 necesse
946 1237 1032 1285 est
1075 1228 1162 1284 vel
1210 1229 1414 1284 invitos
1466 1229 1620 1301 ipsos
1669 1227 1850 1293 fateri,
1878 1244 1989 1283 non
2040 1242 2259 1298 semper

676 1319 850 1375 fuisse
888 1328 1168 1383 sanctum,
1218 1320 1315 1375 sed
1356 1328 1474 1375 tum
1528 1320 1751 1375 demum
1803 1319 2097 1383 exstitisse,
2131 1333 2255 1374 cum

676 1411 948 1481 Spiritus,
971 1418 1030 1465 ut
1054 1412 1250 1468 scribit
1282 1410 1548 1475 Joannes.
1576 1411 1860 1468 descendit
1891 1426 2058 1482 super
2103 1427 2254 1466 eum.

676 1507 962 1573 Quomodo
1002 1508 1168 1578 igitur
1197 1518 1426 1564 sanctus
1460 1515 1583 1563 erat
1627 1508 1794 1564 etiam
1831 1516 1959 1562 ante
2000 1506 2259 1561 incarna-

678 1602 881 1657 tionem
930 1600 1090 1671 119
1126 1601 1332 1657 Filius?
1355 1599 1448 1655 Sic
1481 1599 1627 1655 enim
1657 1600 1836 1669 ipsum
1861 1598 2145 1654 celebrant
2171 1611 2257 1654 se-

673 1692 884 1761 rapbim
906 1693 1106 1763 hymno
1133 1693 1225 1747 illo
1249 1693 1477 1763 trisagio
1504 1707 1618 1762 quo
1646 1706 1748 1747 vox
1774 1692 1888 1756 illa,
1923 1688 2250 1754 «Sanctus,»

2367 574 2464 628 ὂπε
2474 593 2504 647 ρ
2533 570 2671 631 εἶναι
2702 578 2940 647 λέγεται.
2971 581 3034 633 Εἰ
3052 581 3107 634 δὲ
3131 583 3348 652 ἀληθῶς
3376 584 3566 656 Πατήρ
3589 586 3739 641 ἐστιν
3760 585 3971 650 ὀΘεδς,

2365 666 2481 737 ἔχει
2509 666 2575 739 δὴ
2604 668 2843 736 πάντως,
2865 664 2926 723 οὗ
2949 672 3042 724 καὶ
3065 671 3180 726 ἔστι
3202 674 3415 746 Πατὴρ,
3448 675 3576 730 Υἱὸν
3600 676 3856 747 δηλονότι
3876 678 3973 730 τὸν

2366 758 2428 824 ἐξ
2458 759 2643 814 αὑτοῦ.
2659 756 2793 815 Εἶτα
2818 761 2935 826 πῶς
2956 762 3144 833 ἡεκατὰ
3168 764 3330 833 φύσιν
3354 765 3485 835 ἁγία
3498 766 3973 837 Θεότης,ἁγιότη-

2364 867 2458 914 τος
2499 850 2705 923 ἔρημον
2731 852 2794 905 τὸ
2813 852 2873 918 ἐξ
2898 854 3068 925 αὐτῆς
3092 855 3548 924 ἀποτέξεται,κα“ι
3575 859 3790 929 γυμνὸν
3836 861 3975 929 ἡμῖν

2365 940 2476 996 τῶν
2494 942 2632 1013 αὐτῇ
2656 943 2969 1014 προσόντων
3000 945 3307 1015 ἰδιωμάτων
3336 948 3429 1001 τὸν
3453 951 3652 1004 οἰκεῖον
3683 950 3971 1005 ἀποδώσει

2365 1032 2580 1105 καρπόν
2599 1050 2613 1100 ;
2637 1034 2699 1086 Εἰ
2716 1035 2823 1105 γὰρ
2844 1033 2956 1106 ἔχει
2980 1035 3071 1089 τὸν
3089 1037 3359 1108 ἀγιασμὸν
3382 1040 3640 1107 ἐπακτὸν,
3664 1041 3741 1104 ὼς
3760 1044 3971 1095 ἐκεῖνοι

2366 1122 2658 1196 ληροῦντές
2692 1142 2854 1195 φασι⁶
2879 1128 3093 1199 ἀνάγκη
3144 1128 3209 1201 δὴ
3241 1132 3393 1185 πᾶσα
3450 1132 3845 1203 συνομολογεῖν
3873 1135 3970 1188 καὶ

2365 1222 2465 1292 οὐχ
2485 1222 2710 1287 ἑκόντας
2733 1223 2952 1289 αὐτοὺς,
2971 1224 3047 1289 ὼς
3075 1220 3144 1296 ἦν
3174 1227 3274 1297 μὲν
3307 1227 3461 1297 άγιος
3489 1229 3591 1283 οὑκ
3617 1230 3707 1285 ἀει
3732 1248 3745 1261 ·
3767 1229 3969 1299 γέγονε

2363 1314 2423 1368 δὲ
2457 1312 2708 1389 ὕστερον,
2747 1316 2834 1370 ὅτε
2861 1319 2954 1371 καὶ
2983 1317 3043 1371 τὸ
3070 1318 3295 1390 Πνεῦμα
3324 1321 3705 1393 καταϐέϐηκεν
3744 1326 3843 1377 ἐπ’
3871 1325 3973 1376 αῦ-

2363 1406 2477 1473 τὸν,
2506 1407 2584 1472 ὡς
2609 1408 2639 1460 6
2676 1409 2926 1481 Ἰωάννης
2949 1411 3084 1481 φησι
3102 1429 3116 1444 ·
3157 1412 3276 1477 πῶς
3312 1410 3406 1468 οὖν
3434 1415 3589 1484 ἅγιος
3616 1411 3686 1488 ἦν
3716 1416 3817 1469 καὶ¹
3860 1416 3971 1487 πρὸ

2362 1498 2463 1569 τῆς
2515 1499 2845 1570 σαρκώσεως
2881 1504 2911 1556 6
2941 1503 3101 1572 Υἱός;
3140 1505 3329 1570 Οὕτως
3371 1507 3482 1578 γὰρ
3515 1507 3679 1563 αὑτὸν
3714 1507 3970 1573 ὲδοξολό-
4070 1514 4073 1557 .‘

2366 1607 2453 1657 γει
2484 1590 2551 1646 τὰ
2601 1594 2847 1666 σεραφὶμ
2886 1596 2978 1649 ἐπὶ
3001 1595 3096 1651 τὸν
3128 1599 3312 1671 τρίτον
3343 1599 3542 1669 ἑφεξῆς
3587 1599 3832 1671 ἀριθμὸν
3863 1602 3971 1654 ἀπὸ
4070 1592 4071 1607 ἶ

2361 1683 2459 1737 τοῦ
2483 1684 2724 1756 πρώτου,
2756 1687 2819 1740 τὸ
2847 1688 3017 1759 ἅγιος
3041 1690 3321 1762 στοιχηδὸν
3352 1691 3718 1762 ἀναφέροντα.
3749 1690 3969 1746 οὐκοῦν

667 1794 755 1839 ter
785 1801 813 1837 a
842 1785 1020 1854 primo
1040 1786 1108 1839 ad
1135 1784 1356 1839 tertium
1386 1784 1679 1839 ordinatim
1711 1783 2002 1854 repetitur.
2033 1780 2091 1839 Si
2123 1797 2253 1853 ergo

2364 1772 2524 1847 εἴπερ
2548 1774 2701 1841 ἅγιος
2726 1770 2817 1847 ἦν,
2836 1778 2932 1832 καὶ
2956 1778 3064 1851 πρὸ
3089 1778 3193 1850 τῆς
3233 1781 3728 1854 ὲνανθρωπήσεως,
3759 1783 3967 1852 μᾶλλον

672 1882 897 1930 sanctus
925 1882 1064 1940 erat,
1100 1875 1267 1930 etiam
1300 1886 1428 1931 ante
1464 1874 1928 1938 incarnationem,
1976 1875 2088 1930 imo
2126 1889 2253 1930 vero

2361 1867 2417 1921 δὲ
2452 1868 2715 1940 ὑπάρχων
2765 1871 2852 1925 ἀεὶ
2899 1873 3039 1943 μετά
3074 1874 3170 1927 τοῦ
3216 1851 3451 1945 Πατρὸς,
3501 1851 3619 1939 πῶς
3661 1851 3846 1928 ἐδεῖτο
3877 1874 3967 1928 τσῦ

672 1981 798 2020 cum
828 1964 991 2019 Patre
1048 1980 1263 2036 semper
1294 1966 1618 2030 exsistebat,
1676 1965 1960 2036 quomodo
2016 1965 2259 2022 sanctifl-

672 2065 835 2113 cante
899 2058 1211 2130 indigebat,
1276 2058 1441 2129 idque
1502 2058 1822 2115 novissimis
1892 2060 2254 2130 temporibus,

672 2149 898 2220 quando
945 2151 1206 2204 nimirum
1253 2149 1431 2205 factus
1481 2158 1567 2206 est
1614 2150 1828 2206 homo“!
1875 2150 2043 2207 Miror
2074 2159 2255 2209 autem

671 2257 784 2311 quo
814 2249 973 2314 pacto
1008 2242 1141 2297 illud
1174 2259 1272 2299 eos
1314 2243 1489 2313 fugiat
1523 2258 1648 2298 cum
1686 2243 1892 2314 alioqui
1942 2244 2255 2301 sciscitato-

671 2350 763 2391 res
795 2335 907 2391 sint
958 2342 1122 2405 atque
1151 2335 1400 2391 curiosi:
1449 2336 1769 2391 necessario
1817 2336 2081 2392 nimirum
2143 2345 2259 2393 sta-

671 2427 939 2483 tuendum
968 2444 1091 2484 esse
1124 2429 1322 2483 Filium
1354 2428 1656 2501 aliquando
1680 2444 1844 2501 posse
1872 2445 2092 2501 quoque
2126 2445 2257 2486 san-

671 2521 915 2576 ctitatem
951 2520 1211 2590 abiicere,
1243 2520 1288 2577 si
1352 2536 1463 2576 non
1510 2532 1595 2578 est
1628 2523 1677 2576 ei
1711 2521 2117 2587 substantialis,
2159 2522 2255 2579 sed

670 2614 899 2684 perinde
921 2628 985 2669 ac
1009 2614 1167 2671 nobis
1188 2623 1283 2669 aut
1309 2615 1473 2671 alicui
1506 2616 1662 2671 alteri
1694 2623 1967 2672 creatura:
1998 2618 2255 2673 rationali

668 2707 890 2763 accidit.
922 2707 1081 2775 Quod
1116 2719 1297 2766 autem
1331 2709 1775 2767 sanctificatione
1797 2710 2028 2776 excidit,
2073 2726 2256 2768 nonne

668 2799 835 2854 etiam
871 2801 1079 2869 peccati
1115 2801 1354 2857 vinculis
1393 2810 1481 2858 est
1512 2801 1838 2868 obnoxium,
1885 2810 1942 2858 et
1976 2802 2031 2859 in
2062 2804 2253 2859 vitium

669 2892 897 2954 labitur,
937 2908 1045 2947 non
1071 2893 1182 2963 jam
1215 2894 1460 2949 retinens
1491 2892 1546 2948 in
1577 2894 1762 2965 seipso
1821 2894 1874 2950 id
1913 2910 2026 2966 quo
2060 2896 2253 2951 vitium

670 2984 1011 3054 superabat?
1046 2985 1216 3055 Igitur
1245 3000 1315 3042 ne
1361 2986 1762 3055 immutabilem
1792 2988 2013 3058 quidem
2052 2987 2252 3045 Filium

671 3078 1090 3146 rounperiemus,
1129 3085 1184 3132 et
1213 3076 1507 3135 Psalmista
1535 3095 1759 3152 quoque
1798 3081 2101 3136 mentietur
2124 3097 2253 3137 cum

671 3167 727 3221 in
774 3165 982 3237 Spiritu
1037 3168 1105 3222 ad
1143 3168 1325 3239 ipsum
1369 3170 1614 3228 clamat:
1678 3193 1698 3227 ι
1749 3173 1832 3230 Tu
1872 3181 2057 3230 autem
2109 3174 2253 3230 idem

670 3259 790 3327 ipse
815 3274 877 3316 es
900 3260 971 3316 ".
1011 3278 1030 3313 ι
1081 3258 1380 3328 Praeterea,
1423 3262 1558 3320 illud
1588 3280 1812 3338 quoque
1848 3266 2255 3322 observandum

668 3362 771 3416 est,
806 3353 954 3424 quod
984 3355 1176 3411 eodem
1211 3357 1494 3428 pertinet:
1536 3357 1823 3423 nimirum,
1855 3357 1912 3413 id
1938 3356 2087 3430 quod
2130 3372 2258 3428 par-

671 3446 863 3517 ticipat
896 3446 1042 3502 aliud
1075 3450 1267 3518 procul
1301 3448 1469 3506 dubio
1499 3451 1762 3522 quiddam
1788 3467 1911 3508 esse
1939 3459 2137 3507 natura
2187 3452 2257 3507 ab

669 3551 735 3591 eo
761 3536 908 3608 quod
939 3539 1321 3611 participatur.
1352 3540 1490 3596 Nam
1524 3543 1572 3599 si
1598 3558 1793 3600 verum
1825 3544 1975 3600 istud
2005 3559 2117 3599 non
2149 3552 2255 3605 est,

673 3643 774 3683 nec
810 3630 1042 3685 alterum
1073 3633 1143 3688 ab
1172 3633 1347 3689 altero
1373 3636 1486 3691 ullo
1517 3635 1684 3691 modo
1721 3636 1926 3704 differt,
1984 3637 2257 3708 suiipsius

672 3716 948 3786 particeps
982 3720 1090 3775 erit
1120 3722 1495 3796 quodcunque
1532 3734 1621 3782 est
1675 3726 1915 3797 alicujus
1957 3729 2255 3797 particeps,

669 3807 818 3876 quod
876 3811 961 3864 vel
1012 3814 1255 3883 cogitare
1313 3825 1400 3872 est
1438 3816 1929 3874 absurdissimum.
1968 3819 2256 3886 Quomodo

666 3902 811 3956 enim
839 3901 1040 3973 aliquis
1068 3906 1154 3961 sui
1185 3909 1459 3980 particeps
1488 3925 1613 3966 esse
1637 3912 1998 3967 censebitur?
2018 3912 2172 3980 Quod
2206 3914 2253 3971 si

670 3992 906 4047 naturali
936 3992 1260 4053 diversitate
1302 3999 1539 4054 invicem
1576 4000 1669 4055 illa
1701 4003 2017 4058 necessario
2045 4003 2257 4061 discre-

669 4092 821 4153 pant,
853 4084 1076 4141 videant
1098 4088 1190 4157 qui
1222 4087 1523 4160 Unigenito
1570 4089 1840 4162 Spiritum
1875 4108 1998 4148 esse
2025 4103 2255 4150 conten-

667 4175 806 4230 dunt
829 4192 927 4247 per
962 4179 1467 4250 participationem,
1519 4193 1785 4253 quantam
1818 4184 1872 4238 in
1912 4186 2252 4256 impietatem

668 4268 841 4323 nescii
890 4270 1250 4341 praecipitent.
1286 4270 1423 4326 Nam
1464 4273 1511 4328 si
1567 4274 1848 4345 particeps
1897 4275 2136 4344 Spiritus
2170 4288 2255 4334 est

666 4360 863 4429 Filius,
895 4371 1122 4419 sanctus
1157 4376 1339 4420 autem
1373 4375 1569 4421 natura
1600 4373 1685 4422 est
1713 4366 1976 4438 Spiritus,
2012 4384 2119 4423 non
2149 4370 2256 4425 erit

666 4462 893 4510 sanctus
927 4456 1042 4524 ipse
1070 4471 1169 4526 per
1194 4464 1474 4518 naturam.
1512 4458 1607 4514 sed
1640 4459 1868 4515 alterius
1903 4461 2256 4531 conjunctio-

2284 3217 2330 3279 C

2366 1962 2700 2031 ἀγιάζοντος,
2732 1964 3009 2019 καὶτοῦτο
3033 1966 3092 2020 ὲν
3134 1966 3381 2039 ὑστέροις
3412 1970 3639 2039 καιροῖς,
3684 1970 3779 2022 ὅτε
3809 1968 3968 2037 γέγο-

2364 2072 2450 2109 νεν
2504 2055 2791 2130 ἄνθρωπος
2824 2075 2838 2125 ;
2873 2060 3151 2130 Θαυμάζω
3181 2059 3237 2113 δὲ
3282 2061 3432 2124 ὅπως
3484 2061 3683 2125 αὐτοὺς
3740 2062 3966 2115 κάκεῖνο

2362 2148 2635 2215 λανθάνει,
2671 2150 2846 2204 καίτοι
2884 2151 3005 2206 λίαν
3033 2152 3191 2216 ὄντας
3233 2152 3628 2223 φιλοζητητάς·
3662 2152 3697 2223 ἢ
3726 2154 3846 2225 γὰρ
3872 2154 3967 2206 οὐκ

2362 2242 2579 2314 ἀνάγκη
2609 2246 2772 2309 νοεῖν,
2796 2244 3054 2300 δύνασθαί
3084 2262 3212 2298 ποτε
3246 2245 3338 2298 τὸν
3362 2245 3490 2300 Υἱδν
3521 2246 3615 2300 καὶ
3644 2246 3967 2300 ἀποπτύσαι

2361 2336 2453 2389 τὸν
2482 2335 2773 2406 ἀγιασμὸν,
2801 2337 2956 2409 εἴπερ
2973 2336 3072 2389 οὑκ
3091 2335 3238 2389 ἔστιν
3269 2334 3531 2406 οὐσιὼδης
3556 2337 3614 2389 ἐν
3643 2335 3820 2406 αὐτῷ,
3852 2352 3969 2388 σνν-

2363 2426 2461 2499 έὸη
2483 2428 2541 2482 δὲ
2570 2427 2760 2498 ὥσπερ
2788 2429 2939 2499 ἡμῖν.
2972 2428 3067 2482 καὶ
3089 2427 3261 2500 ἑτέρῳ
3295 2428 3395 2482 τινὶ
3422 2428 3531 2481 τῶν
3569 2427 3813 2497 λογικῶν
3846 2445 3965 2481 κτι-

2364 2521 2627 2591 σμάτων;
2651 2521 2724 2573 Τὸ
2750 2516 2807 2574 δὲ
2840 2521 3125 2592 ἁγιότητος
3160 2521 3414 2586 ἐκπεσὸν,
3465 2519 3588 2591 οὐχὶ
3629 2519 3695 2591 δὴ
3741 2520 3966 2584 πάντως

2362 2611 2517 2665 ἔσται
2547 2613 2644 2666 καὶ⁵
2696 2613 2801 2667 ὑπὸ
2828 2615 2895 2669 τὰ
2918 2614 3018 2683 τῆς
3062 2613 3339 2685 ἁμαρτίας
3364 2612 3561 2684 δεσμά,
3594 2612 3690 2666 καὶ
3735 2611 3967 2667 ὀκλάσει

2362 2704 2500 2773 πρὸς
2530 2704 2590 2758 τὺ
2627 2706 2825 2779 χεῖρον,
2860 2704 3045 2759 οὐκέτι
3063 2705 3330 2770 διασῶζον
3361 2703 3497 2775 πρὸς
3521 2703 3583 2757 τὺ
3616 2703 3965 2774 φαυλότητος
4076 2742 4077 2757 η

2362 2796 2467 2862 ἔξω
2485 2797 2738 2866 γενέσθαι
2768 2796 2993 2863 ποιοῦν;
3023 2795 3232 2851 Οὐκοῦν
3280 2796 3401 2850 οὐδὲ
3432 2794 3800 2858 ἀναλλοίωτος
3829 2796 3963 2863 ἡμῖν

2361 2890 2390 2943 6
2435 2889 2564 2954 Υἱὸς
2608 2888 2996 2961 εὑρεθήσεται,
3026 2888 3375 2959 διαψεὺσεται
3410 2887 3469 2942 δὲ
3492 2885 3587 2941 καὶ
3630 2889 3662 2941 6
3697 2886 3963 2957 Μελῳδδς

2362 2984 2421 3038 ὲν
2449 2981 2748 3051 Πνεύματι,
2782 3000 2800 3033 ι
2856 2982 2928 3035 Σὺ
2959 2980 3015 3035 δὲ
3053 2981 3082 3035 6
3125 2981 3289 3044 αὐτὸς
3317 2976 3387 3048 εἱ,
3438 2998 3457 3031 ι
3494 2978 3652 3051 βοῶν,
3693 2977 3780 3042 ὡς
3822 2979 3965 3050 πρὸς

2363 3075 2545 3131 αὐτόν.
2582 3074 2727 3147 Πρὸς
2755 3073 2811 3126 δέ
2843 3090 2907 3142 γε
2937 3076 3051 3138 τοῖς
3086 3072 3400 3145 εἰρημένοις
3431 3071 3845 3145 περιαθρεῑσθω
3869 3072 3965 3124 καὶ

2362 3165 2541 3231 τοῦτο,
2573 3165 2810 3235 συγγενῆ
2835 3164 2938 3235 τὴν
2955 3162 3191 3235 θεωρίαν
3221 3157 3496 3233 εἰσφέρον,
3538 3161 3631 3215 τοῦ
3663 3160 3965 3232 μετίσχον-

2358 3276 2449 3323 τος
2482 3259 2544 3312 τὸ
2585 3255 2948 3329 μετεχόμενον
2977 3255 3162 3327 ἕτερόν
3188 3271 3240 3308 τι
3276 3254 3419 3309 κατά
3456 3254 3555 3327 τὴν
3582 3252 3745 3323 φύσιν
3781 3253 3966 3324 ὑπάρ-

2358 3367 2494 3421 χειν,
2522 3348 2858 3405 ἀπαστισοῦν
2892 3348 3191 3416 ἀναγκάσει
3225 3346 3400 3416 λόγος.
3444 3347 3508 3401 Εἰ
3533 3344 3641 3417 γὰρ
3676 3345 3754 3418 μὴ
3801 3346 3967 3400 τοῦτό

2359 3445 2507 3497 ἐστιν
2544 3442 2741 3514 ἀληθὲς
2767 3483 2781 3504 ,
2811 3440 3001 3496 διοίσει
3036 3441 3094 3494 δὲ
3138 3442 3258 3494 κατ’
3292 3440 3486 3493 οὐδένα
3538 3439 3739 3511 τρόπον
3776 3440 3967 3493 ἐκεῖνο

2360 3520 2498 3608 προς
2537 3534 2696 3588 τοῦτο
2718 3573 2733 3598 ,
2767 3535 2860 3588 καὶ
2912 3533 3027 3588 ἔστι
3056 3533 3275 3598 ταυτὸν,
3306 3531 3501 3586 ἑαυτοῦ
3535 3532 3767 3603 μέτοχον
3801 3532 3963 3586 ἔσται

2358 3628 2421 3681 τό
2456 3644 2599 3690 τινος
2645 3625 2889 3696 μετέχον,
2924 3626 3063 3695 ὅπερ
3094 3624 3212 3677 ἐστὶ
3244 3625 3339 3679 καὶ
3373 3625 3533 3695 μόνον
3579 3625 3785 3677 ἐννοεῖν
3831 3625 3965 3677 ἀπί-

2359 3717 2538 3772 θανον.
2589 3715 2712 3781 Πῶς
2738 3716 2848 3787 γὰρ
2872 3717 2938 3770 άν
2968 3733 3052 3780 τις
3097 3716 3293 3769 ἑαυτοῦ
3331 3719 3503 3769 νοοῖτο
3536 3715 3902 3787 μετεσχηκώς
3942 3734 3959 3781 ;

2358 3809 2506 3862 Εῐδὲ
2551 3810 2728 3861 χεῖται
2763 3809 2980 3870 πάντως
3027 3808 3086 3860 ἐν
3133 3808 3416 3879 ἑτερότητι
3461 3810 3664 3878 φυσικῇ
3696 3810 3761 3878 τῇ
3819 3809 3962 3878 πρὸς

2357 3900 2562 3972 ἄλληλα
2590 3902 2658 3955 τὰ
2696 3901 2982 3972 εἰρημένα,
3026 3900 3121 3954 καὶ
3147 3900 3426 3970 διατέμνει
3466 3901 3624 3970 λόγος
3650 3903 3961 3968 ἀναγκαῖος

2356 3994 2517 4057 αὐτὰ,
2550 3995 2834 4066 όράτωσαν
2856 3995 2903 4047 οἱ
2926 3995 2989 4047 ὲκ
3014 3994 3246 4065 μετοχῆς
3271 3995 3333 4047 τὸ
3363 3993 3585 4065 Πνεῦμα
3606 3993 3850 4056 διδόντες
3882 3995 3960 4064 τῷ

2356 4086 2655 4154 Μονογενεῖ
2682 4124 2696 4148 ,
2739 4083 2876 4155 πρὸς
2939 4085 3071 4156 ὅσην
3132 4084 3635 4147 κατολισθαίνοντες
3693 4084 3959 4138 ἀσέϐειαν

2355 4179 2456 4232 οὐκ
2483 4178 2847 4233 αἰσθάνονται.
2876 4177 2938 4230 El
2961 4178 3070 4249 γὰρ
3093 4178 3321 4248 μέτοχός
3360 4178 3481 4231 ἐστι
3507 4176 3601 4230 τοῦ
3628 4177 3959 4248 Πνεύματος

2355 4272 2385 4324 6
2412 4271 2559 4337 Υἱὸς,
2586 4271 2740 4340 ἀγιον
2760 4269 2819 4322 δὲ
2851 4271 2915 4341 τῇ
2948 4268 3107 4339 φύσει
3136 4270 3197 4323 τὸ
3225 4268 3452 4342 Πνεῦμά
3472 4271 3643 4335 ἔστιν,
3664 4270 3766 4323 οὐκ
3796 4270 3959 4325 ἔσται

2357 4362 2497 4416 κατά
2529 4362 2690 4431 φύσιν
2721 4361 2876 4429 ἅγιος
2912 4361 3093 4424 αὐτός’
3132 4359 3347 4432 ἐδείχθη
3393 4360 3450 4415 δὲ
3494 4360 3653 4415 τοῦτο
3686 4360 3854 4432 μόλις
3891 4366 3956 4434 τῇ

2357 4453 2493 4525 πρὸς
2517 4453 2704 4525 ἕτερον
2738 4452 3046 4524 συμπλοκῇ,
3078 4452 3216 4523 πρὸς
3253 4452 3315 4506 τὸ
3338 4454 3637 4526 ἀμεινον,ἢ
3665 4454 3725 4506 ὲν
3750 4448 3958 4526 οἷσπερ

666 4562 737 4603 ne
761 4546 852 4601 vix
888 4547 1106 4602 tandem
1138 4547 1275 4603 illud
1315 4557 1652 4607 consecutus
1703 4561 1811 4616 est,
1842 4553 1907 4608 ad
1968 4554 2249 4609 meliorem

2359 4544 2423 4619 ἦν
2489 4548 2670 4619 ἀρχῇ.
2720 4545 2861 4600 κατά
2932 4546 3093 4617 χάριν
3157 4547 3737 4617 μεταστοιχειούμενος
3768 4562 3782 4576 '
3836 4549 3957 4601 ἀλλ’

666 4642 874 4691 statum
902 4651 1066 4706 quam
1103 4636 1264 4691 initio
1296 4652 1394 4707 per
1437 4639 1673 4709 gratiam
1725 4640 2086 4699 reformatus.
2141 4642 2249 4700 Sed

665 4728 851 4783 videat
876 4743 1076 4783 rursus
1108 4727 1203 4783 Dei
1236 4728 1412 4785 hostis
1448 4738 1714 4801 quantam
1750 4733 1806 4786 in
1843 4733 2248 4792 absurditatem

666 4822 761 4876 illa
784 4821 1059 4877 desinant.
1085 4821 1329 4876 Primum
1352 4823 1498 4877 enim
1536 4824 1927 4881 alterationem
1946 4830 2247 4899 quamdam

664 4920 721 4967 et
754 4912 1135 4978 mutationem,
1175 4914 1339 4970 sicuti
1370 4915 1482 4986 jam
1520 4924 1682 4973 antea
1745 4918 1885 4986 dixi,
1944 4923 2249 4992 comperie-

664 5021 790 5060 mus
846 5019 971 5061 esse
998 5006 1053 5060 in
1084 5004 1268 5061 Filio:
1306 5008 1356 5063 si
1410 5016 1655 5065 mutatus
1687 5020 1871 5066 autem
1905 5013 1996 5078 sit,
2056 5022 2115 5067 ut
2150 5029 2247 5071 vos

663 5098 856 5163 vultis,
884 5105 938 5152 et
966 5097 1263 5169 profecerit
1302 5098 1358 5154 in
1415 5101 1634 5164 melius.
1669 5101 1831 5159 Patre
1886 5108 2074 5162 nescio
2102 5122 2246 5178 quo-

663 5189 826 5245 modo
862 5190 1042 5244 minor
1072 5198 1179 5254 est,
1245 5190 1342 5246 sed
1372 5203 1427 5248 et
1471 5193 1651 5264 major
1709 5195 1930 5251 demum
1967 5198 2077 5265 fiet,
2135 5214 2247 5269 quo

664 5290 825 5352 pacto
853 5297 1005 5348 vero,
1039 5281 1309 5350 dicemus,
1341 5300 1408 5340 ex
1446 5282 1749 5358 Scriptura:
1779 5289 1980 5345 divinae
2007 5293 2247 5347 auctori-

664 5379 795 5427 tate.
852 5370 1016 5429 Divus
1070 5372 1275 5431 Paulus
1312 5376 1380 5433 de
1433 5377 1553 5449 ipso
1590 5380 1796 5435 alicubi
1852 5382 2012 5438 infit:
2066 5403 2082 5435 ι
2126 5383 2241 5439 Hoc

665 5464 866 5521 sentite
903 5466 957 5520 in
995 5467 1172 5533 vobis,
1202 5468 1349 5540 quod
1383 5479 1438 5525 et
1467 5470 1522 5525 in
1546 5471 1768 5528 Christo
1792 5472 1952 5529 Jesu:
1986 5476 2078 5545 qui
2113 5490 2241 5531 cum

661 5555 715 5610 in
751 5555 926 5611 forma
960 5557 1054 5614 Dei
1083 5571 1249 5626 esset,
1287 5577 1396 5617 non
1420 5564 1669 5633 rapinam
1694 5565 1994 5621 arbitratus
2012 5577 2094 5621 est
2119 5584 2242 5625 esse

659 5664 717 5703 se
745 5645 1008 5721 aequalem
1045 5653 1177 5721 Deo,
1211 5654 1310 5712 sed
1353 5658 1713 5727 semetipsum
1747 5658 2069 5727 exinanivit,
2124 5661 2242 5717 for-

724 5825 924 5887 ”Psal.
947 5847 1021 5902 Cl,
1054 5834 1139 5888 l3.

2355 4638 2538 4710 ὁράτω
2561 4638 2722 4692 πάλιν
2753 4640 2782 4691 6
2814 4636 3102 4707 θεομάχος,
3134 4638 3215 4701 εἰς
3263 4639 3395 4709 ὅσην
3448 4640 3598 4709 αὺτῷ
3630 4638 3958 4694 δυσσέϐειαν

2356 4731 2725 4805 καταστρέφει
2757 4730 2825 4784 τὰ
2872 4730 3257 4802 προϐλήματα.
3308 4731 3534 4801 Πρῶτον
3583 4733 3679 4803 μὲν
3710 4732 3826 4803 γὰρ
3862 4734 3960 4788 ἀλ-

2354 4824 2571 4887 λοίωσις
2601 4841 2684 4888 τις
2738 4824 2831 4877 καὶ
2856 4824 3052 4896 τροπὴ,
3088 4823 3341 4895 καθάπερ
3363 4824 3465 4896 ἤδη
3500 4828 3785 4896 προεῖπον,
3821 4827 3961 4897 περὶ

2351 4921 2446 4974 τὸν
2475 4919 2603 4974 Υἱὺν
2647 4918 3001 4991 εὑρεθήσεται
3033 4935 3049 4949 ·
3078 4918 3389 4981 ἁλλοιωθεὶς
3411 4918 3469 4971 δὲ
3496 4917 3619 4972 καθ’
3650 4919 3821 4989 ὑμᾶς,
3858 4924 3957 4974 καὶ

2354 5011 2637 5085 προκόψας
2668 5011 2760 5064 ἐπὶ
2784 5009 2844 5064 τδ
2865 5010 3107 5082 ἄμεινον,
3140 5011 3238 5079 οὐχ
3266 5010 3416 5072 ὅπως
3447 5007 3687 5063 ἐλάττων
3712 5010 3834 5062 ἐστὶ
3859 5011 3957 5064 τοῦ

2346 5103 2583 5178 Πατρδς,
2617 5102 2733 5158 ἀλλ’
2764 5103 2867 5174 ήδη
2914 5118 3032 5165 πως
3074 5102 3168 5155 καὶ
3204 5104 3261 5154 ἐν
3315 5100 3528 5171 μείζοσι
3562 5100 3806 5170 γεγονὼς
3837 5102 3956 5156 δει-

2344 5198 2626 5271 χθήσεται·
2659 5198 2752 5250 καὶ
2767 5197 2936 5261 ὅπως,
2966 5194 3218 5267 ἐροῦμεν,
3245 5192 3353 5247 ἀπὸ
3376 5192 3478 5263 τῆς
3504 5192 3655 5257 θείας
3688 5192 3960 5258 λαϐόντες

2345 5290 2588 5364 Γραφῆς·
2630 5288 2688 5343 Ὀ
2722 5287 3009 5351 θεσπέσιος
3040 5285 3251 5350 Παῦλος
3284 5286 3411 5357 περὶ
3431 5285 3598 5339 αὑτοῦ
3640 5285 3746 5339 ποῦ
3786 5303 3952 5356 φησι*

2355 5406 2374 5439 ι
2402 5384 2574 5439 Τοῦτο
2605 5382 2869 5455 φρονείτω
2905 5382 3135 5444 ἕκαστος
3173 5381 3231 5433 ὲν
3262 5380 3412 5451 ὑμῖν,
3442 5379 3471 5432 ὃ
3504 5381 3600 5433 καὶ
3642 5381 3701 5432 ἐν
3720 5380 3957 5451 Χριστῷ

2364 5476 2559 5550 Ἰησοῦ,
2587 5475 2645 5538 ὃς
2681 5476 2738 5528 ἐν
2781 5475 2961 5545 μορφῇ
3009 5470 3145 5525 Θεοῦ
3187 5472 3484 5543 ὑπάρχων,
3516 5472 3613 5542 οὐχ
3648 5470 3954 5542 ἁρπαγμὸν

2351 5571 2597 5644 ἡγήσατο
2627 5566 2688 5622 τὸ
2719 5560 2859 5620 εἶναι
2893 5565 2984 5620 ἴσα
3012 5563 3153 5637 Θεῷ,
3186 5564 3301 5619 ἀλλ’
3330 5564 3524 5618 ἑαυτὸν
3551 5564 3790 5618 ὲκένωσε
3813 5580 3955 5634 μορ-

2352 5665 2458 5735 φὴν
2490 5661 2677 5716 δούλου
2710 5656 2911 5725 λαϐὼν,
2942 5659 2999 5713 ὲν
3037 5656 3344 5729 ὁμοιώματι
3372 5656 3677 5729 ἀνθρώπων
3708 5655 3955 5729 γενόμ-ει
