4118 6500
217 407 315 462 231

1269 407 1337 458 IN
1375 403 1657 459 JOANNIS
1693 400 2140 458 EVANGELIUM
2180 406 2308 465 LIB.
2341 408 2405 462 11.

3347 414 3453 469 ειη

219 535 327 583 νος.
352 518 447 571 καὶ
479 519 715 589 σχήματι
741 518 978 590 εὑρεθεὶς
1005 519 1079 581 ὡς
1102 518 1398 590 ἄνθρωπος,
1430 518 1788 571 ἐταπείνωσεν

1903 530 2035 571 mam
2066 521 2211 574 servi
2262 520 2561 592 accipiens,
2625 524 2678 577 in
2721 523 3131 581 similitudinem
3172 526 3452 588 honnnum

183 610 448 684 ,ἑαυτόνο
488 629 505 660 ι
552 611 639 663 ὅτε
684 609 861 664 τοίνυν
900 609 1005 680 πρὸ
1048 610 1145 681 μὲν
1189 612 1286 680 τῆς
1332 609 1790 681 ὲνανθρωπήσεως

217 694 287 772 ἦν
324 701 382 753 ἐν
417 702 595 771 μορφῇ
631 700 723 753 καὶ
771 678 978 771 ἰσότητι
1025 678 1117 753 τοῦ
1168 678 1379 770 Πατρὸς
1402 738 1416 763 ,
1445 678 1586 752 κατὰ
1612 698 1668 750 δὲ
1698 697 1790 750 τὸν

216 768 319 862 τῆς
354 768 815 861 ἐνανόρωπήσεως
844 768 1034 862 χρόνον
1061 792 1121 844 τὸ
1151 768 1375 860 Πνεῦμα
1406 787 1584 842 λαϐὼν
1606 785 1666 851 ἐξ
1703 786 1793 838 οὑ-

161 865 187 915 ?
222 883 386 954 ρανοῦ
416 882 652 953 ήγιάσοη
697 882 816 935 κατ’
862 882 1122 945 ἐκείνους,
1161 882 1423 953 κρείττων
1472 895 1530 933 τε
1560 879 1675 949 ἅμα
1700 877 1793 930 καὶ

223 974 424 1045 μείζων
458 972 650 1028 ἑαυτοῦ
694 972 782 1026 διὰ
820 972 1023 1045 ταύτην
1052 972 1423 1043 ἀναπέφανται
1464 970 1562 1042 τὴν
1595 968 1791 1031 αίτίαν,

222 1066 506 1138 ὑπεραίρει
556 1067 796 1137 δηλονότι
853 1066 1040 1121 λοιπὸν
1085 1067 1178 1120 καὶ
1209 1066 1270 1119 τὸ
1314 1064 1410 1119 τοῦ
1443 1063 1795 1135 γεννήσαντος

222 1158 440 1229 μέτρον.
472 1159 582 1212 Καὶ
608 1159 657 1210 εί
678 1158 738 1211 τὸ
760 1158 983 1229 Πνεῦμα
1011 1157 1190 1211 λαϐὼν
1210 1158 1291 1219 είς
1316 1156 1375 1209 τὸ
1401 1153 1795 1225 ὑπερεπέκεινα

220 1249 315 1302 τοῦ
365 1248 578 1319 Πατρὸς
623 1248 962 1318 ἀναϐέϐηκεν
1006 1248 1242 1319 ἀξίωμα,
1273 1249 1516 1317 κρεῖττον
1546 1247 1652 1313 ἀρα
1681 1245 1796 1297 ἐστὶ

219 1339 280 1392 τὸ
318 1339 543 1409 Πνεῦμα
589 1341 681 1393 καὶ
737 1340 901 1393 αὑτοῦ
950 1339 1197 1412 Πατρὸς,
1240 1339 1337 1409 τὴν
1376 1341 1492 1393 κατ’
1518 1338 1678 1392 αὑτοῦ
1720 1337 1796 1409 τῷ

221 1429 339 1500 Υἱῷ
387 1428 743 1502 χαριζόμενον
781 1431 1073 1501 ὑπεροχήν.
1113 1429 1210 1492 Τίς
1259 1424 1350 1482 οὖν
1390 1428 1497 1498 ἄρα
1542 1427 1636 1481 καὶ
1662 1426 1797 1497 πρὸς

223 1522 393 1592 μόνην
421 1524 522 1576 οὐκ
567 1521 856 1593 ἀποφρίξει
900 1521 998 1593 τὴν
1043 1523 1209 1592 ἀκοήν
1234 1538 1249 1588 ;
1279 1520 1524 1574 Χαλεπὸν
1557 1520 1651 1589 μὲν
1686 1519 1798 1589 γὰρ

219 1613 389 1677 ὅντως
419 1614 509 1667 καὶ
538 1613 597 1666 τὸ
635 1614 722 1666 διά
753 1613 862 1666 τῶν
890 1612 1142 1666 τοιούτων
1182 1613 1314 1665 ίέναι
1343 1611 1515 1679 λόγων
1540 1626 1551 1639 ⁵
1588 1609 1702 1662 ἔστι
1735 1622 1799 1676 γε

221 1704 333 1776 μὴν
360 1707 457 1776 οὑχ
486 1706 688 1776 ἑτέρως
723 1704 792 1757 τά
820 1704 885 1757 ὲκ
914 1704 1012 1773 τῆς
1049 1702 1269 1756 ἐκείνων
1297 1700 1622 1770 δυστροπίας
1664 1703 1801 1753 ἀπο-

223 1795 560 1866 κρούσασθαι
611 1796 803 1867 βλάϐη.
846 1796 938 1849 Διὸ
967 1794 1031 1866 δὴ
1083 1793 1244 1846 πάλιν
1285 1791 1519 1863 ἐροῦμεν
1574 1792 1754 1853 αὐτοῖς
1780 1807 1794 1822 ·

221 1888 274 1937 εί
295 1887 384 1938 ὅτε
410 1886 633 1953 γέγονεν
666 1885 949 1959 ἄνθρωπος
980 1887 1008 1937 ό
1031 1884 1122 1936 τοῦ
1152 1882 1286 1936 Θεοῦ
1318 1883 1488 1951 Λόγος
1515 1882 1794 1950 ἁγιάζεται

221 1976 288 2030 τὸ
320 1977 545 2047 Πνεῦμα
593 1975 771 2029 λαϐών
793 1994 806 2007 ⁸
849 1976 952 2047 πρὸ
1002 1974 1059 2027 δὲ
1092 1975 1191 2044 τῆς
1243 1972 1703 2044 ὲνανθρωπήσεως
1730 1967 1796 2042 ἦν

223 2064 285 2115 ὲν
314 2066 491 2134 μορφῇ
521 2065 615 2116 καὶ
644 2064 846 2134 ἰσότητι
870 2062 965 2114 τοῦ
995 2061 1224 2132 Πατρὸς,
1251 2059 1401 2114 οὔπω
1422 2060 1540 2114 κατ’
1558 2061 1798 2123 ἐκείνους

226 2155 576 2224 ήγιασμένος,
608 2153 728 2224 ὥρα
752 2154 929 2222 λέγειν
966 2153 1469 2224 ἀποτολμήσαντας,
1506 2151 1658 2220 ἅγιον
1697 2152 1797 2205 οὑκ

225 2242 363 2298 εἶναι
388 2245 480 2299 τὸν
510 2245 641 2298 Θεὸν
671 2245 761 2298 καὶ
793 2243 1031 2317 Πατέρα,
1071 2245 1228 2315 εἴπερ
1259 2245 1394 2307 ὅλως
1422 2246 1451 2297 ὁ
1479 2242 1799 2314 σύμμορφός

224 2354 284 2389 τε
341 2337 436 2390 καὶ
488 2337 600 2400 ἴσος
638 2336 787 2407 αὐτῷ
818 2336 959 2390 κατά
987 2336 1162 2389 πάντα
1190 2336 1384 2405 Λόγος,
1418 2334 1573 2403 ἅγιος
1611 2334 1709 2387 οὐκ
1732 2330 1799 2404 ἦν

227 2428 284 2481 ἐν
322 2426 483 2499 ἀρχῇ,
514 2430 571 2481 ὲν
599 2429 846 2498 ὑστέροις
878 2427 935 2481 δὲ
976 2427 1127 2498 μόλις
1159 2426 1317 2480 τοῦτο
1347 2426 1537 2495 γέγονε
1567 2428 1795 2497 καιροῖς.

228 2516 339 2570 Καὶ
376 2519 563 2571 πάλιν·
597 2520 644 2571 εί
684 2520 847 2582 αὑτός
874 2521 989 2572 ὲστι
1034 2520 1236 2591 κυρίως
1264 2521 1293 2571 ό
1336 2518 1428 2571 τοῦ
1468 2518 1599 2572 Θεοῦ
1630 2518 1801 2586 Λόγος

228 2608 289 2659 τὸ
339 2608 563 2679 Πνεῦμα
594 2609 924 2681 λαμϐάνων,
955 2612 1049 2664 καὶ
1083 2609 1439 2679 ἀγιαζόμενος
1472 2610 1530 2660 ἐν
1564 2610 1669 2679 ἰδίᾳ
1698 2608 1800 2676 φύ-

231 2716 331 2763 σει,
368 2699 674 2768 λεγέτωσαν
729 2702 860 2772 ἡμῖν
900 2704 948 2754 οί
998 2701 1064 2754 δι’
1103 2701 1367 2765 ἐναντίας,
1402 2699 1629 2769 πότερόν
1671 2716 1800 2752 ποτε

232 2786 434 2855 μείζων
466 2789 657 2841 ἑαυτοῦ
692 2790 971 2859 γέγονενῆ
1006 2789 1317 2859 ὲλάττων,ἢ
1362 2790 1456 2842 καὶ
1497 2788 1709 2859 ἔμεινεν
1745 2790 1802 2840 ἐν

228 2879 517 2949 ταυτότητι
553 2880 709 2933 τοῦτο
759 2880 965 2935 παθών.
998 2880 1059 2935 Et
1116 2881 1213 2951 μὲν
1258 2881 1367 2952 γὰρ
1407 2880 1556 2933 οὐδὲν
1604 2879 1669 2931 ἐκ
1708 2878 1801 2931 τοῦ

231 2968 549 3039 Ιῖνεὺματος
579 2972 690 3041 ἔχει
719 2972 778 3023 τὸ
804 2971 983 3036 πλέον,
1018 2971 1169 3041 μένει
1202 2971 1258 3025 δὲ
1292 2971 1434 3024 οὑτω
1457 2969 1709 3040 καθάπερ
1736 2965 1805 3041 ἦν

226 3060 261 3111 ὁ
285 3060 464 3125 αὑτὸς,
510 3060 584 3131 μὴ
620 3060 969 3125 σκανδαλίζου
1004 3060 1316 3131 μανθάνων,
1364 3062 1446 3114 ὅτι
1495 3058 1804 3131 καταϐέϐη-

230 3168 327 3204 κεν
362 3153 447 3204 ὲπ’
479 3152 659 3205 αὑτόν.
696 3153 757 3204 El
784 3152 840 3205 δὲ
881 3151 1109 3222 ἠδικήθη
1157 3150 1352 3216 λαϐὼν,
1378 3152 1473 3205 καὶ
1497 3153 1721 3222 γέγονεν
1746 3154 1804 3205 ὲν

230 3240 474 3295 ἐλάττοσι
498 3281 512 3305 ,
544 3239 785 3310 παθητὸν
831 3242 959 3310 ἡμῖν
1004 3239 1255 3303 εἰσοίσεις
1306 3240 1399 3293 τὸν
1457 3241 1629 3308 Λόγον
1658 3280 1672 3304 ,
1707 3240 1803 3292 καὶ

234 3333 635 3404 κατηγορήσεις
670 3333 771 3402 τῆς
834 3331 1022 3395 οὐσίας
1072 3331 1165 3384 τοῦ
1206 3332 1417 3402 Πατρὸς
1442 3372 1456 3397 ,
1492 3331 1803 3394 ἀδικοῦντος

236 3425 471 3495 μᾶλλον,
515 3424 548 3494 ἢ
602 3424 936 3493 ἀγιάζοντος.
982 3424 1046 3476 El
1092 3423 1147 3476 δὲ
1195 3423 1433 3493 ἀμείνων
1488 3422 1695 3493 ἐδείχθη
1743 3421 1804 3474 τὸ

238 3514 461 3585 Πνεῦμα
479 3514 678 3579 λαϐὼν,
707 3511 775 3586 ἦν
806 3515 861 3568 δὲ
886 3516 981 3568 καὶ
1014 3516 1072 3568 ὲν
1118 3517 1295 3586 μορφῇ
1331 3515 1425 3568 καὶ
1466 3515 1671 3585 ίσότητι
1710 3514 1802 3567 τοῦ

234 3607 470 3678 Πιτρὸς,
505 3608 597 3660 καὶ
648 3608 776 3678 πρὶν
809 3607 969 3660 αὑτὸν
998 3606 1349 3677 βελτιωθῆναι
1378 3606 1501 3659 καθ’
1526 3607 1688 3677 ὑμᾶς,
1705 3605 1806 3659 οὐκ

234 3701 317 3763 είς
368 3699 645 3770 ἀκρότητα
692 3697 847 3767 δόξης
897 3698 1236 3767 ἀναϐέϐηκεν
1269 3700 1297 3750 ὁ
1334 3697 1551 3768 Πατὴρ,
1593 3697 1708 3749 ἀλλ’
1747 3697 1805 3748 ὲν

236 3791 465 3854 ἐκείνοις
504 3790 655 3844 ἔσται
701 3793 814 3853 τοῖς
848 3790 1085 3861 μέτροις,
1114 3791 1172 3843 ἐν
1202 3783 1395 3859 οἷσπερ
1434 3783 1501 3859 ἦν
1532 3789 1627 3841 σὺν
1657 3786 1807 3857 αὐτῷ

236 3880 561 3950 σύμμορφός
608 3896 668 3931 τε
704 3880 801 3933 καὶ
858 3878 973 3942 ἴσος
1016 3877 1278 3949 ὑπάρχων
1314 3878 1343 3931 ὁ
1370 3876 1506 3947 πρὸς
1537 3877 1598 3929 τὸ
1624 3877 1807 3946 μεῖζον

235 3967 587 4038 ἀναπηδήσας
623 3966 774 4031 Υἱός.

308 4147 578 4217 Εὖκαιρον
627 4140 722 4198 οὖν
764 4141 917 4215 οἶμαι
972 4143 1152 4211 λέγειν
1187 4142 1277 4195 ἐπὶ
1312 4143 1425 4204 τοῖς
1465 4139 1809 4204 ἀπαιδεύτοις

238 4241 536 4311 αἱρετικῶς
576 4254 591 4268 ·
673 4256 691 4288 ι
730 4237 861 4290 ἰδοὺ
920 4236 1046 4300 λαὸς
1104 4235 1323 4305 μωρὸς,
1380 4233 1474 4287 καὶ
1530 4233 1804 4305 ἀκάρδιος.

238 4329 508 4399 ὀφθαλμοὶ
541 4329 758 4391 αὐτοῖς,
797 4326 890 4379 καὶ
922 4327 982 4379 οὑ
1019 4325 1323 4395 βλέπουσιν.
1354 4342 1372 4374 ο
1430 4323 1807 4394 ’Λπετύφλωσε

240 4423 346 4493 γὰρ
379 4422 546 4483 ὅντως
574 4421 603 4472 ό
634 4419 765 4481 Θεὸς
794 4416 888 4470 τοῦ
920 4417 1111 4480 αἰῶνος
1138 4414 1327 4469 τούτου
1349 4414 1418 4467 τὰ
1434 4416 1680 4484 νοήματα
1699 4415 1810 4467 τῶν

1890 606 2091 672 factus,
2138 619 2193 665 et
2244 613 2405 683 120
2462 613 2652 670 habitu
2725 616 2983 673 inventus
3015 627 3075 672 ut
3125 618 3306 685 homo,
3347 623 3454 676 hu-

1891 701 2124 757 miliavit
2154 707 2509 776 semetipsum
2534 708 2600 762 “.
2642 726 2660 759 ι
2724 710 2861 765 Cum
2892 725 3024 781 ergo
3053 719 3179 766 ante
3201 713 3454 769 incarna-

1891 792 2095 846 tionem
2144 804 2292 850 esset
2348 796 2404 850 i-n
2440 796 2614 852 forma
2644 806 2699 854 et
2750 801 3062 870 teqttalitate
3100 802 3301 869 Patris,
3358 804 3453 860 sed

1892 883 2292 941 incarnationis
2365 893 2612 957 tempore
2674 889 2900 946 coalitus
2951 900 3177 962 accepto
3243 892 3452 965 Spiritu

1892 973 2270 1031 sanctiﬁcatus
2300 975 2396 1040 sit,
2432 985 2490 1030 ut
2517 977 2593 1032 illi
2621 979 2834 1042 volunt,
2872 981 3173 1052 meliorque
3203 991 3256 1038 et
3281 984 3455 1056 major

1894 1065 2075 1133 seipso
2132 1066 2273 1121 hanc
2322 1069 2392 1122 ob
2450 1085 2674 1124 causam
2737 1070 3010 1137 redditus,
3073 1073 3253 1142 major
3284 1076 3452 1130 etiam

1892 1152 2053 1208 Patre
2082 1153 2259 1211 factus
2290 1165 2373 1212 est
2405 1157 2680 1215 videlicet.
2711 1157 2858 1226 Iam,
2887 1160 2930 1214 si
2965 1164 3197 1229 accepto
3241 1162 3453 1231 Spiritu

1895 1245 2035 1300 ultra
2069 1245 2387 1317 dignitatem
2414 1246 2591 1305 Patris
2619 1256 2703 1304 est
2735 1260 2979 1316 evectus,
3007 1252 3263 1321 superior
3292 1253 3460 1321 igitur

1893 1338 2123 1408 cstipso
2164 1355 2383 1409 quoque
2437 1339 2596 1396 Patre
2645 1340 2915 1411 Spiritus,
2969 1342 3063 1413 qui
3103 1342 3457 1399 eminentiam

1896 1428 2060 1484 Patre
2093 1430 2353 1500 majorem
2380 1430 2518 1485 Filio
2551 1433 2798 1503 largitur.
2824 1431 2962 1499 Quis
2994 1447 3124 1504 ergo
3154 1434 3240 1488 vel
3269 1434 3456 1491 auditu

1896 1519 2013 1573 solo
2046 1535 2152 1572 non
2189 1521 2592 1576 exhorrescat?
2622 1522 2908 1577 Enimvero
2955 1538 3123 1593 grave
3156 1530 3244 1578 est
3280 1522 3462 1594 profe-

1898 1619 1988 1664 cto
2020 1611 2358 1680 cjusccmodi
2392 1614 2557 1666 verba
2594 1613 2807 1667 facere:
2851 1612 2948 1668 sed
2995 1613 3155 1668 aliter
3193 1628 3300 1669 non
3330 1630 3459 1685 pos-

1899 1716 2086 1756 sumus
2110 1716 2299 1756 eorum
2328 1704 2723 1773 malignitatem
2758 1704 3075 1761 retundere.
3098 1704 3283 1771 Quare
3314 1706 3463 1777 ipsos

1901 1792 2096 1845 iterum
2128 1794 2514 1863 aggrediemur
2542 1795 2628 1849 his
2673 1796 2898 1851 verbis:
2933 1796 3151 1861 Si,cum
3193 1798 3356 1851 homo
3384 1796 3464 1851 fa-

1895 1890 2040 1934 ctum
2079 1891 2161 1936 est
2192 1881 2285 1936 Dei
2319 1881 2577 1947 Verbum,
2604 1891 2734 1939 tunc
2757 1895 2979 1954 accepto
3004 1886 3213 1954 Spiritu
3247 1887 3459 1941 sancti-

1899 1969 2114 2032 ﬁcatur,
2157 1981 2283 2025 ante
2314 1972 2746 2027 incarnationem
2785 1989 2918 2029 vero
2950 1975 3005 2029 in
3046 1974 3219 2030 forma
3253 1985 3375 2030 erat
3406 1984 3465 2031 et

1896 2058 2203 2125 mqualitate
2247 2057 2449 2125 Patris,
2503 2060 2768 2128 nondum,
2810 2077 2879 2117 ex
2933 2077 3125 2117 eorum
3160 2066 3461 2130 sententia.

1898 2148 2353 2205 sanctiﬁcatum:
2425 2152 2675 2221 sequitur
2747 2154 3070 2210 necessario
3142 2154 3460 2220 dicendum,

1899 2239 2069 2295 Deum
2100 2256 2163 2295 ac
2201 2240 2417 2298 Patrem
2449 2258 2560 2297 non
2613 2258 2735 2299 esse
2796 2252 3048 2299 sanctum
3102 2246 3177 2310 si,
3238 2261 3363 2302 cum
3411 2248 3460 2301 ei

1900 2332 2179 2388 conforme
2207 2342 2260 2387 et
2289 2336 2498 2403 aequale
2525 2331 2773 2389 Verbum
2816 2335 2891 2390 sit
2925 2335 2979 2390 in
3014 2336 3291 2401 omnibus,
3338 2352 3466 2393 san-

1900 2434 2046 2478 ctum
2083 2434 2263 2479 tamen
2312 2440 2422 2479 non
2469 2433 2588 2481 erat
2639 2427 2931 2497 principio,
2995 2428 3093 2483 sed
3145 2429 3463 2484 novissimis

1900 2517 2242 2584 temporibus
2272 2517 2361 2571 vix
2412 2519 2633 2574 tandem
2671 2529 2922 2574 sanctum
2969 2518 3090 2573 fuit.
3140 2517 3409 2575 Przrterea
3445 2538 3460 2573 :

1901 2607 1948 2661 si
1987 2606 2159 2675 ipsum
2188 2616 2272 2663 est
2300 2610 2520 2678 proprie
2564 2609 2657 2665 Dei
2696 2609 2962 2673 Verbum,
2994 2610 3143 2681 quod
3189 2610 3457 2681 Spiritum

1902 2697 2100 2766 accipit
2127 2706 2179 2751 et
2220 2698 2274 2752 in
2308 2708 2506 2754 natura
2544 2716 2640 2756 sua
2666 2701 3065 2766 sanctiﬁcatur,
3089 2700 3275 2755 dicant
3305 2701 3467 2754 nobis

1901 2786 2220 2851 adversarii,
2249 2795 2431 2841 utrum
2466 2788 2679 2843 tandem
2712 2790 2894 2859 seipso
2933 2788 3110 2859 majus
3154 2788 3358 2843 factum
3389 2790 3466 2845 sit

1904 2881 1998 2927 aut
2018 2875 2218 2939 minus,
2254 2886 2347 2930 aut
2371 2892 2436 2931 eo
2466 2886 2691 2948 accepto
2724 2878 2779 2931 in
2812 2878 3005 2934 eodem
3040 2888 3182 2935 statu
3221 2896 3469 2950 perman-

1905 2965 2058 3019 serit.
2080 2963 2214 3019 Nam
2245 2966 2292 3019 si
2330 2967 2564 3036 amplius
2597 2968 2734 3022 nihil
2770 2968 2939 3024 habet
2976 2982 3198 3039 accepto
3230 2970 3464 3041 Spiritu,

1903 3058 1997 3111 sed
2033 3057 2275 3127 idipsum
2311 3068 2493 3113 manet
2532 3059 2681 3129 quod
2721 3070 2862 3124 erat,
2900 3061 3015 3114 noli
3067 3062 3279 3115 turbari
3338 3076 3465 3115 cum

1903 3148 2145 3203 audieris
2185 3147 2447 3218 Spiritum
2474 3150 2527 3203 in
2561 3165 2685 3204 eum
2717 3151 3098 3206 descendisse.
3140 3151 3293 3217 Quod
3323 3153 3368 3208 si
3400 3169 3467 3207 eo

1905 3250 2160 3308 suscepto
2211 3240 2598 3295 detrimentum
2656 3241 2878 3312 aliquod
2929 3252 2983 3297 et
3029 3242 3467 3301 imminutionem

1905 3332 2187 3393 sustinuit,
2222 3331 2444 3400 patibile
2477 3330 2634 3385 nobis
2675 3329 2911 3385 Verbum
2942 3340 3173 3399 statues,
3207 3340 3264 3389 et
3289 3332 3468 3389 Patris

1904 3408 2263 3478 substantiam
2296 3422 2596 3489 incusabis,
2633 3422 2725 3492 qui
2781 3423 3041 3477 damnum
3096 3424 3261 3479 infert
3288 3426 3469 3494 potius

1905 3529 2065 3583 quam
2101 3512 2427 3569 sanctiﬁcat.
2456 3512 2552 3567 Sin
2584 3520 2766 3567 autem
2792 3522 3015 3584 accepto
3042 3513 3246 3585 Spiritu
3278 3514 3470 3570 melior

1905 3602 2134 3656 etTectus
2187 3611 2309 3655 est:
2350 3610 2468 3655 erat
2501 3608 2680 3656 autem
2740 3602 2792 3655 in
2853 3601 3027 3656 forma
3054 3612 3108 3657 et
3162 3604 3474 3673 mqualitate

1905 3690 2106 3755 Patris,
2139 3691 2301 3745 etiam
2335 3700 2627 3760 antequam
2659 3693 2854 3747 melior
2883 3692 3217 3759 redderetur,
3259 3702 3317 3748 ut
3351 3709 3468 3749 sen-

1908 3784 2023 3840 titis
2050 3801 2065 3850 ;
2099 3781 2261 3837 Pater
2283 3782 2560 3853 fastigium
2589 3784 2775 3853 gloriae
2810 3798 2917 3837 non
2946 3786 3146 3854 attigit,
3180 3785 3273 3841 sed
3299 3788 3351 3841 in
3382 3803 3475 3842 eo-

1908 3876 2029 3930 dem
2060 3876 2167 3928 erit
2202 3881 2349 3929 statu
2382 3874 2437 3928 in
2464 3889 2575 3945 quo
2614 3882 2733 3928 erat
2760 3888 2883 3927 eum
2923 3874 3042 3944 ipso
3091 3879 3394 3933 conformis
3420 3891 3478 3934 et

1907 3964 2136 4034 aequalis
2160 3964 2248 4019 ille
2271 3962 2464 4030 Filius,
2492 3964 2585 4035 qui
2620 3963 2687 4018 ad
2716 3965 3133 4021 eminentiorem
3162 3976 3364 4023 statum
3390 3981 3477 4024 est

1907 4066 2151 4112 evectus.

1978 4145 2298 4217 Opportune
2349 4147 2535 4217 itaque
2590 4146 2659 4202 de
2712 4147 2985 4216 imperitis
3038 4149 3309 4204 haereticis
3366 4150 3473 4203 dici

1910 4249 2122 4311 potest:
2166 4258 2183 4291 ι
2220 4238 2360 4295 Ecce
2384 4239 2615 4309 populus
2640 4238 2840 4294 stultus
2867 4247 2922 4294 et
2943 4239 3063 4295 sine
3088 4241 3256 4296 corde
3282 4258 3298 4294 :
3328 4242 3475 4295 oculi

1908 4333 2013 4396 eis,
2046 4339 2100 4385 et
2158 4346 2266 4385 non
2328 4329 2516 4384 vident
2537 4330 2607 4380 ".
2652 4348 2671 4379 ι
2736 4328 3046 4383 Excaecavit
3077 4329 3226 4384 enim
3284 4347 3477 4387 revera

1912 4421 2056 4477 Deus
2087 4420 2273 4475 szeculi
2308 4419 2476 4489 hujus
2502 4419 2668 4473 corda
2695 4418 3019 4485 inﬁdelium,
3052 4434 3122 4474 ne
3145 4420 3479 4477 illuminatio

243 4513 518 4576 ἀπίστων,
570 4512 649 4573 είς
695 4509 757 4561 τὸ
818 4507 894 4578 μὴ
959 4507 1195 4575 αὐγάσαι
1241 4505 1332 4558 τὸν
1380 4505 1655 4575 φωτισμὸν
1710 4505 1802 4558 τοῦ

1907 4510 2185 4580 Evangelii
2210 4510 2397 4580 gloriae
2428 4506 2637 4572 Christi
2663 4508 2745 4564 eis
2772 4507 2992 4564 illuceat
3010 4509 3075 4563 “.
3103 4508 3314 4574 Quibus
3331 4522 3480 4566 certe

243 4600 573 4669 Εὑαγγελίου
606 4601 705 4670 τῆς
732 4598 889 4667 δόξης
920 4596 1011 4650 τοῦ
1037 4594 1274 4667 Χριστοῦ
1297 4610 1312 4627 ⁸
1347 4592 1428 4657 οἷς
1458 4594 1522 4665 δὴ
1548 4596 1642 4649 καὶ
1672 4595 1807 4664 μᾶλ-

240 4693 332 4746 λον
361 4689 753 4759 ὲπαλγύνεσθαι
775 4687 909 4752 δεῖν,
942 4687 1003 4740 οὑ
1027 4686 1372 4756 χαλεπαίνειν
1399 4684 1567 4750 ἄξιον.
1599 4686 1674 4738 Οὑ
1696 4688 1805 4757 γὰρ

240 4789 440 4847 ἴσασιν,
474 4785 509 4839 ἀ
548 4782 1011 4853 ἀναγινώσκουσιν
1034 4797 1048 4813 ⁸
1109 4783 1189 4835 ὅτι
1225 4781 1283 4834 δὲ
1326 4781 1531 4853 ἀληθὴς
1568 4784 1595 4835 ό
1627 4782 1803 4850 λόγος,

240 4878 491 4933 ἀντεῦϐεν
524 4880 657 4946 ἡμῖν
692 4876 844 4930 ἔσται
874 4875 1198 4944 καταφανὲς,
1233 4875 1282 4927 εί
1325 4875 1419 4927 καὶ
1458 4875 1538 4928 ὅτι
1572 4874 1806 4944 μάλιστα.

237 4972 329 5025 διὰ
384 4969 497 5023 τῶν
558 4969 662 5038 ήδη
722 4964 1291 5038 προγεγυμνασμένων
1315 5005 1330 5029 ,
1403 4965 1502 5017 οὑκ
1561 4965 1805 5034 ἄκομψον

240 5056 616 5127 ἐποιησάμεθα
643 5056 741 5127 τὴν
778 5054 1051 5121 ἀπόδειξιν
1075 5070 1089 5083 ο
1146 5053 1278 5107 αὐτὸ
1308 5052 1364 5107 δὲ
1390 5054 1552 5107 πάλιν
1582 5055 1712 5124 ἡμῖν
1749 5053 1809 5107 τὸ

238 5150 327 5203 διὰ
355 5149 455 5218 τῆς
482 5146 575 5201 τοῦ
621 5146 832 5200 Παύλου
860 5144 1179 5215 λελεγμένον
1213 5144 1396 5213 φωνῆς
1427 5145 1804 5214 προστήσεται.

246 5258 268 5292 α
297 5239 466 5293 Τοῦτο
511 5236 795 5308 φρονείτω,
831 5236 1015 5305 φησὶν,
1044 5234 1273 5297 ἕκαστος
1297 5236 1354 5286 ὲν
1374 5234 1500 5303 ὑμῖν
1537 5232 1737 5296 αὐτοῖς,
1780 5232 1809 5285 ὃ

241 5332 336 5383 καὶ
377 5333 435 5383 ὲν
462 5326 682 5399 Χριστῷ
713 5325 916 5395 Ἰησοῦ,
946 5325 1004 5387 ὃς
1044 5326 1101 5377 ὲν
1135 5326 1314 5395 μορφῇ
1348 5321 1484 5375 Θεοῦ
1524 5322 1805 5392 ὑπάρχων,

242 5426 341 5495 οὑχ
364 5423 655 5495 ἁρπαγμὸν
684 5422 928 5492 ἡγήσατο
955 5420 1016 5472 τὸ
1042 5415 1178 5472 εἶναι
1209 5417 1297 5470 ἶσα
1326 5415 1463 5486 Θεῷ,
1487 5416 1599 5470 ἀλλ’
1620 5416 1808 5468 ἑαυτὸν

242 5517 477 5571 ὲκένωσε
508 5514 715 5585 μορφὴν
743 5511 929 5566 δούλου
955 5509 1153 5574 λαϐὼν,
1186 5512 1243 5562 ἐν
1269 5505 1573 5579 ὁμοιώματι
1603 5506 1812 5579 ἀνθρὼ-

244 5625 365 5661 πων
390 5606 697 5676 γενόμενος,
732 5606 826 5658 καὶ
858 5605 1091 5673 σχήματι
1125 5602 1366 5671 εὑρεθεὶς
1400 5600 1473 5663 ὠς
1504 5598 1807 5669 ἄνθρωπος,

1914 4602 2265 4658 indotendum
2294 4601 2476 4671 potius
2492 4614 2654 4670 quam
2687 4598 3036 4654 irascendum
3070 4600 3336 4667 arbitror;
3367 4616 3477 4656 non

1913 4692 2057 4747 enim
2098 4691 2409 4760 intelligunt
2456 4704 2577 4760 quae
2623 4689 2833 4758 legunt.
2886 4687 3087 4744 Verum
3126 4696 3309 4746 autem
3358 4705 3481 4746 esse

1912 4784 2057 4853 quod
2102 4783 2246 4848 dico,
2286 4783 2413 4837 hinc
2460 4780 2815 4836 manifestum
2864 4781 3023 4837 nobis
3055 4781 3184 4845 erit,
3232 4781 3364 4836 licet
3410 4796 3480 4836 ex

1917 4876 2069 4945 121
2101 4875 2167 4929 iis
2192 4888 2313 4944 quae.
2343 4874 2605 4927 hactenus
2630 4870 2926 4941 disceptata
2959 4878 3107 4937 sunt,
3140 4886 3248 4925 non
3275 4870 3482 4926 insulse

1910 4969 1965 5023 id
2017 4965 2591 5020 demonstraverimus.
2661 4960 2767 5017 Sed
2828 4961 2979 5016 Pauli
3029 4961 3234 5017 dictum
3289 4975 3482 5016 rursus

1914 5062 2267 5127 proponetur.
2318 5071 2338 5105 ι
2377 5051 2491 5108 Hoc
2539 5054 2760 5119 sentite,
2797 5052 2992 5121 inquit,
3037 5050 3093 5105 in
3123 5049 3300 5114 vobis,
3334 5050 3481 5119 quod

1910 5156 1968 5204 et
2004 5148 2058 5202 in
2103 5146 2321 5201 Christo
2364 5143 2519 5209 Jesu,
2561 5144 2655 5216 qui
2689 5159 2812 5199 cum
2857 5144 2911 5197 in
2957 5142 3130 5196 forma
3164 5138 3260 5194 Dei
3302 5150 3481 5205 esset,

1912 5254 2020 5293 non
2061 5237 2305 5305 rapinam
2349 5236 2645 5289 arbitratus
2672 5241 2757 5289 est
2792 5246 2911 5287 esse
2952 5246 3010 5286 se
3037 5229 3301 5297 aequalem
3332 5226 3443 5284 Deo
3466 5269 3482 5292 .

1912 5325 2006 5381 sed
2042 5325 2392 5394 semetipsum
2419 5321 2723 5376 exinanivit
2762 5319 2987 5372 formam
3030 5316 3171 5373 servi
3211 5316 3487 5386 accipiens

1914 5418 1969 5470 in
1993 5414 2398 5470 similitudinem
2420 5412 2698 5466 hominum
2720 5408 2910 5472 factus,
2938 5415 2991 5462 et
3018 5406 3203 5463 habitu
3234 5406 3488 5461 inventus

1917 5517 1979 5561 ut
2028 5507 2224 5572 homo,
2259 5503 2568 5558 humiliavit
2609 5503 2985 5570 semetipsum.
3053 5519 3072 5551 ι
3120 5498 3260 5554 Ecce
3298 5500 3488 5569 utique

1921 5597 2114 5652 Filium
2145 5609 2492 5665 sumnmpcre
2518 5592 2767 5659 miratur,
2811 5598 2995 5661 utpote
3033 5590 3127 5662 qui
3162 5589 3235 5646 sit
3261 5588 3488 5661 aequalis

322 5783 368 5817 "’
394 5782 609 5854 Philipp
663 5797 723 5844 tt,
752 5782 863 5837 5-8.
943 5782 988 5811 ’³
1018 5780 1215 5833 Jercm.
1254 5798 1303 5844 v,
1340 5781 1427 5835 2|.
1505 5781 1548 5811 ”
1584 5779 1622 5833 ll
1657 5778 1782 5833 Cor.
1820 5792 1888 5843 tv,
1920 5777 1970 5830 4,

535 5876 797 5941 Parnm.
844 5874 955 5932 Gn.
1001 5873 1253 5932 LXXIII.

3064 5860 3095 5917 7
