4118 6548
645 395 753 453 183
1639 404 1699 459 S.
1740 398 2021 457 CYRILLI
2054 397 2523 456 ALEXANDRINI
2565 399 2886 457 ARCIIIEP.
3798 402 3900 460 £83

643 522 782 570 trem
812 516 1109 573 multarum
1150 519 1391 589 gentium
1429 521 1612 591 posuit
1664 520 1811 578 Deus
1832 522 1899 577 ⁷⁷.
1949 519 2225 591 Scriptum
2257 556 2269 584 λ

2278 520 2539 585 λείπεῖν.
2602 520 2994 592 συναγορεύσει
3042 520 3098 574 δὲ
3162 516 3363 591 μᾶλλον
3424 515 3606 588 αὐτῷ,
3654 516 3748 572 καὶ
3798 522 3904 586 τοῖς

641 607 847 678 quippe
895 615 982 665 est
1032 610 1237 667 alicubi
1287 610 1354 667 de
1407 612 1570 683 ipso:
1610 631 1629 666 ι
1667 613 1940 683 Quoniam
2000 612 2220 668 Patrem

2332 613 2624 685 ἡμετέροις
2660 614 3048 686 συνδραμεῖται
3078 611 3416 683 θεωρήμασι.
3451 608 3628 663 Μόνον
3652 608 3761 681 γὰρ
3793 612 3906 683 οὐχὶ

643 697 945 755 multarum
976 702 1222 772 gentium
1254 712 1306 759 te
1339 706 1607 761 constitui
1635 707 1703 762 ".
1736 724 1755 758 ι

2328 702 2483 757 τοῦτό
2509 720 2673 774 φησιν
2696 705 2728 775 ή
2756 703 2877 757 θεία
2901 702 3093 775 Γραφή
3122 716 3137 732 ·
3158 698 3429 764 «Τεθνεὼς
3459 702 3488 754 6
3515 697 3787 771 Λάζαρος,
3817 702 3908 756 καὶ

639 788 740 859 τὴν
822 791 962 863 μετά
1026 791 1277 866 σώματος
1326 798 1640 863 καταλύσας
1698 799 1876 870 ζωὴν,
1926 799 2007 862 είς
2055 797 2255 851 κόλπον
2307 794 2558 867 Ἀϐραὰμ
2609 795 2927 868 ἀπηνέχθη,
2973 813 2992 848 ι
3033 794 3154 849 ἀντὶ
3188 792 3304 859 τοῦ,
3359 795 3416 846 ὲν
3465 793 3603 856 υίοῖς
3663 792 3910 865 Ἀϐραὰμ

640 882 1042 940 κατατέτακται
1069 902 1083 917 ο
1134 889 1348 960 πατέρα
1390 891 1447 945 δὲ
1496 890 1707 946 πολλῶν
1759 892 1931 946 ἐθνῶν
1976 890 2219 945 τέθεικεν
2256 889 2419 945 αὐτὸν
2461 892 2490 943 6
2533 890 2686 956 Θεός.
2744 889 2905 946 Οὕτω
2965 889 3023 944 δέ
3049 906 3151 943 που
3186 890 3497 961 γέγραπται
3557 888 3686 958 περὶ
3724 887 3904 941 αὐτοῦ’

647 991 667 1023 ι
687 971 809 1027 Ὀτι
843 974 1064 1047 Πατέρα
1094 978 1303 1035 πολλῶν
1333 981 1502 1037 ἐθνῶν
1533 983 1754 1039 τέθεικά
1791 1000 1872 1037 σε.
1901 1001 1921 1036 ι

712 1069 753 1133 Ι,
790 1070 984 1127 19-20.
1015 1072 1086 1129 Et
1114 1074 1211 1131 hac
1238 1087 1318 1132 est
1352 1080 1713 1134 testimonium
1735 1078 1989 1144 Joannis,
2009 1080 2221 1147 quando

2398 1074 2509 1130 Kal
2536 1076 2687 1144 αὕτη
2727 1074 2901 1129 ἐστὶν
2927 1074 2967 1143 ἠ
2998 1073 3293 1145 μαρζυρία
3326 1071 3434 1127 τοῦ
3476 1070 3776 1136 Ἰωάννου,
3815 1071 3908 1126 ὅτε

640 1161 897 1215 miserunt
916 1161 1096 1220 Judwi
1119 1167 1185 1221 ab
1205 1167 1553 1241 Jerosolymis
1574 1171 1869 1226 sacerdotes
1892 1185 1938 1226 et
1963 1171 2143 1226 levitas
2158 1171 2227 1223 ad

2326 1163 2702 1221 ἀπέστειλαν
2739 1167 2793 1220 οἱ
2835 1164 3111 1221 Ἰουδαῖοι
3154 1163 3223 1229 ἐξ
3270 1162 3706 1232 Ἰεροσολύμων
3741 1161 3908 1229 ἱερεῖς

512 1270 525 1281 ί
638 1267 781 1317 eum,
802 1264 860 1308 ut
881 1255 1271 1330 interrogarent
1298 1277 1416 1315 eum
1440 1278 1461 1317 :
1483 1262 1561 1317 Tu
1580 1264 1698 1333 quis
1720 1280 1774 1318 es
1796 1266 1822 1320 7
1853 1263 1919 1317 Et
1954 1263 2138 1333 confes.

2327 1258 2425 1313 καὶ
2470 1257 2746 1324 Λευίτας,
2793 1257 2895 1311 ἵνα
2920 1255 3305 1325 ἐρωτήσωσιν
3332 1254 3538 1320 αὐτὸν,
3579 1252 3663 1308 Σὺ
3689 1253 3782 1319 τίς
3816 1251 3910 1318 si;

638 1353 718 1398 est
740 1355 789 1399 et
822 1362 928 1401 non
979 1350 1222 1420 negauit;
1258 1362 1306 1406 et
1335 1352 1607 1422 confessus
1632 1362 1712 1409 est
1740 1368 1759 1407 :
1791 1352 1933 1420 Quia
1961 1371 2064 1411 non
2109 1370 2227 1409 sum

2329 1351 2441 1406 Kal
2473 1352 2850 1422 ὡμολόγησε,
2883 1349 2984 1405 καὶ
3012 1351 3129 1405 οὐκ
3162 1347 3473 1418 ἠρνήσατο
3497 1365 3511 1379 ·
3561 1344 3660 1400 καὶ
3691 1345 3911 1416 ὡμολό-

636 1450 731 1506 ego
750 1436 1021 1496 Christus.

2332 1459 2544 1513 γησεν,
2580 1441 2671 1497 ὅτι
2700 1445 2823 1498 Οὐκ
2852 1442 2970 1513 ειμι
2991 1440 3105 1512 ἐγὼ
3130 1443 3165 1496 ό
3187 1442 3455 1510 Χριστός.

710 1527 808 1584 Sui
840 1531 1115 1587 sermonis
1140 1546 1351 1588 memor
1376 1535 1741 1606 evangelista,
1764 1537 1944 1594 fusius
1971 1554 2034 1595 ea
2065 1541 2227 1597 nobis

2404 1534 2697 1605 Μέμνηται
2728 1533 2837 1587 τῶν
2870 1532 3065 1587 ἑαυτοῦ
3098 1533 3271 1601 λόγων
3303 1533 3333 1585 6
3360 1527 3769 1600 εὐαγγελιστής,
3821 1527 3913 1582 καὶ

637 1619 877 1689 explicat
902 1637 1026 1691 qua:
1054 1625 1378 1681 summatim
1405 1626 1563 1698 prius
1597 1629 1887 1687 indicavit.
1911 1631 2048 1688 Cum
2076 1635 2223 1691 enim

2329 1622 2670 1696 πλατύτερον
2724 1626 2857 1696 ήμῖν
2904 1622 3216 1695 ἐξηγεῖσθαι
3262 1621 3575 1687 σπουδάζει,
3621 1619 3803 1683 καλῶς
3850 1636 3911 1688 γε

637 1705 889 1764 dixerit:
927 1728 945 1763 ι
974 1708 1102 1768 Fuit
1152 1713 1321 1769 homo
1360 1716 1572 1774 missus
1621 1732 1651 1772 a
1701 1719 1845 1787 Deo,
1890 1722 1979 1777 cui
2023 1738 2226 1781 nomen

2331 1718 2539 1789 σφόδρα
2584 1717 2792 1782 ποιῶν,
2838 1717 2983 1789 ἀπερ
3028 1716 3130 1788 ήδη
3178 1714 3391 1785 φθάσας
3428 1715 3503 1778 ὡς
3548 1715 3606 1768 ὲν
3640 1712 3912 1784 κεφαλαίῳ

635 1806 756 1853 erat
769 1796 1029 1860 Joannes.
1050 1803 1309 1862 Hicvenit
1327 1809 1380 1863 in
1402 1811 2054 1887 testimonium,108ut
2070 1818 2198 1874 testi
2213 1849 2229 1859 -

2331 1810 2760 1881 συνειλημμένος
2802 1810 3260 1881 καταμεμήνυκεν
3286 1822 3302 1835 '
3329 1805 3499 1860 εἰπὼν
3541 1804 3651 1876 γάρ
3676 1822 3690 1836 ο
3729 1822 3748 1855 ι
3771 1805 3914 1872 Ἐγέ-

638 1890 882 1946 monium
912 1896 1228 1964 perhiberet
1248 1898 1316 1954 de
1339 1899 1608 1971 lumine,»
1644 1909 1969 1963 necessario
1997 1908 2228 1979 subjicit
2262 1971 2264 1979 ι

2291 1972 2301 1979 _
2329 1920 2450 1959 νετο
2472 1902 2756 1974 ἄνθρωπος
2783 1900 3193 1971 ἀπεσταλμένος
3219 1898 3374 1972 παρὰ
3400 1897 3741 1967 Θεοῢ,δνομα
3771 1896 3917 1967 αύτῷ

639 1982 801 2072 quale
833 1984 908 2039 sit
935 1986 1058 2056 ejus
1083 1990 1484 2047 testimonium.
1515 1994 1653 2050 Cum
1687 2000 1861 2065 extim,
1896 1970 2224 2072 inquit,'Jau~
2259 1970 2265 2029 ί

2285 1970 2305 2028 δ
2345 1970 2617 2064 Ἰωάννης.
2641 1986 2807 2057 Οὗτος
2826 1987 2989 2063 ἦλθεν
3009 1970 3087 2056 είς
3115 1970 3442 2062 μαρτυρίαν,
3469 1988 3555 2043 ἵνα
3583 1990 3911 2060 μαρτυρήσῃ

640 2071 888 2130 timorum
948 2079 1227 2151 principes
1275 2082 1343 2138 ad
1391 2099 1517 2140 eum
1558 2089 1880 2146 sacerdotes
1932 2071 1986 2147 et
2031 2094 2228 2151 levitas

2331 2088 2462 2161 περὶ
2488 2085 2582 2142 τοῦ
2614 2085 2818 2156 φωτός*
2843 2104 2862 2138 ι
2901 2083 3215 2153 ἀναγκαίως
3243 2082 3504 2154 εἰσφέρει,
3532 2082 3626 2134 καὶ
3657 2080 3759 2151 τῆς
3790 2081 3912 2151 παρ’

639 2177 765 2217 cum
800 2167 1078 2225 mandatis
1110 2172 1412 2239 miserunt,
1439 2176 1532 2246 qui
1569 2188 1831 2251 rogarent
1861 2183 2126 2253 quidnam
2160 2185 2229 2243 de

2333 2178 2501 2235 αὐτοῦ
2532 2176 2835 2249 γενομένης
2870 2173 3178 2247 μαρτυρίας
3216 2173 3308 2227 τὸν
3338 2171 3561 2244 τρόπον.
3620 2172 3752 2224 Ὅτε
3788 2171 3912 2239 γὰρ,

641 2256 828 2326 scipso
854 2258 1085 2329 diceret,
1107 2269 1240 2321 tunc
1269 2281 1404 2323 sane
1433 2269 1620 2338 palam
1651 2278 1706 2328 et
1728 2284 1918 2345 aperte
1943 2277 2230 2347 professus

2335 2272 2535 2344 φησὶν,
2584 2270 2633 2325 οἱ
2684 2268 2794 2325 τῶν
2858 2265 3172 2321 Ἰουδαϊκῶν
3222 2266 3519 2336 ταγμάτων
3565 2263 3707 2317 κατά
3757 2263 3917 2333 νόμον

640 2357 759 2414 est,
795 2351 935 2407 nihil
989 2356 1199 2414 veritus
1252 2369 1479 2432 propter
1531 2363 1846 2426 veritatem.
1884 2366 2037 2424 Dixit
2086 2371 2233 2426 enim

2340 2363 2650 2436 καθηγηταὶ
2717 2363 2864 2433 πρὸς.
2912 2360 3077 2414 αὑτὸν
3137 2356 3546 2413 ἀπεστάλκασιν
3605 2358 3771 2428 ἱερεῖς
3828 2356 3917 2408 καί

642 2453 704 2493 se
733 2455 845 2496 non
885 2457 1011 2499 esse
1040 2444 1350 2505 Christum.
1378 2450 1596 2523 itaque,
1622 2469 1693 2511 ne
1721 2469 1824 2527 ego
1868 2456 2117 2528 quidem,
2150 2460 2237 2514 in-

2336 2456 2589 2521 Λευΐτας,
2617 2452 2987 2509 ἀναπυθέσθαι
3009 2450 3433 2525 προστάξαντες,
3457 2449 3510 2502 τί
3532 2449 3597 2503 ἂν
3620 2449 3772 2517 λέγοι
3794 2447 3918 2518 περὶ

641 2531 782 2599 quit,
814 2532 980 2604 hujus
1012 2536 1141 2592 libri
1182 2540 1423 2612 scriptor
1463 2545 1738 2603 mentitus
1764 2563 1911 2615 sum,
1941 2562 2073 2604 cum
2121 2550 2237 2606 dixi

2338 2548 2556 2616 ἑαυτοῦ,
2586 2550 2709 2604 τότε
2741 2547 2808 2618 δή
2836 2549 2930 2601 καὶ
2963 2545 3111 2617 μάλα
3142 2545 3328 2613 σαφῶς
3359 2544 3703 2615 ὡμολόγησε,
3738 2544 3922 2596 πᾶσαν

641 2621 710 2673 de
741 2622 881 2680 illo:
918 2624 1082 2682 «Non
1127 2637 1249 2685 erat
1296 2631 1390 2689 ille
1439 2633 1556 2704 lux,
1606 2635 1703 2693 sed
1751 2647 1811 2694 ut
1858 2639 2235 2697 testimonium

2335 2642 2653 2705 ὑποπτύσας
2683 2639 2819 2695 αίδὼ
2848 2637 2937 2693 διὰ
2963 2638 3063 2709 τὴν
3094 2635 3370 2708 ἀλήθειανο
3393 2635 3495 2707 ἔφη
3523 2635 3653 2705 γὰρ,
3672 2635 3757 2689 ὅτι
3780 2633 3921 2703 Ἐγὼ

643 2713 956 2782 perhiberet
987 2717 1056 2772 de
1090 2719 1317 2777 lumine.
1343 2743 1361 2776 ι

2334 2735 2438 2789 ούκ
2469 2735 2586 2804 εἰμὶ
2605 2735 2635 2787 6
2650 2731 2907 2805 Χριστός.
2930 2729 3140 2784 Οὐκοῦν
3163 2729 3283 2783 οὐδὲ
3305 2728 3435 2799 ἐγὼ,
3455 2728 3638 2800 φησὶν,
3655 2728 3682 2781 6
3706 2726 3804 2781 τοῦ
3838 2723 3921 2797 βι-

640 2806 792 2859 ϐλίου
828 2813 1178 2883 συγγραφεὺς
1208 2814 1531 2890 διέψευσμαι
1549 2819 1727 2890 λέγων
1748 2825 1877 2896 περὶ
1893 2825 2060 2881 αὐτοῦ
2085 2842 2100 2858 ⁸
2124 2844 2143 2877 t
2174 2828 2288 2881 Οὔκ
2309 2824 2378 2901 ἦν
2401 2830 2579 2883 ἐκεῖνο
2594 2827 2654 2881 τὸ
2675 2826 2811 2897 φῶς,
2828 2824 2948 2879 ἀλλ’
2964 2824 3049 2877 ἵνα
3065 2821 3390 2894 μαρτυρήσῃ
3409 2822 3535 2892 περὶ
3549 2819 3642 2875 τοῦ
3670 2819 3868 2890 φωτός.
3896 2837 3915 2871 ι

713 2902 753 2967 l,
782 2905 872 2959 21.
906 2905 971 2960 Et
1023 2909 1480 2983 interrogaverunt
1514 2933 1633 2972 eum
1661 2934 1678 2973 :
1704 2919 1846 2987 Quid
1887 2927 2051 2994 ergo?
2079 2923 2229 2979 Elius

2406 2925 2515 2981 Kal
2555 2923 2880 2993 ἠρώτησαν
2903 2920 3116 2976 αὐτόν’
3169 2918 3231 2973 Il
3258 2914 3406 2982 οὖν,
3458 2917 3664 2983 Ἠλίας
3684 2912 3774 2981 ei;
3813 2915 3918 2971 Kal

641 3011 694 3049 es
725 2998 821 3087 tu.’
853 2995 921 3051 Et
948 2999 1087 3087 dixit
1110 3017 1129 3055 :
1161 3002 1286 3058 Non
1330 3022 1470 3063 sunt.
1500 3006 1768 3079 Propheta
1810 3029 1864 3067 es
1910 3018 2009 3072 tu?
2036 3014 2105 3070 Et
2146 3032 2229 3070 re-

2334 3016 2531 3087 λέγει’
2580 3017 2703 3070 Οὐκ
2738 3015 2880 3084 ειμι.
2931 3012 2994 3066 '0
3029 3009 3343 3081 προφήτης
3382 3007 3441 3065 εἴ
3469 3010 3595 3074 σύ;
3641 3010 3751 3064 Καὶ
3778 3009 3922 3064 ἀπε-

641 3084 857 3151 spondit
886 3102 905 3140 :
940 3086 1086 3143 Non.

1061 3109 1086 3143 ’⁸
2333 3084 2507 3182 κρίθη
2532 3127 2546 3142 ⁶
2585 3109 2687 3165 Οὔ.

739 3177 876 3271 Cum
934 3181 1245 3251 explicandi
1302 3189 1482 3257 gratia
1540 3193 1882 3271 evangelista
1944 3194 2150 3251 dixerit
2210 3213 2224 3250 :

2367 3177 2384 3182 ν
2418 3177 2508 3267 Ὠς
2549 3202 2610 3255 ὲν
2653 3199 2914 3271 ἐξηγήσει
2955 3196 3116 3251 πάλιν
3146 3194 3317 3251 εἰπών
3342 3211 3355 3224 ·
3396 3214 3415 3247 ι
3448 3194 3812 3264 Ὧμολόγησεν
3842 3193 3920 3246 ὅτι

651 3284 669 3318 ⁸
694 3265 1282 3364 θθηίθεδυδ-θείνίὶυίθ
1313 3292 1414 3350 080
1444 3292 1554 3335 non
1592 3266 1714 3337 έιιῐη
1743 3283 2062 3349 Οὴΐίεῑυενι
2097 3302 2220 3341 νυν·
2249 3273 2291 3330 C
2325 3271 2469 3364 Ἐγὼ
2491 3265 2596 3348 ⁷οὐκ
2642 3265 3092 3363 είμλνὸτΧριστός,
3125 3308 3143 3340 ι
3174 3286 3438 3341 δεικνύειν
3481 3288 3739 3357 πειρᾶται
3782 3284 3919 3347 πῶς,

646 3373 772 3414 sum
829 3362 1128 3421 ostendere
1182 3379 1443 3436 conatur,
1491 3388 1600 3445 quo
1641 3374 1804 3432 modo
1863 3376 2007 3433 faeta
2066 3379 2237 3437 fuerit

2336 3386 2371 3458 ἢ
2401 3362 2547 3440 κατά
2580 3362 2709 3438 τίνα
2734 3382 2936 3454 τρόπον
2966 3382 2995 3433 6
3028 3379 3128 3450 τῆς
3167 3378 3456 3448 ὁμολογίας
3498 3377 3687 3444 γέγονε
3721 3376 3883 3443 λόγος
3904 3391 3917 3405 ⁸

647 3452 749 3545 illa
787 3454 1097 3522 confessio,
1143 3460 1395 3533 adeoque
1447 3465 1582 3520 mihi
1640 3467 1861 3524 videtur
1909 3471 1999 3526 his
2052 3474 2236 3529 verbis

2340 3452 2434 3529 καί
2463 3491 2572 3545 μοι,
2602 3473 2749 3526 δοκεῖ
2772 3452 2870 3526 ’διὰ
2914 3469 3119 3523 τούτων
3158 3468 3259 3537 τὴν
3293 3465 3401 3519 τῶν
3443 3463 3712 3517 Ἰουδαίων
3754 3464 3922 3515 ἀπαι-

646 3541 963 3635 Judasorum
1004 3548 1290 3609 inscitiam
1342 3554 1525 3623 palam
1577 3556 1833 3629 detegere
1875 3580 1888 3616 :
1933 3562 2237 3620 rDicentcs

2336 3541 2555 3620 Esuo'iav
2588 3562 2872 3635 βούλεσθαι
2916 3556 3157 3631 γυμνοῦν
3179 3573 3193 3588 ·
3249 3577 3267 3609 ι
3299 3557 3604 3617 Φάσκοντες
3637 3552 3746 3623 γάρ
3781 3549 3922 3605 εἶναι

647 3634 796 3690 enim
828 3651 891 3693 se
914 3652 1040 3694 esse
1070 3640 1563 3711 sapientes,.stulti
1595 3646 1728 3704 iacti
1763 3659 1895 3705 sunt
1925 3654 1991 3717 θ’,
2022 3673 2039 3705 ι
2077 3663 2133 3709 et
2162 3655 2238 3709 lc-

2339 3657 2519 3728 σοφοὶ,
2540 3634 2965 3727 ἐμωράνθησαν·
2999 3671 3019 3705 t
3064 3651 3159 3705 καὶ
3193 3650 3289 3704 ἐπὶ
3314 3651 3381 3720 τῇ
3408 3646 3501 3701 τοῦ
3529 3647 3695 3716 νόμου
3721 3645 3922 3714 γνώσει

650 3726 738 3797 gis
780 3727 1115 3799 singularem
1163 3733 1271 3789 sibi
1307 3736 1678 3802 cognitionem
1710 3752 2059 3813 arrogantes,
2093 3745 2237 3801 ultro

2338 3726 2824 3819 κατωφρυωμένοι,
2865 3744 2977 3799 ἄνω
3001 3759 3061 3796 τε
3092 3742 3187 3795 καὶ
3219 3740 3371 3794 κάτω
3395 3738 3494 3803 τὰς
3552 3737 3641 3791 διὰ
3673 3737 3920 3800 Μωσέως

650 3820 907 3892 citroque
938 3823 1172 3893 prolatis
1204 3831 1499 3900 praeceptis
1542 3831 1824 3900 Mosaicis,
1855 3844 1909 3891 et
1939 3853 2063 3892 cum
2111 3855 2240 3895 san-

2338 3840 2710 3912 προτείνοντες
2737 3836 2975 3900 ἐντολὰς,
3008 3833 3103 3888 καὶ
3136 3832 3273 3905 πρὸς
3298 3832 3423 3896 τοὺς
3453 3830 3560 3884 τῶν
3592 3829 3763 3898 ἀγίων
3791 3845 3922 3899 προ-

632 3919 866 4005 ἐισι-ω]
896 3914 1295 3986 prophetarum
1326 3918 1585 3978 doctrina
1617 3925 1722 3980 sibi
1755 3929 2080 3999 cumprimis
2100 3946 2243 3985 con-

2339 3932 2524 4004 φητῶν
2552 3927 2975 4002 ἀπηκριϐῶσθαι
3003 3928 3197 3997 λόγους
3225 3923 3707 3997 διισχυριζόμενοι,
3748 3921 3816 3974 δι’
3847 3913 3920 3974 ὧν

652 4002 843 4097 venire
898 4014 1248 4073 asserentes.
1311 4010 1626 4071 istiusmodi
1683 4018 1877 4075 stultis
1926 4019 2238 4093 interroga-

2338 4002 2615 4097 ἐρωτῶσιν
2655 4020 3015 4085 ἀπαιδεύτως,
3069 4018 3157 4072 διὰ
3188 4017 3395 4073 τούτων
3434 4013 3567 4068 πολὺ
3618 4012 3737 4065 λίαν
3769 4010 3921 4071 ὄντες

655 4092 902 4186 tionibus
929 4111 1087 4152 suam
1114 4100 1349 4158 miriﬁce
1393 4104 1640 4174 produnt
1671 4108 2026 4180 imperitiam.
2062 4092 2243 4170 Moses

2338 4092 2572 4186 ἀμαθεῖς
2604 4111 2981 4181 ἐξελέγχονται
3003 4125 3017 4140 ·
3051 4110 3081 4163 6
3110 4108 3208 4179 μὲν
3236 4105 3345 4178 γὰρ
3376 4104 3697 4176 ἱεροφάντης
3719 4101 3921 4170 Μωσῆς

653 4183 801 4256 enim
838 4185 931 4244 illo
966 4203 1255 4247 sacrorum
1290 4196 1549 4264 antistes,
1579 4198 1869 4257 Dominum
1904 4205 2082 4261 instar
2112 4223 2239 4278 pro-

2445 4206 2502 4259 ἐν
2543 4203 2824 4276 προφήτου
2871 4200 3022 4265 τάξει
3063 4198 3155 4253 τὸν
3198 4196 3404 4269 Κύριον
3437 4191 3920 4264 ἀναδειχθήσεσθαι

654 4276 837 4347 pheta:
854 4281 1242 4352 appariturum
1259 4284 1517 4357 inquiens
1535 4291 1866 4362 praedicebat
1887 4295 2014 4353 {iliis
2035 4276 2209 4354 πείθει
2222 4318 2245 4355 :.

2337 4298 2532 4365 λέγων,
2560 4295 2935 4367 προεκήρυττε
2966 4294 3079 4356 τοῖς
3110 4291 3246 4354 υἷοῖς
3284 4288 3501 4359 Ἰσραήλ
3524 4304 3539 4318 ο
3588 4305 3607 4339 ι
3632 4286 3754 4340 Ὅτι
3785 4300 3916 4355 προ-

663 4387 682 4421 ι
706 4368 853 4461 Quia
874 4373 1198 4445 prophetam
1229 4391 1299 4432 ex
1329 4378 1596 4439 fratribus
1629 4384 1744 4440 tuis
1777 4387 1923 4441 sicut
1947 4405 2033 4445 me
2062 4390 2241 4446 susci-

2339 4389 2515 4461 φήτην
2540 4385 2735 4441 ἐκτῶν
2756 4382 2999 4454 ἀδελφῶν
3022 4399 3137 4445 σου,
3164 4380 3239 4444 ὡς
3257 4379 3381 4451 ἐμὲ,
3400 4378 3693 4449 ἀναστήσει
3718 4375 3919 4445 Κύριος

658 4461 794 4516 tahit
830 4459 1101 4522 Dominus
1134 4463 1282 4523 Deus
1315 4477 1443 4525 tuus
1473 4486 1489 4523 :
1519 4470 1701 4541 ipsum
1744 4476 2003 4541 audietis,
2039 4495 2240 4537 secun-

2337 4478 2368 4532 6
2403 4459 2542 4542 -Θεός
2593 4493 2688 4529 σου
2711 4489 2725 4504 °
2777 4472 2945 4528 αὑτοῦ
2997 4469 3295 4525 ἀκούσεσθε
3324 4484 3339 4500 ·
3402 4466 3546 4521 κατά
3598 4465 3776 4519 πάντα
3822 4464 3919 4516 ὅσα

656 4550 788 4607 dum
816 4552 1002 4643 omnia
1036 4568 1160 4624 quae
1186 4557 1394 4627 petiisti
1423 4575 1453 4612 a
1478 4559 1712 4619 Domino
1742 4563 1854 4621 Deo
1879 4575 1975 4623 tuo
2010 4568 2065 4625 in
2094 4571 2239 4627 Cho-
2271 4618 2282 4643 ,

2293 4619 2312 4643 ι
2339 4570 2529 4643 ᾐτήσω
2563 4565 2715 4637 παρά
2737 4563 2943 4635 Κυρίου
2970 4560 3066 4615 τοῦ
3091 4558 3226 4613 Θεοῦ
3257 4574 3351 4610 σου
3383 4558 3439 4609 ὲν
3468 4554 3690 4627 Χωρήὸ.
3719 4573 3739 4606 ι
3782 4553 3841 4606 '0
3864 4550 3919 4602 δὲ

656 4643 757 4699 reb
778 4643 847 4698 ”.
877 4663 897 4697 ι
934 4642 1142 4703 Beatus
1174 4656 1358 4705 autem
1406 4652 1615 4721 lsaias,
1646 4671 2042 4727 praecursorem
2075 4664 2236 4720 nobis
2270 4618 2282 4674 1

2293 4619 2313 4673 )
2346 4618 2901 4734 μακάριοςἾἮσαῖἀς,
2944 4654 3035 4707 τὸν
3075 4651 3383 4723 πρόδρομον
3426 4618 3685 4720 ἡμῖν’καὶ
3714 4644 3919 4715 προάγ-

656 4740 712 4791 et
763 4736 1134 4806 praenuntiam
1193 4742 1566 4810 signiﬁcans:
1615 4766 1634 4800 ι
1664 4746 1783 4805 Vox
1839 4752 2129 4810 clamantis
2178 4756 2234 4811 in

2343 4747 2500 4818 γελον
2540 4744 2809 4817 εἰσφέρων
2834 4782 2858 4808 ,,
2909 4762 2928 4795 ι
2953 4740 3109 4812 Φωνὴ
3156 4738 3386 4810 βοῶντος
3431 4738 3489 4790 ὲν
3538 4739 3603 4807 τῇ
3650 4736 3862 4805 ἐρήμῳ,
3897 4750 3913 4783 ι

656 4827 898 4893 deserto,
944 4828 1125 4900 inquit
1154 4849 1167 4887 :
1199 4829 1400 4892 Parate
1440 4837 1559 4895 vias
1595 4839 1837 4907 Domini,
1873 4852 2054 4901 rectas
2078 4846 2239 4903 facite

2345 4836 2551 4909 φησίν·
2605 4853 2624 4887 ι
2662 4833 3021 4905 Ἑτοιμάσατε
3065 4831 3164 4893 τὰς
3216 4829 3367 4892 ὁδοὺς
3416 4824 3657 4897 Κυρίου,
3710 4825 3919 4886 εὐθείας

656 4916 886 4973 semitas
918 4917 1061 4989 ejus.
1092 4918 1144 4955 “
1167 4936 1186 4973 ι
1222 4918 1446 4983 Tertius
1470 4929 1689 4986 accedit
1727 4930 1869 5000 ἔθει,
1896 4934 1991 5005 qui
2023 4934 2092 4992 de
2121 4935 2238 4991 Elia

2346 4931 2548 4985 ποιεῖτε
2580 4927 2683 4991 τάς
2720 4924 2937 4998 τρίϐους
2966 4920 3153 4981 αὐτοῦ.
3184 4941 3203 4975 ι
3250 4920 3361 4975 Καὶ
3390 4919 3572 4991 τρίτος
3600 4916 3692 4971 ἐπὶ
3714 4916 3921 4978 τούτοις

659 5005 931 5066 τὴεεῢίῑελ
961 5010 1156 5067 scribit
1204 5014 1262 5069 in
1306 5015 1453 5072 hunc
1488 5021 1708 5078 modum
1745 5041 1759 5079 :
1799 5043 1816 5076 ι
1846 5023 1913 5079 Et
1960 5042 2090 5083 ecce
2139 5044 2240 5101 ego

2346 5022 2374 5075 6
2399 5020 2691 5093 προφήτης
2727 5016 2883 5088 Ἰωήλ
2915 5015 3042 5085 περὶ
3070 5013 3165 5069 τοῦ
3203 5011 3461 5066 Θεσδίτου
3493 5009 3659 5081 φησὶν
3705 5007 3919 5101 (Ἠλίας

660 5101 875 5157 mittam
922 5103 1082 5162 vobis
1116 5103 1289 5163 Eiiam
1340 5107 1672 5183 Thesbiten,
1701 5119 1794 5187 qui
1827 5128 2111 5177 convertet
2142 5098 2243 5177 cor

2344 5111 2401 5165 δὲ
2420 5105 2620 5182 obsecr
2660 5109 2803 5163 «Καὶ
2836 5109 2945 5163 ἰδοὺ
2969 5105 3082 5176 ὲγὼ
3106 5103 3419 5159 ἀποστέλλω
3453 5103 3582 5174 ὑμῖν
3621 5100 3806 5155 Ἠλίαν
3832 5098 3919 5151 τὸν

660 5194 839 5264 patris
867 5194 937 5251 ad
970 5197 1165 5264 filium,
1197 5207 1251 5257 et
1294 5202 1612 5264 incredulos
1642 5209 1710 5264 ad
1755 5211 2106 5281 prudentiam
2147 5212 2240 5283 ju-

2344 5201 2629 5274 Θεσϐἰτην,
2672 5200 2731 5265 ὃς
2764 5198 3206 5268 ἀποκαταστήσει
3255 5193 3487 5267 καρδίαν
3531 5192 3739 5283 πατρὸς
3781 5189 3920 5283 arng

662 5290 896 5351 storum,
927 5301 999 5343 ne
1024 5285 1168 5345 forte
1210 5291 1429 5347 veniam
1461 5301 1517 5350 et
1548 5279 1852 5367 percutiam
1887 5310 2085 5356 terram
2116 5279 2183 5358 νδ.
2214 5322 2233 5356 ι

2348 5295 2478 5359 υίὸν,
2513 5295 2607 5348 καὶ
2627 5291 2873 5355 ἀπειθεῖς
2905 5292 2965 5344 ἐν
2991 5289 3250 5360 φρονήσει
3272 5285 3518 5349 δικαίων,
3546 5282 3633 5337 ἵνα
3667 5282 3742 5354 μὴ
3764 5279 3916 5341 ἔλθω,

661 5373 800 5445 Cum
852 5374 1023 5447 igitur
1066 5385 1179 5437 tres
1231 5382 1341 5438 sint
1395 5386 1492 5456 qui
1542 5391 1763 5444 venturi
1817 5391 2240 5457 nuntiabantur.

2343 5386 2436 5440 καὶ
2468 5384 2695 5449 πατάξω
2720 5383 2819 5454 τήν
2852 5381 2955 5452 γῆν
2994 5380 3181 5452 ἄρδην.
3232 5397 3253 5432 ι
3302 5377 3483 5450 Τριῶν
3522 5378 3691 5431 όντων
3721 5375 3914 5435 τοίνυν,

668 5464 898 5523 Messias
949 5469 1236 5538 nimirum,
1282 5473 1527 5534 Joannes
1571 5489 1625 5536 et
1674 5481 1840 5547 Elias,
1885 5481 2056 5538 Judaei
2117 5500 2243 5554 spe-

2343 5480 2502 5550 οἴπερ
2522 5479 2672 5549 ἥξειν
2693 5473 3038 5545 ⁴ἠγγέλλοντο,
3068 5471 3185 5545 [τοῦ
3206 5468 3494 5541 Μεσσίου,]
3518 5469 3614 5522 καὶ
3648 5466 3915 5527 Ἰωάννου,

665 5560 793 5614 rant
852 5562 1040 5632 plures
1108 5574 1408 5635 venturos,
1460 5580 1522 5625 ut
1564 5573 1689 5642 jure
1759 5576 1986 5631 audiant
2034 5594 2045 5629 :
2088 5595 2105 5628 ι
2138 5577 2237 5632 Er-

2344 5570 2436 5624 καὶ
2468 5569 2666 5630 Ἠλίου,
2693 5566 2907 5629 πλείους
2936 5564 3222 5633 ἀφίξεσθαι
3249 5560 3624 5635 προσδοκῶσιν
3658 5559 3915 5617 Ἰουδαῖοι,

667 5649 825 5715 ratis.
858 5655 1173 5712 nescientes
1214 5653 1535 5725 Scripturas
1564 5665 1631 5716 “.
1661 5684 1678 5716 ι
1708 5665 2049 5736 Interrogata
2094 5668 2238 5721 enim

2345 5662 2434 5715 ἵνα
2483 5659 2576 5712 καὶ
2624 5657 2846 5719 δικαίως
2882 5655 3194 5709 ἀκούσωσι*
3253 5673 3270 5707 t
3300 5650 3584 5708 Πλανᾶσθε
3618 5650 3691 5722 μὴ
3724 5648 3917 5708 εἰδότες

672 5829 718 5871 υ
739 5763 782 5797 ⁸⁸
817 5762 953 5822 Gen.
982 5781 1116 5832 XVII,
1138 5768 1189 5824 5.
1269 5774 1315 5808 ”
1339 5771 1497 5834 ἢθη),
1534 5795 1576 5843 ι⁹
1600 5779 1690 5838 22.
1766 5782 1809 5815 ss
1850 5780 2008 5839 Dem.
2049 5798 2199 5848 "In,
2224 5780 2296 5837 15

749 5831 937 5893 Matth.
964 5853 1097 5905 uti,
1124 5839 1217 5894 29.

2289 5781 2316 5849 ι,
2365 5780 2441 5837 16.
2483 5780 2525 5810 "
2561 5777 2665 5832 lsa.
2704 5791 2789 5840 τι,
2824 5776 2890 5840 3;
2932 5772 3091 5832 Joan.
3129 5790 3177 5839 1,,
3199 5774 3289 5829 25.
3325 5774 3368 5807 "
3398 5772 3631 5830 Malach.
3666 5789 3741 5841 tv,
3778 5773 3828 5839 5,
3863 5766 3915 5827 6.
