4118 6570
333 396 443 453 185

1378 405 1444 463 ΙΝ
1482 406 1769 466 JOANNIS
1796 407 2243 470 EVANGELIUM
2285 413 2412 471 LIB.
2451 416 2491 475 ι.

3483 428 3587 483 186

329 521 435 611 τὰς
484 516 725 611 Γραφάς.
773 535 801 611 ›⁸
861 520 1297 611 Διερωτήσαντες
1339 523 1448 596 γὰρ
1496 526 1589 581 τὸν
1637 529 1905 601 μακάριον

2012 528 2223 588 Joanne
2254 532 2519 605 Baptista,
2552 544 2841 609 postquam
2882 547 3217 611 acceperunt
3265 540 3442 610 ipsum
3476 559 3585 598 non

331 605 672 678 Βαπτιστήν,
717 607 814 661 καὶ
866 608 1129 679 μαθόντες
1176 611 1366 686 ὅτιπερ
1411 615 1575 681 αὐτὸς
1621 618 1719 673 οὐκ
1763 618 1851 689 εἴη
1883 621 1911 673 6

331 699 593 773 Χριστὸς,
624 699 1045 772 ἀποκρίνονταν
1073 702 1138 758 Τί
1164 698 1289 772 οὖνς
1335 706 1522 771 Ἠλίας
1551 706 1633 776 εἷς
1678 711 1789 764 Καὶ
1820 709 1910 762 λὲο

333 807 546 861 γοντος,
576 791 685 845 Οὑγ
721 791 856 863 είμὶ,
908 792 1027 847 δέον
1073 794 1270 859 αὐτοὺς
1308 797 1435 868 περὶ
1466 798 1560 853 τοῦ
1592 799 1910 872 Προδρόμου

332 885 519 939 λοιπὸν
567 882 1032 938 ἀναπυνθάνεσθαι
1067 884 1246 953 (τοῦτο
1292 888 1401 960 γὰρ
1449 888 1529 943 ἔτι
1570 892 1632 945 τὸ
1677 892 1907 963 λοιπὸν),

331 974 675 1039 ἀπαιδεύτως
712 976 797 1029 ἐπ’
827 975 989 1030 αὑτὸν
1018 979 1369 1051 ἀνατρέχουσι
1397 981 1490 1036 τὸν
1528 983 1780 1054 Χριστὸν,
1819 985 1911 1039 τὸν

329 1066 408 1132 ὡς
450 1068 738 1140 προφήτην
767 1068 853 1122 διὰ
892 1066 991 1123 τοῦ
1035 1071 1199 1141 νόμου
1232 1073 1720 1146 καταδηλούμενον.
1768 1078 1911 1149 Ὅρα

328 1157 442 1227 γὰρ
469 1157 523 1209 τί
551 1173 714 1227 φασιν
738 1157 837 1211 οὐκ
867 1159 1067 1224 εἰδότες
1089 1162 1158 1215 τά
1184 1161 1272 1217 διὰ
1302 1165 1548 1230 Μωσέως
1572 1183 1587 1197 ο
1638 1186 1657 1219 ι
1693 1167 1751 1222 'O
1774 1185 1909 1238 προ-

332 1249 511 1320 φήτης
538 1244 590 1303 si
621 1248 720 1315 σύ;
748 1249 856 1305 Καὶ
886 1252 1178 1325 ἀπεκρίθη⁶
1207 1254 1305 1312 Οὖ.
1339 1275 1358 1310 ο
1408 1258 1484 1312 Ού
1513 1258 1622 1332 γάρ
1647 1254 1716 1331 ἦν
1747 1260 1910 1325 αὐτὸς

328 1342 363 1395 6
395 1342 651 1412 Χριστὸς,
687 1342 831 1397 καθὰ
860 1345 954 1398 καὶ
988 1345 1200 1415 φθάσας
1227 1348 1325 1421 ήδη
1357 1348 1750 1423 διισχυρίσατο.

405 1432 473 1487 Τι’
486 1434 570 1488 σὺ
593 1434 791 1504 λέγεις
815 1436 950 1506 περὶ
970 1440 1234 1496 σεαυτοῦ
1253 1441 1424 1513 ’Ἐγὼ
1450 1443 1619 1513 φωνὴ
1635 1443 1909 1514 ,βοῶντος

327 1524 400 1578 ἐν
422 1524 500 1592 τῆ
526 1525 742 1595 ἐρήμῳ-

412 1616 500 1677 Ὠς
528 1615 681 1671 οὐδὲν
718 1618 923 1684 εἰδότας
953 1620 1166 1692 ἐλέγχει
1192 1623 1438 1695 γοργῶς,
1476 1626 1572 1681 καὶ
1593 1632 1904 1703 προφητικῇ

328 1706 616 1761 πιστοῦται
660 1711 936 1782 μαρτυρίᾳ
996 1712 1097 1784 τὴν
1139 1716 1571 1785 ὲγχειρισθεῖσαν
1626 1718 1903 1787 ὑπόθεσιν,

326 1797 449 1868 ἦτοι
478 1797 755 1853 διακονίαν
782 1802 952 1872 αὐτῷ.
989 1802 1148 1859 Ἥκω
1173 1809 1301 1877 γάρ,
1330 1809 1515 1880 φησὶν,
1545 1810 1696 1879 οὐδὲν
1719 1812 1904 1884 ἕτερον

326 1867 549 1962 ἕρῶνμῆ
578 1892 659 1945 ὅτι
683 1892 868 1947 λοιπὸν
898 1867 990 1949 ἐπὶ
1010 1867 1202 1969 θύραις
1219 1867 1741 1972 ὀιπροσδοέὼμενος,
1770 1867 1907 1975 μάλ-
1936 1867 1980 1924 Β

325 1980 417 2033 λον
445 1982 503 2034 δὲ
544 1983 674 2037 εἴσω
701 1983 882 2054 θυρῶν
925 1987 955 2039 6
1001 1989 1299 2062 Δεσπότης.
1347 1991 1740 2064 Ἐτοιμάσθητε
1773 1994 1910 2065 πρὸς

322 2069 503 2142 ἥνπερ
543 2070 610 2124 ἂν
656 2073 934 2128 ἐπιτάττει
980 2074 1217 2145 βαδίζειν
1265 2079 1417 2144 ὁδὸν,
1476 2081 1761 2135 ὲϐαδίσατε
1807 2082 1908 2153 τὴν

325 2161 416 2214 διά
462 2163 738 2229 Μωσέως,
791 2166 1082 2223 ἀνελάϐετε
1134 2171 1234 2242 τὴν
1264 2170 1351 2224 διὰ
1380 2173 1615 2243 Χριστοῦ
1641 2190 1655 2205 ·
1704 2172 1907 2246 ταύτην

325 2255 460 2323 ἡμῖν
487 2256 518 2308 6
542 2256 649 2309 τῶν
676 2256 849 2325 ἁγίων
884 2260 1180 2331 προφητῶν
1213 2264 1589 2334 προεκήρυττε
1622 2265 1799 2338 χορός.

325 2345 663 2414 Παράθεσις
694 2348 899 2416 ῥητῶν
943 2350 1077 2418 περὶ
1121 2351 1264 2406 ὀδοῦ
1304 2352 1414 2422 τῆς
1449 2354 1599 2408 κατὰ
1626 2356 1902 2424 Χριστόν.

409 2437 669 2504 Ἡσαΐας.
710 2457 729 2492 ι
773 2441 938 2495 Δεῦτε
972 2444 1067 2496 καὶ⁵
1097 2444 1388 2516 ἀναϐῶμεν
1431 2448 1512 2510 είς
1549 2448 1612 2500 τὸ
1641 2448 1765 2518 ὅρος
1809 2447 1905 2500 τοῦ

325 2528 564 2599 Κυρίου,
590 2532 685 2583 καὶ
716 2533 794 2596 είς
820 2532 913 2586 τὸν
941 2528 1091 2588 οἷκον
1125 2535 1219 2589 τοῦ
1249 2535 1384 2589 Θεοῦ
1424 2537 1647 2601 Ἰακὼϐ,
1685 2539 1780 2592 καὶ
1814 2540 1908 2592 ἀν-

326 2619 550 2765 αὲελεῖ
587 2623 721 2693 ἡμῖν
761 2623 864 2695 τὴν
893 2624 1011 2678 ὁδὸν
1055 2626 1252 2692 αὐτοῦ,
1302 2628 1396 2682 καὶ
1439 2629 1821 2701 πορευσόμεθα
1848 2631 1906 2684 ὲν

326 2729 361 2765 α
431 2715 488 2765 ἦ.
522 2731 541 2764 ι

326 2715 488 2782 αὐτῇ.
522 2731 541 2764 ι

408 2801 466 2855 Ὀ
490 2803 691 2869 αὐτός.
737 2818 757 2855 t
805 2805 999 2859 Ἔσται
1040 2806 1159 2860 ἐκεῖ
1187 2807 1304 2872 ὁδὸς
1333 2806 1584 2879 καθαρὰ,
1640 2809 1734 2863 καὶ
1789 2807 1907 2873 ὁδὸς

324 2893 457 2963 ἁγία
481 2893 841 2967 κληθήσεται,
888 2899 982 2953 καὶ
1002 2899 1103 2952 οὐκ
1132 2898 1281 2953 ἔσται
1312 2900 1429 2953 ἐκεῖ
1455 2900 1621 2966 λέων,
1648 2901 1770 2954 οὐδὲ
1797 2900 1907 2955 τῶν

326 2984 532 3056 θηρίων
555 2987 663 3041 τῶν
697 2988 948 3061 πονηρῶν
977 2990 1127 3044 οὐδὲν
1154 2991 1217 3044 ού
1265 2990 1340 3061 μή
1367 2991 1543 3063 ἀναϐῇ
1570 2994 1687 3046 ἐκεῖ
1708 3030 1723 3056 ,
1771 2992 1821 3046 οἱ
1849 2991 1905 3046 δὲ

323 3077 710 3151 διεσπαρμένοι
735 3078 1092 3153 πορεύσονται
1125 3082 1183 3134 ὲν
1214 3083 1375 3153 αὐτῇ.
1408 3100 1430 3135 ι

2011 637 2133 680 esse
2168 626 2468 691 Christum,
2498 628 2801 699 subjiciunt
2823 646 2839 683 :
2861 631 3002 697 Quid
3025 632 3192 703 ergo?
3228 630 3375 688 Elias
3406 649 3465 688 es
3489 636 3587 689 tu?

2010 710 2109 766 Illo
2136 722 2388 784 negante,
2426 731 2551 771 cum
2598 726 2744 774 esset
2770 728 3199 777 consentaneum
3236 725 3584 792 percunctari

2010 804 2078 859 de
2118 820 2495 876 praecursore,
2533 810 2694 881 109
2726 810 2817 879 (id
2850 816 2997 868 enim
3033 814 3302 883 restabat)
3335 814 3585 884 imperite

2010 896 2078 951 ad
2128 898 2303 968 ipsum
2336 898 2617 956 Christum
2653 902 2837 957 statim
2890 918 2950 959 se
3003 903 3318 968 conferunt,
3370 904 3465 974 qui
3525 913 3585 957 ut

2008 990 2272 1058 propheta
2316 1006 2412 1062 per
2446 992 2617 1063 legem
2662 993 3029 1064 signiﬁcatur.
3076 994 3215 1052 Vide
3258 996 3402 1051 enim
3450 996 3583 1066 quid

2009 1081 2196 1136 dicant
2224 1085 2552 1155 scriptorum
2596 1083 2964 1141 Mosaicorum
3001 1087 3220 1158 ignari:
3255 1106 3274 1140 ι
3310 1086 3583 1158 Propheta

2008 1188 2070 1230 es
2098 1175 2197 1230 tu?
2235 1174 2299 1229 Et
2339 1178 2642 1246 respondit,
2683 1176 2826 1231 Non.
2870 1197 2889 1231 ι
2932 1176 3053 1233 Non
3096 1186 3216 1235 erat
3259 1180 3407 1235 enim
3465 1180 3585 1252 ipse

2008 1264 2283 1330 Christus,
2320 1276 2378 1322 ut
2400 1268 2515 1338 jam
2549 1278 2678 1325 ante
2701 1268 3072 1325 conﬁrmavit.

2076 1444 2115 1510 1,
2134 1444 2226 1507 22.
2250 1444 2341 1500 25.
2376 1444 2517 1511 Quid
2535 1444 2670 1499 dicis
2699 1443 2766 1500 de
2790 1446 2958 1516 teipso
2977 1447 3005 1503 1
3024 1444 3136 1518 Ego
3166 1461 3267 1501 vos;
3297 1446 3581 1501 clamantis

2006 1539 2061 1592 in
2084 1538 2309 1593 deserto.

2078 1628 2357 1700 Tanquam
2387 1630 2605 1701 ignaros
2625 1628 3033 1700 Scripturarum
3057 1629 3263 1685 acriter
3283 1644 3380 1685 eos
3402 1628 3582 1701 arguit

2006 1729 2060 1775 et
2087 1720 2405 1790 prophetico
2434 1720 2744 1776 testimonio
2776 1719 2937 1774 ﬁdem
2989 1718 3123 1774 facit
3169 1719 3466 1775 ministerii
3515 1733 3581 1775 ac

2006 1811 2146 1867 vicis
2182 1812 2287 1867 sibi
2333 1811 2694 1867 demandata.
2736 1810 2915 1866 Venio
2971 1810 3142 1878 enim,
3200 1811 3398 1881 inquit,
3443 1810 3581 1865 nihil

2007 1904 2257 1961 dicturus
2291 1905 2436 1959 aliud
2483 1904 2590 1959 nisi
2638 1918 2738 1974 pro
2767 1902 2981 1959 foribus
3013 1903 3237 1958 demum
3277 1917 3403 1957 esse
3452 1915 3577 1956 eum

2006 1998 2098 2068 qui
2122 2004 2495 2067 exspectatur,
2518 1996 2631 2051 imo
2661 1994 2845 2066 potius
2871 1994 3157 2048 Dominum
3190 1993 3333 2047 intra
3365 2001 3576 2063 portas.

2007 2088 2189 2143 Parati
2223 2088 2344 2144 sitis
2372 2102 2761 2160 quamcunque
2782 2086 2942 2157 jubet
2966 2085 3111 2140 viam
3138 2084 3427 2139 insistere:
3466 2097 3582 2136 am—

2007 2181 2241 2237 bulastis
2275 2179 2331 2235 in
2360 2179 2449 2234 via
2477 2179 2667 2243 Mosis,
2692 2176 2901 2234 Christi
2927 2176 3072 2230 viam
3107 2175 3372 2244 suscipite
3396 2191 3410 2229 :
3435 2172 3580 2227 hanc

2007 2271 2167 2327 nobis
2201 2279 2519 2326 sanctorum
2549 2270 2939 2342 pr0phetarum
2972 2264 3224 2337 praedixit
3256 2264 3484 2319 chorus.

2184 2363 2511 2418 Testimonia
2543 2360 2919 2429 prophetarum
2956 2355 3021 2411 de
3056 2357 3143 2410 uia
3174 2353 3400 2409 Christi.

2079 2456 2277 2511 Isaias.
2319 2474 2337 2507 ι
2370 2452 2565 2509 Venite
2582 2449 2945 2507 ascendamns
2974 2446 3032 2501 in
3054 2451 3295 2500 montem
3330 2441 3572 2505 Domini,

2006 2563 2059 2608 et
2088 2551 2155 2607 ad
2181 2551 2401 2605 domum
2426 2545 2519 2601 Dei
2541 2544 2733 2610 Jacob,
2770 2551 2824 2598 et
2857 2537 3209 2595 aununtiabit
3240 2536 3401 2592 nobis
3427 2535 3572 2590 viam

2007 2659 2185 2710 suam,
2212 2649 2266 2698 et
2294 2638 2700 2695 ambulabimus
2733 2636 2789 2690 in
2811 2648 2877 2691 ea
2902 2633 2974 2687 ".
3005 2652 3025 2687 ι

2077 2818 2247 2873 Idem.
2288 2834 2307 2867 ι
2344 2813 2465 2869 Erit
2493 2813 2567 2868 ibi
2592 2812 2680 2867 via
2710 2808 2942 2872 munda,
2973 2812 3031 2862 et
3061 2804 3153 2860 via
3191 2811 3381 2861 sancta
3414 2815 3582 2857 voca-

2006 2912 2196 2966 bitur:
2235 2924 2344 2963 non
2376 2906 2483 2962 erit
2512 2905 2583 2960 ibi
2620 2903 2730 2967 leo,
2765 2908 2822 2957 et
2852 2899 2997 2955 mala
3036 2897 3210 2953 bestia
3246 2910 3354 2951 non
3386 2909 3581 2950 ascen-

2005 3004 2097 3060 det
2118 3004 2172 3057 in
2203 3016 2345 3064 eam,
2382 2997 2477 3054 sed
2502 2994 2865 3050 ambulabunt
2890 2992 2946 3047 in
2970 3004 3034 3047 ea
3064 2985 3320 3059 dissipati
3344 2986 3413 3040 ⁸³.
3450 3003 3469 3036 ι

408 3175 463 3226 '0
487 3176 687 3241 αὐτός.
736 3194 757 3226 ι
800 3175 999 3247 Ἀρχὴν
1030 3175 1168 3230 Σιὼν
1190 3176 1380 3243 δώσω,
1422 3177 1518 3232 καὶ
1552 3175 1904 3250 Ἰερουσαλὴμ

2077 3179 2248 3234 Idem.
2291 3196 2308 3229 ι
2367 3172 2705 3243 Principium
2759 3168 2906 3224 dabo
2957 3165 3111 3231 Sion,
3174 3174 3228 3220 et
3274 3162 3579 3220 Jerusalem

326 3265 698 3337 παρακαλὲσω
730 3266 809 3331 είς
842 3266 980 3322 ὁδόν.
1019 3286 1037 3319 ι

406 3358 470 3412 '0
511 3359 710 3424 αὐτός.
770 3375 790 3410 ι
842 3359 953 3412 Καὶ
998 3358 1113 3424 ἄξω
1155 3360 1391 3429 τυφλοὺς
1433 3377 1492 3413 εν
1533 3360 1665 3432 ὀδῷ,
1803 3361 1906 3415 ούκ

324 3449 590 3588 Tmen:
610 3451 704 3505 καὶ
722 3450 964 3523 τρίϐους,
989 3450 1055 3517 ἀς
1076 3452 1175 3505 οὐχ
1191 3452 1412 3524 ᾔδεσαν,
1432 3456 1674 3525 πατῆσαι
1695 3454 1906 3525 ποιήσω

324 3552 359 3588 α
394 3552 545 3588 τους.
585 3554 604 3588 ι

322 3552 545 3599 αυτους.
585 3554 604 3588 ι

406 3627 709 3698 Ἱερεμίας.
751 3645 770 3680 ι
802 3628 971 3699 Στῆτε
1011 3628 1105 3683 ἐπὶ
1126 3633 1246 3695 ταῖς
1274 3632 1435 3698 ὁδοῖς,
1466 3632 1559 3686 καὶ
1593 3634 1905 3703 ἐρωτήσατε

321 3720 547 3791 τρίϐους
571 3718 774 3791 Κυρίου
801 3722 1068 3787 αἰωνίους,
1101 3723 1194 3776 καὶ
1224 3723 1360 3776 ῐδετε
1390 3726 1518 3778 ποία
1556 3725 1703 3778 ἐστὶν
1735 3727 1767 3796 ή
1791 3725 1906 3790 ὁδὸς

323 3812 360 3881 ή
387 3812 590 3883 ἀγαθή,
622 3813 717 3865 καὶ
745 3812 986 3881 βαδίζετε
1014 3812 1073 3866 ἐν
1100 3814 1240 3886 αὐτῇ
1264 3854 1280 3880 ,
1334 3816 1429 3869 καὶ
1453 3817 1712 3889 εὑρήσετε
1746 3818 1907 3886 ἁγια-

327 3902 467 3973 σμδν
497 3906 617 3967 ταῖς
641 3903 839 3975 ψυχαῖς
865 3903 1039 3975 ὑμῶν.
1080 3922 1100 3955 ι

398 3995 494 4057 Τίς
517 3991 609 4049 οὖν
642 3996 819 4067 ήόδδς
852 3996 1091 4070 ήάγαθὴ
1131 3997 1224 4051 καὶ
1254 3998 1550 4067 ἀγνίζουσα
1602 4002 1728 4066 τοὺς
1760 4000 1907 4074 βαδί·

325 4087 521 4152 ζοντας
550 4089 608 4140 ὲν
632 4089 793 4161 αὐτῇ,
825 4089 986 4154 αὐτὸς
1013 4090 1218 4160 λεγέτω
1250 4092 1485 4163 Χριστός
1510 4110 1525 4126 ·
1562 4111 1581 4145 ι
1622 4094 1764 4165 Ἐγώ
1790 4098 1907 4169 είμι

324 4176 586 4246 ioca.»

393 4268 503 4320 Καὶ
536 4270 589 4322 οι
615 4267 1056 4339 ἀπεσταλμένοι
1080 4267 1246 4342 ἦσαν
1281 4272 1350 4326 ἐκ
1394 4273 1513 4328 τῶν
1535 4278 1904 4347 Φαρισαίων,

324 4359 429 4413 καί
472 4357 792 4427 ἠρώτησαν
834 4360 1051 4425 αὐτὸν,
1096 4361 1196 4416 καί
1239 4358 1413 4418 εἷπον
1450 4366 1640 4432 αὐτῷ·
1694 4372 1756 4425 Τί
1793 4367 1908 4427 οὖν

321 4450 630 4518 βαπτίζεις
649 4492 663 4514 ,
694 4453 745 4506 ει
783 4451 865 4506 σὺ
888 4454 1000 4507 οὐκ
1031 4448 1089 4508 εί
1125 4456 1159 4508 ό
1186 4455 1439 4524 Χριστὸς
1458 4494 1473 4521 ,
1513 4458 1651 4513 οὔτε
1682 4461 1902 4529 Ἠλίας,

325 4545 468 4600 οὔτε
491 4548 524 4599 ὁ
553 4543 863 4614 προφήτης
885 4560 904 4608 ;

399 4637 464 4689 Oi
506 4636 653 4707 παρά
678 4635 790 4688 τῶν
825 4634 1094 4689 Ἰουδαίων
1126 4634 1525 4708 ἀπεσταλμένοι
1564 4638 1810 4709 (Λευῖται
1845 4641 1905 4696 δὲ

324 4722 488 4799 ἦσαν,
520 4726 614 4781 καὶ
650 4726 757 4781 τῶν
786 4727 844 4781 ὲν
875 4726 1140 4799 ἱερωσύνῃ
1170 4729 1357 4798 τινὲς),
1392 4730 1734 4793 ἀπαιδεύτως
1762 4734 1903 4803 ἐρω-

325 4818 531 4882 τῶντες
570 4818 883 4889 ἠλέγχοντο.
934 4818 1160 4892 Ἕτερον
1198 4820 1309 4892 γὰρ
1351 4817 1490 4875 εἶναι
1516 4821 1607 4876 τὸν
1643 4823 1902 4895 Χριστὸν,

326 4910 516 4983 ἕτερον
561 4909 619 4964 δὲ
650 4910 741 4964 τὸν
763 4910 851 4965 διὰ
871 4908 966 4963 τοῦ
997 4910 1164 4981 νόμου
1203 4913 1487 4985 προφήτην
1529 4915 1907 4971 ύποτοπάσανο

327 5001 706 5070 τες,ἕφασκον,
722 5000 860 5072 μετά
870 5002 927 5054 τὸ
951 5003 1120 5073 φῆσαι
1139 5003 1228 5056 τὸν
1244 5003 1397 5073 ἂγιον
1423 5005 1906 5078 Βαπτιστὴν,Ἐγὼ

328 5092 431 5147 οὐκ
462 5093 581 5162 εἰμὶ
612 5094 642 5147 6
674 5092 908 5163 Χριστός
934 5106 948 5120 °
993 5109 1012 5144 ι
1051 5092 1108 5147 '0
1134 5096 1417 5166 προφήτης
1457 5092 1506 5149 εῐ
1551 5097 1655 5164 σύ;
1692 5117 1712 5151 ι
1764 5100 1905 5154 Ἀλλ’

333 5184 443 5239 ἰδοὺ
489 5185 583 5239 καὶ¹
628 5186 663 5256 ή
710 5184 819 5238 τῶν
858 5184 1166 5255 Φαρισαίων
1215 5186 1426 5257 πληθὺς
1471 5188 1905 5260 δοκησισοφοῦσα

332 5277 536 5347 μᾶλλον
581 5276 724 5348 ήπερ
760 5276 929 5341 ὅντως
974 5277 1174 5350 ἀκριϐῆ
1215 5278 1324 5331 τῶν
1370 5278 1530 5333 θείων
1571 5281 1764 5350 λογίων
1806 5282 1904 5355 τὴν

330 5368 531 5437 γνῶσιν
554 5369 754 5440 ἔχουσα
791 5369 1074 5439 φωρᾶταιο
1124 5387 1141 5419 ι
1182 5368 1248 5420 Τί
1286 5369 1395 5440 γὰρ
1427 5371 1563 5432 ὅλως
1601 5372 1902 5441 βαπτίζεις,

332 5461 496 5531 φησιν
516 5500 532 5524 ,
562 5462 611 5513 εἰ
645 5460 710 5512 σὺ
739 5460 840 5513 οὐκ
867 5454 918 5512 εἴ
945 5461 973 5512 6
1005 5458 1273 5530 Χριστὸς,
1310 5459 1432 5511 οὐδὲ
1482 5460 1668 5525 Ἠλίας
1689 5501 1704 5526 ,
1738 5464 1857 5517 οὐδὲ
1878 5466 1906 5519 ὁ

332 5555 617 5625 προφήτης
640 5570 655 5619 ;
683 5570 702 5604 ι
751 5552 1029 5606 Φαίνονται
1057 5550 1114 5604 δὲ
1143 5549 1303 5603 πάλιν
1324 5590 1338 5614 ,
1373 5551 1431 5603 ού
1469 5552 1668 5621 μικρὰν
1693 5554 1907 5609 ὠδίνον-

329 5662 421 5708 τες
449 5646 588 5698 κατά
609 5643 703 5698 τοῦ
730 5642 1030 5698 Βαπτιστοῦ
1051 5643 1150 5714 τὴν
1171 5642 1529 5699 ἀπόνοιαν.ού
1550 5645 1657 5717 γάρ
1676 5645 1905 5714 ἀξιοῦσι,

402 5763 448 5793 ’⁷
480 5762 586 5817 lsa.
617 5762 754 5837 nl}.
829 5764 1003 5819 "lsa.
1033 5777 1192 5827 xxxv,
1225 5759 1276 5824 8,
1315 5764 1365 5818 9.
1443 5767 1487 5800 9°
1530 5767 1634 5824 ιω.
1670 5786 1779 5833 xu,
1826 5770 1908 5826 Ἥ.

2009 5793 2011 5802 λ
2060 5771 2163 5826 lsa.
2207 5786 2336 5837 XLII,
2385 5769 2465 5823 l6.

335 5832 355 5865 ⁸
373 5804 590 5889 διιεῖ-ἰ
602 5804 629 5900 ,’

2006 3272 2267 3328 hortabor
2290 3268 2356 3323 ad
2382 3267 2527 3321 viam
2547 3264 2616 3319 ”.
2653 3282 2672 3314 ι

2078 3363 2248 3418 Idem.
2278 3381 2296 3414 ι
2338 3359 2404 3414 Ει
2445 3357 2645 3412 ducam
2694 3368 2872 3410 caecos
2907 3352 2963 3406 in
2998 3349 3087 3404 via
3123 3363 3290 3420 quam
3327 3362 3436 3401 non
3482 3359 3583 3400 no-

2003 3464 2219 3521 verunt,
2246 3464 2299 3509 et
2330 3466 2427 3522 per
2458 3448 2685 3506 semitas
2712 3460 2852 3518 quas
2912 3459 3023 3499 non
3071 3447 3279 3497 norunt
3326 3436 3584 3492 incedere

2005 3550 2154 3619 ipsos
2190 3544 2384 3598 iaciant
2409 3543 2449 3596 ⁸.
2500 3559 2519 3593 ι

2072 3636 2355 3691 Jeremias.
2392 3650 2411 3684 ι
2454 3630 2607 3686 State
2633 3644 2801 3700 super
2829 3627 2968 3692 vias,
3018 3632 3075 3680 et
3106 3624 3444 3689 interrogate
3488 3633 3581 3673 se-

2004 3732 2170 3786 mitas
2205 3726 2415 3782 Domini
2451 3739 2571 3795 quae
2601 3738 2630 3775 a
2664 3720 2906 3777 sacculo:
2957 3725 3013 3774 et
3051 3716 3231 3771 videte
3277 3712 3459 3783 qualis
3498 3720 3583 3765 est

2004 3822 2092 3873 via
2114 3819 2280 3881 bona,
2314 3823 2370 3871 et
2407 3812 2681 3868 ambulate
2730 3810 2790 3865 in
2836 3823 2923 3874 ea,
2954 3816 3008 3863 et
3046 3803 3345 3862 invenietis
3394 3800 3583 3872 puriti-

2005 3912 2275 3969 cationem
2310 3905 2599 3961 animabus
2630 3902 2899 3959 vestris’.
2940 3917 2960 3953 ι

2076 4004 2335 4069 Quaenam
2360 4013 2492 4069 ergo
2520 3996 2594 4053 sit
2633 3996 2727 4051 illa
2757 3994 2847 4049 via
2880 3993 3048 4059 bona,
3079 4005 3311 4061 quaeque
3340 3987 3585 4045 sanctiﬁ-
3652 4042 3673 4054 κ

2005 4103 2096 4151 cat
2125 4092 2442 4149 incedentes
2479 4091 2537 4145 in
2566 4103 2654 4155 ea,
2698 4087 2817 4157 ipse
2866 4084 3014 4141 dicat
3069 4083 3366 4139 Christus:
3407 4099 3428 4133 ι
3470 4080 3584 4149 Ego

2006 4204 2128 4245 sum
2156 4186 2241 4240 via
2266 4186 2307 4238 ³.
2352 4203 2371 4236 ι

2077 4279 2116 4345 Ι,
2148 4275 2341 4333 ει-εδ.
2381 4273 2446 4328 Et
2492 4274 2582 4344 qui
2620 4271 2771 4325 missi
2803 4269 3042 4339 fuerant,
3096 4274 3345 4320 erantex
3391 4259 3585 4314 Phari-

2006 4372 2128 4427 διεὶς
2154 4385 2171 4424 :
2202 4379 2250 4423 et
2280 4370 2739 4435 interrogaverunt
2770 4377 2910 4424 eum,
2942 4369 2993 4413 et
3030 4358 3283 4410 dixerunt
3312 4355 3359 4408 ei
3390 4369 3408 4406 :
3441 4350 3583 4416 Quid

2007 4476 2127 4530 ergo
2178 4458 2442 4525 baptizas,
2483 4457 2531 4508 si
2565 4461 2623 4506 tu
2648 4467 2755 4505 non
2785 4464 2841 4504 es
2872 4447 3145 4509 Christus,
3195 4460 3359 4512 neque
3405 4439 3582 4502 Elias,

1934 4540 1981 4596 D
2009 4566 2173 4621 neque
2199 4548 2457 4619 propheta
2485 4548 2509 4602 ἒ)

2074 4642 2234 4709 Quia
2267 4639 2472 4695 ιῐιιιιιείε
2530 4634 2686 4691 missi
2719 4641 2900 4693 erant,
2948 4630 3149 4686 Levita;
3202 4628 3482 4693 nimirum,
3532 4638 3586 4683 ct

2002 4735 2229 4807 quidam
2252 4748 2320 4789 ex
2360 4728 2716 4788 sacerdotum
2758 4724 2976 4789 ordine,
3006 4721 3168 4791 110
3192 4721 3413 4776 stultam
3438 4736 3586 4789 quae-

2002 4830 2242 4886 stionem
2300 4823 2502 4881 iecisse
2564 4819 2959 4891 arguebantur.
3017 4814 3199 4869 Alium
3257 4814 3403 4869 enim
3463 4828 3586 4867 esse

2004 4921 2307 4983 Christum,
2337 4917 2502 4971 alium
2526 4913 2850 4985 prophetam
2877 4910 3053 4974 illum,
3087 4904 3252 4975 cujus
3292 4906 3349 4960 in
3375 4905 3493 4973 lege
3528 4904 3587 4957 lit

2010 5010 2216 5067 mentio
2242 5008 2526 5079 suspicati,
2563 5019 2690 5060 cum
2722 5012 2953 5058 sanctus
2981 4999 3229 5069 Baptista
3267 4994 3585 5065 respondis-

2011 5112 2094 5159 set
2121 5118 2181 5158 se
2210 5116 2321 5155 non
2347 5115 2470 5156 esse
2492 5096 2803 5158 Christum,
2835 5092 3132 5147 dicebant:
3172 5106 3190 5139 ι
3222 5086 3497 5155 Propheta
3522 5101 3585 5141 es

2008 5196 2109 5250 tu?
2148 5212 2166 5247 ι
2215 5191 2321 5248 Sed
2368 5205 2499 5246 ecce
2551 5189 2711 5243 turba
2747 5187 2866 5256 ipsa
2914 5194 3135 5252 quoque
3180 5177 3582 5232 Pharisaeorum

2007 5301 2150 5341 vana
2199 5283 2556 5356 persuasione
2616 5277 2903 5350 sapientiae
2953 5272 3137 5328 inﬂata
3180 5268 3367 5341 potius
3417 5283 3585 5338 quam

2009 5393 2137 5432 vera
2188 5376 2504 5431 divinorum
2568 5370 2923 5426 oraculorum
2988 5362 3303 5434 cognitione
3356 5359 3585 5430 praedita

2010 5484 2135 5526 esse
2157 5465 2606 5538 deprehenditur.
2647 5479 2665 5513 ι
2703 5457 2846 5525 Quid
2869 5456 3039 5519 enim,
3088 5473 3107 5506 ι
3146 5454 3398 5518 obsecro,
3436 5470 3455 5503 ι
3488 5452 3588 5506 ha-

2012 5561 2211 5632 plizas,
2250 5578 2268 5611 t
2311 5557 2589 5629 inquiunt,
2630 5573 2647 5603 ι
2687 5553 2731 5607 si
2762 5559 2817 5604 tu
2848 5564 2956 5615 non
2999 5561 3060 5603 es
3079 5545 3369 5609 Christus,
3408 5560 3587 5616 neque

2016 5654 2187 5715 Elias,
2247 5666 2425 5721 neque
2480 5642 2832 5718 prapheta‘?
2871 5659 2889 5693 ο
2951 5637 3054 5693 Hic
3084 5653 3281 5693 rursus
3334 5634 3583 5691 videntur

2546 5769 2564 5797 ²
2591 5763 2795 5821 Jerem.
2836 5775 2913 5827 vr,
2954 5757 3041 5813 l6.
3131 5756 3152 5788 ³
3180 5753 3335 5810 Joan.
3377 5769 3486 5818 xtv,
3527 5752 3581 5808 6.
