4118 6548
641 345 741 406 ιε’)

1632 356 1689 427 S,
1728 356 2003 414 CYRILLI
2040 356 2509 416 ALEXANDBINI
2545 361 2860 419 ARCHIEP.

3793 370 3896 426 188

634 460 898 518 Joannem
930 462 1226 536 Baptistam
1257 483 1368 523 non
1412 484 1605 539 parum
1661 472 1863 531 habere
1892 476 2164 548 despectui

2261 502 2275 535 ι
2303 475 2443 529 κατά
2472 476 2531 529 τὸ
2562 476 2735 540 εἰκὸς,
2762 479 2822 531 ἐν
2851 476 2929 549 τῷ
2962 477 3248 550 καταλόγῳ
3280 478 3387 533 τῶν
3428 482 3893 556 προσδοκωμένων

637 552 838 609 Nolunt
860 556 1029 623 enim,
1057 566 1115 613 ut
1145 569 1393 629 apparet,
1439 561 1619 632 ipsum
1650 565 1705 620 in
1745 581 1936 623 eorum
1980 586 2209 628 numero

632 644 727 714 qni
783 649 1251 717 exspectabantur
1284 652 1582 723 collocare,
1642 657 1739 713 sed
1807 657 2064 716 familiari
2102 662 2207 718 sibi

632 738 777 793 fastu
810 739 968 794 nihili
1003 741 1235 808 faciunt,
1285 747 1541 815 quamvis
1592 750 1874 820 propheta:
1905 768 2039 809 voce
2074 769 2207 825 pra:-

630 829 917 885 nuntiatus
946 830 1040 886 sit.
1075 834 1210 888 Cum
1239 837 1386 891 enim
1414 839 1720 897 audierint:
1751 863 1769 896 (
1808 843 1921 916 Ego
1947 861 2069 901 sum
2098 863 2203 903 vox

626 920 916 979 clamantls
941 924 997 978 in
1031 926 1250 983 deserto
1285 947 1297 985 :
1324 929 1520 988 Parate
1548 935 1692 991 viam
1721 935 1938 993 Domini
1960 940 2004 1005 ⁸,
2028 960 2048 992 ι
2078 955 2204 997 ora-

624 1012 751 1066 eulo
787 1013 1017 1084 rejecto,
1058 1016 1413 1089 impudenter
1441 1023 1624 1094 ipsum
1679 1026 1768 1083 his
1798 1030 2195 1101 propemodum

622 1106 806 1163 verbis
841 1110 1272 1180 aggrediuntur:
1316 1113 1499 1182 Nulla,
1530 1134 1564 1174 ο
1618 1121 1873 1191 quisquis
1914 1138 1996 1190 es,
2038 1125 2094 1179 in
2145 1132 2198 1182 te

615 1205 702 1253 cst
731 1202 1059 1267 auctoritas,
1093 1205 1227 1261 nihil
1265 1210 1444 1279 magni
1479 1218 1572 1265 aut
1623 1213 2006 1272 admirabilis:
2039 1217 2192 1288 quid,

617 1306 743 1345 cum
773 1293 911 1348 nihil
950 1296 1070 1366 ipse
1092 1298 1190 1362 sis,
1224 1307 1436 1356 tantam
1458 1319 1573 1358 rem
1610 1306 1825 1362 moliris
1848 1307 1872 1360 ?
1894 1307 2190 1379 lmpiorum

614 1380 1019 1442 Pharisaeorum
1055 1389 1159 1445 iste
1202 1407 1321 1448 mos
1363 1403 1501 1460 erat,
1569 1407 1894 1466 pratsentem
1951 1403 2186 1470 elevare,

608 1491 735 1529 eum
770 1487 952 1535 autem
989 1482 1084 1551 qui
1117 1492 1383 1541 venturus
1408 1495 1525 1542 erat
1554 1488 1680 1545 ﬁcto
1709 1491 1917 1547 honore
1948 1494 2182 1553 afﬁcere.

614 1565 682 1620 Ut
718 1568 863 1622 enim
892 1572 1034 1640 apud
1063 1570 1282 1630 Iudaeos
1306 1576 1360 1631 in
1389 1577 1598 1634 honore
1625 1595 1840 1652 semper
1878 1596 2085 1651 essent,
2133 1594 2187 1644 et

607 1658 827 1717 divitias
856 1662 1106 1733 ingentes
1124 1666 1228 1722 sibi
1250 1682 1504 1740 compara
1516 1682 1657 1740 rent,
1681 1676 1959 1733 neminem
1984 1690 2184 1748 praeter

2313 564 2720 637 κατ[ατ]ἀττειν
2765 568 2950 635 αὑτὸν,
2980 569 3081 640 τὴν
3120 568 3178 621 δέ
3226 570 3437 635 ἑαυτοῖς
3476 573 3891 647 συντεθραμμέ-

2308 674 2407 728 νην
2433 658 2715 723 νοσοῦντες
2735 658 3125 732 ἀλαζον[ε]ίαν,
3145 660 3296 714 ούδέν
3315 661 3452 717 εἶναι
3469 666 3772 735 νομίζουσι,
3787 670 3887 724 κᾶν

2305 747 2394 801 διά
2423 749 2523 819 τῆς
2550 748 2643 803 τοῦ
2679 751 2959 822 προφήτου
2995 753 3438 824 προαγγέλληται
3467 758 3673 829 φωνῆς.
3694 760 3886 814 Ἀκού-

2306 855 2498 904 σαντες
2528 840 2671 911 γάρ,
2718 842 2799 895 ὅτι
2832 862 2850 894 ι
2892 840 3034 911 Ἐγώ
3060 843 3179 913 είμι
3220 843 3373 916 φωνὴ
3426 845 3661 916 βοῶντος
3707 850 3765 903 ἐν
3814 855 3880 922 τῇ

2302 930 2514 1002 ἐρήμῳ·
2540 932 2895 1004 Ἑτοιμάσατε
2925 934 3024 1007 τὴν
3049 934 3167 989 ὁδὸν
3198 936 3428 1007 Κυρίου,
3465 958 3483 989 ι
3519 938 3610 992 τὸν
3638 940 3795 1010 λόγον
3821 944 3882 996 οὐ

2300 1021 2771 1093 παραδεξάμενοι,
2828 1026 3140 1097 μονονουχὶ,
3196 1026 3292 1080 καὶ
3342 1028 3539 1099 ἀνέδην
3585 1032 3882 1103 ἐπιτιμῶσι

2298 1112 2572 1183 λέγοντεςο
2594 1117 2790 1184 Οὐδὲν,
2821 1111 2865 1171 ὦ
2894 1112 3075 1186 οὗτος,
3099 1120 3158 1173 ἐν
3190 1120 3273 1173 σοὶ
3296 1121 3358 1174 τὸ
3388 1122 3729 1190 ἀξιόπιστον,
3765 1126 3877 1181 ἀλλ’

2295 1207 2417 1260 οὐδὲ
2448 1207 2510 1261 τὸ
2543 1208 2876 1281 Θαυμαστὸν,
2906 1212 2940 1283 ἢ
2975 1212 3115 1282 μέγα
3134 1229 3148 1244 ο
3180 1212 3236 1265 τί
3267 1213 3363 1267 καὶ
3391 1214 3528 1280 ὅλως
3556 1216 3875 1287 βαπτίζεις;

2292 1298 2347 1350 τί
2368 1298 2423 1351 δὲ
2444 1300 2731 1371 πράγματι
2758 1302 3094 1376 τηλικούτῳ,
3124 1305 3183 1358 τὸ
3212 1305 3384 1377 μηδὲν
3415 1306 3514 1373 ὢν,
3540 1309 3872 1381 ἐπιχειρεῖς;

2292 1390 2449 1455 Ἔθος
2484 1392 2541 1446 δὲ
2577 1393 2736 1447 τοῦτο
2766 1398 2940 1449 ποιεῖν
2976 1399 3090 1461 τοῖς
3119 1398 3354 1463 ἀνοσίοις
3393 1401 3743 1471 Φαρισαίοις,
3782 1404 3875 1457 τὸν

2293 1482 2391 1552 μὲν
2422 1484 2523 1555 ήδη
2554 1487 2796 1557 παρόντα
2823 1489 3321 1562 κατασμικρύνειν,
3372 1493 3792 1562 προσποιεῖσθαι
3814 1494 3871 1550 δὲ

2291 1574 2491 1644 μᾶλλον
2519 1579 2685 1649 τιμᾷν
2712 1578 2805 1634 τὸν
2840 1580 3165 1653 ἀφιξόμενον
3192 1600 3207 1614 ο
3236 1584 3323 1637 ἵνα
3346 1584 3454 1656 γάρ
3487 1586 3573 1639 ἀεὶ
3592 1585 3691 1650 τὰς
3721 1588 3872 1657 παρά

2284 1665 2393 1719 τῶν
2424 1668 2690 1723 Ἰουδαίων
2711 1673 3209 1744 πραγματεύωνται
3231 1676 3418 1747 τιμὰς,
3443 1678 3536 1732 καὶ
3569 1679 3869 1749 χρημάτων

605 1765 666 1804 se
698 1751 957 1808 honorari
992 1758 1362 1827 patiebantur.
1396 1762 1697 1836 Propterea
1733 1770 1911 1839 ipsum
1961 1789 2164 1844 quoqut

605 1840 991 1883 inmrfnnnrnnr
1046 1848 1312 1883 Ιιωνολη...
1392 1855 1671 1883 Αε,......---
1726 1880 1736 1883 -
1785 1861 1969 1883 IY___-.,
2044 1882 2049 1883 ,
2135 1869 2146 1880 .

2284 1758 2497 1824 ἑαυτοῖς
2550 1763 2852 1833 προξενῶσι
2904 1768 3247 1838 πορισμοὺς,
3300 1769 3492 1823 οὐδένα
3536 1770 3647 1823 τῶν
3686 1772 3866 1826 ἄλλων

2281 1849 2507 1883 Annum...
2563 1852 2835 1883 Ωιι-εἴλῃ--.
2876 1856 3147 1883 r.__--_::
3232 1859 3383 1883 nn---
3421 1863 3523 1883 --ιφ
3576 1865 3660 1883 ,με
3712 1865 3763 1883 ην
3810 1866 3824 1883 ι

602 1840 995 1901 interfecerunt
1045 1848 1335 1919 haeredem,
1390 1855 1671 1916 dicentes:
1720 1880 1737 1913 ι
1785 1840 1998 1933 Venite,
2030 1840 2164 1923 occi-

2281 1849 2511 1919 ὁρᾶσθαι
2561 1852 2840 1923 βούλονται
2874 1856 3173 1930 διαπρεπῆ.
3231 1859 3387 1914 Οῦτω
3420 1863 3529 1933 γάρ
3574 1865 3669 1917 καὶ
3702 1865 3865 1919 αὑτὸν

599 1932 798 1993 damus
827 1954 975 2005 enm,
1002 1951 1057 1997 et
1111 1943 1434 2005 habebimus
1500 1950 1877 2011 haereditatem
1924 1960 2108 2028 ejus‘.
2154 1981 2172 2013 ι

666 2197 711 2262 1,
737 2198 925 2255 26-27.
962 2201 1251 2274 Respondit
1287 2209 1363 2263 eis
1390 2209 1651 2283 Joannes,
1686 2215 1866 2274 dicens
1886 2236 1906 2274 :
1938 2221 2048 2293 Ego
2080 2223 2174 2278 ba-

591 2290 736 2354 ptizo
767 2293 821 2346 in
878 2312 1059 2365 aqua:
1096 2300 1299 2354 medius
1337 2314 1513 2357 autem
1553 2318 1779 2364 vestrum
1807 2290 2170 2387 stetit,vquem

591 2398 680 2435 vos
712 2386 943 2441 nescitis.
976 2386 1093 2456 Ipse
1116 2401 1216 2457 est,
1247 2395 1339 2464 qui
1378 2408 1493 2465 post
1531 2416 1611 2455 me
1654 2412 1901 2460 venturus
1933 2417 2033 2473 est,
2080 2414 2171 2481 qui

589 2483 714 2527 ante
746 2491 826 2528 me
846 2476 1023 2544 factus
1052 2490 1169 2543 est;
1196 2483 1348 2551 cujus
1371 2502 1475 2541 non
1498 2505 1616 2543 sum
1642 2491 1856 2563 dignus,
1888 2507 1945 2551 ut
1964 2500 2166 2557 solvam

584 2566 699 2636 ejus
731 2570 1019 2640 corrigiam
1059 2573 1426 2634 calceamenti.

652 2746 851 2805 Beatus
891 2751 1135 2822 Baptista
1182 2772 1340 2828 aequo
1388 2761 1573 2818 animo
1623 2764 1729 2822 fert
1782 2768 2157 2841 increpantes,

576 2848 632 2895 et
662 2842 816 2898 valde
831 2846 1083 2915 apposite
1110 2850 1373 2907 salutaris
1399 2858 1659 2924 praeconii
1685 2862 2031 2920 occasionem
2066 2883 2159 2922 sn-

2281 1942 2606 1999 ἀπέκτειναν
2628 1946 2719 2000 τὸν
2750 1947 3109 2020 κληρονόμον,
3140 1949 3421 2020 λέγοντεςο
3463 1973 3482 2005 ι
3511 1954 3860 2019 Δεῦτε,ἀπο-

2280 2034 2580 2107 κτείνωμεν
2635 2038 2828 2104 αὑτὸν,
2887 2042 2980 2095 καὶ
3054 2042 3273 2114 σχῶμεν
3330 2044 3429 2117 τὴν
3496 2047 3860 2121 κληρονομίαν

2275 2126 2460 2182 αὐτοῦ.
2499 2148 2519 2181 ι

2359 2220 2661 2290 Ἀπεκρίθη
2690 2223 2895 2290 αὐτοῖς
2918 2228 2953 2279 ὁ
2996 2226 3287 2296 Ἰωάννης,
3318 2229 3533 2299 λέγων’
3580 2232 3723 2302 Ἐγὼ
3741 2235 3857 2298 βα-

2273 2310 2448 2373 πτίζω
2467 2314 2537 2367 ἐν
2556 2314 2727 2370 ὕδατι
2750 2334 2764 2347 ο
2796 2318 2988 2386 μέσος
3010 2318 3079 2373 δὲ
3099 2320 3265 2390 ὑμῶν
3282 2321 3562 2391 ἕστηκεν,
3588 2325 3663 2379 ὃν
3684 2327 3856 2394 ὑμεῖς

2269 2404 2381 2457 οὐκ
2403 2404 2621 2462 οἴδατε.
2644 2409 2835 2474 Αὐτός
2854 2409 3044 2477 ἐστιν,
3071 2413 3104 2465 ό
3138 2413 3331 2467 ὀπίσω
3359 2432 3477 2484 μου
3508 2416 3849 2488 ἐρχόμενος,

2269 2493 2340 2561 ὃς
2386 2497 2729 2566 ἔμπροσθέν
2782 2520 2903 2571 μου
2955 2503 3235 2574 γέγονεν,
3284 2502 3358 2562 οὗ
3399 2507 3514 2578 ἐγὼ
3571 2512 3683 2564 οὐκ
3734 2511 3850 2581 ειμι

2266 2586 2466 2655 ἄξιος,
2518 2591 2619 2647 ἵνα
2649 2594 2820 2647 λύσω
2865 2597 3053 2651 αὑτοῦ
3094 2597 3201 2652 τὸν
3233 2597 3447 2669 ἱμάντα
3487 2601 3595 2656 τοῦ
3621 2602 3849 2673 ὑποδήο

2258 2697 2471 2747 ματος.

2348 2772 2706 2840 Ἀνεξικάκως
2749 2779 2777 2832 ό
2813 2780 3081 2850 μακάριος
3106 2781 3420 2854 Βαπτιστὴς
3463 2783 3844 2854 ἐπιτιμώντων

2261 2862 2515 2933 ἀνέχεται
2535 2881 2549 2897 ο
2583 2868 2915 2940 εύαφόρμως
2964 2870 3022 2924 δὲ
3048 2871 3167 2926 λίαν
3204 2871 3302 2943 τὴν
3328 2873 3385 2925 ἐν
3415 2875 3529 2936 τοῖς
3559 2874 3681 2929 καθ’
3713 2875 3842 2929 ἐαυ-

575 2934 675 2987 mit
700 2949 765 2989 ex
792 2936 860 2990 iis
890 2952 1011 3007 quas
1041 2940 1108 2996 de
1138 2957 1198 2998 se
1246 2953 1467 3001 narrat:
1510 2948 1779 3021 docetque
1810 2954 2029 3011 demum
2069 2963 2154 3015 vel

2261 2954 2349 3007 τὸν
2396 2955 2655 3028 ἐξήγησιν
2697 2934 2953 3015 ῦπόδεσιν
2997 2964 3235 3016 ἐποιεῖτο
3259 2934 3373 3016 ’τοῦ
3428 2934 3696 3036 σωτηρίου
3740 2984 3840 3036 κη-

574 3024 778 3080 invitos
811 3027 904 3095 qui
938 3028 1006 3082 ad
1040 3044 1099 3084 se
1128 3031 1282 3087 missi
1311 3046 1466 3089 erant
1502 3035 1832 3107 Pharisaeos,
1864 3044 2150 3105 Christum

2261 3024 2576 3114 ptiypasoc"
2629 3047 2870 3103 διδάσκει
2919 3049 2978 3104 δὲ
3026 3052 3127 3122 ήδη
3181 3052 3276 3105 καὶ
3316 3053 3412 3124 οὐχ
3454 3024 3680 3119 ἑκόντας
3713 3024 3838 3121 τοῦς

572 3114 713 3168 intra
742 3124 931 3184 portas
966 3133 1107 3173 esse.
1164 3120 1277 3192 Ego
1335 3126 1503 3192 enim,
1557 3129 1756 3201 inquit,
1818 3134 2148 3206 baptismum

572 3206 733 3231 ..ΝΑ-,ι
768 3209 1133 3231 :..--!.-_.!--_____
1206 3229 1216 3231 Α
1237 3215 1247 3231 ι
1274 3216 1284 3231 ι

2261 3135 2406 3206 παρὰ
2433 3135 2542 3190 τῶν
2580 3139 2892 3209 Φαρισαίων
2936 3114 3422 3214 ἀπεσταλμένους,
3464 3145 3653 3216 ὅτιπερ
3704 3146 3837 3199 εἴσω

569 3206 737 3262 aﬂ‘ero
768 3209 1164 3278 institutivum,
1198 3215 1433 3274 abluens
1469 3236 1609 3291 aqua
1640 3235 1869 3293 peccato
1900 3231 2150 3303 inquina-

2261 3224 2432 3297 θυρῶν
2467 3229 2494 3279 ό
2522 3206 2773 3301 Χριστός.
2829 3231 2970 3300 Ἐγὼ
3013 3233 3114 3305 μὲν
3144 3206 3273 3305 γάρ,
3312 3206 3465 3306 φησὶ,
3499 3206 3834 3307 παιδαγωγι-

568 3306 654 3355 tos
685 3300 749 3355 ad
779 3302 991 3357 initium
1026 3308 1383 3375 poenitentia,
1424 3322 1479 3366 et
1508 3313 1759 3373 homines
1800 3335 1830 3373 a
1862 3300 2046 3391 parvis
2078 3326 2147 3381 ad

2261 3319 2345 3373 ιιὺν
2366 3300 2607 3393 εἰσφέρω
2634 3322 2694 3375 τὸ
2726 3300 3042 3394 βάπτισμα,
3091 3300 3623 3400 τοῦς-ἐξάμαρτίας
3660 3300 3830 3402 μεμο-

566 3390 893 3460 perfectiora
960 3395 1164 3452 docens
1207 3400 1387 3455 evehi.
1455 3401 1571 3460 Hoc
1624 3408 1772 3463 enim
1828 3390 1914 3467 est
1953 3430 2147 3487 reapse

2261 3390 2549 3484 ἰυσμένους
2586 3390 2867 3470 ἀπολούων
2912 3390 3065 3472 ῦδατι
3114 3419 3253 3491 πρὸς
3292 3390 3827 3496 μετανοίαςάρίὴν,

562 3485 830 3554 implere,
888 3486 955 3540 ad
1021 3490 1169 3558 quod
1230 3493 1641 3561 praedicandum
1713 3518 1833 3559 sum
1896 3485 2140 3576 missus,

575 3576 806 3598 in“-.-
860 3580 1052 3598 Α---
1263 3592 1273 3598 ,
1392 3588 1403 3598 .
1516 3589 1551 3598 λ
1657 3592 1726 3598 .,
1837 3596 1852 3598 _

2261 3505 2338 3559 ιαὶ
2374 3506 2439 3559 ἐκ
2484 3506 2594 3559 τῶν
2640 3506 3061 3579 ὑποϐεϐηκότων
3104 3485 3533 3598 ἀνακομίζεσθαι

568 3595 587 3627 ι
616 3576 830 3640 Parate,
860 3596 877 3629 ι
906 3580 1333 3651 ιιιεοίιὶοθι,‹
1356 3588 1496 3645 viam
1516 3589 1752 3649 Domini.
1778 3615 1798 3648 ι
1820 3596 1923 3665 Qui
1958 3611 2139 3659 autem

2261 3597 2334 3649 ;πὶ
2366 3596 2436 3651 τά
2482 3596 2795 3670 τελειότερα
2820 3615 2835 3630 ο
2870 3576 3044 3655 ’τοῦτο
3070 3601 3181 3675 γὰρ
3216 3576 3297 3676 ἦνς
3326 3603 3473 3677 ἔργῳ
3504 3606 3768 3677 πληροῦν,
3798 3608 3828 3663 δ

559 3668 830 3736 majorum
884 3680 940 3726 et
989 3672 1301 3743 digniorum
1352 3678 1516 3736 dator
1572 3692 1676 3750 est,
1739 3702 1807 3743 ac
1872 3693 2140 3751 universae

2261 3685 2530 3756 ιηρύττειν
2574 3668 2919 3760 ἀπεστάλην·
2981 3707 3002 3744 ι
3052 3668 3456 3764 Ἑτοιμάσατε,
3492 3715 3512 3751 ι
3545 3668 3822 3770 δηλονότι,

556 3759 826 3816 honorum
862 3763 1215 3833 perfectionis
1242 3769 1490 3842 largitor,
1517 3775 1571 3829 in
1600 3778 1784 3833 medio
1805 3790 1915 3837 stat
1944 3789 2133 3853 vestri,

557 3850 777 3918 ignotus
810 3852 1010 3919 adhuc,
1045 3857 1174 3925 quia
1215 3873 1385 3916 carne
1418 3862 1645 3922 indutus
1680 3876 1805 3923 est:
1846 3873 1939 3942 qui
1982 3850 2134 3931 tanto

556 3956 644 3995 me
676 3943 964 4000 intervallo
993 3957 1238 4018 superat,
1270 3960 1329 4006 ut
1364 3970 1433 4010 ne
1464 3958 1608 4012 servi
1636 3959 1760 4015 loco
1788 3961 2013 4034 dignum
2044 3984 2133 4025 me

550 4035 694 4103 apud
727 4035 909 4105 ipsum
956 4050 1227 4112 reputem,
1288 4047 1391 4101 hoc
1443 4052 1611 4119 enim,
1659 4070 1779 4111 mea
1835 4063 2127 4130 sententia,

548 4125 825 4194 signiﬁcat
858 4130 1014 4198 illud,
1053 4151 1072 4184 ι
1114 4132 1232 4189 Non
1267 4151 1388 4192 sum
1414 4138 1614 4211 dignus
1659 4154 1718 4199 ut
1767 4149 1972 4205 solvam
2007 4125 2127 4221 ejus

546 4214 843 4285 corrigiam
877 4220 1261 4278 calceamenti.
1305 4245 1324 4278 ι
1360 4228 1418 4281 In
1452 4246 1561 4300 quo
1591 4248 1718 4289 cum
1750 4253 1935 4294 verum
1967 4242 2121 4310 dicit,

544 4312 659 4358 tum
716 4307 865 4363 aliud
902 4309 1033 4366 facit
1067 4315 1454 4378 observatione
1497 4325 1744 4398 dignum.
1809 4307 2122 4394 Pharisaeos

540 4397 691 4451 enim
748 4399 816 4453 ad
862 4403 1188 4462 modestiam
1247 4423 1498 4483 revocat,
1557 4423 1854 4495 semetipso
1912 4427 1981 4481 ad
2038 4431 2119 4486 rei

540 4489 849 4559 exemplum
878 4496 1184 4564 proposito.

602 4745 641 4811 Ι,
666 4748 757 4804 28.
795 4750 923 4806 [hac
946 4753 1000 4808 in
1022 4754 1281 4815 Bethania
1299 4763 1446 4831 facta
1474 4779 1597 4822 sunt
1623 4780 1770 4828 trans
1792 4774 2107 4846 Iordanem,

532 4835 622 4890 ubi
646 4849 764 4892 erat
792 4838 1027 4898 Joannes
1064 4845 1364 4916 baptizans.

598 4928 805 4986 Locum
840 4943 1015 5001 notat,
1071 4951 1131 4995 ut
1179 4955 1440 5002 accurate
1474 4949 1869 5024 diligenterque
1904 4957 2101 5017 factam

528 5033 651 5075 esse
695 5025 1072 5083 narrationem
1106 5031 1405 5102 signiﬁcet.
1444 5036 1697 5098 Solemus
1753 5045 1922 5113 enim,
1975 5066 2100 5107 cum

525 5111 593 5165 de
622 5112 787 5170 rebus
812 5120 1031 5189 magnis
1064 5120 1314 5181 facienda
1345 5130 1507 5187 nobis
1527 5142 1612 5189 est
1639 5111 1915 5207 narratio,
1934 5144 2098 5200 etiam

520 5205 839 5266 meminisse
866 5210 1133 5283 locorum,
1160 5218 1217 5273 in
1249 5222 1452 5290 quibus
1481 5240 1575 5283 cas
1606 5228 1723 5287 ﬁeri
1762 5235 2013 5308 contigit.

586 5474 609 5506 ⁸
639 5471 747 5531 lsa.
775 5493 866 5545 χι,
905 5478 971 5548 5;
997 5479 1153 5539 Joan.
1192 5500 1231 5554 ι,
1277 5488 1367 5543 25.
1443 5491 1463 5521 °
1489 5490 1682 5549 Matth.
1717 5513 1828 5567 xxt,
1862 5502 1949 5557 58.

2245 3795 2263 3828 ι
2294 3778 2390 3850 τὴν
2420 3780 2536 3833 ὁδὸν
2567 3782 2795 3852 Κυρίου.
2828 3802 2846 3835 ι
2892 3783 2950 3838 '0
2977 3784 3033 3839 δὲ
3056 3784 3166 3839 τῶν
3189 3786 3455 3857 μειζόνων
3483 3807 3541 3844 τε
3562 3791 3657 3845 καὶ
3677 3791 3825 3860 ἀξιο-

2235 3868 2559 3937 λογωτάτων
2587 3864 2784 3945 δοτὴρ,
2845 3877 2939 3930 καὶ
2972 3876 3192 3950 ἀπάσης
3227 3879 3562 3951 τελειότητος
3607 3884 3707 3954 τῆς
3735 3886 3821 3937 ἐπ’

2233 3962 2459 4029 ἀγαθοῖς
2492 3965 2728 4037 χορηγὸς
2749 4006 2764 4031 ,
2794 3966 2959 4037 μέσος
2994 3968 3149 4040 ὑμῶν
3183 3973 3405 4043 στήκει,
3458 3975 3821 4047 ἀγνοούμενος

2230 4053 2311 4107 ἔτι
2338 4056 2427 4110 διά
2470 4057 2569 4128 τὴν
2598 4059 2662 4111 ἐκ
2698 4058 2800 4129 τῆς
2831 4060 3033 4131 σαρκὸς
3061 4063 3376 4136 περιϐολὴν,
3424 4067 3678 4121 τοσοῦτον
3716 4071 3816 4139 ἐμὲ

2227 4145 2320 4199 τὸν
2350 4146 2663 4217 Βαπτιστὴν
2695 4149 3069 4222 ὑπερτρέχων,
3099 4152 3175 4218 ὠς
3206 4156 3411 4210 οἴεσθαι
3443 4156 3552 4212 δεῖν
3581 4160 3816 4230 ἐμαυτὸν

2226 4240 2344 4293 ούδέ
2374 4242 2433 4294 ἐν
2455 4241 2668 4295 οἰκέτου
2694 4243 2847 4309 τάξει
2877 4250 3192 4319 μετρεῖσθαι
3225 4253 3353 4321 παρ’
3384 4253 3578 4323 ἐκείνῳ
3602 4270 3617 4285 ο
3657 4256 3814 4310 τοῦτο

2224 4331 2333 4400 γὰρ
2400 4326 2553 4401 οἶμαι
2589 4330 2782 4403 δηλοῦν
2811 4335 2902 4401 τὸ,
2937 4354 2956 4388 ι
2995 4337 3109 4391 Ούκ
3157 4340 3272 4410 εἰμὶ
3310 4342 3524 4408 ἱκανὸς,
3551 4344 3636 4397 ἵνα
3665 4344 3810 4399 λύσω

2223 4419 2387 4474 αὐτοῦ
2405 4420 2543 4495 [τὸν]
2574 4424 2774 4495 ἱμάντα
2788 4425 2884 4479 τοῦ
2905 4427 3270 4501 ὑποδήματος.
3286 4451 3304 4484 ι
3314 4434 3553 4505 Πρᾶγμα
3563 4435 3619 4488 δὲ
3635 4435 3808 4505 λέγων

2150 4515 2196 4573 υ
2223 4507 2439 4577 ἀληθὲς,
2478 4510 2665 4583 ἕτερον
2696 4514 2966 4587 ἐπίσημον
2997 4519 3287 4590 ἐργάζεται
3314 4538 3329 4552 ’
3365 4529 3805 4596 ταπεινοφρονεῖν

2223 4600 2331 4675 γάρ
2355 4602 2637 4658 ἀναπείθει
2670 4606 2760 4660 τὸν
2789 4608 3024 4674 ἀλαζόνα
3048 4613 3359 4684 Φαρισαῖον,
3404 4616 3595 4671 ἐαυτὸν
3620 4618 3678 4671 δέ
3708 4619 3803 4672 τύ-

2220 4709 2321 4746 πον
2348 4694 2591 4766 είσφέρει
2619 4697 2715 4751 τοῦ
2744 4701 3092 4771 πράγματος.

2292 4783 2483 4839 Ταῦτα
2502 4785 2574 4839 ἐν
2588 4789 2856 4857 Βηθανίᾳ
2874 4791 3110 4862 ἐγένετο
3129 4794 3319 4865 πέραν
3338 4798 3443 4853 τοῦ
3468 4799 3793 4870 Ἰορδάνου,

2213 4869 2367 4926 ὅπου
2406 4872 2487 4945 ἦν
2525 4878 2798 4950 Ἰωάννης
2832 4884 3153 4948 βαπτίζων.

2284 4963 2515 5035 Σημεῖόν
2538 4968 2729 5042 ὥσπερ
2753 4977 2846 5027 καὶ
2884 4978 3040 5031 τοῦτο
3066 4979 3235 5045 τιθεὶς
3267 4983 3489 5055 μνήμης
3530 4986 3789 5056 ἀκριϐοῦς

2211 5056 2305 5107 καὶ
2330 5055 2553 5129 λεπτῆς.
2580 5062 2910 5137 Πεφύκαμεν
2937 5069 3046 5141 γάρ
3069 5087 3188 5136 πως
3210 5076 3304 5128 καὶ
3332 5055 3618 5147 εἰθίσμεθα
3652 5080 3788 5133 πάν-

2207 5163 2330 5212 τες,
2388 5149 2464 5214 ὡς
2495 5151 2626 5217 ἔπος
2669 5157 2879 5227 εἰπεῖν,
2920 5161 2978 5215 ἐν
3004 5165 3115 5228 τοῖς
3162 5165 3290 5238 περὶ
3332 5167 3440 5221 τῶν
3476 5169 3786 5239 ἀναγκαίων

2204 5234 2502 5310 διηγήμασι
2533 5248 2843 5318 μεμνῆσθαι
2880 5252 2973 5307 καὶ
2999 5254 3200 5323 τόπων,
3236 5234 3310 5312 ⁷ἐν
3349 5252 3431 5325 οἷς
3462 5234 3604 5315 αύτά
3635 5262 3782 5331 γενέ-

2202 5327 2323 5382 σθαι
2358 5334 2724 5406 συμϐέϐηκεν.
