4118 6564
693 346 787 404 191

1686 351 1749 407 S.
1791 349 2071 407 CYRILLI
2108 350 2584 409 ALEXANDRINI
2624 353 2950 411 ARCllIEP.

3850 358 3870 411 ἰ
3881 352 3950 413 9‘2

684 488 810 528 tem.
835 472 1130 546 Propterea
1164 474 1445 545 pr0phetae
1466 490 1689 547 quoque
1721 492 2044 533 mensuram
2065 493 2255 533 exces-

2363 478 2462 531 Διά
2512 477 2688 544 τοῦτο,
2719 479 2813 531 καὶ
2841 477 2902 531 τὸ
2945 476 3242 546 προφητῶν
3285 476 3594 547 ἀνεπήδησε
3624 478 3858 549 μέτρον,
3877 477 3948 544 ὡς

685 565 771 628 sit,
806 574 866 620 ιιι
903 566 1021 636 ipse
1074 566 1281 622 alicubi
1336 565 1593 621 Salvator
1653 567 1731 621 ait
1774 582 1901 623 cum
1950 566 2158 625 Judmis
2192 567 2260 623 de

684 671 743 711 eo
768 657 1049 713 disserens
1093 677 1108 713 :
1150 676 1168 710 ι
1212 656 1355 724 Quid
1383 658 1576 715 existis
1620 658 1677 714 in
1725 660 2004 715 desertum
2036 659 2263 715 videre?

682 748 1046 820 PrOpbetam?
1074 750 1255 805 Etiam
1286 750 1413 807 dico
1450 752 1627 816 vobis,
1661 759 1716 808 et
1750 753 1874 823 plus
1920 768 2085 822 quam
2133 767 2262 823 pro—

682 842 895 911 phetam
926 843 965 895 '.
1014 862 1034 897 »
1075 842 1157 898 Illi
1194 844 1343 899 enim
1392 843 1676 900 Christum
1713 843 2009 915 aliquando
2060 851 2259 898 ventu-

680 951 800 989 rum
832 936 1241 1006 prophetabant
1272 955 1285 991 :
1316 937 1407 993 hic
1440 946 1623 993 autem
1654 952 1781 993 cum
1812 944 2111 994 venturum
2141 937 2258 993 ela-

680 1036 876 1093 maret,
906 1029 1076 1083 etiam
1136 1028 1336 1086 adesse
1389 1030 1742 1085 monstravit.
1779 1048 1799 1081 ι
1846 1028 2035 1083 Altera
2112 1027 2260 1084 enim

679 1120 792 1185 die,
829 1121 1034 1192 inquit,
1070 1121 1210 1177 vidit
1242 1120 1432 1180 Jesum
1472 1122 1784 1177 venientem
1816 1122 1883 1176 ad
1908 1136 1988 1176 se.
2018 1139 2038 1173 ι

749 1224 792 1288 l,
815 1224 908 1281 29.
941 1225 1014 1279 Et
1044 1228 1121 1281 ait
1152 1243 1171 1282 :
1204 1225 1340 1283 Ecce
1368 1226 1550 1298 Agnus
1585 1227 1704 1293 Dei,
1741 1226 1832 1295 qui
1883 1224 2025 1279 tollit
2068 1240 2256 1295 peccas

679 1326 791 1372 tum
821 1319 1029 1373 mundi.

748 1408 867 1464 Non
911 1410 1028 1480 jam
1077 1411 1277 1481 inquit,
1315 1428 1335 1462 ι
1381 1408 1576 1467 Parate
1609 1428 1665 1466 ιι
1709 1417 2109 1467 convenienter
2140 1425 2259 1466 am-

678 1499 824 1570 plius
881 1500 990 1556 diei
1050 1508 1249 1571 potest,
1301 1515 1427 1555 cum
1482 1510 1745 1557 cernatur
1798 1501 2025 1556 demum
2083 1512 2141 1559 et
2200 1503 2259 1559 in

676 1594 853 1649 oculis
888 1596 961 1648 sit
1007 1595 1098 1649 ille
1135 1601 1358 1665 propter
1387 1610 1549 1665 quem
1602 1594 1659 1650 ﬁt
1703 1596 2054 1666 praeparatio.
2096 1595 2257 1651 Aliud

675 1686 932 1756 loquendi
968 1701 1143 1758 genus
1173 1702 1357 1741 rerum
1412 1696 1613 1743 natura
1651 1689 1918 1758 postulat.
1961 1688 2256 1759 Exponen-

674 1778 800 1833 dum
824 1787 912 1834 est
947 1779 1107 1852 114
1136 1782 1260 1850 quis
1292 1782 1366 1836 sit
1395 1781 1487 1836 ille
1528 1782 1622 1853 qui
1663 1781 1779 1851 jam
1822 1782 2001 1844 adest,
2031 1790 2085 1837 et
2114 1796 2256 1853 quas

672 1867 744 1923 ob
805 1883 895 1924 res
934 1869 1001 1923 ad
1060 1886 1161 1925 nos
1195 1871 1567 1936 descenderit,
1614 1872 1708 1941 qui
1748 1870 1816 1927 de
1868 1872 2027 1928 cmlis
2083 1872 2253 1929 venit.

680 1979 701 2013 ι
748 1961 889 2015 Ecce
928 1981 945 2014 ι
984 1961 1172 2032 igitur,
1205 1963 1405 2032 inquit,
1444 1981 1462 2015 ι
1501 1964 1691 2033 Agnus
1715 1962 1836 2027 Dei,
1871 1984 1889 2016 ι
1926 1980 2090 2034 quem
2126 1982 2258 2035 pro-

674 2054 840 2125 pheta
877 2054 1019 2109 lsaia
1053 2056 1215 2111 nobis
1247 2054 1719 2125 prtesignilicavit,
1763 2056 1958 2113 dicens
1996 2075 2012 2113 :
2046 2076 2064 2109 ι
2100 2056 2258 2114 Sicut

673 2147 797 2201 ovis
815 2146 880 2200 ad
902 2148 1237 2203 occisionem
1268 2147 1474 2204 ductus
1492 2158 1599 2211 est,
1622 2156 1677 2203 et
1700 2149 1846 2205 sicut
1867 2165 2044 2221 agnus
2067 2165 2254 2206 coram

676 2239 940 2295 tondente
1002 2255 1061 2295 se
1123 2241 1401 2295 obmutuit
1445 2242 1487 2298 ⁸.
1534 2260 1552 2292 ι
1594 2240 1770 2308 Quem
1834 2242 1991 2307 olim,
2054 2242 2254 2313 inquit.

672 2329 846 2385 Mosis
891 2330 975 2387 lex
1015 2332 1410 2402 przeliguravit.
1472 2331 1579 2387 Sed
1625 2348 1692 2387 eo
1730 2333 1957 2403 quidem
2009 2341 2258 2405 tempore

673 2422 931 2477 servabat
963 2438 1029 2478 ex
1085 2430 1259 2492 parte,
1299 2438 1408 2477 non
1470 2424 1527 2479 in
1583 2438 1778 2480 omnes
1820 2424 2256 2481 misericordiam

672 2529 829 2569 suam
887 2514 1205 2571 diﬂ‘undens
1256 2533 1269 2569 :
1322 2525 1487 2587 typus
1536 2518 1681 2573 enim
1738 2526 1858 2574 erat
1914 2526 1971 2574 et
2022 2519 2254 2585 umbra;

672 2622 823 2662 nunc
853 2616 1039 2663 autem
1083 2607 1177 2664 ille
1204 2608 1417 2678 Agnus,
1441 2611 1534 2680 qni
1567 2610 1697 2665 olim
1728 2612 2077 2679 aenigmatice
2116 2627 2257 2682 prae—

673 2697 1038 2769 ﬁgurabatur,
1085 2700 1444 2757 immaculata
1500 2702 1591 2757 illa
1632 2702 1813 2758 hostia
1857 2719 1955 2773 pro
1995 2703 2256 2759 omnibus

671 2790 740 2845 ad
773 2792 1112 2848 occisionem
1149 2794 1394 2859 ducitur,
1426 2802 1488 2849 ut
1541 2794 1730 2850 mundi
1767 2805 2056 2866 peccatum
2101 2811 2256 2852 amo-

670 2891 816 2951 veat,
851 2892 910 2938 ut
941 2884 1094 2940 orbis
1122 2885 1616 2942 exterminatorem
1651 2893 1887 2951 evertat,
1922 2894 1983 2941 ut
2022 2896 2255 2943 mortem

670 2989 774 3044 pro
815 2976 1076 3031 omnibus
1124 2976 1385 3032 obeundo
1420 2984 1654 3033 mortem
1708 2979 1951 3042 aboleat,
1984 2987 2043 3032 ιιι
2078 2980 2257 3035 solvat

672 3066 954 3122 hominum
987 3067 1432 3125 maledictionem
1455 3070 1499 3135 ’,
1529 3077 1589 3125 ut
1619 3078 1796 3127 cesset
1829 3071 2048 3127 tandem
2085 3072 2251 3128 illud:

2364 568 2526 631 αὐτός
2578 567 2680 620 πού
2712 585 2876 639 φησιν
2924 568 2952 620 6
2982 566 3195 637 Σωτὴρ,
3230 566 3366 638 πρὸς
3394 552 3680 632 Ἰουδαίους
3712 568 3949 640 διαλεγό-

2367 676 2529 728 μενος
2574 658 2704 730 περί
2756 658 2954 713 αὐτοῦ·
2992 678 3011 712 ι
3054 658 3118 711 Τί
3157 658 3411 729 ἐξήλθετε
3458 660 3537 722 εἰς
3591 658 3690 730 τήν
3745 659 3949 731 ἔρημον

2365 750 2494 802 ἰδεῖν
2520 767 2534 815 ;
2561 750 2854 820 Προφήτην
2882 768 2897 817 ;
2928 749 3038 804 Ναὶ
3064 749 3207 818 λέγω
3237 750 3388 820 ύμῖν,
3424 751 3521 804 καὶ
3566 753 3949 825 περισσότερον

2364 842 2697 910 προφήτου.»
2730 842 2794 895 Oi
2820 841 2920 912 μὲν
2951 840 3061 913 γάρ
3095 841 3176 895 ὅτι
3211 841 3352 896 κατὰ
3379 843 3608 914 καιροὺς
3638 844 3952 921 ἀναδειχθή-

2365 947 2512 985 σεται
2545 932 2779 1003 Χριστὸς
2819 933 3215 1005 προεφήτευον,
3260 935 3287 987 6
3310 934 3366 987 δὲ
3396 933 3473 998 ὡς
3509 934 3628 1005 ἥξει
3662 936 3825 1006 βοῶν,
3861 939 3950 992 καὶ⁸

2364 1022 2607 1093 παρόντα
2620 1022 2841 1093 δέδειχε.
2867 1042 2885 1075 ι
2914 1026 2994 1096 Τῇ
3032 1024 3140 1096 γάρ
3171 1025 3455 1095 ἐπαύριον,
3478 1027 3633 1097 φησί,
3654 1028 3841 1099 βλέπει
3865 1032 3951 1084 τὸν

2376 1115 2582 1187 Ἰησοῦν
2608 1115 2904 1188 ἐρχόμενον
2933 1118 3071 1189 πρὸς
3102 1118 3290 1175 αὐτόν.
3324 1138 3342 1172 ι

2435 1227 2548 1283 Kal
2574 1227 2735 1299 λέγει
2756 1247 2768 1260 ·
2798 1230 2921 1286 Ἴδε
2941 1233 2974 1285 ὁ
3014 1231 3232 1302 Ἀμνὸς
3265 1218 3371 1287 τοῦ
3406 1233 3556 1289 Θεοῦ
3580 1236 3613 1289 ὀ
3634 1234 3820 1304 αἴρων
3841 1234 3950 1305 τὴν

2358 1320 2658 1390 ἁμαρτίαν
2681 1321 2789 1376 τοῦ
2816 1322 3072 1392 κόσμου.

2432 1410 2627 1466 Οὐκέτι
2643 1412 2722 1478 τὸ,
2736 1432 2753 1465 ι
2775 1413 3156 1484 Ἑτοιμάσατε,
3171 1414 3388 1487 »καιρὸν
3411 1415 3523 1487 ἔχει
3543 1416 3634 1470 τὸν
3650 1417 3946 1489 πρέποντα·

2360 1503 2545 1557 λοιπὸν
2585 1504 2868 1575 ὁρωμένου
2914 1506 3010 1559 καὶ
3057 1505 3211 1571 ὄντος
3253 1508 3312 1561 ἐν
3343 1507 3644 1580 ὀφθαλμοῖς
3674 1509 3766 1562 τοῦ
3800 1509 3870 1563 δι’
3896 1510 3950 1563 δν

2362 1597 2395 1667 ἡ
2448 1596 2735 1667 ἐτοιμασία
2792 1597 3041 1665 γίνεται*
3083 1598 3288 1670 ἐτέρων
3338 1600 3510 1654 ἐδεῖτο
3558 1599 3735 1668 λόγων
3788 1603 3823 1671 ή
3862 1601 3950 1654 τοῦ

2361 1686 2685 1758 πράγματος
2718 1686 2902 1756 φύσις.
2952 1688 3151 1760 Ἐχρῆν
3196 1689 3513 1760 ἐξηγεῖσθαι
3554 1691 3640 1754 τίς
3669 1693 3697 1744 6
3726 1690 3948 1761 παρὼν,

2361 1780 2454 1833 καὶ
2484 1780 2576 1834 ἐπὶ
2602 1779 2743 1834 τίσιν
2769 1779 2883 1851 ἔχει
2908 1778 3006 1851 τήν
3034 1779 3262 1836 κάθοδον
3285 1783 3313 1834 6
3347 1779 3486 1850 πρὸς
3518 1782 3669 1852 ἡμᾶς
3699 1780 3761 1847 ἐξ
3790 1782 3951 1852 ούρα-

2363 1871 2469 1927 νῶν
2520 1871 2843 1942 ἀφιγμένος.
2879 1890 2898 1923 ι
2930 1870 3037 1925 Ἴδε
3068 1870 3267 1938 τοίνυν,
3308 1873 3496 1942 φησιν,
3536 1873 3565 1925 6
3603 1872 3801 1942 Ἀμνὸς
3861 1871 3950 1925 τοῦ

2360 1963 2518 2025 Θεοῦ,
2554 1982 2574 2016 ι
2620 1963 2680 2016 ὃν
2716 1964 2745 2016 6
2777 1963 3069 2034 προφήτης
3119 1965 3254 2034 ἡμῖν
3310 1964 3539 2027 Ἡσαΐας
3582 1964 3950 2034 κατεσήμαινε

2358 2055 2534 2124 λέγων
2558 2071 2572 2085 ·
2611 2074 2629 2106 ι
2672 2055 2760 2119 Ὠς
2804 2054 3078 2127 πρόϐατον
3112 2056 3209 2109 ἐπὶ
3264 2055 3477 2127 σφαγὴν
3524 2056 3665 2127 ήχθη
3691 2096 3706 2120 ,
3754 2055 3854 2110 καὶ
3882 2056 3953 2119 ὡς

2358 2146 2528 2219 ἀμνὸς
2559 2146 2800 2201 ἐναντίον
2832 2146 2926 2200 τοῦ
2963 2148 3241 2219 κείροντος
3260 2148 3422 2202 αύτὸν
3444 2149 3714 2219 ἄφωνος.»
3741 2151 3841 2203 Ὃν
3867 2150 3956 2210 καὶ

2361 2239 2549 2303 πάλαι,
2585 2239 2785 2310 φησὶν,
2821 2240 2850 2292 6
2880 2239 2968 2293 διὰ
3002 2240 3246 2304 Μωσέως
3275 2240 3549 2295 ἀνετύπου
3584 2240 3785 2311 νόμος·
3819 2240 3953 2294 ἀλλά

2356 2330 2478 2383 τότε
2515 2330 2613 2401 μέν
2662 2330 2831 2394 ἔσωζε
2867 2330 3130 2402 μερικῶς,
3163 2331 3265 2384 ούκ
3298 2332 3380 2395 είς
3418 2331 3665 2396 ἅπαντας
3699 2330 3954 2385 ἐκτείνων

2358 2420 2449 2475 τὸν
2470 2418 2615 2473 ἔλεον
2634 2437 2647 2451 ·
2675 2418 2846 2483 τύπος
2862 2421 2970 2492 γὰρ
2986 2416 3075 2492 ἦν,
3098 2419 3193 2474 καὶ
3227 2420 3356 2474 σκιά
3372 2437 3386 2451 ο
3408 2422 3527 2475 νυνὶ
3548 2422 3606 2475 δὲ
3636 2421 3665 2474 6
3698 2420 3873 2475 πάλαι
3890 2403 3950 2474 δι’

2358 2510 2696 2583 αἰνιγμάτων
2713 2509 3171 2582 ζωγραφούμενος
3186 2513 3215 2565 ὁ
3227 2511 3480 2582 ἀληθινὸς
3509 2512 3792 2583 ’Λμνὸς,τὸ
3806 2512 3953 2583 ἄμω-

2362 2621 2461 2675 μον
2495 2606 2689 2675 ἰερεῖον
2716 2603 2860 2676 ὑπὲρ
2906 2604 3125 2657 πάντων
3163 2603 3357 2673 ἄγεται
3405 2605 3544 2677 πρὸς
3580 2605 3795 2676 σφαγὴν
3816 2646 3835 2673 ,
3872 2606 3953 2659 ἵνα

2357 2694 2451 2749 τοῦ
2486 2693 2693 2765 κόσμου
2720 2694 2818 2765 τὴν
2865 2695 3145 2766 ἁμαρτίαν
3172 2695 3364 2769 ἐλάσῃ,
3401 2696 3491 2751 ἵνα
3515 2697 3606 2751 τὸν
3636 2699 3738 2769 τῆς
3769 2698 3952 2751 οἰκου-

2360 2785 2530 2856 μένης
2560 2784 2887 2857 όλοτρευτήν
2915 2785 3216 2859 ἀνατρέψῃ,
3247 2787 3334 2841 ἴνα
3364 2788 3691 2860 καταργήσῃ
3732 2787 3828 2841 τὸν
3860 2786 3951 2841 θά-

2357 2895 2515 2931 νατον
2537 2877 2681 2949 ὑπὲρ
2714 2879 2932 2932 πάντων
2962 2876 3275 2944 ἀποθανὼν,
3305 2880 3393 2934 ἵνα
3418 2880 3554 2951 λύσῃ
3583 2880 3683 2952 τήν
3710 2882 3797 2949 ἐφ’
3825 2883 3953 2953 ήμῖν

2358 2970 2622 3042 κατάραν,
2666 2970 2753 3023 ἵνα
2803 2969 3079 3040 παύσηται
3118 2970 3305 3024 λοιπὸν
3327 2971 3414 3037 τὸ,
3452 2990 3469 3024 ι
3518 2972 3595 3043 Γῆ
3636 2968 3706 3035 εἰ,
3751 2973 3851 3026 καὶ
3879 2975 3953 3036 εἰς

2356 3062 2461 3133 γῆν
2493 3060 2795 3135 ἀπελεύσῃ.
2848 3080 2866 3112 ι
2918 3062 3007 3115 ἴνα
3049 3063 3277 3135 γένηται
3326 3062 3580 3136 δεύτερος
3620 3064 3817 3135 Ἀδὰμ,
3860 3065 3953 3118 οὐκ

678 3176 698 3211 ι
737 3155 909 3214 Il‘erra
943 3175 1026 3223 es,
1060 3169 1115 3215 et
1158 3160 1214 3215 in
1247 3168 1452 3217 terram
1486 3164 1783 3219 reverteris
1806 3166 1869 3227 '°,
1910 3183 1928 3216 ι
1965 3173 2025 3219 ιιι
2066 3166 2138 3220 sit
2166 3166 2255 3222 ille

2357 3160 2476 3229 ἀπὸ,
2493 3162 2618 3231 γῆς,
2658 3160 2771 3214 ἀλλ’
2798 3160 2858 3226 ἐξ
2902 3160 3159 3231 οὐρανοῦ,
3190 3161 3285 3215 καὶ⁵
3316 3160 3460 3232 ἀρχὴ
3510 3161 3738 3233 γένηται
3762 3163 3830 3231 τῇ
3861 3160 3952 3214 ἀν-

672 3250 951 3306 secundus
979 3250 1174 3319 Adam,
1204 3269 1312 3309 non
1341 3270 1371 3309 e
1400 3262 1571 3320 terra,
1602 3254 1697 3311 sed
1723 3271 1753 3311 e
1776 3258 1939 3321 caelo,
1963 3259 2256 3327 omnisque

668 3339 801 3396 boni
833 3342 1172 3411 principium
1217 3352 1431 3399 natura
1476 3345 1732 3403 humana:
1770 3350 2024 3414 exsistat,
2054 3350 2256 3404 solutio

669 3432 870 3489 invecti
914 3434 1198 3503 interitus,
1247 3449 1469 3494 aeternae
1512 3439 1641 3494 vitie
1686 3440 2039 3507 conciliator,
2088 3457 2257 3497 causa

667 3526 1085 3585 reformationis
1122 3530 1189 3584 ad
1243 3529 1439 3595 Deum,
1474 3532 1700 3603 pietatis
1734 3541 1791 3588 et
1831 3534 2059 3601 iustitia:
2101 3535 2256 3604 prin-

668 3618 901 3687 cipium,
941 3618 1031 3673 via
1082 3618 1323 3690 denique
1370 3619 1440 3676 ad
1495 3636 1723 3692 regnum
1759 3624 2048 3678 caelorum.
2099 3622 2256 3682 Unus

668 3708 817 3764 enim
859 3719 1117 3768 mortuus
1150 3720 1235 3768 est
1266 3727 1444 3783 agnus
1467 3728 1568 3783 pro
1597 3713 1881 3776 omnibus,
1903 3728 2124 3771 omnem
2156 3717 2256 3771 ho-

667 3798 881 3855 minum
926 3816 1149 3873 gregem
1201 3817 1432 3858 servans
1466 3801 1582 3859 Deo
1629 3818 1693 3859 ac
1718 3802 1871 3859 Patri
1921 3823 1935 3859 :
1978 3820 2124 3861 unus
2155 3822 2256 3876 pro

667 3893 949 3958 omnibus,
986 3902 1047 3947 ιιι
1079 3909 1273 3951 omnes
1305 3894 1418 3950 Deo
1457 3894 1727 3965 subjiciat
1765 3913 1779 3951 :
1819 3912 1962 3954 unus
2001 3912 2102 3968 pro
2138 3913 2256 3953 om-

666 3982 855 4049 nibus,
910 3992 971 4037 ut
1012 4000 1207 4042 omnes
1256 3985 1700 4041 lucrifaciatzut
1751 4002 1946 4045 omnes
2011 3989 2254 4060 denique

664 4088 778 4129 non
803 4074 916 4143 jam
948 4074 1053 4131 sibi
1092 4077 1300 4139 vivant,
1330 4076 1425 4131 sed
1457 4078 1508 4132 ei
1543 4077 1638 4147 qui
1685 4093 1785 4147 pro
1821 4079 1957 4149 ipsis
1996 4090 2253 4135 mortuus

662 4176 749 4222 est
783 4175 839 4222 et
874 4169 1187 4224 resurrexit
1221 4170 1284 4223 ¹¹.
1316 4167 1452 4223 Nam
1495 4186 1620 4225 cum
1671 4172 1725 4226 in
1770 4172 1963 4227 multis
2008 4174 2253 4242 peccatis

662 4274 937 4322 essemus,
970 4268 1140 4330 atque
1184 4259 1396 4316 idcirco
1449 4263 1613 4317 morti
1656 4272 1713 4318 et
1767 4265 2120 4334 corruptioni
2151 4265 2253 4320 ob-

664 4344 838 4408 noxii,
869 4344 1019 4401 dedit
1056 4345 1253 4402 Filium
1282 4363 1445 4404 suum
1479 4349 1644 4405 Pater
1678 4351 2116 4423 redemptionem
2150 4369 2251 4423 pro

662 4436 847 4500 nobis,
889 4454 1059 4493 unum
1111 4454 1212 4508 pro
1251 4441 1531 4513 omnibus,
1567 4444 1830 4513 quoniam
1876 4445 2068 4499 omnia
2119 4454 2251 4501 sunt

2358 3254 2576 3328 θρώπου
2644 3253 2804 3324 φύσει
2862 3254 3062 3318 παντὸς
3111 3252 3362 3323 ἀγαθοῦ,
3416 3252 3570 3317 λύσις
3624 3254 3952 3307 ἐπεισάκτου

2356 3346 2583 3417 φθορᾶς,
2620 3345 2880 3417 πρόξενος
2908 3344 3133 3398 αἰωνίου
3168 3343 3315 3413 ζωῆς
3338 3384 3352 3408 ,
3379 3342 3831 3415 ἀναμορφὼσεως
3860 3342 3954 3413 τῆς

2355 3440 2436 3501 εἰς
2463 3436 2594 3490 Θεὸν
2626 3436 2885 3500 ὑπόθεσις
2908 3477 2924 3503 ,
2954 3435 3242 3499 εὐσεϐείας
3283 3435 3378 3488 καὶ
3414 3433 3764 3502 δικαιοσύνης
3786 3433 3949 3505 ἀρχή.

2355 3530 2473 3593 ὁδὸς
2503 3530 2582 3592 εἰς
2629 3526 2906 3597 βασιλείαν
2957 3526 3204 3599 οὐρανῶν
3230 3541 3244 3556 ⁸
3280 3520 3363 3589 εἷς
3404 3526 3514 3597 γὰρ
3566 3526 3707 3596 ὑπὲρ
3733 3525 3950 3578 πάντων

2355 3621 2626 3675 ἀπέθανεν
2657 3620 2848 3691 ἀμνὸς,
2871 3619 2999 3689 ὃλην
3034 3617 3331 3684 ἀνασώζων
3361 3618 3459 3689 τὴν
3482 3618 3576 3671 ἐπὶ
3613 3618 3717 3687 γῆς
3747 3617 3952 3689 ἀγέλην

2355 3713 2432 3785 τῷ
2458 3712 2578 3784 Θεῷ
2627 3713 2722 3767 καὶ
2757 3711 2935 3784 Πατρί
2957 3727 2972 3740 ·
3010 3705 3091 3775 εἷς
3142 3710 3285 3784 ὑπὲρ
3321 3712 3540 3765 πάντων
3562 3751 3577 3776 ,
3612 3711 3702 3765 ἵνα
3741 3712 3951 3775 πάντας

2356 3802 2601 3876 ὑποτάξῃ
2621 3802 2759 3874 Θεῷο
2786 3799 2868 3867 εἷς
2893 3803 3033 3875 ύπέρ
3062 3804 3303 3867 πάντων,
3336 3804 3423 3857 ἵνα
3455 3802 3663 3866 πάντας
3692 3801 3945 3875 κερδὼῃ·

2356 3896 2444 3950 ἵνα
2466 3896 2655 3950 λοιπὸν
2683 3897 2730 3950 οἰ
2761 3896 2965 3960 πάντες
3001 3896 3201 3969 μηκέτι
3233 3898 3447 3961 ἑαυτοῖς
3482 3895 3673 3960 ζῶσιν,
3706 3896 3846 3951 ἀλλά
3874 3896 3949 3966 τῷ

2355 3985 2496 4058 ὑπὲρ
2522 3985 2704 4041 αὐτῶν
2738 3986 3091 4052 ἀποθανόντι,
3121 3986 3216 4041 καὶ
3258 3986 3559 4058 ἐγερθέντι.
3598 3985 3818 4057 Ἐπειδὴ
3842 3985 3947 4057 γὰρ

2351 4074 2494 4150 ἦμεν
2550 4080 2608 4132 ἐν
2660 4079 2884 4143 πολλαῖς
2934 4080 3265 4153 ἁμαρτίαις,
3307 4079 3398 4133 διά
3444 4097 3505 4132 τε
3556 4078 3718 4132 τοῦτο
3774 4096 3947 4149 χρεω-

2356 4169 2641 4243 στούμενοι
2685 4171 2903 4243 θανάτῳ
2956 4172 3052 4226 καὶ
3101 4172 3314 4244 φθορᾷ,
3345 4172 3577 4226 δέδωκεν
3629 4171 3949 4242 ἀντίλυτρον

2355 4261 2497 4332 ὑπὲρ
2547 4260 2734 4332 ἡμῶν,
2781 4261 2869 4315 τὸν
2912 4262 3039 4317 Υἱὸν
3072 4263 3101 4314 6
3146 4264 3336 4334 Πατὴρ
3363 4262 3460 4316 ἕνα
3507 4261 3650 4335 ὑπὲρ
3704 4263 3945 4326 πάντων,

2354 4354 2476 4406 ἐπε)⁸
2529 4354 2623 4407 καί
2692 4354 2871 4408 πάντα
2922 4354 2980 4407 ἐν
3034 4353 3185 4425 αύτῷ
3209 4395 3223 4419 ,
3259 4355 3353 4407 καὶ
3410 4355 3630 4409 πάντων
3682 4353 3947 4426 κρείττων

2354 4444 2539 4497 ἐστίν’
2591 4439 2671 4508 εἷς
2715 4445 2985 4499 ἀπέθανεν
3030 4445 3170 4514 ὑπὲρ
3230 4446 3484 4511 πάντων,
3512 4447 3600 4499 ἵνα
3640 4447 3692 4499 oi
3745 4446 3946 4508 πάντες

664 4529 720 4581 in
764 4527 906 4599 ipso,
952 4537 1007 4584 et
1051 4532 1312 4587 omnibus
1357 4533 1554 4589 melior
1615 4543 1721 4591 est.
1759 4535 1914 4593 Unus
1971 4553 2075 4608 pro
2131 4553 2249 4593 om-

2357 4534 2609 4606 ζήσωμεν
2650 4537 2707 4588 ἐν
2738 4535 2914 4607 αὐτῷ·
2935 4536 3222 4590 καταπιὼν
3247 4538 3355 4609 γὰρ
3384 4540 3412 4591 6
3434 4537 3661 4600 θάνατος
3694 4538 3785 4590 τὸν
3807 4538 3945 4607 ὑπὲρ

662 4619 828 4674 nibus
864 4628 1115 4677 mortuus
1167 4633 1273 4689 est,
1323 4634 1383 4679 ut
1438 4640 1633 4683 omnes
1685 4629 1936 4685 vivamus
1994 4632 2049 4685 in
2104 4633 2247 4701 ipso.

668 4710 807 4766 Cum
865 4712 1015 4766 enim
1065 4713 1313 4769 occisum
1373 4730 1477 4787 pro
1529 4719 1787 4775 omnibus
1833 4719 2049 4791 Agnnm
2098 4736 2251 4777 mors

660 4803 1040 4873 absorpserit.
1103 4806 1267 4862 simul
1330 4809 1495 4863 etiam
1547 4810 1604 4864 in
1659 4812 1780 4887 ipso
1833 4820 1888 4866 et
1942 4827 2069 4867 cum
2127 4814 2250 4884 ipso

658 4904 893 4952 cunctos
937 4898 1205 4952 evomuit.
1241 4896 1444 4955 Omnes
1472 4902 1620 4955 enim
1664 4917 1886 4957 eramus
1936 4902 1990 4957 in
2025 4902 2251 4959 Christo

657 4988 753 5059 qui
788 4997 1013 5059 propter
1056 5005 1157 5045 nos
1206 4999 1259 5046 et
1293 5007 1393 5063 pro
1433 4993 1595 5049 nobis
1634 5001 1888 5050 mortuus
1924 5002 2030 5059 est,
2080 5004 2251 5067 atque

659 5082 966 5137 resurrexit
1012 5101 1025 5137 :
1075 5083 1282 5139 abolito
1328 5101 1459 5141 vero
1520 5095 1771 5157 peccato,
1829 5088 1929 5156 qui
1975 5088 2093 5145 fieri
2150 5106 2249 5161 po-

658 5182 803 5232 terat
858 5184 918 5230 ut
968 5192 1121 5235 mors
1188 5182 1399 5245 etiam,
1458 5197 1582 5250 quae
1634 5197 1700 5237 ex
1763 5183 1884 5253 ipso
1934 5192 2055 5247 est,
2110 5201 2243 5255 pro-

661 5274 779 5336 pter
828 5267 1006 5338 ipsum
1038 5284 1147 5324 non
1187 5270 1391 5327 abolita
1445 5272 1558 5327 sit?
1606 5270 1823 5326 Mortua
1860 5272 2049 5329 radice
2103 5292 2243 5345 qun-

660 5357 826 5412 modo
864 5373 1089 5429 germen
1146 5362 1500 5417 servabitur?
1552 5370 1772 5417 mortuo
1821 5372 2071 5435 peccato,
2125 5383 2246 5435 qum

659 5448 932 5504 moriendi
988 5450 1149 5507 nobis
1194 5466 1366 5506 causa
1418 5451 1557 5506 erit?
1605 5451 1787 5519 Quare
1845 5454 1913 5509 de
1967 5455 2245 5511 occisione

660 5539 800 5611 Agni
827 5538 925 5597 Dei
956 5543 1189 5598 solemni
1218 5542 1589 5600 exsultatione
1621 5545 1872 5602 dicamus
1897 5565 1909 5602 :
1932 5565 1949 5598 ι
1996 5546 2098 5602 Ubi
2132 5556 2243 5610 est,

660 5648 833 5699 mors,
887 5635 1118 5691 victoria
1172 5637 1305 5692 tua?
1352 5638 1445 5693 ubi
1472 5640 1898 5702 stitnnlustnus.
1941 5640 2193 5697 inferne?
2224 5660 2240 5691 ι

731 5788 752 5818 '
782 5785 971 5843 Matth.
1014 5805 1088 5855 ιι,
1120 5790 1173 5846 9.
1250 5791 1270 5822 "
1302 5790 1408 5847 lsa.
1448 5808 1564 5860 Llll,
1599 5796 1650 5849 7.
1735 5796 1754 5826 ’
1787 5793 1950 5853 lCor.
1988 5811 2079 5860 xv,
2112 5796 2145 5850 '5
2179 5810 2333 5866 seqq.

2359 4626 2577 4680 πάντων
2618 4627 2834 4698 Ἀμνὸν,
2870 4628 3075 4692 πάντας
3130 4628 3399 4701 ἐξήμεσεν
3441 4631 3498 4681 ἐν
3547 4628 3696 4699 αύτῷ
3744 4645 3803 4681 τε
3852 4629 3945 4681 καί

2360 4721 2456 4773 σὺν
2482 4718 2650 4789 αὐτῷ.
2692 4720 2754 4772 Οἰ
2803 4718 2913 4790 γὰρ
2946 4720 3149 4785 πάντες
3181 4716 3325 4792 ἦμεν
3354 4723 3412 4775 ἐν
3456 4720 3533 4791 τῷ
3575 4721 3641 4775 δι’
3670 4723 3819 4791 ἡμᾶς
3853 4721 3945 4774 καὶ

2357 4807 2499 4878 ὑπὲρ
2522 4806 2682 4878 ήμῶν
2708 4808 3064 4875 ἀποθανόντι,
3097 4812 3192 4863 καὶ
3218 4810 3497 4883 ἐγερθέντι
3525 4810 3747 4882 Χριστῷ
3768 4828 3783 4843 ⁸
3811 4829 3943 4864 κατ-

2355 4898 2700 4969 αργουμένης
2747 4899 2804 4953 δὲ
2855 4900 2953 4971 τῆς
3001 4901 3316 4973 ἁμαρτίας,
3370 4901 3489 4965 πῶς
3539 4903 3816 4972 ἐνεδέχετο
3868 4903 3943 4973 μὴ

2354 4992 2476 5062 ούχί
2500 4992 2721 5054 πάντως
2737 4991 2830 5045 καὶ
2851 4997 2942 5046 τὸν
2958 4993 3017 5059 ἐξ
3037 4994 3207 5064 αὐτῆς
3228 4994 3295 5047 δι’
3316 4993 3487 5063 αὐτὴν
3526 4994 3943 5066 καταργηθῆναι

2356 5084 2618 5149 θάνατον;
2668 5084 3072 5158 Ἀποθανούσης
3100 5086 3198 5155 τῆς
3229 5087 3406 5159 ῥίζης,
3441 5085 3560 5150 πῶς
3589 5086 3655 5140 ἂν
3706 5086 3789 5140 ἔτι
3828 5086 3941 5142 λοι-

2355 5176 2510 5230 πὸνὸ
2561 5175 2622 5241 ἐξ
2653 5176 2824 5246 αὐτῆς
2874 5177 3052 5249 ἐσώθη
3108 5175 3506 5247 βλαστός;Διά
3553 5178 3713 5230 ποίαν
3760 5178 3943 5231 αἰτίαν

2353 5265 2651 5336 ἐμέλλομεν
2668 5266 3036 5337 ἀποθνήσκειν
3064 5265 3276 5336 ἐτι,τῆς
3303 5266 3578 5338 ἀμαρτίας
3611 5267 3941 5339 ἀναιρουμέ-

2354 5374 2488 5427 νης;
2536 5356 2744 5410 Ούκοῦν
2795 5354 3145 5427 ἑορτάζοντες
3202 5357 3451 5428 λέγωμεν
3490 5359 3582 5411 ἐπὶ
3630 5360 3697 5427 τῇ
3756 5361 3938 5428 σφαγῇ

2351 5450 2444 5505 τοῦ
2483 5450 2680 5522 Ἀμνοῦ
2702 5449 2795 5503 τοῦ
2825 5449 2961 5503 Θεοῦ
2987 5466 3000 5480 ’
3031 5449 3172 5504 «Ποῦ
3206 5453 3239 5520 ἡ
3264 5452 3388 5521 νίκη
3432 5467 3550 5513 σου,
3582 5451 3811 5518 θάνατε;
3837 5452 3939 5504 ποῦ

2354 5547 2414 5600 τὸ
2451 5546 2675 5615 κέντρον
2706 5562 2821 5606 σου,
2878 5544 3016 5615 ᾅδη;
3052 5576 3124 5585 -—-—
3168 5546 3323 5599 Πᾶσα
3364 5545 3473 5617 γὰρ
3501 5545 3723 5614 ἀνομία,
3750 5564 3767 5594 ι
3809 5544 3939 5598 καθ-

2358 5639 2500 5704 άπερ
2560 5636 2664 5707 ἔφη
2713 5653 2816 5689 που
2875 5635 3092 5705 ψάλλων
3122 5639 3150 5689 ὁ
3192 5637 3464 5710 Μελῳδὸς,
3502 5658 3521 5690 ι
3558 5636 3831 5707 ἐμφράξει
3880 5634 3939 5687 τὸ

2415 5794 2456 5824 ¹⁰
2492 5790 2627 5847 Gen.
2667 5806 2752 5859 ιιι,
2803 5792 2883 5847 l9.
2964 5790 3005 5822 "
3039 5789 3081 5845 Il
3111 5792 3236 5847 Cor.
3272 5808 3324 5857 ν,
3380 5794 3461 5860 Η,
3500 5794 3583 5849 l5.
