4118 6556
265 440 381 499 195

1319 440 1383 496 IN
1423 418 1719 499 tOANNts'
1752 442 2207 501 EVANGELIUM
2246 441 2377 499 LIB.
2410 441 2475 498 ιι.

3421 442 3525 503 194

263 555 454 626 στόμα
481 556 667 626 ἀυτῆς,
705 573 723 607 ι
769 555 953 609 οὐκέτι
985 559 1308 627 κατηγορεῖν
1332 557 1439 611 τῶν
1474 558 1533 626 ἐξ
1559 559 1847 624 ἀσθενείας

1954 579 1971 613 ι
2017 561 2211 617 Omnis
2259 558 2406 616 enim
2463 556 2847 630 iniquitas“,i
2891 566 2949 613 ut
2991 558 3196 613 alicuo.
3235 557 3532 615 Psalmista

258 648 676 717 ἡμαρτηκότων
719 648 996 718 ίσχύουσα.
1033 669 1051 701 ι
1090 650 1221 713 Θεὸς
1247 650 1357 722 γὰρ
1382 652 1411 704 ό
1445 649 1689 705 δικαιῶνο
1726 652 1853 723 Χριο

261 735 395 798 στὸς
412 738 566 806 ἡμᾶς
593 735 931 808 ἐξηγόρασεν
956 739 1021 792 ἐκ
1045 739 1145 810 τῆς
1165 740 1407 811 κατάρας
1428 738 1520 797 τοῦ
1545 740 1732 811 νόμου,
1757 757 1852 809 γε-

259 828 497 898 νόμενος
536 828 675 899 ὑπὲρ
721 829 876 900 ήμῶν
904 832 1150 903 κατάρα,
1178 832 1265 888 ἵνα
1297 833 1457 903 ἡμεῖς
1487 832 1587 904 τὴν
1631 833 1690 898 ἐξ
1725 834 1852 888 ἀνο-

260 921 403 991 μίας
433 920 573 991 ἀρὰν
602 919 969 992 διαφύγωμεν.
1008 941 1028 975 ι

345 1091 540 1163 Οὗτός
570 1096 705 1152 ἐστι
737 1099 870 1167 περὶ
899 1092 970 1155 οὗ
994 1094 1169 1157 εἶπον
1192 1117 1206 1135 ο
1224 1104 1450 1158 Ὀπίσω
1468 1121 1587 1174 μου
1616 1106 1851 1174 ἔρχεται

261 1185 517 1254 ἀνὴρ,δς
531 1187 995 1260 ἕμπροσθένξμου
1012 1191 1370 1263 γέγονε-ηὸτι
1382 1197 1610 1265 πρῶτός
1618 1215 1738 1266 μου
1748 1193 1847 1267 ἦν.

335 1278 435 1342 Είς
473 1280 779 1354 ὑπόμνησιν
827 1282 950 1352 ἄγει
1002 1284 1111 1339 τῶν
1167 1286 1227 1351 ἐξ
1273 1288 1438 1343 αὐτοῦ
1495 1289 1666 1358 λόγων
1726 1290 1851 1354 τοὺς

261 1370 679 1444 ἀκροωμένους,
708 1376 805 1429 καὶ
852 1376 912 1429 τὸ
959 1378 1146 1448 μεῖζον
1176 1381 1233 1433 ὲν
1260 1380 1388 1451 δόξῃ
1421 1385 1739 1453 παραχωρεί
1774 1382 1851 1453 τῷ

262 1463 514 1535 Χριστῷ,
534 1465 635 1518 οὐκ
660 1466 904 1538 ἀγάπης,
924 1467 1184 1540 ἀληθείας
1205 1470 1261 1525 δὲ
1285 1471 1487 1543 μᾶλλον
1520 1473 1553 1544 ἤ
1579 1473 1673 1525 καὶ
1697 1473 1856 1542 ἀνάγ-

262 1572 372 1625 κης
422 1555 581 1626 ἔργον
636 1557 968 1629 ἀποπληρῶν
1001 1575 1014 1588 '
1048 1560 1398 1616 ὑποκείσεται
1441 1563 1549 1634 γὰρ
1573 1603 1588 1628 ,
1620 1563 1721 1617 κᾶν
1776 1564 1854 1635 μὴ

265 1646 549 1718 βούληται,
573 1648 650 1719 τῷ
680 1652 875 1721 ποιητῇ
905 1651 965 1705 τὸ
990 1651 1221 1723 ποίημα,
1248 1652 1326 1723 τῷ
1363 1654 1596 1727 δεσπότῃ
1628 1654 1688 1708 τὸ
1729 1655 1851 1709 δοῦ-

261 1737 382 1800 λον,
429 1737 507 1809 τῷ
558 1740 779 1813 χορηγῷ
837 1742 899 1796 τὸ
945 1747 1370 1816 χορηγούμενον.
1427 1748 1581 1801 Κατά
1627 1749 1747 1802 τίνα
1790 1749 1848 1802 δὲ

1957 649 2183 718 cecinit,
2223 668 2242 703 ι
2288 649 2554 721 oppilabit
2587 664 2649 705 os
2677 665 2839 704 suum
2870 649 2933 716 ",
2964 667 2983 701 ι
3018 663 3119 705 nec
3170 648 3370 721 poterit
3414 664 3531 703 am-

1958 742 2106 812 plius
2144 755 2413 797 accusare
2447 755 2558 811 pra:
2597 740 3282 813 inﬁrmitate-peccantes.
3327 760 3346 794 ι
3387 739 3532 797 Deus

1956 831 2102 887 enim
2143 839 2229 887 est
2256 830 2351 900 qui
2395 829 2669 900 justiﬁcat
2703 831 2745 862 ιδ
2781 849 2795 884 :
2835 850 2982 882 ι--ι
3019 831 3275 888 Christus
3305 848 3406 888 nos
3442 848 3533 887 re-

1950 921 2119 979 demit
2140 922 2208 980 de
2233 922 2526 979 maledicto
2556 922 2713 995 legis,
2730 922 2913 979 factus
2936 938 3033 993 pro
3055 923 3211 995 115
3238 925 3394 978 nobis
3416 937 3533 979 ma-

1949 1014 2213 1070 ledictum
2251 1022 2308 1069 ut
2336 1013 2775 1070 maledictionem
2800 1014 3007 1083 peccati
3031 1029 3132 1069 nos
3150 1014 3524 1086 fugiamus‘h

2026 1104 2069 1171 Ι,
2112 1106 2201 1162 '50.
2249 1105 2349 1159 llic
2394 1117 2471 1160 est
2504 1106 2568 1160 de
2614 1121 2717 1175 quo
2758 1105 2873 1158 dixi
2902 1119 2919 1158 :
2950 1104 3080 1158 Post
3133 1121 3213 1159 me
3257 1106 3394 1160 venit
3432 1108 3530 1173 vir,

1958 1197 2045 1269 qui
2076 1206 2196 1252 ante
2227 1214 2307 1253 me
2336 1197 2509 1267 factus
2536 1207 2612 1252 est
2643 1212 2661 1251 :
2688 1198 2813 1267 quia
2848 1197 2995 1266 prior
3021 1212 3101 1250 me
3140 1206 3274 1251 erat.

2032 1290 2327 1347 Auditores
2345 1290 2410 1344 ad
2433 1290 2756 1345 memoriam
2778 1295 2997 1344 revocat
3025 1303 3215 1344 eorum
3238 1304 3358 1359 quae
3380 1290 3534 1360 prius

1958 1378 2104 1435 dicta
2147 1389 2298 1446 sunt,
2343 1388 2396 1436 et
2435 1381 2676 1451 palmam
2717 1381 2905 1449 gloriae
2943 1380 3168 1435 Christo
3215 1380 3383 1446 cedit,
3422 1395 3533 1435 non

1958 1472 2140 1526 studio
2168 1481 2262 1526 aut
2312 1471 2511 1527 ail'ectu
2566 1473 2701 1537 ullo,
2730 1473 2823 1528 sed
2871 1474 3101 1527 veritate
3130 1472 3314 1540 potius
3347 1481 3401 1527 et
3434 1487 3533 1527 ne-

1957 1564 2220 1619 cessitate
2250 1563 2302 1617 id
2332 1563 2568 1620 faciens.
2601 1563 2910 1634 Snbjicitur
2938 1565 3108 1630 enim,
3139 1564 3224 1619 vel
3272 1565 3393 1635 ipso
3432 1577 3535 1619 no-

1956 1654 2122 1719 lente,
2156 1669 2297 1726 opus
2335 1654 2553 1721 factori,
2594 1655 2818 1710 domino
2850 1671 3069 1720 servus,
3115 1657 3364 1728 largitori
3410 1673 3523 1712 mu-

1956 1762 2082 1801 nus.
2126 1745 2377 1812 Quonam
2411 1763 2540 1803 vero
2595 1748 2758 1804 modo
2811 1750 3084 1819 posterior
3126 1758 3275 1805 esset
3322 1748 3533 1804 Joanne

264 1832 470 1901 τρόπον
508 1832 683 1886 ὀπίσω
723 1834 820 1904 μὲν
851 1829 919 1905 ἦν
958 1836 1205 1890 Ἰωάννου
1242 1838 1509 1908 Χριστὸς,
1540 1838 1847 1910 ἔμπροσθεν

1950 1837 2232 1902 Christus,
2273 1847 2325 1892 et
2361 1849 2488 1894 ante
2543 1838 2723 1894 factus
2777 1841 2850 1895 sit
2896 1842 3159 1910 quoniam
3197 1841 3350 1911 prior
3390 1850 3529 1907 erat,

263 1922 321 1974 δὲ
349 1922 593 1990 γέγονεν,
618 1925 702 1978 ἔτι
717 1925 930 1996 πρῶτος
948 1922 1037 1998 ἦν,
1061 1928 1135 1992 ὡς
1157 1929 1319 1993 αὐτὸς
1345 1930 1616 2001 ὁμολογεῖ,
1634 1932 1722 1985 διὰ
1740 1930 1850 1985 τῶν

266 2013 655 2084 προλαϐόντων
693 2015 1004 2086 ἀρκούντως
1024 2019 1352 2091 εἰρήκαμεν.

342 2104 515 2175 Κάῃὼ
547 2108 659 2161 οὐκ
690 2107 860 2176 ᾔδειν
888 2109 1095 2176 αὑτὸν,
1127 2110 1264 2165 ἀλλ’
1288 2112 1388 2165 ἵνα
1429 2112 1743 2182 φανερωθῇ
1772 2112 1851 2179 τῷ

277 2196 552 2264 Ἰσραὴλ,
578 2196 674 2251 διὰ
691 2198 867 2253 τοῦτο
894 2195 1085 2269 ἦλθον
1111 2200 1227 2271 ἐγὼ
1240 2201 1546 2266 βαπτίζων
1563 2205 1631 2258 ἐν
1655 2205 1847 2261 ὕδατι.

352 2288 411 2341 'U
440 2291 500 2341 ὲν
542 2291 608 2359 τῇ
643 2289 824 2362 κοιλίᾳ
854 2290 952 2361 τῆς
997 2290 1136 2355 ἰδίας
1178 2292 1587 2365 ἀνασκιρτήσας
1618 2296 1847 2367 μητρὸς,

264 2378 348 2433 ἔτι
376 2382 475 2451 τῆς
506 2380 667 2449 ἁγίας
702 2381 981 2453 Παρθένου
1028 2386 1402 2455 κυοφορούσης
1428 2385 1518 2438 τὸν
1562 2385 1787 2458 Κύριον,
1820 2389 1848 2440 ό

263 2472 377 2543 πρὸ
415 2473 512 2543 τῆς
564 2473 748 2537 ὠδῖνος
790 2475 1107 2546 προφήτης,
1138 2478 1167 2529 ό
1197 2477 1255 2529 ὲν
1296 2475 1522 2548 ἐμϐρύῳ
1577 2477 1845 2549 μαθητὴς,

270 2564 418 2618 «Οὐκ
451 2564 597 2635 ᾔδειν
626 2564 810 2630 αὐτὸν,
825 2585 841 2616 ι
866 2566 1104 2636 περὶτοῦ
1127 2566 1377 2636 Σωτῆρός
1396 2584 1578 2638 φησιν·
1596 2569 1848 2638 ἀληθέυει

263 2655 321 2707 δὲ
346 2655 541 2723 λέγων·
580 2656 639 2709 οὐ
673 2655 781 2727 γὰρ
826 2656 1075 2726 ψεύδεται
1112 2674 1127 2688 ο
1152 2658 1329 2712 πάντα
1360 2661 1456 2729 μὲν
1480 2658 1585 2730 γὰρ
1612 2654 1749 2712 οἶδεν
1788 2659 1846 2727 ἐξ

264 2745 435 2798 αὑτοῦ
491 2747 581 2799 καὶ
630 2746 930 2811 ἀδιδάκτως
976 2748 1145 2812 Θεὸς,
1182 2749 1446 2814 διδακτῶς
1478 2750 1534 2803 δὲ
1566 2752 1599 2822 ή
1633 2750 1807 2813 κτίσις
1829 2767 1843 2781 ·

263 2835 510 2889 ἐνοικοῦν
538 2836 593 2889 δὲ
620 2840 731 2901 τοῖς
761 2839 938 2906 ἁγίοις
960 2839 1021 2892 τὸ
1046 2840 1288 2911 Πνεῦμα,
1313 2841 1373 2893 τὸ
1397 2842 1573 2895 ἐνδέον
1607 2842 1847 2912 ἀναπλη-

263 2930 374 2997 ροῖ,
406 2929 499 2981 καὶ
534 2928 595 2981 τὸ
617 2928 744 2983 ίδιον
789 2931 991 2999 ἀγαθὸν
1018 2935 1083 3003 τῇ
1116 2932 1402 3004 ἀνθρώπου
1431 2933 1590 3001 φύσει
1628 2933 1846 3004 χαρίζεο

260 3036 375 3084 ται,
394 3019 456 3072 τὸ
474 3019 692 3087 εἰδέναι,
720 3022 884 3093 φημὶ,
907 3022 974 3077 τά
1003 3023 1255 3093 ἐσόμενα,
1284 3025 1376 3077 καὶ
1399 3024 1507 3077 τῶν
1530 3024 1846 3095 κεκρυμμέ-

262 3125 374 3161 νων
397 3110 711 3182 μυστηρίων
736 3111 835 3181 τὴν
858 3111 1076 3180 γνῶσιν.
1104 3113 1311 3167 Οὐκοῦν
1340 3114 1415 3184 μὴ
1447 3114 1645 3168 εἰδέναι
1672 3114 1845 3183 λέγων

258 3200 356 3254 τὸν
412 3200 615 3272 Κύριον
647 3201 675 3253 ό
702 3202 972 3274 μακάριος
1010 3204 1342 3277 Βαπτιστὴς,
1368 3183 1714 3275 διαψεύσεται
1749 3206 1847 3277 μὲν
1874 3183 1917 3240 c

260 3294 537 3364 οὐδαμῶς,
561 3295 705 3348 κατά
723 3311 786 3363 γε
820 3295 879 3349 τὸ
904 3294 1004 3365 τῆς
1033 3295 1446 3367 ἀνθρωπότητος
1485 3296 1633 3361 ῐδιον,
1667 3298 1761 3351 xal.
1790 3297 1850 3350 τὸ

263 3388 481 3459 πρέπον
509 3389 574 3458 τῇ
597 3387 773 3439 κτίσει
792 3390 988 3457 μέτρον
1012 3403 1025 3416 ·
1061 3386 1321 3458 ἀναθήσει
1345 3387 1400 3440 δὲ
1416 3387 1562 3459 μόνῳ
1582 3388 1642 3442 τὸ
1671 3389 1853 3443 πάντα

262 3479 461 3532 εἰδέναι
486 3478 563 3550 τῷ
607 3478 745 3549 Θεῷ,
767 3478 843 3550 τῷ
870 3479 960 3533 διὰ
999 3481 1314 3551 Πνεύματος
1365 3480 1519 3549 ἁγίου
1570 3482 1706 3552 πρὸς
1748 3481 1846 3553 τὴν

258 3570 374 3624 τῶν
417 3571 815 3642 κεκρυμμένων
846 3570 1148 3642 κατάληψιν
1185 3572 1607 3642 φωταγωγοῦντι
1631 3573 1722 3626 τὸν
1752 3575 1847 3628 άν-

263 3662 505 3735 θρωπον’
536 3664 819 3735 χρησίμως
845 3664 902 3718 δὲ
948 3663 1089 3728 λίαν,
1116 3664 1215 3718 οὐκ
1235 3664 1433 3718 είδέναι
1466 3667 1564 3736 μέν
1589 3684 1752 3738 φησιν
1780 3666 1841 3732 ἐξ

263 3754 458 3808 ἑαυτοῦ
485 3755 574 3808 τὸν
602 3755 859 3825 Χριστὸν,
882 3755 1195 3826 ἐληλυθέναι
1224 3772 1286 3824 γε
1307 3755 1412 3827 μὴν
1444 3756 1533 3811 διὰ
1564 3756 1721 3811 τοῦτο
1746 3776 1846 3811 κυ-

263 3848 419 3920 ρίως,
444 3847 529 3900 ἴνα
571 3848 801 3918 φανερὸν
830 3848 993 3902 αὐτὸν
1032 3850 1348 3921 καταστήσῃ
1376 3849 1455 3920 τῷ
1495 3850 1734 3921 Ἰσραὴλ,
1760 3851 1847 3903 ἵνα

265 3941 343 4010 μὴ
378 3938 675 4009 αὐτόμολος
703 3941 795 3993 ἐπὶ
842 3940 939 4011 τὴν
973 3942 1280 4014 μαρτυρίαν
1304 3942 1560 4013 φαίνηται
1599 3942 1843 4016 δραμὼν,

266 4030 401 4101 μηδὲ
431 4029 579 4083 ἰδίων
610 4030 931 4103 θελημάτων
978 4033 1255 4105 ὑπηρέτης
1289 4034 1475 4105 νοῆται
1500 4036 1653 4107 παρά
1680 4054 1843 4102 τισιν,

260 4121 400 4173 ἀελλά
454 4120 603 4185 θείας
642 4122 743 4191 μὲν
786 4123 1096 4194 οἰκονομίας
1143 4125 1401 4196 ἐργάτης,
1440 4126 1631 4196 βουλῆς
1658 4127 1715 4179 δὲ
1747 4129 1847 4200 τῆς

262 4214 470 4267 ἄνωθεν
507 4212 799 4284 ὑπουργὸς,
830 4215 1319 4286 ἀποκαλυπτούσης
1350 4216 1498 4287 αύτῷ
1528 4217 1617 4269 τὸν
1649 4218 1845 4289 Ἀμνὸν

262 4304 357 4357 τὸν
418 4303 643 4373 αἴροντα
695 4304 794 4374 τὴν
841 4305 1115 4376 ἁμαρτίαν
1159 4305 1253 4358 τοῦ
1283 4306 1510 4376 κόσμου.
1568 4308 1685 4361 Ἵνα
1735 4308 1847 4361 τοί-

263 4411 361 4447 νυν
384 4393 774 4465 εὐπετέστερον
803 4394 896 4447 ἐπὶ
934 4395 996 4448 τὸ
1047 4397 1326 4449 πιστεύειν
1354 4395 1433 4467 τῷ
1466 4396 1676 4469 Σωτῆρι
1708 4398 1845 4470 Χρι⁴

1954 1938 2011 1984 ιιι
2039 1929 2158 2000 ipse
2187 1932 2493 1999 protitetur,
2524 1931 2742 1986 abunde
2767 1946 2931 2000 supra
2961 1932 3223 1987 diximus.

2025 2108 2063 2173 l,
2094 2108 2184 2163 5i.
2228 2107 2295 2161 Et
2320 2125 2413 2178 ego
2444 2108 2735 2162 nesciebam
2761 2126 2900 2175 eum,
2935 2110 3027 2163 sed
3069 2119 3126 2163 ut
3160 2110 3532 2181 manifestatur

1950 2202 2003 2253 in
2035 2197 2230 2263 Israel,
2262 2209 2536 2267 propterea
2571 2200 2687 2254 veni
2705 2216 2798 2269 ego
2819 2201 2872 2253 in
2901 2217 3039 2271 aqua
3070 2202 3373 2267 baptizans.

2022 2288 2125 2354 Qui
2182 2297 2372 2343 sancta
2418 2286 2646 2359 Virgine
2698 2287 2988 2343 Dominum
3036 2289 3221 2345 adhuc
3273 2291 3330 2345 in
3371 2298 3531 2345 utero

1954 2389 2209 2451 gestante
2247 2366 2484 2436 exsiluit
2535 2380 2589 2434 in
2649 2389 2809 2434 utero
2865 2396 2980 2436 suae
3022 2382 3240 2445 matris,
3278 2382 3370 2437 ille
3403 2390 3529 2437 ante

1952 2483 2165 2543 partum
2212 2472 2500 2543 propheta,
2536 2471 2629 2525 ille
2660 2471 2713 2525 in
2752 2481 2912 2527 utero
2954 2474 3150 2528 matris
3200 2474 3528 2544 discipulus,

1948 2563 2274 2619 Nesciebam
2311 2566 2516 2634 ipsum,
2552 2563 2737 2635 inquit
2772 2563 2839 2618 de
2882 2562 3189 2620 Salvatore.
3212 2566 3364 2632 Quod
3402 2580 3529 2620 cum

1950 2658 2024 2710 ait
2070 2671 2194 2710 vera
2227 2655 2494 2725 loquitur.
2538 2654 2682 2712 Deus
2724 2657 2928 2727 quippe
2960 2672 3105 2711 unus
3144 2658 3331 2712 omnia
3365 2674 3430 2713 ex
3466 2674 3527 2714 se

1951 2748 2125 2811 novit,
2159 2762 2188 2801 a
2228 2748 2382 2801 nullo
2404 2748 2656 2811 edoctus,
2712 2759 2969 2800 creatura
2997 2761 3129 2801 vero
3158 2747 3227 2801 ab
3261 2747 3369 2802 alio
3394 2763 3528 2803 eru-

1949 2840 2086 2894 dita.
2121 2839 2178 2892 In
2226 2839 2437 2893 sanctis
2472 2838 2620 2892 enim
2656 2838 2976 2892 inhabitans
3002 2837 3242 2908 Spiritus
3280 2838 3424 2909 quod
3472 2841 3525 2895 in

1950 2931 2042 2985 illa
2062 2930 2216 2985 deest
2233 2928 2584 2999 adimplet,et
2604 2930 2748 2999 quod
2768 2944 2928 2983 suum
2950 2938 3035 2984 est
3051 2938 3260 2984 natura:
3278 2931 3529 2986 humana:

1950 3023 2208 3094 largitur,
2243 3037 2428 3076 rerum
2472 3037 2669 3092 nempe
2707 3020 3023 3076 futurarum
3073 3031 3129 3077 et
3183 3023 3526 3084 occultorum

1951 3114 2346 3184 mysteriorum
2381 3112 2661 3167 notitiam.
2705 3111 2842 3168 Cum
2877 3126 3011 3182 ergo
3061 3127 3121 3167 se
3175 3112 3391 3167 nescire
3424 3112 3530 3167 Do-

1950 3204 2161 3259 minum
2192 3203 2269 3257 ait
2307 3202 2506 3258 beatus
2545 3202 2817 3272 Baptista,
2848 3216 2955 3256 non
3005 3203 3294 3266 mentitur,
3326 3203 3372 3257 si
3426 3202 3530 3256 hu-

1951 3293 2237 3347 manitatis
2266 3300 2321 3347 et
2363 3300 2635 3348 creatura:
2667 3292 2916 3347 conditio
2946 3301 3227 3364 specletur
3256 3312 3269 3347 :
3300 3293 3397 3349 sed
3432 3294 3527 3349 uni

1948 3384 2061 3438 Deo
2091 3392 2293 3437 cuncta
2322 3398 2485 3438 nosse
2508 3382 2725 3446 tribuit,
2747 3383 2835 3453 qui
2857 3398 2954 3453 per
2973 3392 3223 3438 sanctum
3261 3384 3527 3455 Spiritum

1950 3476 2017 3530 ad
2051 3475 2595 3546 comprehensionem
2631 3490 2815 3529 rerum
2851 3475 3195 3529 occultarum
3245 3476 3525 3531 hominem

1947 3569 2309 3635 illuminat,et
2332 3568 2543 3623 utiliter
2580 3568 2735 3621 valde
2756 3567 3041 3637 profitetur
3065 3583 3129 3621 ex
3152 3568 3335 3638 seipso
3360 3568 3525 3625 Chri-

1948 3667 2094 3713 stum
2138 3657 2377 3723 nescire,
2418 3674 2536 3713 eam
2571 3658 2642 3713 ob
2672 3674 2786 3713 rem
2819 3666 3000 3713 tamen
3033 3659 3250 3728 proprie
3280 3662 3520 3725 venisse,

1947 3763 2006 3807 It
2050 3750 2240 3807 Israeli
2287 3760 2476 3806 notum
2533 3751 2713 3822 ipsum
2754 3752 2919 3805 faciat
2957 3770 2970 3807 :
3006 3767 3074 3805 ne
3114 3753 3179 3806 ad
3230 3752 3525 3823 perhiben-

1948 3847 2076 3900 dum
2115 3845 2251 3900 illud
2308 3845 2681 3901 testimonium
2734 3859 2831 3899 sua
2866 3855 3063 3915 sponte
3114 3846 3415 3902 incurrisse
3443 3848 3525 3902 vi-

1946 3937 2164 4002 deatur,
2202 3953 2381 4007 neque
2418 3935 2743 4007 cupiditatis
2777 3953 2891 3993 suae
2921 3953 3119 3992 servus
3152 3945 3397 4008 putetur,
3425 3938 3522 3994 sed

1947 4029 2120 4084 divini
2180 4030 2397 4084 consilii
2479 4029 2666 4100 potius
2730 4036 3043 4090 exsecutor,
3104 4030 3524 4099 voluntatisque

1946 4136 2204 4192 supernae
2253 4122 2510 4176 minister
2546 4140 2565 4173 ι
2597 4122 2810 4191 Agnum
2862 4138 2880 4171 ι
2933 4119 2984 4174 ei
3016 4120 3333 4187 revelantis,
3369 4141 3387 4173 ι
3426 4122 3521 4191 qui

1944 4214 2098 4268 tollit
2125 4222 2408 4284 peccatum
2445 4211 2632 4266 mundi
2662 4212 2726 4265 ⁵⁸.
2767 4230 2786 4264 ι
2821 4208 2890 4266 Ut
2913 4224 3044 4281 ergo
3076 4208 3250 4264 Judaei
3282 4213 3524 4267 alacrius

1944 4304 2169 4360 Christo
2206 4302 2478 4359 Salvatori
2517 4304 2828 4365 crederent,
2855 4310 2909 4357 et
2939 4301 3423 4370 praeclarissimam
3453 4303 3523 4357 de

1946 4413 2014 4452 eo
2056 4397 2526 4453 existimationem
2569 4395 2855 4459 haberent,
2916 4394 2993 4446 ait
3024 4393 3204 4462 ipsum
3252 4408 3310 4448 se
3348 4408 3523 4464 agno.

265 4484 379 4556 στῷ
426 4484 691 4555 βαδίζοιεν
745 4486 986 4541 Ἰουδαῖοι
1011 4528 1027 4554 ,
1055 4489 1150 4542 καὶ
1198 4487 1628 4561 ἀξιολογωτάτην
1675 4490 1840 4561 ἔχωσι

1950 4505 2099 4544 scere
2139 4504 2302 4559 quem
2336 4503 2447 4543 non
2482 4496 2732 4549 noverat,
2762 4493 2824 4540 ut
2868 4485 3180 4555 intelligant
3227 4485 3450 4541 demum
3489 4501 3522 4542 a

265 4580 391 4648 περὶ
416 4579 579 4633 αὐτοῦ
612 4581 711 4651 τὴν
739 4581 1009 4652 διάληψιν,
1046 4583 1343 4651 ἐγνωκέναι
1370 4582 1533 4652 φησὶν
1556 4582 1844 4647 αύτὸν,ούκ

262 4669 437 4734 εἰδῶς’
466 4672 553 4725 ἴνα
598 4673 783 4729 λοιπὸν
832 4674 1054 4729 έννοῶσι
1100 4675 1193 4729 τὸν
1231 4676 1659 4746 ἀποκαλύψαντα
1689 4675 1840 4740 Θεὸν,

262 4762 361 4815 καὶ
381 4762 441 4815 τὸ
461 4763 665 4817 ἀνωθεν
694 4766 1173 4838 ἀποναρκήσαντες
1207 4769 1402 4837 κρῖμα,
1434 4764 1840 4839 παραδέξωνται

261 4853 441 4910 τοίνυν
465 4854 557 4907 τὸν
588 4854 742 4924 λόγον
771 4858 955 4922 αὐτοῦ,
980 4858 1074 4912 καὶ
1097 4858 1187 4911 τὸν
1210 4858 1426 4929 οἰκέτην
1456 4858 1688 4929 ὁρῶντες
1711 4857 1838 4911 ὄντα

261 4944 535 5010 τοσοῦτον,
569 4948 846 5018 ἀναλόγως
875 4948 935 5003 τὸ
963 4948 1056 5003 τοῦ
1106 4934 1431 5021 κρατοῦντος
1456 4950 1837 5021 ἀναμετρῶσιν

166 5094 169 5095 ,
259 5038 495 5107 ἀξίωμα.
531 5040 605 5093 Τὸ
642 5040 751 5112 γὰρ
781 5041 1099 5113 ἐληλυθέναι
1131 5041 1330 5111 λέγειν,
1361 5044 1446 5097 ἵνα
1485 5043 1715 5114 φανερὸν
1739 5044 1835 5096 αύ-

1954 4581 2063 4635 Deo
2092 4579 2420 4644 revelatum,
2457 4586 2511 4632 et
2544 4576 2783 4647 pristino
2816 4574 2984 4629 animi
3014 4583 3240 4647 stupore
3260 4591 3519 4643 excusso,

1948 4671 2071 4740 ejus
2105 4669 2267 4739 116
2299 4681 2611 4722 sermonem
2654 4665 2968 4728 admittant,
2999 4673 3053 4720 et
3084 4674 3295 4721 tantum
3336 4665 3519 4721 famu-

1948 4761 2060 4816 lum
2088 4766 2401 4822 cernentes,
2430 4757 2785 4828 pr0portione
2824 4755 3062 4826 quadam
3093 4754 3311 4811 Domini
3338 4756 3522 4827 digni-

1948 4862 2113 4907 tatem
2155 4854 2452 4908 aestiment.
2488 4849 2649 4917 Quod
2685 4850 2832 4905 enim
2875 4848 2955 4904 ait
2984 4849 3205 4904 venisse
3248 4856 3305 4901 ut
3339 4848 3518 4902 mani-

1948 4947 2151 5002 festum
2177 4960 2304 4999 eum
2344 4943 2511 4999 faciat
2554 4941 2764 5008 lsraeli,
2799 4940 3069 5013 numquid
3098 4940 3333 4995 oﬂicium
3371 4940 3517 4995 servi

1946 5038 2206 5095 denotat?

255 5131 349 5185 τὸν
370 5131 447 5203 τῷ
483 5132 699 5205 Ἰσραὴλ
720 5134 1058 5206 καταστήσῃ,
1082 5133 1198 5199 πῶς
1227 5134 1287 5187 οὐ
1313 5136 1527 5199 πάντως
1555 5135 1653 5190 τὴν
1672 5136 1856 5208 οίκέτῃ
1896 5133 2211 5205 πρέπουσαν
2231 5129 2527 5202 θεραπείαν
2562 5130 2847 5203 σημαίνει;

856 5225 1106 5282 ΚΕΦΑΛ.
1134 5227 1213 5279 Α’.

258 5312 390 5365 Ὀτι
508 5314 658 5369 κατὰ
675 5313 963 5438 1119:9121»,
975 5315 1116 5370 οὐδὲ
1140 5317 1220 5383 ὠς
1238 5317 1500 5371 ἐπακτόν
1523 5316 1690 5397 ἐν.τῷ
1726 5318 1834 5384 Υἱῷ

328 5383 397 5434 τό
440 5400 611 5438 amor
661 5388 861 5438 Πνευα
960 5386 1153 5438 ἐστιν.
1196 5387 1335 5438 ἀλλ’
1362 5387 1661 5438 οὺσιωδω(
1688 5430 1704 5438 -
1737 5394 1834 5438 καὶ

328 5383 397 5434 τό
440 5383 611 5454 ᾅγιον
661 5383 904 5454 Πνεῦμά
931 5453 934 5454 ν
960 5386 1153 5449 ἐστιν,
1196 5387 1335 5441 ἀλλ’
1362 5383 1665 5454 οὺσιωδῶςί
1688 5430 1704 5453 ,
1737 5383 1836 5443 καὶ

328 5452 479 5506 κατὰ
528 5454 718 5522 φύσιν
747 5452 1069 5522 ὲνὺπάρχει
1118 5456 1296 5522 αὐτῷ.

331 5545 437 5597 Καὶ
490 5546 903 5614 ἐμαρτύρησεν
941 5546 1224 5616 Ἰωάννης
1260 5547 1470 5619 λέγων·
1494 5550 1624 5603 Ὅτι
1645 5549 1839 5604 τεθέα-

2608 5220 2758 5276 CAP.
2804 5219 2846 5275 1.

1944 5314 2094 5381 Quod
2120 5330 2225 5383 non
2254 5330 2345 5378 per
2360 5314 2839 5383 participationem,
2874 5326 3035 5383 neque
3058 5318 3115 5383 ut
3144 5310 3405 5383 ascititius
3435 5323 3514 5368 est

2012 5386 2066 5438 in
2102 5382 2247 5438 Filio
2275 5380 2769 5453 sanctus,S’piritus,
2807 5382 2898 5435 sed
2944 5380 2993 5435 ei
3024 5380 3447 5439 substantialiter
3464 5392 3515 5438 et

2013 5456 2298 5509 secundum
2328 5464 2574 5507 naturam
2607 5456 2760 5507 inest.

2017 5545 2060 5609 1,
2101 5544 2294 5599 52-55.
2338 5543 2404 5597 Et
2442 5542 2801 5598 testimonium
2848 5542 3110 5612 perhibuit
3146 5543 3401 5610 Joannes,
3429 5544 3514 5598 di-

246 5652 356 5708 μαι
403 5635 471 5688 τὸ
512 5636 754 5705 Πνεῦμα
781 5638 1160 5702 καταϐαῖνον,
1187 5638 1330 5693 ὡσεὶ
1362 5641 1733 5710 περιστερὰν,
1769 5640 1838 5705 ἐξ

1950 5637 2269 5704 rens:Quia
2316 5637 2424 5691 vidi
2472 5635 2725 5706 Spiritum
2757 5635 3187 5705 descendentem,
3232 5639 3389 5717 quasi
3430 5654 3514 5692 ro-

252 5727 537 5797 οἰνριινοῦ,
566 5727 661 5782 καί
710 5728 946 5799 ἔμεινεν
974 5730 1065 5783 ἐπ’
1095 5732 1301 5786 αὐτόν·
1339 5731 1501 5803 κάγὼ
1527 5734 1635 5787 οὐκ
1668 5732 1840 5803 fidem

1950 5727 2196 5793 lumbam,
2229 5728 2293 5782 de
2344 5728 2507 5795 calo,
2554 5739 2602 5782 et
2663 5730 2858 5782 mansit
2918 5745 3073 5798 super
3103 5745 3219 5783 eum
3260 5744 3279 5783 :
3319 5738 3369 5785 et
3420 5744 3517 5799 ego

333 5895 374 5925 ι’
420 5893 436 5948 l
489 5895 615 5952 Cor.
668 5914 758 5966 xv,
808 5898 894 5955 55.
980 5901 1021 5933 ⁸³
1052 5899 1326 5973 Psal.cvr,
1358 5903 1448 5961 62.
1524 5906 1567 5939 ¹⁸
1625 5903 1786 5965 Rom.
1817 5922 1847 5963 ν

1968 5910 2057 5965 ‘55.
2142 5911 2184 5944 ⁸³
2219 5910 2392 5968 Galat.
2447 5927 2526 5980 ιιι,
2577 5911 2660 5967 15.
2739 5910 2963 5983 πείθου.
3013 5928 3051 5978 ι,
3101 5910 3190 5967 9.9.
