4118 6544
648 407 753 465 195

1646 424 1706 478 8.
1748 423 2024 479 εγιιιιιι
2077 420 2551 480 ALEXANDRINI
2588 427 2907 485 ARCIIIEP.

3801 437 3902 493 £96

647 529 939 584 nesciebam
971 549 1125 590 eum:
1150 537 1238 590 sed
1269 540 1357 607 qui
1380 540 1524 593 misit
1556 559 1636 597 me
1667 545 1937 613 baptizare
1972 549 2026 601 in
2055 563 2192 616 aqua

2296 547 2530 613 αὑτὸν,
2565 550 2705 603 ἀλλ’
2754 553 2789 604 ό
2819 548 3062 619 πέμψας
3112 566 3188 618 με
3232 550 3543 615 ,ϐαπτίζειν
3586 552 3657 607 ἐν
3701 553 3901 608 68am-

644 616 734 671 ille
764 622 893 675 mihi
922 624 1059 678 dixit
1081 641 1098 678 :
1118 627 1287 697 Super
1310 647 1461 700 quem
1486 633 1678 690 videris
1707 635 1967 703 Spiritum
2008 640 2221 696 descen-

641 708 870 781 dentem,
897 727 946 769 et
978 732 1273 775 manentem
1298 740 1453 794 super
1477 744 1616 797 eum,
1643 730 1727 785 hic
1759 742 1837 786 est
1862 734 1954 803 qui
1982 734 2219 803 baptizat

641 799 696 853 in
724 801 928 871 Spiritu
952 821 1157 863 sancto.

710 901 977 968 Quoniam
1012 913 1270 981 superius
1309 916 1548 987 dixerat,
1588 936 1647 977 se
1699 938 1822 979 eum
1870 942 1979 981 non
2030 943 2215 994 nosse,

642 1009 790 1050 nunc
824 999 876 1052 id
909 1004 1159 1061 exactius
1207 1012 1456 1079 exponit,
1490 1016 1923 1088 mysteriumque
1966 1020 2215 1077 divinum

640 1089 842 1155 aperit,
865 1096 1168 1153 ostendens
1207 1114 1332 1154 eum
1370 1104 1471 1157 sibi
1504 1120 1533 1158 a
1564 1105 1725 1163 Patre
1756 1108 1865 1164 Deo
1892 1113 2211 1177 revelatum,

639 1187 755 1234 tum
798 1186 922 1252 quis
971 1191 1327 1249 revelationis
1374 1198 1569 1254 modus
1604 1199 1767 1256 fuerit
1812 1213 1999 1272 aperte
2034 1207 2214 1275 expli-

639 1285 775 1327 cans
824 1292 838 1327 :
883 1275 1129 1349 adeoque
1182 1285 1497 1339 auditorum
1549 1290 1750 1347 animis
1799 1294 1947 1347 omni
1999 1296 2215 1352 ratione

638 1365 906 1432 prodest:
937 1379 991 1424 et
1042 1387 1140 1440 per
1179 1390 1301 1444 qua
1349 1378 1554 1435 Christi
1608 1385 1927 1453 mysterium
1971 1402 2031 1441 se
2069 1386 2215 1442 didi-

640 1458 785 1513 cisse
818 1463 915 1526 ait,
955 1479 1051 1532 per
1076 1480 1137 1519 ea
1172 1466 1370 1523 divinae
1408 1475 1696 1528 sententiae
1735 1477 1977 1530 ostendit
2008 1478 2211 1535 adver-

642 1548 821 1604 sarios
856 1551 1144 1622 refragari,
1169 1565 1223 1608 et
1260 1573 1470 1629 magnae
1502 1559 1686 1616 Patris
1732 1566 1991 1623 resistere
2017 1569 2211 1623 volun-

642 1638 764 1693 tati.
790 1639 943 1705 Quod
982 1659 1103 1697 cum
1137 1644 1288 1712 facit,
1324 1650 1461 1704 scite
1492 1666 1587 1707 eos
1623 1653 1838 1709 inducit
1865 1665 1922 1710 ut
1970 1660 2213 1716 vanitate

636 1728 835 1798 rejecta
874 1748 999 1787 eum
1034 1738 1368 1806 suscipiant,
1413 1744 1506 1811 qui
1536 1743 1718 1801 Patris
1762 1748 2108 1819 beneplacito
2153 1752 2208 1807 in

634 1821 781 1877 hunc
810 1827 1070 1881 mundum
1099 1832 1323 1887 advenit
1354 1834 1426 1889 ad
1459 1837 1704 1891 omnium
1731 1840 1987 1897 salutem.
2016 1842 2208 1899 Testa-

633 1921 724 1967 tur
779 1917 963 1987 itaque
1021 1935 1081 1976 se
1130 1920 1395 1991 Spiritum
1452 1937 1733 1996 spectasse
1782 1930 2204 1990 descendentem

633 2022 799 2077 super
826 2026 949 2065 eum
985 2012 1051 2067 de
1096 2017 1262 2083 caelo,
1300 2018 1355 2072 in
1395 2020 1659 2075 columbae
1710 2024 1913 2092 specie,
1954 2034 2009 2080 et
2039 2042 2206 2097 super

630 2117 755 2155 eum
790 2105 1079 2161 mansisse.
1113 2108 1195 2164 Ad
1240 2111 1375 2176 haec,
1403 2112 1481 2167 ait
1525 2128 1584 2168 se
1614 2116 1846 2171 auribus
1886 2118 2004 2174 suis
2044 2135 2205 2176 acce-

632 2194 779 2259 pisse
827 2195 895 2249 ab
927 2212 996 2251 eo
1038 2214 1065 2252 a
1102 2215 1211 2269 quo
1258 2201 1464 2257 missus
1491 2211 1576 2257 est
1602 2205 1669 2258 ad
1718 2205 2104 2275 baptizandum
2148 2211 2202 2264 in

630 2300 792 2354 aqua,
828 2288 985 2341 illum
1048 2291 1454 2359 baptizaturum
1517 2296 1571 2348 in
1630 2304 1821 2350 sancto
1877 2297 2108 2368 Spiritu,
2146 2301 2203 2356 in

629 2394 788 2444 quem
825 2379 1221 2447 descendisset,
1263 2394 1317 2439 et
1380 2386 1434 2439 in
1487 2402 1596 2456 quo
1651 2401 1899 2443 maneret
1935 2390 2199 2461 Spiritus.

628 2464 1121 2536 Locupletissimus
1149 2489 1279 2544 ergo
1301 2476 1480 2537 testis,
1508 2480 1929 2545 supernaturale
1956 2480 2200 2551 signum,

629 2557 778 2613 illius
811 2571 1002 2617 auctor
1035 2580 1099 2618 ac
1163 2565 1574 2624 demonstrator
1624 2569 1808 2636 Pater,
1831 2575 2073 2627 omnium
2109 2592 2202 2630 su-

628 2666 868 2717 premus.
912 2654 1087 2724 Atque
1129 2657 1244 2711 haec
1309 2660 1527 2728 quidem
1591 2663 1664 2715 ita
1706 2677 1765 2717 se
1820 2664 2041 2720 habent.
2094 2667 2199 2722 Sed

625 2738 915 2795 insultabit
968 2743 1155 2799 forsan
1198 2748 1395 2801 iterum
1425 2749 1774 2821 vitilitigator
1800 2751 2112 2822 haereticus,
2145 2766 2199 2813 et

624 2831 679 2884 in
734 2834 1067 2889 cachinnum
1126 2837 1337 2893 effusus
1377 2839 1525 2895 dicet
1573 2857 1587 2892 :
1640 2842 1777 2908 Quid
1826 2860 1991 2913 porro
2040 2850 2198 2906 nobis

623 2926 943 2992 reSponsuri
979 2930 1137 2991 estis,
1177 2944 1208 2982 ο
1243 2930 1394 2994 boni,
1423 2940 1519 2984 aut
1550 2934 1753 3002 quibus
1785 2938 2019 3007 argutiis
2048 2942 2197 3010 quod

623 3015 889 3083 scriptum
917 3025 1002 3072 est
1030 3019 1408 3090 redarguetis?
1435 3020 1576 3077 Ecce
1606 3022 1873 3093 Spiritum
1911 3029 1987 3083 ait
2015 3032 2067 3085 in
2106 3032 2198 3086 Fi-

622 3104 755 3157 lium
792 3106 1123 3164 descendere
1165 3129 1177 3164 :
1214 3125 1345 3166 ecce
1390 3114 1618 3183 ungitur
1678 3128 1707 3166 a
1764 3114 1875 3171 Deo
1920 3135 1985 3174 ac
2040 3121 2195 3179 Patre

2320 636 2549 704 ἐκεῖνός
2562 657 2665 709 μοι
2677 637 2865 694 εἷπεν-ο
2899 641 3022 709 Ἐφ’
3046 640 3119 696 ὃν
3132 641 3209 694 ἂν
3224 641 3358 710 ἴδῃς
3376 643 3442 695 τὸ
3460 643 3703 713 Πνεῦμα
3722 662 3899 698 κατα-

2320 728 2532 785 ϐαῖνον
2555 769 2570 794 ,
2606 731 2705 786 καὶ
2740 731 2932 801 μένον
2960 732 3053 785 ἐπ’
3081 731 3287 798 αὐτόν,
3318 730 3498 802 οὗτός
3524 736 3698 791 ἐστιν
3730 741 3765 791 ό
3786 739 3900 803 βα-

2318 819 2535 881 πτίζων
2569 822 2638 875 ἐν
2665 825 2960 893 Πνεύματι
2988 826 3153 895 ἁγίῳ.

2387 911 2502 964 Οὐκ
2537 913 2737 966 εἰδέναι
2786 916 2966 985 φήσας
3007 916 3167 971 αὑτὸν
3200 918 3258 970 ὲν
3285 920 3398 982 τοῖς
3442 919 3701 992 ἀνωτέρω
3723 959 3739 983 ,
3764 938 3899 993 χρηο

2318 1001 2492 1071 σίμως
2537 1004 2963 1076 ὲπεξεργάζεται
2987 1050 3001 1073 ,
3030 1011 3123 1063 καὶ
3169 1011 3231 1063 τὸ
3270 1010 3413 1065 θεῖον
3454 1013 3763 1084 ἀπογυμνοῖ
3800 1033 3897 1083 μυ-

2318 1094 2538 1163 στήριον
2565 1135 2579 1158 ,
2622 1097 2715 1150 καὶ
2767 1098 2858 1151 τὸν
2908 1102 3058 1172 αὐτῷ
3103 1102 3416 1173 μηνύσαντα
3480 1104 3736 1159 δεικνύων
3786 1106 3897 1160 Ha.-

2314 1182 2448 1253 τέρα
2505 1185 2672 1255 Θεὸν,
2709 1190 2802 1244 καὶ
2848 1191 2932 1255 τίς
2979 1193 3007 1244 ὁ
3058 1195 3155 1264 τῆς
3187 1194 3404 1259 δείξεως
3450 1196 3641 1265 γέγονε
3671 1200 3893 1270 τρόπος.

2313 1274 2615 1343 ἀναφανδὸν
2663 1279 2859 1350 ἐξηγοῦ
2868 1300 3048 1354 μενος.
3104 1286 3319 1356 Ὠφελεῖ
3342 1287 3400 1341 δὲ
3424 1288 3513 1341 διά
3538 1290 3757 1343 πάντων
3786 1291 3895 1344 τῶν

2312 1367 2679 1439 ἀκροωμένων
2729 1374 2819 1427 τὸν
2854 1376 2997 1438 νοῦν,
3025 1378 3120 1431 καὶ
3146 1378 3213 1432 δι’
3230 1373 3305 1433 ὧν
3334 1383 3399 1435 ὲκ
3430 1381 3565 1435 Θεοῦ
3601 1383 3895 1436 πεπαιδεῦ⁶

2314 1458 2438 1512 σθαί
2467 1478 2599 1533 φησι
2630 1464 2690 1517 τὸ
2718 1467 2845 1537 περὶ
2891 1469 3129 1539 Χριστοῦ
3172 1474 3490 1544 μυστήριον,
3522 1477 3643 1538 ταῖς
3688 1476 3895 1531 ἀνωθεν

2310 1552 2513 1623 ψήφοις
2566 1557 2935 1628 πολεμοῦντας
2993 1562 3280 1633 ἀποφαίνει
3325 1567 3450 1629 τοὺς
3493 1566 3895 1639 ἀνθεστηκότας

2311 1645 2478 1717 αὐτῷ,
2503 1648 2596 1702 καὶ
2631 1651 3017 1721 ῥιψοκινδύνως
3052 1659 3118 1727 τῇ
3145 1657 3354 1729 μεγάλῃ
3376 1658 3470 1711 τοῦ
3494 1660 3705 1731 Πατρὸς
3740 1662 3893 1713 ἀντι-

2310 1737 2741 1806 προστάττοντας
2771 1743 2985 1817 γνώμῃ.
3016 1746 3186 1799 Τοῦτο
3213 1748 3268 1800 δὲ
3306 1744 3373 1819 ἦν
3401 1750 3787 1813 ἀναπείθοντος
3810 1752 3896 1803 εὐ-

2310 1826 2459 1896 φυῶς
2504 1831 2601 1899 τῆς
2634 1832 2734 1900 μὲν
2781 1836 2993 1900 εἰκαίας
3048 1838 3224 1891 αὐτῶν
3279 1840 3612 1911 ἀποσχέσθαι
3664 1841 3893 1912 βουλῆς,

2310 1921 2714 1990 παραδέξασθαι
2738 1926 2793 1979 δὲ
2814 1927 2904 1980 τὸν
2936 1929 3151 2000 εὐδοκία
3175 1931 3386 2004 Πατρὸς
3412 1933 3503 1986 ἐπὶ
3520 1935 3764 2005 σωτηρίᾳ
3787 1933 3897 1987 τῶν

2307 2012 2523 2067 πάντων
2556 2016 2984 2089 ἐπιδημήσαντα.
3018 2023 3305 2094 Μαρτυρεῖ
3346 2024 3650 2095 τοιγαροῦν,
3686 2025 3770 2079 ὅτι
3798 2027 3896 2078 καὶ

2306 2102 2367 2156 τὸ
2384 2106 2605 2177 Πνεῦμα
2630 2108 2881 2163 θεάσαιτο
2909 2112 3232 2167 καταϐαῖνον
3259 2115 3517 2169 ἐπάύτὸν
3548 2116 3607 2181 ἐξ
3632 2118 3888 2187 ούρανοῦ,

2305 2201 2632 2270 περιστερᾶς
2661 2202 2717 2254 ἐν
2748 2203 3009 2272 σχήματι,
3040 2206 3134 2259 καὶ
3151 2207 3231 2259 ὃτι
3264 2209 3571 2279 μεμένηκεν
3601 2210 3885 2264 ὲπάύτόν.

2304 2287 2438 2345 Εἶτα
2486 2293 2621 2366 πρὸς
2650 2295 2824 2366 τούτῳ
2847 2337 2862 2360 ,
2897 2299 2988 2351 καὶ
3042 2303 3306 2369 αὐτήκοος
3336 2301 3586 2369 γενέσθαι
3628 2302 3765 2373 φησί
3789 2301 3886 2355 τοῦ

2305 2384 2653 2452 πεπομφότος
2684 2385 2847 2438 αὐτὸν
2898 2388 2989 2440 ἐπὶ
3036 2390 3095 2442 τὸ
3145 2390 3429 2461 βαπτίζειν
3461 2394 3518 2445 ὲν
3570 2392 3748 2458 ὕδατι,
3807 2395 3887 2457 ὡς

2302 2472 2509 2535 ἐκεῖνός
2536 2475 2682 2529 ἐστιν
2707 2478 2764 2529 ὲν
2803 2477 2940 2549 ἁγίῳ
2971 2478 3246 2549 βαπτίζων
3291 2482 3592 2553 Πνεύματι,
3618 2478 3774 2555 ᾧπερ
3816 2485 3888 2539 ἂν

2302 2563 2661 2635 ὲπιφοιτῆσαν
2692 2568 3018 2641 ὲναπομείνῃ
3048 2569 3109 2623 τό
3141 2570 3384 2643 Πνεῦμα.
3413 2572 3886 2640 Ἀξιοπιστότατος

2300 2654 2480 2707 τοίνυν
2518 2657 2545 2708 ό
2583 2656 2812 2726 μάρτυς,
2858 2659 3137 2728 ὑπερφυὲς
3163 2660 3222 2714 τὸ
3267 2664 3511 2732 σημεῖον,
3537 2664 3725 2718 ἐπάνω
3752 2666 3886 2719 πάν-

2300 2761 2407 2798 των
2436 2745 2463 2797 ὁ
2495 2745 2671 2811 δείξας
2711 2749 2917 2819 Πατήρ.
2949 2751 3058 2803 Καὶ
3086 2750 3256 2805 ταῦτα
3290 2754 3386 2823 μὲν
3409 2754 3552 2825 τῇδε.
3596 2757 3886 2829 Ἀνασκιρκ

2299 2834 2454 2905 τήσει
2496 2835 2552 2889 δὲ
2599 2837 2728 2900 ἴσως
2756 2839 2784 2890 ὁ
2814 2839 3203 2912 φιλεγκλήμων
3250 2843 3543 2913 αἱρετικὸς,
3585 2849 3679 2899 καὶ
3700 2847 3882 2902 πλατὺ

2299 2929 2532 2997 γελάσας
2559 2932 2701 3001 ἐρεῖ·
2729 2932 2793 2984 Τί
2818 2934 2977 2987 πάλιν
3002 2936 3154 3005 ἡμῖν,
3180 2930 3224 2987 ὦ
3254 2930 3418 3000 οὗτοι,
3438 2938 3531 2990 καὶ⁵
3553 2939 3689 3010 πρὸς
3720 2940 3885 2994 τοῦτό

2300 3039 2434 3090 φατε
2461 3039 2476 3089 ;
2510 3022 2543 3094 ἢ
2575 3027 2725 3078 ποῖον
2754 3026 3065 3095 ὲξυφανεῖτε
3096 3026 3251 3096 λόγον
3291 3030 3782 3102 κατασοφιζόμενοι
3817 3034 3884 3087 τὸ

2297 3118 2732 3188 γεγραμμένον;
2777 3118 2908 3171 Ἰδοὺ
2942 3119 3003 3172 τὸ
3052 3120 3273 3193 Πνεῦμα
3320 3123 3668 3178 καταϐαίνειν
3712 3128 3882 3197 φησὶν

618 3194 815 3262 Filius,
849 3206 902 3252 et
935 3199 1079 3269 quod
1122 3217 1231 3256 non
1266 3203 1429 3259 habet
1475 3206 1740 3261 nimirum
1775 3212 2000 3282 accipit,
2034 3210 2191 3271 Psal-

2300 3211 2391 3265 ἐπὶ
2421 3210 2512 3265 τὸν
2567 3210 2729 3265 Υἰόνο
2776 3211 2884 3266 ἰδοὺ
2928 3213 3281 3284 καταχρίεται
3312 3215 3463 3285 παρὰ
3497 3216 3592 3269 τοῦ
3620 3194 3755 3271 Θεοῦ
3775 3194 3880 3274 *καὶ

620 3286 783 3341 mista
812 3289 975 3345 nobis
1002 3290 1357 3362 suffragante,
1386 3305 1442 3351 et
1472 3298 1557 3355 his
1597 3302 1775 3376 ipsum
1814 3306 1999 3362 verbis
2037 3322 2187 3362 com-

618 3380 857 3449 pellante
890 3400 904 3436 :
943 3400 961 3433 ι
1004 3381 1297 3453 Propterea
1344 3390 1502 3461 117
1546 3395 1702 3448 unxit
1746 3403 1800 3451 te
1847 3396 2014 3464 Deus,
2052 3398 2195 3456 Deus

617 3477 771 3535 tuus,
797 3471 920 3526 oleo
955 3475 1345 3533 exsultationis
1375 3495 1488 3549 prae
1519 3484 1885 3558 participibus
1917 3490 2028 3545 tuis
2064 3491 2127 3546 ".
2168 3509 2186 3542 )

617 3558 907 3625 Quomodo
969 3563 1139 3635 igitur
1206 3571 1701 3633 consubstantialis
1772 3581 1878 3634 erit
1947 3582 2191 3651 perfecto

615 3651 765 3706 Patri
796 3653 994 3721 Filius,
1032 3660 1124 3727 qui
1157 3662 1302 3729 quod
1345 3663 1628 3733 perfectus
1659 3684 1769 3724 non
1807 3672 1900 3736 sit,
1933 3673 2054 3729 ideo
2084 3676 2220 3731 ιλιι-ἔ

622 3941 849 3981 sensum
900 3940 1240 3998 pervertunt,
1267 3934 1563 3995 dicendum
1607 3958 1733 3998 reor
1773 3964 1787 4000 :
1835 3964 1853 3997 ι
1898 3945 2185 4019 Evigilate,

612 4019 704 4087 qui
739 4020 876 4076 ebrii
910 4024 1043 4079 estis
1074 4041 1141 4080 ex
1176 4029 1301 4084 vino
1332 4039 1520 4087 vestro
1548 4033 1611 4100 η,
1641 4054 1660 4087 ι
1700 4046 1781 4101 ιιι,
1802 4039 2003 4094 illustri
2036 4046 2181 4098 veri-

612 4111 742 4165 tatis
777 4114 1187 4181 pulchritudine
1218 4131 1525 4191 perspecta,
1558 4127 1852 4184 nobiscum
1888 4133 2184 4191 inclamare

609 4201 755 4257 Filio
810 4207 1036 4275 possitis
1086 4229 1100 4265 :
1137 4231 1155 4264 ι
1201 4211 1339 4268 Vere
1376 4213 1549 4273 Filius
1593 4217 1685 4275 Dei
1736 4237 1796 4278 es
1847 4231 1903 4278 tu
1948 4226 2012 4280 ιο.
2052 4246 2071 4280 ι
2125 4228 2182 4285 Si

608 4296 755 4348 enim
784 4298 962 4353 credis
985 4299 1164 4370 ipsum
1205 4300 1379 4358 Deum
1409 4308 1713 4364 secundum
1748 4323 2003 4369 naturam
2038 4333 2181 4387 esse,

607 4387 903 4456 quomodo,
946 4408 1154 4461 quaeso,
1199 4395 1540 4465 perfectione
1605 4405 1856 4460 carebit?
1919 4406 2182 4479 Sequitur

607 4481 753 4534 enim
788 4482 1026 4552 idipsum
1073 4486 1238 4541 etiam
1270 4505 1367 4545 vos
1407 4491 1573 4562 impie
1612 4495 1680 4551 de
1705 4496 1867 4554 Patre
1904 4515 2171 4559 asserere.

2298 3303 2527 3374 Πατρὸς,
2561 3306 2696 3377 ὅπερ
2721 3305 2777 3357 δὲ
2819 3305 2918 3358 ούκ
2949 3304 3088 3375 ἔχει,
3121 3305 3386 3377 λαμϐάνει
3410 3308 3630 3381 δηλαδή,
3664 3327 3881 3364 συνεπι-

2299 3396 2700 3467 μαρτυροῦντος
2728 3396 2823 3450 τοῦ
2865 3396 3143 3468 Μελῳδοῦ,
3181 3399 3273 3452 καὶ
3310 3398 3581 3468 λέγοντος,
3631 3400 3708 3465 ὼς
3737 3403 3879 3475 πρὸς

2293 3486 2482 3539 αὐτόν·
2517 3506 2535 3538 ι
2566 3487 2664 3541 Διά
2685 3487 2842 3540 τοῦτο
2862 3487 3045 3559 ἔχρισέ
3072 3505 3131 3541 σε
3156 3491 3183 3541 ό
3209 3488 3401 3555 Θεὸς,ό
3425 3490 3557 3554 Θεός
3587 3508 3702 3557 σου,
3726 3492 3877 3547 ἔλεον

2292 3577 2665 3647 ἀγαλλιάσεως
2696 3579 2846 3651 παρά
2878 3581 3004 3643 τοὺς
3036 3580 3298 3649 μετόχους
3327 3597 3441 3634 σου.
3481 3600 3499 3631 ι
3544 3581 3669 3646 Πῶς
3692 3583 3757 3637 ἂν
3787 3586 3876 3656 εἴη

2292 3670 2476 3723 λοιπὸν
2528 3670 2586 3722 ὲν
2619 3671 2994 3742 όμοουσιότητι
3040 3671 3134 3724 τοῦ
3184 3671 3389 3724 τελείου
3441 3673 3674 3743 Πατρὸς.
3717 3675 3747 3727 ό
3796 3676 3875 3746 μὴ

2289 3763 2530 3826 τοιοῦτος
2550 3763 2697 3827 Υἱὸς,
2716 3763 2811 3817 καὶ
2832 3763 2919 3816 διά
2942 3764 3100 3818 τοῦτο
3116 3765 3401 3836 χριόμενος
3426 3782 3441 3831 ;
3465 3765 3609 3837 Πρὸς
3628 3766 3690 3835 δὴ
3713 3766 3877 3819 τοῦτο

2290 3854 2455 3921 φάναι
2488 3854 2597 3907 δεῖν
2640 3855 3008 3926 ὑπολαμϐάνω
3038 3858 3150 3919 τοῖς
3188 3855 3258 3910 τὰ
3291 3856 3464 3928 σεμνά
3500 3857 3599 3929 τῆς
3642 3856 3872 3929 Ἐκκλη-

2291 3947 2412 4011 σίας
2455 3946 2825 4018 ἀνατρέπουσι
2856 3948 3123 4019 δόγματα,
3157 3950 3251 4004 καὶ
3278 3950 3377 4022 τὴν
3409 3951 3516 4004 τῶν
3554 3952 3875 4022 γεγραμμέ⁹

2288 4057 2393 4093 νων
2424 4039 2688 4111 ὀρθότητα
2715 4040 3127 4111 διαστρέφουσιν
3151 4060 3163 4072 ’
3189 4062 3208 4095 ι
3231 4043 3611 4114 Ἐκνήψατε,οί
3640 4044 3871 4115 μεθύον-

2286 4147 2397 4194 τες,
2426 4128 2483 4194 ὲξ
2509 4130 2650 4183 οἴνου
2680 4130 2877 4197 αὐτῶν,
2911 4150 2930 4183 ι
2968 4132 3054 4185 ἵνα
3087 4132 3335 4203 δύνησθε,
3369 4134 3429 4188 τὸ
3471 4135 3723 4208 λαμπρὸν
3771 4136 3870 4208 τῆς

2286 4221 2544 4291 ἀληθείας
2570 4221 3039 4293 περιαθρήσαντες
3071 4224 3286 4290 κάλλος,
3329 4226 3426 4280 σὺν
3458 4227 3591 4298 ἡμῖν
3629 4227 3865 4299 ἀναϐοῆ-

2288 4330 2377 4366 σαι
2407 4312 2541 4386 πρὸς
2571 4313 2661 4367 τὸν
2680 4313 2838 4368 Υίόνο
2863 4334 2881 4365 ι
2931 4315 3168 4387 ’Δλήθῶς
3197 4317 3332 4371 Θεοῦ
3361 4318 3486 4383 Υἱὸς
3513 4314 3581 4373 εἴ.
3613 4339 3631 4371 ι
3661 4322 3723 4374 Εἰ
3755 4320 3868 4393 γὰρ

2286 4404 2423 4468 ὅλως
2474 4404 2750 4470 πιστεύεις
2792 4406 2923 4459 Θεὸν
2974 4402 3113 4460 εῖναι
3150 4410 3291 4461 κατά
3324 4409 3484 4479 φύσιν
3525 4411 3709 4475 αὑτὸν,
3745 4412 3867 4475 πῶς

2284 4497 2385 4550 οὐκ
2415 4496 2481 4549 ἂν
2524 4496 2637 4567 ἔχοι
2664 4498 2726 4551 τὸ
2768 4498 2999 4566 τέλειον;
3042 4500 3182 4571 Ὥρα
3225 4501 3332 4573 γὰρ
3363 4503 3506 4572 ὑμᾶς
3537 4503 3630 4557 καὶ
3660 4506 3739 4565 εἰς
3767 4504 3863 4556 αύ-

609 4572 766 4629 Unde
789 4577 933 4630 enim
957 4577 1090 4647 ipse,
1107 4595 1317 4648 quaeso,
1334 4583 1727 4653 perfectionem
1763 4596 2097 4662 necessario,
2116 4608 2173 4652 ιιι

2296 4589 2375 4643 τὸν
2420 4588 2520 4661 ήδη
2571 4589 2849 4643 δυσσεϐεῖν
2900 4591 2990 4644 τὸν
3024 4593 3241 4665 Πατέρα
3267 4572 3477 4647 ’πόθεν
3524 4596 3633 4666 γὰρ
3677 4596 3859 4658 αὐτὸς,

606 4665 812 4729 dicitis,
845 4667 1133 4726 liabiturns
1170 4674 1293 4727 est?
1327 4684 1423 4728 aut
1454 4681 1733 4745 quomodo
1780 4698 1890 4736 non
1928 4685 1993 4739 ad
2027 4687 2174 4743 illam

606 4758 1025 4815 diminutionem
1070 4759 1218 4829 Filii,
1252 4768 1529 4823 sententia
1564 4781 1745 4826 vestra
1796 4774 2169 4845 imperfectam

604 4853 934 4923 delapsurus
962 4861 1067 4918 est,
1100 4857 1145 4910 si
1189 4856 1371 4913 divina
1415 4864 1656 4917 essentia
1704 4865 2171 4936 imperfectionem

604 4945 659 4998 iu
697 4943 837 4999 Filio
884 4947 1053 5001 semel
1106 4952 1433 5020 susceperit,
1476 4961 1535 5006 ut
1592 4957 1759 5013 stulte
1812 4966 1867 5014 et
1923 4959 2173 5031 imperite

601 5036 1112 5093 contenditis?Non
1148 5043 1293 5093 enim
1328 5051 1481 5097 certe
1522 5060 1771 5115 magnam
1814 5048 1958 5103 illam
1993 5060 2045 5105 et
2081 5053 2174 5104 im-

601 5128 885 5181 mortalem
912 5136 1162 5183 naturam
1195 5131 1250 5185 in
1282 5131 1529 5188 diversas
1563 5137 1804 5192 rationes
1835 5142 2168 5208 secabimus,

600 5227 661 5270 ut
688 5218 743 5270 in
780 5217 904 5281 hoc,
939 5219 1089 5274 verbi
1120 5224 1320 5290 gratia,
1348 5223 1421 5277 sit
1455 5225 1799 5297 imperfecta,
1827 5232 1879 5283 in
1912 5232 2003 5285 illo
2050 5250 2171 5303 per-

598 5308 739 5363 fecta
780 5327 793 5364 :
828 5325 954 5364 cum
1005 5313 1366 5369 humanitatis
1398 5316 1644 5372 deﬁnitio
1690 5337 1798 5374 una
1835 5324 1908 5378 sit
1953 5324 2021 5379 de
2051 5342 2169 5381 om-

594 5403 780 5467 nibus,
810 5411 865 5458 et
895 5404 1081 5460 eadem
1119 5406 1175 5459 in
1209 5408 1466 5464 omnibus
1502 5412 1685 5477 nobis,
1729 5430 1829 5468 nec
1866 5415 2028 5469 homo
2070 5419 2169 5471 ali-

504 5518 509 5525 -
593 5492 727 5561 quid
779 5494 966 5551 minus
1022 5506 1117 5551 aut
1177 5499 1356 5567 majus
1406 5500 1478 5554 sit
1529 5503 1705 5557 altero
1769 5506 2015 5574 homine,
2057 5526 2162 5576 qua

594 5585 757 5639 homo
795 5594 879 5641 est
915 5610 925 5642 :
961 5603 1061 5644 nec
1114 5592 1360 5661 angelus,
1400 5593 1617 5661 opinor,
1658 5594 1728 5647 ab
1757 5596 1928 5650 altero
1971 5602 2164 5669 angelo

589 5675 827 5744 differat,
860 5682 1075 5735 ratione
1116 5684 1378 5752 angelica:
1408 5685 1751 5752 substantiae,
1786 5689 2063 5755 omnibus,
2094 5709 2162 5747 ex

663 5836 705 5867 ⁸⁷
746 5835 890 5893 Peal.
938 5855 1084 5905 xciv,
1137 5839 1190 5894 8.
1271 5838 1437 5897 H’Jnel
1469 5859 1505 5908 ι,
1552 5842 1601 5896 5.

1685 5845 1727 5875 ¹⁹
1766 5844 1955 5901 Matth.
1995 5863 2106 5915 xw,
2139 5849 2231 5909 ’ὅδε

2284 4681 2359 4745 ὡς
2387 4681 2511 4753 φὴς,
2532 4681 2589 4747 ἐξ
2611 4682 2856 4753 ἀνάγκης
2886 4684 2996 4749 ags;
3022 4685 3121 4755 τὴν
3146 4684 3459 4756 τελειότητα
3481 4705 3495 4751 ;
3520 4687 3635 4749 πῶς
3660 4686 3719 4740 δὲ
3740 4687 3864 4757 οὐχὶ

2283 4773 2417 4843 πρὸς
2440 4772 2537 4843 τὴν
2571 4772 2665 4825 τοῦ
2692 4776 3029 4845 γεννήματος
3068 4777 3257 4845 ὕφεσιν
3276 4818 3290 4841 ,
3330 4779 3430 4849 τήν
3458 4778 3533 4841 ὡς
3559 4779 3680 4832 καθ’
3715 4780 3863 4848 ὑμᾶς

2280 4863 2444 4933 ἀτελῆ
2478 4864 2916 4935 κατοισθήσεται,
2954 4867 3405 4939 παραδεξαμένης
3459 4868 3605 4935 ἅπαξ
3653 4870 3711 4921 ὲν
3744 4869 3861 4940 Υίῷ

2282 4955 2380 5026 τῆς
2426 4956 2574 5019 θείας
2607 4958 2791 5021 οὐσίας
2837 4959 2898 5012 τὸ
2937 4959 3195 5013 δύνασθαι
3231 4961 3303 5031 μὴ
3344 4960 3486 5031 ἔχειν
3520 4960 3582 5013 τὸ
3616 4960 3820 5014 τέλειον
3842 5001 3859 5025 ,

2281 5048 2423 5101 κατά
2452 5065 2514 5116 γε
2540 5049 2628 5102 τὸν
2659 5054 2788 5121 παρ’
2817 5052 2944 5121 ὑμῖν
2982 5052 3169 5124 ἀμαθῆ
3195 5052 3288 5105 καὶ
3317 5052 3640 5106 ἀπαίδευτον
3664 5053 3855 5121 λόγον;

2279 5141 2354 5193 Οὐ
2384 5140 2492 5211 γὰρ
2542 5140 2712 5212 δήπου
2760 5144 2856 5214 τὴν
2891 5144 3132 5215 μεγάλην
3171 5145 3386 5217 εκείνην
3408 5185 3421 5207 ,
3449 5145 3543 5199 καὶ
3579 5146 3858 5216 ἀκήρατον

2279 5234 2440 5303 φύσιν
2472 5237 2552 5297 είς
2578 5235 2870 5307 διαφόρους
2900 5235 3340 5307 καταμεριοῦμεν
3369 5236 3581 5304 λόγους,
3611 5234 3688 5297 ὡς
3714 5230 3856 5287 εἶναι

2279 5328 2377 5397 μὲν
2412 5329 2470 5380 ὲν
2521 5326 2655 5398 τῷδε
2702 5329 2861 5398 τυχὸν
2904 5328 3105 5399 ἀτελῆ,
3157 5328 3370 5381 τελείαν
3400 5330 3456 5382 δὲ
3499 5324 3565 5382 αὖ
3596 5326 3758 5381 πάλιν
3796 5330 3855 5380 ὲν

2274 5416 2462 5487 ἐκείνῳ
2483 5434 2495 5446 ’
2531 5418 2651 5470 ἐπεὶ
2688 5418 2780 5471 καὶ
2810 5420 2837 5469 ὁ
2867 5418 2963 5489 τῆς
3005 5418 3423 5490 ἀνθρωπότητος
3448 5420 3571 5485 ὅρος
3599 5414 3677 5481 εἷς
3708 5418 3853 5473 κατά

2273 5508 2488 5562 πάντων
2529 5509 2644 5562 ἐστὶ
2671 5510 2765 5563 καὶ
2800 5509 2911 5572 ἴσος
2940 5511 2997 5561 ἐν
3028 5512 3192 5563 πᾶσιν
3219 5511 3348 5581 ἡμῖν
3371 5529 3383 5540 ·
3421 5510 3639 5563 ἔλαττον
3672 5511 3731 5565 δέ
3764 5530 3851 5576 τις

2270 5602 2574 5673 ἄνθρωπος,
2603 5601 2737 5655 καθὸ
2779 5603 3023 5671 πέφυκεν
3061 5601 3366 5673 ἄνθρωπος,
3403 5602 3519 5655 ἀλλ’
3543 5602 3661 5656 οὐδὲ
3685 5602 3849 5656 πλέον

2272 5693 2457 5764 ἑτέρου
2504 5694 2981 5765 καταληφθήσεται
3008 5737 3023 5762 ,
3072 5694 3305 5764 ἀγγέλου
3346 5694 3427 5761 δὲ,
3454 5689 3630 5767 οϊμαι,
3660 5695 3850 5752 διοίσει
