4118 6524
228 363 332 417 197

1272 360 1335 414 IN
1374 360 1661 418 JOANNIS
1700 358 2146 416 EVANGELIUM
2185 360 2313 417 LIB.
2352 363 2414 418 11.

3382 378 3485 434 198

226 478 349 544 κατ’
382 476 535 531 οὐδὲν
573 476 759 547 ἕτερος
810 474 1061 543 ἄγγελος.
1092 490 1230 530 κατα
1263 491 1327 544 γε
1380 475 1441 528 τὸ
1490 472 1628 530 εἶναι
1662 474 1798 528 τοῦθ

1911 488 1977 527 eo
2032 476 2181 544 quod
2216 476 2481 545 ejusdem
2518 486 2647 534 sunt
2681 480 2907 551 speciei,
2947 481 2999 535 in
3026 498 3191 539 unam
3226 470 3482 544 naturam

223 569 381 638 ὅπερ⁹
419 568 554 622 είσὶν
591 567 832 635 ἄγγελοι,
877 567 1077 638 δηλαδὴ
1118 566 1204 619 διὰ
1235 566 1333 635 τῆς
1378 566 1514 638 πρὸς
1546 565 1807 637 ἀλλήλους

223 662 521 733 ὀμοειδίας,
562 662 642 721 είς
672 659 801 729 μίαν
827 659 1065 722 ἅπαντες
1114 659 1577 731 ἁναδεσμούμενοι
1620 660 1803 730 φύσιν.

226 752 351 816 Πῶς
379 752 444 806 ἂν
470 746 562 805 οὖν
580 753 616 822 ἡ
639 751 759 804 θεία
778 752 870 803 καὶ
892 751 1145 805 ἁπάντων
1167 751 1604 822 ὐπερανίσχουσα
1620 751 1804 822 φύσις,

222 845 284 897 ἐν
315 843 561 898 ἐλάττοσι
605 841 714 896 τῶν
747 841 988 912 γενητῶν
1035 845 1093 895 ἐν
1134 845 1246 905 τοῖς
1287 842 1407 896 καθ’
1436 843 1633 914 ἑαυτὴν
1665 844 1804 912 ἁγα-

224 936 339 1000 θοῖς
388 935 719 1005 ὀφθήσεται,
748 934 1011 1004 ὑπομενεί
1051 933 1107 986 δὲ
1156 934 1359 1000 πάθος,
1405 934 1434 987 ὃ
1467 934 1660 989 παθεῖν
1706 936 1806 989 οὐκ

220 1027 363 1083 οἶδεν
392 1030 426 1100 ἡ
469 1027 674 1092 κτίσις;
707 1025 831 1090 Πῶς
877 1026 933 1079 δὲ
975 1025 1111 1089 ὅλως
1170 1026 1323 1078 ἔσται
1379 1027 1473 1079 καὶ
1513 1026 1658 1097 ἁπλῆ
1710 1026 1805 1080 καὶ

222 1119 536 1183 ἀσύνθετος,
572 1117 731 1187 εἴπερ
762 1117 821 1170 δν
854 1119 911 1170 ὲν
937 1117 1074 1187 αὐτῇ
1101 1107 1360 1185 φανεῖταί
1383 1116 1444 1168 τὸ
1475 1115 1677 1170 τέλειον
1710 1117 1804 1171 καὶ

217 1209 283 1263 τὸ
337 1209 524 1272 ἀτελές
552 1227 567 1274 ;
595 1206 949 1276 Συγκείσεται
995 1207 1104 1278 γάρ
1136 1208 1204 1261 δι’
1248 1208 1471 1277 ἀμφοῖν,
1499 1209 1656 1279 εἴπερ
1704 1209 1803 1279 οὐχ

218 1302 410 1371 ὅμοιον
456 1300 534 1370 τῷ
585 1299 774 1371 τελείῳ
826 1299 887 1352 τὸ
934 1298 1145 1361 ἀτελές.
1194 1299 1255 1351 Et
1307 1299 1406 1368 μὲν
1458 1299 1566 1369 γὰρ
1618 1299 1802 1368 ὅμοιόν

217 1394 360 1457 ἔστι,
395 1393 488 1445 καὶ
532 1391 593 1444 τὸ
635 1390 949 1445 διαλλάττον
992 1390 1146 1444 οὐδὲν
1173 1392 1231 1445 ἐν
1265 1390 1470 1454 αὐτοῖς,
1505 1392 1635 1455 πᾶν,
1665 1390 1802 1459 ὅπερ

215 1484 283 1536 ἂν
337 1486 422 1555 εἴη
468 1484 694 1549 τέλειον,
724 1483 1032 1555 ἀδιαφόρως
1064 1482 1217 1536 ἔσται
1247 1482 1339 1536 καὶ
1369 1482 1589 1545 ἀτελές⁹
1614 1482 1708 1536 καλ⁹
1753 1482 1807 1536 ετ

212 1592 268 1627 τι
297 1576 465 1629 πάλιν
489 1576 701 1640 ἀτελὲς,
730 1575 891 1629 τοῦτο
931 1578 1023 1629 καὶ
1047 1576 1270 1641 τέλειον,
1298 1576 1393 1629 καὶ
1425 1575 1576 1630 οὐδὲν
1601 1576 1658 1631 ὲν
1688 1577 1801 1647 Υίῷ

212 1662 276 1717 τὸ
308 1664 695 1736 κατηγόρημα,
708 1663 810 1718 κᾶν
826 1666 945 1728 ταῖς
968 1665 1136 1735 ἡμετέ
1146 1683 1265 1738 ραις
1294 1666 1557 1730 διανοίαις
1571 1666 1633 1720 τὸ
1649 1666 1801 1730 τέλος

212 1757 359 1827 ἔχων
396 1756 458 1811 οὐ
502 1758 760 1828 φαίνηται
794 1774 809 1789 ⁶
841 1758 956 1812 ἀλλ’
990 1758 1112 1812 οὐδὲ
1156 1760 1318 1825 αὐτὸς
1338 1762 1366 1814 6
1396 1760 1583 1831 Πατὴρ
1628 1761 1800 1831 ὑπερ-

1912 565 2209 637 colligatis.
2241 569 2528 634 Quomodo
2574 587 2705 642 ergo
2753 573 2941 628 divina
2997 583 3051 630 et
3095 579 3339 633 omnium
3386 597 3482 636 su-

1910 672 2098 727 prema
2162 659 2255 714 illa
2314 671 2534 728 natura,
2582 666 2762 719 minor
2813 668 2869 721 in
2934 684 2993 724 se
3046 686 3168 727 esse
3206 672 3483 731 videbitur

1908 763 2072 818 quam
2114 761 2392 819 creatura,
2423 755 2583 824 eique
2613 759 2895 830 continget
2923 762 3068 831 quod
3119 778 3188 819 ne
3216 763 3273 818 in
3306 764 3481 835 ipsam

1907 842 2131 912 quidem
2176 854 2488 901 creaturam
2544 849 2745 906 cadere
2787 856 2993 923 possit?
3037 858 3144 911 Aut
3181 860 3479 927 quomodo,

1913 950 2124 1005 quaso,
2147 937 2253 991 erit
2284 938 2513 1009 simplex
2547 950 2601 996 et
2629 942 3015 1014 incomposita,
3038 948 3082 1002 si
3126 949 3181 1003 in
3208 964 3271 1004 ea
3298 950 3483 1005 videa-

1906 1043 2030 1085 mus
2082 1044 2205 1085 esse
2261 1032 2650 1102 perfectionem
2710 1048 2762 1090 et
2831 1038 3338 1108 imperfectiouem?
3401 1042 3480 1097 Ex

1906 1128 2139 1190 utroque
2171 1123 2318 1177 enim
2371 1135 2754 1195 componetur,
2786 1128 3061 1198 siquidem
3098 1133 3343 1202 perfecto
3379 1135 3482 1189 im-

1905 1211 2210 1281 perfectum
2274 1216 2457 1271 simile
2503 1233 2612 1273 non
2671 1230 2772 1276 est.
2827 1219 2883 1275 Si
2944 1223 3091 1277 enim
3147 1226 3331 1280 simile
3385 1228 3478 1292 sit,

1904 1305 2154 1377 nihilque
2185 1308 2257 1363 sit
2287 1309 2429 1363 inter
2452 1326 2513 1365 ea
2542 1311 2904 1381 discriminis,
2936 1316 3310 1388 quodcunque
3358 1335 3480 1389 per-

1907 1394 2110 1450 fectum
2151 1408 2254 1461 est,
2291 1402 2495 1469 passim
2553 1418 2772 1474 quoque
2824 1406 2929 1461 erit
2972 1408 3385 1477 imperfectum;
3428 1420 3482 1464 et

1905 1488 2088 1558 siquid
2125 1491 2368 1547 vicissim
2425 1493 2842 1563 imperfectum,
2876 1498 3010 1553 illud
3047 1516 3266 1571 quoque
3305 1502 3482 1573 perfe-

1903 1587 2053 1631 ctum
2103 1580 2230 1645 erit,
2278 1596 2381 1636 nec
2430 1581 2570 1638 Filio
2597 1586 2895 1656 quidquam
2950 1588 3325 1655 detrahemus,
3353 1591 3481 1644 licet

1902 1682 2026 1722 eum
2060 1670 2401 1737 perfectione
2429 1688 2621 1730 carere
2653 1685 2911 1745 putemus
2943 1694 2955 1730 :
2988 1679 3081 1734 sed
3116 1696 3294 1749 neque
3318 1680 3480 1735 Pater

1903 1757 2100 1813 Filium
2133 1766 2453 1832 superabit:
2486 1770 2740 1836 quamvis
2768 1770 2817 1824 ei
2852 1771 3116 1841 perfectio
3146 1774 3479 1837 ascribatur,

210 1848 431 1901 αλεῖται
458 1849 551 1903 τὸν
591 1849 716 1903 Υίὺν
752 1850 844 1902 ἐπὶ
872 1849 1166 1922 τελειότητι
1204 1852 1670 1923 μαρτυρούμενος,
1709 1854 1798 1906 καὶ

1906 1855 1959 1903 et
1987 1850 2167 1905 soluta
2201 1868 2399 1910 rursus
2424 1857 2586 1911 nobis
2615 1867 2701 1913 est
2735 1863 2968 1929 quastio
3000 1881 3010 1915 :
3046 1864 3131 1917 sin
3162 1873 3343 1918 autem
3378 1865 3483 1919 im-

207 1941 438 1995 λέλυται
467 1941 627 1996 πάλιν
651 1943 783 2012 ἡμῖν
816 1942 877 1994 τὸ
911 1940 1242 2013 ζητούμενον
1262 1959 1275 1973 ο
1308 1944 1357 1997 εί
1383 1943 1440 1998 δὲ
1470 1944 1637 2008 πολὺς
1665 1947 1803 1999 άπο-

205 2034 447 2103 τειχίζει
486 2034 643 2097 λόγος
676 2032 770 2086 τοῦ
803 2033 1009 2087 τελείου
1043 2033 1104 2087 τὸ
1148 2033 1355 2100 ἀτελὲς,
1386 2035 1600 2106 δέχεται
1624 2035 1678 2089 δὲ
1709 2036 1803 2089 καὶ

207 2127 244 2196 ἡ
274 2126 401 2179 Θεία
447 2124 606 2195 φύσις
656 2125 797 2179 κατὰ
836 2125 1031 2180 ταυτὸν
1062 2126 1364 2197 ἀμφότερα,
1392 2126 1642 2190 σύνθετος
1671 2128 1800 2198 ἄρα.

207 2219 312 2272 καὶ
361 2220 460 2289 οὐχ
496 2218 662 2290 ἁπλῆ.
701 2218 841 2271 Ἀλλ’
865 2220 981 2290 ἐρεῖ
1025 2235 1109 2281 τις
1134 2217 1317 2288 τυχὸν,
1348 2217 1424 2281 ὡς
1449 2219 1713 2289 ἀσυμφυῆ
1743 2218 1801 2271 τέ

206 2311 337 2364 ἐστι
382 2312 477 2363 καὶ
514 2310 907 2383 άσυνύπαρκτα
950 2310 1092 2364 κατὰ
1126 2310 1321 2363 ταυτὸν
1355 2310 1413 2362 ἐν
1446 2310 1525 2363 ὲνὶ⁵
1558 2309 1636 2380 τῷ
1672 2311 1804 2363 ὑπο-

208 2405 456 2477 κειμένῳ
474 2405 541 2459 τὰ
562 2406 801 2470 ἐναντία,
832 2406 909 2469 ῶς
936 2407 993 2458 ὲν
1017 2403 1229 2473 σώματι
1250 2404 1409 2474 τυχὸν
1445 2403 1579 2475 ὁμοῦ
1604 2405 1802 2476 χρῶμα

206 2502 408 2556 λευκὸν
436 2504 529 2555 καὶ
560 2501 743 2571 μ’ἐλαν.
790 2499 986 2563 Καλῶς
1010 2516 1096 2568 γε,
1118 2492 1163 2552 ὦ
1188 2498 1358 2571 φίλος,
1383 2499 1477 2552 καὶ
1506 2497 1650 2569 μάλα
1672 2515 1803 2569 γορ·

206 2594 329 2662 γῶς
351 2595 462 2656 τοῖς
508 2592 796 2663 ἡμετέροις
843 2590 1174 2662 ἀπηγωνίσω
1203 2592 1400 2659 λόγοις.
1443 2591 1508 2644 Εἰ
1553 2590 1661 2662 γάρ
1703 2590 1801 2661 μία

207 2682 297 2746 τίς
322 2684 470 2735 ἐστιν
487 2684 519 2751 ἡ
538 2680 653 2734 Θεία
681 2680 863 2749 φύσις,
892 2680 987 2735 καὶ
1012 2680 1142 2750 παρ’
1161 2681 1327 2752 αὐτὴν
1355 2680 1452 2751 οὐχ
1473 2681 1655 2752 ἑτέρα,
1684 2680 1802 2743 πῶς

203 2774 440 2842 ἃν,είπέ
472 2791 583 2845 μοι,
612 2772 719 2827 τῶν
764 2773 1021 2826 ἐναντίων
1061 2774 1274 2841 γένοιτο
1310 2773 1565 2842 δεκτική;
1593 2771 1708 2834 πῶς
1744 2771 1801 2824 δὲ

203 2868 341 2923 καθ’
376 2869 436 2921 ἓν
462 2885 515 2920 τι
536 2866 598 2920 τδ
627 2865 982 2935 ὑποκείμενον
1010 2866 1080 2921 τά
1120 2866 1371 2937 ἀλλήλοις
1403 2864 1631 2936 ἀνόμοια
1660 2881 1799 2933 συμ-

203 2962 477 3034 6ήσεται;
508 2958 643 3013 Θεοῦ
668 2958 723 3012 δὲ
745 2958 895 3022 ὄντος
927 2958 1070 3012 κατὰ
1099 2956 1261 3027 φύσιν
1290 2956 1383 3011 τοῦ
1413 2956 1645 3027 Πατρὸς,
1668 2955 1801 3019 Θεός

202 3057 333 3107 ἐστι
363 3052 503 3107 κατὰ
531 3052 692 3120 φύσιν
715 3052 809 3105 καὶ
843 3054 871 3105 6
895 3052 1020 3115 Υἱός
1040 3068 1053 3083 ο
1094 3051 1245 3105 οὐδὲν
1278 3050 1389 3122 ἄρα
1418 3048 1625 3111 διοίσει,
1661 3047 1801 3101 κατά

1905 1944 2209 2013 perfectum
2259 1963 2289 2000 a
2330 1947 2578 2017 perfecto
2605 1952 2794 2006 multis
2844 1954 3155 2009 rationibus
3186 1955 3483 2028 distingui-

1905 2044 2016 2101 tur,
2059 2044 2351 2107 utrumque
2390 2055 2517 2096 vero
2564 2041 2749 2096 divina
2789 2058 3009 2116 quoque
3057 2054 3257 2101 natura
3290 2048 3479 2101 eodem

1904 2128 2069 2181 modo
2094 2130 2349 2199 suscipit,
2384 2133 2687 2202 composita
2721 2134 2891 2204 igitur
2936 2137 3062 2202 erit,
3090 2146 3144 2191 et
3193 2153 3305 2193 non
3347 2139 3481 2193 sim-

1906 2220 2049 2288 plex.
2080 2219 2184 2274 Sed
2224 2220 2409 2277 forsan
2443 2223 2587 2278 dicet
2624 2226 2922 2296 quispiam,
2966 2230 3246 2283 contraria
3285 2230 3339 2283 in
3369 2246 3479 2283 uno

1904 2313 2153 2382 subjecto
2202 2315 2366 2368 simul
2426 2331 2535 2370 non
2569 2333 2732 2387 posse
2783 2320 3069 2388 exsistere,
3104 2331 3163 2376 ut
3210 2322 3265 2376 in
3319 2324 3481 2393 118

1903 2418 2157 2474 corpore,
2192 2405 2425 2475 exempli
2457 2422 2649 2473 causa,
2676 2409 2835 2464 albus
2859 2411 3013 2466 color
3042 2427 3107 2467 ac
3138 2412 3292 2483 niger
3314 2414 3477 2467 simul

1902 2510 2026 2550 esse
2072 2502 2374 2563 nequeunt.
2402 2495 2547 2551 Bene
2589 2498 2775 2565 habet,
2819 2500 3029 2568 amice;
3064 2504 3275 2557 nostris
3311 2502 3480 2557 dictis

1901 2586 2124 2656 egregie
2164 2595 2221 2640 tu
2252 2602 2473 2656 quoque
2504 2588 2846 2660 suffragaris.
2874 2590 3012 2645 Nam
3044 2592 3090 2646 si
3129 2608 3236 2647 una
3269 2600 3354 2649 est
3385 2609 3480 2647 na-

1903 2685 2025 2732 tura
2086 2678 2302 2742 divina,
2350 2694 2451 2733 nec
2495 2688 2691 2748 prater
2734 2697 2853 2735 eam
2910 2683 3080 2737 altera
3111 2723 3125 2748 ,
3181 2686 3479 2754 quomodo,

1904 2785 2111 2839 quaso,
2135 2767 2386 2823 admittet
2415 2771 2731 2825 contraria?
2752 2774 3031 2842 quomodo
3066 2775 3119 2829 in
3151 2792 3318 2830 unum
3348 2779 3481 2831 sub-

1897 2864 2104 2933 jectum
2134 2877 2256 2931 qua
2284 2862 2425 2916 inter
2456 2877 2517 2917 se
2542 2863 2833 2918 dissimilia
2872 2873 3001 2920 sunt
3031 2868 3481 2922 convenient?At

1900 2969 2025 3008 cum
2063 2952 2223 3007 Pater
2253 2952 2399 3007 Deus
2431 2954 2503 3009 sit
2536 2954 2840 3009 secundum
2877 2966 3153 3026 naturam,
3174 2957 3315 3015 Deus
3340 2976 3480 3030 quo-

1901 3060 2009 3116 que
2052 3046 2355 3100 secundum
2387 3055 2643 3101 naturam
2690 3057 2774 3102 est
2796 3046 2968 3103 Filius
2995 3069 3008 3103 :
3036 3051 3170 3104 nihil
3215 3066 3345 3122 ergo
3375 3053 3482 3106 dif-

199 3162 270 3213 γε
315 3144 381 3196 τὸ
431 3140 571 3196 εἶναι
604 3141 825 3207 τέλειος,
853 3140 929 3205 ὡς
958 3142 1094 3215 πρὸς
1130 3142 1220 3195 τὸν
1249 3140 1489 3211 Πατέρα,
1522 3139 1618 3209 τῆς
1648 3137 1798 3201 θείας

1904 3138 2041 3194 feret
2074 3139 2164 3194 ille
2193 3154 2223 3193 a
2248 3137 2432 3202 Patre,
2460 3142 2673 3195 ratione
2703 3140 3088 3210 perfectionis,
3124 3144 3219 3214 qui
3258 3160 3323 3200 ex
3359 3146 3480 3216 ejus

200 3237 379 3291 αὐτοῦ
413 3236 509 3289 καὶ
540 3234 883 3304 τελειοτάτης
904 3233 1091 3297 οὐσίας
1122 3231 1478 3301 ὲκπεφυκὼς·
1505 3230 1537 3302 ἢ
1566 3230 1674 3300 γὰρ
1698 3228 1797 3282 οὐκ

1901 3231 2085 3286 divina
2116 3241 2170 3287 et
2213 3231 2618 3302 perfectissima
2650 3232 2961 3288 substantia
2994 3237 3283 3305 processit.
3311 3235 3481 3293 Num-

199 3330 428 3400 ἀνάγκη
456 3327 657 3381 τέλειον
704 3323 842 3380 εἶναι
875 3326 1091 3388 πάντως
1140 3325 1229 3379 τὸν
1259 3325 1323 3376 ὲκ
1372 3321 1573 3376 τελείου
1604 3320 1797 3391 γεννή-

199 3439 391 3494 τορος,
430 3420 586 3493 εἴπερ
635 3419 781 3472 ἐστὶν
810 3417 975 3471 αὑτοῦ
1026 3416 1121 3470 καλ⁸
1170 3414 1586 3486 ἀπαράλλακτος
1612 3411 1796 3477 εἰκὼν,

199 3517 306 3571 καὶ
351 3513 639 3585 χαρακτὴρ
681 3512 784 3583 τῆς
832 3509 1185 3573 ὑποστάσεως
1208 3549 1222 3573 ,
1254 3506 1397 3562 καθὰ
1435 3507 1743 3577 γέγραπται
1780 3522 1795 3571 ;

217 3605 388 3671 Ἀλλ’,
418 3599 593 3674 οἶμαι,
625 3604 733 3666 πᾶς
753 3619 834 3665 τις
860 3602 991 3672 ἡμῖν
1018 3600 1234 3669 συνερεῖ
1272 3598 1366 3652 καὶ
1396 3596 1737 3669 συνθήσεται·
1762 3596 1795 3666 ἢ

199 3696 420 3765 λεγέτω
448 3695 610 3750 πάλιν
637 3696 715 3756 είς
744 3693 908 3763 μέσον
946 3688 1133 3756 ἐλθὼν,
1160 3688 1304 3742 κατὰ
1334 3692 1455 3741 τίνα
1479 3688 1679 3759 τρόπον
1703 3687 1795 3740 τοῦ

199 3789 418 3842 τελείου
444 3787 654 3858 Πατρὸς
680 3783 1093 3855 ἀπαράλλακτος
1122 3781 1276 3835 ἔσται
1309 3780 1593 3852 χαρακτὴρ
1616 3780 1644 3832 6
1671 3778 1798 3841 Υἱὸς

198 3882 311 3935 οὐκ
360 3880 497 3950 ἔχων
541 3880 599 3933 ὲν
644 3876 749 3949 ἰδίᾳ
782 3875 940 3945 φύσει
987 3876 1048 3927 τδ
1078 3871 1218 3927 εἶναι
1256 3873 1479 3938 τέλειος,
1514 3872 1655 3925 κατὰ
1698 3873 1796 3942 τήν

197 3990 375 4026 τινων
417 3969 757 4025 δυσϐουλίαν.
824 3966 1040 4037 Ἐπειδὴ
1091 3965 1149 4020 δέ
1195 3966 1311 4018 ἐστι
1364 3963 1651 4036 χαρακτὴρ
1701 3964 1797 4018 καὶ

198 4062 398 4129 εἰκὼν,
425 4062 627 4125 τέλειος
653 4061 763 4132 ἄρα
780 4058 874 4113 καὶ
899 4058 1061 4121 αὐτὸς
1098 4057 1173 4120 ὼς
1198 4058 1421 4121 ἐκεῖνος,
1450 4050 1510 4107 οὗ
1534 4056 1628 4109 καὶ
1651 4055 1797 4109 ἔστιν

196 4155 397 4210 εἰκών.
454 4153 590 4207 Ἀλλ’
629 4148 757 4217 εἶδε,
810 4150 995 4222 φησὶν,
1048 4149 1300 4219 Ἰωάννης
1360 4148 1419 4212 ἐξ
1455 4145 1687 4218 οὐρανοῦ
1737 4146 1798 4201 τὸ

198 4245 443 4315 Πνεῦμα
468 4243 793 4299 καταϐαῖνον
826 4242 919 4294 ἐπὶ
960 4240 1053 4294 τὸν
1096 4239 1245 4305 Υἱὸν,
1280 4240 1375 4293 καὶ
1412 4237 1647 4291 ἐπακτὸν
1683 4238 1796 4308 ἔχει

194 4337 297 4391 τδν
316 4336 605 4407 ἁγιασμδν·
627 4331 960 4405 δέχεταιγάρ
980 4331 1055 4395 ῶς
1077 4331 1177 4384 οὐκ
1198 4330 1333 4400 ἔχων
1346 4328 1714 4400 δηλαδή.”Ωρα
1731 4328 1795 4398 δὴ

195 4426 300 4483 οὖν
337 4426 639 4498 ἀναφανδὸν
674 4424 887 4495 ποίημα
918 4422 1016 4495 μὲν
1045 4422 1224 4491 λέγειν
1256 4420 1437 4487 αὑτὸν,
1466 4419 1620 4491 ὀλίγῃ
1645 4419 1796 4490 μόλις

1898 3323 2030 3393 quid
2061 3323 2233 3391 enim,
2265 3338 2478 3393 quaso,
2502 3338 2731 3378 necesse
2754 3338 2862 3378 non
2897 3333 2982 3380 est
3006 3341 3129 3380 eum
3154 3342 3277 3383 esse
3300 3329 3481 3400 perfe-

1898 3425 2070 3479 ctum,
2087 3416 2179 3485 qui
2199 3432 2261 3471 ex
2279 3416 2523 3486 perfecto
2537 3424 2621 3471 est
2636 3413 2819 3483 Patre,
2835 3417 3101 3486 siquidem
3114 3418 3238 3487 ejus
3254 3428 3337 3475 est
3355 3436 3478 3475 cum

1898 3524 1995 3579 per
2018 3510 2201 3562 omnia
2230 3509 2425 3564 similis
2451 3506 2653 3579 imago,
2674 3516 2788 3563 tum
2820 3510 3147 3565 substantia
3170 3511 3479 3576 character,

1899 3606 1959 3654 ut
2017 3602 2284 3671 scriptum
2335 3608 2421 3655 est
2453 3600 2548 3653 '°?
2603 3600 2708 3655 Sed
2759 3616 2922 3655 nemo
2974 3616 3085 3655 non
3142 3604 3483 3660 assentietur

1899 3691 2080 3757 nobis,
2114 3692 2333 3762 opinor,
2387 3702 2441 3747 et
2490 3691 2882 3763 suffragabitur
2934 3712 2948 3748 :
2994 3694 3200 3765 alioqui
3251 3697 3481 3766 prodeat

1899 3797 2098 3838 rursus
2133 3783 2187 3837 in
2222 3783 2483 3847 medium,
2514 3792 2568 3839 et
2603 3785 2754 3838 dicat
2786 3784 3066 3856 quomodo
3104 3786 3331 3857 perfecti
3375 3789 3479 3843 Pa-

1898 3874 2002 3929 tris
2057 3872 2281 3929 futurus
2345 3875 2417 3929 sit
2476 3876 2820 3945 aqualis'in
2881 3878 3143 3933 omnibus
3193 3880 3482 3937 character

1897 3962 2095 4030 Filius,
2144 3964 2190 4019 si
2239 3972 2437 4019 natura
2491 3981 2589 4021 sua
2639 3965 2929 4036 perfectus
2983 3983 3105 4025 esse
3149 3970 3371 4039 nequit,
3420 3980 3481 4025 ut

1898 4058 2065 4113 stulte
2107 4056 2333 4127 quidam
2377 4057 2645 4112 sentiunt.
2683 4056 2822 4112 Cum
2864 4068 3045 4114 autem
3088 4059 3159 4115 sit
3192 4061 3481 4117 character
3588 4094 3591 4095 ν

1897 4155 1953 4203 et
1988 4146 2192 4218 imago,
2228 4145 2509 4217 perfectus
2546 4148 2717 4218 igitur
2758 4164 2977 4219 quoque
3019 4150 3125 4205 erit
3172 4166 3282 4206 non
3315 4167 3478 4207 secus

1898 4254 1962 4293 ac
1988 4238 2078 4293 ille
2105 4238 2268 4309 cujus
2294 4246 2380 4293 est
2413 4240 2616 4309 imago.
2651 4237 2757 4294 Sed
2803 4239 3047 4295 Joannes
3076 4241 3239 4305 vidit,
3273 4241 3475 4312 inquit,

1900 4327 2171 4397 Spiritum
2201 4328 2630 4384 descendentem
2672 4329 2741 4384 de
2781 4330 2921 4385 calo
2964 4346 3133 4401 super
3158 4330 3356 4387 Filium
3407 4335 3474 4398 ",

1897 4426 1952 4473 et
2007 4419 2077 4473 ab
2131 4419 2242 4473 alio
2292 4419 2787 4475 sanctificationem
2844 4420 3010 4475 habet
3057 4437 3071 4475 :
3119 4436 3238 4477 eam
3278 4424 3479 4496 quippe

199 4521 453 4590 ὑπεροχῇ
507 4516 840 4589 τιμώμενον,
889 4516 948 4568 ὲν
991 4515 1083 4585 ἴση
1142 4513 1200 4567 δὲ
1252 4512 1405 4578 τάξει
1456 4513 1567 4575 τοῖς
1618 4510 1798 4574 ἄλλοις

1902 4513 2160 4584 suscipit,
2191 4523 2249 4568 ut
2283 4514 2375 4584 qui
2410 4528 2519 4567 non
2550 4513 2771 4578 habeat,
2797 4515 3031 4571 scilicet.
3066 4515 3327 4589 Sequitur
3347 4536 3478 4591 ergo

195 4610 584 4680 τελειούμενόν
648 4625 707 4661 τε
765 4608 860 4662 καὶ
910 4605 1303 4677 ἀγιαζόμενον,
1350 4604 1445 4658 καὶ
1496 4602 1789 4674 ἐπίκτητον

196 4703 401 4774 ἔχοντα
426 4701 523 4773 τὴν
564 4702 673 4754 τῶν
705 4698 923 4768 ἀγαθῶν
952 4697 1214 4771 χορηγίαν
1249 4712 1264 4728 ο
1289 4690 1408 4749 εἶτα
1438 4694 1557 4758 πῶς
1588 4695 1648 4747 οὐ
1677 4693 1791 4746 δια-

192 4794 467 4865 ψεύσεται
496 4793 668 4861 λέγων
694 4793 723 4845 6
754 4790 1162 4861 εὐαγγελιστὴς,
1198 4808 1215 4839 ι
1259 4789 1383 4841 Ὅτι
1432 4788 1497 4840 ὲκ
1530 4785 1624 4840 τοῦ
1656 4785 1792 4855 πλη-

196 4887 460 4958 ρώματος
505 4884 670 4939 αὑτοῦ
705 4886 863 4955 ἡμεῖς
908 4884 1107 4946 πάντες
1134 4881 1428 4951 ὲλάϐομεν;
1460 4900 1479 4933 ι
1517 4880 1641 4943 Πῶς
1680 4878 1790 4948 γὰρ

193 4979 363 5032 ἔσται
396 4976 609 5049 πλήρης
655 4978 713 5029 ὲν
765 4976 873 5046 ἰδίᾳ
925 4973 1082 5043 φύσει
1134 4972 1426 5042 λαμϐάνων
1453 4971 1614 5035 αὐτὸς
1655 4972 1787 5041 παρ’

194 5070 290 5123 ἑτέ
302 5085 428 5140 ρου;
468 5069 502 5139 ἢ
534 5066 651 5131 πῶς
694 5066 759 5120 ἂν
780 5066 916 5129 ὅλως
970 5066 1141 5119 νοοῖτο
1170 5064 1358 5135 Πατὴρ
1390 5064 1418 5115 6
1443 5062 1596 5129 Θεὸς,
1636 5063 1792 5133 εἰπερ

194 5161 327 5213 ἐστὶ
370 5160 581 5229 ποίημα
626 5158 720 5211 καὶ
768 5157 888 5228 οὐχὶ
936 5157 1135 5228 μᾶλλον
1186 5154 1312 5219 Υἱὸς
1360 5155 1388 5206 6
1427 5154 1737 5223 Μονογενής
1774 5170 1788 5219 ;

194 5251 573 5323 Ψευδώνυμος
596 5252 725 5322 γάρ,
758 5250 824 5305 ἂν
852 5249 1023 5315 οὕτως
1046 5248 1167 5321 ἔχῃ,
1197 5248 1290 5301 καὶ
1318 5247 1478 5310 αὐτὸς
1509 5246 1663 5299 ἔσται
1685 5247 1793 5298 Πα-

192 5346 334 5415 τὴρ,
376 5343 605 5415 ἀλήθεια
657 5344 715 5397 δὲ
766 5342 1016 5414 οὐδαμῶς
1066 5343 1095 5395 6
1150 5342 1275 5405 Υἱὸς
1300 5381 1315 5405 ,
1342 5339 1494 5393 νόθον
1537 5338 1675 5408 ἔχων
1708 5336 1793 5408 ἐφ’

194 5436 387 5508 ἑαυτῷ
418 5438 480 5491 τὸ
517 5436 732 5502 ἀξίωμα
751 5478 767 5504 ,
798 5438 893 5491 καὶ
945 5436 1105 5507 μέχρι
1134 5433 1355 5505 γυμνῶν
1405 5433 1663 5503 ῥημάτων
1697 5430 1795 5502 τὴν

198 5529 603 5600 προσηγορίαν.
654 5529 947 5601 Οἰχήσεται
985 5528 1050 5598 δὴ
1091 5522 1184 5580 οὖν
1237 5526 1317 5589 είς
1364 5524 1514 5578 οὐδὲν
1548 5523 1609 5576 τὸ
1660 5521 1795 5592 σύμ-

197 5638 320 5674 παν
346 5623 498 5692 ἡμῖν,
524 5621 647 5676 οὔτε
700 5621 796 5675 τοῦ
830 5621 1044 5693 Πατρὺς
1072 5621 1191 5675 κατ’
1218 5618 1473 5690 ἀλήθειαν
1496 5616 1646 5682 ὄντος
1674 5617 1789 5671 Ila-

285 5805 335 5837 ⁸⁸
373 5804 491 5860 Col.
545 5822 584 5875 ι,
620 5807 722 5875 lii;
756 5804 920 5863 Hebr.
956 5821 994 5873 ι,
1033 5807 1087 5863 '5.

1899 4607 2077 4676 ipsum
2113 4615 2301 4675 aperte
2331 4605 2627 4661 dicendum
2660 4622 2783 4662 esse
2810 4617 3146 4676 creaturam,
3175 4612 3267 4681 qui
3308 4628 3474 4683 parva

1897 4697 2230 4753 eXCellentia
2262 4698 2352 4752 vix
2406 4699 2479 4753 sit
2523 4707 2775 4763 ornatus,
2808 4708 2861 4753 et
2904 4700 3133 4770 perinde
3177 4710 3343 4774 atque
3386 4719 3476 4760 res

1898 4797 2114 4844 catera
2170 4788 2493 4860 perﬁciatur
2544 4800 2598 4845 et
2632 4790 3032 4857 sanctificetur,
3069 4802 3124 4848 et
3171 4810 3271 4849 sua
3330 4795 3474 4850 bona

1900 4880 2124 4935 aliunde
2175 4881 2464 4951 suscipiat.
2503 4878 2574 4933 At
2622 4881 2715 4952 qui
2765 4898 2874 4936 non
2921 4884 3215 4939 mentietur
3240 4899 3475 4955 evange-

1898 4973 2027 5030 lista
2075 4974 2268 5030 dicens
2328 4993 2339 5027 :
2410 4992 2427 5024 ι
2479 4973 2618 5041 Quia
2676 4975 2743 5030 de
2801 4976 3142 5046 plenitudine
3202 4977 3323 5047 ejus
3370 4994 3473 5034 nos

1899 5082 2095 5123 omnes
2148 5067 2462 5137 accepimus
2486 5069 2566 5122 ἠ
2599 5088 2617 5120 ι
2653 5067 2938 5134 Quomodo
2980 5069 3124 5124 enim
3161 5069 3250 5123 ille
3278 5070 3471 5140 plenus

1900 5160 2005 5216 erit
2040 5161 2094 5214 in
2134 5176 2235 5217 sna
2258 5146 2479 5229 natura,
2507 5162 2601 5232 qui
2646 5162 2715 5216 ab
2759 5163 2870 5216 alio
2900 5161 3146 5231 accepit?
3178 5161 3287 5216 Aut
3336 5178 3475 5234 quo-

1898 5253 2086 5322 modo,
2119 5270 2328 5325 quaso,
2358 5252 2525 5308 Pater
2546 5254 2863 5309 censebitur
2901 5268 3023 5308 esse
3070 5251 3234 5320 Deus,
3259 5253 3306 5308 si
3338 5254 3473 5310 Uni-

1898 5348 2122 5418 genitus
2160 5353 2415 5402 creatura
2444 5354 2552 5411 est,
2583 5360 2690 5400 non
2720 5353 2900 5399 autem
2928 5342 3137 5401 Filius?
3163 5344 3284 5415 Ipse
3325 5347 3470 5401 enim

1898 5440 2063 5496 Pater
2087 5439 2229 5496 falso
2259 5456 2481 5511 quoque
2518 5438 2953 5508 nuucupabitur,
2976 5446 3031 5493 et
3059 5439 3262 5494 veritas
3293 5440 3474 5493 neuti-

1902 5546 2066 5602 quam
2092 5530 2200 5586 erit
2233 5528 2429 5595 Filius,
2469 5529 2715 5600 spuriam
2747 5528 2960 5584 habens
2990 5528 3045 5583 in
3077 5529 3263 5599 seipso
3288 5527 3474 5598 digni-

1897 5631 2090 5690 tatem,
2112 5631 2167 5680 et
2194 5622 2465 5679 vocabulo
2495 5630 2657 5678 tenus
2688 5620 3130 5692 appellationem.
3158 5619 3216 5677 In
3242 5619 3475 5675 nihilum

1162 5808 1205 5838 ἰ
1237 5803 1397 5861 Joan.
1436 5802 1604 5875 1,52.
1678 5804 1723 5836 "
1750 5801 1889 5860 ibid.
1926 5801 2014 5856 16.
