4118 6586
679 380 782 437 199

1678 374 1734 431 S.
1777 370 2052 428 CYRILLI
2095 368 2563 426 ALEXANDRINI
2603 372 2927 429 ARCHlEP.

3834 390 3923 445 200

674 512 807 569 ergo
834 496 992 568 plane
1018 502 1263 559 corruet,
1291 507 1420 549 cum
1452 506 1632 562 neque
1653 490 1815 547 Pater
1837 508 1963 548 vere
1984 490 2056 547 sit
2076 488 2254 552 Pater,

2362 487 2510 558 τρὸς,
2525 487 2648 542 οὔτε
2678 489 2784 562 μὴν
2808 490 2902 544 τοῦ
2924 491 3056 544 Υἰοῦ
3079 490 3235 546 τοῦτο
3252 495 3395 548 κατά
3415 494 3574 564 φύσιν
3590 496 3922 571 ὑπάρχοντος.

674 606 857 662 neque
892 588 1064 643 Filius
1098 587 1405 642 secundum
1440 593 1699 638 naturam
1747 585 1820 640 sit
1867 585 1923 639 id
1955 585 2102 656 quod
2137 599 2263 639 esse

675 684 897 738 dicitur.
948 679 1047 734 Sin
1108 686 1291 733 autem
1345 676 1508 731 Pater
1547 690 1673 731 vere
1721 685 1807 732 est
1856 676 2022 742 Deus,
2071 676 2262 747 utique

676 776 844 831 habet
891 774 943 828 id
990 772 1151 840 cujus
1196 778 1282 827 est
1313 768 1496 837 Pater,
1528 768 1729 824 Filium
1764 768 2037 833 videlicet,
2064 769 2156 840 qui
2193 784 2262 824 ex

677 870 797 940 ipso
838 867 1135 938 processit.
1193 865 1263 919 At
1297 865 1575 936 quomodo
1631 880 1726 936 per
1780 874 2030 918 naturam
2069 870 2261 918 sancta

678 960 865 1015 Deitas
895 957 1097 1013 Filium
1123 958 1437 1013 sanctitatis
1475 964 1754 1028 expertem
1808 956 2012 1027 gignet,
2044 962 2099 1010 et
2143 954 2262 1008 fru-

675 1058 823 1104 ctum
850 1049 974 1103 edet
1021 1050 1137 1104 suis
1170 1049 1602 1119 proprietatibus
1644 1047 2161 1106 destitutumiNam
2211 1047 2260 1104 si

675 1138 899 1193 aliunde
944 1137 1442 1194 sanctiﬁcationem
1486 1140 1691 1204 habet,
1729 1148 1787 1195 ut
1836 1140 1914 1194 illi
1960 1146 2256 1209 nugantur,

676 1247 902 1288 necesse
945 1240 1031 1287 est
1074 1230 1163 1287 vel
1210 1231 1413 1287 invitos
1467 1231 1620 1303 ipsus
1670 1231 1851 1296 fateri,
1879 1247 1989 1287 non
2041 1244 2260 1301 semper

676 1322 849 1378 fuisse
887 1331 1169 1386 sanetum,
1218 1322 1315 1378 sed
1356 1330 1474 1378 tum
1529 1322 1753 1378 demum
1804 1322 2098 1386 exstitisse,
2131 1336 2256 1377 cum

676 1414 947 1483 Spiritus,
971 1422 1029 1468 ut
1054 1415 1251 1470 scribit
1283 1412 1549 1478 Joannes,
1577 1413 1863 1471 descendit
1892 1429 2060 1484 super
2105 1429 2255 1469 eum.

675 1510 962 1576 Quomodo
1002 1511 1169 1582 igitur
1198 1521 1427 1567 sanctus
1462 1518 1585 1566 erat
1629 1510 1795 1566 etiam
1833 1518 1961 1564 ante
2002 1508 2260 1563 incarna-

677 1604 881 1659 tionem
930 1604 1091 1674 119
1128 1604 1333 1660 Filius?
1357 1602 1449 1658 Sic
1483 1602 1630 1658 enim
1659 1603 1837 1672 ipsum
1863 1600 2146 1656 celebrant
2172 1614 2259 1656 se-

674 1695 885 1764 raphim
905 1695 1108 1767 hymno
1135 1696 1227 1750 illo
1252 1696 1479 1765 trisagio
1506 1710 1620 1765 quo
1647 1709 1749 1749 vox
1776 1694 1890 1759 illa,
1925 1691 2251 1757 «Sanctum:

668 1796 756 1842 ter
786 1804 814 1841 a
843 1788 1021 1857 primo
1042 1788 1109 1842 ad
1137 1787 1358 1842 tertium
1386 1786 1680 1842 ordinatim
1713 1786 2002 1857 repetitur.
2034 1783 2091 1841 Si
2124 1799 2256 1856 ergo

674 1886 898 1932 sanctus
927 1885 1065 1943 erat,
1102 1877 1268 1933 etiam
1301 1888 1428 1934 ante
1465 1877 1929 1941 incarnationem,
1977 1878 2088 1933 imo
2126 1892 2259 1933 vero

673 1984 799 2022 cum
828 1966 991 2022 Patre
1048 1983 1264 2038 semper
1295 1968 1619 2034 exsistebat,
1678 1968 1961 2039 quomodo
2017 1968 2261 2025 sanctiﬁ-

673 2068 835 2116 cante
900 2061 1211 2132 indigebat,
1277 2060 1441 2132 idque
1502 2061 1823 2118 novissimis
1893 2062 2255 2133 temporibus,

673 2151 899 2222 quando
946 2153 1207 2207 nimirum
1254 2151 1432 2208 factus
1482 2162 1568 2209 est
1616 2153 1830 2209 homo?
1877 2154 2045 2210 Miror
2076 2163 2257 2211 autem

672 2260 784 2313 quo
814 2252 973 2316 pacto
1008 2245 1141 2300 illud
1175 2261 1273 2302 eos
1315 2246 1489 2317 fugiat
1524 2262 1650 2302 cum
1688 2247 1894 2317 alioqui
1944 2247 2257 2304 sciscitato-

672 2353 763 2393 res
795 2337 908 2393 sint
959 2345 1123 2408 atque
1152 2339 1403 2395 curiosi:
1451 2339 1771 2395 necessarie
1819 2339 2083 2396 nimirum
2144 2348 2261 2397 sta-

671 2430 939 2486 tuendum
968 2446 1092 2486 esse
1126 2432 1324 2487 Filium
1355 2432 1658 2504 aliquando
1682 2448 1846 2504 posse
1874 2448 2094 2504 quoque
2128 2448 2258 2489 san-

671 2522 915 2578 ctitatem
946 2522 1212 2593 ‘abjicere,
1244 2524 1289 2580 si
1353 2539 1464 2579 non
1511 2536 1597 2581 est
1629 2526 1679 2579 ei
1712 2525 2119 2590 substantialis,
2160 2525 2256 2582 sed

670 2616 900 2687 perinde
922 2630 985 2671 ac
1009 2617 1168 2673 nobis
1190 2626 1284 2672 aut
1309 2618 1474 2674 alicui
1508 2619 1664 2673 alteri
1695 2627 1968 2675 creatura:
2000 2620 2257 2676 rationali

668 2709 890 2765 accidit.
923 2709 1081 2777 Quod
1118 2722 1298 2769 autem
1332 2712 1777 2769 sanctificatione
1799 2713 2030 2778 excidit,
2074 2728 2257 2771 nonne

668 2801 835 2856 etiam
871 2802 1081 2872 peccati
1117 2803 1355 2859 vinculis
1394 2812 1482 2860 est
1513 2804 1839 2871 obnoxium,
1886 2813 1942 2861 et
1977 2805 2032 2861 in
2063 2807 2255 2861 vitium

668 2894 897 2955 labitur,
938 2910 1046 2949 non
1072 2895 1183 2965 jam
1216 2897 1461 2952 retinens
1492 2895 1547 2952 in
1578 2897 1763 2968 seipse
1821 2897 1875 2953 id
1914 2913 2027 2969 quo
2061 2898 2254 2953 vitium

670 2986 1011 3055 superabat?
1046 2987 1217 3058 Igitur
1245 3003 1316 3044 ne
1362 2989 1762 3058 immutabilem
1793 2990 2014 3061 quidem
2054 2990 2253 3048 Filium

670 3080 1090 3148 comperiemus,
1129 3088 1184 3134 et
1213 3078 1508 3137 Psalmista
1535 3097 1761 3154 quoque
1799 3083 2101 3138 mentietur
2126 3099 2254 3140 cum

670 3168 726 3222 in
774 3167 982 3239 Spiritu
1036 3169 1105 3224 ad
1143 3169 1326 3242 ipsum
1370 3172 1616 3229 clamat:
1680 3194 1699 3229 ‹
1751 3175 1834 3232 Tu
1873 3184 2059 3233 autem
2111 3176 2254 3233 idem

670 3260 790 3328 ipse
815 3275 877 3317 es
900 3262 972 3317 ”.
1011 3279 1031 3315 ι
1081 3261 1381 3330 Praeterea,
1424 3264 1560 3322 illud
1590 3282 1814 3339 quoque
1849 3268 2256 3324 observandum

669 3364 771 3417 est,
806 3354 955 3425 quod
984 3356 1177 3413 eodem
1212 3359 1495 3429 pertinet:
1537 3358 1825 3425 nimirum,
1856 3359 1914 3415 id
1940 3358 2088 3432 quod
2131 3374 2259 3430 par-

672 3447 864 3519 ticipat
897 3448 1043 3503 aliud
1076 3451 1269 3520 procul
1302 3450 1471 3507 dubie
1501 3452 1763 3523 quiddam
1789 3469 1912 3510 esse
1940 3461 2138 3508 natura
2187 3454 2258 3509 ab

670 3553 736 3593 eo
762 3538 909 3609 quod
940 3540 1323 3613 participatur.
1354 3542 1491 3597 Nam
1525 3544 1574 3600 si
1600 3560 1794 3601 verum
1826 3545 1975 3601 istud
2006 3561 2118 3601 non
2149 3554 2255 3609 est,

674 3644 775 3684 nec
811 3631 1043 3686 alterum
1074 3634 1144 3689 ab
1174 3633 1349 3689 altero
1375 3636 1488 3692 ullo
1518 3636 1685 3693 modo
1721 3638 1926 3707 diﬂ‘ert,
1985 3640 2257 3710 suiipsius

672 3718 949 3787 particeps
982 3720 1092 3775 erit
1121 3723 1497 3796 quodcunque
1534 3736 1621 3783 est
1675 3729 1914 3799 alicujus
1956 3731 2255 3800 particeps,

670 3809 819 3877 quod
878 3812 961 3865 vel
1014 3815 1257 3884 cogitare
1315 3825 1402 3872 est
1440 3818 1929 3876 absurdissimum.
1968 3821 2257 3888 Quomodo

668 3902 812 3956 enim
840 3902 1042 3974 aliquis
1070 3906 1156 3962 sui
1186 3909 1461 3981 particeps
1489 3926 1613 3967 esse
1637 3914 1997 3969 censebitur?
2017 3915 2172 3982 Quod
2207 3917 2253 3974 si

671 3993 908 4048 naturali
937 3993 1263 4053 diversitate
1304 3999 1540 4055 invicem
1577 4002 1668 4056 illa
1701 4005 2016 4061 necessario
2045 4006 2257 4063 discre-

669 4093 822 4153 pant,
853 4085 1077 4141 videant
1099 4089 1192 4158 qui
1224 4088 1523 4160 Unigenito
1570 4090 1839 4163 Spiritum
1875 4110 1998 4150 esse
2025 4106 2256 4153 conten-

668 4176 806 4231 dunt
829 4193 928 4248 per
963 4179 1467 4251 participationem,
1519 4196 1783 4254 quantam
1817 4186 1872 4240 in
1911 4187 2252 4258 impietatem

668 4269 841 4324 nescii
890 4270 1251 4341 praecipitent.
1286 4271 1423 4327 Nam
1465 4274 1510 4329 si
1567 4276 1848 4347 particeps
1896 4277 2136 4346 Spiritus
2170 4291 2255 4337 est

666 4360 862 4429 Filius,
894 4372 1122 4419 sanctus
1156 4377 1339 4420 autem
1372 4376 1570 4422 natura
1600 4375 1684 4423 est
1712 4368 1975 4439 Spiritus,
2012 4386 2119 4426 non
2148 4373 2255 4427 erit

667 4463 894 4509 sanctus
927 4456 1043 4525 ipse
1070 4471 1169 4526 per
1193 4465 1473 4520 naturam,
1511 4459 1608 4515 sed
1640 4460 1867 4517 alterius
1902 4463 2255 4533 conjunctio-

2368 577 2506 651 ὅπερ
2535 574 2673 634 εἶναι
2704 581 2942 650 λέγεται.
2974 584 3036 636 Εἰ
3054 583 3109 637 δὲ
3133 586 3350 655 ἀληθῶς
3378 587 3567 659 Πατήρ
3589 590 3734 645 ἐστιν
3752 591 3924 660 όΘεδς,

2367 670 2482 741 ἔχει
2511 669 2577 742 δὴ
2605 671 2844 739 πάντως,
2867 667 2928 726 οὗ
2951 675 3044 727 καὶ
3067 674 3183 729 ἐστι
3205 677 3417 749 Πατὴρ,
3450 678 3578 733 Υίὸν
3599 680 3835 751 δηλονότι
3850 685 3926 738 τὺν

2367 761 2430 827 ἐξ
2458 762 2645 817 αὐτοῦ.
2662 759 2794 818 Εἶτα
2819 764 2937 829 πῶς
2957 765 3147 836 ἡξκατά
3171 767 3332 835 φύσιν
3356 768 3487 838 άγία
3500 769 3928 845 Θεότης,άγιότη-

2366 870 2459 918 τος
2500 853 2707 926 ἔρημον
2732 854 2795 909 τὸ
2814 855 2875 921 ἐξ
2899 857 3070 927 αὑτῆς
3094 858 3438 927 ἀποτέξεται,
3454 860 3550 915 καὶ
3576 863 3779 932 γυμνὸν
3818 866 3929 936 ἡμῖν

2366 944 2477 1000 τῶν
2495 945 2634 1016 αὐτῇ
2656 946 2971 1017 προσόντων
3002 948 3309 1018 ἰδιωμάτων
3338 952 3430 1005 τὸν
3455 954 3653 1008 οἰκεῖον
3682 956 3929 1011 ἀποδώσει

2367 1035 2581 1107 καρπόν
2600 1054 2614 1102 ;
2638 1037 2701 1089 Et
2718 1038 2824 1108 γὰρ
2845 1036 2958 1109 ἔχει
2982 1038 3073 1091 τὸν
3090 1040 3360 1111 ἀγιασμὸν
3384 1043 3642 1111 ἐπακτὸν,
3664 1044 3740 1108 ὼς
3756 1048 3929 1101 ἐκεῖνοι

2367 1124 2659 1199 ληροῦντές
2692 1145 2854 1197 φασι·
2881 1130 3094 1202 ἀνάγκη
3146 1130 3210 1203 δὴ
3243 1135 3394 1188 πᾶσα
3452 1136 3828 1206 συνομολογεῖν
3852 1141 3929 1194 καὶ

2366 1225 2466 1295 οὐχ
2485 1224 2711 1289 ἑκόντας
2734 1225 2953 1291 αὐτοὺς,
2973 1227 3049 1291 ὡς
3077 1222 3145 1298 ἦν
3176 1229 3276 1300 μὲν
3309 1230 3463 1300 ἅγιος
3490 1232 3592 1287 οὐκ
3620 1233 3707 1288 ἀεί
3732 1251 3745 1265 ·
3764 1233 3928 1303 γέγονε

2364 1316 2424 1371 δὲ
2458 1315 2708 1390 ὕστερον,
2748 1318 2835 1373 ὅτε
2862 1321 2956 1375 καὶ
2984 1320 3044 1374 τὸ
3072 1320 3296 1393 Πνεῦμα
3326 1324 3706 1396 καταὸέϐηκεν
3744 1329 3827 1381 ἐπ’
3850 1330 3932 1381 αὑ-

2363 1410 2477 1475 τὸν,
2507 1409 2584 1475 ὡς
2609 1411 2639 1463 6
2676 1412 2928 1485 Ἰωάννης
2950 1415 3117 1485 φησί·
3158 1415 3276 1480 πῶς
3313 1412 3407 1471 οὖν
3434 1417 3591 1487 ἆγιος
3618 1414 3687 1491 ἦν
3716 1420 3805 1472 καὶ
3841 1420 3932 1490 πρὸ

2364 1501 2464 1571 τῆς
2515 1502 2846 1573 σαρκώσεως
2882 1508 2912 1560 6
2941 1505 3102 1575 Υἱός;
3141 1508 3328 1573 Οὕτως
3371 1510 3483 1581 γὰρ
3516 1510 3681 1565 αὑτὸν
3715 1510 3930 1576 ὲδοξολό-

2366 1610 2454 1660 γει
2485 1593 2552 1649 τά
2602 1597 2847 1669 σεραφὶμ
2887 1599 2979 1652 ἐπὶ
3002 1598 3096 1654 τὸν
3129 1601 3313 1673 τρίτον
3344 1602 3544 1672 ἑφεξῆς
3589 1601 3819 1674 ἀριθμὸν
3843 1605 3933 1658 est

2362 1685 2460 1739 τοῦ
2484 1686 2725 1758 πρώτου,
2757 1690 2819 1743 τὸ
2848 1690 3017 1761 ἅγιος
3042 1692 3322 1764 στοιχηδὸν
3353 1693 3719 1765 ἀναφέροντα.
3749 1694 3933 1749 Οὐκοῦν
4020 1711 4027 1719 '

2365 1774 2525 1850 εἴπερ
2549 1777 2702 1844 ἀγιος
2727 1773 2817 1849 ἦν,
2838 1781 2933 1834 καὶ
2957 1781 3064 1853 πρὸ
3090 1781 3193 1852 τῆς
3234 1783 3728 1856 ὲνανθρωπήσεως,
3757 1786 3933 1854 μᾶλλον

2289 1854 2333 1911 Β
2362 1870 2418 1924 δὲ
2453 1871 2716 1943 ὑπάρχων
2766 1873 2853 1927 ἀεὶ
2899 1874 3039 1946 μετὰ
3074 1876 3171 1929 τοῦ
3216 1854 3452 1947 Πατρὸς,
3501 1854 3620 1941 πῶς
3661 1877 3831 1931 ἐδεῖτο
3856 1878 3932 1932 τοῦ

2367 1964 2701 2034 ἀγιάζοντος,
2732 1968 2828 2020 καὶ
2851 1966 3009 2022 τοῦτο
3034 1969 3092 2022 έν
3136 1968 3383 2041 ὑπέροις
3412 1973 3639 2042 καιροῖς,
3688 1972 3775 2025 ὅτε
3802 1971 3934 2040 γέγο-

2365 2075 2452 2112 νεν
2505 2058 2792 2132 ἄνθρωπος
2824 2077 2839 2127 ;
2873 2062 3152 2133 Θαυμάζω
3181 2062 3239 2116 δὲ
3283 2063 3433 2126 ὅπως
3485 2063 3686 2128 αὐτοὺς
3740 2064 3933 2117 κάκεῖνο

2364 2151 2636 2218 λανθάνει,
2672 2153 2846 2207 καίτοι
2884 2154 3005 2209 λίαν
3034 2155 3192 2218 ὄντας
3234 2155 3629 2227 φιλοζητητάς·
3663 2155 3700 2227 ἥ
3729 2156 3833 2227 γὰρ
3852 2156 3935 2209 οὐκ

2363 2245 2579 2317 ἀνάγκη
2610 2249 2773 2312 νοεῖν,
2796 2247 3055 2302 δύνασθαί
3084 2265 3213 2302 ποτε
3248 2248 3338 2302 τὸν
3362 2248 3492 2303 Υἱδν
3522 2249 3617 2303 καὶ
3645 2248 3935 2303 ἀποπτύσαι

2362 2339 2454 2392 τὸν
2483 2338 2773 2409 ἀγιασμὸν,
2801 2340 2957 2412 εἴπερ
2973 2340 3074 2392 οὑκ
3092 2338 3239 2392 ἔστιν
3270 2338 3532 2409 οὑσιώδης
3558 2340 3616 2392 ὲν
3645 2338 3813 2409 αὐτῷ,
3837 2355 3937 2391 σνν-

2364 2430 2462 2501 ἐὸη
2485 2431 2541 2485 δὲ
2571 2430 2759 2501 ὥσπερ
2788 2432 2939 2502 ἡμῖν.
2973 2431 3068 2485 καὶ
3089 2430 3261 2503 ἑτέρῳ
3296 2432 3396 2486 τινὶ
3424 2431 3533 2484 τῶν
3570 2431 3807 2501 λογικῶν
3833 2448 3934 2485 κτι-

2366 2523 2627 2594 σμάτων;
2651 2524 2724 2577 Τὸ
2751 2519 2807 2578 δὲ
2840 2524 3126 2596 ἁγιότητος
3161 2524 3415 2590 ἐκπεσὸν,
3467 2523 3589 2594 οὐχ).
3632 2523 3700 2595 δὴ
3742 2524 3935 2587 πάντως

2363 2614 2517 2668 ἔσται
2548 2615 2644 2669 καὶ
2696 2617 2801 2670 ὑπὸ
2829 2618 2897 2673 τὰ
2919 2618 3018 2686 τῆς
3063 2616 3341 2688 ἁμαρτίας
3365 2615 3563 2688 δεσμὰ,
3596 2616 3695 2670 καὶ
3738 2614 3934 2670 ὀκλάσει

2363 2706 2501 2777 πρὸς
2532 2706 2591 2760 τὸ
2628 2709 2826 2781 χεῖρον,
2860 2707 3046 2762 οὐκέτι
3063 2707 3331 2773 διασῶζον
3362 2707 3499 2779 πρὸς
3522 2706 3585 2761 τὸ
3618 2706 3935 2777 φαυλότητος

2363 2799 2468 2865 ἔξω
2487 2800 2739 2869 γενέσθαι
2768 2799 2956 2853 ποιοῦν
2979 2816 2994 2865 ;
3023 2798 3232 2854 Οὐκοῦν
3281 2799 3401 2853 οὑδὲ
3433 2797 3797 2861 ἀναλλοίωτος
3822 2799 3934 2867 ἡμῖν

2362 2893 2392 2945 6
2437 2891 2565 2956 Υίδς
2609 2892 2997 2964 εὑρεθήσεται,
3027 2891 3375 2962 διαψεὺσεται
3411 2891 3470 2946 δὲ
3493 2889 3589 2945 καὶ
3633 2893 3664 2945 6
3702 2889 3933 2961 Μελφδδς

2363 2986 2422 3040 ὲν
2450 2984 2748 3054 Πνεῦματι,
2782 3002 2801 3036 ι
2856 2985 2929 3038 Σὺ
2959 2984 3016 3038 δὲ
3053 2985 3083 3038 6
3125 2984 3289 3048 αὐτὸς
3317 2979 3387 3052 εἷ,
3438 3001 3458 3035 ι
3495 2982 3654 3054 βοῶν,
3698 2982 3778 3046 ὼς
3816 2980 3935 3052 πρὸς

2363 3078 2546 3133 αὐτόν.
2583 3077 2727 3150 Πρὸς
2755 3076 2812 3130 δέ
2844 3094 2908 3145 γε
2937 3080 3051 3141 τοϊς
3086 3076 3400 3148 εἰρημένοις
3431 3073 3836 3148 περιαθρείσθω
3855 3073 3934 3127 καὶ

2362 3167 2542 3235 τοῦτο,
2574 3168 2810 3239 συγγενῆ
2836 3168 2938 3238 τὴν
2956 3166 3191 3238 θεωρίαν
3221 3161 3497 3237 εἰσφέρον,
3539 3164 3633 3219 τοῦ
3665 3162 3934 3236 μετίσχον-

2359 3279 2450 3326 τος
2483 3262 2545 3315 τὸ
2585 3259 2949 3331 μετεχόμενον
2976 3258 3163 3330 ἔτερόν
3189 3275 3240 3312 τι
3277 3258 3419 3313 κατά
3457 3257 3556 3330 τὴν
3582 3255 3751 3327 φύσιν
3781 3255 3935 3326 ὑπάρ-

2358 3369 2494 3424 χειν,
2523 3352 2858 3408 ἀπαστισοῦν
2892 3351 3191 3419 ἀναγκάσει
3225 3349 3399 3419 λόγος.
3444 3350 3508 3404 ΕΞ
3534 3348 3644 3421 γὰρ
3677 3349 3758 3422 μὴ
3797 3346 3936 3403 τοῦτό

2360 3447 2507 3500 ἐστιν
2545 3445 2742 3516 ἀληθὲς
2768 3486 2781 3508 ,
2811 3444 3002 3498 διοίσει
3036 3444 3093 3497 δὲ
3138 3445 3258 3497 κατ’
3292 3442 3487 3497 οὐδένα
3538 3442 3746 3515 τρόπον
3778 3442 3936 3496 έκεῖνο

2360 3522 2499 3611 πρὸς
2537 3537 2696 3591 τοῦτο
2718 3576 2733 3601 ,
2766 3538 2860 3591 καὶ
2912 3536 3026 3590 ἔστι
3056 3536 3276 3601 ταυτὸν,
3306 3535 3501 3589 ἑαυτοῦ
3536 3536 3770 3606 μέτοχον
3799 3534 3933 3587 ἔσται

2358 3631 2420 3683 τό
2456 3647 2599 3692 τινος
2644 3627 2889 3698 μετέχον,
2924 3628 3063 3698 ὅπερ
3094 3627 3212 3680 ἐστὶ
3244 3628 3339 3682 καὶ
3372 3627 3533 3699 μόνον
3579 3628 3785 3681 ἐννοεῖν
3825 3624 3936 3679 ἀπί-

2359 3720 2538 3775 θανον.
2588 3718 2712 3784 Πῶς
2738 3720 2847 3790 γὰρ
2872 3719 2937 3773 ἀν
2968 3736 3052 3782 τις
3097 3719 3293 3772 ἑαυτοῦ
3330 3722 3503 3772 νοοῖτο
3535 3716 3885 3790 μετεσχηκώς
3918 3734 3932 3781 ;

2358 3812 2423 3864 Εί
2449 3811 2506 3864 δὲ
2551 3813 2728 3864 κεῖται
2762 3812 2980 3873 πάντως
3027 3811 3085 3863 ἐν
3133 3810 3416 3881 ἑτερότητι
3461 3813 3664 3881 φυσικῇ
3696 3814 3765 3882 τῇ
3814 3809 3935 3881 πρὸς

2357 3903 2563 3975 ἄλληλα
2590 3904 2657 3957 τὰ
2695 3904 2982 3975 εἰρημένα,
3026 3903 3121 3958 καὶ
3147 3902 3426 3974 διατέμνει
3465 3904 3623 3973 λόγος
3650 3905 3934 3972 ἀναγκαῖος

2356 3997 2517 4059 αὑτὰ,
2550 3997 2833 4069 όράτωσαν
2855 3998 2902 4051 οἱ
2925 3998 2989 4051 ἐκ
3013 3998 3245 4069 μετοχῆς
3271 3998 3332 4051 τὸ
3362 3996 3585 4068 Πνεῦμα
3605 3996 3839 4059 διδόντες
3866 3994 3934 4065 τῷ

2356 4089 2655 4157 Μονογενεῖ
2682 4128 2696 4151 ,
2738 4087 2875 4158 πρὸς
2938 4088 3071 4159 ὅσην
3132 4088 3634 4151 κατολισθαίνοντες
3691 4086 3933 4141 ἀσέσειαν

2355 4181 2457 4235 οὐκ
2484 4180 2846 4236 αἰσθάνονται.
2875 4180 2938 4233 Εἰ
2961 4181 3069 4252 γάρ
3093 4182 3320 4252 μέτοχός
3360 4182 3480 4234 ἐστι
3506 4179 3600 4234 τοῦ
3627 4181 3933 4252 Πνεῦματος
3984 4174 3987 4177 ’

2355 4274 2385 4327 ό
2412 4274 2558 4338 Υἱὸς,
2585 4273 2740 4342 ἅγιον
2760 4272 2818 4325 δὲ
2851 4275 2915 4344 τῇ
2948 4272 3107 4342 φύσει
3135 4274 3196 4327 τὸ
3224 4272 3451 4345 Πνεῦμά
3472 4274 3643 4337 ἔστιν,
3664 4273 3767 4327 οὐκ
3795 4273 3932 4326 ἔσται

2357 4364 2497 4419 κατὰ
2528 4364 2689 4433 φύσιν
2720 4363 2876 4432 ἆγιος
2912 4365 3093 4427 αὐτός’
3132 4363 3345 4436 ἐδείχθη
3391 4364 3449 4418 δὲ
3493 4363 3652 4417 τοῦτο
3685 4364 3841 4435 μόλις
3873 4364 3930 4434 τῇ

2356 4456 2493 4527 πρὸς
2516 4455 2703 4528 ἕτερον
2738 4455 3047 4528 συμπλοκῇ,
3077 4455 3214 4526 πρὸς
3251 4455 3313 4510 τὸ
3337 4457 3634 4529 άμεινον,ἢ
3664 4457 3724 4509 ὲν
3750 4450 3931 4525 οἷσπερ

667 4561 738 4602 ne
762 4546 854 4600 vix
888 4547 1106 4602 tandem
1138 4548 1274 4604 illud
1314 4558 1652 4608 consecutus
1703 4562 1811 4618 est,
1841 4555 1906 4610 ad
1967 4556 2248 4612 meliorem

2358 4547 2422 4622 ἦν
2488 4551 2670 4622 ἀρχῇ.
2720 4549 2861 4604 κατά
2932 4550 3092 4621 χάριν
3156 4550 3736 4620 μεταστοιχειοὺμενος
3767 4565 3782 4579 °
3828 4548 3931 4602 ἀλλ’

667 4642 875 4689 statum
903 4650 1067 4706 quam
1104 4636 1264 4692 initio
1294 4653 1393 4708 per
1436 4640 1672 4711 gratiam
1725 4642 2085 4702 reformatus.
2140 4645 2248 4703 Sed

666 4727 851 4782 videat
877 4742 1077 4783 rursus
1108 4726 1203 4782 Dei
1236 4729 1411 4786 hostis
1448 4741 1713 4802 quantam
1749 4735 1803 4789 in
1841 4736 2247 4794 absurditatem

666 4821 761 4875 illa
783 4819 1059 4876 desinant.
1086 4819 1329 4876 Primum
1352 4824 1497 4879 enim
1535 4826 1925 4883 alterationem
1945 4832 2247 4901 quamdam

663 4920 719 4967 et
753 4912 1135 4977 mutationem,
1174 4913 1339 4969 sicuti
1370 4915 1482 4987 jam
1519 4926 1681 4975 antea
1744 4920 1883 4987 dixi,
1943 4924 2250 4992 comperie-

663 5021 788 5061 mus
845 5020 970 5062 esse
998 5005 1052 5060 in
1084 5003 1268 5061 Filio:
1307 5008 1355 5063 si
1409 5017 1654 5066 mutatus
1687 5023 1869 5069 autem
1904 5014 1996 5079 sit,
2056 5023 2115 5068 ut
2151 5030 2247 5071 vos

662 5099 853 5165 vultis,
881 5107 936 5154 et
964 5098 1261 5171 profecerit
1302 5099 1358 5156 in
1414 5102 1634 5166 melius,
1668 5102 1831 5161 Patre
1885 5109 2074 5164 nescio
2102 5123 2245 5179 quo-

662 5191 823 5246 modo
859 5193 1040 5247 minor
1071 5200 1177 5257 est,
1243 5192 1341 5248 sed
1371 5204 1426 5249 et
1470 5194 1650 5265 major
1710 5196 1929 5252 demum
1966 5199 2076 5266 ﬁet,
2134 5215 2246 5270 quo

663 5291 823 5350 pacto
851 5299 1004 5350 vero,
1038 5284 1309 5352 dicemus,
1340 5302 1408 5342 ex
1446 5285 1749 5359 Scripturae
1779 5289 1979 5347 divina:
2006 5294 2246 5348 auctori-

663 5378 793 5427 tate.
851 5371 1016 5429 Divus
1068 5374 1275 5433 Paulus
1312 5378 1379 5434 de
1433 5379 1553 5449 ipso
1590 5381 1795 5436 alicubi
1850 5383 2010 5440 inﬁt:
2064 5405 2081 5437 ‹
2124 5385 2239 5441 Hoc

664 5463 866 5519 sentite
903 5466 957 5519 in
994 5468 1172 5534 vobis,
1203 5469 1349 5541 quod
1383 5481 1439 5526 et
1468 5471 1523 5526 in
1546 5472 1767 5529 Christo
1791 5473 1951 5531 Jesu:
1985 5478 2077 5547 qui
2111 5493 2239 5533 cum

660 5555 714 5609 in
752 5554 927 5610 forma
960 5556 1055 5613 Dei
1084 5572 1250 5627 esset,
1287 5577 1396 5618 non
1419 5565 1667 5635 rapinam
1693 5566 1993 5624 arbitratus
2010 5579 2092 5623 est
2118 5586 2241 5627 esse

658 5664 717 5704 se
745 5643 1010 5720 aequalein
1047 5652 1178 5720 Deo,
1213 5655 1311 5711 sed
1354 5659 1711 5729 semetipsum
1744 5661 2068 5728 exinanivit,
2122 5663 2241 5720 for-

725 5823 926 5886 ”Psal.
950 5845 1022 5901 ει,
1056 5832 1140 5888 15.

2354 4642 2537 4713 ὁράτω
2560 4642 2722 4695 πάλιν
2753 4643 2782 4695 6
2814 4640 3101 4711 θεομάχος,
3133 4641 3213 4704 εἰς
3261 4642 3393 4713 ὅσην
3447 4643 3596 4712 αὐτῷ
3627 4641 3932 4696 δυσσέϐειαν

2355 4734 2725 4808 καταστρέφει
2756 4734 2824 4787 τὰ
2872 4733 3254 4805 προϐλήματα.
3307 4733 3531 4804 Πρῶτον
3580 4736 3677 4805 μὲν
3708 4736 3820 4806 γὰρ
3849 4735 3934 4789 ἀλ·

2354 4826 2570 4890 λοίωσίς
2600 4844 2683 4890 τις
2737 4827 2830 4880 καὶ
2854 4826 3051 4899 τροπὴ,
3086 4826 3340 4899 καθάπερ
3362 4827 3462 4899 ἤδη
3498 4830 3782 4899 προεῖπον,
3816 4826 3935 4899 περὶ

2351 4923 2445 4976 τὸν
2475 4922 2603 4975 Υἱδν
2647 4921 3000 4993 εὑρεθήσεται
3032 4937 3047 4952 ο
3076 4921 3387 4985 momen;
3409 4921 3467 4975 δὲ
3493 4920 3617 4975 καθ’
3648 4922 3817 4993 ὑμᾶς,
3846 4921 3932 4974 καὶ

2354 5013 2635 5087 προκόψας
2667 5013 2758 5066 ἐπὶ
2782 5012 2842 5066 τὸ
2863 5012 3105 5084 ἄμεινον,
3138 5014 3236 5082 οὑχ
3265 5013 3414 5075 ὅπως
3445 5010 3685 5065 ἐλάττων
3711 5012 3828 5065 ἐστὶ
3848 5010 3931 5063 τοῦ

2346 5105 2582 5180 Πατρὸς,
2616 5104 2731 5160 ἀλλ’
2762 5106 2864 5177 ἤδη
2911 5121 3030 5167 πως
3072 5105 3167 5157 καὶ
3202 5107 3259 5157 ὲν
3313 5104 3526 5174 μείζοσι
3559 5102 3803 5172 γεγονὼς
3830 5103 3930 5156 δει-

2343 5200 2625 5273 χθήσεται’
2658 5200 2751 5253 καὶ
2765 5200 2933 5265 ὅπως,
2963 5196 3217 5270 ἐροῦμεν,
3244 5196 3351 5250 ἀπὸ
3374 5196 3476 5267 τῆς
3501 5195 3651 5260 θείας
3686 5195 3933 5257 λαϐόντες

2344 5293 2587 5366 Γραφῆς·
2629 5291 2687 5346 Ὀ
2721 5291 3007 5354 θεσπέσιος
3038 5288 3249 5353 Παῦλος
3282 5289 3409 5360 περὶ
3429 5288 3594 5343 αὑτοῦ
3636 5288 3741 5342 πού
3780 5303 3926 5358 φησι·

2354 5408 2373 5441 ι
2400 5387 2572 5442 Τοῦτο
2603 5385 2867 5458 φρονείτω
2902 5385 3133 5448 ἕκαστος
3170 5384 3230 5437 ὲν
3260 5384 3411 5454 ὑμῖν,
3440 5382 3468 5436 ό
3502 5383 3595 5435 καὶ
3638 5384 3697 5435 ἐν
3716 5379 3933 5454 Χριστῷ

2363 5478 2557 5553 Ἰησοῦ,
2584 5478 2643 5541 ὃς
2679 5479 2736 5531 ὲν
2779 5479 2959 5548 μορφῇ
3006 5474 3143 5529 Θεοῦ
3185 5474 3481 5547 ὑπάρχων,
3513 5474 3609 5545 οὐχ
3644 5470 3930 5546 ἁρπαγμὸν

2349 5574 2595 5647 ἡγήσατο
2624 5570 2685 5624 τὸ
2717 5563 2856 5624 εἶναι
2891 5568 2981 5623 ῐσα
3010 5566 3150 5641 Θεῷ,
3182 5568 3299 5622 ἀλλ’
3328 5567 3521 5621 ἑαυτὸν
3548 5567 3781 5621 ὲκένωσε
3805 5580 3930 5636 μορι

2351 5667 2456 5737 φὴν
2489 5664 2675 5719 δούλου
2707 5660 2909 5729 λαϐὼν,
2940 5662 2997 5717 ὲν
3034 5659 3341 5732 ὁμοιώματι
3369 5659 3674 5732 ἀνθρώπων
3705 5658 3929 5731 γενόμε-
