4118 6584
244 445 331 501 ρἋ
1267 442 1337 493 IN
1374 439 1657 495 JOANNIS
1693 437 2138 496 EVANGELIUM
2178 443 2306 503 LIB.
2339 445 2404 499 11.

3246 453 3452 509 ’202

244 572 341 620 νος.
364 554 450 606 καὶ
480 551 710 621 σχήματι
736 551 976 622 εὑρεθεὶς
1003 553 1078 615 ὡς
1100 552 1398 624 ἄνθρωπος,
1429 554 1787 607 ἐταπείνωσεν

1898 567 2034 608 mam
2065 558 2210 611 servi
2260 557 2559 629 accipiens,
2623 561 2676 615 in
2719 560 3129 620 similitudinem
3170 565 3450 626 honnnum

244 645 450 703 ἑαυτόν·
487 663 504 693 ι
548 644 635 695 ὅτε
679 643 857 697 τοίνυν
897 643 1004 714 πρὸ
1046 645 1144 715 μὲν
1187 648 1285 715 τῆς
1331 644 1789 716 ὲνανθρωπήσεως

242 732 302 810 ἧν
336 736 389 788 ὲν
420 735 591 804 μορφῇ
627 734 720 786 xui
769 733 976 805 ἰσότητι
1024 734 1115 787 τοῦ
1166 734 1378 805 Πατρὸς
1400 773 1415 798 ,
1444 734 1584 787 κατὰ
1611 734 1666 786 δὲ
1696 733 1789 786 τὸν

242 830 331 898 τῆς
362 823 812 894 ὲνανθρωπήσεως
841 824 1032 895 χρόνον
1060 826 1119 879 τὸ
1150 825 1373 895 Πνεῦμα
1405 823 1582 877 λαϐὼν
1604 821 1664 887 ἐξ
1701 822 1791 874 οὑ·-

198 893 218 953 3
245 893 391 990 ρανοῦ
418 893 666 986 ηγιάσοηί
694 915 813 969 κατ’
844 893 1120 979 ίὲκείνους,
1158 893 1421 987 κρείττων
1470 932 1527 969 τε
1558 915 1673 984 ἅμα.
1698 913 1791 966 xui

245 1009 426 1081 μείζων
458 1005 648 1061 ἑαυτοῦ
692 1006 780 1060 διά
818 1006 1021 1078 ταύτην
1050 1007 1420 1077 ἀναπέφανται
1461 1006 1559 1078 τὴν
1592 1004 1788 1067 αἰτίαν,

244 1100 505 1171 ὑπεραίρει
554 1100 793 1171 δηλονότι
851 1100 1037 1155 λοιπὸν
1082 1100 1268 1155 καὶτὸ
1312 1099 1406 1154 τοῦ
1440 1100 1791 1172 γεννήσαντος

244 1193 441 1265 μέτρον.
472 1192 581 1245 Καὶ
606 1193 654 1244 εί
676 1192 736 1244 τὸ
759 1191 980 1263 Πνεῦμα
1007 1191 1187 1245 λαϐὼν
1207 1193 1288 1255 είς
1312 1192 1371 1245 τὸ
1398 1191 1792 1262 ὑπερεπέκεινα

242 1284 325 1337 τοῦ
370 1282 576 1353 Πατρὸς
621 1282 959 1352 ἀναϐέϐηκεν
1002 1282 1238 1354 ἀξίωμα,
1269 1285 1513 1353 κρεῖττον
1543 1283 1649 1350 ἄρα
1677 1282 1793 1334 ἐστὶ

240 1375 292 1427 τὸ
326 1372 540 1442 Πνεῦμα
586 1374 678 1426 xui.
734 1374 897 1427 αὑτοῦ
946 1374 1193 1447 Πατρὸς,
1236 1375 1334 1445 τὴν
1373 1377 1489 1429 κατ’
1515 1375 1675 1428 αὑτοῦ
1717 1374 1793 1445 τῷ

242 1464 345 1534 Υἰῷ
389 1461 740 1535 χαριζόμενον
777 1464 1068 1535 ὑπεροχήν.
1110 1465 1206 1528 Τίς
1255 1460 1346 1517 οὖν
1386 1464 1493 1535 ἄρα
1539 1464 1632 1517 xui
1659 1462 1794 1534 πρὸς

241 1557 393 1626 μόνην
420 1557 517 1608 οὑκ
563 1554 852 1626 ἁποφρίξει
896 1555 993 1628 τὴν
1037 1558 1205 1627 ἀκοήν
1230 1574 1245 1623 ;
1275 1556 1521 1610 Χαλεπὸν
1553 1556 1648 1626 μὲν
1682 1556 1794 1626 γὰρ

238 1648 389 1710 ὅντως
416 1646 504 1700 xui
532 1646 594 1699 τὸ
631 1647 717 1699 διὰ
748 1646 857 1701 τῶν
885 1647 1137 1701 τοιούτων
1177 1648 1310 1701 ἰέναι
1339 1647 1512 1715 λόγων
1537 1663 1547 1676 ·
1585 1646 1698 1698 ἔστι
1732 1659 1795 1713 γε

238 1739 336 1810 μὴν
360 1740 451 1809 οὑχ
479 1739 683 1809 ἑτέρως
718 1737 787 1791 τὰ
814 1738 879 1791 ὲκ
909 1738 1006 1807 τῆς
1044 1738 1265 1791 ἐκείνων
1292 1737 1618 1807 δυστροπίας
1660 1740 1797 1790 ἀπο-

239 1828 553 1901 κρούσασθαι
606 1829 796 1901 βλάϐη.
840 1830 932 1883 Διὸ
961 1829 1025 1900 δὴ
1078 1829 1240 1882 πάλιν
1281 1828 1515 1899 ἐροῦμεν
1570 1829 1749 1890 αὑτοῖς
1775 1845 1790 1859 ο

236 1923 281 1972 εί
300 1922 379 1972 ὅτε
405 1919 627 1987 γέγονεν
659 1920 943 1992 ἄνθρωπος
975 1922 1002 1973 6
1026 1919 1119 1972 τοῦ
1148 1919 1282 1972 Θεοῦ
1314 1920 1484 1987 Λόγος
1510 1920 1790 1988 ἁγιάζεται

234 2012 292 2065 τὸ
321 2011 536 2081 Πνεῦμα
586 2009 799 2063 λαϐών·
843 2010 947 2082 πρὸ
998 2010 1055 2063 δὲ
1089 2011 1187 2080 τῆς
1239 2009 1699 2080 ἐνανθρωπήσεως
1726 2004 1793 2078 ἦν

235 2099 289 2151 ὲν
314 2101 481 2168 μορφῇ
510 2099 608 2151 xui
638 2099 841 2169 ἰσότητι
866 2098 961 2150 τοῦ
990 2098 1220 2169 Πατρὸς,
1247 2096 1396 2151 οὔπω
1418 2097 1535 2151 κατ’
1553 2098 1793 2160 ἐκείνους

238 2190 571 2259 ἡγιασμένος,
604 2188 724 2259 ὥρα
748 2190 927 2258 λέγειν
962 2189 1465 2261 ἀποτολμήσαντας,
1501 2188 1654 2257 ἅγιον
1692 2188 1793 2242 οὑκ

238 2278 361 2335 εἶναι
384 2281 471 2334 τὸν
503 2281 638 2333 Θεὸν
668 2282 758 2335 καὶ
790 2280 1027 2353 Πατέρα,
1068 2282 1225 2352 εἴπερ
1255 2282 1389 2344 ὅλως
1417 2282 1446 2333 6
1474 2279 1795 2351 σύμμορφός

238 2391 289 2426 τε
340 2373 429 2426 καὶ
480 2372 598 2436 ἶσος
635 2372 785 2443 αὑτῷ
816 2373 956 2426 κατά
984 2372 1158 2426 πάντα
1188 2373 1379 2441 Λόγος,
1414 2370 1568 2439 ἅγιος
1607 2372 1705 2424 οὑκ
1727 2367 1794 2441 ἧν

239 2465 290 2518 ἐν
322 2463 475 2535 ἀρχῇ,
507 2466 568 2517 ὲν
596 2465 843 2535 ὑστέροις
875 2464 932 2517 δὲ
973 2463 1123 2534 μόλις
1155 2462 1313 2516 τοῦτο
1343 2463 1532 2532 γέγονε
1563 2465 1791 2534 καιροῖς.

239 2553 337 2606 Καὶ
373 2555 559 2607 πάλιν·
595 2557 642 2608 εί
682 2557 843 2619 αὑτός
870 2557 985 2608 ἐστι
1031 2556 1232 2627 κυρίως
1260 2557 1288 2608 6
1332 2555 1424 2608 τοῦ
1463 2554 1595 2609 Θεοῦ
1624 2556 1796 2623 Λόγος

239 2644 292 2696 τὸ
336 2644 560 2715 Πνεῦμα
592 2646 920 2718 λαμϐάνων,
951 2648 1045 2701 καὶ
1079 2645 1434 2716 ἀγιαζόμενος
1468 2647 1525 2697 ἐν
1560 2646 1664 2715 ίδίᾳ
1694 2646 1795 2714 φῦ·

240 2752 330 2799 σει,
364 2736 671 2804 λεγέτωσαν
726 2739 855 2809 ¹ἡμῖν
896 2740 943 2791 οί
994 2738 1060 2791 δι’
1099 2738 1363 2801 ἐναντίας,
1397 2737 1623 2807 πότερόν
1666 2754 1795 2789 ποτε

240 2822 425 2892 μείζων
456 2825 653 2879 ἑαυτοῦ
688 2827 965 2896 γέγονενῆ
1000 2826 1312 2897 ὲλάττων,ἢ
1357 2828 1451 2879 καὶ
1491 2826 1704 2896 ἔμεινεν
1740 2828 1797 2879 ἐν

236 2916 507 2987 ταυτότητι
546 2917 703 2970 τοῦτο
754 2918 959 2972 παθών.
992 2917 1054 2972 Εί
1110 2919 1207 2988 μὲν
1252 2918 1361 2989 γὰρ
1401 2918 1551 2970 οὐδὲν
1599 2917 1663 2969 ἐκ
1703 2916 1795 2969 τοῦ

238 3005 540 3076 Πνεῦματος
572 3010 684 3078 ἔχει
713 3010 772 3060 τὸ
798 3009 977 3073 πλέον,
1012 3008 1162 3078 μένει
1195 3008 1252 3062 δὲ
1286 3008 1427 3061 οὕτω
1452 3007 1704 3078 καθάπερ
1730 3004 1798 3079 ἦν

234 3096 453 3161 όαὺτὸς,
499 3098 578 3168 μὴ
614 3097 962 3162 σκανδαλίζου
998 3097 1311 3168 μανθάνων,
1358 3099 1441 3152 ὅτι
1490 3096 1798 3168 καταϐέϐη-

238 3205 324 3239 κεν
356 3190 437 3241 ὲπ⁹
469 3189 654 3243 αὑτόν.
690 3191 752 3242 Ei
779 3189 835 3242 δὲ
875 3189 1103 3260 ἠδικήθη
1150 3188 1347 3255 λαϐὼν,
1373 3189 1468 3243 xui
1492 3191 1715 3260 γέγονεν
1741 3192 1799 3243 ὲν

236 3277 502 3342 ἐλάττοσι,
536 3277 780 3347 παθητὸν
826 3280 954 3348 ἡμῖν
999 3278 1250 3341 εἰσοίσεις
1302 3278 1394 3331 τὸν
1452 3279 1625 3347 Λόγον
1653 3318 1667 3343 ,
1702 3279 1798 3330 xui

239 3371 630 3441 κατηγορήσεις
665 3370 766 3439 τῆς
830 3369 1017 3433 οὐσίας
1068 3369 1160 3422 τοῦ
1200 3370 1412 3441 Πατρὸς
1437 3410 1451 3435 ,
1487 3369 1798 3433 ἀδικοῦντος

239 3461 461 3530 μᾶλλον,
505 3462 541 3532 ἢ
598 3462 931 3531 ἀγιάζοντος.
978 3462 1041 3514 Εἰ
1088 3461 1143 3514 δὲ
1190 3461 1428 3532 ἀμείνων
1483 3460 1691 3531 ἐδείχθη
1738 3460 1799 3512 τὸ

240 3552 451 3622 Πνεῦμα
468 3552 673 3617 λαϐὼν,
702 3549 769 3624 ἦν
801 3554 856 3606 δὲ
881 3555 975 3607 xui
1009 3555 1067 3606 ἐν
1113 3555 1290 3624 μορφῇ
1326 3553 1420 3606 xui
1462 3553 1666 3623 ἰσότητι
1706 3552 1797 3605 τοῦ

237 3643 458 3714 Πιτρδς,
493 3645 592 3698 xui
643 3646 771 3715 πρὶν
804 3645 964 3698 αὑτὸν
992 3644 1344 3715 βελτιωθῆναι
1373 3644 1495 3697 καθ’
1520 3645 1683 3715 ὑμᾶς,
1700 3644 1801 3697 οὑκ

236 3737 310 3799 εἰς
358 3737 640 3807 ἀκρότητα
687 3735 843 3805 δόξης
892 3736 1231 3805 ἀναϐέϐηκεν
1263 3738 1292 3789 6
1330 3736 1546 3807 Πατὴρ,
1588 3734 1703 3788 ἀλλ’
1742 3736 1799 3787 ὲν

236 3828 453 3892 ἐκείνοις
493 3829 650 3881 ἔσται
696 3831 809 3891 τοῖς
843 3828 1079 3899 μέτροις,
1108 3829 1166 3880 ἐν
1196 3821 1389 3897 οἷσπερ
1429 3822 1496 3897 ἦν
1526 3828 1622 3879 σὺν
1652 3824 1800 3895 αὑτῷ

236 3916 555 3987 σὺμμορφός
604 3934 664 3969 τε
700 3918 795 3971 καὶ
853 3917 967 3980 ίσος
1010 3915 1272 3987 ὑπάρχων
1308 3917 1337 3969 6
1365 3915 1500 3985 πρὸς
1531 3915 1592 3968 τὸ
1618 3916 1801 3985 μεῖζον

234 4004 582 4075 ἀναπηδήσας
619 4004 769 4068 Υἱός.

300 4185 571 4256 Εῦκαιρον
621 4178 717 4236 οὖν
759 4178 911 4252 οἶμαι
966 4180 1146 4249 λέγειν
1180 4180 1271 4233 ἐπὶ
1307 4181 1420 4242 τοῖς
1460 4177 1803 4242 ἀπαιδεύτοις

235 4279 527 4348 αἱρετικοῖς
568 4293 583 4306 ·
666 4295 684 4327 ι
724 4275 855 4329 Ἰδοὺ
914 4274 1041 4338 λαὸς
1098 4274 1317 4344 μωρὸς,
1374 4270 1469 4325 xui
1525 4272 1799 4343 ἀκάρδιος·

235 4367 497 4437 ὀφθαλμοὶ
532 4368 751 4431 αὑτοῖς,
790 4365 883 4418 xui
916 4366 976 4417 οὑ
1013 4363 1317 4434 βλέπουσιν.
1348 4380 1366 4413 ι
1424 4361 1802 4432 ’Δπετὺφλωσε

236 4459 335 4530 γὰρ
368 4460 537 4523 ὅντως
567 4460 596 4511 6
627 4458 758 4520 Θεὸς
787 4456 881 4509 τοῦ
914 4456 1106 4518 αἰῶνος
1132 4454 1321 4507 τούτου
1343 4453 1412 4507 τὰ
1428 4455 1673 4523 νοήματα
1693 4453 1804 4506 τῶν

1889 643 2090 709 Iactus,
2136 656 2191 702 et
2242 651 2403 720 120
2461 650 2651 707 habitu
2723 654 2981 711 inventus
3013 666 3073 710 ut
3123 656 3304 723 homo,
3345 661 3452 715 hu-

1890 738 2122 795 miliavit
2152 744 2507 813 semetipsum
2532 746 2598 799 ".
2640 764 2657 797 ι
2721 747 2859 802 Cum
2890 764 3021 819 ergo
3050 757 3177 804 ante
3198 751 3452 807 incarna-

1890 830 2094 883 tionem
2142 842 2290 887 esset
2346 833 2612 889 informa
2642 844 2697 891 et
2748 839 3059 909 aequalitate
3097 840 3298 907 Patris,
3356 843 3451 899 sed

1889 920 2290 978 incarnationis
2362 930 2610 994 tempore
2672 926 2897 983 coalitus
2949 938 3173 1000 accepto
3240 931 3449 1003 Spiritu

1890 1010 2267 1068 sanctiﬁcatus
2298 1013 2394 1077 sit,
2429 1022 2488 1068 ut
2514 1014 2590 1069 illi
2619 1017 2831 1079 volunt,
2870 1019 3170 1090 meliorque
3200 1029 3253 1076 et
3278 1023 3452 1094 major

1891 1101 2072 1170 seipso
2129 1103 2270 1158 hanc
2320 1107 2389 1159 ob
2447 1122 2671 1161 causam
2735 1107 3007 1174 redditus,
3070 1111 3249 1179 major
3282 1114 3449 1167 etiam

1890 1189 2050 1245 Patre
2079 1191 2256 1249 factus
2287 1202 2371 1249 est
2402 1195 2677 1251 videlicet.
2708 1194 2855 1263 Iam,
2884 1198 2928 1251 si
2962 1198 3194 1267 accepto
3239 1200 3450 1270 Spiritu

1892 1282 2032 1336 ultra
2065 1282 2384 1354 dignitatem
2410 1284 2588 1343 Patris
2616 1293 2701 1341 est
2731 1297 2976 1353 evectus,
3005 1290 3261 1359 superior
3290 1292 3457 1359 igitur

1890 1375 2119 1444 estipso
2161 1392 2380 1446 quoque
2434 1376 2592 1433 Patre
2642 1377 2912 1449 Spiritus,
2965 1380 3059 1449 qui
3100 1381 3454 1437 eminentiam

1893 1464 2056 1521 Patre
2089 1467 2349 1536 majorem
2376 1467 2514 1522 Filio
2547 1470 2795 1540 largitur.
2820 1469 2959 1536 Quis
2990 1485 3121 1542 ergo
3152 1471 3237 1526 vel
3266 1473 3453 1528 auditu

1893 1556 2009 1610 solo
2042 1572 2149 1608 non
2186 1558 2587 1613 exhorrescat?
2618 1559 2904 1615 Enimvero
2951 1575 3119 1631 grave
3153 1568 3240 1615 est
3276 1560 3459 1631 profe-

1894 1656 1984 1701 cto
2017 1647 2354 1716 cjusccmodi
2387 1651 2553 1703 verba
2589 1650 2802 1705 facere:
2846 1650 2943 1705 sed
2991 1651 3151 1706 aliter
3189 1667 3296 1707 non
3326 1668 3455 1723 pos-

1895 1754 2083 1793 sumus
2107 1754 2295 1793 eorum
2323 1741 2718 1811 malignitatem
2753 1742 3069 1798 retundere.
3093 1742 3278 1809 Quare
3309 1745 3458 1816 ipsos

1897 1828 2093 1884 iterum
2125 1831 2510 1900 aggrediemur
2537 1832 2623 1887 his
2668 1834 2893 1889 verbis:
2928 1833 3147 1899 Si,cum
3189 1836 3351 1890 homo
3380 1835 3460 1889 Ia-

1891 1927 2036 1972 ctum
2076 1928 2158 1973 est
2190 1918 2282 1973 Dei
2316 1918 2573 1985 Verbum,
2599 1930 2729 1976 tunc
2752 1933 2974 1991 accepto
3000 1924 3209 1993 Spiritu
3243 1925 3455 1979 sancti-

1894 2007 2110 2070 ﬁcatur,
2153 2018 2279 2063 ante
2311 2009 2741 2065 incarnationem
2780 2028 2913 2067 vero
2945 2013 3000 2067 in
3042 2013 3215 2068 forma
3249 2023 3371 2070 erat
3402 2022 3461 2070 et

1891 2095 2200 2162 aequalitate
2244 2095 2445 2162 Patris,
2498 2098 2763 2166 nondum,
2806 2115 2874 2155 ex
2928 2115 3121 2156 eorum
3156 2105 3457 2169 sententia,

1894 2186 2349 2242 sanctificatum:
2421 2189 2671 2259 sequitur
2744 2193 3065 2248 necessario
3137 2193 3455 2259 dicendum,

1894 2277 2063 2333 Deum
2095 2293 2159 2332 ac
2198 2278 2413 2335 Patrem
2445 2295 2555 2335 non
2609 2296 2730 2337 esse
2790 2291 3044 2338 sanctum
3097 2284 3172 2348 si,
3233 2301 3359 2341 cum
3406 2286 3455 2340 ei

1896 2369 2176 2425 conforme
2203 2381 2256 2425 et
2284 2374 2494 2440 aequale
2522 2369 2767 2427 Verbum
2812 2374 2887 2429 sit
2920 2374 2975 2429 in
3009 2375 3286 2440 omnibus,
3333 2391 3461 2432 san-

1895 2471 2042 2515 ctum
2079 2472 2259 2517 tamen
2308 2477 2416 2517 non
2464 2471 2584 2518 erat
2634 2465 2926 2535 principio,
2990 2467 3088 2521 sed
3140 2468 3458 2522 novissimis

1895 2554 2238 2622 temporibus
2268 2555 2357 2608 vix
2408 2556 2628 2611 tandem
2667 2567 2917 2612 sanctum
2965 2556 3085 2611 fuit.
3135 2556 3404 2613 Pra-terea
3440 2577 3455 2612 :

1897 2645 1943 2699 si
1983 2643 2154 2713 ipsum
2183 2654 2268 2700 est
2295 2647 2515 2716 proprie
2559 2647 2653 2703 Dei
2692 2646 2957 2711 Verbum,
2989 2649 3138 2720 quod
3184 2648 3451 2720 Spiritum

1897 2735 2094 2805 accipit
2121 2744 2174 2790 et
2214 2737 2268 2790 in
2303 2746 2501 2792 natura
2538 2754 2635 2794 sua
2660 2739 3060 2805 sanctiﬁcatur,
3083 2739 3269 2793 dicant
3299 2741 3461 2794 nobis

1896 2824 2213 2889 adversarii,
2243 2833 2424 2879 utrum
2460 2827 2674 2881 tandem
2706 2829 2888 2897 scipso
2927 2828 3104 2898 majus
3147 2827 3351 2882 factum
3382 2830 3460 2884 sit

1898 2920 1992 2965 aut
2012 2914 2211 2978 minus,
2248 2924 2340 2968 aut
2365 2930 2429 2969 eo
2460 2926 2685 2986 accepto
2718 2917 2773 2971 in
2807 2917 2998 2973 eodem
3034 2927 3176 2974 statu
3215 2935 3462 2989 perman-

1900 3004 2051 3057 serit.
2074 3002 2207 3057 Nam
2239 3004 2286 3058 si
2324 3006 2558 3074 amplius
2591 3007 2728 3061 nihil
2764 3007 2933 3062 habet
2970 3021 3193 3078 accepto
3224 3009 3458 3080 Spiritu,

1898 3096 1991 3149 sed
2028 3095 2269 3165 idipsum
2305 3106 2487 3151 manet
2526 3098 2676 3168 quod
2715 3108 2857 3163 erat,
2894 3100 3008 3153 noli
3061 3101 3273 3153 turbari
3332 3115 3459 3154 cum

1898 3186 2139 3241 audieris
2179 3186 2441 3257 Spiritum
2468 3188 2521 3242 in
2556 3204 2679 3243 eum
2712 3190 3093 3245 descendisse.
3134 3190 3287 3256 Quod
3318 3192 3362 3247 si
3395 3207 3462 3246 eo

1900 3289 2153 3346 suscepto
2205 3278 2592 3334 detrimentum
2650 3280 2873 3350 aliquod
2924 3291 2978 3335 et
3024 3281 3462 3339 imminutionem

1900 3370 2181 3430 sustinuit,
2216 3370 2438 3438 patibile
2472 3370 2629 3424 nobis
2670 3368 2906 3425 Verbum
2936 3379 3166 3438 statues,
3201 3379 3258 3427 et
3283 3371 3463 3428 Patris

1898 3446 2258 3516 substantiam
2290 3461 2590 3527 incusabis,
2628 3461 2719 3531 qui
2776 3461 3035 3516 damnum
3090 3462 3255 3518 infert
3283 3465 3463 3533 potius

1899 3568 2060 3621 quant
2095 3551 2421 3608 sanctiﬁcat.
2450 3551 2546 3606 Sin
2578 3559 2760 3606 autem
2786 3560 3008 3622 accepto
3036 3552 3240 3624 Spiritu
3272 3553 3465 3609 melior

1899 3640 2128 3694 elIectus
2181 3649 2303 3693 est:
2345 3649 2461 3695 erat
2494 3647 2674 3694 autem
2734 3640 2786 3693 in
2847 3639 3021 3695 forma
3048 3650 3102 3696 et
3156 3643 3469 3712 atqualitate

1899 3728 2100 3794 Patris,
2133 3729 2296 3783 etiam
2330 3738 2621 3799 antequam
2653 3731 2848 3785 melior
2876 3731 3211 3798 redderetur,
3254 3742 3312 3787 ut
3345 3748 3462 3788 sena

1903 3822 2017 3878 litis
2044 3839 2059 3889 ;
2092 3820 2255 3876 Pater
2277 3820 2554 3892 fastigium
2582 3822 2769 3891 gloria:
2804 3836 2912 3876 non
2940 3824 3140 3893 attigit,
3174 3824 3267 3879 sed
3294 3827 3346 3879 in
3376 3843 3469 3882 eo-

1902 3914 2024 3969 dem
2055 3915 2161 3967 erit
2196 3919 2343 3968 statu
2376 3913 2430 3966 in
2457 3928 2568 3983 quo
2607 3921 2727 3966 erat
2754 3927 2877 3966 cum
2918 3913 3037 3983 ipso
3085 3918 3388 3972 conformis
3415 3930 3472 3973 et

1901 4003 2129 4072 aequalis
2154 4003 2241 4059 ille
2264 4001 2457 4068 Filius,
2486 4002 2578 4073 qui
2613 4002 2680 4056 ad
2709 4003 3127 4061 eminentiorem
3157 4015 3359 4062 statum
3385 4020 3471 4063 est

1901 4104 2144 4151 ονθοιιιε.

1972 4184 2291 4256 Opportune
2342 4186 2529 4256 itaque
2584 4185 2653 4240 de
2706 4185 2980 4256 imperitis
3032 4188 3303 4243 haereticis
3360 4189 3468 4242 diei

1905 4288 2115 4350 potest:
2159 4298 2176 4330 ι
2214 4278 2353 4333 Ecce
2376 4278 2609 4348 populus
2633 4278 2834 4333 stultus
2861 4287 2915 4334 et
2937 4278 3057 4334 sine
3082 4280 3249 4335 corde
3276 4297 3292 4333 :
3322 4281 3469 4335 oculi

1903 4372 2007 4435 eis,
2040 4378 2094 4424 ct
2152 4385 2259 4423 non
2322 4369 2509 4424 vident
2530 4369 2601 4419 ".
2646 4387 2665 4419 ι
2729 4367 3040 4423 Excaecavit
3071 4368 3219 4424 enim
3278 4385 3472 4426 revera

1907 4459 2049 4515 Deus
2080 4460 2265 4515 szeeuli
2300 4459 2468 4528 hujus
2494 4458 2662 4513 corda
2689 4458 3012 4524 inﬁdelium,
3046 4474 3115 4513 ne
3139 4460 3473 4515 illuminatio

237 4550 510 4613 ἀπίστων,
562 4551 643 4612 είς
689 4548 751 4601 τὸ
812 4547 887 4617 μὴ
953 4546 1188 4614 αὑγάσαι
1234 4545 1325 4598 τὸν
1372 4545 1648 4614 φωτισμὸν
1704 4543 1796 4597 τοῦ

1901 4549 2178 4620 Evangelii
2203 4549 2390 4619 gloriae
2421 4547 2630 4612 Christi
2656 4548 2738 4604 eis
2766 4547 2985 4603 illuceat
3004 4548 3069 4603 “.
3097 4548 3309 4613 Quibus
3325 4561 3474 4605 certe

237 4638 567 4707 Εὑαγγελίου
600 4640 698 4709 τῆς
726 4637 883 4706 δόξης
913 4636 1005 4689 τοῦ
1031 4633 1267 4706 Χριστοῦ
1290 4649 1305 4666 ο
1340 4631 1421 4697 οἷς
1452 4633 1516 4705 δὴ
1542 4636 1635 4688 xui
1666 4635 1801 4704 μᾶλ-

235 4728 320 4782 λον
348 4728 747 4797 ὲπαλγὺνεσθαι
769 4726 903 4791 δεῖν,
935 4727 996 4779 οὑ
1020 4725 1366 4795 χαλεπαίνειν
1393 4724 1561 4790 ἀξιον.
1594 4725 1668 4778 Οὑ
1691 4727 1799 4797 γὰρ

235 4826 429 4885 ἴσασιν,
464 4824 502 4878 ἃ
541 4821 1004 4891 ἀναγινώσκουσιν
1028 4836 1042 4851 ·
1103 4823 1183 4875 ὅτι
1218 4821 1276 4873 δὲ
1320 4820 1525 4892 ἀληθὴς
1562 4823 1590 4875 6
1621 4822 1797 4890 λόγος,

235 4916 483 4970 ὶντεῦθεν
517 4919 652 4985 ἡμῖν
687 4916 839 4968 ἔσται
868 4914 1191 4983 καταφανὲς,
1227 4915 1275 4966 εἰ
1319 4915 1413 4967 xui
1452 4914 1532 4968 ὅτι
1566 4914 1801 4984 μάλιστα

232 5008 318 5062 διὰ
372 5008 489 5061 τῶν
552 5007 655 5077 ἠδη
716 5004 1284 5077 προγεγυμνασμένων
1309 5045 1324 5069 ,
1396 5004 1496 5057 οὑκ
1555 5004 1800 5073 ἄκομψον

235 5094 611 5165 ἐποιησάμεθα
636 5095 735 5166 τὴν
772 5093 1045 5159 ἀπόδειξιν
1069 5109 1083 5123 °
1139 5093 1271 5146 αὑτὸ
1301 5091 1358 5145 δὲ
1383 5093 1546 5146 πάλιν
1576 5094 1706 5163 ἡμῖν
1742 5093 1803 5146 τὸ

232 5187 315 5240 διὰ
343 5187 446 5257 τῆς
474 5185 570 5240 τοῦ
615 5185 827 5239 Παύλου
855 5184 1172 5254 λελεγμένον
1206 5183 1389 5252 φωνῆς
1419 5184 1798 5254 προστήσεται.

240 5294 259 5328 ι
286 5277 457 5330 Τοῦτο
505 5275 789 5346 φρονείτω,
826 5275 1008 5344 φησὶν,
1038 5273 1266 5336 ἕκαστος
1290 5275 1346 5325 ὲν
1367 5273 1493 5342 ὑμῖν
1531 5271 1731 5335 αὑτοῖς,
1774 5271 1803 5324 ὃ

234 5369 326 5420 xui
366 5371 424 5421 ὲν
454 5364 676 5437 Χριστῷ
707 5364 909 5434 Ἰησοῦ,
940 5363 998 5426 ὃς
1037 5364 1094 5414 ὲν
1128 5364 1307 5432 μορφῇ
1341 5360 1477 5415 Θεοῦ
1517 5361 1798 5431 ὑπάρχων,

235 5462 331 5533 οὑχ
352 5462 649 5532 ἁρπαγμὸν
678 5460 922 5530 ἡγήσατο
949 5458 1009 5511 τὸ
1035 5452 1171 5510 εἶναι
1202 5455 1291 5509 ἴσα
1319 5454 1457 5525 Θεῷ,
1480 5455 1592 5509 ἀλλ’
1613 5455 1801 5507 ἑαυτὸν

236 5555 470 5607 ἐκένωσέ
503 5552 709 5624 μορφὴν
737 5549 922 5604 δούλου
948 5548 1146 5612 λαϐὼν,
1180 5550 1236 5601 ἐν
1262 5546 1566 5619 ὁμοιώματι
1597 5546 1805 5619 ἀνθρώ-

237 5660 353 5697 πων
379 5645 689 5715 γενόμενος,
724 5644 818 5695 καὶ
852 5643 1084 5712 σχήματι
1118 5641 1360 5711 εὑρεθεὶς
1394 5640 1467 5702 ὡς
1498 5637 1801 5708 ἄνθρωπος,

1907 4641 2258 4697 indolendum
2288 4640 2469 4710 potius
2485 4655 2647 4710 quam
2680 4637 3030 4694 irascendum
3064 4639 3330 4706 arbitror;
3362 4656 3471 4695 non

1906 4732 2050 4787 enim
2092 4730 2403 4799 intelligunt
2450 4743 2571 4800 quae
2617 4729 2826 4799 legunt.
2878 4726 3081 4784 Verum
3120 4736 3304 4784 autem
3352 4744 3476 4785 esse

1906 4825 2051 4892 quod
2096 4823 2240 4887 dico,
2280 4822 2407 4876 hinc
2455 4820 2808 4876 manifestum
2857 4820 3017 4877 nobis
3048 4820 3179 4883 erit,
3227 4820 3359 4875 licet
3405 4836 3475 4875 ex

1911 4915 2062 4983 121
2095 4914 2161 4968 iis
2186 4927 2307 4983 qua!
2338 4912 2599 4966 hactenus
2624 4910 2919 4980 disceptata
2953 4918 3101 4977 sunt,
3134 4926 3243 4965 non
3268 4910 3475 4966 insulse

1904 5008 1959 5062 id
2010 5004 2584 5059 demonstraverimus.
2655 4999 2760 5056 Sed
2821 5000 2973 5056 Pauli
3023 5001 3228 5056 dictum
3283 5015 3476 5056 rursus

1908 5102 2261 5166 proponetur.
2312 5110 2332 5145 ι
2372 5091 2484 5146 Hoc
2533 5092 2753 5158 sentite,
2790 5090 2986 5161 inquit,
3031 5090 3087 5145 in
3118 5089 3294 5155 vobis,
3327 5090 3474 5160 quod

1904 5195 1961 5243 et
1997 5187 2051 5241 in
2096 5185 2316 5240 Christo
2358 5182 2513 5247 Iesu,
2555 5183 2805 5254 quicum
2850 5183 2904 5237 in
2951 5182 3124 5236 forma
3159 5178 3254 5235 Dei
3296 5191 3475 5245 esset,

1906 5292 2014 5331 non
2055 5276 2299 5345 rapinam
2342 5274 2639 5328 arbitratus
2666 5280 2751 5328 est
2785 5286 2905 5327 esse
2946 5286 3004 5326 sc
3031 5269 3295 5337 aequalem
3326 5267 3437 5324 Deo
3460 5309 3476 5332 ,

1906 5364 2000 5420 sed
2036 5364 2386 5433 semetipsum
2412 5360 2717 5415 exinanivit
2754 5358 2981 5412 formam
3024 5355 3166 5412 servi
3205 5356 3481 5426 accipiens

1908 5457 1963 5510 in
1987 5454 2391 5510 similitudinem
2414 5452 2691 5507 hominum
2713 5447 2904 5512 factus,
2932 5454 2985 5501 et
3013 5445 3198 5502 habitu
3228 5445 3482 5500 inventus

1911 5556 1973 5601 ut
2022 5547 2217 5612 homo,
2253 5543 2561 5598 humiliavit
2602 5542 2979 5609 semetipsum.
3048 5558 3066 5590 ι
3114 5537 3254 5593 Ecce
3293 5539 3482 5608 utique

1914 5636 2108 5691 Filium
2139 5648 2486 5705 summOpere
2512 5632 2760 5699 miratur,
2804 5638 2988 5701 utpote
3027 5630 3121 5701 qui
3156 5628 3229 5685 sit
3255 5627 3482 5699 aequalis

312 5821 359 5853 “
386 5821 600 5892 Philipp
655 5837 716 5884 Il,
744 5821 857 5875 5-8.
936 5821 981 5850 ⁸⁵
1012 5819 1207 5873 Jerent.
1247 5838 1296 5885 ν,
1333 5820 1421 5874 9.1.
1499 5820 1542 5850 ’⁸
1577 5818 1615 5873 ΙΙ
1651 5817 1775 5873 Cor.
1815 5832 1882 5881 tv,
1914 5816 1963 5871 4.

531 5913 789 5978 ΡΑ-Πιοι.
837 5913 949 5971 Gn.
996 5912 1246 5971 LXXIII.

3058 5898 3088 5956 7
