4118 6588
658 409 769 463 905
1630 399 1687 455 S.
1730 396 2006 457 CYRILLI
2034 395 2501 453 ALEXANDRINI
2532 396 2848 453 AllCHlEP.
3796 395 3890 449 205

658 530 711 576 et
743 516 1038 574 conformis
1072 514 1178 571 Deo
1217 529 1283 569 ac
1327 513 1497 578 Patri,
1539 529 1714 585 neque
1743 522 1923 571 tamen
1967 513 2105 570 illud
2148 520 2284 573 ττι-Α

2266 518 2310 573 Α
2337 513 2699 566 ἐταπείνωσεν
2724 511 2936 568 ἑαυτόν.
2973 530 2990 562 ι
3028 509 3153 565 Ἰδοὺ
3181 510 3245 581 δὴ
3274 507 3392 563 λίαν
3414 505 3791 577 ἀποθαυμάζει
3815 509 3892 561 τὸν

655 613 830 682 pucrit
860 616 1077 679 propter
1104 607 1425 687 charitatem
1463 606 1611 660 illam
1652 607 1708 661 in
1747 622 1871 674 nos,
1915 605 2009 662 scd
2038 605 2106 661 ad
2134 605 2237 659 hu-

2345 603 2490 668 Υἰὸν,
2523 604 2599 667 ὼς
2633 603 2746 657 ἴσον
2782 604 2878 674 μὲν
2902 603 3031 657 ὅντα
3068 602 3163 656 καὶ
3196 602 3516 673 σύμμορφον
3563 598 3641 670 τῶ
3664 597 3782 668 Θεῷ
3813 601 3891 652 καὶ

656 703 943 756 utilitatem
973 696 1335 761 descenderit,
1356 708 1580 766 accepta
1610 699 1752 753 servi
1780 696 1977 762 forma,
1998 697 2239 753 exinani-

2341 694 2535 765 Πατρί,
2576 694 2652 766 μὴ
2688 695 2794 765 μὴν
2820 695 3145 765 ἁρπάσαντα
3179 692 3338 746 τοῦτο
3385 692 3475 745 διὰ
3500 690 3598 762 τὴν
3633 690 3895 759 ἀγάπησιν

657 802 746 848 tus
794 798 1015 862 propter
1058 789 1476 866 humanitatem.
1521 788 1589 841 At
1637 788 1706 851 si,
1741 796 1966 858 accepto
1991 787 2232 857 Spiritu,

2339 785 2436 857 τὴν
2476 788 2555 849 εἰς
2590 788 2758 856 ἡμᾶς,
2790 785 3203 857 καταϐεϐηκότα
3241 784 3297 837 δὲ
3329 784 3409 848 είς
3443 782 3792 845 ταπείνωσιν,
3819 782 3894 837 διὸ

654 884 828 952 magis
873 880 1247 937 sanctiﬁcatus
1289 888 1393 945 est,
1444 893 1569 935 cum
1621 878 1787 935 homo
1842 880 2022 935 factus
2055 888 2157 945 est,
2184 890 2237 935 et

2338 876 2433 946 τῆς
2468 874 2561 928 τοῦ
2583 875 2769 929 δούλου
2794 876 3034 947 μορφῆς,
3066 872 3435 945 κεκενωμένον
3459 872 3547 927 διὰ
3573 870 3670 943 τὴν
3697 871 3894 941 ἅνθρω-

654 978 839 1046 scipso
882 974 1072 1029 melior
1120 973 1297 1029 factus
1341 982 1427 1029 est
1469 980 1691 1043 propter
1724 972 2232 1036 sanctiﬁcationem,

2338 967 2547 1038 πότητα
2579 985 2592 999 ·
2648 967 2765 1022 ἀλλ’
2811 968 3004 1039 εἴπερ,
3052 960 3098 1020 ὦ
3140 961 3312 1031 οῦτοι,
3352 965 3412 1019 τὸ
3458 964 3685 1035 Πνεῦμα
3728 962 3897 1017 λαϐὼν

655 1059 711 1125 in
756 1085 917 1140 quam
954 1069 1313 1123 humilitatem
1343 1083 1467 1123 eum
1508 1065 1857 1121 descendisse
1884 1065 2231 1121 videbimus?

2337 1059 2574 1130 ἡγιάσθη
2608 1060 2804 1131 μᾶλλον
2824 1100 2840 1124 ,
2892 1061 2979 1113 ὅτε
3014 1059 3236 1128 γέγονεν
3264 1059 3567 1129 ἄνθρωπος,
3622 1056 3815 1111 ἐαυτοῦ
3844 1073 3895 1108 τε

653 1156 939 1225 Quomodo
980 1157 1300 1227 depressum
1350 1164 1433 1210 est
1468 1155 1521 1209 id
1581 1152 1725 1224 quod
1774 1162 1859 1209 est
1899 1154 2233 1217 exaltatum,

2335 1148 2596 1219 κρείττων
2632 1145 2847 1219 ἐδείχθη
2884 1150 2971 1203 διὰ
3005 1150 3095 1204 τὸν
3124 1150 3411 1219 ἁγιασμὸν,
3448 1150 3528 1211 είς
3559 1148 3716 1201 ποίαν
3747 1147 3896 1201 αὑτὸν

653 1250 927 1320 quomodo
972 1247 1256 1304 descendit
1305 1246 1449 1317 quod
1504 1245 1907 1301 sanctiﬁcatum
1968 1251 2073 1307 est,
2137 1252 2232 1298 aut

2332 1239 2572 1309 ὀψόμεθα
2595 1240 3006 1312 καταϐεϐηκότα
3026 1244 3386 1306 ταπείνωσιν;
3418 1241 3542 1303 Πῶς
3564 1238 3894 1311 ἐταπεινώθη

651 1343 930 1413 quomodo
974 1356 1083 1396 non
1127 1338 1376 1413 ascendit
1410 1338 1595 1408 potius
1642 1344 1695 1392 et
1744 1338 1798 1391 in
1848 1335 2043 1391 melius
2109 1351 2233 1392 eve-

2331 1331 2390 1384 τὸ
2414 1330 2647 1400 ύψωθέν;
2672 1333 2773 1386 ποῦ
2797 1334 3000 1403 κατέϐη
3023 1333 3083 1387 τὸ
3105 1332 3387 1403 ἁγιασθέν;
3414 1333 3449 1404 ἦ
3480 1332 3595 1396 πῶς
3616 1332 3712 1386 οὐκ
3736 1332 3896 1402 ἀνέϐη

653 1445 803 1489 ctum
840 1433 960 1502 est?
984 1446 1210 1502 ecquam
1250 1430 1412 1485 habet
1436 1430 1788 1483 inanitionem
1814 1429 1904 1481 illa
1931 1443 2014 1496 per
2060 1429 2232 1498 Spiri-

2334 1422 2550 1493 μᾶλλον.
2576 1425 2669 1476 καὶ
2698 1426 2789 1478 ἐπὶ
2822 1426 2883 1478 τὸ
2916 1428 3163 1497 κρεῖττον
3196 1426 3421 1497 ύψὼθη;
3466 1426 3633 1479 Ποίαν
3663 1426 3779 1496 ἔχει
3806 1426 3893 1495 τῆν

650 1535 766 1580 tum
808 1518 1082 1593 impletio?
1109 1520 1382 1591 quomodo
1408 1520 1644 1589 denique
1682 1526 1906 1590 propter
1942 1534 2045 1573 nos
2068 1520 2232 1573 homo

2330 1512 2559 1565 κένωσιν
2583 1516 2617 1583 ή
2657 1514 2746 1567 διὰ
2771 1514 2865 1568 τοῦ
2904 1515 3220 1586 Πνεύματος
3256 1516 3577 1586 πλήρωσις;
3612 1516 3735 1579 Πῶς
3764 1516 3809 1568 δ’
3835 1517 3894 1570 ἂν

649 1615 832 1670 factus
879 1611 1211 1675 censebitur,
1259 1618 1465 1664 tantam
1521 1609 1575 1664 in
1607 1610 1724 1665 suis
1769 1609 1933 1664 rebus
1971 1617 2230 1680 expertus

2328 1600 2463 1665 ὅλως
2487 1602 2554 1654 δι’
2578 1605 2727 1674 ἡμᾶς
2753 1605 3181 1676 ἐνανθρωπήσας
3201 1609 3389 1671 νοοῖτο,
3418 1608 3683 1677 τοσαύτην
3708 1608 3768 1661 ἐν
3793 1610 3897 1671 toi;

646 1704 978 1777 utilitatem?
1006 1702 1292 1769 Quomodo
1338 1709 1561 1772 propter
1612 1716 1715 1756 nos
1754 1700 1934 1755 factus
1973 1707 2058 1754 est
2103 1715 2230 1770 pau-

2328 1690 2448 1743 καθ’
2483 1688 2673 1746 ἑαυτὸν
2719 1694 3017 1764 ὑπομείνας
3051 1694 3149 1766 τὴν
3181 1695 3399 1766 ὀνησινς
3440 1695 3562 1760 Πῶς
3590 1695 3894 1766 ἐπτώχευσε

646 1812 745 1866 per
773 1780 854 1862 ’⁸,
893 1795 986 1863 qui
1024 1799 1243 1864 propter
1275 1808 1373 1847 nos
1408 1792 1774 1861 locupletatus
1802 1791 1922 1846 est?
1953 1790 2227 1860 quomodo

2327 1779 2394 1832 δι’
2425 1781 2594 1852 ἡμᾶς,
2620 1785 2648 1836 6
2677 1783 2983 1856 πλουτήσας
3013 1782 3078 1838 δι’
3110 1786 3288 1857 ἡμᾶς
3327 1786 3449 1850 Πῶς
3472 1787 3528 1839 δὲ
3554 1777 3623 1856 ἦν
3649 1786 3895 1849 πλούσιος

644 1902 778 1943 vero
807 1887 963 1941 dives
984 1893 1101 1940 erat
1127 1884 1292 1938 etiam
1306 1891 1433 1938 ante
1464 1882 1781 1945 adventum,
1814 1883 1909 1952 qui
1939 1882 1993 1935 in
2023 1896 2087 1936 eo
2127 1882 2220 1936 ad-
2254 1873 2270 1932 1

2267 1873 2297 1932 Β
2327 1872 2422 1926 καὶ
2462 1874 2566 1943 πρὸ
2594 1875 2691 1944 τῆς
2719 1875 3031 1947 ἐπιδημίας,
3073 1879 3101 1931 ό
3139 1877 3316 1930 λαὸὼν
3345 1878 3402 1932 ἐν
3431 1879 3565 1948 αὐτῇ
3596 1878 3716 1931 κατ’
3756 1876 3893 1930 ὲκεί-

646 1984 835 2039 ventu,
869 1984 930 2030 ιιι
964 1973 1047 2029 illi
1082 1973 1345 2038 sentiunt,
1382 1972 1592 2043 accepit
1640 1972 1784 2042 quod
1822 1988 1933 2028 non
1965 1973 2218 2040 habebat,

2326 1980 2449 2027 νους
2480 1965 2618 2034 ὅπερ
2647 1966 2749 2018 οὐκ
2772 1957 2909 2037 εἶχε,
2941 1967 3003 2020 t6
3031 1968 3254 2039 Πνεῦμα
3280 1968 3509 2040 δηλαδή;
3549 1970 3617 2020 Ἢ
3644 1967 3762 2032 πῶς
3784 1969 3894 2038 οὐχ).

645 2064 909 2120 nimirum
960 2061 1257 2134 Spiritum?
1304 2070 1399 2116 aut
1445 2063 1722 2132 quomodo
1772 2079 1881 2118 non
1926 2065 2109 2134 potius
2157 2080 2219 2119 ea

2326 2055 2525 2124 μᾶλλον
2556 2058 2717 2121 αὐτὸς
2764 2059 3021 2129 ἀναθήσοι
3049 2058 3272 2123 δικαίως
3314 2061 3462 2131 ἡμῖν,
3496 2061 3563 2113 τὰ
3600 2062 3685 2129 ἐφ’
3715 2054 3799 2124 οἷς
3834 2062 3892 2114 δι’

642 2158 771 2227 jure
799 2155 960 2211 nobis
1004 2154 1121 2225 ipse
1163 2153 1307 2208 dona
1350 2152 1575 2221 referat,
1614 2154 1812 2224 quibus
1862 2164 2082 2224 propter
2120 2171 2221 2210 nos

2320 2147 2468 2216 ἡμᾶς
2495 2147 2770 2218 ὠφέληται
2790 2150 3154 2220 χαριστήρια;
3195 2167 3214 2200 ι
3239 2149 3481 2219 Ἐξέστη,
3511 2168 3530 2200 ι
3565 2150 3704 2202 κατὰ
3726 2150 3789 2202 τὸ
3811 2165 3895 2215 γε·

645 2244 1108 2321 cumulatuscst?
1164 2260 1183 2294 ι
1222 2240 1533 2312 Obstupuit,
1570 2252 1626 2296 ut
1672 2242 1939 2313 scriptum
1972 2252 2077 2310 est,
2106 2259 2221 2299 cu:-

2320 2239 2688 2309 γραμμένον,ι
2719 2243 2747 2294 6
2771 2241 2997 2312 οὐρανὸς
3022 2242 3114 2297 ἐπὶ
3132 2242 3327 2313 τούτῳ,
3347 2244 3538 2314 ἐξέστη
3562 2245 3655 2297 καὶ
3682 2244 3891 2313 ἔφριξεν

646 2338 760 2393 lum
787 2351 952 2405 super
986 2336 1087 2389 hoc
1121 2352 1135 2387 :
1167 2334 1470 2403 obstupuit,
1511 2339 1568 2387 et
1593 2332 1869 2387 inborruit
1894 2349 2061 2404 supra
2100 2349 2219 2389 mo-

2321 2331 2412 2383 ἐπὶ
2441 2331 2622 2386 πλεῖον
2656 2332 2895 2403 σφόδρα,
2948 2332 3094 2403 λέγει
3144 2333 3367 2405 Κύριος.
3424 2334 3528 2387 Δύο
3575 2335 3685 2406 γὰρ
3732 2336 3892 2397 ὅντως

645 2425 799 2489 dum,
844 2424 979 2477 dicit
1033 2421 1316 2476 Dominus.
1367 2419 1485 2475 Duo
1533 2421 1682 2475 enim
1730 2436 1921 2477 revera
1977 2431 2032 2477 et
2078 2423 2220 2478 mala

2318 2422 2414 2475 καί⁵
2446 2421 2660 2492 πονηρὰ
2692 2422 2989 2494 πεποίηκεν
3030 2425 3059 2476 6
3107 2423 3216 2477 τῶν
3260 2423 3705 2495 ἐτεροδοξούντων
3750 2425 3889 2488 λαὸς,

647 2515 777 2571 fecit
815 2535 834 2566 ι
868 2512 1249 2589 haereticorum
1290 2528 1309 2563 ι
1342 2510 1573 2582 populus
1603 2512 1648 2544 ²⁹
1673 2550 1689 2576 ,
1724 2530 1742 2564 ι
1782 2527 1891 2567 non
1912 2513 2219 2583 intelligens

2324 2518 2398 2590 μὴ
2429 2518 2647 2588 νοήσας,
2686 2519 2823 2588 μήτε
2867 2516 2904 2571 ὃ.
2946 2517 3113 2587 λέγει,
3168 2520 3304 2589 μήτε
3338 2518 3466 2590 περί
3512 2518 3674 2571 τίνων
3720 2518 3894 2572 διαόε-

643 2608 779 2678 quid
818 2606 988 2670 dicat,
1020 2619 1198 2673 neque
1224 2604 1290 2659 de
1338 2603 1540 2674 quibus
1584 2603 1834 2667 afﬁrmet,
1879 2611 1933 2659 et
1962 2604 2019 2659 in
2054 2605 2217 2660 rebus

2321 2610 2925 2673 6αιοῦται,κινδύνευειν
2939 2610 2994 2662 δὲ
3020 2609 3191 2672 οὕτως
3212 2612 3269 2663 ἐν
3295 2613 3405 2673 τοῖς
3429 2610 3893 2678 ἀναγκαιοτάτοις,

643 2702 817 2773 tanti
859 2698 1121 2757 momenti
1179 2697 1483 2769 periculum
1541 2697 1698 2752 adire
1759 2712 1870 2752 non
1934 2704 2213 2770 gravatur.

2317 2701 2469 2753 οὐδὲν
2504 2699 2767 2770 ἡγοῦνται
2806 2699 2979 2770 βαρύ·
3028 2699 3062 2770 ἢ
3109 2700 3218 2770 γὰρ
3259 2698 3346 2764 ἂν,
3382 2700 3474 2755 καί⁵
3519 2703 3673 2755 αὐτοὶ
3701 2703 3894 2773 πικρὸν

640 2792 861 2863 Alioqui
892 2790 1037 2847 enim
1062 2805 1185 2844 cum
1208 2803 1404 2861 magna
1428 2789 1481 2843 vi
1508 2788 1899 2860 lacrymarum,
1931 2797 1985 2844 et
2009 2789 2215 2860 ingenti

2317 2794 2382 2846 ἐκ
2409 2791 2691 2863 βλεφάρων
2725 2791 3079 2862 καταχέοντες
3114 2792 3365 2864 δάκρυον,
3411 2794 3503 2845 καί
3536 2793 3786 2864 μεγάλην
3819 2795 3893 2857 εἰς

639 2884 881 2939 clamore
937 2882 1041 2953 ipsi
1095 2893 1316 2951 quoque
1360 2879 1636 2936 dixerint:
1684 2897 1702 2931 ι
1733 2879 1908 2945 Pone,
1950 2879 2213 2944 Domine,

2318 2881 2450 2952 ὕψος
2479 2882 2847 2946 ἀνατείνοντες
2882 2881 2979 2954 τὴν
3012 2883 3214 2953 φωνην,
3240 2883 3551 2954 προσῄεσαν
3597 2884 3849 2953 λέγοντες
3876 2902 3888 2915 ·

641 2973 948 3031 custodiam
977 2972 1062 3027 ori
1097 2985 1242 3033 meo,
1277 2977 1331 3024 et
1359 2970 1559 3025 ostium
1601 2969 2027 3026 circumstantia
2056 2971 2214 3025 labiis

2321 2970 2490 3035 «Θοῦ,
2515 2971 2705 3044 Κύριε,
2732 2972 2975 3043 φυλακὴν
3021 2972 3099 3044 τῷ
3142 2974 3367 3044 στόματί
3415 2992 3543 3045 μου,
3584 2976 3677 3028 καὶ
3725 2974 3893 3047 θύραν

643 3062 797 3116 meis.
839 3060 918 3115 Ne
954 3058 1198 3113 declines
1231 3071 1327 3111 cor
1351 3072 1531 3111 meum
1564 3057 1619 3111 in
1648 3058 1813 3112 verba
1844 3059 2067 3113 malitia:
2094 3059 2160 3111 ⁸⁰.
2187 3078 2207 3112 ι

2317 3063 2577 3135 περιοχῆς
2607 3064 2735 3136 περὶ
2766 3065 2834 3118 τὰ
2866 3064 3016 3136 χείλη
3054 3082 3174 3136 μου.
3220 3066 3313 3138 Μὴ
3346 3067 3602 3141 ἐκκλίνῃς
3629 3069 3733 3139 τὴν
3760 3086 3892 3140 καρ-

641 3152 817 3209 ‘Ierba
845 3151 991 3207 enim
1017 3147 1264 3219 profecto
1302 3156 1431 3202 sunt
1455 3148 1695 3213 malitias,
1725 3164 1846 3218 quae
1873 3150 2212 3206 auditoribus
2244 3211 2267 3230 I

2267 3211 2282 3230 ‘
2315 3154 2432 3208 δίαν
2467 3172 2568 3223 μου
2605 3156 2685 3219 εἰς
2728 3155 2919 3223 λόγους
2960 3156 3244 3228 πονηρίας.
3287 3176 3308 3209 ι
3362 3157 3524 3226 Λόγοι
3568 3157 3676 3230 γὰρ
3725 3158 3893 3221 ὅντως

639 3253 949 3301 extremum
976 3241 1236 3297 damnum
1266 3238 1518 3294 afferunt.
1562 3238 1667 3294 Sed
1700 3255 1800 3295 nos
1827 3250 2017 3295 eorum
2054 3244 2214 3312 nugis
2242 3211 2265 3268 ί

2269 3211 2284 3267 Ξ
2320 3211 2580 3314 πονηρίας
2612 3211 2681 3295 οἰ.
2704 3211 2833 3313 παρ’
2864 3211 3220 3316 tanta,va
3255 3246 3347 3298 ἐπ)⁵
3372 3211 3483 3308 τοῖς
3518 3211 3771 3316 ἐσχάτοις
3802 3211 3895 3315 Cn:

639 3338 708 3392 ale
729 3335 897 3392 corde
924 3340 1115 3389 nostro
1137 3331 1403 3402 expulsis,
1432 3331 1499 3385 ad
1527 3339 1730 3386 rectam
1760 3332 1882 3386 fidei
1906 3332 2211 3386 doctrinam

2320 3334 2448 3405 μίαν
2470 3337 2579 3398 τοῖς
2599 3336 2967 3406 ἀκροωμένοις
2997 3336 3296 3400 ὼδίνοντες.
3338 3337 3528 3408 Ἡμεῖς
3550 3337 3607 3390 δέ
3624 3336 3736 3407 τῆς
3765 3338 3891 3391 ἐαυ-

637 3439 1045 3492 convertemur,
1078 3425 1226 3481 illius
1260 3425 1389 3481 dicti
1422 3439 1730 3480 memores:
1778 3444 1795 3476 ι
1837 3425 2080 3480 Consilia
2113 3425 2211 3480 de-

2314 3424 2422 3478 τῶν
2458 3425 2680 3496 καρδίας
2710 3425 2799 3479 τὸν
2825 3427 3044 3480 ἐκείνων
3073 3426 3434 3492 ἐξοικίσαντες
3464 3428 3650 3500 λῆρον,
3679 3430 3777 3482 ἐπὶ
3807 3432 3892 3483 τὸν

638 3527 939 3585 struentes,
989 3526 1045 3573 et
1093 3529 1309 3571 omnem
1363 3512 1704 3568 altitudinem
1748 3513 2103 3570 extollentem
2151 3531 2213 3571 se

2312 3514 2470 3585 ὀρθὸν
2513 3517 2610 3585 τῆς
2659 3516 2895 3579 πίστεως
2947 3516 3279 3588 βαδιούμεθα
3314 3518 3496 3586 λόγον,
3545 3520 3608 3572 τὸ
3640 3536 3890 3591 γεγραμ-

640 3609 905 3666 adversus
956 3608 1241 3663 scientiam
1290 3605 1407 3669 Dei,
1456 3612 1512 3661 et
1546 3606 1602 3660 in
1636 3604 2004 3675 captivitatem
2061 3607 2211 3663 rcdi-

2317 3608 2474 3679 μένον
2506 3608 2718 3679 ἔχοντες
2761 3611 2839 3672 εἰς
2875 3609 2999 3663 νοῦν
3022 3625 3037 3640 ·
3096 3629 3117 3663 ι
3139 3610 3447 3680 Λογισμοὺς
3482 3610 3891 3681 καθαιροῦντες.

639 3713 832 3775 gentes
887 3716 1104 3757 omnem
1162 3701 1497 3756 intellectum
1570 3700 1626 3754 in
1680 3700 1837 3769 122
1883 3700 2208 3771 obsequium

2313 3698 2406 3752 καὶ
2432 3701 2540 3752 πᾶν
2576 3698 2775 3770 ὕψωμα
2814 3701 3174 3771 ἐπαιρόμενον
3206 3701 3348 3755 κατὰ
3377 3703 3474 3772 τῆς
3501 3702 3756 3770 γνώσεως
3801 3702 3890 3754 τοῦ

638 3797 847 3853 Christi
874 3795 940 3852 ³⁸.
974 3815 992 3848 ι
1030 3796 1143 3865 Age
1169 3809 1323 3865 ergo,
1357 3800 1594 3849 mentem
1636 3809 1855 3864 quoque
1878 3802 2125 3850 nostram
2153 3796 2208 3851 in

2310 3787 2467 3851 Θεοῦ,
2498 3790 2590 3842 καὶ
2623 3790 3109 3865 αἰχμαλωτίζοντες
3155 3793 3264 3845 πᾶν
3297 3792 3474 3863 νόημα
3517 3796 3595 3856 εἰς
3625 3793 3723 3864 τὴν
3794 3795 3891 3847 ὑπ-

636 3886 977 3959 explicandis
1030 3886 1195 3942 rebus
1244 3884 1543 3957 propositis
1575 3884 1845 3954 captivam
1901 3885 2206 3954 ducentes,

2312 3879 2481 3949 ακοὴν
2510 3877 2604 3932 τοῦ
2649 3877 2911 3950 Χριστοῦ.
2939 3899 2957 3931 ι
3007 3880 3141 3952 Φέρε
3185 3881 3250 3952 δὴ
3298 3877 3424 3948 οὖν,
3447 3883 3540 3936 καὶ
3566 3882 3657 3936 τὸν
3689 3884 3750 3938 ἐν
3781 3887 3890 3947 τοῖς

635 3992 759 4032 eam
779 3976 1135 4045 subjiciamus
1165 3976 1352 4047 gloriae
1383 3973 1681 4045 Unigeniti,
1706 3976 1889 4029 omnia
1914 3978 2210 4046 prudenter

2308 3968 2691 4037 προκειμένοις
2712 3969 2841 4039 ἡμῖν
2862 3969 3209 4039 θεωρήμασιν
3234 3971 3721 4041 αἰχμαλωτίζοντες
3745 3972 3890 4036 νοῦν,

636 4065 933 4125 referentes
961 4065 1029 4119 ad
1064 4065 1183 4134 ejus
1222 4063 1566 4134 obsequium,
1617 4062 1721 4117 hoc
1750 4071 1834 4118 est
1864 4064 1929 4118 ad
1960 4064 2209 4119 incarna-

2309 4057 2664 4128 ύποτάξωμεν
2695 4062 2761 4131 τῇ
2791 4058 2915 4131 δόξῃ
2955 4060 3047 4112 τοῦ
3077 4062 3432 4129 Μονογενοῦς,
3482 4063 3662 4117 πάντα
3692 4065 3886 4133 φέρον-

632 4156 805 4212 tionis
836 4157 1124 4211 rationem.
1173 4174 1191 4206 (
1243 4153 1380 4209 Cum
1411 4153 1555 4209 cnim
1593 4162 1742 4209 esset
1776 4154 1950 4221 dives,
1983 4164 2207 4225 pr0pler

2306 4163 2398 4210 τες
2423 4146 2655 4211 συνετῶς
2684 4148 2763 4210 είς
2797 4146 2895 4219 τὴν
2930 4147 3175 4218 ὑπακοὴν
3202 4149 3386 4215 αὑτοῦ,
3417 4150 3565 4203 τοῦτ’
3603 4150 3779 4215 ἐστιν,
3808 4152 3886 4213 εἰς

634 4263 737 4306 nos
764 4262 970 4320 pauper
994 4246 1176 4302 factus
1206 4253 1311 4309 est,
1350 4256 1407 4300 ut
1434 4260 1534 4299 nos
1568 4245 1691 4314 ejus
1725 4255 2042 4315 paupertate
2066 4247 2206 4301 dita-

2305 4233 2397 4320 τὸν
2428 4233 2556 4305 περὶ
2580 4237 2678 4320 τῆς
2703 4235 3165 4306 ἐνανθρωπήσεως
3183 4238 3401 4307 τρόπον.
3445 4258 3464 4288 ι
3488 4237 3750 4302 Πλούσιος
3780 4239 3886 4311 γὰρ

633 4319 822 4395 remur
844 4337 914 4391 “.
948 4356 969 4391 ›
1000 4337 1202 4407 Accipe
1230 4352 1379 4399 vero,
1412 4335 1457 4390 si
1477 4336 1656 4404 juvat,
1683 4336 1848 4390 etiam
1883 4352 1950 4391 ex
1987 4337 2056 4393 iis
2085 4353 2206 4408 qua:

2305 4319 2381 4373 ὢν
2401 4359 2416 4385 ,
2470 4319 2777 4392 ἐπτώχευσε
2826 4322 2893 4375 δι’
2926 4324 3091 4393 ἡμᾶς,
3141 4324 3226 4377 ἵνα
3255 4326 3413 4394 ἡμεῖς
3443 4329 3508 4397 τῇ
3543 4326 3707 4380 αὐτοῦ
3738 4344 3885 4379 πτω-

635 4427 833 4483 dicturi
862 4442 1053 4483 sumus
1076 4427 1238 4495 aliam
1272 4425 1505 4494 hujusce
1532 4426 1610 4480 rei
1650 4424 2200 4495 demonstrationem,

2304 4412 2430 4483 χείᾳ
2458 4412 2874 4484 πλουτήσωμεν.
2908 4433 2926 4465 ι
2980 4414 3147 4485 Δέχου
3176 4416 3253 4479 δὲ,
3288 4417 3340 4469 εἰ¹
3369 4433 3451 4470 σοι
3476 4417 3642 4479 δοκεῖ,
3676 4418 3773 4470 καὶ
3800 4418 3887 4470 διὰ

633 4527 684 4573 et
711 4517 1006 4588 patientem
1049 4515 1207 4572 nobis
1241 4530 1423 4569 aurem
1459 4516 1829 4572 accommoda.
2228 4563 2259 4623 1

2305 4503 2413 4557 τῶν
2456 4504 2834 4576 προκειμένων
2882 4507 3013 4575 ἡμῖν
3057 4506 3157 4575 τὴν
3200 4505 3470 4572 ἀπόδειξιν
3495 4548 3513 4575 ,
3564 4507 3886 4574 ἀνεξίκακον

2260 4564 2415 4647 ³τοῖς
2439 4594 2617 4647 λόγοις
2647 4594 2902 4647 ἁπλώσας
2922 4597 3020 4647 τὴν
3050 4597 3240 4647 ἀκοήν.

804 4646 807 4647 ν
2228 4594 2285 4623 υ
2303 4597 2415 4657 τοῖς
2439 4594 2617 4657 λόγοις
2647 4594 2902 4657 ἁπλώσας
2922 4597 3020 4657 τὴν
3050 4597 3240 4657 ἀκοήν.

2228 4597 2284 4623 υ
2303 4610 2328 4646 τ

702 4689 782 4744 Ad
814 4690 1127 4760 imaginem,
1154 4699 1209 4744 et
1243 4689 1656 4746 similitudinem
1686 4690 1929 4761 supremi
1956 4693 2200 4749 omnium

2258 4597 2284 4623 ’
2303 4597 2415 4657 τοῖς
2439 4597 2617 4663 λόγοις
2647 4597 2902 4658 ἁπλώσας
2922 4597 3020 4667 τὴν
3050 4597 3240 4668 ἀκοήν.

2376 4690 2508 4742 Κατ’
2553 4688 2737 4741 εἰκόνα
2782 4689 2875 4741 καὶ
2928 4689 3048 4742 καθ’
3092 4691 3349 4760 ὁμοίωσιν
3392 4690 3487 4745 τοῦ
3534 4692 3629 4746 ἐπὶ
3669 4694 3884 4760 πάντας

631 4781 722 4836 Dei
749 4779 954 4834 factum
985 4794 1109 4836 esse
1132 4780 1405 4835 hominem
1427 4780 1611 4837 divina
1636 4781 1919 4854 Scriptura
1946 4796 2199 4844 testatur.

2302 4778 2457 4841 ὄντος
2488 4778 2621 4832 Θεοῦ
2648 4778 2977 4848 πεποιῆσθαι
3007 4780 3099 4834 τὸν
3127 4780 3410 4852 ἄνθρωπον
3439 4783 3473 4854 ὴ
3503 4781 3624 4837 θεία
3667 4785 3883 4855 μσιρτύ⁴

631 4870 808 4926 Moses
839 4871 1061 4941 quippe,
1100 4871 1191 4927 ille
1232 4869 1342 4926 Deo
1370 4880 1537 4927 notus
1576 4889 1688 4943 prae
1721 4876 1959 4940 cunctis,
1992 4878 2047 4931 in
2087 4880 2201 4949 pri-

2308 4885 2460 4938 ρεται
2492 4870 2705 4940 Γραφή.
2743 4871 2853 4923 Καὶ
2887 4869 3018 4939 γοῦν
3044 4872 3071 4924 ὀ
3102 4871 3163 4924 τὸ
3201 4871 3416 4943 πρῶτον
3446 4874 3578 4944 ἡμῖν
3613 4874 3884 4941 συντάξας

627 4979 716 5017 mo
742 4964 883 5037 libro
911 4961 1224 5018 Geneseos:
1269 4981 1288 5014 ι
1326 4961 1389 5018 Ει
1426 4962 1579 5029 fecit,
1614 4964 1815 5034 inquit,
1857 4966 1999 5023 Deus
2025 4968 2201 5023 homi-

2306 4960 2509 5030 βιϐλίον
2552 4962 2778 5033 (Μωσῆς
2799 4962 2857 5015 δὲ
2886 4955 3041 5028 οὗτος
3068 4965 3097 5017 6
3120 4963 3459 5038 ἐγνωσμένος
3488 4964 3643 5041 παρὰ
3673 4966 3885 5039 πάντας

530 5110 532 5112 ν
562 5124 567 5131 ἡ
626 5068 771 5118 nem,
805 5052 876 5109 ad
905 5051 1196 5124 imaginem
1230 5051 1327 5107 Dei
1356 5051 1484 5108 fecit
1514 5068 1638 5108 eum
1674 5054 1738 5109 ³³.
1776 5073 1795 5106 ι
1832 5054 1988 5120 Quod
2016 5065 2156 5112 auter

2300 5051 2377 5124 τῷ
2400 5051 2567 5124 Θεῷ),
2597 5072 2616 5105 ι
2638 5054 2749 5107 Καὶ
2773 5054 3015 5128 ἐποίησε,
3044 5073 3064 5110 ι
3094 5064 3279 5130 φησιν,
3310 5078 3328 5112 ι
3352 5061 3380 5113 ὁ
3401 5060 3531 5126 Θεὸς
3553 5063 3645 5116 τὸν
3670 5064 3887 5135 ἄνθρω-

625 5159 722 5211 per
751 5144 1015 5213 Spiritum
1045 5143 1112 5197 ad
1157 5143 1448 5214 imaginem
1490 5142 1582 5198 Dei
1632 5144 1797 5200 fuerit
1836 5146 2197 5217 obsignatus,

2300 5159 2421 5206 πον,
2453 5143 2574 5196 κατ’
2600 5144 2782 5200 εἰκόνα
2811 5147 2944 5201 Θεοῦ
2980 5149 3237 5220 ἐποίησεν
3262 5151 3443 5207 αὐτόν.
3477 5172 3497 5205 ι
3553 5153 3676 5206 Ὀτι
3707 5156 3766 5208 δὲ
3796 5156 3884 5208 διὰ

624 5235 742 5302 ipse
771 5249 871 5289 nos
898 5250 1091 5290 rursus
1118 5234 1326 5300 docuit,
1366 5234 1453 5291 his
1482 5235 1666 5291 verbis
1708 5254 1721 5289 :
1760 5255 1778 5288 ι
1814 5235 1880 5290 Ει
1911 5236 2201 5307 inspiravit

2297 5234 2392 5288 τοῦ
2422 5236 2735 5309 Πνεύματος
2763 5241 2841 5303 εἰς
2869 5241 3051 5294 εἰκόνα
3079 5239 3175 5311 τὴν
3205 5240 3357 5296 θείαν
3389 5247 3882 5316 κατεσφραγίζετο,

625 5325 679 5377 in
715 5326 907 5399 faciem
942 5327 1061 5396 ejus
1095 5327 1433 5397 spiraculum
1458 5327 1580 5382 vitae
1602 5328 1667 5383 “.
1709 5347 1728 5381 ι
1770 5325 1946 5383 Simul
1973 5330 2120 5385 enim
2145 5339 2199 5386 ct

2300 5326 2460 5381 πάλιν
2492 5329 2655 5394 αὐτὸς
2690 5331 2836 5401 ἡμᾶς
2860 5330 3097 5397 ἐδίδαξεν
3138 5333 3308 5388 εἰπών
3327 5349 3341 5365 ⁸
3382 5335 3522 5388 ιΚαί
3547 5336 3881 5407 ἐνεφύσησεν

623 5416 792 5469 vitam
814 5425 1077 5472 creatura:
1100 5417 1341 5488 Spiritus
1358 5417 1574 5481 indidit,
1609 5425 1663 5473 et
1690 5433 1821 5475 suos
1843 5419 2194 5479 characteres

2300 5420 2380 5482 εἰς
2411 5419 2469 5472 t6
2496 5420 2783 5491 πρόσωπον
2811 5420 2976 5474 αὐτοῦ
3006 5422 3174 5493 πνοὴν
3201 5422 3366 5494 ζωῆς.
3401 5442 3421 5477 ι
3468 5424 3633 5495 Ὁμοῦ
3657 5425 3762 5497 γὰρ
3786 5428 3883 5480 καὶ

621 5506 883 5561 divinitus
929 5508 1227 5578 impressit.
1265 5508 1341 5563 Ita
1381 5506 1625 5578 perfecto
1676 5509 1902 5565 animali
1961 5514 2195 5573 rationis

2302 5510 2446 5582 ζωὴν
2496 5510 2724 5566 ἐνετίθει
2773 5511 2835 5565 τὸ
2887 5512 3111 5584 Πνεῦμα
3157 5513 3235 5586 τῷ
3282 5514 3584 5586 πλάσματι,
3627 5516 3882 5580 καὶτοὺς

620 5596 909 5666 participe,
935 5598 1174 5666 optimus
1210 5597 1301 5653 ille
1349 5596 1550 5652 artifex
1584 5596 1727 5653 Deus
1762 5599 2006 5657 salutare
2040 5616 2195 5656 man-

2304 5600 2500 5657 ἑαυτοῦ
2539 5602 2895 5675 χαρακτῆρας
2933 5604 3251 5677 θεοπρεπῶς
3288 5607 3642 5678 ἐνεσήμαινεν
3668 5624 3684 5639 ο
3732 5606 3882 5661 οὕτω

692 5709 738 5739 ’⁸
766 5709 806 5763 11
836 5709 961 5764 Cor.
994 5727 1111 5771 vui,
1142 5713 1193 5766 9.
1308 5714 1350 5744 ²⁹
1375 5711 1572 5767 Jercm.
1609 5728 1671 5781 ιι,
1713 5716 1794 5783 l2,
1831 5718 1916 5772 l5.
2026 5719 2071 5751 ”
2102 5718 2245 5774 Psal.

620 5776 665 5811 8³
696 5778 807 5811 Rm.
878 5796 889 5811 .
944 5780 1013 5811 θ’,
1112 5783 1153 5811 ει.
1184 5782 1298 5811 Ρη..
1370 5798 1402 5811 ι.
1463 5783 1492 5811 '7

2281 5735 2405 5786 οτι,
2438 5722 2493 5787 3,
2526 5722 2580 5776 4.
2685 5720 2727 5752 ³¹
2752 5719 2795 5777 ll
2826 5719 2954 5779 Cor.
2998 5740 3052 5791 ιι,
3086 5724 3138 5790 4,
3172 5724 3224 5778 5.
3336 5724 3381 5757 ⁸⁸
3415 5722 3457 5779 ll
3496 5723 3623 5780 Cor.
3659 5737 3785 5791 vm,
3816 5721 3874 5777 9.

696 5778 830 5832 Gen.
878 5796 913 5845 ι,
944 5780 1035 5834 27.
1112 5783 1153 5812 3"
1184 5782 1320 5837 Gen.
1370 5798 1426 5847 ιι,
1463 5783 1513 5836 7.
