4118 6538
382 354 495 444 sos
1445 396 1508 451 IN
1554 398 1835 455 JOANNIS
1871 395 2318 458 EVANGELIUM
2358 402 2486 460 ue.
2531 403 2593 458 ιι.
3360 478 3363 482 _
3517 409 3621 468 206

385 504 447 555 τὸ
489 506 580 556 ἐπὶ
608 505 709 575 γῆς
744 505 957 573 λογικὸν
990 506 1275 579 ἐξαρτίσας
1316 510 1451 574 ζῶον
1498 515 1527 566 6
1570 516 1954 586 ἀριστοτέχνης
1983 520 2011 576 Α

1994 520 2026 577 Α
2055 517 2242 572 datum
2274 519 2323 573 ei
2354 519 2524 575 dedit.
2554 519 2620 575 Et
2655 529 2773 577 erat
2797 522 2849 577 iu
2877 523 3154 593 paradiso,
3195 524 3330 580 sicut
3360 526 3620 597 scriptum

382 594 759 666 δεδς,ὲντολὴν
775 596 947 650 ἐδίδου
962 598 1060 670 τὴν
1079 599 1371 666 σώζουσαν·
1398 605 1490 658 καὶ
1514 601 1583 677 ἦν
1600 610 1658 659 ἐν
1678 607 1753 678 τῷ
1782 625 1955 679 παρα-

2055 614 2139 661 est
2173 608 2246 673 ³⁸,
2295 625 2523 667 servans
2556 610 2737 667 adhuc
2774 615 3119 678 mandatum,
3153 624 3207 670 et
3236 615 3418 672 divina
3458 618 3622 673 Crcao

383 684 565 756 δείσῳ,
600 685 745 739 καθὰ
770 686 1099 758 γέγραπται,
1143 692 1514 763 διαφυλάττων
1559 697 1640 750 ἔτι
1675 699 1737 751 τὸ
1780 699 1952 763 δοθὲν,

2056 699 2192 755 toris
2239 704 2573 772 conspicuus
2605 704 2841 777 imagine
2887 723 2983 778 per
3019 708 3416 765 inhabitantem
3450 711 3622 782 Spiri-

386 774 481 826 καὶ
524 778 590 847 τῇ
636 775 756 847 θείᾳ
786 777 881 832 τοῦ
915 782 1276 855 πεποιηκότος
1317 785 1621 860 διαπρεπὴς
1667 790 1836 843 εἰκόνι
1867 790 1955 844 διὰ

2055 796 2168 844 tum
2198 809 2211 845 :
2260 792 2356 848 sed
2382 808 2505 847 cum
2551 774 2753 851 diaboli
2783 774 2975 855 fraude
3018 798 3282 856 seductus
3303 774 3618 857 Creatorem

325 945 329 947 Α
383 865 478 920 τοῦ
508 868 901 934 ἐνοικισθέντος
936 873 1091 942 ἀγίου
1130 876 1447 948 Πνεύμάτος
1472 897 1487 911 ·
1535 882 1804 955 ἐπειδὴδὲ
1833 887 1951 950 ταῖς

2052 883 2491 952 contempsisset,
2524 893 2578 939 et
2606 884 2858 956 imposita
2890 889 2995 945 sibi
3027 890 3148 961 lege
3178 893 3498 947 conculcata
3528 894 3621 949 bc-

333 1015 345 1045 Τ
382 956 478 1009 τοῦ
506 958 751 1013 διαϐόλου
783 967 1307 1038 παρατετραμμένος
1354 971 1590 1036 ἀπάταις
1632 976 1952 1047 κατεφρόνει

2054 971 2232 1026 neticii
2264 982 2545 1030 auctorem
2580 974 2919 1041 offendisset,
2963 956 3140 1050 gratia
3182 982 3285 1038 sibi
3331 983 3457 1037 data
3490 999 3618 1052 spo-

338 1042 343 1045 ’
381 1047 478 1102 τοῦ
518 1053 884 1123 Δημιουργοῦ,
927 1055 1021 1110 καὶ
1057 1058 1220 1129 νόμον
1255 1060 1346 1116 τὸν
1385 1062 1666 1128 ὁρισθέντα
1703 1042 1952 1138 πατήσας

2053 1063 2215 1118 liatus
2242 1072 2350 1131 est,
2389 1074 2553 1137 atque
2586 1075 2715 1123 tunc
2748 1042 2993 1138 primum
3013 1071 3227 1128 audiit:
3263 1089 3283 1124 ι
3318 1072 3487 1129 Terra
3521 1042 3615 1137 es,

380 1138 574 1194 ἐλύπει
594 1142 686 1196 τὸν
704 1143 1018 1232 εὐεργέτην,
1034 1147 1134 1220 τὴν
1155 1149 1302 1221 αὐτῷ
1323 1151 1566 1207 δοθεῖσαν
1587 1155 1952 1227 ἀνεπράττετο

2052 1163 2104 1208 et
2130 1153 2183 1208 in
2215 1161 2419 1211 terram
2457 1158 2748 1215 reverteris
2774 1159 2851 1225 ³⁸,
2895 1177 2915 1213 ι
2950 1160 3043 1232 qui
3083 1160 3263 1217 factus
3292 1173 3410 1218 erat
3438 1162 3503 1217 ad
3535 1165 3618 1217 vi-

384 1228 546 1300 χάριν
563 1248 577 1264 ·
621 1251 642 1283 ι
666 1233 742 1304 Γῆ
764 1231 837 1299 εί,
863 1237 958 1290 καὶ
979 1238 1061 1302 εἰς
1085 1239 1188 1309 γῆν
1212 1240 1507 1314 ἀπελεύσῃ,
1537 1262 1556 1295 ι
1588 1244 1709 1298 τότε
1735 1246 1950 1318 πρῶτον

2053 1252 2212 1299 tam:
2264 1246 2568 1304 adulterata
2616 1258 2704 1306 est
2752 1251 2843 1306 illa
2881 1228 3183 1308 similitudo
3235 1251 3330 1309 Dei
3388 1253 3615 1308 incursu

381 1321 620 1386 ἀκούσας
643 1325 673 1377 ό
698 1326 934 1394 γεγονὼς
962 1329 1041 1392 είς
1067 1329 1233 1402 ζωὴν,
1259 1334 1698 1405 παρεχαράττετο
1727 1333 1827 1408 ἤδη
1857 1340 1951 1393 καὶ

2050 1336 2280 1406 peccati,
2307 1352 2407 1394 nec
2436 1340 2549 1411 jam
2577 1341 2923 1401 characteres
2951 1345 3185 1416 amplius
3217 1353 3376 1401 erant
3404 1344 3461 1401 in
3498 1345 3617 1416 ipso

381 1409 416 1476 ἡ
450 1408 586 1480 πρὸς
616 1410 748 1501 Θεὸν
788 1414 1044 1485 ὁμοίωσις
1073 1418 1162 1474 διά
1202 1421 1301 1492 τῆς
1333 1422 1742 1496 ἐπιδραμούσης
1774 1426 1950 1498 ἀμαρο

2049 1426 2185 1480 clari
2216 1435 2271 1483 et
2312 1408 2605 1499 splendidi,
2646 1434 2742 1490 sed
2775 1408 3127 1501 subobscuri,
3172 1451 3235 1491 ac
3270 1408 3618 1492 tenebris-ins

379 1497 521 1562 τίας,
574 1501 671 1554 καὶ
713 1496 853 1573 ἦσαν
903 1506 1002 1576 μὲν
1049 1508 1233 1564 οὐκέτι
1281 1511 1465 1567 λοιπὸν
1509 1516 1558 1568 οἰ
1606 1496 1950 1589 χαρακτῆρες

2049 1518 2215 1574 voluti
2250 1521 2323 1576 ob
2352 1526 2868 1595 transgressionem.
2901 1528 3007 1583 Sed
3052 1528 3293 1583 humano
3324 1543 3523 1600 genere
3560 1527 3614 1582 in

378 1588 641 1660 λαμπροὶ,
691 1592 1048 1668 ἀμνδρότεροι
1090 1599 1148 1653 δέ
1196 1619 1311 1666 πως
1348 1604 1406 1657 ἐν
1456 1604 1606 1676 αὐτῷ
1654 1606 1749 1660 καὶ
1791 1588 1949 1663 ἐσκο-

2050 1608 2372 1669 imm'ensum
2415 1627 2730 1687 propagato,
2772 1632 2896 1675 cum
2948 1630 3231 1689 peccatum
3276 1628 3529 1690 regnaret
3559 1619 3613 1674 in

376 1682 622 1752 τισμένοι
662 1684 751 1739 διὰ
791 1686 889 1759 τὴν
919 1689 1248 1761 παράϐασιν.
1291 1694 1505 1767 Ἐπειδὴ
1538 1695 1596 1750 δέ
1634 1699 1713 1761 εἰς
1740 1698 1947 1770 πληθὺν

2048 1713 2259 1766 omnes,
2311 1711 2366 1758 et
2411 1682 2846 1777 uniuscujusque
2901 1709 3138 1764 animam
3186 1709 3612 1780 depraedaretur,

376 1770 612 1841 ἀριθμοῦ
658 1775 939 1845 κρείττονα
975 1778 1036 1832 τὸ
1072 1780 1410 1852 ἀνθρώπινον
1438 1783 1731 1850 ἐξετείνετο
1769 1787 1944 1856 γένος,
1976 1849 2002 1866 τ

1988 1850 2017 1866 _
2047 1792 2215 1846 veteri
2254 1793 2473 1863 quidem
2505 1770 2680 1866 gratia
2713 1770 2908 1853 natura
2946 1799 3207 1857 destituta
3235 1770 3321 1856 est
3350 1816 3365 1854 :
3407 1800 3614 1855 recedit

377 1863 702 1934 κατεκράτει
744 1865 803 1919 δὲ
832 1868 1046 1922 πάντων
1088 1872 1121 1942 ὴ
1156 1849 1420 1945 ἀμαρτία.
1454 1849 1809 1948 πολυτρόπως
1976 1849 2003 1905 ί

1986 1849 2019 1905 Β
2046 1849 2370 1950 penitus-ab
2399 1884 2480 1939 eis
2506 1849 2768 1956 Spiritus,
2821 1897 2873 1944 et
2931 1892 2987 1946 in
3035 1901 3334 1947 extremam
3380 1892 3612 1947 rationis

375 1953 607 2010 ἑκάστου
637 1956 926 2031 ληϊζομένη
951 1961 1150 2033 ψυχὴν,
1180 1964 1559 2037 ἀπεγνμνοῦτο
1598 1971 1697 2040 μὲν
1724 1971 1946 2043 χάριτος

2046 1971 2327 2039 penuriam
2371 1973 2572 2029 labitur
2603 1975 2767 2032 homo
2810 1979 3039 2037 rationis
3067 1981 3158 2036 ille
3204 1983 3498 2052 particeps,
3527 1984 3612 2052 ip-

372 2047 477 2115 τῆς
522 2047 749 2117 ἀρχαίας
796 2052 829 2120 ἠ
874 2053 1034 2120 φύσις
1060 2071 1073 2083 ·
1130 2055 1492 2112 ἀπανίσταται
1531 2059 1587 2113 δὲ
1627 2061 1688 2114 τὸ
1721 2062 1945 2135 Πνεῦμα

2044 2073 2165 2114 sum
2209 2062 2370 2117 etiam
2416 2063 2674 2133 ignorans
2706 2066 3040 2126 Creatorem.
3078 2071 3183 2127 Sed
3232 2074 3610 2128 universorum

373 2137 692 2203 παντελῶς,
741 2141 836 2193 καὶ
869 2143 1057 2197 πίπτει
1086 2146 1222 2217 πρὸς
1249 2146 1348 2219 τὴν
1380 2149 1617 2222 ἐσχάτην
1655 2152 1880 2221 ἀλογίαν
1916 2158 1946 2210 ό

2044 2146 2236 2219 Opifex
2280 2151 2541 2208 diuturna
2582 2171 2718 2213 usus
2757 2159 3043 2228 patientia,
3075 2161 3481 2218 miserationem
3512 2162 3611 2218 de-

371 2225 609 2295 λογικὸς,
661 2230 752 2283 καὶ
784 2232 945 2287 αὐτὸν
989 2237 1263 2307 ἀγνοήσας
1298 2238 1391 2292 τὸν
1424 2239 1699 2297 κτίσαντα.
1749 2244 1888 2298 Ἀλλ’
1915 2248 1944 2301 6

2042 2247 2191 2294 mbm
2237 2242 2383 2311 cepit
2426 2247 2669 2316 corrupti
2710 2225 2860 2303 orbis
2906 2258 2960 2304 et
3005 2249 3291 2321 fugitivum
3346 2252 3400 2305 iu
3448 2251 3613 2308 terris

371 2318 592 2373 πάντων
615 2322 955 2394 Δημιουργὸς
984 2328 1229 2398 μακροὺς
1270 2329 1666 2403 ἀνεξικακήσας
1694 2333 1938 2405 χρόνους,

2040 2340 2256 2398 gregem
2289 2331 2505 2399 superis
2531 2347 2846 2404 aggregare,
2890 2318 3205 2408 bonusvipse
3230 2354 3355 2395 cum
3397 2340 3490 2406 sit,
3534 2338 3611 2393 fe-

369 2408 517 2464 ἐλεεῖ
539 2409 723 2465 λοιπὸν
757 2416 1210 2488 κατεφθαρμένην
1238 2418 1335 2491 τὴν
1364 2422 1704 2494 οἰκουμένην,
1729 2426 1823 2479 καὶ
1841 2427 1941 2498 τὴν

2041 2414 2310 2481 stinavit,
2370 2425 2425 2473 et
2469 2418 2537 2473 ad
2584 2420 2871 2491 imaginem
2902 2424 3186 2494 pristinam
3216 2426 3610 2483 luuuanitatem

370 2500 474 2570 μὲν
504 2501 944 2573 δραπετεύσασαν
994 2507 1087 2560 ἐπὶ
1121 2508 1220 2580 τῆς
1265 2510 1367 2582 γῆς
1409 2513 1611 2584 ἀγέλην
1658 2518 1780 2580 ταῖς
1827 2517 1941 2572 ἀνω

2039 2503 2343 2562 reformare
2371 2523 2467 2578 per
2500 2509 2763 2578 Spiritum
2820 2515 3032 2569 statuit.
3087 2515 3205 2571 Non
3257 2520 3400 2573 enim
3451 2520 3610 2574 aliter

370 2591 662 2648 συνάπτειν
694 2596 897 2665 ἀγαθὸς
927 2597 1003 2651 ὣν
1041 2599 1303 2669 ἠπείγετο
1328 2619 1342 2633 ο
1396 2607 1833 2677 μεταστοιχειοῦν
1882 2610 1940 2662 δὲ

2041 2605 2293 2666 poterant
2326 2600 2381 2655 in
2416 2616 2481 2657 ea
2529 2603 2698 2658 divini
2743 2604 3087 2664 characteres
3131 2624 3197 2664 eo
3244 2611 3405 2665 modo
3453 2613 3608 2682 123

366 2684 531 2739 πάλιν
558 2686 637 2749 είς
667 2686 767 2759 τὴν
804 2689 1036 2760 ἀρχαίαν
1076 2693 1261 2747 εἰκόνα
1290 2694 1387 2766 τὴν
1416 2696 1810 2769 ἀνθρωπότητα
1850 2699 1939 2755 διά

2039 2702 2148 2756 quo
2204 2690 2357 2759 prius
2415 2692 2681 2748 relucere.
2722 2694 2865 2760 Quid
2918 2712 3051 2768 ergo
3126 2701 3181 2754 in
3230 2700 3334 2757 hoc
3382 2705 3607 2757 molitm

362 2774 462 2828 τοῦ
492 2776 803 2848 Πνεύματος
830 2780 1168 2852 ἐδοκίμαζεν.
1196 2779 1304 2837 Ἦν
1330 2785 1439 2857 γὰρ
1467 2789 1565 2858 ούχ
1590 2788 1792 2860 ἑτέρως
1812 2791 1938 2854 τοὺς

2038 2780 2111 2834 sit
2158 2778 2341 2846 Deus,
2390 2784 2663 2852 quomodo
2704 2786 2938 2857 gratiam
2978 2789 3033 2842 in
3084 2791 3243 2847 nobis
3294 2793 3604 2848 inviolatam

364 2863 549 2929 θείους
575 2867 887 2937 ἀναλάμψαι
921 2873 1272 2944 χαρακτῆρας
1300 2876 1358 2929 ἐν
1390 2877 1550 2948 αὐτῇ,
1574 2878 1825 2950 καθάπερ
1844 2876 1936 2935 οὖν

2038 2871 2372 2935 inseruerit,
2429 2882 2523 2928 aut
2574 2877 2852 2946 quomodo
2922 2894 3115 2936 rursus
3176 2881 3230 2935 in
3291 2883 3605 2939 hominibus

360 2950 506 3026 ἦσαν
535 2958 630 3011 καὶ
660 2958 945 3031 πρότερον.
984 2960 1049 3016 Τί
1078 2958 1171 3017 οὖν
1197 2965 1305 3036 ἄρα
1336 2966 1471 3039 πρὸς
1501 2970 1659 3022 τοῦτο
1688 2972 1934 3041 μηχανᾶ-

2037 2959 2276 3015 radicem
2352 2960 2590 3031 Spiritus
2671 2965 2877 3036 egerit,
2931 2984 3108 3038 quove
3174 2980 3337 3041 pacto
3404 2981 3602 3028 natura

361 3064 476 3111 ται,
524 3048 641 3112 πῶς
672 3050 729 3103 δὲ
759 3052 956 3106 ἄσυλον
1004 3054 1061 3106 ἐν
1099 3056 1229 3126 ἡμῖν
1257 3057 1521 3127 ἐφύτευσε
1555 3060 1652 3130 τὴν
1685 3061 1862 3133 χάριν,
1898 3063 1931 3133 ἢ

2035 3048 2091 3103 in
2129 3049 2422 3119 pristinum
2477 3061 2677 3108 statum
2723 3055 3021 3113 reformata
3067 3060 3170 3126 sit,
3213 3064 3600 3132 exponendum

360 3139 484 3204 πῶς
512 3142 781 3214 ἐρῤιζώθη
812 3145 975 3201 πάλιν
1020 3148 1078 3201 ἐν
1110 3148 1420 3220 ἀνθρώποις
1444 3151 1504 3206 τὸ
1538 3153 1784 3223 Πνεῦμα,
1814 3156 1935 3211 τίνα
1961 3186 1986 3246 ί

1976 3186 2002 3215 Γ,
2037 3146 2123 3195 est
2154 3140 2434 3212 deinceps.
2453 3141 2674 3200 Primus
2707 3145 2800 3201 ille
2827 3146 2991 3203 homo
3019 3157 3275 3208 terrenus
3303 3168 3428 3208 cum
3456 3164 3602 3212 esset

1976 3220 2003 3246 »ι
2158 3232 2171 3246 ι
2242 3242 2252 3246 -
2482 3244 2489 3246 .
2533 3235 2545 3246 ι
3092 3242 3102 3246 -
3255 3244 3264 3246 Α
3330 3245 3336 3246 ,

356 3229 422 3283 δὲ
455 3231 655 3300 τρόπον
700 3235 732 3304 ἡ
782 3235 943 3304 φύσις
992 3238 1354 3313 ἀνεμορφώθη
1401 3243 1536 3313 πρὸς
1586 3244 1648 3297 τὸ
1685 3245 1931 3316 ἀρχαῖον,
1963 3229 1982 3246 ‘

1974 3229 2003 3246 "
2036 3246 2102 3288 ac
2140 3232 2209 3287 de
2240 3242 2408 3299 terra,
2444 3244 2497 3290 et
2530 3235 2585 3290 in
2614 3251 2715 3292 sua
2752 3246 3025 3308 potestate
3059 3242 3221 3297 sitam
3253 3244 3478 3302 haberet
3501 3248 3600 3303 bo-

357 3322 655 3378 ἀκόλουθον
699 3327 893 3381 εἰπεῖν.
941 3327 1002 3383 '0
1055 3330 1271 3400 πρῶτος
1313 3331 1617 3404 ἄνθρωπος,
1663 3334 1844 3404 χοϊκός
1873 3353 1932 3389 τε

2036 3322 2092 3377 ιιί
2128 3324 2325 3380 malive
2347 3325 2644 3397 Optionem,
2674 3336 2841 3400 atque
2866 3335 3265 3402 propensionls
3303 3336 3358 3390 in
3390 3336 3600 3393 alteru-

358 3410 621 3481 ὑπάρχων
648 3413 741 3467 καὶ
766 3413 873 3468 ἀπὸ
897 3414 995 3487 τῆς
1021 3416 1145 3487 γῆς,
1176 3419 1269 3472 καὶ
1295 3419 1352 3472 ὲν
1381 3420 1486 3491 ίδὶᾳ
1516 3424 1774 3494 κειμένην
1795 3422 1932 3494 ἔχων

2037 3422 2180 3469 trum
2224 3415 2481 3472 dominus
2519 3427 2685 3483 esset,
2721 3421 2875 3490 gravi
2922 3424 3049 3477 dolo
3094 3434 3382 3495 correptus
3411 3438 3517 3492 est,
3544 3438 3602 3484 et

355 3498 601 3571 ἐξουσίᾳ,
637 3501 732 3554 τοῦ
770 3520 828 3556 τε
862 3503 1067 3571 ἀγαθοῦ
1100 3505 1311 3560 καὶτοῦ
1339 3509 1542 3577 φαύλου
1573 3511 1673 3583 τὴν
1701 3512 1928 3584 αἵρεσιν,

2032 3507 2087 3560 in
2131 3504 2559 3563 inobedientiatu
2603 3509 2814 3579 lapsus,
2849 3512 2905 3566 in
2951 3520 3152 3567 terram
3187 3523 3418 3571 matrem
3455 3517 3602 3571 unde

358 3592 536 3661 ῥοπῆς
578 3610 643 3660 γε
683 3594 782 3665 τῆς
824 3596 911 3649 ἐπ’
939 3597 1106 3667 ἄμφω
1145 3598 1332 3671 κύριος
1380 3601 1475 3665 ὣν,
1523 3605 1706 3675 πικρῷ
1736 3623 1932 3679 συνηρ..

2032 3595 2334 3665 prodierat,
2362 3597 2581 3664 decidit,
2616 3608 2670 3655 et
2690 3602 3037 3671 corruptioni
3073 3604 3291 3660 demum
3328 3609 3602 3679 mortique

352 3681 543 3752 πάσθη
574 3682 730 3754 δόλῳ,
768 3684 863 3737 καὶ
894 3686 1193 3751 ἀποκλίνας
1239 3691 1320 3753 είς
1368 3694 1686 3764 παρακοὴν,
1742 3695 1928 3749 πίπτει

2030 3687 2330 3750 obnoxius,
2365 3688 2419 3743 in
2456 3691 2778 3747 universum
2808 3708 2982 3763 genus
3012 3694 3273 3752 damnum
3304 3701 3592 3756 transmit-

356 3773 461 3843 μὲν
488 3774 568 3836 εἰς
598 3775 697 3844 τὴν
726 3775 849 3830 ὅθεν
897 3776 1058 3846 ἐξέφυ
1092 3779 1304 3851 μητέρα
1351 3782 1451 3852 τὴν
1497 3784 1619 3855 γῆν,
1671 3785 1845 3857 φθορᾷ
1872 3788 1926 3840 δὲ

2031 3777 2131 3841 tit;
2165 3787 2452 3834 crescente
2483 3795 2613 3835 vero
2648 3782 2704 3836 in
2738 3783 2902 3839 nobis
2934 3791 2989 3839 et
3027 3787 3394 3858 multiplicato
3429 3792 3596 3853 malo,

351 3863 482 3933 ἤδη,
510 3865 606 3917 καὶ
644 3865 860 3936 θανάτῳ
889 3869 1275 3941 κρατούμενος,
1316 3871 1425 3942 ὅλῳ
1463 3876 1824 3946 παραπέμπει
1850 3878 1928 3945 τῷ

2028 3878 2083 3925 et
2111 3870 2297 3924 animo
2336 3880 2529 3926 nostro
2566 3889 2784 3945 semper
2816 3876 2872 3930 in
2904 3876 3062 3947 pejus
3094 3889 3311 3944 ruente,
3346 3884 3599 3952 regnavit

349 3957 505 4024 γένει
536 3957 632 4029 τὴν
666 3958 887 4030 ζημίαν.
921 3959 1216 4032 αὐξομένου
1240 3960 1379 4014 δὲέν
1415 3964 1566 4033 ἡμῖν,
1601 3966 1695 4017 καὶ
1722 3966 1925 4037 πληθύς

2030 3968 2340 4031 peccatum,
2374 3970 2541 4033 atque
2589 3964 2664 4019 ita
2696 3965 2916 4022 demum
2953 3977 3152 4023 natura
3182 3969 3426 4027 hominis
3470 3987 3597 4042 spo-

350 4064 539 4112 νοντος
584 4048 677 4104 τοῦ
712 4051 905 4115 κακοῦ,
941 4052 1034 4105 καὶ
1076 4051 1212 4122 πρὸς
1241 4051 1305 4105 τὸ
1341 4055 1520 4125 χεῖρον
1548 4055 1632 4109 ἀεὶ
1662 4057 1922 4110 καταόαίο

2030 4052 2159 4105 liata
2180 4052 2625 4111 estinhabitante
2639 4055 2866 4126 Spiritu.
2895 4076 2913 4108 ι
2950 4056 3348 4129 Spiritusenim
3367 4070 3597 4118 sanctus

348 4137 552 4208 νούσης
572 4135 673 4209 τῆς
692 4139 749 4193 ἐν
771 4142 901 4211 ἡμῖν
918 4139 1174 4207 διανοίας,
1198 4140 1579 4210 βεϐασίλευκεν
1599 4146 1630 4215 ή
1661 4146 1922 4216 ἁμαρτία,

2028 4142 2313 4211 sapientiae
2351 4143 2537 4200 dolum
2574 4147 2767 4218 fugiet,
2801 4166 2820 4200 ι
2870 4156 2928 4201 ιιι
2976 4149 3244 4219 scriptum
3283 4160 3388 4215 est,
3428 4170 3446 4204 ι
3495 4169 3596 4208 nec

348 4227 538 4299 γυμνή
564 4245 624 4281 τε
663 4228 805 4282 οὔτω
829 4227 1013 4282 λοιπὸν
1034 4228 1129 4283 τοῦ
1156 4230 1544 4296 ἐνοικισθέντος
1569 4233 1726 4301 ἁγίου
1754 4235 1923 4289 Πνεύ-

2028 4229 2298 4285 habitabit
2350 4232 2405 4287 in
2460 4249 2690 4304 corpore
2734 4236 2959 4291 subdito
2994 4238 3233 4306 peccatis
3254 4238 3319 4291 ⁸⁷.
3374 4257 3392 4290 ι
3445 4238 3597 4304 Quo-

350 4334 527 4383 ματος
557 4320 590 4389 ἠ
622 4319 911 4390 ἀνθρώπου
954 4318 1114 4389 φύσις
1142 4320 1501 4376 ἀνεδείκνυτο.
1549 4341 1568 4374 ι
1594 4323 1782 4392 ’Ἃγιον
1816 4326 1924 4397 γάρ

2026 4321 2172 4375 niam
2195 4338 2327 4393 ergo
2360 4324 2572 4395 primus
2602 4326 2776 4381 Adam
2807 4328 3043 4397 gratiam
3075 4329 3181 4383 Sibi
3215 4344 3245 4383 a
3270 4330 3379 4385 Deo
3408 4331 3595 4386 datam

348 4408 579 4478 Πνεῦμα
606 4410 819 4479 σοφίας,
858 4408 1114 4480 φεύξεται
1142 4410 1312 4477 δόλον,
1343 4430 1362 4463 ι
1407 4412 1549 4466 καθά
1594 4414 1919 4487 γέγραπταγ

2026 4426 2135 4466 non
2160 4424 2497 4482 servaverat,
2530 4416 2832 4473 destinavit
2863 4419 3024 4475 nobis
3045 4420 3264 4476 ccelitus
3291 4423 3594 4479 secundum

345 4499 468 4563 καὶ,
493 4499 595 4552 «Οὐ
620 4500 934 4571 κατοικήσει
955 4502 1014 4554 ἐν
1038 4501 1249 4573 σώματι
1274 4501 1560 4573 κατάχρεῳ
1580 4504 1870 4576 ἁμαρτίας.
1899 4525 1917 4559 ι
1952 4508 1971 4566 Ι

1972 4501 2198 4566 )Adam
2250 4503 2393 4561 Deus
2445 4520 2509 4561 ac
2557 4505 2742 4563 Pater.
2784 4508 2954 4563 Mittit
3001 4510 3146 4564 enim
3184 4510 3239 4565 in
3279 4513 3598 4568 similitudi~

359 4589 516 4641 Ἐπεὶ⁵
542 4589 721 4643 τοίνυν
754 4591 784 4644 6
812 4590 1026 4662 πρῶτος
1061 4591 1232 4661 Ἀδάμ
1268 4591 1366 4662 τὴν
1404 4593 1555 4665 παρά
1587 4594 1719 4647 Θεοῦ
1750 4595 1914 4649 δοθεῖ-

2026 4609 2148 4648 nem
2192 4597 2369 4651 nostri
2408 4612 2568 4654 suum
2596 4597 2798 4654 Filium
2830 4609 3027 4656 natura
3061 4617 3159 4657 sua
3187 4604 3514 4661 mutationis
3541 4614 3596 4661 et

343 4694 452 4730 σαν
499 4678 561 4731 ού
608 4677 831 4733 διέσωσε
863 4681 1040 4751 χάριν,
1085 4682 1375 4753 ἐπενόησεν
1404 4684 1536 4755 ἡμῖν
1583 4684 1643 4750 ἐξ
1690 4685 1918 4756 ούρανοῦ

2025 4684 2371 4744 alterationis
2399 4690 2671 4755 nescium,
2698 4697 2754 4745 et
2784 4691 2992 4759 peccati
3024 4708 3254 4761 prorsus
3284 4706 3592 4766 expertem,

336 4766 440 4819 τὸν
469 4766 719 4837 δεύτερον
763 4768 934 4840 Ἀδὰμ
964 4769 993 4821 6
1030 4768 1162 4832 Θεὸς
1189 4771 1282 4824 καὶ
1310 4772 1518 4843 Πατήρ.
1555 4772 1767 4844 Πέμπει
1811 4773 1920 4844 γὰρ

2028 4787 2087 4832 ιιι
2121 4779 2583 4847 quemadmodum
2615 4797 2710 4851 per
2741 4783 3166 4840 inobedientiam
3199 4787 3363 4855 primi
3394 4787 3595 4841 divina:

339 4859 427 4921 εἰς
469 4859 728 4928 ὁμοίωσιν
769 4860 869 4931 τὴν
903 4859 1038 4932 πρὸς
1067 4862 1214 4933 ἡμᾶς
1247 4862 1511 4931 ἀτρεπτόν
1543 4880 1603 4916 τε
1634 4864 1727 4917 καὶ
1764 4864 1922 4918 ἀναλ-

2026 4864 2122 4919 ira:
2156 4861 2394 4936 subjecti
2437 4868 2664 4935 fuimus,
2702 4869 2775 4924 ita
2820 4888 2917 4941 per
2951 4872 3315 4929 obedientiam
3367 4876 3592 4930 secundi

336 4949 566 5002 λοίωτον
586 4949 716 5004 ὄντα
739 4953 806 5021 τῇ
828 4949 984 5020 φύσει
1001 4951 1094 5005 τὸν
1120 4951 1250 5005 ίδιον
1276 4952 1425 5016 Υίὸν,
1451 4953 1546 5006 καὶ
1570 4952 1629 5006 τὸ
1657 4953 1921 5025 ἁμαρτεῖν

2023 4956 2471 5015 maledictionem
2525 4977 2747 5033 quoque
2797 4962 3108 5035 fugiamus.
3167 4972 3223 5019 et
3264 4964 3385 5034 ejus
3449 4966 3592 5019 mala

332 5041 445 5093 οὐκ
476 5041 651 5095 εἰδότα
676 5042 972 5107 παντελῶς,
1012 5043 1097 5097 ἵνα
1127 5043 1375 5116 καθάπερ
1402 5043 1489 5098 διὰ
1514 5044 1612 5114 τῆς
1640 5043 1736 5098 τοῦ
1768 5044 1920 5114 πρώ-

2022 5058 2243 5104 cessent
2273 5049 2338 5104 ⁸⁸.
2362 5050 2499 5106 Cum
2533 5060 2716 5108 autem
2760 5052 2926 5110 homo
2963 5054 3170 5111 factum
3204 5055 3277 5111 sit
3324 5054 3417 5111 Dei
3455 5055 3590 5113 Ver--

332 5146 438 5183 του
477 5132 758 5202 παρακοῆς
789 5131 893 5185 ὑπὸ
921 5130 1068 5187 θείαν
1095 5134 1397 5204 γεγόναμεν
1431 5134 1619 5206 ὀργὴν,
1662 5135 1803 5189 οὕτω
1832 5135 1922 5189 διὰ

2020 5136 2185 5201 bum,
2219 5137 2487 5210 Spiritum
2522 5157 2552 5197 a
2582 5141 2743 5200 Patre
2777 5146 3001 5216 accipit,
3038 5153 3097 5200 ut
3141 5162 3283 5201 unus
3323 5161 3354 5202 e
3400 5149 3585 5213 nobis,

333 5224 442 5291 τῆς
469 5222 717 5294 ὑπακοῆς
739 5218 834 5278 τοῦ
856 5224 1132 5298 δευτέρου,
1159 5226 1253 5278 και⁵
1272 5226 1368 5295 τὴν
1389 5225 1527 5295 ἀράν
1546 5225 1916 5296 διαφύγωμεν,

2021 5241 2128 5282 non
2171 5229 2276 5285 sibi
2319 5231 2525 5304 aliquid
2564 5234 2879 5305 specialiter
2923 5235 3199 5305 accipiens
3247 5236 3396 5306 (erat
3439 5241 3586 5295 enim

333 5312 438 5364 καὶ
464 5312 533 5365 τά
569 5313 629 5378 ἐξ
668 5312 838 5382 αὐτῆς
863 5315 1078 5387 ἀργήσῃ
1102 5315 1268 5371 κακά.
1311 5314 1527 5387 Ἐπειδὴ
1552 5316 1609 5369 δὲ
1634 5315 1918 5386 ἄνθρωπος

2020 5317 2137 5387 ipse
2170 5320 2405 5391 largitor
2456 5323 2741 5398 Spiritus),
2772 5328 2867 5384 sed
2918 5337 2978 5383 ut
3035 5339 3323 5407 acceptum
3378 5344 3587 5388 natura:

330 5403 564 5471 γέγονεν
596 5406 626 5458 6
662 5405 756 5459 τοῦ
780 5406 916 5459 Θεοῦ
941 5407 1133 5477 Λόγος,
1180 5408 1392 5478 δέχεται
1420 5406 1483 5461 τὸ
1513 5407 1733 5479 Πνεῦμα
1767 5410 1918 5482 παρά

2026 5417 2227 5464 nostrae
2252 5423 2630 5482 conservaret,
2662 5425 2721 5471 ut
2768 5415 2953 5483 homo,
2986 5430 3043 5474 et
3071 5404 3277 5477 rursus,
3316 5422 3587 5478 radicaret

330 5492 435 5547 τοῦ
474 5496 702 5566 Πατρὸς,
726 5497 801 5561 ὡς
830 5492 910 5561 εἷς
935 5498 994 5562 ἐξ
1017 5498 1195 5569 ήμῶν,
1230 5498 1327 5569 οὐχ
1359 5497 1533 5569 ἐαυτῷ
1558 5516 1608 5552 τι
1627 5499 1915 5569 λαμϐάνων

2022 5498 2077 5552 in
2113 5499 2275 5557 nobis
2305 5504 2539 5573 gratiam
2571 5522 2695 5577 qua:
2719 5520 3050 5578 recesserat,
3076 5511 3144 5576 is,
3171 5514 3266 5583 qui
3299 5522 3584 5583 peccatum

333 5581 529 5645 εδικῶς
556 5599 571 5613 ·
607 5586 772 5651 αὐτὸς
813 5589 923 5659 γὰρ
963 5584 1031 5660 ἦν
1068 5589 1096 5640 6
1142 5588 1235 5641 τοῦ
1283 5588 1598 5660 Πνεύματος
1644 5589 1875 5659 χορηγός
1899 5604 1912 5617 '

2020 5604 2128 5645 non
2162 5593 2335 5648 novit.
2383 5594 2535 5654 llauc
2583 5597 2730 5654 enim
2766 5600 2838 5658 ob
2882 5615 3106 5659 causam
3158 5581 3413 5662 existimo
3458 5618 3584 5659 san-

409 5757 456 5791 ³⁸
497 5760 632 5817 Ceu.
671 5764 842 5839 1525.
940 5767 982 5795 ’θ
1016 5766 1149 5822 Gen.
1186 5782 1269 5835 ιιι,
1315 5768 1397 5825 19.
1478 5768 1519 5800 ³⁷
1552 5767 1680 5838 Sap.
1729 5784 1763 5834 ι,
1802 5768 1852 5821 li.
1933 5769 1976 5801 ³⁸
2022 5769 2035 5821 l

766 5764 842 5819 25.
940 5767 982 5795 ’θ
1016 5766 1149 5822 Gen.
1186 5782 1269 5835 ιιι,
1315 5768 1397 5825 19.
1478 5768 1519 5800 ³⁷
1552 5767 1680 5838 Sap.
1729 5784 1763 5834 ι,
1802 5768 1852 5821 ii.
1933 5769 1976 5801 ³⁸
2022 5768 2177 5826 Rom.
2208 5788 2257 5839 v,
2307 5773 2392 5833 13,
