4118 6570
556 404 658 460 207

1511 388 1562 440 S.
1604 382 1880 440 CYRILLI
1928 376 2395 434 ALEXANDRINI
2423 379 2738 436 ARCHIEP.

3697 387 3800 445 208

557 531 707 576 ctum
780 517 1073 587 Baptistam
1148 511 1353 566 utiliter
1403 508 1711 571 addidisse,
1759 526 1774 555 ι
1811 506 1951 571 Quia
2008 502 2119 555 vidi

2233 501 2310 554 ἵνα
2356 505 2421 573 τῇ
2472 503 2629 571 φύσει
2675 504 2915 577 διασώσῃ
2960 506 3170 572 λαϐὼν,
3216 507 3291 570 ὼς
3337 508 3659 581 ἄνθρωπος,
3711 511 3801 566 καὶ

560 612 824 681 Spiritum
861 604 1284 661 descendentem
1312 600 1380 655 de
1410 600 1574 661 cmlo,
1595 607 1644 653 et
1682 608 1997 652 manentem
2033 613 2126 651 su-

559 718 657 773 per
687 715 809 755 eum
834 699 898 752 ³⁹.
930 717 948 749 ι
978 694 1228 749 Avolavit
1263 692 1410 746 enim
1443 708 1511 746 ex
1543 690 1703 744 nobis
1740 699 1964 759 propter
2000 703 2128 759 pec-

559 802 763 852 catum,
798 788 977 841 laetus
1028 793 1211 837 autem
1258 789 1343 837 est
1372 782 1519 835 velut
1570 795 1713 834 unus
1741 795 1805 833 ex
1840 779 2001 833 nobis
2031 778 2125 846 qui

559 888 844 951 peccatum
880 892 988 931 non
1021 874 1197 939 novit,
1232 882 1284 927 ut
1315 870 1640 926 assuelieret
1680 883 1845 938 porro
1885 866 2128 937 Spiritus

560 987 780 1028 manere
816 972 870 1024 in
904 969 1085 1032 nobis,
1117 981 1243 1021 cum
1284 962 1599 1018 discedendi
1634 970 1729 1015 aut
1777 959 2125 1016 subducendi

559 1081 620 1120 se
642 1077 863 1119 causam
902 1062 957 1115 in
1002 1061 1121 1129 ipso
1163 1073 1275 1113 non
1315 1056 1560 1109 haberet.
1613 1053 1786 1122 Igitur
1831 1051 1994 1105 nobis
2031 1065 2126 1120 per

559 1156 799 1224 seipsum
832 1152 1098 1222 Spiritum
1132 1148 1354 1218 accipit,
1390 1155 1444 1201 et
1471 1152 1680 1199 natura:
1711 1152 1870 1197 vetus
1920 1142 2123 1196 bonum

561 1253 808 1303 renovat.
860 1244 951 1297 Sic
995 1242 1159 1298 etiam
1194 1253 1399 1310 pauper
1444 1236 1625 1291 lactus
1650 1234 1853 1289 dicitur
1898 1241 2127 1304 propter

560 1351 686 1393 nos.
722 1336 884 1390 Dives
932 1334 1079 1388 enim
1128 1346 1252 1386 cum
1311 1330 1402 1391 sit,
1453 1342 1563 1396 qua
1611 1325 1774 1388 Deus,
1813 1334 1867 1379 et
1921 1324 2126 1378 nullius

563 1428 697 1485 boni
748 1425 990 1496 indigus,
1042 1424 1207 1476 homo
1255 1420 1433 1474 factus
1474 1424 1557 1473 est
1600 1417 1846 1471 omnium
1884 1430 2126 1485 egenus;

562 1519 629 1573 ad
660 1532 825 1589 quem
858 1512 1288 1568 alicubidictum
1312 1521 1396 1565 est
1428 1508 1689 1579 praeclare
1719 1524 1731 1559 :
1756 1526 1774 1556 ι
1813 1506 1953 1572 Quid
1980 1506 2126 1561 enim

566 1610 725 1682 124
758 1610 928 1664 babes
961 1607 1105 1677 quod
1144 1617 1255 1659 non
1314 1600 1576 1671 accepisti
1598 1600 1684 1653 5°?
1709 1618 1727 1651 ι
1764 1597 2128 1665 Quemadmo-

561 1706 691 1756 dum
722 1713 855 1770 ergo
883 1697 993 1752 vita
1027 1696 1329 1752 secundum
1364 1699 1615 1747 naturam
1663 1690 1935 1745 exsistens
1976 1702 2127 1741 mor-

564 1804 689 1848 tuus
714 1800 799 1846 est.
820 1788 1123 1845 secundum
1155 1798 1379 1840 carnem
1409 1791 1631 1853 propter
1654 1796 1773 1844 nos,
1806 1790 1866 1834 ut
1894 1785 2126 1833 mortem

561 1885 807 1940 vinceret
839 1895 939 1951 pro
977 1878 1159 1941 nobis,
1192 1884 1248 1930 et
1293 1876 1609 1928 universam
1645 1887 1833 1927 secum
1870 1878 2125 1925 naturam

563 1974 1033 2031 muresuscitaret
1061 1972 1276 2038 (omnes
1308 1966 1453 2020 enim
1489 1978 1710 2020 eramus
1740 1964 1794 2016 in
1825 1964 1965 2032 ipso,
1990 1974 2131 2031 qua-

563 2079 725 2123 tenus
755 2066 920 2120 homo
954 2063 1136 2115 lactus
1154 2063 1281 2129 est),
1303 2058 1383 2112 sic
1418 2057 1581 2111 etiam
1607 2054 1871 2126 Spiritum
1906 2060 2130 2123 propter

563 2174 667 2215 nos
702 2157 922 2226 accipit,
965 2163 1024 2207 ut
1059 2167 1276 2208 omnem
1334 2149 1643 2207 sanctiticet
1690 2155 1966 2201 naturam.
2009 2143 2130 2198 Non

563 2249 711 2304 (uim
765 2246 821 2300 in
867 2258 1027 2299 suum
1080 2239 1430 2295 commodum
1478 2237 1659 2300 venit,
1714 2235 1809 2290 sed
1868 2242 1926 2288 ut
1972 2231 2132 2285 nobis

563 2337 821 2393 omnibus
852 2331 1207 2404 principium,
1241 2336 1296 2383 et
1319 2328 1427 2392 via,
1465 2334 1522 2381 et
1548 2325 1716 2394 janua
1757 2323 1828 2377 sit
1860 2322 2129 2376 bonorum

562 2426 893 2483 caelestium.
931 2420 1047 2477 Nisi
1097 2420 1245 2474 enim
1301 2418 1572 2485 accipere,
1609 2422 1667 2468 ut
1712 2414 1899 2478 homo,
1946 2411 2129 2465 visum

563 2526 732 2581 esset,
780 2525 873 2570 aut
905 2515 1070 2569 etiam
1118 2511 1252 2580 pati,
1291 2519 1352 2563 ut
1392 2523 1535 2563 unus
1568 2522 1597 2560 e
1628 2506 1808 2567 nobis,
1853 2502 2131 2574 quomodo

562 2615 742 2683 ipsum
772 2623 831 2665 se
862 2605 1185 2661 humiliasse
1215 2602 1430 2656 ostendi
1469 2598 1689 2669 posset?
1729 2605 1823 2651 aut
1851 2595 2130 2666 quomodo

563 2702 708 2758 servi
730 2699 904 2755 forma
938 2704 1085 2752 recte
1112 2695 1162 2748 ei
1189 2693 1545 2755 tribueretur,
1586 2690 1695 2744 nisi
1717 2690 1785 2744 de
1812 2691 1934 2760 ipso
1966 2687 2129 2758 quid-

562 2792 685 2845 dam
719 2790 882 2845 etiam
914 2800 1075 2841 servo
1104 2784 1437 2839 conveniens
1479 2782 1746 2851 scriptum
1775 2780 1956 2835 esset?
2003 2779 2128 2837 Noli

561 2897 692 2955 ergo
721 2877 1186 2951 sapientissimum
1232 2874 1632 2929 incarnationis
1666 2874 1935 2927 rationem
1968 2872 2129 2927 velli-

562 2988 711 3035 care,
741 2984 903 3040 quam
933 2969 1153 3023 divinus
1193 2967 1284 3020 ille
1317 2965 1524 3019 Paulus
1565 2964 1690 3033 jure
1722 2965 1974 3027 miratur,
2018 2964 2129 3016 cla-

562 3077 721 3119 mans
753 3080 766 3116 :
800 3080 819 3112 ί
851 3059 923 3115 Ut
960 3060 1271 3113 innotescat
1316 3071 1465 3110 nunc
1505 3056 1908 3125 principatibus
1941 3062 1995 3108 et
2030 3069 2131 3123 po-

2231 592 2437 666 ριζώσῃ
2472 595 2632 648 πάλιν
2678 597 2735 647 ἐν
2768 598 2897 665 ἡμῖν
2942 598 3039 667 τὴν
3066 599 3511 670 ἁποφοιτήσασαν
3562 602 3742 673 χάριν,
3774 607 3802 658 ό

2233 686 2305 756 μὴ
2332 686 2486 750 εἰδὼς
2519 688 2811 759 ἁμαρτίαν.
2841 690 2940 743 Διὰ
2964 692 3166 762 ταύτην
3192 693 3299 763 γὰρ
3324 692 3476 765 οἶμαι
3498 697 3597 767 τὴν
3624 699 3801 752 αἰτίαν

2229 779 2670 849 προσ-τεθεικέναι
2730 781 3014 850 χρησίμως
3073 782 3166 835 τὸν
3232 785 3387 851 ἁγιον
3452 785 3802 858 Βαπτιστήνο

2235 866 2385 917 ι”Οτι
2433 865 2697 936 τεθέαμαι
2738 868 2798 920 τὺ
2839 869 3064 940 Πνεῦμα
3092 873 3416 927 καταϐαῖνον
3447 873 3507 938 ἐξ
3545 876 3801 946 οὐρανοῦ,

2230 956 2323 1007 καὶ
2353 955 2566 1024 ἔμεινεν
2592 957 2679 1008 ἐπ’
2716 958 2897 1012 αὐτόν.
2927 977 2946 1010 ›
3003 960 3245 1031 Ἀπέπτη
3282 962 3379 1032 μὲν
3417 963 3527 1035 γὰρ
3563 965 3621 1031 ἐξ
3647 966 3804 1036 ἡμῶν

2228 1045 2316 1099 διὰ
2342 1046 2440 1117 τὴν
2468 1048 2759 1127 ἁμαρτίαν,
2795 1049 2986 1118 γέγονε
3016 1050 3073 1104 δὲ
3110 1051 3186 1116 ὡς
3228 1047 3309 1116 εἷς
3340 1052 3403 1118 ὲξ
3439 1055 3616 1125 ἡμῶν,
3648 1058 3681 1110 ό
3725 1058 3802 1128 μὴ

2228 1138 2383 1202 εἰδὼς
2409 1136 2704 1211 ἁμαρτίαν,
2745 1143 2832 1195 ἴνα
2862 1143 3157 1215 προσεθίσῃ
3185 1145 3247 1197 τὸ
3276 1145 3503 1216 Πνεῦμα
3532 1147 3717 1219 μένειν
3746 1152 3805 1203 ὲν

2228 1228 2379 1297 ἡμῖν,
2410 1230 2663 1303 ἀφορμὴν
2692 1232 2793 1285 οὐκ
2824 1232 2945 1304 ἔχον
2988 1234 3406 1306 ἀναχωρήσεως,
3439 1237 3472 1309 ἢ
3503 1239 3807 1311 ὑποστολῆς

2228 1319 2286 1371 ὲν
2311 1320 2479 1392 αὐτῷ.
2508 1322 2715 1376 Οὐκοῦν
2738 1326 2868 1395 ἡμῖν
2890 1327 2955 1379 δι’
2982 1326 3176 1380 ἑαυτοῦ
3195 1328 3458 1398 λαμϐάνει
3477 1329 3537 1383 τὸ
3559 1331 3802 1401 Πνεῦμα,

2229 1413 2324 1466 καὶ
2349 1414 2564 1467 ἁνανεοῖ
2591 1418 2656 1485 τῇ
2692 1417 2851 1486 φύσει
2880 1417 2941 1471 τὸ
2978 1419 3201 1490 ἀρχαῖον
3231 1420 3434 1489 ἀγαθόν
3460 1437 3473 1449 '
3521 1422 3665 1476 οὕτω
3710 1424 3806 1478 καὶ

2229 1506 2541 1573 πτωχεῦσαι
2575 1504 2791 1573 λέγεται
2835 1507 2901 1559 δι’
2949 1509 3110 1579 ἡμᾶς.
3149 1509 3409 1573 Πλούσιος
3434 1511 3542 1583 γὰρ
3586 1512 3683 1577 ὢν,
3727 1513 3802 1578 ὡς

2229 1591 2382 1659 Θεὸς,
2427 1596 2520 1646 καὶ
2565 1595 2775 1659 οὐδενὸς
2817 1598 2926 1651 τῶν
2970 1597 3191 1665 ἀγαθῶν
3233 1600 3471 1672 ἐπιδεὴς,
3522 1602 3807 1674 ἄνθρωπος

2230 1684 2419 1752 γέγονε
2450 1687 2667 1741 πάντων
2699 1688 2937 1759 ἐπιδεὴς,
2988 1688 3125 1757 πρὸς
3166 1690 3227 1745 ὃν
3272 1691 3486 1763 εἴρηταί
3532 1710 3660 1758 που,
3710 1696 3807 1748 καὶ

2235 1776 2439 1847 σφόδρα
2462 1777 2662 1840 καλῶς’
2692 1781 2785 1833 «Τί
2808 1781 2918 1853 γὰρ
2938 1782 3102 1853 ἔχεις,
3129 1783 3159 1837 ὃ
3178 1784 3277 1837 οὑκ
3298 1784 3511 1851 ἔλαϐες
3544 1805 3560 1836 ι
3595 1780 3806 1858 Ὠσπερ

2234 1862 2326 1920 οὖν
2369 1867 2481 1939 ζωὴ
2522 1869 2665 1923 κατὰ
2696 1872 2857 1940 φύσιν
2904 1874 3161 1945 ὑπάρχων
3188 1875 3427 1930 ἀπέθανε
3461 1879 3602 1932 κατὰ
3630 1879 3806 1949 σάρκα

2231 1957 2300 2009 δι’
2328 1960 2494 2028 ἡμᾶς,
2543 1961 2628 2014 ἵνα
2672 1963 2870 2033 νικήσῃ
2916 1964 3008 2017 τὸν
3054 1965 3282 2020 θάνατον
3323 1967 3463 2038 ὑπὲρ
3503 1966 3681 2038 ἡμῶν,
3711 1970 3806 2023 καὶ

2232 2048 2359 2118 ὅλην
2416 2050 2590 2120 ἑαυτῷ
2639 2055 3015 2126 συναναστήσῃ
3056 2056 3153 2125 τὴν
3193 2054 3357 2125 φὺσιν
3392 2072 3408 2088 ⁶
3460 2058 3660 2120 πάντες
3696 2059 3807 2130 γάρ

2229 2134 2371 2209 ἦμεν
2401 2143 2461 2195 ἐν
2496 2143 2645 2212 αὑτῳ
2662 2184 2676 2208 ,
2701 2144 2837 2197 καθὸ
2863 2146 3087 2213 γέγονεν
3115 2146 3399 2216 ἄνθρωπος
3424 2162 3438 2177 ⁸
3464 2148 3603 2201 οὕτω
3630 2151 3725 2201 καὶ
3744 2150 3809 2204 τὸ

2230 2231 2457 2302 Πνεῦμα
2498 2234 2710 2305 δέχεται
2759 2236 2826 2290 δι’
2866 2239 3048 2305 ἡμᾶς,
3098 2239 3184 2293 ἵνα
3230 2240 3413 2293 πᾶσαν
3462 2241 3663 2314 ἁγιάσῃ
3706 2243 3806 2313 τὴν

2232 2322 2413 2391 φύσιν.
2455 2326 2530 2378 Οὑ
2562 2327 2669 2398 γὰρ
2699 2329 2894 2383 ἑαυτὸν
2929 2330 3225 2401 ὠφελήσων
3255 2332 3529 2403 ἐλήλυθεν,
3572 2334 3689 2387 ἀλλ’
3719 2336 3806 2389 ῖνα

2233 2417 2398 2468 πᾶσιν
2443 2417 2576 2486 ἡμῖν
2619 2418 2784 2488 ἁρχὴ,
2820 2419 2916 2473 καὶ
2960 2420 3097 2485 ὁδὸς,
3133 2423 3227 2475 καὶ
3268 2421 3407 2493 θύρα
3442 2423 3667 2494 γένηται
3697 2425 3805 2479 τῶν

2232 2506 2499 2575 οὐρανίων
2543 2507 2782 2576 ἀγαθῶν.
2832 2509 2898 2563 Εἰ
2942 2510 3051 2581 γὰρ
3085 2512 3158 2583 μὴ
3204 2513 3347 2577 ἔδοξε
3379 2514 3700 2585 λαμϐάνειν.
3730 2515 3809 2579 ὡς

2234 2595 2538 2666 ἄνθρωπος,
2571 2597 2606 2667 ἢ
2645 2598 2741 2650 καὶ
2783 2600 3035 2669 πάσχειν,
3066 2600 3141 2664 ὡς
3170 2596 3249 2665 εἷς
3281 2602 3341 2667 ἐξ
3364 2602 3542 2674 ἡμῶν,
3582 2604 3699 2668 πῶς
3740 2604 3807 2659 ἂν

2232 2686 2400 2753 ἔδειξέ
2447 2706 2552 2754 τις,
2604 2689 2686 2743 ὃτι
2728 2691 3126 2745 τεταπείνωκεν
3174 2694 3411 2757 ὲαυτόν;
3456 2696 3526 2748 Ἢ
3574 2696 3692 2759 πῶς
3739 2697 3808 2750 ἃν

2234 2777 2411 2849 ἐσώθη
2445 2780 2625 2842 καλῶς
2655 2782 2687 2850 ἡ
2715 2781 2808 2834 τοῦ
2846 2782 3032 2835 δούλου
3061 2784 3261 2855 μορφὴ,
3295 2786 3342 2838 εί
3375 2788 3449 2856 μή
3485 2803 3538 2840 τι
3567 2788 3663 2841 καὶ
3686 2788 3806 2842 δου-

2234 2869 2501 2940 λοπρεπὲς
2529 2873 2745 2942 ἐγράφη
2765 2874 2893 2944 περὶ
2921 2875 3119 2939 αὑτοῦ;
3154 2877 3244 2947 Μὴ
3268 2877 3609 2946 διασυρέσθω
3632 2880 3806 2935 τοίνυν

2234 2963 2262 3013 ὁ
2314 2963 2586 3032 πὰνσοφος
2632 2966 2731 3035 τῆς
2776 2967 3085 3037 οἰκονομίας
3130 2967 3306 3036 λόγος,
3347 2968 3407 3021 ὃν
3450 2972 3542 3023 καὶ
3587 2971 3750 3035 αὑτὸς
3777 2974 3809 3025 ὁ

2238 3053 2514 3118 θεσπέσιος
2550 3056 2755 3119 Παῦλος
2777 3059 2998 3121 εἰκότως
3023 3059 3400 3130 ἀποθαυμάζει
3423 3060 3561 3131 βοῶν
3587 3078 3604 3093 ·
3653 3082 3671 3115 ι
3688 3064 3807 3117 Ἵνα

565 3152 857 3210 testalibus
880 3151 938 3204 in
960 3148 1281 3204 cteleslibus
1304 3161 1402 3216 per
1432 3146 1741 3203 Ecclesiam
1779 3144 2128 3197 multiformis

2238 3147 2509 3217 γνωρισθῇ
2545 3147 2639 3201 νῦν
2671 3150 2788 3212 ταῖς
2817 3150 3032 3219 ἀρχαῖς,
3060 3152 3152 3203 καὶ
3176 3154 3295 3215 ταῖς
3319 3152 3586 3217 ἐξουσίαις
3608 3155 3666 3207 ἐν
3696 3157 3808 3218 τοῖς

564 3245 835 3317 sapientia
858 3242 975 3307 Dei,
1000 3239 1302 3297 secundum
1333 3238 1748 3309 praalinitionem
1777 3236 2130 3301 smeulorum,

562 3351 728 3406 quam
757 3335 886 3391 fecit
917 3334 971 3388 in
1001 3333 1224 3388 Christo
1250 3329 1380 3385 Jesu
1414 3329 1650 3383 Domino
1681 3340 1869 3383 nostro
1890 3327 1957 3379 “.
1987 3347 2005 3377 ›
2034 3325 2134 3380 Sa-

563 3428 771 3490 pientia
822 3425 966 3481 enim
1020 3436 1233 3487 revera,
1275 3436 1455 3489 eaque
1487 3419 1598 3473 Deo
1632 3418 1989 3481 conveniens,
2025 3432 2134 3471 ma-

563 3526 731 3587 gnum
764 3514 897 3569 illud
943 3511 1343 3566 incarnationis
1384 3509 1602 3562 videtur
1629 3521 1751 3561 esse
1787 3506 2131 3576 mysterium.

564 3608 641 3662 ita
677 3607 743 3661 de
773 3605 1067 3660 Servatore
1115 3610 1308 3656 nostro
1356 3599 1700 3656 sentiendum
1732 3613 1856 3653 esse
1904 3611 2051 3660 reor,
2086 3596 2132 3649 si

565 3701 641 3771 pii
680 3712 802 3753 esse
845 3696 1117 3761 volumus,
1148 3704 1201 3749 et
1234 3694 1550 3762 dogmatum
1594 3692 1979 3746 rectitudinem
2016 3706 2134 3745 am-

566 3790 875 3859 plectimur.
926 3786 1113 3856 Neque
1148 3786 1293 3841 enim
1349 3786 1403 3839 in
1455 3793 1660 3839 tantam
1696 3786 1927 3841 rationis
1957 3801 2131 3852 penu-

565 3884 706 3936 riam
753 3880 1128 3941 devolvemur,
1156 3886 1217 3930 ut
1262 3876 1319 3930 in
1352 3876 1492 3931 Filio
1542 3876 1843 3932 secundum
1877 3882 2129 3930 naturam

567 3972 834 4043 Spiritum
886 3983 984 4039 per
1029 3967 1512 4039 participationem
1555 3983 1677 4022 esse
1722 3976 2015 4036 putemus,
2068 3984 2133 4021 ac

567 4078 675 4119 non
711 4060 1146 4118 substantialiter
1195 4060 1380 4128 potius
1417 4059 1641 4112 insitum
1674 4058 2131 4127 quemadmodum

566 4154 825 4208 nilnirum
848 4161 902 4208 et
932 4151 986 4205 in
1018 4151 1140 4220 ipso
1166 4149 1347 4204 Patre.
1385 4148 1452 4203 Ut
1485 4150 1631 4203 enim
1666 4149 1869 4215 Patris,
1907 4151 1979 4204 ita
2006 4150 2130 4205 Filii

562 4261 782 4315 quoque
812 4254 897 4300 est
933 4252 1160 4299 sanctus
1198 4241 1456 4310 Spiritus.
1501 4242 1590 4295 Sic
1635 4241 1778 4310 apud
1816 4242 2133 4312 Scripturas

563 4338 781 4392 divinas
803 4336 1112 4405 legimusn
1137 4333 1273 4388 Cum
1295 4334 1440 4387 enim
1478 4334 1754 4387 venissent
1788 4334 1839 4385 in
1882 4332 2130 4404 Mysiam,

565 4427 770 4496 inquit,
810 4427 1093 4481 tentabant
1143 4426 1223 4480 ire
1279 4426 1332 4479 in
1381 4423 1709 4494 Bithyniam,
1754 4435 1807 4478 et
1846 4440 1952 4478 non
2003 4439 2128 4493 per-

2239 3239 2615 3308 ὲπουρανίοις,
2677 3240 2766 3293 διὰ
2815 3242 2913 3312 τῆς
2958 3242 3311 3312 Ἐκκλησίας,
3357 3247 3390 3314 ἡ
3428 3245 3807 3310 πολυποίκιλος

2239 3330 2399 3397 σοφία
2450 3330 2545 3383 τοῦ
2591 3331 2759 3396 Θεοῦ,
2804 3334 2947 3386 κατὰ
2994 3333 3250 3404 πρόθεσιν
3296 3334 3404 3388 τῶν
3448 3336 3693 3400 αἰώνων,
3738 3336 3810 3407 ὴν

2235 3420 2490 3490 ἐποίησεν
2523 3422 2580 3474 ἐν
2604 3422 2826 3493 Χριστῷ
2857 3424 3033 3495 ἰησοῦ
3060 3425 3136 3496 τῷ
3164 3427 3356 3498 Κυρίῳ
3380 3428 3554 3498 ἡμῶν.
3587 3446 3605 3480 ι
3639 3429 3809 3497 Σοφία

2236 3510 2342 3580 γὰρ
2375 3512 2542 3575 ὅντως
2582 3512 2676 3565 καὶ
2715 3514 3059 3585 θεοπρεπὴς,
3106 3516 3168 3569 τὸ
3216 3518 3355 3586 μέγα
3396 3519 3497 3589 τῆς
3531 3519 3806 3592 ὲνανθρω-

2235 3604 2452 3670 πήσεως
2478 3601 2671 3670 ὁρᾶται
2712 3608 3026 3676 μυστήριον.
3060 3606 3328 3677 Τοιαύτην
3368 3608 3510 3679 ἔχειν
3538 3613 3684 3681 ἡμᾶς
3709 3612 3806 3681 τὴν

2235 3691 2364 3761 περὶ
2394 3694 2488 3744 τοῦ
2518 3693 2767 3764 Σωτῆρος
2796 3694 3047 3766 διάληψιν
3072 3698 3269 3768 χρῆναι
3298 3699 3408 3752 δεῖν
3441 3701 3809 3772 ὑπολαμϐάνω

2235 3783 2360 3845 τοὺς
2400 3782 2642 3836 εὐσεϐεῖν
2682 3785 2965 3856 ἑλομένους
2985 3828 2998 3852 ,
3034 3791 3126 3843 καὶ
3159 3791 3252 3844 ἐπὶ
3280 3793 3345 3861 τῇ
3377 3792 3484 3844 τῶν
3523 3793 3807 3863 δογμάτων

2233 3871 2483 3943 ὀρθότητι
2527 3875 2852 3946 χαίροντας·
2896 3879 2957 3932 οὑ
2986 3878 3094 3949 γὰρ
3125 3879 3188 3950 δή
3229 3898 3330 3933 που
3368 3882 3504 3952 πρὸς
3543 3886 3807 3956 τοσαύτην

2234 3961 2457 4030 ἀλογίαν
2502 3964 2919 4036 καταϐησόμεθα
2952 3969 3043 4019 καὶ
3084 3970 3264 4038 ἡμεῖς,
3306 3970 3382 4033 ὡς
3431 3971 3635 4025 οἴεσθαι
3674 3974 3807 4043 μεθ-

2235 4054 2390 4107 εκτὺν
2416 4056 2473 4109 ὲν
2493 4055 2570 4126 τῷ
2593 4057 2736 4110 κατὰ
2762 4058 2921 4126 φύσιν
2941 4059 3057 4130 Υίῴ
3073 4060 3135 4113 τὸ
3162 4060 3385 4131 Πνεῦμα
3405 4062 3688 4133 ὑπάρχειν,
3714 4065 3807 4117 καὶ

2234 4148 2354 4219 οὑχὶ
2386 4149 2584 4218 μᾶλλον
2618 4148 2890 4213 οὑσιωδῶς
2915 4152 3239 4221 ἐκπεφυκὸς,
3276 4153 3465 4226 ὥσπερ
3491 4152 3583 4210 οῦν
3615 4156 3807 4227 ἀμέλει

2237 4241 2330 4292 καὶ
2357 4239 2503 4310 αὑτῷ
2534 4240 2612 4309 τῷ
2661 4241 2854 4312 Πατρί.
2890 4243 3102 4313 Ὥσπερ
3129 4242 3237 4315 γὰρ
3264 4244 3357 4298 τοῦ
3400 4245 3633 4316 Πατρός,
3666 4246 3808 4301 οὑτω

2237 4330 2333 4383 καὶ
2376 4331 2469 4383 τοῦ
2504 4331 2632 4385 Υίοῦ
2662 4332 2778 4384 ἐστι
2813 4333 2874 4385 τὸ
2921 4334 3145 4404 Πνεῦμα
3182 4335 3244 4388 τὸ
3297 4335 3452 4405 ἁγιον
3477 4353 3494 4370 ο
3534 4337 3677 4393 οὑτω
3713 4339 3809 4393 καὶ

2237 4421 2550 4489 ἀνέγνωμεν
2591 4422 2741 4493 παρὰ
2783 4425 2903 4486 ταῖς
2936 4424 3108 4487 θείαις
3135 4426 3379 4497 Γραφαῖς
3402 4442 3418 4458 ⁸
3474 4447 3493 4481 ι
3534 4429 3807 4495 Ἐλθόντες

569 4518 722 4572 misit
763 4532 859 4572 eos
892 4515 1132 4587 Spiritus
1161 4516 1321 4571 Jesus
1343 4518 1409 4570 δ’.
1438 4535 1454 4566 ι
1482 4516 1638 4581 Quod
1675 4517 1719 4570 si
1746 4515 2128 4597 quis'conten-

2239 4511 2345 4579 γὰρ
2377 4510 2514 4564 κατὰ
2544 4510 2641 4581 τὴν
2680 4513 2918 4598 Μυσίαν,
2972 4516 3155 4585 φησὶν,
3226 4517 3513 4589 ἐπείραζον
3570 4522 3651 4585 εἰς
3706 4522 3806 4593 τὴν

567 4609 767 4663 tiosius
792 4617 1001 4677 urgeat,
1020 4614 1075 4661 et
1098 4622 1319 4661 rursum
1352 4616 1565 4660 asserat
1595 4604 1856 4676 Spiritum
1890 4621 1983 4675 per
2006 4621 2132 4675 par-

567 4697 945 4767 ticipationem
996 4711 1120 4751 esse
1170 4697 1225 4749 in
1278 4694 1447 4759 Filio,
1492 4705 1583 4747 aut
1634 4712 1758 4749 cum
1805 4696 1959 4764 prius
2024 4711 2130 4749 non

567 4793 798 4855 inesset,
828 4788 1063 4858 cmpisse
1110 4796 1225 4839 tum
1270 4788 1322 4839 in
1371 4802 1436 4840 eo
1467 4801 1611 4849 esse,
1659 4802 1781 4839 cum
1821 4787 2131 4856 baptizatus

565 4888 670 4946 est,
690 4877 1090 4933 incarnationis
1119 4876 1376 4928 nimirum
1407 4883 1671 4944 tempore,
1697 4876 1881 4929 videat
1910 4892 2128 4930 rursum

566 4975 619 5026 in
654 4977 789 5040 quot
827 4978 880 5023 et
911 4978 1147 5037 quantas
1182 4965 1550 5019 absurditates
1601 4982 1662 5021 se
1701 4966 1979 5035 conjiciat.
2012 4966 2128 5020 Priv-

562 5076 711 5113 mutn
760 5058 928 5122 enim,
973 5060 1114 5112 inter
1154 5071 1249 5109 eos
1281 5058 1370 5125 qui
1412 5057 1711 5125 gignuntur
1741 5071 1771 5110 c
1805 5058 2128 5111 mulieribus

563 5168 670 5206 non
718 5150 1027 5206 surrexisse
1069 5149 1244 5217 major
1290 5148 1492 5201 dicitur
1519 5147 1731 5203 Joanne
1784 5149 2025 5218 Baptista
2060 5150 2123 5200 ⁵³.

560 5243 702 5298 Vere
732 5242 987 5312 quidem:
1021 5241 1117 5295 sed
1157 5242 1404 5295 videmus
1434 5256 1557 5293 cum
1584 5240 1677 5309 qui
1710 5255 1984 5293 summum
2011 5241 2126 5310 glo-

560 5334 658 5386 riae
685 5332 935 5385 humanae
966 5340 1111 5384 tenet
1152 5331 1458 5401 fastigium,
1496 5331 1911 5398 incomparabili
1952 5332 2126 5385 excel-

559 5421 727 5475 lentia
756 5419 1038 5474 Christum
1076 5420 1352 5474 honorare
1379 5437 1391 5474 :
1425 5438 1443 5470 ι
1481 5419 1596 5473 Non
1630 5436 1750 5474 sum
1782 5440 1798 5471 ›
1824 5422 1969 5476 enim
1998 5441 2013 5471 ι
2044 5423 2127 5475 di-

560 5525 739 5579 gnus,
788 5508 996 5577 inquit,
1040 5516 1097 5561 ut
1139 5509 1344 5562 solvam
1387 5509 1507 5577 ejus
1558 5508 1850 5579 corrigiam
1922 5512 2127 5565 calcea-

560 5600 813 5653 menti“.
845 5620 861 5650 ι
902 5600 1093 5667 Atqui
1131 5614 1236 5652 non
1282 5600 1581 5653 absurdum
1629 5609 1681 5651 et
1737 5601 1963 5669 impium
2023 5614 2125 5664 est,

634 5781 848 5839 "Joan.
889 5800 926 5849 ι,
959 5782 1047 5836 52.
1127 5782 1206 5834 ’⁵⁸1
1240 5782 1367 5838 Cor.
1405 5801 1475 5850 Iv,
1508 5786 1557 5839 7.

2238 4604 2487 4657 Βιθυνίαν
2520 4604 2811 4673 ἀπελθεῖν,
2864 4606 2954 4660 καί
2989 4608 3088 4660 οὑκ
3128 4610 3309 4663 εἴασεν
3348 4611 3545 4677 αὑτοὺς
3581 4614 3806 4685 Πνεῦμα

2250 4696 2443 4765 Ἰησοῦ.
2459 4715 2477 4746 ι
2511 4697 2572 4748 Εἰ
2590 4695 2646 4748 δέ
2668 4712 2747 4766 τῳ
2771 4697 2917 4750 δοκεῖ
2941 4698 3368 4772 φιλονεικότερον
3395 4705 3505 4768 τοῖς
3532 4706 3659 4775 περὶ
3681 4706 3806 4760 τοὺ-

2236 4803 2342 4839 των
2373 4785 2684 4840 ἐνίστασθαι
2712 4788 2908 4856 λόγοις,
2941 4791 3031 4843 καὶ
3057 4791 3479 4864 διισχυρίζεσθαι
3512 4796 3694 4858 πάλιν,
3723 4798 3806 4851 δτι

2238 4875 2377 4929 κατὰ
2433 4875 2649 4945 μέθεξιν
2692 4880 2749 4932 ὲν
2780 4879 2856 4951 τῷ
2903 4880 3017 4953 mp
3066 4883 3127 4935 τὸ
3170 4884 3397 4955 Πνεῦμὰ
3431 4888 3667 4959 ὲστιν,ῆ
3711 4890 3806 4942 καὶ

2236 4967 2353 5019 τότε
2387 4968 2610 5035 γέγονεν
2637 4971 2694 5021 ἐν
2722 4971 2889 5041 αὑτῷ,
2926 4974 3189 5045 πρότερον
3219 4976 3318 5028 οὑκ
3353 4977 3677 5048 ἐνυπάρχον,
3713 4980 3804 5032 ὅτε

2237 5060 2329 5111 καὶ
2364 5058 2684 5129 ἐϐαπτίσθη,
2709 5062 2847 5116 κατὰ
2865 5062 2956 5115 τὸν
2985 5065 3083 5134 τῆς
3110 5064 3569 5136 ὲνανθρωπήσεως
3592 5066 3802 5138 χρόνον,

2236 5152 2413 5221 ὁράτω
2442 5151 2603 5205 πάλιν
2632 5154 2837 5223 ἡλίκοις
2867 5171 2925 5207 τε
2970 5155 3062 5207 καὶ
3094 5155 3237 5218 ὅσοις
3276 5160 3649 5226 περιπεσεῖται
3694 5162 3805 5221 τοῖς

2237 5242 2567 5313 ἀτοπήμασι.
2608 5245 2829 5314 Πρῶτον
2856 5246 2953 5315 μὲν
2984 5247 3112 5316 γὰρ,
3139 5247 3239 5300 οὐκ
3264 5246 3559 5319 ὲγηγέρθαι
3589 5250 3749 5320 φησὶν
3774 5253 3805 5303 ό

2237 5332 2423 5407 Σωτὴρ
2447 5337 2503 5388 ἐν
2523 5340 2796 5407 γεννητοῖς
2813 5338 3083 5405 γυναικῶν
3114 5340 3360 5393 Ἰωάννου
3385 5339 3477 5393 τοῦ
3500 5340 3804 5395 Βαπτιστοῦ

2235 5428 2324 5478 τὸν
2360 5428 2582 5497 μείζονα
2604 5442 2620 5457 ο
2670 5430 2763 5480 καὶ
2793 5428 2996 5499 ἀληθὴς
3026 5432 3054 5483 ὁ
3079 5430 3235 5498 λόγος
3260 5446 3274 5461 ⁸
3323 5430 3439 5485 ἀλλ’
3469 5432 3687 5502 ὁρῶμεν
3716 5433 3807 5485 τὸν

2236 5520 2315 5581 εἰς
2352 5520 2628 5589 ἀκρότητα
2661 5518 2817 5587 δόξης
2853 5536 2912 5572 τε
2942 5522 3036 5574 καὶ
3063 5523 3261 5592 ἀρετῆς
3293 5516 3669 5593 ἁναϐεϐηκότα
3708 5524 3805 5593 τῆς

2234 5613 2292 5663 ἐν
2320 5612 2469 5679 ἡμῖν,
2515 5610 2864 5679 ἁσυγκρίτοις
2903 5611 3198 5683 ὑπεροχαῖς
3239 5613 3482 5683 τιμῶντα
3526 5615 3801 5685 Χριστόνο

1636 5788 1674 5817 δ’
1701 5786 2000 5857 Ephes.m,
2033 5792 2118 5858 lO,
2157 5792 2244 5855 11,
2321 5789 2507 5845 "Act.
2542 5804 2655 5856 xvi,
2684 5789 2732 5844 7.
2808 5790 3058 5846 "Matth.
3088 5805 3165 5857 ιι,
3202 5792 3287 5846 Η.
3357 5791 3402 5824 ⁸⁵
3439 5789 3593 5847 Joan.
3638 5807 3677 5857 ι,
3707 5791 3799 5847 27.
