4118 6570
403 441 506 495 Ξθς

1411 443 1478 498 IN
1515 444 1798 502 JOANNIS
1834 445 2279 502 EVANGELIUM
2320 447 2448 502 LIB.
2488 447 2553 503 Π.
2654 454 2659 458 ’

3533 454 3640 509 9.10

411 575 429 607 ι
466 556 580 608 Οὐκ
633 553 751 625 είμὶ
801 553 928 627 γάρ,
981 555 1164 627 φησὶν,
1222 556 1422 625 ίκανὸς,
1468 559 1552 613 ἵνα
1592 561 1769 631 κύψας
1830 560 2006 617 λύσω.

2114 559 2302 617 radere
2322 560 2589 616 Joannem
2621 561 2688 615 ab
2715 569 2872 616 utero
2898 561 3093 616 matris
3118 577 3230 616 sua:
3261 562 3464 632 Spiritu
3488 567 3642 634 125

408 652 501 699 τὸν
531 646 727 715 ίμὰντα
759 645 866 700 τῶν
896 647 1257 717 ὑποδημάτων
1287 648 1469 704 αὑτοῦ.
1508 670 1526 701 ι
1574 650 1703 706 Εἶτα
1734 653 1850 717 πῶς
1879 655 1981 707 ούκ

411 738 633 800 ἄτοπον,
664 736 865 807 μᾶλλον
906 737 961 790 δὲ
988 738 1089 808 ἤδη
1118 739 1211 792 καὶ
1247 740 1463 804 ἀσεϐὲς,
1503 743 1754 814 Ἰωάννην
1785 745 1881 814 μὲν
1918 745 1982 797 ὲκ

2081 657 2275 703 sancto
2310 651 2600 719 repletum,
2634 660 2923 719 propterea
2953 650 3098 719 quod
3147 650 3221 703 ita
3256 651 3522 719 scriptum
3559 663 3644 706 cst

2080 741 2147 795 de
2176 741 2341 809 ipso;
2376 741 2543 810 hujus
2580 755 2729 805 vero,
2768 741 2877 795 imo
2917 741 3299 796 universorum
3343 744 3521 812 potius
3551 744 3647 797 Do-

415 827 624 890 κοιλίας
650 826 730 879 ἔτι
758 827 962 899 μητρὸς
999 829 1181 894 αὐτοῦ,
1218 829 1531 901 Πνεύματος
1568 834 1981 904 ἀναπεπλῆσθαι

2107 832 2316 892 ninum,
2349 833 2669 886 existimare
2702 839 2833 887 tunc
2860 832 3101 902 primum
3136 835 3416 902 accepisse
3469 831 3645 903 Spiri-

415 919 512 971 τοῦ
555 920 712 987 ἁγίου
765 918 1061 983 πιστεύειν,
1110 920 1199 974 διὰ
1247 922 1307 975 :0
1344 923 1485 977 οὕτω
1510 925 1814 995 γεγράφθαι
1857 928 1987 998 περὶ

418 1006 587 1060 αὐτοῦ
610 1024 623 1036 ⁸
670 1007 762 1060 τὸν
790 1007 847 1059 δὲ
875 1009 1087 1071 τούτου,
1124 1010 1323 1079 μᾶλλον
1350 1012 1407 1064 δὲ
1436 1013 1689 1067 ἁπάντων
1711 1016 1987 1086 Δεσπότην

420 1097 519 1150 καὶ
549 1096 754 1168 Κύριον
781 1098 901 1151 τότε
931 1099 1148 1170 πρῶτον
1178 1102 1383 1155 οἴεσθαι
1416 1103 1477 1156 :0
1524 1105 1747 1176 Πνεῦμα
1780 1107 1986 1171 λαϐεῖν,

418 1187 511 1240 ὅτε
551 1188 645 1240 καὶ
692 1187 1032 1255 ἐϐαπτίζετο,
1080 1189 1252 1243 καίτοι
1294 1191 1388 1245 τοῦ
1422 1194 1575 1261 ἁγίου
1610 1196 1855 1263 λέγοντος
1886 1198 1989 1250 Γα-

421 1278 583 1348 ϐριὴλ
626 1278 761 1350 7:90;
806 1280 904 1350 τὴν
948 1280 1106 1349 ἁγίαν
1149 1283 1424 1352 Παρθένον
1450 1301 1463 1314 ο
1523 1304 1541 1336 ι
1566 1286 1788 1357 Πνεῦμα
1837 1290 1990 1356 ἆγιον

421 1369 773 1423 ἐπελεύσεται
800 1371 890 1423 ἐπὶ
922 1373 1001 1434 σὲ,
1030 1374 1123 1425 καὶ⁵
1140 1374 1366 1444 δύναμις
1404 1377 1654 1445 Ὑψίστου
1681 1381 1989 1435 ἐπισκιάσει

424 1476 508 1512 σοι
529 1476 546 1491 ·
590 1460 669 1513 διὸ
702 1461 795 1513 καὶ
818 1459 877 1514 :0
902 1461 1238 1532 γεννώμενον
1262 1465 1325 1516 ἐκ
1356 1464 1449 1517 σοῦ
1469 1464 1643 1533 ἅγιον,
1662 1467 1990 1538 κληθήσεται

425 1550 555 1612 Υἱὸς
581 1547 738 1603 Θεοῦ.
768 1568 786 1600 ι
826 1551 933 1602 Καὶ
957 1550 1138 1619 ὁράτω
1160 1568 1250 1621 μοι
1281 1553 1441 1606 πάλιν
1464 1554 1492 1605 ὁ
1518 1554 1839 1625 φιλομαθὴς,
1860 1557 1992 1625 ὅσην

419 1640 452 1691 ὸ
477 1639 636 1706 λόγος
667 1638 846 1691 ὼδίνει
878 1641 981 1711 τὴν
1011 1641 1237 1695 ἔννοιαν.
1269 1643 1405 1714 Περὶ
1440 1644 1538 1714 μὲν
1577 1646 1686 1716 γάρ
1745 1647 1992 1702 Ἰωάννου

425 1729 612 1799 φησὶν,
643 1729 724 1781 ὅτι
756 1728 893 1781 Πνεύ
903 1747 1068 1799 ματος
1089 1730 1245 1798 ἁγίου
1272 1733 1640 1803 πλησθήσεται
1668 1751 1681 1763 '
1716 1736 1864 1789 δοτὸν
1885 1737 1993 1807 γὰρ

422 1815 492 1889 ἦν
513 1820 571 1872 ὲν
601 1819 766 1889 αὐτῷ,
799 1820 895 1874 καὶ
918 1821 1016 1873 οὐκ
1045 1822 1299 1887 οὐσιῶδες
1325 1824 1384 1877 τὸ
1410 1825 1561 1893 ᾰγιον
1587 1827 1830 1896 Πνεῦμα.
1858 1830 1995 1900 Περὶ

424 1909 486 1964 δὲ
506 1909 600 1963 τοῦ
626 1911 894 1981 Σωτῆρος,
912 1911 1096 1964 οὐκέτι
1121 1912 1202 1978 :0,
1225 1913 1614 1985 πλησθήσεται,
1628 1916 1793 1985 λέγει’
1817 1918 1994 1982 καλῶς

426 2018 494 2068 γε
530 2002 732 2072 σφόδρα
756 2002 912 2067 νοῶν,
941 2002 1055 2056 ἀλλ’
1081 2004 1161 2057 ὅτι
1203 2004 1263 2057 τὸ
1294 2004 1631 2076 γεννώμενον
1663 2008 1838 2076 ἅγιον,
1877 2010 1995 2063 οὐδὲ

428 2092 491 2144 τό
512 2093 661 2145 ἔσται
690 2093 1113 2163 προστεθεικώςε
1142 2090 1209 2165 ἦν
1242 2095 1350 2166 γὰρ
1378 2097 1463 2149 ἀεὶ
1488 2097 1643 2151 τοῦτο
1670 2100 1809 2154 κατά
1836 2102 1996 2169 φύσιν

424 2181 506 2244 ὡς
537 2181 687 2246 Θεός.
745 2183 962 2252 Ἐπειδὴ
1008 2184 1065 2236 δὲ
1111 2182 1263 2254 οἶμαι
1319 2190 1614 2258 προσήκειν
1664 2192 1997 2260 πανταχόθεν

427 2271 579 2338 ἡμᾶς
599 2270 865 2341 θηρᾶσθαι
894 2273 956 2325 :0
988 2273 1249 2342 ὠφελοῦν,
1281 2277 1706 2348 παρενεχθείσης
1733 2280 1878 2344 ἅπαξ
1902 2282 1998 2350 τῆς

427 2360 524 2413 τοῦ
559 2363 897 2433 ἀρχαγγέλου
951 2367 1153 2435 φωνῆς,
1199 2366 1333 2437 φέρε
1378 2368 1472 2420 καὶ
1518 2369 1599 2431 είς
1644 2370 1805 2423 αὑτὸν
1845 2370 1999 2438 ὀλίγα

428 2453 819 2524 γυμνάσωμεν.
870 2473 888 2506 ι
922 2455 1165 2526 Πνεῦμα,
1215 2458 1399 2527 φησὶν,
1456 2459 1608 2525 ἅγιον
1650 2460 2000 2515 ἐπελεύσεται

430 2544 524 2597 ἐπὶ
557 2545 635 2605 σὲ,
668 2545 763 2598 καὶ
791 2544 1017 2616 δύναμις
1050 2546 1304 2615 Ὑψίστου
1337 2549 1644 2603 ἐπισκιάσει
1678 2567 1779 2603 σοι’
1805 2552 1885 2604 διὸ
1907 2556 2000 2607 καὶ

429 2635 495 2688 :0
516 2634 852 2706 γεννώμενον
880 2638 945 2690 ὲκ
977 2637 1070 2690 σοῦ
1102 2638 1275 2706 ἅγιον,
1304 2638 1629 2711 κληθήσεται
1652 2642 1777 2705 Υἱὸς
1805 2644 1996 2698 Θεοῦ.»

431 2724 655 2792 Λεγέτω
676 2725 856 2778 τοίνυν
876 2728 1006 2796 ἡμῖν
1032 2728 1060 2778 ό
1091 2727 1156 2780 ὲκ
1186 2728 1386 2797 πολλῆς
1418 2729 1657 2799 ἀμαθίας
1681 2734 1791 2796 τοῖς
1824 2733 2002 2803 ὀρθοῖς

432 2817 533 2887 τῆς
578 2814 901 2887 Ἑκκλησίας
933 2818 1241 2873 ἀντιτείνων
1277 2820 1547 2890 δόγμασι,
1601 2823 1827 2892 πότερόν
1874 2840 2003 2877 ποτε

433 2906 531 2959 καὶ
574 2907 681 2977 7:90
714 2910 811 2976 τῆς
853 2909 1314 2981 ὲνανθρωπήσεως
1347 2912 1476 2975 Υἱὸς
1507 2908 1574 2982 ἦν
1617 2914 1644 2964 ό
1692 2915 1862 2981 Λόγος
1910 2917 2003 2968 τοῦ

433 2997 573 3051 Θεοῦ
597 2999 691 3052 καὶ
724 2998 955 3069 Πατρδς,
983 3001 1015 3069 ἢ
1047 3002 1104 3053 ὲν
1136 3002 1314 3071 μόνοις
1339 3005 1451 3065 τοῖς
1478 3002 1734 3071 ὀνόμασιν
1767 3003 1877 3074 εἶχε
1909 3006 2006 3076 τὴν

378 3128 385 3133 .
435 3088 615 3154 δόξαν,
646 3087 797 3154 νόθος
821 3088 876 3143 δὲ
900 3085 987 3160 ἦν,
1012 3094 1103 3145 καὶ
1133 3091 1499 3162 ψευδώνυμος.
1526 3095 1588 3146 Εἰ
1618 3095 1715 3165 μὲν
1743 3096 1851 3167 γὰρ
1874 3097 2009 3161 ὅλως

436 3178 539 3231 οὐκ
569 3175 707 3233 εἶναί
735 3197 900 3251 φησιν
933 3182 1079 3242 Υίδν,
1124 3184 1418 3253 ἀρνήσεται
1441 3183 1531 3237 τὸν
1561 3184 1782 3256 Πατέρα
1807 3202 1819 3216 ⁸
1864 3186 2008 3251 τίνος

439 3270 547 3342 γὰρ
579 3272 727 3326 ἔσται
776 3273 985 3344 Πατὴρ,
1038 3274 1137 3327 οὐκ
1190 3274 1340 3339 ὄντος
1388 3275 1563 3340 Υἰοῦ;
1627 3278 1890 3347 Φρόνησει
1943 3279 2001 3331 δὲ

437 3363 681 3427 ἀπάσαις
711 3364 778 3417 τά
803 3365 1019 3417 ἐναντία
1051 3368 1167 3427 ταῖς
1195 3365 1365 3430 θείαις
1399 3368 1662 3438 Γραφαῖς.
1713 3371 1776 3422 Εἰ
1803 3370 1859 3423 δὲ
1883 3371 2010 3424 Υίὸν

438 3453 695 3523 ὁμολογεῖ
720 3456 814 3509 καὶ
842 3456 954 3527 πρὸ
980 3455 1077 3526 τῆς
1113 3455 1574 3528 ὲνανθρωπὴσεως
1602 3459 1692 3512 τὸν
1719 3460 1846 3513 Υίὸν
1874 3457 2010 3515 εἶναί

438 3562 501 3598 τε
537 3547 630 3598 καὶ
670 3546 942 3615 λέγεσθαι,
983 3547 1101 3610 πῶς
1138 3549 1269 3619 ἡμῖν
1306 3549 1334 3601 ό
1367 3549 1702 3618 ἀρχάγγελος
1728 3551 1787 3603 τὸ
1819 3552 2011 3621 τεχθή-

442 3636 633 3689 σεσθαι
673 3636 865 3704 μέλλον
891 3637 979 3691 διὰ
1008 3638 1108 3708 τῆς
1136 3638 1296 3706 ἁγίας
1328 3638 1626 3710 Παρθένου,
1646 3639 2011 3711 κληθήσεσθαί

438 3744 608 3800 φησιν
638 3728 763 3783 Υίὸν
791 3728 952 3793 Θεοῦ,
982 3729 1158 3783 καίτοι
1190 3728 1344 3783 τοῦτο
1372 3731 1465 3783 καὶ
1490 3730 1656 3785 πάλαι
1687 3731 1827 3785 κατά
1853 3731 2012 3801 φύσιν

441 3819 798 3890 ὑπάρχοντας
839 3819 1048 3890 Ὥσπερ
1079 3815 1171 3873 οῦν
1217 3819 1401 3883 ἀϊδίως
1434 3820 1690 3891 ὑπάρχων
1723 3821 1864 3891 μετὰ
1903 3823 2014 3875 Πα-

441 3912 569 3985 τρὺς
592 3914 621 3966 ό
648 3913 797 3979 Υίδς,
825 3912 900 3975 ὡς
931 3911 1104 3985 ἀρχὴν
1129 3912 1264 3983 έχων
1289 3911 1383 3965 τοῦ
1418 3907 1578 3977 εἶναι,
1613 3916 1754 3968 κατὰ
1793 3915 1884 3967 τὸν
1917 3916 2015 3985 τῆς

444 4001 777 4073 σαρκώσεως
823 4003 1012 4075 χρόνον
1060 4003 1189 4067 Υἱὸς
1218 4004 1459 4075 ὁρίζεται
1490 4004 1659 4070 Θεοῦ,
1709 4006 1796 4059 διὰ
1827 4006 1886 4058 τὸ
1920 4022 2015 4058 πε-

444 4095 671 4166 φηνέναι
702 4094 839 4165 μετά
874 4094 1124 4165 σώματος
1154 4097 1235 4157 είς
1266 4095 1357 4148 τὸν
1387 4096 1590 4165 κόσμον
1615 4112 1627 4125 ·
1676 4094 1847 4159 οὕτως
1878 4095 2015 4166 ἔχων

442 4182 715 4245 ούσιωδῶς
760 4184 816 4235 ὲν
859 4181 1033 4252 ἑαυτῷ
1062 4182 1124 4234 τὸ
1155 4181 1281 4235 ἴδιον
1316 4182 1573 4254 Πνεῦμα,
1607 4183 1903 4255 λαμϐάνειν
1942 4184 2016 4247 ὡς

446 4272 732 4344 ἄνθρωπος
776 4272 1014 4341 λέγεται,
1058 4271 1336 4337 διασώζων
1380 4277 1447 4344 τῇ
1494 4274 1871 4346 ἁνθρωπότητι
1920 4276 2019 4347 τὴν

446 4365 586 4436 αὐτῇ
613 4365 928 4435 πρέπουσαν
970 4364 1141 4429 τάξιν,
1184 4364 1277 4418 καὶ
1320 4364 1415 4417 σὺν
1452 4365 1589 4436 αὐτῇ
1616 4366 1683 4419 τὰ
1712 4369 1847 4439 αὐτῇ
1880 4369 2018 4438 πρέ·-

446 4474 621 4511 «owe:
658 4457 725 4509 δι’
760 4459 907 4527 ἡμᾶς
951 4455 1318 4526 οἰκειούμενος
1340 4470 1355 4485 ·
1406 4454 1521 4517 πῶς
1549 4457 1592 4509 δ’
1632 4457 1697 4511 ἂν
1742 4460 1833 4510 καὶ
1863 4458 2017 4522 ὅλως,

2083 930 2220 988 tum,
2254 939 2376 976 cum
2411 924 2724 992 baptizatus
2761 932 2874 987 est,
2911 923 3037 978 licet
3066 936 3295 981 sanctus
3331 922 3549 979 Gabriel
3579 926 3651 979 ad

2085 1024 2336 1070 sanctam
2370 1014 2647 1087 Virginem
2681 1016 2827 1070 dicat
2854 1033 2867 1068 :
2891 1033 2909 1065 ι
2940 1014 3181 1084 Spiritus
3215 1024 3444 1071 sanctus
3465 1031 3650 1085 super-

2085 1109 2267 1162 veniet
2310 1110 2364 1161 in
2397 1117 2471 1170 te,
2500 1117 2555 1163 et
2588 1108 2764 1161 virtus
2815 1106 3082 1161 Altissimi
3125 1107 3477 1162 obumbrabit
3514 1108 3606 1160 tibi
3634 1125 3645 1160 :

2086 1197 2319 1267 ideoque
2357 1207 2411 1252 et
2443 1198 2590 1268 quod
2642 1204 2902 1251 nascetur
2929 1212 2992 1251 ex
3037 1205 3091 1251 te
3121 1204 3401 1261 sanctum,
3429 1198 3651 1250 vocabi-

2088 1296 2181 1341 tur
2201 1289 2374 1343 Filius
2404 1289 2497 1343 Dei
2524 1289 2592 1344 ".
2628 1309 2646 1340 ι
2672 1287 2916 1353 Quorum
2939 1287 3229 1342 verborum
3266 1302 3488 1341 sensum
3510 1288 3654 1356 quis-

2089 1381 2216 1449 quis
2247 1388 2338 1434 est
2385 1380 2635 1435 discendi
2684 1379 2921 1449 cupidus
2974 1379 3296 1447 perpendat.
3340 1376 3414 1432 De
3447 1376 3655 1432 Joanne

2091 1472 2237 1524 enim
2267 1469 2479 1539 Spiritu
2510 1478 2701 1526 sancto
2719 1470 2984 1539 repletum
3014 1470 3080 1524 iri
3106 1470 3213 1523 ait:
3238 1470 3293 1524 in
3312 1471 3431 1540 ipso
3455 1469 3657 1538 quippe

2092 1571 2208 1617 erat
2250 1578 2313 1616 ex
2362 1577 2611 1627 munere,
2652 1576 2761 1616 non
2791 1562 3233 1617 substantialiter
3276 1569 3502 1616 sanctus
3546 1560 3659 1629 Spi-

2094 1653 2255 1708 ritus.
2307 1653 2381 1707 De
2430 1654 2717 1707 Salvatore
2756 1667 2908 1715 vero,
2950 1667 3060 1705 non
3106 1651 3216 1720 jam
3272 1651 3537 1720 repletum
3591 1650 3657 1702 iri

2094 1744 2227 1799 dicit
2262 1760 2274 1795 :
2308 1745 2566 1813 praeclare
2588 1758 2761 1809 sane;
2800 1743 2891 1797 sed
2920 1743 3067 1813 quod
3100 1752 3378 1802 nascetur,
3410 1748 3658 1796 sanctum

2094 1849 2252 1899 esse;
2311 1849 2487 1903 neque
2541 1834 2658 1888 fore
2701 1832 2911 1889 addidit
2949 1850 2963 1887 :
3001 1840 3224 1887 sanctus
3271 1832 3416 1886 enim
3464 1838 3668 1883 natura

2096 1940 2312 1994 semper
2344 1924 2468 1988 fuit,
2506 1938 2613 1994 qua
2642 1922 2808 1979 Deus.
2850 1922 3046 1978 Verum
3089 1922 3348 1992 quoniam
3376 1921 3529 1975 decet
3562 1936 3662 1974 nos

2096 2017 2337 2086 undique
2375 2018 2558 2071 venari
2593 2017 2739 2086 quod
2784 2016 2838 2069 in
2872 2029 2981 2069 rem
3034 2015 3123 2079 sit,
3165 2013 3462 2083 propositis
3495 2013 3661 2066 semel

2097 2108 2270 2177 angeli
2296 2108 2498 2173 verbis,
2518 2107 2747 2177 agedum
2776 2121 2836 2162 ea
2860 2106 3050 2176 paucis
3079 2102 3469 2174 expendamus.
3496 2121 3512 2153 ι
3539 2100 3663 2171 Spi-

2099 2199 2261 2260 ritus,
2317 2196 2530 2264 inquit,
2579 2194 3205 2265 sanctus‘supcrveniet
3241 2193 3294 2246 in
3341 2201 3410 2256 te,
3446 2201 3500 2246 et
3552 2193 3664 2245 vir-

2100 2296 2187 2339 tus
2234 2286 2507 2340 Altissimi
2534 2286 2878 2341 obumbrabit
2920 2284 3036 2340 tibi.
3068 2283 3305 2352 Ideoque
3341 2282 3482 2352 quod
3516 2296 3579 2336 ex
3616 2291 3667 2336 te

2102 2382 2357 2428 nascetur
2408 2382 2681 2437 sanctum,
2740 2373 3026 2427 vocabitur
3084 2370 3254 2426 Filius
3296 2370 3410 2425 Dci.
3456 2388 3475 2422 ›
3514 2368 3668 2423 Dicat

2101 2481 2233 2535 ergo
2274 2466 2453 2529 nobis,
2484 2464 2580 2535 qui
2612 2479 2724 2534 prae
2746 2465 2917 2518 multa
2952 2462 3170 2519 inscitia
3210 2463 3376 2516 rectis
3413 2460 3671 2515 Ecclesiae

2102 2556 2376 2625 dogmatis
2414 2555 2762 2617 adversatur,
2808 2561 2991 2608 utrum
3033 2554 3198 2607 etiam
3244 2560 3371 2605 ante
3412 2551 3669 2604 incarna-

2103 2649 2308 2699 tionem
2341 2644 2518 2700 Fillus
2552 2653 2700 2700 esset
2719 2644 2965 2700 Verbum
2997 2643 3090 2698 Dei
3118 2658 3182 2697 ac
3209 2642 3407 2706 Patris,
3439 2650 3531 2694 aut
3552 2640 3670 2694 solo

2104 2737 2324 2791 nomine
2371 2744 2530 2789 tenus
2571 2735 2801 2805 gloriam
2851 2734 3001 2787 illam
3053 2734 3298 2797 haberet,
3332 2747 3396 2785 ac
3448 2733 3685 2801 spurius.

2105 2835 2274 2887 esset,
2314 2824 2566 2895 falsoque
2616 2823 2793 2879 Filius
2827 2833 3204 2892 nuncupatus.
3245 2823 3301 2875 Si
3332 2821 3475 2875 enim
3506 2822 3669 2890 plane

2106 2916 2303 2971 Filium
2346 2932 2471 2972 esse
2519 2923 2702 2985 negat,
2739 2914 2954 2969 Patrem
2987 2914 3208 2983 negabit
3242 2932 3254 2967 :
3290 2912 3475 2983 (cujus
3525 2912 3672 2966 enim

2107 3007 2267 3063 Pater
2298 3010 2424 3071 erit,
2454 3007 2499 3062 si
2524 3022 2635 3061 non
2668 3007 2740 3061 sit
2767 3005 3005 3075 Filius?)
3034 3010 3093 3059 et
3127 3004 3450 3059 sententiam
3486 3001 3675 3057 aﬂerct

2109 3098 2324 3152 cunctis
2357 3097 2560 3151 divinis
2601 3094 2904 3165 Scripturis
2946 3095 3305 3149 contrariam.
3335 3091 3444 3157 ‘Sin
3492 3100 3674 3145 autem

2036 3221 2082 3284 ε
2114 3189 2313 3243 Filium
2365 3190 2531 3284 etiam
2570 3197 2698 3243 ante
2748 3187 3179 3284 incarnationem
3228 3183 3675 3284 fateturfiliurn

2111 3292 2233 3334 esse
2273 3292 2338 3331 ac
2365 3276 2498 3341 dici,
2543 3275 2821 3346 quomodo
2859 3275 3017 3329 nobis
3047 3274 3415 3343 archangelus
3447 3272 3500 3325 id
3532 3271 3677 3341 quod

2111 3385 2207 3438 per
2239 3368 2521 3438 Virginem
2576 3366 2724 3421 nasci
2771 3364 3002 3420 debebat
3042 3362 3242 3417 Filium
3287 3361 3380 3417 Dei
3426 3370 3675 3415 vocatum

2112 3462 2175 3515 iri
2209 3461 2305 3524 ait,
2338 3458 2595 3529 quamvis
2626 3457 2680 3511 id
2714 3457 2878 3512 etiam
2921 3455 3050 3509 olim
3079 3453 3382 3509 secundum
3422 3460 3675 3507 naturam

2110 3552 2440 3608 exsisteret?
2470 3548 2942 3616 Quemadmodum
2976 3547 3144 3617 igitur
3184 3546 3252 3600 ab
3285 3551 3494 3600 aeterno
3526 3547 3676 3599 exsi-

2112 3655 2266 3699 stens
2307 3656 2433 3697 cum
2478 3641 2640 3695 Patre
2673 3639 2867 3704 Filius,
2897 3646 2957 3690 ut
3001 3635 3305 3691 exsistendi
3346 3634 3676 3704 principium

2115 3736 2324 3791 habens
2355 3732 2755 3787 incarnationis
2788 3741 3031 3802 tempore
3056 3727 3228 3783 Filius
3264 3727 3355 3781 Dei
3393 3728 3676 3785 statuitur,

2114 3836 2402 3897 pr0pterea
2446 3824 2593 3895 quod
2620 3838 2746 3876 cum
2778 3835 3011 3891 corpore
3034 3821 3087 3873 in
3127 3819 3231 3874 hoc
3269 3817 3476 3872 mundo
3507 3832 3679 3886 appa-

2114 3921 2264 3974 ruit:
2301 3918 2375 3970 ita
2427 3916 2556 3970 licet
2606 3912 2872 3981 Spiritum
2918 3924 3077 3965 suum
3125 3907 3323 3962 habeat
3371 3908 3426 3961 in
3475 3907 3677 3974 seipse.

2114 4025 2241 4065 eum
2272 4016 2454 4062 tamen
2499 4005 2749 4074 accipere
2772 4001 2997 4064 dicitur,
3028 4006 3085 4053 ut
3126 4000 3310 4063 homo,
3344 3996 3679 4052 convenien-

2116 4112 2225 4156 tem
2262 4099 2491 4170 gradum
2520 4110 2749 4151 servans
2791 4091 3142 4151 humanitati.
3169 4096 3223 4143 et
3253 4102 3361 4143 una
3388 4101 3512 4141 cum
3561 4087 3677 4154 ipsa

2117 4205 2239 4261 quae
2263 4191 2311 4245 ei
2337 4188 2671 4243 conveniunt
2701 4192 2924 4254 propter
2955 4196 3056 4236 nos
3082 4181 3185 4235 sibi
3210 4179 3509 4234 asciscens.
3536 4177 3682 4241 Quo-

2119 4280 2286 4336 modo
2320 4293 2469 4341 vero,
2508 4289 2697 4346 quaeso
2734 4281 2807 4336 te,
2842 4271 3047 4338 absque
3068 4265 3288 4337 proprio
3314 4263 3520 4333 Spiritu
3551 4262 3684 4317 Ver-

2120 4372 2250 4427 bum
2292 4360 2947 4439 intelligetur?Nunquid
2987 4360 3130 4414 enim
3194 4354 3493 4410 absurdum
3537 4364 3683 4408 esset

2120 4462 2308 4515 dicere
2336 4457 2573 4512 hominis
2597 4455 2852 4524 spiritum
2878 4452 2947 4505 ab
2975 4450 3193 4502 homine
3220 4449 3534 4515 separatum
3562 4458 3686 4497 esse

447 4548 577 4620 δίχα
621 4546 750 4600 ποτὲ
787 4547 879 4601 τοῦ
914 4547 1041 4599 ἰδίου
1077 4546 1386 4615 Πνεύματος
1429 4550 1459 4600 ό
1488 4549 1657 4615 Λόγος
1695 4550 1896 4615 νοοῖτο;
1947 4552 2006 4602 Ἣ

2124 4551 2339 4605 ratione
2390 4556 2621 4609 naturae,
2658 4554 2714 4599 et
2760 4544 2974 4610 integra
3041 4537 3377 4609 perfectione
3430 4534 3685 4588 animalis

447 4639 564 4710 γὰρ
607 4639 707 4691 οὐκ
763 4639 961 4692 ἄτοπον
1015 4635 1302 4707 ἀνθρώπου
1357 4638 1686 4708 κεχωρίσθαι
1736 4638 1913 4707 λέγειν
1958 4640 2019 4693 :0

452 4729 673 4800 πνεῦμα
699 4728 760 4781 :0
789 4729 846 4780 ὲν
878 4726 1047 4796 αύτῷ,
1095 4727 1235 4780 κατά
1274 4744 1335 4779 τε
1380 4726 1469 4779 τὸν
1498 4729 1596 4797 τῆς
1629 4729 1840 4796 φύσεως
1872 4730 2018 4800 ὅρον,

454 4822 552 4876 καὶ
578 4821 657 4883 είς
684 4817 970 4889 ὁλόκληρον
997 4817 1090 4870 τοῦ
1130 4816 1269 4879 ζώου
1312 4816 1403 4869 τὸν
1449 4818 1825 4889 ἀπαρτισμόν;
1881 4820 2020 4873 Ἀλλ’

450 4910 609 4984 οἶμαι
639 4913 803 4964 πᾶσιν
846 4909 1109 4981 ὑπάρχειν
1157 4910 1315 4963 τοῦτο
1348 4910 1838 4978 καταφανέστατον.
1888 4912 2023 4968 Τίνα

453 5003 521 5074 δὴ
541 4996 634 5055 οὖν
659 5003 858 5073 τρόπον
890 5001 1298 5072 ἁπομεριοῦμεν
1325 5001 1386 5055 τὸ
1411 5002 1633 5072 Πνεῦμα
1659 5003 1753 5056 τοῦ
1790 5003 1938 5069 Υίοῦ,
1964 5006 2024 5058 :0

455 5094 631 5156 οὕτως
654 5091 985 5163 ἐμπεφυκὸς,
1014 5093 1106 5145 καὶ⁵
1137 5092 1407 5155 ούσιωδῶς
1434 5094 1730 5163 ἡνωμένον,
1761 5094 1829 5148 δι’
1859 5097 2024 5149 αὐτοῦ

455 5200 520 5237 τε
563 5182 895 5253 προκύπτον,
938 5183 1034 5235 καὶ
1085 5182 1327 5252 ὑπάρχον
1380 5184 1437 5234 ὲν
1468 5183 1615 5253 αὐτῷ
1658 5186 1918 5253 φυσικῶς,
1952 5187 2027 5251 ὡς

462 5276 628 5346 μηδὲν
653 5274 839 5345 ἕτερον
870 5270 1008 5328 εἶναι
1041 5274 1349 5344 νομίζεσθαι
1377 5276 1505 5344 παρ’
1538 5276 1717 5341 αὑτὸν,
1741 5277 1829 5332 διά
1852 5296 1910 5332 τε
1930 5280 2029 5351 τὴν

460 5369 561 5437 τῆς
600 5367 877 5438 ἐνεργείας
927 5366 1248 5436 ταυτότητα,
1299 5368 1394 5419 καὶ
1438 5366 1566 5419 αὐτὸ
1593 5366 1653 5419 :0
1691 5368 1788 5438 τῆς
1816 5369 2029 5437 φύσεως

463 5457 900 5529 ἀπαράλλακτον;
945 5458 1142 5510 ’Ἄκουε
1192 5456 1254 5525 δὴ
1296 5457 1349 5509 τί
1400 5474 1562 5527 φησιν
1601 5460 1629 5511 ὁ
1664 5459 1849 5531 Σωτὴρ
1898 5462 2029 5531 πρὸς

462 5547 590 5609 τοὺς
621 5545 813 5600 ἑαυτοῦ
847 5546 1092 5616 μαθητάς
1119 5562 1132 5576 ·
1175 5564 1194 5597 ι
1214 5548 1338 5599 Ἐὰν
1364 5547 1613 5613 ἀγαπᾶτέ
1642 5564 1729 5617 με,
1758 5548 1855 5613 τὰς
1888 5552 2033 5603 ἐντο-

466 5638 563 5702 λάς
609 5655 708 5707 μου
750 5639 1058 5710 τηρήσητε,
1087 5637 1241 5706 κάγὼ
1278 5639 1537 5709 ἐρωτήσω
1576 5640 1666 5694 τὸν
1685 5642 1918 5712 Πατέρα,
1944 5645 2033 5697 καὶ

544 5811 591 5842 ⁸⁸
620 5810 751 5872 Luc.
789 5831 825 5882 l,
856 5819 945 5872 35'.
1026 5818 1067 5849 “
1097 5814 1253 5870 Joan.
1298 5832 1406 5879 xw,
1452 5816 1533 5883 l3,
1581 5817 1661 5872 lli.

2123 4643 2376 4701 servata?
2406 4640 2563 4695 Patet
2593 4639 2668 4701 id,
2699 4637 2915 4707 opinor,
2938 4634 3136 4688 cuivis.
3165 4632 3284 4698 Quo
3321 4636 3483 4699 pacto
3525 4627 3690 4697 igitur

2128 4734 2516 4805 separabimus
2567 4729 2832 4799 Spiritum
2878 4742 2908 4779 a
2962 4723 3121 4787 Filio,
3159 4722 3242 4777 sic
3275 4720 3521 4775 innatum
3559 4718 3607 4771 ei
3636 4727 3690 4769 ct

2131 4821 2571 4880 substantialiter
2623 4816 2871 4878 unitum,
2922 4812 3081 4882 126
3118 4810 3321 4880 quique
3372 4820 3470 4877 per
3512 4806 3691 4874 ipsum

2130 4915 2331 4985 prodit,
2367 4920 2422 4968 et
2456 4912 2510 4965 in
2559 4910 2678 4978 ipso
2719 4905 3045 4961 naturaliter
3078 4900 3316 4961 exsistit,
3348 4898 3419 4951 ita
3458 4906 3516 4950 ut
3558 4894 3693 4949 nihil

2132 5007 2277 5060 aliud
2324 5019 2447 5060 esse
2494 5010 2719 5072 putetur
2770 5000 2837 5052 ab
2887 4998 3029 5067 ipso,
3088 5002 3307 5062 propter
3356 4985 3694 5057 operationis

2132 5097 2495 5157 identitatem,
2530 5103 2585 5148 et
2625 5093 2799 5162 ipsam
2834 5085 3206 5144 omnimodatn
3244 5086 3454 5134 natura:
3496 5077 3697 5133 simili-

2134 5185 2403 5241 tudinem.
2458 5182 2596 5236 Audi
2645 5194 2777 5251 ergo
2836 5177 3096 5245 quidnam
3148 5170 3402 5225 Salvator
3442 5167 3509 5221 ad
3564 5182 3696 5221 suos

2134 5277 2436 5347 discipulos
2471 5275 2615 5328 dicat
2650 5290 2700 5325 ει
2736 5271 2793 5325 Si
2828 5265 3055 5336 diligitis
3103 5276 3214 5325 mc,
3270 5259 3529 5347 mandata
3579 5274 3695 5347 mea

2139 5344 2353 5422 servate
2387 5384 2399 5418 :
2432 5372 2485 5418 et
2514 5376 2614 5432 ego
2641 5359 2845 5430 rogabo
2886 5354 3129 5414 Patrem,
3162 5355 3217 5403 et
3246 5348 3414 5401 alium
3446 5344 3698 5397 Paraeto—

2139 5471 2252 5515 tum
2284 5458 2437 5512 dabit
2460 5455 2637 5517 vobis,
2670 5450 2931 5522 Spiritum
2962 5443 3230 5507 veritatis,
3266 5454 3427 5510 quem
3464 5434 3699 5489 mundus

2141 5567 2246 5607 non
2274 5558 2453 5619 potest
2492 5561 2690 5617 capere
2710 5544 2808 5595 ⁵⁸.»
2846 5539 2984 5593 Ecce
3026 5542 3213 5606 aperte
3259 5528 3523 5600 Spiritum
3560 5524 3699 5577 veri-

2141 5645 2270 5699 tatis
2298 5649 2457 5699 vocat
2489 5646 2737 5695 sanctum
2766 5633 3052 5704 Spiritum.
3088 5625 3241 5693 Quod
3279 5628 3457 5677 autem
3491 5619 3607 5687 ipse
3636 5628 3701 5668 ac
