4118 6556
516 430 616 487 2M

1503 430 1560 489 s.
1602 431 1875 491 evan.”
1901 429 2371 487 ALEXANDRINI
2401 428 2721 486 ARCHIEP.
2780 404 2789 415 ’

3647 427 3754 485 2η

522 565 628 605 nm
654 550 794 605 alius
818 550 886 603 ab
914 550 1036 620 ipso
1063 551 1375 616 sitveritas,
1395 550 1523 605 audi
1548 567 1743 606 rursus
1771 550 2041 605 dicentem
2065 565 2079 602 :

2201 547 2341 601 ἱλλον
2372 546 2723 619 Παράκλητον
2748 544 2907 599 δώσει
2944 544 3090 616 ὑμῖν,
3121 544 3183 598 τὸ
3222 542 3447 615 Πνεῦμα
3482 543 3581 611 τῆς
3623 544 3758 615 ἁλη-

522 642 551 691 ‹“
582 642 693 712 Ego
722 657 841 698 sum
876 643 1080 697 veritas
1102 642 1169 695 ⁸⁷.
1196 661 1216 695 ι
1251 642 1386 697 Cum
1422 657 1553 713 ergo
1582 643 1784 698 veritas
1803 642 1875 696 sit
1903 648 1958 696 et
1986 653 2082 694 vo-

516 745 675 787 cetur
724 743 918 786 natura
964 730 1135 788 Filius
1169 747 1184 785 :
1218 732 1344 788 vide
1392 740 1654 802 quantam
1714 731 1914 785 habeat
1954 742 2080 783 cum

520 827 641 895 ipso
673 824 911 896 Spiritus
938 825 1229 879 unitatem.
1269 825 1360 877 Ait
1394 824 1542 879 enim
1569 822 1769 877 alicubi
1802 822 1869 876 de
1900 820 2084 875 Salva-

520 927 639 971 tore
677 926 869 971 nostro
898 913 1140 970 Joannes
1172 913 1480 984 discipulus
1513 931 1526 966 :
1562 932 1580 965 ι
1614 913 1715 967 llic
1745 920 1834 967 est
1864 910 1959 981 qui
1991 923 2084 963 ve-

520 1008 602 1061 nit
635 1023 730 1077 per
777 1020 998 1077 aquam,
1023 1013 1080 1061 et
1116 1008 1472 1076 sanguinem,
1502 1013 1559 1060 et
1589 1002 1880 1074 Spiritum,
1920 999 2085 1055 Jesus

518 1098 810 1153 Christus:
841 1112 951 1151 non
982 1099 1035 1152 in
1076 1112 1219 1166 aqua
1247 1097 1454 1160 solum,
1491 1095 1589 1151 sed
1613 1095 1667 1149 in
1698 1108 1841 1163 aqua
1869 1100 1924 1148 et
1953 1105 2085 1147 san-

522 1187 719 1257 guine;
755 1194 809 1240 et
849 1186 1093 1256 Spiritus
1124 1185 1326 1255 estqui
1369 1191 1628 1249 testatur,
1667 1183 1798 1252 quia
1827 1180 2085 1236 Christus

521 1277 726 1331 veritas
755 1285 840 1331 est
867 1276 932 1329 ⁸⁸.
967 1297 986 1332 ι
1015 1275 1277 1339 Proinde,
1312 1283 1367 1330 et
1419 1273 1761 1333 inhabitante
1811 1271 1866 1325 in
1926 1269 2087 1325 nobis

520 1373 712 1419 sancto
753 1364 983 1434 Spiritu,
1022 1366 1074 1419 in
1108 1364 1359 1420 interiori
1413 1362 1654 1427 homine,
1688 1361 1936 1416 habitare
1968 1360 2089 1429 ipse

520 1457 728 1511 dicitur
772 1456 1051 1523 Christus,
1076 1468 1241 1527 atque
1272 1457 1345 1510 ita
1368 1470 1427 1510 se
1457 1470 1547 1511 res
1572 1454 1736 1508 habet
1766 1460 1986 1509 natura.
2020 1449 2088 1504 Et

522 1557 674 1603 certe
723 1550 913 1604 beatus
954 1549 1157 1604 Paulus
1206 1548 1262 1603 id
1317 1546 1631 1603 clarissime
1688 1544 1897 1599 docens
1954 1542 2031 1595 ait
2073 1558 2087 1595 :

527 1656 544 1685 ι
577 1636 689 1691 Vos
733 1648 913 1691 autem
951 1652 1059 1691 non
1113 1636 1249 1692 estis
1287 1635 1342 1690 in
1395 1650 1580 1702 carne,
1622 1634 1719 1689 sed
1752 1633 1807 1689 in
1846 1630 2087 1701 Spiritu;

521 1727 797 1796 siquidem
830 1726 1069 1798 Spiritus
1094 1725 1191 1782 Dei
1223 1724 1439 1779 habitat
1467 1725 1520 1778 in
1548 1723 1725 1779 vobis.
1758 1720 1814 1776 Si
1846 1720 1971 1791 quis
1993 1736 2092 1774 au-

520 1830 627 1872 tem
665 1816 935 1889 Spiritum
966 1817 1174 1874 Christi
1207 1832 1319 1872 non
1345 1816 1532 1882 habet,
1574 1815 1662 1869 hic
1692 1829 1804 1869 non
1832 1820 1917 1868 est
1945 1811 2088 1880 ejus.

2186 640 2355 703 θείας,
2402 640 2431 692 6
2474 642 2503 692 6
2537 638 2739 710 κόσμος
2776 638 2838 692 οὐ
2866 637 3085 691 δύναται
3115 638 3331 707 χωρεῖν.
3362 655 3381 688 ι
3436 635 3568 689 Ἰδοὺ
3605 634 3757 705 διαρ-

2189 732 2356 802 ρήδην
2388 730 2610 801 Πνεῦμα
2640 730 2738 800 τῆς
2770 728 3027 799 ἀληθείας
3056 727 3117 780 τὸ
3147 727 3299 796 ἆγιον
3326 725 3551 796 Πνεῦμά
3574 741 3755 794 φησιν.

2190 823 2309 875 Ὅτι
2351 821 2406 874 δὲ
2447 823 2626 889 αὐτὸς,
2680 821 2777 874 καὶ
2821 820 2920 890 οὐχ
2960 818 3145 890 ἕτερός
3194 820 3311 871 ἐστι
3354 818 3487 887 παρ’
3528 814 3687 869 αὐτὸν
3724 815 3759 884 ἡ

2185 914 2431 985 ἀλήθεια,
2466 913 2627 968 πάλιν
2656 913 2821 967 ἄκουε
2846 910 3096 980 λέγοντος
3119 927 3134 942 ο
3184 928 3202 962 ι
3239 907 3378 977 Ἐγώ
3410 910 3524 981 ειμι
3554 907 3588 977 ή
3630 905 3763 975 ἀλὴο

2186 1004 2322 1058 ὕεια.
2362 1023 2380 1055 ι
2436 1002 2716 1072 Ἀληθείας
2760 996 2853 1056 οῦν
2887 1002 3038 1065 ὄντος
3081 1018 3140 1052 τε
3175 1000 3269 1053 καὶ
3302 996 3637 1067 κεκλημένου
3665 993 3760 1047 τοῦ
3866 1038 3869 1039 ν

2187 1094 2326 1147 κατὰ
2353 1093 2513 1162 φύσιν
2552 1091 2708 1158 Υἱοῦ,
2744 1091 2907 1162 βλέπε
2938 1090 3111 1161 πόσην
3142 1089 3255 1160 ἔχει
3282 1088 3342 1141 τὸ
3373 1085 3594 1156 Πνεῦμα
3622 1082 3761 1153 πρὸς

2186 1188 2348 1242 αὑτὸν
2377 1188 2475 1258 τὴν
2497 1185 2743 1256 ἑνότητα.
2778 1184 2939 1252 Λέγει
2966 1182 3075 1254 γάρ
3096 1198 3198 1234 που
3234 1180 3362 1250 περ)⁹
3390 1177 3484 1231 τοῦ
3510 1174 3761 1245 Σωτῆρος

2187 1277 2343 1349 ἡμῶν
2378 1278 2629 1347 Ἰωάννης
2650 1278 2679 1330 ὁ
2714 1274 2991 1346 μαθητήςο
3030 1264 3229 1335 (Οὗτός
3260 1273 3406 1324 ἐστιν
3438 1271 3467 1322 6
3499 1265 3671 1321 ἐλθὼν
3694 1263 3760 1317 δι’

2189 1367 2397 1433 ὓδατος,
2423 1370 2518 1421 καὶ
2534 1366 2782 1437 αἵματος,
2811 1364 2906 1419 καὶ
2926 1363 3065 1418 Πνεύ
3074 1379 3242 1434 ματος
3275 1359 3483 1431 Ἰησοῦς
3502 1355 3758 1427 Χριστόςο

2187 1458 2287 1511 οὐκ
2315 1460 2372 1511 ὲν
2397 1456 2475 1527 τῷ
2503 1456 2654 1510 ὕδατι
2685 1456 2865 1527 μόνον,
2904 1454 3018 1508 ἀλλ’
3053 1455 3111 1507 ὲν
3137 1452 3215 1523 τῷ
3244 1451 3416 1515 ὕδατι,
3446 1449 3539 1503 καὶ
3569 1447 3646 1518 τῷ
3677 1446 3764 1501 ατο

2192 1564 2361 1617 ματι,
2406 1547 2500 1600 καὶ
2543 1547 2605 1599 τὸ
2656 1543 2881 1615 Πνεῦμά
2923 1546 3040 1597 ἐστι
3085 1544 3146 1597 τὸ
3194 1540 3533 1614 μαρτυροῦν,
3586 1540 3669 1591 ὃτι
3705 1536 3768 1590 τὺ

2189 1637 2409 1708 πνεῦμά
2450 1640 2598 1691 ἐστιν
2627 1639 2661 1708 ὴ
2690 1637 2938 1708 ἀλήθεια.
2978 1654 2996 1688 ι
3046 1635 3226 1689 Διάτοι
3269 1631 3451 1695 τοῦτο,
3492 1629 3588 1683 καὶ
3626 1631 3767 1683 ὲνοι-

2189 1728 2410 1792 κοῦντος
2439 1729 2569 1799 ἡμῖν
2595 1727 2689 1781 τοῦ
2722 1728 2878 1797 ἁγίου
2905 1727 3238 1799 Πνεῦματος,
3275 1726 3355 1788 εἰς
3389 1723 3480 1778 τὸν
3526 1722 3634 1775 ἔσω
3675 1720 3770 1781 ἀν-

2192 1821 2407 1893 θρωπον
2455 1822 2731 1874 κατοικεῖν
2760 1818 2923 1883 αὐτὸς
2949 1818 3169 1886 λέγεται
3196 1815 3451 1887 Χριστὸς,
3478 1814 3572 1867 καὶ
3593 1810 3770 1873 οῦτως

521 1908 579 1963 Si
610 1924 739 1964 vero
768 1910 1020 1966 Christus
1041 1910 1095 1964 in
1124 1910 1302 1975 vobis,
1328 1923 1534 1978 corpus
1562 1905 1782 1978 quidem
1811 1911 2088 1959 mortuum

2201 1912 2304 1982 ἔχει
2326 1912 2387 1965 τὸ
2412 1913 2643 1983 πρᾶγμα
2666 1914 2733 1983 τῇ
2757 1911 2937 1981 φύσει·
2972 1909 3083 1963 Καὶ
3108 1907 3241 1977 γοῦν
3267 1907 3298 1958 δ
3329 1905 3595 1977 μακάριος
3621 1901 3769 2001 ﬂag:

522 2007 747 2073 propter
796 2007 1111 2069 peccatum,
1165 1997 1408 2066 Spiritus
1464 2004 1646 2052 autem
1698 1994 1810 2049 vita
1868 2003 2093 2065 propter

518 2088 791 2157 justitiam
820 2089 887 2143 δ’.
915 2109 933 2142 ι
971 2088 1071 2145 Hie
1110 2096 1416 2159 promptam
1445 2102 1657 2152 aurem,
1689 2100 1899 2157 quaeso,
1928 2084 2092 2141 dictis

523 2180 903 2238 accommoda.
922 2179 1057 2236 Cum
1087 2180 1356 2251 Spiritum
1379 2179 1589 2234 Christi
1616 2178 2009 2239 inhabitantcm
2038 2176 2093 2230 in

522 2270 687 2326 nobis
709 2271 1069 2339 nominasset,
1110 2273 1296 2329 statim
1330 2270 1653 2343 subiunxit:
1682 2269 1741 2325 Si
1771 2284 1906 2325 vero
1936 2266 2094 2324 Cliti!

525 2372 647 2419 stus
695 2364 750 2419 in
780 2366 957 2431 vobis,
1004 2367 1276 2437 aequalem
1313 2381 1411 2437 per
1444 2366 1632 2422 omnia
1670 2362 2093 2420 similitudinem

526 2464 774 2511 statuens
795 2453 919 2510 Filii
954 2470 1081 2513 cum
1115 2455 1327 2527 Spiritu
1359 2458 1455 2529 qui
1494 2459 1754 2528 proprius
1783 2453 1907 2524 ejus
1934 2459 2018 2508 est
2040 2460 2096 2508 et

526 2545 596 2600 ab
624 2545 746 2615 ipso
779 2547 1078 2602 secundum
1118 2554 1376 2602 naturam
1409 2546 1684 2618 procedit.
1707 2545 1946 2615 Ideoque
1975 2542 2098 2613 Spi-

526 2636 670 2692 ritus
707 2636 1019 2708 adoptionis
1053 2653 1272 2709 quoque
1305 2639 1537 2703 dicitur,
1568 2646 1623 2693 et
1653 2637 1707 2691 in
1744 2637 1864 2708 ipso
1893 2636 2097 2689 clama-

526 2742 691 2783 mus:
720 2726 872 2783 Abba
906 2727 1067 2784 Pater
1093 2730 1161 2782 ⁵ο.
1181 2729 1248 2783 Et
1281 2737 1340 2783 ut
1370 2730 1563 2785 beatus
1612 2728 1813 2785 alicubi
1852 2725 2096 2781 Joannes

527 2818 649 2872 ait:
685 2836 704 2869 ι
737 2816 817 2871 Ex
865 2819 970 2874 hoc
1016 2821 1437 2889 cognoscimus,
1488 2818 1619 2889 quia
1670 2819 1727 2873 in
1780 2817 1942 2872 nobis
1987 2824 2092 2879 est,

526 2907 656 2976 quia
678 2906 746 2962 de
775 2907 986 2978 Spiritu
1011 2924 1113 2964 suo
1137 2907 1284 2964 dedit
1307 2908 1472 2964 nobis
1494 2908 1561 2962 ⁵³.
1596 2927 1614 2960 ι
1644 2906 1771 2961 Haec
1801 2905 2097 2961 suﬂ'ectura

527 2997 750 3066 quidem
783 2999 1050 3064 arbitror,
1080 3007 1139 3053 ut
1170 2999 1435 3056 Ecclesiae
1473 2998 1571 3053 ﬁlii
1620 2997 1836 3069 possint
1877 2993 2096 3051 haereti-

526 3104 721 3143 corum
764 3088 966 3144 damna
998 3091 1267 3160 repellere
1300 3110 1315 3145 :
1354 3090 1401 3144 si
1432 3090 1559 3160 quis
1600 3096 1782 3143 autem
1829 3100 1982 3143 mera
2010 3086 2097 3140 in-

528 3180 694 3234 scitia
728 3179 918 3237 ebrius
943 3195 1009 3235 ac
1041 3180 1399 3245 temulentus,
1428 3179 1628 3234 Filium
1654 3179 1935 3235 existimat
1983 3186 2097 3232 tum

2194 2003 2284 2067 λος
2327 2003 2639 2073 σαφέστατα
2680 2000 2840 2055 τοῦτο
2867 2000 3131 2054 διδάσκων
3176 1996 3377 2068 φησιν·
3433 1994 3662 2063 «Ὑμεῖς
3711 1988 3771 2044 δδ

2193 2097 2292 2149 οὐκ
2320 2095 2441 2148 ὲστὲ
2469 2095 2528 2147 ὲν
2562 2094 2746 2165 σαρκὶ,
2784 2092 2899 2148 ἀλλ’
2934 2094 2992 2145 ὲν
3020 2088 3316 2159 Πνεῦματι,
3351 2085 3509 2169 εἴπερ
3546 2083 3771 2154 Πνεῦμα

2194 2187 2330 2242 Θεοῦ
2360 2188 2499 2240 οἰκεῖ
2534 2186 2593 2239 ὲν
2626 2186 2775 2256 ὑμῖν.
2825 2184 2888 2237 Εἰ
2936 2182 2993 2237 δέ
3023 2198 3109 2245 τις
3153 2178 3376 2249 Πνεῦμα
3408 2173 3646 2249 Χριστοῦ
3672 2175 3773 2227 οὐκ

2195 2277 2329 2347 ἔχει,
2365 2272 2519 2339 οὗτος
2545 2275 2645 2328 οὐκ
2672 2273 2819 2328 ἔστιν
2848 2271 3035 2327 αὐτοῦ.
3086 2271 3149 2323 Εἰ
3177 2271 3235 2324 δὲ
3261 2267 3496 2340 Χριστὸς
3524 2269 3583 2320 ὲν
3618 2267 3771 2336 ὑμῖν,

2194 2369 2254 2421 τὸ
2286 2367 2383 2438 μὲν
2414 2366 2574 2437 σῶμα
2602 2365 2794 2434 νεκρὸν
2818 2363 2883 2418 δι’
2913 2362 3206 2434 ἁμαρτίαν,
3236 2361 3296 2414 τὸ
3323 2360 3379 2413 δὲ
3407 2358 3631 2428 Πνεῦμα
3659 2355 3775 2423 ζωὴ

2194 2458 2281 2512 διὰ
2320 2456 2685 2527 δικαιοσύνην.
2719 2475 2737 2508 ι
2779 2455 3009 2521 Ὀξεῖαν,
3040 2448 3087 2507 ὦ
3108 2448 3280 2518 οὗτος,
3312 2453 3426 2513 τοῖς
3456 2448 3773 2521 εἰρημένοις

2197 2550 2430 2620 ὑπόσχες
2453 2549 2552 2619 τὴν
2580 2549 2768 2618 ἀκοήν.
2797 2545 3021 2616 Πνεῦμα
3048 2536 3285 2614 Χριστοῦ
3309 2543 3369 2596 τὸ
3401 2538 3686 2595 κατοικοῦν
3714 2540 3775 2592 ἐν

2196 2644 2327 2713 ἡμῖν
2360 2640 2653 2711 ὀνομάσας,
2687 2639 2968 2708 ἐπήγαγεν
3001 2637 3163 2699 εὐθύς
3185 2652 3199 2667 ’
3248 2636 3311 2688 Et
3352 2634 3407 2688 δὲ
3452 2632 3685 2703 Χριστὸς
3714 2632 3773 2682 ὲν

2198 2735 2355 2803 ὑμῖν,
2403 2730 2822 2803 ἀπαράλλακτον
2870 2728 3140 2799 εἰσφέρων
3187 2726 3286 2797 τὴν
3342 2724 3635 2795 ὁμοιότητα
3675 2718 3773 2775 τοῦ

2197 2825 2350 2891 Υἱοῦ,
2380 2824 2515 2897 πρὸς
2536 2824 2596 2876 τὸ
2618 2823 2745 2876 ἴδιον
2772 2819 2958 2886 αὑτοῦ,
2978 2819 3075 2875 καὶ
3104 2818 3234 2889 παρ’
3262 2814 3426 2870 αὐτοῦ
3451 2813 3590 2868 κατὰ
3611 2812 3775 2881 φύσιν

2198 2915 2563 2987 προχεόμενον
2608 2911 2850 2984 Πνεῦμα.
2922 2910 3103 2965 Διάτοι
3145 2907 3342 2971 τοῦτο,
3397 2906 3492 2960 καὶ
3550 2902 3774 2972 Πνεῦμα

2198 3006 2470 3068 υἱοθεσίας
2498 3004 2737 3072 λέγεται,
2782 3002 2878 3056 καὶ
2922 3002 2982 3054 ὲν
3015 2998 3163 3070 αὑτῷ
3206 2997 3501 3070 κράζομεν·
3547 2993 3717 3047 ’Δὸϐἄ
3744 2993 3777 3047 δ

2199 3099 2409 3168 Πατήρ.
2458 3095 2570 3149 Καὶ
2611 3094 2688 3158 ὡς
2717 3095 2746 3146 6
2782 3092 3050 3164 μακάριός
3104 3088 3207 3144 πού
3258 3104 3422 3159 φησιν
3480 3085 3769 3154 Ἰωάννης-

2205 3206 2222 3239 ι
2248 3188 2342 3241 Ἐκ
2383 3186 2573 3240 τούτου
2617 3185 2984 3253 γινώσκομεν,
3019 3181 3103 3234 ὃτι
3147 3180 3206 3233 ὲν
3235 3179 3367 3249 ἡμῖν
3394 3178 3561 3239 ἐστιν,
3601 3174 3682 3227 ὅτι
3710 3174 3777 3228 ἐκ

528 3271 770 3340 primum
804 3270 1070 3341 Spiritum
1104 3274 1406 3343 accepisse,
1428 3288 1554 3329 cum
1582 3273 1764 3330 factus
1792 3283 1877 3328 est
1898 3271 2094 3326 homo:

2201 3279 2293 3332 Ιτοῦ
2324 3278 2641 3348 Πνεύματος
2669 3274 2835 3330 αὑτοῦ
2870 3273 3069 3327 εόωκεν
3097 3273 3250 3342 ἡμῖν.
3284 3288 3301 3321 r
3350 3263 3519 3339 Οἶμαι
3557 3265 3655 3336 μὲν
3683 3259 3777 3318 οῦν

528 3361 787 3418 oetendat
812 3361 906 3419 Dei
937 3362 1178 3420 Verbum
1212 3373 1341 3421 ante
1375 3365 1812 3421 incarnationem
1844 3370 2096 3420 sanctum

531 3468 644 3510 non
673 3468 816 3518 esse,
847 3462 902 3511 et
936 3470 1038 3512 nos
1066 3456 1393 3512 tacebimus.
1426 3455 1560 3512 lure
1592 3467 1779 3512 autem
1812 3453 2100 3509 mirandus

531 3549 618 3601 est
644 3554 873 3601 sanctus
900 3547 1237 3619 evangelista
1267 3548 1361 3618 qni
1383 3548 1587 3618 ubique
1614 3547 1789 3602 multa
1820 3561 1945 3601 cum
1969 3560 2103 3599 can-

534 3639 685 3691 tione
726 3645 1023 3692 conservat
1051 3652 1113 3693 ea
1130 3653 1253 3707 quae
1276 3647 1492 3693 naturae
1522 3638 1724 3693 divinm
1745 3635 2099 3692 conveniunt.

533 3726 672 3779 Cum
701 3727 846 3781 enim
867 3735 1029 3782 antea
1049 3727 1303 3795 dixisset,
1325 3730 1601 3784 neminem
1630 3741 1873 3797 unqnam
1898 3724 2105 3779 vidisse

537 3817 707 3872 Deum
725 3817 794 3882 ⁸¹,
815 3826 870 3873 et
896 3819 1051 3889 127
1078 3834 1225 3873 nunc
1243 3834 1273 3872 a
1305 3821 1467 3875 beato
1496 3818 1740 3889 Baptista
1768 3817 1950 3872 visum
1980 3813 2105 3886 Spi-

535 3909 704 3963 ritum
738 3917 971 3974 asserat,
998 3909 1418 3965 descendentem
1444 3926 1608 3980 super
1639 3908 1836 3964 Filium
1862 3909 2103 3973 coalitus,

538 3999 692 4054 addit
722 4001 1057 4068 necessario,
1089 4011 1369 4072 spectasse
1399 4001 1640 4071 quidem,
1670 4001 1764 4057 sed
1797 3999 1982 4070 specie
2008 4012 2106 4053 co-

538 4089 762 4154 lumbae,
798 4104 907 4144 non
936 4090 1264 4161 simpliciter
1289 4091 1473 4161 qualis
1501 4099 1696 4145 natura
1727 4104 1827 4145 sua
1864 4088 2104 4155 exsistit,

538 4183 632 4238 sed
669 4182 943 4237 mitissimi
971 4183 1226 4240 animalis
1254 4184 1437 4253 specie
1465 4183 1875 4249 adumbratum,
1903 4189 1964 4236 ut
2004 4181 2108 4236 hoc

539 4281 700 4343 pacto
725 4289 945 4330 rursum
977 4274 1255 4328 videretur
1286 4274 1730 4344 eonjnnctionem
1768 4281 1821 4329 et
1846 4273 2105 4333 similitu-

536 4366 720 4420 dinem
752 4366 1055 4420 naturalem
1099 4382 1322 4422 servare
1352 4381 1477 4421 cum
1510 4365 1649 4420 Filio
1677 4365 1927 4422 dicente:
1959 4384 1977 4417 ι
2013 4365 2107 4419 Di-

538 4456 677 4510 scite
711 4470 740 4508 a
772 4471 881 4519 me,
907 4456 1035 4526 quia
1087 4457 1235 4511 mitis
1278 4472 1397 4512 sum
1443 4465 1497 4512 et
1544 4456 1767 4513 humilis
1793 4456 1957 4512 corde
1980 4457 2048 4511 ⁸³.
2082 4476 2099 4509 ι

536 4544 710 4615 Igitur
741 4561 851 4600 non
899 4544 1114 4601 desinet
1153 4562 1279 4602 esse
1320 4546 1463 4602 Deus
1503 4549 1803 4604 secundum
1850 4554 2104 4601 naturam

540 4634 779 4705 Spiritus
821 4652 834 4688 :
868 4634 935 4688 de
976 4650 1087 4704 quo
1138 4651 1336 4706 nempe
1373 4636 1576 4692 dicitur
1614 4653 1894 4709 nunquam
1927 4638 2105 4693 visum

536 4740 681 4788 esse,
729 4724 834 4778 nisi
889 4724 1157 4779 duntaxat
1213 4726 1269 4780 in
1325 4728 1589 4783 columba:
1645 4729 1828 4798 specie
1879 4738 2107 4799 propter

535 4816 804 4872 discentis
825 4817 1135 4873 utilitatem.
1173 4816 1319 4873 Loco
1350 4819 1494 4875 enim
1527 4821 1668 4891 signi
1697 4830 1752 4877 et
1787 4822 1976 4876 indicii
2011 4822 2107 4877 da-

500 4908 505 4913 "
536 4921 646 4964 tam
679 4909 781 4964 sibi
831 4908 1001 4965 fuisse
1033 4910 1448 4967 descensionem
1487 4911 1745 4982 Spiritus,
1774 4913 1968 4970 beatus
1998 4913 2105 4967 Ba-

536 5001 703 5069 ptista
741 5000 1049 5071 proﬁtetur,
1079 5000 1381 5058 Salvatoris
1406 5004 1581 5058 nostri
1612 5006 1945 5061 testimoniis
1972 5006 2105 5060 illud

539 5091 793 5145 addens:
826 5109 843 5140 ι
888 5090 990 5156 Qui
1036 5091 1185 5145 misit
1240 5107 1325 5146 me
1369 5092 1650 5162 baptizare
1694 5094 1750 5147 in
1797 5109 1958 5165 aqua,
2016 5095 2109 5150 ille

540 5183 672 5236 mihi
726 5183 906 5237 dixit:
942 5183 1118 5250 Super
1149 5199 1308 5253 quem
1344 5184 1547 5240 videris
1578 5184 1844 5255 Spiritum
1878 5186 2109 5241 descen-

542 5274 780 5341 dentem,
819 5283 874 5329 et
919 5282 1230 5347 manentem
1260 5291 1425 5345 super
1456 5291 1605 5340 eum,
1636 5277 1726 5331 hic
1754 5284 1838 5332 est
1873 5277 1968 5347 qni
2014 5277 2110 5331 ba-

544 5366 710 5436 ptizat
741 5366 793 5419 in
837 5364 1044 5435 Spiritu
1081 5367 1358 5420 sancto”.
1395 5386 1412 5418 ι
1433 5366 1607 5432 Quam
1637 5368 1710 5422 ob
1741 5384 1853 5423 rem
1885 5369 2112 5423 insanos

545 5455 831 5511 haereticos
893 5457 1243 5512 vehementer
1311 5457 1625 5513 irridendos
1693 5459 1951 5522 arbitror,
2017 5458 2113 5530 qui

441 5594 444 5598 .
543 5544 691 5614 quod
728 5545 868 5615 signi
906 5546 1024 5599 loco
1069 5547 1310 5615 positum
1343 5555 1449 5610 est,
1482 5563 1581 5618 pro
1616 5549 1844 5604 veritate
1873 5549 1988 5619 ipsa
2033 5550 2113 5606 rei

542 5637 785 5707 capiunt,
821 5637 1071 5706 quamvis
1116 5636 1386 5708 singulari
1419 5638 1623 5693 factum
1656 5639 1705 5694 id
1740 5641 1812 5695 sit
1858 5642 2109 5707 consilio,

618 5752 655 5779 "’
683 5750 836 5805 Joan.
877 5766 986 5813 xw,
1018 5751 1071 5805 6.

547 5820 591 5861 “
639 5819 825 5876 Matth.
881 5838 954 5887 xi,
988 5822 1079 5878 ευ.
1149 5824 1189 5855 ⁸⁸
1230 5820 1386 5885 Joan.
1431 5839 1467 5890 ι,
1511 5825 1561 5878 5.

1150 5752 1193 5783 ⁸⁸
1227 5751 1429 5824 lJoan.
1471 5770 1521 5813 ν,
1552 5753 1605 5807 6,
1684 5753 1725 5785 ⁸³
1781 5753 1934 5811 Rom.
1983 5773 2096 5824 \‘m,
2124 5757 2177 5823 9,

2204 3372 2519 3441 ἐξαρκέσειν
2575 3369 2671 3424 καὶ
2717 3367 2919 3433 ταῦτα,
2974 3364 3112 3435 πρὸς
3161 3362 3223 3416 τὸ
3267 3360 3523 3415 δύνασθαι
3566 3356 3637 3411 τὰ
3674 3355 3779 3426 τῆς

2216 3463 2537 3533 Ἐκκλησίας
2565 3462 2730 3515 τέκνα
2758 3460 2826 3513 τὰ
2870 3457 2980 3512 τῶν
3026 3454 3472 3529 ἐτεροδοξούντων
3508 3447 3780 3520 ἀποκροῦ-

2206 3556 2402 3610 σασθαι
2433 3554 2603 3626 βλάϐη
2629 3570 2643 3585 ο
2682 3555 2732 3607 εἰ
2763 3552 2821 3606 δέ
2846 3568 2933 3615 τις
2962 3550 3187 3621 ἀκράτῳ
3212 3548 3314 3617 τῆς
3343 3543 3581 3616 ἀμαθίας
3614 3540 3776 3612 βεϐά-

2204 3664 2425 3704 πτισται
2472 3646 2632 3717 μέθῃ,
2677 3645 2800 3697 τότε
2846 3642 2905 3696 δὲ
2952 3640 3172 3712 πρῶτον
3212 3638 3275 3691 τὸ
3322 3634 3549 3705 Πνεῦμα
3596 3631 3779 3686 λαϐεῖν

2206 3740 2377 3792 οἴεται
2404 3737 2492 3790 τὸν
2515 3736 2663 3798 Υῑὸν,
2691 3736 2778 3788 ὅτε
2803 3732 3028 3802 γέγονεν
3051 3729 3336 3800 ἄνθρωπος
3360 3743 3376 3759 ο
3391 3722 3780 3779 -άποδεικνύτω

2207 3828 2314 3901 πρὸ
2342 3828 2443 3897 τῆς
2466 3825 2926 3897 ὲνανθρωπήσεως
2956 3823 3110 3892 ᾶγιον
3139 3821 3239 3875 οὐκ
3257 3819 3387 3874 ὄντα
3404 3818 3496 3871 τὸν
3525 3815 3618 3871 τοῦ
3642 3814 3777 3868 Θεοῦ

2206 3920 2402 3989 Λόγον,
2449 3919 2544 3971 καὶ
2589 3918 2747 3987 ἡμεῖς
2782 3915 3153 3985 σιωπήσομεν.
3194 3909 3605 3980 Ἀποθαυμάσαι
3642 3907 3686 3960 δ’
3715 3906 3781 3961 ἄν

2206 4028 2289 4075 τις
2318 4010 2413 4065 καὶ
2451 4009 2568 4062 λίαν
2597 4008 2821 4070 εἰκότως
2864 4006 2956 4060 τὸν
2982 4005 3137 4075 ἆγιον
3178 4002 3567 4074 εὐαγγελιστὴν
3609 4000 3681 4054 τὰ
3712 4002 3778 4071 τῇ

2209 4102 2330 4173 θείᾳ
2358 4100 2634 4172 πρέποντα
2654 4098 2813 4167 φύσει
2838 4097 2975 4169 μετὰ
3002 4096 3206 4166 πολλῆς
3226 4111 3371 4159 τινος
3397 4093 3496 4163 τῆς
3520 4090 3782 4162 ἐπιτηρή-

2211 4212 2349 4259 σεως
2399 4191 2650 4261 πανταχῆ
2704 4190 3052 4253 διασώζοντα.
3112 4187 3328 4260 Ἐπειδὴ
3371 4186 3479 4258 γὰρ
3522 4185 3625 4257 ἔφη
3676 4184 3783 4253 πρὸ

2206 4284 2432 4347 τούτων,
2464 4283 2546 4335 ὅτι
2575 4281 2709 4335 Θεὸν
2739 4280 2915 4343 οὐδεὶς
2960 4278 3170 4351 ἑώρακε
3215 4278 3457 4338 πώποτε,
3496 4275 3780 4329 τεθεᾶσθαι

2207 4376 2266 4430 δὲ
2315 4374 2411 4427 νῦν
2455 4375 2519 4427 τὸ
2563 4371 2790 4443 Πνεῦμά
2831 4387 2965 4440 φησι
3005 4368 3096 4423 τόν
3130 4370 3399 4441 μακάριον
3447 4366 3778 4436 Βαπτιστὴν,

2210 4467 2531 4522 καταϐαῖνον
2576 4464 2669 4517 ἐπὶ
2714 4463 2803 4516 τὸν
2856 4462 2985 4515 Υἱδν
3032 4460 3091 4526 ἐξ
3125 4459 3374 4531 οὐρανοῦ,
3425 4457 3781 4533 προστίθησιν

2209 4556 2543 4626 ἀναγκαεως,
2579 4555 2661 4607 ὅτι
2706 4554 2949 4609 θεάσοιτο
2980 4554 3100 4624 μὲν,
3149 4554 3290 4624 πλὴν
3340 4552 3400 4605 ὲν
3447 4549 3579 4603 εῖδει
3623 4564 3781 4619 περι-

2215 4650 2431 4723 στερᾶς,
2457 4648 2557 4701 οὐκ
2586 4645 2715 4698 αὐτὸ
2745 4645 2889 4699 κατὰ
2920 4645 3103 4715 φύσιν,
3129 4646 3265 4716 ὅπερ
3293 4643 3526 4713 ὑπάρχει
3557 4638 3781 4710 γυμνὸν,

2213 4742 2329 4796 ἀλλ’
2376 4743 2435 4794 ὲν
2494 4737 2572 4807 τῷ
2615 4737 2908 4808 πραοτάτῳ
2957 4736 3426 4807 σχηματιζόμενον
3472 4732 3598 4804 ζὼῳ
3625 4748 3639 4765 ·
3696 4733 3785 4785 ἴνα

2214 4830 2472 4901 φαίνηται
2546 4826 2705 4880 πάλιν
2761 4826 2854 4880 καὶ
2916 4826 3004 4880 διὰ
3053 4826 3242 4881 τούτου
3294 4824 3635 4895 οἰκειότητα,
3691 4822 3786 4876 καὶ

2213 4921 2471 4992 ὁμοίωσιν
2501 4917 2766 4982 διασῶζον
2811 4917 3067 4987 φυσικὴν,
3108 4916 3245 4987 πρὸς
3288 4914 3380 4969 τὸν
3422 4915 3551 4967 Υἱδν
3579 4913 3670 4966 τὸν
3696 4911 3785 4965 λὶ-

2213 5028 2377 5079 γοντα
2406 5027 2420 5041 ·
2489 5029 2507 5062 ι
2534 5008 2749 5063 Μάθετε
2808 5009 2904 5062 ἀπ’
2944 5007 3114 5078 ἐμοῦ,
3164 5008 3247 5061 ὅτι
3289 5006 3464 5077 πρᾶός
3512 5005 3646 5075 εἰμι,
3691 5003 3787 5057 καὶ

2212 5099 2465 5164 ταπεινὸς
2497 5102 2564 5171 τῇ
2608 5100 2819 5171 καρδίᾳ.
2856 5117 2875 5151 ι
2930 5098 3137 5153 Οὐκοῦν
3165 5099 3265 5151 οὐκ
3300 5098 3657 5152 ἀππεσεῖται
3688 5096 3784 5150 τοῦ

2214 5186 2353 5243 εἶναι
2399 5191 2530 5254 Θεὸς
2563 5190 2705 5245 κατὰ
2735 5190 2895 5260 φύσιν
2936 5189 2997 5241 τὸ
3030 5188 3252 5259 Πνεῦμα
3274 5205 3289 5220 ⁸
3344 5190 3637 5260 τετήρηται
3677 5188 3787 5257 γὰρ

2213 5279 2360 5349 αὐτῷ
2388 5280 2450 5332 τὸ
2478 5280 2552 5350 μὴ
2581 5279 2870 5333 τεθεᾶσθαι
2903 5276 3142 5345 πώποτε,
3173 5279 3313 5350 πλὴν
3338 5279 3461 5332 ὅσον
3493 5280 3551 5331 ὲν
3580 5277 3658 5347 τῷ
3686 5277 3787 5347 τῆς

2213 5372 2542 5441 περιστερᾶς
2577 5369 2961 5440 σχηματισμῷ,
3009 5369 3099 5423 διὰ
3141 5369 3242 5441 τὴν
3283 5368 3376 5422 τοῦ
3428 5366 3792 5440 μανθάνοντος

2216 5463 2421 5532 χρείαν.
2464 5463 2554 5525 Ὠς
2586 5462 2694 5533 γὰρ
2739 5464 2795 5515 ὲν
2827 5462 3051 5531 σημείου
3084 5462 3179 5516 καὶ
3210 5461 3588 5533 γνωρίσματος
3636 5457 3792 5522 τάξει

2214 5554 2454 5609 δεδόσθαι
2498 5555 2661 5624 φησὶν
2694 5553 2869 5624 ἐαυτῷ
2901 5553 2997 5624 τὴν
3036 5553 3129 5608 τοῦ
3161 5553 3472 5623 Πνεῦματος
3503 5551 3726 5606 κάθοδον
3762 5551 3792 5603 6

2222 5644 2487 5716 μακάριος
2534 5643 2861 5715 Βαπτιστὴς,
2895 5646 3013 5706 ταῖς
3058 5645 3182 5714 περὶ
3224 5642 3317 5697 τοῦ
3350 5644 3600 5713 Σωτῆρος
3633 5642 3794 5713 ἡμῶν

2216 5759 2295 5813 10.
2378 5761 2422 5790 ⁵ο
2478 5757 2611 5813 Ibid.
2673 5758 2756 5812 lii.
2833 5756 3213 5825 “Ilvam”,
3249 5758 3331 5813 15,
3432 5759 3476 5789 θ’
3530 5756 3645 5811 Ibid
3702 5756 3787 5810 12.
