4118 6568
1608 335 1664 392 S.
1706 338 1982 401 CYRILLI
2020 346 2493 410 ALEXANDRINI
2524 357 2847 420 ARCHIEP.

3740 390 3849 451 916

607 434 709 479 tem
755 426 886 484 dicit
923 446 945 487 :
984 433 1115 493 Ecce
1164 442 1344 512 Agnus
1394 447 1524 518 Dei,
1562 457 1652 522 qui
1704 460 1844 514 tollit
1901 475 2129 531 peccatuz

607 520 809 571 mundi.

3743 426 3765 446 4
3785 426 3798 447 ι
3812 426 3849 451 υ

2225 485 2251 542 ι
2299 471 2502 539 Ἰησοῦ
2554 480 2995 550 περιπατοῦντι,
3037 488 3196 557 λέγει
3229 508 3242 522 ·
3307 494 3429 548 Ἴδε
3463 499 3498 551 ὁ
3530 499 3719 571 ἀμνὸς
3744 508 3852 563 τοῦ

673 607 857 680 ipsum
879 612 995 684 jam
1025 627 1187 677 antea
1218 623 1416 685 beatus
1444 629 1690 701 Baptista
1725 641 2162 704 demonstravit:

601 697 699 753 sed
720 715 850 757 ecce
878 720 1074 764 rursus
1099 712 1291 771 eadem
1322 722 1572 781 oratione
1596 732 1826 798 repetita
1856 736 1975 791 suis
1996 738 2165 794 disci-

599 789 749 895 ιιιιιίε
784 797 1032 895 ostendit
1065 799 1251 859 Jesum
1291 815 1345 863 et
1392 826 1593 882 agnum
1646 789 1743 875 ὑεῖ
1793 789 2165 895 nominat-et

600 877 796 936 tollere
830 885 1020 941 mundi
1062 901 1348 958 peccatum
1396 877 1495 965 ait,
1526 877 1919 975 propemodum
1970 877 2061 970 eis
2105 916 2162 970 in

595 971 918 1029 memoriam
953 975 1134 1047 ipsum
1165 998 1429 1046 revocans
1474 971 1618 1064 apud
1646 1000 1943 1070 prophetas
1974 1005 2161 1062 dicen-

593 1064 702 1115 tem
737 1075 752 1112 :
782 1078 801 1111 ι
834 1060 950 1134 Ego
986 1082 1134 1135 sum,
1180 1087 1282 1144 ego
1310 1089 1454 1143 sum,
1486 1060 1582 1151 qui
1628 1060 1784 1140 deleo
1840 1060 2159 1159 iniquitates

594 1153 737 1211 tuas,
770 1159 825 1204 et
850 1168 959 1209 non
982 1160 1316 1217 recordabor
1336 1166 1401 1220 ³⁷.
1426 1186 1445 1219 ›
1467 1169 1586 1226 Non
1624 1171 1833 1231 frustra
1869 1194 1997 1234 vero
2029 1181 2156 1234 lina-

590 1242 682 1291 tus
713 1237 961 1311 Baptista
983 1247 1175 1304 eadem
1205 1252 1273 1308 de
1297 1253 1582 1315 Salvatore
1609 1262 1905 1320 identidem
1936 1274 2151 1339 repetit.

587 1325 835 1387 Ollicium
868 1337 1069 1408 quippe
1104 1355 1171 1396 ac
1212 1344 1387 1401 virtus
1421 1349 1666 1410 doctoris
1712 1367 1818 1422 est,
1870 1374 1960 1415 res
1998 1325 2152 1416 ἠθη-

583 1417 715 1471 dum
755 1434 1042 1495 perceptas
1079 1428 1479 1502 discipulorum
1526 1417 1815 1500 mentibus
1843 1446 2147 1515 inculcare,

583 1524 687 1563 nec
707 1513 898 1569 eadem
928 1519 1129 1588 szepius
1152 1528 1447 1594 repetendo
1480 1534 1719 1600 gravari,
1744 1538 1838 1591 sed
1865 1537 1935 1591 ad
1973 1513 2146 1595 disci;

581 1600 836 1667 pulcrum
887 1608 1179 1667 utilitatem
1231 1617 1500 1684 patienter
1547 1624 1598 1678 id
1648 1641 1831 1698 agere.
1881 1631 2039 1696 Quod
2091 1633 2149 1687 lit

581 1699 640 1744 ut
683 1692 873 1752 beatus
922 1714 1145 1772 quoque
1189 1705 1396 1767 Paulus
1437 1712 1588 1769 dicat
1632 1692 1708 1770 τί
1736 1692 1937 1777 Eadem
1983 1724 2144 1781 vobis

577 1782 842 1852 scribere,
880 1804 965 1845 me
1003 1794 1226 1862 quidem
1283 1815 1389 1856 non
1434 1805 1601 1876 piget,
1632 1810 1790 1866 vobis
1830 1822 2011 1869 autem
2046 1832 2146 1873 ne-

575 1876 882 1931 cessarium
911 1883 1083 1935 est“.
1112 1904 1130 1936 ι

650 2047 871 2119 1291,
892 2054 981 2108 37.
1007 2057 1072 2111 Et
1094 2063 1377 2121 audierunt
1399 2086 1515 2125 eum
1541 2074 1909 2148 duoidt’set’puli
1925 2081 2139 2153 loquen-

572 2143 699 2200 tem,
728 2148 776 2191 et
801 2146 970 2197 secuti
992 2161 1113 2203 sunt
1134 2150 1341 2212 Iesum.

643 2223 807 2284 Vides
855 2246 1015 2300 quam
1048 2240 1160 2295 cito
1208 2258 1368 2301 suum
1424 2248 1659 2309 fructum
1707 2257 1961 2315 doctrina
2010 2279 2140 2332 pro-

569 2312 734 2367 tulit?
758 2314 925 2376 Vides
951 2336 1216 2393 qnantum
1254 2337 1597 2404 repetitionis
1621 2343 1831 2399 lucrum
1857 2312 2138 2405 invetitum

566 2400 680 2456 sit?
708 2403 897 2463 Discat
936 2427 1065 2485 ergo
1106 2433 1173 2473 ex
1212 2400 1330 2487 his,
1355 2427 1608 2497 quisquis
1654 2433 1744 2488 ille
1774 2445 1861 2491 est
1910 2441 1996 2494 cui
2040 2442 2138 2496 d0-

564 2492 723 2547 cendi
771 2499 1040 2557 creditum
1082 2521 1280 2565 munus
1326 2492 1432 2581 est,
1474 2518 1748 2589 pigritiam
1781 2539 1994 2582 omnem
2042 2545 2138 2584 su-

562 2593 799 2652 perate,
844 2589 1063 2661 sibique
1112 2598 1304 2668 majori
1358 2618 1516 2661 noxa:
1575 2623 1739 2678 quam
1790 2617 2136 2675 auditoribus

563 2681 757 2740 putare
785 2677 1090 2749 silentium,
1138 2704 1241 2744 nec
1274 2693 1540 2755 talentum
1579 2677 1794 2759 homini
1841 2706 1896 2759 in
1937 2710 2131 2778 ignava

558 2765 781 2837 inertia,
811 2772 960 2829 velut
985 2777 1139 2834 humi
1170 2782 1454 2854 defodere,
1491 2792 1588 2847 sed
1618 2804 1905 2865 argentum
1948 2765 2131 2869 potius

556 2861 947 2921 nummulariis
971 2869 1209 2927 tradere.
1246 2872 1494 2947 Recipiet
1527 2882 1670 2937 enim
1686 2861 2128 2961 'Salvator'quod

554 2960 713 3003 suum
763 2959 850 3008 est
890 2970 1013 3012 cum
1050 2958 1257 3029 fenore,
1307 2981 1372 3022 ac
1406 2970 1572 3026 veluti
1610 2989 1796 3032 semen
1845 2958 2127 3049 quoddam

552 3036 820 3106 injectum
853 3058 1163 3106 sermonem
1197 3054 1516 3119 viviﬁcabit.
1571 3062 1752 3122 llabes
1795 3036 1885 3123 hic
1933 3036 2124 3127 admo;

551 3128 683 3186 dum
718 3135 1011 3203 genuinam
1059 3141 1221 3200 istius
1272 3149 1353 3204 rei
1403 3150 1948 3217 demonstrationem.
2002 3164 2122 3223 Non
2151 3151 2193 3210 (ἶ

550 3232 813 3283 gravatus
838 3227 981 3282 enim
1036 3229 1282 3302 Baptista
1331 3242 1451 3297 suis
1489 3243 1782 3316 discipulis
1829 3250 2119 3317 Dominum

549 3312 871 3393 ostendere,
906 3316 1217 3394 iterumque
1245 3342 1521 3398 repetere:
1562 3355 1583 3387 ι
1630 3312 1770 3396 Ecce
1797 3312 1973 3410 agnus
2003 3345 2118 3410 Dei,

546 3400 642 3470 qui
695 3401 839 3459 tollit
862 3417 1148 3475 peccatum
1176 3420 1368 3473 mundi
1400 3421 1468 3486 ⁸⁸,
1517 3443 1535 3475 ι
1575 3434 1787 3483 tantum
1830 3400 2119 3504 discipulis

546 3489 667 3545 suis
698 3496 963 3565 contulit,
997 3506 1057 3554 ut
1083 3517 1181 3559 eos
1220 3509 1377 3577 sequi
1406 3511 1628 3569 demum
1671 3489 2029 3589 persuaserit,
2063 3533 2118 3581 et

543 3579 670 3651 ejus
694 3583 1002 3655 disciplina:
1024 3606 1151 3649 sese
1172 3594 1286 3665 jam
1315 3606 1429 3655 tum
1456 3579 1773 3678 adjungere.

611 3774 654 3842 1,
684 3778 774 3835 38.
808 3779 1100 3841 Conversus
1146 3799 1323 3845 autem
1362 3791 1539 3860 Iesus,
1589 3808 1639 3851 et
1692 3802 1869 3857 videns
1911 3820 1998 3859 eos
2036 3823 2117 3862 se-

538 3878 753 3938 quentes
788 3888 865 3938 se,
895 3873 1023 3929 dicil
1048 3877 1160 3932 eis:
1195 3878 1337 3945 Quid
1366 3889 1603 3955 quwritis
1622 3891 1649 3943 .9

611 3956 932 4030 Opportune
970 3982 1274 4028 conversus
1303 3983 1389 4029 est
1423 3975 1687 4037 Dominus
1716 3982 1781 4036 ad
1821 3995 2112 4055 sequentes

540 4067 622 4125 se,
644 4062 703 4107 ut
735 4056 915 4127 reipsa
946 4061 1130 4119 discas
1157 4067 1302 4136 quod
1336 4068 1389 4123 in
1414 4069 1649 4129 Psalmis
1679 4078 1934 4132 canitur:
1967 4100 1986 4130 ι
2008 4079 2112 4134 Ex-

536 4143 738 4215 quisivi
790 4146 1078 4207 Dominum
1128 4165 1183 4212 et
1228 4158 1462 4215 intendit
1508 4164 1639 4218 mihi
1672 4165 1763 4221 ⁸⁹”.
1805 4186 1824 4218 ι
1854 4168 2109 4235 Quandiu

534 4235 682 4293 enim
716 4241 877 4299 bonis
906 4247 1156 4305 moribus
1187 4254 1243 4307 et
1273 4262 1423 4308 recta
1466 4256 1571 4313 lide
1612 4257 1781 4314 Deum
1813 4278 1924 4318 non
1953 4281 2107 4334 quae-

533 4330 728 4403 rimus,
751 4342 875 4405 post
906 4336 1083 4406 ipsum
1109 4356 1302 4398 averso
1325 4345 1476 4400 vultu
1501 4350 1906 4417 quodammodo
1931 4359 2106 4412 collo-

531 4400 640 4473 cati
675 4436 902 4478 sumus:
944 4428 1036 4480 sed
1067 4444 1193 4483 cum
1228 4432 1425 4489 divina:
1466 4435 1604 4505 legis
1638 4439 1727 4492 siti
1763 4452 2015 4498 sanctum
2050 4456 2104 4502 et

530 4509 790 4565 eximium
830 4512 1057 4580 iustitia:
1109 4519 1211 4573 iter
1260 4522 1589 4590 insistimus,
1634 4536 1764 4585 tunc
1794 4542 1945 4589 certe
1995 4552 2098 4594 nos

529 4600 773 4670 respicit,
803 4603 932 4659 illud
972 4608 1131 4664 nobis
1161 4610 1495 4670 inclamans:
1542 4636 1557 4667 ι
1595 4618 1993 4681 Convertimini
2028 4629 2097 4682 ad

527 4704 635 4754 me,
670 4699 726 4747 et
772 4704 1063 4751 convertar
1107 4700 1174 4754 ad
1221 4717 1339 4766 vos,
1370 4704 1506 4767 dicit
1538 4708 1804 4769 Dominus
1842 4718 2095 4787 omnipo-

525 4788 647 4835 tens
664 4782 765 4835 ⁸⁸.»
792 4784 872 4837 Ad
901 4801 998 4841 eos
1030 4798 1208 4845 autem
1241 4792 1525 4865 Christus,
1558 4817 1577 4849 ι
1607 4800 1747 4866 Quid
1771 4782 2086 4875 quaeritis?»

521 4868 723 4942 inquit,
758 4889 867 4929 non
901 4879 1047 4945 quod
1071 4881 1346 4950 ignoraret
1382 4886 1598 4956 (cuncta
1630 4868 1803 4948 enim-
1826 4900 1997 4962 novit.
2034 4913 2091 4956 ut

521 4957 710 5029 Deus),
744 4963 837 5018 sed
874 4969 1021 5035 quod
1051 4970 1533 5044 interrogationem
1564 4981 1707 5039 hanc
1736 4988 2088 5061 colloquendi

517 5051 876 5118 primordium
912 5071 976 5111 ac
1008 5061 1172 5115 veluti
1208 5066 1451 5122 radicem
1480 5079 1763 5130 statueret.

589 5227 629 5290 Ι,
663 5230 750 5284 58.
793 5232 899 5298 Qui
932 5236 1177 5293 dixerunt
1203 5243 1285 5295 ei:
1319 5244 1483 5301 Rabbi
1513 5250 1669 5318 (quod
1693 5253 1889 5309 dicitur
1923 5263 2082 5314 inter-

510 5330 775 5386 pretatum
804 5328 1095 5398 magister),
1127 5332 1214 5387 ubi
1239 5335 1488 5394 habitas?

586 5409 751 5466 Docte
798 5419 846 5468 ei
901 5431 1201 5476 occurrunt
1235 5425 1579 5500 interrogati.
1630 5433 1874 5492 Primum
1930 5445 2074 5499 enim

513 5503 837 5573 magistrum
886 5509 1064 5579 ipsum
1116 5525 1334 5584 vocant,
1387 5521 1535 5577 clare
1583 5526 1962 5595 significantes
2020 5551 2079 5590 se

594 5683 636 5720 ⁵⁷
670 5686 771 5741 lsa.
817 5706 967 5756 mn,
1003 5694 1093 5749 25.
1184 5698 1227 5729 ⁸⁸
1257 5698 1492 5771 Philipp.
1532 5720 1612 5772 Ill,
1652 5706 1697 5760 l.
1776 5711 1819 5741 ⁸⁹
1848 5711 2003 5769 Joan.
2037 5734 2074 5784 ι,
2106 5721 2129 5774 Ξ

2238 5726 2304 5755 ⁸⁵⁴
2342 5726 2483 5781 Psal.
2518 5746 2710 5798 XXXIII,

2273 564 2422 619 Θεοῦ
2453 569 2488 620 ὁ
2516 568 2700 637 αἴρων
2731 570 2846 640 τὴν
2867 574 3158 644 ἁμαρτίαν
3182 582 3286 636 τοῦ
3312 586 3565 655 κόσμου.

2336 653 2549 721 Φθάσας
2580 658 2680 731 ἤδη
2724 662 3031 732 προέδειξεν
3062 667 3225 724 αὐτὸν
3268 673 3297 725 6
3333 653 3602 747 μακάριος
3646 681 3852 738 Barm-

2267 744 2399 814 στής
2424 762 2438 775 ·
2486 746 2603 800 ἀλλ’
2653 750 2761 804 ἰδοὺ
2810 753 2902 805 καὶ
2944 751 3100 821 αὖθις
3132 760 3224 814 τὸν
3254 763 3415 818 αὑτὸν
3457 744 3850 844 άνακυκλησας

2262 831 2440 902 λόγον,
2470 834 2795 894 ἐπιδεικνύει
2826 845 2939 909 τοῖς
2967 847 3163 902 ἑαυτοῦ
3190 853 3459 925 μαθηταῖς
3487 860 3579 913 τὸν
3615 831 3844 932 Ἰησοῦν,

2261 927 2357 978 καὶ
2386 927 2557 998 ἀμνὸν
2589 929 2845 1001 ὀνομάζει
2873 936 3030 1003 Θεοῦ,
3063 942 3154 994 καὶ
3185 944 3285 1011 τὴν
3308 947 3403 1000 τοῦ
3442 952 3653 1021 κόσμου
3675 927 3845 1023 ξρησὶν

2260 1015 2437 1086 αίρειν
2487 1020 2793 1092 ἁμαρτίαν,
2845 1032 3127 1101 μονονουχὶ
3178 1035 3314 1106 πρὸς
3348 1015 3842 1114 ὑπόμνησιν

2257 1107 2381 1169 τοὺς
2439 1109 2821 1180 ἀκροωμένους
2878 1116 2974 1170 τοῦ
3037 1121 3096 1173 ὲν
3173 1107 3477 1198 προφήταις
3530 1107 3784 1201 λέγοντός
3821 1152 3838 1165 ⁸

2262 1214 2279 1246 ι
2304 1196 2445 1265 Ἐγώ
2475 1201 2611 1270 είμι,
2653 1203 2764 1269 ἐγώ
2796 1207 2909 1275 εἰμι
2947 1209 2975 1261 6
3005 1210 3303 1282 ὲξαλείφων
3332 1196 3431 1283 τὰς
3459 1196 3690 1293 ἀνομίας
3718 1196 3837 1291 σου,

2254 1288 2347 1339 καὶ
2367 1289 2426 1340 οὐ
2460 1291 2535 1360 μὴ
2569 1293 2971 1367 μνησθήσομαι.
3007 1318 3027 1350 ι
3070 1302 3459 1364 Ἐπαναλασὼν
3488 1311 3541 1364 δὲ
3560 1288 3628 1366 ού
3656 1288 3837 1386 μάτην

2251 1379 2281 1430 6
2322 1380 2630 1453 Βαπτιστὴς
2670 1384 2768 1457 τὴν
2813 1389 2983 1460 αὐτὴν
3014 1397 3246 1448 ποιεῖται
3288 1400 3416 1469 περὶ
3448 1401 3543 1454 τοῦ
3581 1379 3836 1476 Σωτῆρος

2251 1468 2527 1539 ἐξήγησιν.
2594 1474 2820 1544 Ἀρετῆς
2871 1478 2983 1549 γάρ
3039 1481 3189 1537 ἐστιν
3238 1484 3399 1556 ἔργον
3445 1468 3835 1564 stemmatis,-

2248 1558 2339 1611 τὸν
2367 1558 2524 1613 οῦπω
2556 1565 2963 1635 παραδεχομέντα
2993 1569 3169 1640 λόγον,
3214 1578 3333 1640 ταῖς
3375 1577 3487 1632 τῶν
3522 1558 3832 1652 μαθητευό-

2250 1649 2428 1719 μένων
2468 1652 2925 1725 ὲγκαθειργνύναι
2973 1660 3192 1732 ψυχαῖς,
3240 1668 3341 1720 οὐκ
3384 1649 3833 1743 amem—ﬂe;

2247 1738 2602 1811 ἐπανάληψιν,
2636 1744 3065 1821 ἀνεξικακούσης
3112 1753 3168 1806 δὲ
3208 1756 3409 1825 μᾶλλον
3456 1758 3545 1812 ἐπ’
3590 1738 3832 1833 ώφελείᾳ

2175 1821 2218 1876 Β
2246 1830 2355 1883 τῶν
2387 1834 2812 1906 παιδευομένων.
2865 1841 2963 1893 Διά
2994 1842 3102 1915 γάρ
3135 1821 3220 1899 τοι
3245 1847 3402 1902 τοῦτο
3434 1850 3528 1904 καὶ
3574 1853 3603 1905 6
3642 1821 3828 1924 μακά;

2251 1937 2365 1990 ριος
2394 1923 2606 1988 Παῦλός
2632 1944 2765 1997 φησι
2786 1945 2800 1959 ·
2857 1948 2874 1980 ι
2898 1931 2980 1984 Τὰ
3005 1934 3144 1987 αὐτὰ
3178 1934 3358 2004 λέγειν
3389 1940 3535 2010 ὑμῖν,
3575 1923 3699 2013 ἐμοὶ
3727 1944 3827 2013 μὲν

2248 2010 2347 2061 ούκ
2378 2010 2630 2083 ὀκνηρὸν,
2666 2018 2795 2086 ὑμῖν
2823 2019 2879 2071 δὲ
2908 2023 3168 2089 ἀσφαλές.
3203 2045 3220 2075 ι

2313 2101 2422 2154 Καὶ
2456 2102 2730 2170 ἥκουσαν
2756 2110 2942 2165 αὐτοῦ
2972 2115 3025 2166 οἱ
3049 2113 3157 2168 δύο
3179 2119 3434 2186 μαθηταὶ
3460 2124 3818 2191 λαλοῦντος,

2242 2193 2337 2245 καὶ
2380 2195 2806 2265 ἠκολούθησαν
2839 2200 2919 2266 τῷ
2960 2204 3176 2273 Ἰησοῦ.

2324 2284 2485 2356 Ὁρᾷς
2512 2291 2577 2358 τῇ
2622 2289 2939 2364 διδασκαλίᾳ
2970 2297 3186 2363 γείτονα
3231 2300 3322 2353 τὸν
3361 2301 3419 2367 ἐξ
3465 2304 3637 2375 αὐτῆς
3682 2307 3815 2360 ἀνα-

2238 2375 2457 2429 δοθέντα
2508 2382 2752 2452 καρπόν,
2798 2384 2958 2457 Ὁρᾷς
3002 2389 3124 2441 ὅσον
3169 2390 3270 2461 τῆς
3311 2393 3701 2467 ὲπαναλήψεως
3728 2401 3819 2453 εὖ-

2242 2464 2368 2535 ρέθη
2396 2466 2457 2520 τὸ
2494 2470 2717 2540 κέρδος;
2761 2475 3091 2531 Μανθανέτω
3120 2482 3407 2553 τοιγαροῦν
3434 2486 3520 2540 διὰ
3540 2464 3764 2543 ’τούτων
3785 2494 3815 2544 6

2235 2554 2504 2613 διδάσκειν
2527 2567 2974 2636 πεπιστευμένος,
2998 2570 3156 2623 ὄκνου
3186 2574 3284 2643 μὲν
3314 2574 3553 2644 ἀμείνων
3581 2578 3813 2649 δρᾶσθαι

2235 2648 2453 2714 παντὸς,
2486 2652 2663 2723 ἑαυτῷ
2690 2655 2745 2708 δὲ
2774 2658 2955 2727 πλέον,
2986 2662 3018 2733 ἢ
3059 2666 3172 2728 τοῖς
3210 2667 3583 2739 ἀκροωμένοις
3616 2648 3811 2742 ἐπιζή-

2232 2752 2355 2805 μιον
2385 2739 2632 2809 ἡγεῖσθαι
2683 2742 2780 2815 τὴν
2835 2750 3064 2822 σιωπὴν,
3112 2755 3207 2807 καί
3243 2756 3318 2828 μὴ
3361 2759 3439 2821 είς
3481 2760 3678 2829 ἀργίαν
3710 2739 3812 2831 μέν

2229 2825 2455 2897 ἀδρανῆ,
2482 2828 2732 2902 καθάπερ
2760 2835 2840 2899 είς
2875 2838 2996 2909 γῆν,
3029 2840 3091 2894 τὸ
3129 2825 3444 2898 δεσποτικὸν
3465 2825 3811 2918 ἀντορύττειν

2228 2917 2507 2987 τάλαντον,
2547 2920 2822 2990 διανέμειν
2862 2926 2918 2980 δὲ
2970 2930 3172 2999 μᾶλλον
3205 2936 3318 2999 τοῖς
3357 2917 3710 3007 τραπεζίταις
3746 2941 3808 2993 τὸ

2227 3007 2518 3079 ἀργύριον·
2562 3017 2832 3082 κομιεῖται
2876 3017 2985 3088 γάρ
3038 3021 3066 3073 ό
3122 3022 3311 3093 Σωτὴρ
3358 3026 3420 3081 τὸ
3471 3027 3666 3081 ἑαυτοῦ
3710 3031 3807 3083 σὺν

2224 3095 2388 3167 τόκῳ,
2426 3101 2520 3153 καὶ
2551 3100 2801 3175 καθάπερ
2835 3108 2956 3161 τινὰ
3001 3111 3203 3185 σπόρον
3225 3112 3553 3187 ζωογονήσει
3589 3119 3682 3174 τὸν
3710 3123 3803 3189 ἐγ-

2225 3187 2632 3260 καταδληθέντα
2675 3192 2853 3262 λόγον.
2888 3194 3072 3271 Ἔχεις
3106 3203 3163 3254 ὲν
3193 3204 3403 3270 τούτοις
3434 3187 3805 3281 εὐφυεστάτην

2220 3278 2329 3332 τῶν
2356 3282 2662 3352 εἰρημένων
2696 3286 2987 3353 ἀπόδειξιν.
3026 3293 3099 3345 Οὺ
3128 3292 3235 3365 γὰρ
3268 3296 3503 3368 ὀκνήσας
3536 3300 3564 3352 6
3600 3278 3804 3354 Βαπτι-

2221 3366 2351 3439 στὴς
2379 3373 2489 3433 τοῖς
2526 3373 2720 3429 ἑαυτοῦ
2745 3377 3013 3451 μαθηταῖς
3040 3383 3303 3450 ἐπιδείξαι
3336 3366 3429 3441 τδν
3455 3388 3679 3459 Κύριον,
3708 3392 3803 3445 καὶ

2219 3458 2300 3522 εἰς
2327 3460 2576 3533 δεύτερον
2604 3467 2775 3521 εἰπεῖν
2798 3485 2813 3500 ·
2851 3488 2870 3522 ι
2916 3472 3021 3525 Ἴδε
3050 3475 3078 3527 6
3106 3476 3277 3546 ἀμνὸς
3304 3478 3395 3532 τοῦ
3419 3458 3554 3534 Θεοῦ
3578 3482 3607 3533 6
3630 3482 3802 3553 αἴρων

2216 3548 2316 3620 τὴν
2363 3552 2637 3623 ἁμαρτίαν
2681 3557 2775 3610 τοῦ
2820 3560 3045 3631 κόσμου,
3090 3584 3108 3616 ι
3142 3568 3393 3623 τοσοῦτον
3422 3571 3618 3635 αὐτοὺς
3657 3573 3797 3641 ὠφε-

2216 3640 2389 3711 λήσας
2412 3645 2624 3714 ὁρᾶται,
2654 3648 2730 3713 ώς
2772 3651 2868 3704 καὶ
2914 3654 3205 3715 ὑποπετσαι
3248 3659 3432 3714 λοιπὸν
3463 3640 3795 3729 ἀκολουθεῖν,

2217 3735 2311 3786 καὶ
2342 3735 2443 3806 ἤδη
2483 3738 2584 3808 τῆς
2616 3740 2709 3793 ὑπ’
2744 3743 2892 3814 αὐτῷ
2928 3748 3227 3819 μαθητείας
3252 3753 3399 3824 ὲρᾷν.

2286 3828 2575 3895 Στραερείς
2601 3829 2670 3883 δὲ
2695 3835 2729 3885 ό
2766 3833 3015 3902 Ἰησοῦς.
3042 3840 3139 3892 καὶ
3178 3842 3545 3913 θεασάμενος
3572 3846 3792 3916 αὐτοὺς

2213 3912 2720 3987 ἀκολουθοῦντας,
2755 3923 2917 3994 λέγει
2947 3929 3173 3996 αὐτοῖς.
3198 3933 3258 3985 Τί
3289 3932 3507 4002 ζητεῖτε
3522 3950 3544 3999 ;

2296 4003 2638 4077 Ἐπεστράφη
2680 4012 2967 4083 χρησίμως
3023 4018 3160 4088 πρὸς
3196 4022 3325 4085 τοὺς
3367 4022 3789 4090 ἀκολουθοῦντας

2210 4094 2239 4145 ὁ
2268 4091 2491 4162 Κύριος,
2522 4097 2609 4150 ἵνα
2651 4098 2798 4171 ἔργῳ
2839 4105 3016 4177 μάθῃς
3053 4108 3113 4162 τὸ
3161 4111 3584 4185 μελῳδούμενον·
3618 4137 3638 4169 ι
3670 4119 3784 4184 Ἐξ-

2210 4182 2449 4253 εζήτησα
2476 4187 2569 4241 τὸν
2606 4189 2843 4261 Κύριον,
2894 4198 2989 4249 καὶ
3018 4201 3288 4273 προσέσχε
3337 4182 3460 4275 μοι·
3503 4226 3521 4259 ι
3552 4208 3660 4273 ἕως

2209 4276 2316 4344 γάρ
2353 4274 2505 4332 οὔπω
2553 4279 2641 4334 διὰ
2670 4283 2888 4353 τρόπων
2918 4290 3160 4359 ἀγαθῶν,
3206 4296 3300 4348 καὶ
3338 4274 3436 4368 τῆς
3472 4299 3530 4352 ὲν
3572 4300 3650 4371 τῷ
3692 4274 3782 4356 πι-

2211 4363 2417 4418 στεύειν
2494 4370 2783 4443 ὀρθότητος
2859 4378 3222 4453 ἐπιζητοῦμεν
3310 4363 3402 4439 τὸν
3482 4363 3648 4454 Θεὸν,
3719 4394 3783 4446 ἐν

2134 4492 2180 4550 D
2210 4455 2499 4524 προσώπου
2541 4461 2742 4533 τρόπον
2789 4469 2913 4522 τινὰ
2970 4474 3198 4527 κατόπιν
3246 4477 3506 4548 κείμεθα·
3541 4483 3680 4537 ὲπάν
3725 4485 3778 4538 δὲ

2203 4542 2293 4595 τὸν
2336 4545 2478 4599 θεῖον
2520 4550 2684 4606 αὐτοῦ
2725 4554 3048 4627 διψήσαντες
3094 4564 3256 4634 νόμον
3278 4606 3295 4629 ,
3336 4542 3433 4638 τὴν
3478 4570 3643 4639 ἁγίαν
3688 4573 3775 4627 καὶ

2201 4634 2475 4706 ἐξαίρετον
2502 4642 2600 4711 τῆς
2622 4643 2963 4719 δικαιοσύνης
3001 4653 3368 4728 ίχνηλατῶμεν
3391 4634 3539 4724 όδὸν,
3569 4664 3691 4717 τότε
3714 4666 3776 4718 δὴ

2201 4727 2417 4792 πάντως
2463 4733 2609 4801 ἡμᾶς
2660 4736 3015 4808 ἐπισκέψεται
3056 4746 3117 4798 τὸ
3176 4752 3557 4823 γεγραμμένον
3600 4755 3773 4811 ἐκεῖνο

2203 4818 2371 4884 βοῶν·
2407 4840 2426 4870 ι
2466 4821 2853 4895 Ἐπιστρέψατε
2889 4834 3025 4903 πρός
3057 4853 3145 4906 με,
3179 4818 3770 4917 καὶὲπιστραφήσομαν

2198 4904 2332 4975 πρὸς
2358 4908 2522 4977 ὑμᾶς,
2555 4911 2699 4981 λέγει
2730 4917 2932 4989 Κύριος
2971 4904 3381 5003 παντοκράτωρ.
3420 4953 3440 4985 ι
3462 4904 3604 4988 ί-ἰι
3627 4904 3694 4991 Τί
3716 4941 3767 4994 δὲ

2196 4993 2442 5065 (mersa;
2479 5021 2497 5052 ι
2530 5006 2662 5074 φησὶ
2688 5010 2822 5078 πρὸς
2853 5014 3045 5080 αύτούς
3067 5035 3079 5049 ·
3113 4993 3214 5075 οὐκ
3240 4993 3530 5097 ἀγνοήσας,
3571 4993 3767 5085 πόθεν·

2196 5085 2373 5140 πάντα
2400 5092 2506 5163 γὰρ
2539 5092 2675 5150 οῐδεν
2705 5100 2781 5162 ώς
2821 5103 2954 5168 Θεός
2972 5120 2988 5137 ’
3028 5108 3200 5182 ἀρχὴν
3244 5085 3301 5168 δέ
3346 5085 3437 5170 καὶ
3463 5085 3622 5186 ditata
3650 5126 3764 5185 ταῖς

2192 5173 2456 5242 διαλέξεσι
2484 5185 2647 5250 τιθεὶς
2676 5191 2777 5260 τὴν
2809 5173 3097 5266 ἐρώτησιν.

2274 5273 2422 5326 Οἱδέ
2445 5273 2618 5331 εἷπον
2648 5283 2828 5348 αὐτῷ·
2873 5287 3089 5351 Ῥαὸΰὶ,
3121 5292 3153 5345 ὂ
3184 5296 3419 5361 λέγεται
3442 5300 3747 5371 ἑρμηνευόο

2184 5382 2391 5433 μενον,
2422 5368 2777 5439 Διδάσκαλε,
2812 5379 2928 5431 ποῦ
2962 5380 3197 5450 μένειςς

2255 5456 2630 5524 Εύπαιδεύτως
2673 5464 2983 5522 ὑπαντῶσιν
3037 5475 3086 5525 οἱ
3140 5475 3571 5550 διερωτώμενοι·
3615 5484 3750 5537 διδά-

2188 5544 2381 5597 σκαλον
2430 5549 2536 5618 γάρ
2584 5552 2679 5622 ἤδη
2731 5557 2972 5625 καλοῦσι,
3014 5564 3075 5615 τὸ
3126 5544 3409 5633 βούλεσθαί
3450 5590 3501 5625 τι
3546 5575 3749 5647 μαθεῖν,

2880 5739 2923 5769 ⁸⁸
2951 5740 3183 5797 Zichar.
3219 5762 3255 5809 ι,
3293 5749 3344 5802 5.
