4118 6534
239 406 346 465 117

1286 406 1352 461 ΙΝ
1390 405 1673 462 JOANNIS
1708 404 2149 465 EVANGELIUM
2198 410 2326 466 LIB.
2370 411 2435 465 ll.

3381 408 3489 468 218

239 519 330 575 διὰ
390 516 571 572 τούτου
618 516 806 588 σαφῶς
863 516 1283 590 ἑρμηνεύοντες·
1328 514 1446 574 εἶτα
1494 518 1590 589 τὴν
1638 517 1818 571 ἐστίάν

1926 519 2058 574 velle
2086 520 2289 591 aliquid
2320 521 2554 576 discere.
2580 520 2715 575 Tum
2748 527 2942 591 rogant
2966 520 3042 573 uti
3076 518 3299 573 domum
3328 501 3488 572 suam

241 610 483 675 ἀξιοῦσιν
514 611 706 672 εἰπεῖν,
738 609 810 672 ὡς
842 610 898 663 ὲν
932 611 1068 681 αὐτῇ
1100 610 1198 679 τὴν
1233 610 1418 681 χρείαν
1445 609 1691 680 ἐροῦντες
1729 611 1817 663 εύ-

241 701 474 772 καίρως·
518 700 578 754 ού
602 700 708 772 γὰρ
735 700 928 771 δήπου,
956 700 1098 754 κατὰ
1142 701 1201 754 τὸ
1248 700 1412 766 εἰκὸς,
1458 702 1549 754 τὸν
1589 702 1679 754 ἐπὶ
1706 703 1817 765 τοῖς

240 790 558 859 ἀναγκαίοις
589 792 764 861 λόγον,
799 790 916 845 ὁδοῦ
951 792 1225 864 πάρεργον
1258 793 1525 846 ποιεῖσθαι
1568 792 1678 847 δεῖν
1708 790 1819 845 ἐδο-

240 881 477 954 κίμαζεν
516 882 617 956 [οι.
660 884 1032 956 ἐδοκίμαζον]’
1070 884 1220 938 ἔσται
1264 884 1320 939 δὲ
1363 885 1523 939 πάλιν
1564 887 1696 956 ἡμῖν
1740 884 1819 947 εἰς

242 973 414 1029 τύπον
440 975 698 1045 ὲπωφελῆ
729 976 789 1029 τὸ
809 975 1120 1047 λεγόμενον.

311 1064 481 1134 Λέγει
520 1065 726 1132 αὐτοῖς
744 1083 758 1097 ·
786 1067 1071 1135 Ἔρχεσθε
1102 1068 1199 1122 καί
1224 1068 1397 1123 ἴδετε.

314 1160 391 1212 Ού
420 1160 679 1230 σημαίνει
704 1160 801 1231 τὴν
828 1160 1028 1227 οἰκίαν,
1063 1161 1239 1215 καίτοι
1290 1160 1447 1214 τοῦτο
1485 1161 1655 1214 ποιεῖν
1682 1158 1822 1224 ἐξαιο

241 1248 542 1321 τούμενος,
597 1250 732 1307 ἰέναι
780 1251 838 1306 δὲ
891 1253 1091 1323 μᾶλλον
1139 1253 1219 1316 εἰς
1275 1252 1443 1323 αὐτὴν
1484 1250 1821 1321 παραχρῆμα

243 1340 487 1395 κελεύει’
525 1341 739 1413 πρῶτον
782 1343 879 1413 μὲν
930 1344 1103 1398 ἐκεῖνο
1136 1343 1421 1406 διδάσκων,
1456 1342 1531 1406 ὡς
1585 1344 1641 1395 ὲν
1687 1342 1821 1396 ύπο-

241 1430 487 1503 γραμμῷ
512 1432 589 1502 τῷ
624 1432 935 1504 πράγματι,
964 1434 1173 1489 ὅτιτῶν
1205 1435 1424 1503 ἀγαθῶν
1452 1434 1551 1504 τὴν
1597 1432 1823 1504 ζήτησιν

240 1522 338 1574 ούκ
368 1524 449 1584 εἰς
473 1523 792 1593 ὑπερθέσεις
815 1524 1263 1597 άναρῤιπτεῖσθαι
1290 1524 1471 1579 καλόν·
1489 1525 1549 1578 τὸ
1573 1524 1680 1596 γάρ
1705 1526 1825 1595 μέλ-

241 1611 351 1663 λειν
381 1611 520 1675 ὅλως
542 1615 598 1666 ἐν
618 1616 730 1677 τοῖς
756 1613 985 1683 ὠφελεῖν
1011 1614 1306 1684 πεφυκόσιν
1343 1613 1632 1686 ἐπιζήμιον
1651 1634 1665 1648 ·
1704 1610 1823 1670 εἶτα

242 1699 381 1775 πρὸς
430 1702 625 1773 τούτῳ,
672 1705 765 1758 καὶ
802 1704 942 1767 τόδε,
996 1705 1079 1758 ὅτι
1117 1708 1228 1768 τοῖς
1280 1704 1562 1773 ἀγνοοῦσιν
1607 1705 1685 1759 ἔτι
1732 1706 1823 1759 τὸν

241 1792 396 1861 ἅγιον
448 1789 595 1848 οἷκον
626 1794 722 1849 τοῦ
768 1797 1017 1868 Σωτῆρος
1046 1798 1200 1869 ἡμῶν
1222 1797 1478 1865 Χριστοῦ,
1518 1798 1659 1852 τοῦτ’
1685 1798 1820 1863 ἔστι,

242 1882 339 1951 τὴν
377 1882 726 1953 Ἐκκλησίαν,
757 1885 817 1937 ού
848 1885 909 1938 τὸ
938 1886 1060 1939 ὅποι
1110 1886 1240 1939 ποτὲ
1284 1890 1457 1941 κεῖται
1496 1887 1686 1957 μαθεῖν
1727 1888 1825 1959 ἀρ-

243 1971 392 2025 κέσει
427 1972 564 2042 πρὸς
594 1975 887 2045 σωτηρίαν,
930 1975 1067 2029 ἀλλὰ
1121 1976 1183 2029 τὸ
1229 1976 1400 2030 ἐλθεῖν
1447 1980 1523 2039 εἰς
1558 1979 1719 2032 αὑτὸν
1740 1979 1826 2033 διὰ

242 2061 341 2131 τῆς
373 2064 631 2129 πίστεως,
664 2066 791 2120 ἰδεῖν
837 2084 895 2121 τε
936 2066 1005 2123 τὰ
1054 2068 1111 2121 ἄν
1141 2068 1288 2139 αύτῷ
1328 2070 1603 2140 μυστικῶς
1639 2071 1823 2141 δηλον-

243 2155 321 2207 ότι
352 2155 678 2224 τελούμενα.

312 2241 542 2299 Ἦλθον
562 2244 674 2301 οὖν
711 2248 807 2303 καί
835 2246 997 2303 εἶδον
1023 2252 1139 2304 ποῦ
1156 2251 1345 2321 μένει,
1374 2254 1469 2306 καί
1509 2253 1642 2322 παρ’
1669 2252 1827 2318 αὑτῷ

241 2335 493 2405 ἔμειναν
522 2336 634 2405 τὴν
661 2339 890 2408 ἡμέραν
915 2341 1157 2409 ἐκείνην
1175 2358 1189 2373 '
1234 2340 1354 2412 ὥρα
1382 2340 1460 2413 ἦν
1486 2345 1565 2411 ὡς
1588 2344 1824 2413 δεκάτη.

312 2514 681 2586 Εὑπαρέδρως
708 2516 757 2568 oi
793 2518 1032 2589 μαθηταὶ
1059 2519 1157 2591 τὴν
1185 2520 1292 2574 τῶν
1324 2521 1481 2575 θείων
1512 2524 1826 2593 μυστηρίων

244 2607 592 2660 ἐπαιδεύοντο
618 2607 815 2675 γνῶσιν
839 2625 852 2638 ·
881 2610 942 2663 ού
972 2610 1080 2681 γὰρ
1108 2606 1262 2680 οἶμαι
1295 2614 1524 2684 πρέπειν
1567 2614 1827 2685 ἁψίκορον

242 2698 351 2759 τοῖς
390 2695 748 2767 φιλομαθέσιν
786 2696 1050 2773 ὑπάρχειν
1095 2699 1352 2763 διάνοιαν,
1387 2702 1827 2771 φιλοπονωτάτην

242 2786 296 2841 δὲ
327 2786 555 2858 μᾶλλον,
588 2788 680 2846 καὶ
711 2788 808 2859 τῆς
836 2789 899 2843 ὲν
937 2790 1154 2862 ἱδρῶσιν
1196 2778 1419 2859 ἀγαθοῖς
1466 2793 1829 2863 μικροψυχίας

246 2880 560 2949 κρείττονα,
589 2879 665 2943 ὠς
712 2882 790 2943 εἰς
838 2880 1052 2935 ἅπαντα
1094 2882 1193 2951 τῆς
1234 2882 1377 2951 ζωῆς
1414 2882 1504 2934 τὸν
1550 2882 1738 2952 καιρὸν
1772 2886 1830 2936 ἐν

241 2968 529 3042 ὁλοκλήρῳ
586 2972 651 3041 τῇ
706 2970 987 3042 προθυμίᾳ
1049 2970 1336 3041 φαίνεσθαι
1397 2971 1825 3041 διαπρέποντας⁹

241 3055 399 3120 τοῦτο
436 3057 542 3128 γὰρ
571 3056 647 3121 ὡς
682 3057 747 3111 δι’
775 3058 1097 3127 αἰνίγματος
1126 3055 1278 3129 οἶμαι
1313 3059 1504 3130 δηλοῦν
1537 3060 1620 3126 τὸ,
1651 3080 1669 3107 ι
1693 3062 1829 3132 Παρ⁹

1917 608 2151 675 indicet,
2209 618 2466 680 tanquam
2517 610 2589 665 ibi
2624 622 2928 680 opportune
2975 608 3174 664 dicturi
3227 607 3372 677 quod
3419 608 3489 661 sit

1919 716 2101 771 OpCl‘a':
2135 706 2393 771 pretium.
2433 698 2701 775 Nolebant
2757 701 2924 764 enim,
2974 708 3035 755 ut
3090 697 3348 753 credibile
3385 705 3490 756 est,

1918 793 1988 849 de
2028 794 2196 849 rebus
2219 791 2563 863 gravissimis
2594 792 2773 847 obiter
2803 799 3015 845 tantum
3058 788 3321 860 colloqui.
3373 786 3493 853 Quo

1918 900 1983 941 ex
2025 885 2173 940 dicto
2217 885 2526 955 exemplum
2560 883 2723 939 nobis
2757 899 2949 939 rursus
2996 883 3128 938 utile
3163 880 3490 952 capiendum

1919 984 2022 1033 cst.

1997 1068 2156 1138 130
2183 1065 2225 1134 l,
2253 1066 2341 1123 59.
2373 1065 2516 1123 Dicit
2546 1065 2618 1121 eis
2638 1082 2656 1119 .'
2680 1064 2862 1119 Venite
2893 1072 2941 1118 et
2969 1062 3153 1117 videte.

1995 1160 2226 1216 Domum
2270 1175 2427 1216 suam
2478 1174 2591 1215 non
2634 1156 2864 1220 indicat,
2903 1156 3158 1227 quamvis
3188 1155 3293 1209 b'oc
3333 1167 3495 1222 roga-

1922 1262 2096 1318 retur,
2127 1252 2224 1308 sed
2267 1252 2450 1323 potius
2499 1258 2557 1306 ut
2600 1250 2668 1304 ad
2714 1263 2833 1305 eam
2874 1247 3060 1303 statim
3116 1260 3174 1299 se
3209 1235 3497 1297 conferant

1919 1344 2093 1414 jubet.
2147 1342 2384 1398 Primum
2438 1342 2682 1413 quidem,
2715 1348 2775 1394 ut
2826 1354 2889 1393 ea
2947 1353 3006 1391 re
3066 1336 3131 1388 :ul
3185 1333 3495 1402 exetuplum

1923 1438 2209 1510 pr0posita
2239 1438 2461 1493 doceret
2504 1436 2560 1490 in
2594 1432 2906 1505 quaerendis
2934 1428 3097 1487 bouis
3146 1427 3344 1480 malam
3374 1438 3498 1478 esse

1923 1534 2282 1589 dilationem:
2324 1532 2378 1585 in
2419 1530 2585 1585 rebus
2640 1528 2785 1584 enim
2835 1523 3065 1579 utilibus
3098 1521 3363 1575 damnosa
3412 1522 3498 1571 est

1925 1626 2106 1679 omnis
2135 1623 2435 1677 cunctatio.
2476 1618 2699 1681 Deinde,
2730 1613 3117 1687 ignorantibus
3143 1610 3322 1664 adhuc
3372 1622 3500 1661 san-

1924 1726 2069 1774 ctam
2108 1715 2406 1772 Salvatoris
2438 1713 2613 1770 nostri
2646 1709 2850 1767 Christi
2892 1707 3141 1767 domum,
3184 1700 3236 1756 id
3276 1710 3361 1754 est
3393 1697 3498 1751 Ec-

1926 1807 2174 1871 clesiam,
2220 1806 2288 1863 ad
2344 1808 2577 1863 salutem
2623 1817 2733 1857 non
2782 1797 3051 1860 sutlicere,
3106 1795 3150 1850 si
3205 1789 3498 1847 didicerint

1926 1899 2151 1954 ubinam
2190 1897 2282 1951 illa
2310 1897 2405 1961 sit,
2440 1894 2545 1950 nisi
2583 1893 2651 1948 ad
2679 1892 2857 1962 ipsum
2899 1903 2997 1958 per
3029 1886 3188 1940 ﬁdem
3222 1881 3495 1944 venerint,

1924 1999 1977 2045 ct
2010 2004 2131 2061 qua:
2158 1988 2388 2061 mystice
2415 1986 2471 2042 in
2502 1999 2568 2040 eo
2596 1987 2935 2054 peraguntur
2960 1974 3336 2049 perspexeriut

1997 2253 2040 2318 1,
2072 2252 2162 2307 39.
2202 2249 2462 2305 Venerunt
2501 2246 2661 2315 igitur
2686 2252 2736 2297 et
2784 2240 3021 2295 viderunt
3045 2237 3135 2290 ubi
3164 2240 3415 2295 maneret,
3447 2238 3499 2284 et

1927 2346 2067 2414 apud
2103 2361 2221 2401 eum
2270 2349 2575 2395 manserunt
2614 2338 2701 2391 die
2748 2334 2875 2388 illo:
2906 2331 3037 2385 hora
3072 2337 3184 2382 erat
3221 2325 3375 2395 quasi
3404 2322 3497 2376 de-

1929 2442 2087 2495 cuna.

1999 2528 2221 2585 Assidui
2252 2534 2409 2582 erant
2431 2520 2686 2592 discipuli
2715 2520 2771 2573 in
2804 2512 3156 2587 percipienda
3185 2509 3497 2563 divinorum

1930 2619 2317 2691 mysteriorum
2344 2612 2683 2684 cognitione.
2705 2609 3001 2663 Levitatem
3032 2603 3234 2673 quippe
3252 2594 3501 2653 discendi

1928 2690 2143 2782 cupidis
2191 2707 2490 2764 convenire
2526 2719 2637 2758 non
2677 2699 2956 2764 existimo,
3011 2694 3105 2751 sed
3154 2690 3497 2747 laboriosum

1929 2802 2174 2858 animum
2210 2814 2274 2856 ac
2321 2808 2645 2868 generosum
2674 2833 2690 2859 ,
2744 2792 2881 2847 adeo
2937 2796 2997 2842 ut
3047 2784 3197 2839 omni
3254 2789 3503 2850 tempore

1931 2894 2059 2947 vitae
2097 2866 2371 2946 constanti
2399 2886 2585 2941 studio
2627 2882 2893 2937 clareant.
2935 2877 2990 2932 ld
3023 2875 3167 2931 enim
3199 2866 3502 2942 significari

1932 2985 2177 3039 arbitror
2211 2982 2295 3035 bis
2322 2978 2541 3035 verbis:
2577 2994 2594 3027 ι
2635 2973 2701 3029 Ει
2730 2972 2871 3042 apud
2900 2986 3023 3023 cum
3060 2972 3381 3021 manserunt
3411 2960 3501 3015 die

1935 3074 2051 3130 illo.
2083 3090 2101 3123 ι
2134 3070 2269 3127 Cum
2302 3077 2483 3123 autem
2514 3065 2623 3119 ait:
2655 3081 2672 3114 ι
2705 3060 2849 3115 liora
2878 3067 2995 3114 erat
3020 3055 3176 3127 quasi
3204 3053 3438 3113 decima,
3476 3068 3497 3102 ι

242 3148 391 3221 αὐτῷ
426 3148 653 3243 ἔμειναν
688 3148 785 3221 τὴν
812 3150 1025 3221 ἡμέραν
1060 3151 1307 3223 ἐκείνηνο
1346 3172 1363 3204 ι
1401 3151 1585 3222 ἐπειδὴ
1626 3152 1682 3205 δέ
1726 3170 1823 3223 φη-

1934 3165 2245 3234 theologum
2296 3160 2535 3215 dicimus
2583 3150 2994 3211 accommodata
3047 3149 3246 3216 cuique
3291 3143 3503 3199 ratione

244 3258 344 3308 σιν,
384 3259 407 3292 s
449 3241 590 3314 Ὥρα
624 3237 692 3313 ἦν
723 3242 798 3304 ὡς
839 3240 1060 3314 δεκάτη,
1099 3262 1116 3294 ι
1152 3244 1246 3297 καὶ
1295 3243 1431 3314 πρὸς
1481 3244 1611 3297 αὐτὸ
1668 3244 1824 3298 τοῦτο

243 3332 479 3402 λέγομεν
507 3332 597 3385 τὸν
635 3334 849 3403 ἑκάστῳ
896 3334 1164 3405 χρήσιμόν
1202 3351 1262 3386 τε
1308 3334 1400 3387 καὶ
1433 3335 1629 3388 οἰκεῖον
1661 3336 1824 3407 ἐφαρ-

247 3424 510 3493 μόζοντες
533 3422 707 3492 λόγον,
732 3424 813 3476 ὄτι
838 3425 996 3477 πάλιν
1026 3426 1169 3497 ἡμᾶς
1198 3425 1283 3477 διὰ
1319 3425 1421 3495 τῆς
1454 3424 1597 3478 οῦτω
1620 3425 1823 3496 λεπτῆς

244 3514 643 3585 ἐπιχειρήσεως
687 3514 988 3569 ἐκδιδάσκει
1038 3515 1136 3585 τῆς
1178 3513 1453 3583 θεολογίας
1504 3516 1531 3568 ό
1584 3532 1821 3586 συγγρα-

245 3606 400 3673 φεὺς,
443 3605 519 3669 ὼς
549 3606 648 3658 ούκ
675 3608 732 3658 ἐν
759 3605 900 3676 ἀρχῇ
935 3603 1026 3658 τοῦ
1069 3606 1330 3676 παρόντος
1362 3605 1553 3670 αἰῶνος
1581 3606 1642 3659 τὸ
1680 3607 1821 3678 μέγα

245 3696 335 3750 τοῦ
364 3697 624 3767 Σωτῆρος
649 3696 803 3766 ἡμῶν
828 3696 1073 3769 ἐγνώσθη
1103 3699 1417 3767 μυστήριον,
1441 3697 1554 3751 ἀλλ’
1575 3698 1653 3758 εἰς
1674 3698 1824 3762 τέλος

244 3788 343 3861 ἤδη
373 3789 738 3851 καταλύοντος
782 3787 875 3840 τοῦ
923 3788 1114 3859 καιροῦ
1140 3806 1153 3819 ·
1189 3808 1207 3840 ι
1254 3787 1371 3841 Ἐπ’
1403 3789 1645 3858 ἐσχάτων
1691 3788 1821 3860 γάρ,

245 3878 319 3943 ὡς
350 3880 688 3951 γέγραπται,
732 3878 840 3931 τῶν
886 3878 1105 3950 ἡμερῶν
1152 3878 1387 3931 διδακτοὶ
1436 3879 1633 3942 πάντες
1691 3880 1824 3933 ἀνα-

244 3969 565 4043 δεδείγμεθα
597 3968 752 4024 Θεοῦ.
788 3989 806 4021 ι
842 3970 1006 4040 Δέχου
1038 3970 1093 4022 δέ
1128 3986 1215 4038 μοι
1248 3969 1408 4023 πάλιν
1454 3969 1562 4024 τῶν
1602 3971 1825 4041 εἰρημέ-

244 4080 349 4117 νων
380 4062 566 4116 εἰκόνα
593 4061 719 4131 περὶ
755 4061 854 4131 τὴν
892 4060 1121 4130 δεκάτην
1164 4060 1332 4131 ὥραν,
1363 4060 1823 4132 προσεδρεύοντας

244 4153 322 4224 τῷ
366 4153 583 4233 Σωτῆρι
633 4153 760 4215 τοὺς
809 4151 1078 4223 μαθητὰς,
1130 4150 1224 4216 οὓς
1273 4154 1367 4205 καί¹
1414 4154 1825 4219 καταλύσαντας

247 4242 395 4307 απαξ
430 4242 941 4314 προσμεμενηκέναι
971 4243 1134 4313 φησὶν
1161 4244 1189 4296 ὁ
1218 4243 1371 4311 ἅγιος
1401 4244 1791 4319 εύαγγελιστής
1810 4266 1822 4280 ·

1930 3233 2150 3309 rursum
2202 3264 2306 3305 nos
2360 3245 2638 3304 subtiliter
2676 3241 2925 3303 edocere,
2974 3253 3081 3292 non
3117 3237 3171 3290 in
3202 3233 3367 3303 hujus
3410 3246 3504 3285 sae-

1928 3346 2038 3401 culi
2093 3341 2397 3415 primordio
2457 3348 2715 3406 magnum
2770 3330 2907 3385 illud
2968 3325 3270 3383 Salvatoris
3325 3322 3501 3377 nostri

1929 3436 2251 3510 mysterium
2280 3430 2607 3494 innotuisse,
2623 3438 2809 3479 verum
2843 3431 3084 3490 tempore
3104 3417 3216 3488 jam
3246 3416 3311 3469 ad
3340 3414 3501 3468 linem

1929 3509 2206 3587 tendente.
2244 3542 2263 3577 ι
2306 3523 2365 3576 lu
2410 3518 2728 3576 novissimis
2755 3536 2772 3568 ι
2812 3515 3063 3576 enim,ut
3097 3509 3360 3578 scriptmn
3396 3513 3500 3567 est,

1931 3638 1951 3674 ι
1992 3619 2209 3681 diebus,
2234 3615 2380 3671 docti
2411 3629 2439 3667 a
2468 3612 2578 3667 Deo
2605 3626 2798 3667 omnes
2827 3621 3020 3665 sumus
3053 3604 3118 3656 “.
3154 3619 3172 3652 ι
3207 3598 3500 3659 Praeterea,

1926 3727 2052 3769 cum
2107 3708 2364 3779 discipuli
2413 3704 2635 3760 circiter
2669 3704 2863 3757 horam
2906 3696 3178 3753 decimam
3227 3684 3500 3743 Salvatori

1926 3799 2233 3864 assideant,
2257 3809 2310 3855 et
2336 3811 2366 3849 a
2407 3801 2602 3851 sancto
2627 3789 2963 3861 evangelista
3001 3783 3139 3855 apud
3183 3796 3306 3836 emn
3336 3790 3502 3848 porro

1928 3891 2199 3947 mansisse
2248 3888 2533 3942 dicantur:
2563 3885 2775 3939 discant
2812 3895 3006 3936 rursus
3036 3874 3163 3929 inde
3188 3871 3277 3942 qui
3316 3884 3410 3940 per
3438 3868 3501 3921 tl-

1928 3985 2053 4039 dem
2078 3983 2134 4038 in
2172 3980 2415 4035 divinam
2454 3978 2676 4033 domum
2714 3973 3122 4045 ingrediuntur,
3158 3973 3212 4021 ct
3256 3963 3321 4017 ad
3348 3959 3502 4016 Cbri-

1929 4084 2073 4130 stum
2112 4080 2436 4135 accurrunt,
2468 4068 2611 4139 apud
2637 4068 2813 4138 ipsqu
2841 4062 3172 4119 manendum
3219 4069 3364 4116 esse,
3402 4065 3503 4105 nec

1930 4168 2000 4223 ab
2023 4182 2089 4221 eo
2116 4162 2480 4221 secedendum
2507 4161 2574 4217 ad
2608 4166 2893 4230 peccatum
2930 4150 3287 4215 transeundo,
3322 4155 3414 4201 aut
3445 4145 3499 4198 in

1933 4256 2372 4311 incredulitatem
2404 4267 2598 4307 rursus
2629 4247 2939 4319 migrando.

247 4339 334 4393 ῖνσ.
364 4338 530 4393 πάλιν
584 4338 926 4411 μανθάνωσιν
959 4340 1007 4395 οἰ
1077 4337 1167 4391 διὰ
1231 4338 1465 4404 πίστεως
1503 4342 1585 4405 εἰς
1637 4344 1726 4397 τὸν
1776 4346 1918 4403 θεῖον
1953 4350 2350 4412 εἰσελαύνοντες
2393 4342 2574 4408 οἷκον,
2620 4345 2713 4396 καὶ
2761 4339 2908 4410 αὐτῷ
2962 4333 3383 4409 προστρέχοντες
3424 4324 3503 4396 τῷ

246 4432 488 4505 Χριστῷ,
524 4434 604 4487 ὅτι
647 4433 753 4504 χρὴ
801 4432 1126 4504 προσμένειν
1174 4432 1345 4503 αὐτῷ.
1394 4436 1487 4490 καὶ
1542 4436 1619 4507 μὴ
1662 4439 1821 4494 πάλιν
1859 4444 2270 4518 άλλοτριοῦσθαι
2295 4441 2487 4512 φιλεῖν,
2548 4440 2582 4510 ἢ
2626 4436 2761 4508 πρὸς
2796 4432 3069 4505 ἁμαρτίαν
3135 4424 3500 4483 ἐκϐαίνοντας.

247 4526 282 4594 ἢ
315 4523 815 4595 παλινδρομοῦντας
840 4526 920 4588 εἰς
944 4524 1221 4580 ἀπιστίαν.
3030 4560 3035 4567 ~

334 4622 431 4675 Ην
469 4618 740 4688 Ἀνδρέας
781 4622 814 4674 ό
846 4619 1106 4689 ἁδελφὸς
1145 4621 1410 4690 Σίμωνος
1453 4623 1700 4697 Πέτρου,
1738 4622 1823 4693 εἷς

2004 4626 2045 4691 Ι,
2074 4624 2257 4687 50,“.
2281 4621 2411 4676 Erat
2436 4619 2678 4673 Andreas
2702 4616 2892 4685 frater,
2918 4611 3149 4669 Simonis
3173 4609 3340 4673 Petri,
3367 4624 3502 4663 unus

247 4713 314 4767 ἐκ
350 4711 473 4766 τῶν
494 4710 603 4773 δύο
637 4711 755 4763 τῶν
781 4710 1171 4765 ἀκουσάντων
1221 4714 1379 4781 παρὰ
1411 4714 1699 4780 Ἰωάννου,
1731 4718 1823 4771 καί

1934 4734 1997 4772 ex
2023 4714 2247 4775 duobus,
2272 4714 2360 4783 qui
2389 4710 2668 4764 audierant
2713 4725 2745 4761 a
2776 4705 3005 4769 Joanne,
3028 4713 3077 4756 et
3107 4701 3271 4756 secuti
3294 4700 3500 4769 fuerant

247 4801 793 4869 ἀκολουθησάντων
836 4800 996 4865 αὐτῷ
1018 4818 1033 4833 ’
1064 4805 1329 4870 εὑρίσκει
1372 4801 1550 4872 οὗτος
1599 4812 1823 4875 πρῶτος

1932 4825 2071 4864 eum.
2103 4804 2307 4859 Invenit
2334 4802 2415 4854 hic
2442 4801 2671 4868 primum
2698 4799 2920 4867 fratrem
2952 4811 3107 4848 suum
3144 4792 3432 4855 Simonem,
3453 4800 3503 4843 et

247 4896 353 4948 τὸν
377 4894 647 4963 ἀδελφὸν
674 4894 781 4947 τὸν
817 4892 967 4947 ἴδιον
1002 4895 1257 4963 Σίμωνα,
1289 4896 1389 4950 καί
1434 4899 1596 4967 λέγει
1630 4900 1823 4965 αὐτῷ·

1931 4902 2060 4954 dicit
2078 4899 2163 4953 ei:
2192 4897 2493 4951 Invenimus
2524 4892 2675 4963 131
2716 4887 2967 4943 Messium
3009 4882 3171 4953 (quod
3219 4891 3295 4936 est
3346 4881 3501 4933 inter-

248 4985 603 5054 Εὐρήκαμεν
640 4984 745 5045 τὸν
773 4986 1071 5050 Μεσσίαν,
1098 4986 1132 5039 ὅ
1166 4988 1297 5041 ἐστι
1325 4992 1823 5061 ιιεθερμηγευόμε-

1929 4998 2195 5059 pretatum
2224 4984 2514 5054 Christus).
2538 4986 2607 5036 Et
2633 4977 2857 5033 adduxit
2890 4991 3007 5030 eum
3033 4974 3100 5026 ad
3130 4970 3334 5025 Jesunt.

248 5092 359 5137 νον
409 5080 442 5131 ό
482 5075 756 5145 χριστὸς,
799 5077 899 5130 καὶ
935 5077 1159 5147 ἤγαγεν
1185 5078 1370 5132 αὑτὸν
1404 5081 1555 5149 πρὸς
1578 5082 1686 5137 τὸν
1723 5084 1825 5151 Ἰη-

252 5185 425 5222 σουν.

321 5260 389 5317 0t
413 5259 669 5323 λαϐόντες
696 5260 820 5331 ἄρτι
848 5260 910 5314 τὸ
949 5260 1229 5324 τάλαντον,
1255 5262 1417 5326 εὐθὺς
1445 5262 1538 5317 τοῦ
1566 5263 1823 5317 ταλάντου

2000 5268 2103 5336 Qui
2158 5267 2422 5322 talentum
2488 5276 2662 5331 nuper
2718 5262 3073 5327 acceperant,
3132 5253 3253 5320 ejus
3316 5253 3499 5307 statim

250 5350 347 5421 τὴν
366 5352 627 5423 ἐργασίαν
649 5353 963 5421 ἐπάγονται,
990 5355 1179 5425 καὶτῷ
1205 5356 1447 5427 Δεσπότῃ
1471 5358 1823 5427 προσάγουσι.

1929 5367 2200 5431 (ιυσξειυιιι
2236 5356 2548 5411 uberiorem
2598 5350 2832 5405 Domino
2857 5346 3112 5401 offerunt.
3162 5342 3324 5399 Tales
3357 5344 3500 5398 enim

256 5441 510 5499 Τοιαῦται
558 5444 668 5515 γάρ
714 5444 883 5508 ὅντως
923 5446 978 5498 αί
1024 5446 1274 5517 φιλήκοοί
1317 5465 1376 5501 τε
1432 5449 1526 5501 καὶ
1570 5449 1823 5519 εὐμαθεῖς

1931 5450 2177 5522 proiecto
2226 5455 2355 5503 sunt
2405 5446 2511 5500 illa:
2541 5444 2800 5498 studiosre
2844 5440 3059 5502 animae,
3102 5437 3304 5507 quibus
3363 5451 3502 5505 Opus

255 5532 483 5600 ὁρῶνται
507 5534 696 5604 ψυχαὶ,
740 5538 801 5589 ού
836 5537 1059 5608 μακρῶν
1105 5539 1353 5612 δεόμεναι
1391 5541 1524 5611 πρὸς
1564 5541 1823 5609 ὠφέλειαν

1936 5559 2053 5598 non
2093 5551 2178 5598 est
2203 5539 2391 5595 multis
2425 5536 2606 5593 verbis
2642 5545 2704 5588 ut
2729 5533 3076 5594 crudiantur,
3119 5545 3295 5599 nequc
3343 5529 3503 5597 longo

257 5625 535 5692 ῥημάτων,
562 5627 679 5679 οὐδὲ
710 5629 765 5680 ἐν
796 5628 1011 5693 κύκλοις
1041 5631 1192 5691 ἐτῶν,
1222 5632 1252 5700 ἢ
1285 5633 1467 5703 μηνῶν
1509 5633 1597 5687 τὸν
1642 5636 1704 5687 ἐκ
1731 5634 1823 5703 τῆς

1937 5646 2220 5688 aunorum-
2243 5637 2336 5684 aut
2362 5627 2632 5683 mensium
2662 5623 2961 5685 curriculo,
2999 5630 3057 5674 ut
3093 5619 3361 5675 doctrina!
3390 5616 3505 5673 [ru—

334 5805 373 5834 θ’
401 5804 599 5861 Jcrcm.
643 5825 789 5875 xxxi,
826 5810 911 5862 54.
