4118 6556
588 408 697 467 219

1573 405 1652 463 .S.
1694 406 1780 462 CY
1793 405 1975 462 RILLl
2011 403 2495 462 ALEXANDRINI'
2518 404 2843 465 ARClilEP.

3734 384 3873 462 εξἐο

590 536 740 580 etum
792 522 1059 578 afferant:
1102 521 1197 577 sed
1257 521 1310 576 in
1352 520 1490 592 ipsis
1536 522 1790 580 discendi
1837 524 2192 596 primordiis.

2293 523 2598 588 παιδεύσεως
2628 524 3010 578 άνατίκτουσαι
3045 522 3275 595 καρπὸν,
3303 522 3418 584 ἀλλ’
3455 520 3591 593 ὁμοῦ
3614 522 3716 593 τῆς
3738 519 3873 577 τῶν

592 616 843 671 scientia:
884 614 1300 685 perfectionem.
1337 614 1810 685 complectuntur.
1864 637 1881 669 ι
1916 616 2164 688 Sapienti

591 708 735 761 cnim
761 707 827 762 da
851 707 1227 771 occasionem,
1246 717 1300 761 et
1327 707 1630 776 sapientior
1650 709 1776 773 erit,
1797 708 1977 780 inquit
2007 708 2166 764 Scri-

594 807 777 863 ptura:
812 796 1035 851 notiiica
1060 796 1237 869 justo,
1274 806 1327 853 et
1364 798 1524 853 addet
1551 799 1619 853 ad
1657 800 2036 870 recipiendum
2062 802 2160 854 ⁸³.)

594 884 842 940 Fratrem
881 886 1069 958 itaque
1106 903 1265 942 suum
1295 888 1545 945 Andreas
1579 899 1784 954 servat,
1817 892 2039 946 Petrum
2087 892 2169 947 vi-

593 977 816 1041 delicet,
853 986 1025 1033 totum
1059 978 1194 1033 illud
1226 995 1483 1051 magnum
1519 982 1669 1036 brevi
1702 984 2028 1052 compendio
2070 983 2168 1039 de-

595 1065 817 1122 clarans
836 1069 1180 1137 mysterium.
1207 1069 1524 1125 Invenimus
1553 1072 1933 1142 enim,inquit,
1957 1072 2167 1139 Jesum,

597 1168 697 1208 ceu
744 1175 763 1207 ι
806 1154 1151 1212 Thesaurum
1200 1161 1255 1212 in
1305 1175 1440 1230 agro
1482 1162 1892 1220 absconditum.
1927 1172 2020 1216 aut
2048 1179 2173 1233 pre-

601 1242 797 1298 tiosam
830 1249 1185 1317 margaritam
1219 1250 1263 1280 ⁵³
1301 1268 1347 1313 ι,
1381 1250 1534 1319 juxta
1573 1252 1980 1322 evangeliorum
2012 1269 2172 1324 para-

602 1334 779 1391 boias.

677 1421 717 1487 l,
756 1423 847 1479 4‘2.
892 1424 1129 1480 Intuitus
1174 1438 1346 1481 autem
1392 1445 1508 1481 eum
1540 1428 1720 1495 Iesus,
1750 1432 1887 1486 dixit
1929 1450 1947 1488 :
1993 1435 2071 1488 Tu
2118 1452 2171 1490 es

606 1514 793 1567 Simon
827 1515 972 1582 ﬁlius
1009 1515 1152 1569 Iona
1192 1532 1210 1571 :
1241 1528 1297 1571 tu
1348 1520 1612 1576 vocaberis
1652 1520 1879 1592 Cephas,
1910 1527 2052 1597 quod
2086 1527 2173 1581 in—

606 1612 927 1668 terpretatur
964 1603 1147 1662 Petra.

675 1690 957 1749 Diviuitus
994 1696 1263 1762 intuetur,
1297 1700 1393 1769 qui
1423 1702 1589 1757 corda
1624 1710 1680 1758 et
1710 1721 1873 1763 renes
1902 1709 2079 1771 novit.
2124 1716 2178 1764 et

605 1784 781 1838 cernit
809 1798 1068 1856 quantam
1096 1791 1162 1843 ad
1191 1791 1447 1861 pietatem
1478 1795 1785 1868 discipulus
1815 1812 2178 1870 perventurus

2272 617 2529 688 μαθητῶν
2551 618 2907 689 ἀρχαιότητος
2934 618 3200 680 συνέσεως
3229 617 3640 672 κατακλείουσαι
3668 615 3873 678 τέλος.

2272 728 2290 760 ι
2333 709 2483 762 Δίδου
2514 709 2624 780 γὰρ
2659 709 2807 780 σοφῷ
2845 708 3119 779 ἀφορμήν,
3160 708 3253 762 καὶ
3279 707 3582 780 σοφώτερος
3608 707 3801 769 ἔσται,
3846 722 3873 757 ι

2269 802 2433 869 φησὶν
2461 801 2495 871 ή
2526 800 2643 853 θεία
2672 800 2881 871 Γραφή·
2908 818 2927 852 ι
2954 798 3186 871 γνώριζε
3206 798 3416 870 δικαίῳ,
3435 801 3529 853 καὶ
3547 799 3878 869 προσθήσει

2267 890 2361 943 τοῦ
2387 890 2650 960 δέχεσθαι.
2687 909 2705 941 ι
2726 889 3015 955 Ἀνασώζει
3041 889 3105 961 δὴ
3129 884 3220 943 οὖν
3252 889 3343 942 τὸν
3362 889 3558 942 οἰκεῖον
3594 887 3879 962 Ἀνδρέας

2269 980 2527 1049 ἀδελφόνο
2568 980 2772 1051 Πέτρος
2818 979 2875 1032 δὲ
2922 972 3076 1042 οὗτος
3108 974 3205 1048 ἦν’
3239 977 3357 1031 ὅλον
3389 979 3447 1029 ἐν
3476 976 3638 1046 ὀλίγῳ
3671 992 3877 1044 nepa-

2270 1069 2405 1140 λαίῳ
2434 1069 2497 1122 τὸ
2532 1069 2673 1139 μέγα
2716 1067 2962 1139 δηλώσας
2996 1068 3309 1138 μυστήριον.
3359 1066 3686 1137 Εὑρήκαμεν
3714 1064 3878 1134 γὰρ,

2272 1162 2456 1231 φησὶν,
2489 1160 2562 1223 ὡς
2604 1177 2622 1210 ι
2658 1159 2941 1230 Θησαυρὸν
2988 1155 3368 1229 κεκρυμμένον
3410 1158 3467 1208 ἐν
3510 1155 3683 1225 ἀγρῷ,
3708 1155 3743 1224 ἢ
3788 1152 3883 1213 ὡς

2271 1253 2369 1305 ἕνα
2409 1250 2705 1321 πολύτιμον
2757 1249 3099 1320 μαργαρίτην
3134 1266 3152 1299 ι
3180 1247 3272 1300 τὸν
3318 1245 3543 1318 Ἰησοῦν,
3580 1245 3720 1299 κατὰ
3755 1241 3885 1304 τὰς

2274 1344 2331 1395 ἐν
2359 1342 2470 1403 τοῖς
2505 1339 2857 1407 Εὑαγγελίοις
2893 1335 3227 1408 παραϐολάς.

2358 1430 2699 1501 Ἐμϐλέψας
2727 1429 2795 1483 δὲ
2838 1428 2998 1495 αὐτῷ
3025 1432 3058 1483 ό
3100 1428 3348 1496 Ἰησοῦς,
3377 1423 3539 1481 εἴπεο
3571 1425 3654 1479 Σὺ
3677 1420 3738 1479 εἴ
3758 1422 3890 1479 Σί-

2272 1538 2403 1591 μων
2434 1523 2466 1573 δ
2492 1520 2623 1586 Υἱὸς
2658 1518 2837 1584 Ἰωνᾶ,
2879 1517 2962 1572 σὺ
3012 1515 3293 1586 κληθήσῃ
3343 1513 3577 1584 Κηφᾶς,
3608 1514 3639 1568 ὃ
3674 1514 3888 1583 ἑρμη-

2276 1612 2509 1666 νεύεται
2541 1609 2749 1678 Πέτρα.

2362 1702 2620 1767 Ἀτενίζει
2672 1700 2987 1773 θεοπρεπῶς
3042 1700 3072 1753 6
3129 1699 3356 1770 καρδίας
3420 1698 3563 1770 ὁρῶν
3611 1696 3706 1751 καὶ
3782 1711 3893 1748 νε-

2282 1793 2478 1866 φρούς·
2510 1794 2611 1865 ὁρᾷ
2640 1792 2696 1846 δέ
2728 1791 2863 1864 πρὸς
2900 1792 3031 1861 ὅσην
3058 1790 3343 1844 εὐλάϐειαν
3380 1791 3409 1843 6
3452 1788 3697 1860 μαθητὴς
3729 1787 3885 1841 ἁναο

608 1876 702 1939 sit,
752 1885 806 1931 et
855 1889 1119 1948 quantam
1169 1883 1233 1936 ad
1268 1884 1492 1941 virtutis
1528 1888 1920 1957 perfectionem
1950 1892 2182 1947 evehen—

2293 1885 2528 1955 Βήσεται,
2578 1883 2670 1935 καὶ
2720 1883 2878 1946 ποίας
2914 1880 3065 1934 ἕτται
3115 1880 3344 1950 κάτοχος
3389 1877 3612 1949 ἀρετῆς,
3653 1876 3750 1929 καὶ
3792 1876 3891 1936 εἰς

609 1968 734 2024 dus.
788 1968 937 2025 Nihil
971 1973 1121 2027 enim
1171 1974 1391 2044 ignorat
1432 1978 1527 2047 qui
1578 1991 1778 2034 cuncta
1820 1983 1971 2036 novit
2007 1983 2184 2052 prius-

611 2077 775 2129 quam
813 2062 959 2122 ﬁant.
990 2078 1102 2134 quo
1132 2081 1264 2121 sane
1297 2069 1642 2138 potissimmn
1672 2071 1831 2128 docet
1864 2076 2183 2143 przedictum

611 2153 971 2223 discipulum.
1003 2171 1063 2209 se
1109 2157 1248 2210 citra
1289 2158 1616 2230 cujusquam
1657 2163 1904 2219 doctoris
1935 2181 2180 2235 operam,

612 2240 760 2296 Deus
799 2259 919 2296 cum
963 2245 1057 2310 sit,
1105 2255 1302 2300 cuneta
1334 2262 1516 2303 nosse.
1552 2248 1709 2304 Nulla
1754 2253 2025 2321 siquidem
2054 2269 2185 2308 ora-

613 2331 764 2386 tione
824 2334 1128 2402 prtemissa,
1187 2337 1447 2407 nullaque
1502 2338 1647 2395 facta
1695 2341 2076 2412 inquisitione.
2124 2349 2186 2397 ut

614 2423 851 2478 disceret
879 2426 1006 2494 quis
1033 2434 1126 2480 aut
1149 2429 1294 2483 unde
1324 2429 1370 2485 is
1399 2429 1464 2483 ad
1494 2447 1553 2486 se
1579 2433 1809 2498 veniret,
1840 2443 1949 2488 tam
1976 2443 2183 2504 patrem

615 2512 735 2579 ejus
772 2529 933 2584 quam
971 2515 1146 2585 ipsum
1200 2518 1426 2574 nomine
1479 2522 1755 2590 appellat,
1800 2532 1854 2579 ct
1908 2525 2184 2581 Simonem

616 2617 740 2655 eum
774 2619 880 2656 non
913 2604 1023 2673 jam
1064 2609 1247 2660 vocari
1285 2610 1510 2678 patitur,
1543 2627 1665 2665 eum
1693 2613 1797 2669 sibi
1830 2630 1928 2684 pro
1964 2631 2061 2670 sua
2090 2632 2188 2685 po-

616 2699 815 2747 testate
850 2693 955 2747 iam
997 2708 1110 2749 tum
1158 2706 1218 2751 ut
1253 2715 1415 2753 suum
1463 2701 1775 2770 vindicans,
1811 2707 1907 2760 sed
1942 2722 2187 2778 congrua

618 2782 980 2840 similitudine
1030 2785 1248 2841 Petrum
1284 2804 1312 2843 a
1346 2798 1501 2860 petra
1532 2795 1716 2847 vocari
1759 2796 2006 2864 placuit,
2057 2808 2189 2868 puta

617 2889 783 2943 super
809 2891 970 2945 quem
1008 2877 1340 2936 fundaturus
1367 2890 1484 2936 erat
1516 2899 1670 2938 suam
1705 2884 2029 2941 Ecclesiam.

693 2967 730 3026 Ι.
765 2968 854 3032 45,
890 2969 980 3022 44.
1025 2969 1092 3024 In
1139 2974 1432 3025 crastinum
1458 2973 1621 3029 uoluit
1652 2974 1809 3031 Iesus
1833 2979 1977 3032 exire
2002 2979 2055 3033 in
2079 2978 2190 3034 Ga-

623 3058 842 3121 lilwam,
867 3068 915 3113 et
960 3061 1151 3115 invenit
1183 3062 1510 3132 Philippum,
1534 3076 1583 3119 et
1614 3066 1746 3121 dicit
1779 3069 1828 3122 ei
1866 3068 2023 3124 Jesus
2049 3088 2067 3125 :
2095 3071 2191 3126 Se-

620 3165 775 3220 quere
804 3166 901 3205 me.
938 3151 1072 3205 Erat
1102 3163 1277 3207 autem
1328 3153 1607 3227 Philippus
1638 3174 1669 3209 a
1705 3157 2013 3224 Bethsaida,
2060 3161 2191 3214 civi-

624 3253 733 3297 tate
761 3244 988 3299 Andrete
1009 3253 1058 3299 et
1085 3243 1253 3302 Petri.

699 3335 824 3389 Erat
857 3337 1105 3405 ejusdem
1138 3340 1305 3392 animi
1334 3355 1455 3394 cum
1491 3340 1771 3410 prioribus
1802 3342 2116 3416 Philippus,
2142 3355 2197 3403 et

625 3426 690 3478 ad
734 3426 1057 3481 sectandutn
1106 3425 1389 3483 Christum
1442 3446 1710 3501 perquam
1744 3433 1997 3490 idoneus.
2041 3435 2197 3491 llunc

626 3518 857 3583 probum
890 3519 1009 3574 fore
1047 3518 1305 3575 Christus
1333 3533 1581 3586 noverat,
1612 3523 1863 3595 ideoque,
1893 3546 1912 3578 ι
1955 3528 2199 3600 Sequere

631 3626 720 3665 me
754 3629 799 3675 ι,
837 3611 1038 3681 inquit,
1074 3612 1176 3666 hoc
1195 3612 1364 3667 verbo
1396 3614 1626 3684 gratiam
1663 3632 1771 3686 qua
1808 3616 2049 3674 donatus
2084 3628 2201 3675 erat

631 3705 1041 3770 demonstrans,
1074 3717 1130 3760 et
1158 3721 1281 3762 cum
1313 3709 1467 3778 sequi
1499 3709 1678 3777 jubet,
1706 3710 1983 3767 hominem
2018 3714 2202 3783 probae

633 3797 755 3849 vita:
783 3811 907 3851 esse
942 3797 1276 3866 testiﬁcans;
1308 3816 1483 3869 neque
1524 3800 1680 3871 132
1729 3804 1876 3857 enim
1920 3819 2045 3859 eum
2093 3805 2200 3861 nisi

634 3886 863 3957 probum
896 3886 962 3941 ad
997 3887 1047 3940 id
1077 3889 1325 3944 muneris
1350 3890 1629 3960 elegisset.

705 3975 745 4040 I,
781 3976 870 4031 45.
912 3976 1112 4031 Invenit
1158 3978 1433 4048 Philippus
1466 3978 1794 4046 Natlzanael,
1834 3993 1885 4036 et
1934 3982 2064 4037 dicit
2115 3985 2200 4039 ei:

637 4068 804 4135 Quem
843 4070 1054 4136 scripsit
1102 4068 1312 4139 Moyses
1364 4072 1416 4124 in
1450 4070 1580 4140 lege,
1604 4081 1653 4125 et
1684 4071 1973 4141 prophetae,
2004 4074 2205 4128 inveni-

636 4178 753 4216 mus
785 4160 967 4216 Jesum
1002 4163 1171 4232 ﬁlium
1202 4161 1396 4233 Joseph
1425 4181 1457 4217 a
1489 4161 1784 4219 Nazaretlz.

706 4342 827 4396 Cito
856 4341 1147 4396 admodum
1191 4342 1284 4399 ille
1310 4342 1619 4413 discipulus
1666 4343 1906 4399 fructum
1934 4345 2111 4411 aiiert,
2148 4359 2208 4405 ut

635 4438 722 4491 vel
762 4436 891 4489 hinc
937 4435 1183 4503 ejusdem
1218 4436 1385 4489 animi
1441 4450 1503 4490 ac
1539 4435 1708 4490 studii
1758 4452 1882 4491 cum
1926 4439 2207 4507 prioribus

2284 1978 2434 2028 ποῖον
2463 1972 2752 2045 καταλήξει
2781 1973 2952 2036 τέλος.
2990 1970 3196 2039 Ἀγνοεῖ
3225 1970 3333 2041 γὰρ
3364 1970 3517 2022 οὑδέν
3547 1969 3575 2021 6
3616 1966 3777 2030 εἰδὼς
3806 1964 3891 2019 τὰ

2286 2067 2461 2121 πάντα
2493 2067 2622 2138 πρὶν
2647 2066 2911 2134 γενέσεως
2943 2061 3147 2125 αὑτῶν.
3175 2054 3220 2130 ᾧ
3256 2061 3320 2133 δὴ
3349 2063 3442 2115 καὶ
3470 2060 3703 2132 μάλιστα
3736 2076 3894 2113 mt-

2283 2158 2426 2212 δεύει
2460 2157 2551 2211 τὸν
2594 2156 2947 2227 κεκλημένον,
2995 2154 3078 2207 ὅτι
3124 2151 3256 2215 Θεὸς
3310 2152 3571 2222 ὑπάρχων
3613 2149 3894 2221 ἀληθινὸς

2285 2250 2566 2303 ἀδίδακτον
2596 2248 2705 2318 ἔχει
2738 2248 2835 2318 τὴν
2866 2245 3087 2315 γνῶσιν.
3117 2243 3289 2311 Λόγου
3340 2242 3448 2314 γὰρ
3474 2243 3611 2305 ὅλως
3652 2240 3895 2311 δεηθεὶς

2285 2337 2515 2401 οὐδενὸς,
2545 2336 2656 2389 ἀλλ’
2704 2335 2825 2388 οὑδέ
2873 2332 3209 2404 ἐπιζητήσας
3247 2329 3438 2402 μαθεῖν
3483 2329 3587 2393 τίς,
3623 2329 3657 2401 ἢ
3700 2327 3894 2381 πόθεν

2285 2432 2411 2500 ἥκοι
2458 2429 2595 2501 πρὸς
2632 2427 2792 2479 αὑτὸν
2839 2427 2867 2479 6
2898 2424 3059 2495 ἀνὴρ,
3098 2422 3252 2475 ποίου
3294 2420 3393 2491 μέν
3436 2419 3597 2488 ἐξέφυ
3639 2418 3892 2492 πατρδς,

2287 2524 2370 2586 τίς
2393 2521 2449 2574 δέ
2481 2520 2576 2574 καὶ
2605 2519 2764 2582 αὑτὸς
2792 2517 3108 2588 ὀνομάζοιτο
3155 2515 3336 2584 λέγει.
3376 2514 3472 2568 καὶ
3516 2511 3734 2583 Σίμωνα
3769 2510 3895 2582 μὲν

2287 2615 2470 2669 οὑκέτι
2506 2612 2788 2666 καλεῖσθαι
2829 2609 3119 2679 συγχωρεῖ,
3165 2605 3598 2672 κατεξουσιάζων
3621 2604 3723 2675 ήδη
3772 2604 3894 2657 καὶ

2288 2707 2670 2777 κατακρατῶν,
2718 2704 2793 2767 ὡς
2824 2701 3105 2771 γεγονότος
3155 2700 3391 2753 οἰκείου·
3442 2696 3781 2767 φερωνύμως
3821 2694 3894 2748 δὲ

2289 2800 2399 2853 ἀπὸ
2422 2802 2522 2869 τῆς
2552 2796 2754 2867 πέτρας
2803 2792 3153 2865 μετωνόμαζε
3196 2792 3434 2862 Πέτρον
3470 2790 3557 2843 ἐπ’
3586 2786 3735 2859 αὑτῷ
3760 2788 3893 2858 γὰρ

2290 2891 2478 2962 ἔμελλε
2508 2890 2606 2961 τὴν
2635 2886 2798 2942 αὑτοῦ
2828 2886 3111 2957 θεμελιοῢν
3151 2883 3496 2954 Ἐκκλησίαν.

2368 2983 2446 3052 Τῇ
2474 2983 2760 3051 ἐπαύριον
2801 2979 3105 3048 ἠθέλησεν
3134 2977 3401 3042 ἐξελθεῖν
3433 2978 3520 3041 είς
3549 2974 3665 3042 τὴν
3700 2973 3894 3027 Γαλι-

2290 3076 2493 3139 λαίαν,
2529 3073 2629 3127 καὶ
2658 3072 2922 3140 εὑρίσκει
2960 3070 3281 3130 Φίλιππον,
3313 3067 3411 3121 καὶ
3458 3065 3621 3134 λέγει
3648 3061 3813 3127 αὑτῷ
3850 3061 3899 3115 ὀ

2219 3198 2264 3259 c
2307 3166 2561 3235 Ἰησοῦς,
2606 3164 2948 3219 Ἀκολούθει
2972 3179 3096 3231 μοι.
3130 3156 3240 3218 Ἦν
3272 3158 3340 3259 ιῖὲ
3366 3161 3398 3259 ο
3434 3159 3727 3259 diurnare?
3753 3153 3894 3209 ἀπὸ

2295 3254 2603 3324 Βηθσατόἀ
2646 3254 2715 3307 ἐκ
2765 3253 2877 3321 τῆς
2920 3253 3150 3317 πόλεως
3190 3248 3458 3317 Ἀνδρέου
3496 3247 3599 3301 και
3629 3243 3891 3313 Πέτρου.

2369 3344 2708 3415 Ἰσογνωμῶν
2738 3346 2849 3408 τοῖς
2875 3340 3235 3414 προλαϐοῦσιν
3261 3342 3289 3393 6
3323 3338 3608 3400 Φίλιππος,
3639 3335 3734 3389 καὶ
3758 3333 3895 3388 λίαν

2299 3439 2437 3509 ἔχων
2466 3437 2784 3507 ἐπιτηδείως
2812 3436 2890 3499 είς
2922 3432 3277 3503 ἀκολούθησιν
3305 3430 3397 3484 τοῦ
3427 3428 3688 3501 Χριστοῦ.
3726 3427 3895 3499 ᾜδει

2299 3530 2407 3601 γὰρ
2437 3528 2531 3585 καὶ
2577 3528 2738 3581 αὑτὸν
2790 3525 3045 3597 ἐσόμενον
3088 3522 3322 3592 όιγαθόν⁹
3361 3522 3534 3577 διάτοι
3583 3519 3741 3573 τοῦτο
3785 3517 3895 3572 καί

2300 3636 2485 3694 φησιν’
2518 3640 2538 3674 ι
2588 3617 2892 3674 Ἀκολούθει
2925 3635 3039 3688 μοι,
3073 3636 3093 3670 ι
3123 3614 3409 3687 γνώρισμα
3452 3613 3552 3683 τῆς
3601 3611 3699 3666 ἐπ”
3736 3610 3897 3680 αὖτῷ

2300 3712 2523 3782 χάριτος
2562 3708 2623 3761 τὸ
2664 3707 2815 3778 ῥῆμα
2853 3706 3044 3770 τιθεὶς,
3084 3705 3179 3758 καὶ
3220 3703 3287 3757 δι’
3322 3696 3396 3757 ὧν
3435 3701 3663 3755 ἕπεσθαι
3715 3716 3895 3772 προσ-

2302 3806 2483 3860 τάττει
2517 3800 2790 3856 πολιτείαν
2817 3798 2964 3870 αὑτῷ
2989 3798 3088 3869 τὴν
3110 3797 3339 3868 ἀρίστην
3369 3794 3758 3866 ἐπιμαρτυρῶν
3776 3810 3789 3824 '
3822 3791 3894 3846 οὐ

2302 3896 2411 3968 γὰρ
2443 3894 2509 3947 ἂν
2534 3889 2844 3955 ἐπελέξατο,
2877 3889 2950 3960 μὴ
2980 3889 3098 3959 οὑχὶ
3124 3887 3338 3948 πάντως
3364 3884 3491 3938 ὄντα
3521 3883 3775 3955 χρηστόν.

2370 3983 2650 4053 Εὐρίσκει
2687 3980 2985 4043 Φίλιππος
3022 3978 3129 4029 τὸν
3176 3972 3522 4040 Ναθαναὴλ,
3568 3971 3669 4024 καὶ
3723 3969 3895 4039 λέγει

2304 4075 2485 4142 αὐτῷ’
2524 4076 2634 4128 Ὃν
2661 4072 2886 4141 ἔγραψε
2915 4067 3173 4137 Μωῠσῆς
3204 4066 3275 4119 ὲν
3314 4063 3396 4130 τῷ
3439 4064 3620 4132 νόμῳ,
3676 4058 3774 4113 καὶ
3833 4058 3897 4112 οι

2306 4166 2624 4237 προφῆται,
2676 4162 3015 4232 εὑρήκαμεν
3055 4158 3289 4227 Ἰησοῦν
3332 4156 3467 4211 υἴὸν
3515 4150 3731 4220 Ἰωσὴφ
3779 4148 3899 4203 τὸν

2306 4256 2425 4314 ἀπὸ
2463 4254 2745 4322 Ναζαρέτ.

2388 4347 2544 4413 Ὀξὺς
2590 4345 2655 4416 δὴ
2700 4343 2821 4398 λίαν
2859 4343 2888 4395 6
2942 4338 3187 4411 μαθητὴς
3237 4339 3317 4400 εἰς
3360 4332 3760 4407 καρποφορίαν,
3802 4329 3899 4382 ἵνα.

2310 4440 2566 4510 φαίνηται
2590 4436 2682 4491 διὰ
2707 4436 2896 4489 τούτου
2940 4434 3054 4495 τοῖς
3100 4427 3430 4501 προλαϐοῦσι
3466 4425 3608 4479 κατὰ
3639 4424 3739 4492 τὴν
3761 4419 3900 4484 ἔξω

638 4540 760 4579 esse
802 4523 1100 4579 videretur.
1132 4522 1341 4578 Invenit
1384 4524 1528 4579 enin:
1561 4523 1889 4590 Nathanael,
1921 4542 2028 4583 non
2061 4538 2192 4584 certi

2314 4529 2617 4599 συγγενής·
2649 4526 2891 4598 εὑρίσκει
2916 4523 3025 4595 γὰρ
3061 4521 3151 4576 τὸν
3202 4514 3514 4587 Ναθαναὴλ,
3559 4514 3659 4584 οὑχ
3703 4510 3899 4574 ἁπλῶς

640 4633 773 4671 casu
808 4617 1074 4681 oblatum,
1109 4615 1202 4670 sed
1247 4615 1423 4671 multo
1460 4614 1645 4671 studio
1689 4616 2001 4685 quaesitum.
2036 4616 2209 4674 Norat

642 4710 844 4779 quippe
895 4708 1360 4763 studiosissimum
1411 4706 1564 4761 illum
1612 4721 1736 4762 esse
1777 4722 1842 4762 ac
1873 4707 2032 4763 valde
2074 4725 2207 4764 eru-

642 4802 818 4854 ditum
848 4819 861 4853 :
893 4798 1092 4854 deinde
1121 4807 1308 4853 narrat
1345 4812 1404 4853 se
1428 4796 1710 4852 Christum
1744 4798 2022 4855 invenisse
2054 4801 2208 4856 illum

642 4909 741 4965 per
788 4906 979 4947 omnes
1016 4889 1337 4961 Scripturas
1367 4888 1633 4945 divinitus
1672 4889 2074 4958 praedicatum:
2121 4907 2213 4946 ne.

642 5002 752 5057 que
778 4984 1056 5040 hominem
1088 4981 1344 5037 convenit
1376 4996 1569 5037 earum
1617 4980 1886 5046 nescium,
1917 4981 2012 5036 sed
2058 4978 2213 5050 signa

644 5094 767 5149 quae
805 5086 917 5131 tam
968 5074 1108 5145 apud
1170 5073 1406 5144 Moysem
1452 5088 1618 5143 quam
1668 5074 1965 5144 prophetas
2016 5073 2215 5128 litteris

645 5169 904 5223 mandata
960 5175 1093 5223 sunt
1144 5181 1270 5221 cum
1322 5164 1515 5235 primis
1572 5165 1854 5220 edoctum.
1906 5163 2218 5220 lnvaiuerat

646 5271 827 5315 autem
867 5258 1012 5329 apud
1058 5255 1277 5312 Judaeos
1335 5254 1475 5310 falsa
1536 5252 1606 5309 de
1657 5253 1884 5308 Christo
1931 5251 2217 5308 Salvatore

648 5364 840 5407 nostro
879 5352 1084 5421 opinio,
1116 5364 1181 5404 ex
1208 5346 1407 5418 Oppido
1436 5345 1695 5400 nimirum
1731 5353 1827 5398 aut
1872 5358 2011 5413 pago
2043 5341 2217 5399 Naza-

646 5443 769 5498 rcth
807 5442 989 5512 ipsqu
1027 5440 1164 5505 fore,
1199 5436 1456 5507 quamvis
1498 5434 1786 5504 Scriptura
1834 5434 2019 5488 divina
2052 5432 2217 5490 Beth~

650 5534 963 5590 lehemitam
994 5526 1174 5602 ipsum
1211 5535 1522 5597 nuncupet:
1554 5544 1573 5577 ι
1613 5524 1680 5579 Et
1723 5533 1780 5579 tu
1814 5524 1982 5588 enim.
2017 5526 2216 5596 inquit,

648 5635 797 5686 terra
832 5625 1171 5689 Bethlehem,
1213 5622 1412 5677 domus
1439 5620 1692 5691 Ephrata,
1725 5633 2068 5689 nequaquam
2115 5622 2217 5677 mi-

726 5804 770 5835 "
798 5801 957 5859 Prov.
992 5818 1068 5868 rx,
1099 5804 1149 5855 97.
1246 5799 1290 5831 ”
1325 5796 1491 5853 Matth
1552 5810 1671 5862 xm,
1708 5795 1791 5863 iii,
1821 5795 1887 5850 45
1918 5811 2069 5863 sequ.

2315 4618 2592 4691 ἐρχομένῳ
2644 4613 2948 4688 περιτυχὼν
2970 4656 2985 4681 ,
3040 4611 3176 4667 ἀλλὰ
3227 4608 3425 4680 πολλὴν
3474 4607 3562 4659 ἐπ’
3601 4602 3749 4673 αὑτῷ
3774 4601 3899 4691 τὴν

2316 4689 2543 4780 ζήτησιν
2575 4706 2957 4777 ποιησάμενος.
2995 4703 3151 4774 ’ᾙδει
3197 4701 3307 4772 γὰρ
3359 4698 3489 4752 ὅντα
3524 4689 3902 4764 φιλοπονώταο

2315 4803 2407 4856 τόν
2439 4818 2498 4853 τε
2526 4801 2619 4852 καὶ
2647 4796 3101 4867 φιλολογώτατον·
3135 4789 3254 4847 εἶτα
3285 4791 3431 4859 λέγει
3475 4788 3568 4841 τὸν
3592 4784 3681 4839 διὰ
3710 4783 3901 4853 πάσης

2317 4890 2714 4961 κηρυττόμενον
2761 4888 2860 4958 τῆς
2908 4886 3059 4949 θείας
3100 4882 3320 4953 Γραφῆς
3361 4876 3731 4949 ἀνηυρηκέναι
3756 4874 3900 4944 Χρι-

2316 4982 2460 5043 στδν,
2496 4980 2593 5050 οὐχ
2641 4978 2717 5042 ὡς
2758 4976 3036 5046 ἀγνοοῦντι
3086 4970 3453 5044 προσομιλῶν,
3483 4968 3599 5022 ἀλλ’
3652 4965 3730 5029 ὠς
3774 4964 3898 5017 λίαν

2314 5069 2813 5141 ἐκπεπαιδενμένῳ,
2845 5068 2912 5122 τά
2949 5082 3012 5119 τε
3050 5064 3145 5118 τοῦ
3188 5061 3464 5130 πανσόφου
3506 5056 3774 5120 Μωσέως,
3801 5054 3898 5108 καὶ

2315 5163 2421 5217 τῶν
2465 5159 2758 5234 προφητῶν
2815 5156 3137 5228 μηνύματαο
3173 5150 3399 5205 ὑπόνοια
3443 5148 3499 5202 δέ
3544 5147 3647 5201 οὑκ
3688 5143 3897 5214 ἀληθὴς

2316 5255 2445 5326 περ)⁸
2495 5252 2591 5306 τοῦ
2642 5250 2893 5319 Σωτῆρος
2924 5244 3082 5318 ήμῶν
3121 5240 3359 5307 Χριστοῦ
3413 5237 3565 5310 παρὰ
3610 5237 3726 5297 τοῖς
3766 5234 3898 5326 Ἰού-

2318 5324 2488 5408 δαίοις
2512 5343 2755 5414 ἐκράτει,
2788 5340 2863 5404 ὡς
2891 5340 2956 5393 ἐκ
2987 5336 3215 5399 πόλεως,
3236 5335 3359 5405 ἢτοι
3402 5330 3596 5401 κώμης
3624 5324 3900 5414 ἕσταιτῆς

2320 5413 2593 5506 Ναζαρὲτ,
2629 5432 2805 5486 καίτοι
2831 5428 3199 5502 Βηθλεεμίτην
3228 5423 3411 5489 αὑτὸν,
3440 5422 3565 5475 ὅσον
3593 5419 3673 5481 είς
3709 5413 3901 5506 τούτον

2319 5529 2443 5599 ἥκει
2470 5502 2561 5580 τὸν
2607 5524 2783 5592 λόγον,
2807 5522 2908 5593 τῆς
2956 5521 3106 5582 θείας
3146 5515 3408 5584 λεγούσης
3448 5510 3763 5599 Γραφῆι,
3790 5502 3901 5599 καὶ

2322 5590 2385 5674 σὺ
2414 5618 2540 5690 γὰρ,
2577 5590 2759 5687 φησιν,
2796 5590 2876 5685 γῆν
2914 5611 3178 5684 Βηθλεέμ,
3217 5603 3365 5670 οἶκος
3397 5600 3492 5657 τοῦ
3524 5596 3790 5670 Ἐφραθᾶ,
3818 5590 3901 5665 μὴ
