4118 6576
206 465 331 521 221

1310 469 1379 525 IN
1415 469 1703 526 JOANNIS
1740 465 2194 524 EVANGELIUM
2233 465 2361 521 LIB.
2405 462 2469 521 11.

3366 448 3490 521 ’ξεν

207 588 507 658 ὀλιγοστῆ
536 596 585 641 ει
606 587 699 641 τὸυ
728 582 866 642 εἶναι
900 588 956 641 ὲν
984 588 1218 659 χιλιάσιν
1252 590 1439 658 Ἰούδα,
1478 594 1541 645 ὲκ
1584 590 1677 644 σοῦ
1723 607 1797 661 μοι

1914 588 2067 642 nima
2097 603 2158 645 es
2199 595 2260 643 ut
2288 587 2367 644 sis
2407 586 2462 641 in
2492 584 2736 643 millibus
2761 584 2904 642 Juda
2931 600 2945 638 :
2982 599 3050 640 ex
3078 591 3132 640 te
3164 583 3310 640 enim
3342 599 3491 655 egre-

210 678 580 743 ἐξελεύσεται
607 677 701 731 τοῦ
733 676 871 731 εἶναι
894 679 973 743 είς
1002 679 1234 750 ἄρχοντα
1268 684 1325 734 ὲν
1348 682 1425 753 τῷ
1458 682 1690 754 Ἰσραὴλ,
1718 684 1812 736 καὶ

214 768 409 835 ἔξοδοι
437 769 625 833 αὐτοῦ,
654 770 749 824 ἀπ’
793 770 969 842 ἀρχῆς
1016 770 1076 836 ἐξ
1122 772 1345 845 ἡμερῶν
1387 773 1601 839 αἰῶνος.
1637 794 1656 826 ι
1695 776 1814 829 Ἀν-

211 862 446 931 ετράφη
493 862 591 932 μὲν
632 860 741 932 γὰρ
785 862 862 925 είς
904 862 1178 933 Ναζαρὲτ,
1220 863 1295 926 ὦς
1325 881 1426 917 που
1464 867 1556 919 καὶ
1589 867 1750 931 αὑτὸς
1783 868 1812 921 6

214 951 628 1023 εὑαγγελιστὴς
661 952 1059 1023 διεμαρτύρατο
1096 953 1269 1022 λέγων
1290 971 1303 985 ο
1340 975 1359 1005 ι
1394 957 1503 1010 Καὶ
1530 953 1691 1027 ἦλθον
1732 961 1811 1023 είς

212 1042 508 1113 Ναζαρὲτ,
540 1064 559 1096 ι
590 1037 650 1097 οὑ
679 1040 746 1115 ἦν
773 1045 1280 1116 ἀνατεθραμμένον
1313 1042 1381 1118 ἦν
1422 1048 1478 1101 δὲ
1529 1051 1628 1103 οὑκ
1667 1052 1809 1105 ἐκεῖ·

216 1131 345 1195 θεν,
370 1133 487 1186 ἀλλ’
518 1134 639 1187 ὃθεν
672 1134 771 1205 ἤδη
800 1137 1152 1207 προείπομεν,
1178 1138 1376 1207 μᾶλλον
1416 1139 1472 1193 δὲ
1518 1140 1593 1204 ὼς
1644 1143 1677 1213 ἡ
1716 1139 1808 1197 τοῦ

215 1225 514 1294 προφήτου
565 1224 930 1295 διισχυρίσατο
983 1228 1154 1299 φωνή.
1192 1228 1585 1299 Ἀκολουθήσας
1632 1230 1809 1285 τοίνυν

214 1316 249 1370 ὁ
280 1315 551 1377 Φίλιππος
584 1321 649 1387 τῇ
684 1317 793 1369 τῶν
827 1316 1093 1372 Ἰουδαίων
1119 1320 1343 1390 ὑπονοίᾳ
1374 1321 1558 1390 φησίν·

295 1406 407 1463 Ἐκ
435 1406 696 1473 Ναζῖιρὲτ
723 1407 972 1462 δύναταί
1010 1427 1065 1464 τι
1094 1410 1319 1480 ἀγαθὸν
1347 1408 1496 1465 εἶναι
1520 1430 1540 1478 ;

292 1495 659 1565 Συνομολογεί
697 1498 998 1570 προχείρως
1026 1500 1054 1551 6
1086 1500 1395 1574 Ναθαναὴλ,
1422 1503 1503 1555 ὃτι
1554 1502 1699 1573 μέγα
1742 1504 1805 1575 δή

208 1600 272 1638 τι
311 1586 413 1638 καὶ
444 1586 725 1642 κάλλιστον
760 1590 842 1660 είη
877 1590 937 1642 τὸ
968 1591 1032 1646 ἐκ
1068 1592 1166 1662 τῆς
1209 1593 1461 1664 Ναζαρὲτ
1492 1594 1808 1666 ἁναδειχθή·

213 1674 419 1729 σεσθαι
440 1677 902 1748 προσδοκώμενον.
925 1680 1094 1751 Δῆλον
1120 1683 1177 1735 δὲ
1202 1683 1373 1753 δήπου
1400 1684 1614 1748 πάντως
1638 1687 1804 1751 ἐστὶν,

209 1762 295 1825 ὡς
323 1765 388 1816 οὑ
419 1766 578 1834 μόνον
604 1766 813 1836 ἐδέχετο
839 1767 976 1838 πρὸς
1009 1770 1188 1823 πίστιν
1212 1770 1307 1822 τοῦ
1353 1769 1681 1843 ζητουμένου
1707 1772 1807 1843 τὴν

207 1854 502 1926 Ναζαρὲτ,
534 1856 647 1910 ἀλλ’
688 1859 752 1912 ὲκ
794 1859 981 1929 νόμου,
1015 1860 1108 1915 καὶ
1142 1863 1432 1933 προφητῶν
1472 1862 1569 1935 τὴν
1601 1865 1802 1932 γνῶσιν
1834 1888 1849 1935 ε

206 1945 627 2049 ἑρανιζόμενος,
665 1951 883 2019 ταχεῖαν
926 1951 1002 2014 ὡς
1046 1950 1363 2022 πολυμαθὴς
1421 1954 1655 2007 ἐποιεῖτο
1701 1956 1799 2010 τ’ὶδν

208 2049 347 2089 συνε
356 2052 463 2091 σιν.
612 2082 617 2085 .

283 2126 467 2196 Λέγει
490 2129 649 2194 αὑτῷ
681 2130 977 2195 Φίλιππος
997 2148 1009 2162 ’
1042 2134 1259 2203 Ἔρχου
1285 2135 1382 2189 καί
1417 2134 1526 2189 Ϊδε.

298 2217 555 2287 Ἀρκέσει
588 2218 724 2288 πρὸς
754 2219 933 2273 πίστιν
961 2222 993 2291 ἡ
1041 2222 1157 2286 θέα,
1190 2225 1377 2294 φησὶν,
1406 2226 1499 2282 καὶ
1534 2226 1694 2297 μόνον
1723 2230 1803 2294 είς

208 2307 414 2374 λόγους
441 2307 607 2361 ἐλθὼν
634 2308 1085 2382 συνομολογήσεις
1112 2314 1457 2385 γοργότερον,
1502 2320 1597 2373 καὶ
1648 2319 1802 2374 ἀνεν-

205 2398 484 2462 δοιάστως
512 2402 655 2469 ἐρεῖς
686 2404 847 2457 αὑτὸν
880 2404 1047 2469 ὅντως
1075 2405 1339 2477 ὑπάρχειν
1376 2408 1467 2461 τὸν
1496 2411 1803 2480 προσδοκὼ-

213 2505 408 2557 μενον.
453 2491 578 2561 Χρὴ
620 2491 674 2546 δὲ
721 2494 997 2547 πιστεύειν
1024 2496 1191 2566 ἡμᾶς,
1215 2498 1298 2550 ὅτι
1338 2514 1442 2570 περ
1474 2495 1543 2570 ἦν
1572 2500 1690 2554 θεία
1716 2519 1800 2566 τις

209 2579 310 2632 καὶ
370 2581 605 2652 nemo;
648 2583 828 2655 χάρις,
880 2589 993 2650 τοῖς
1035 2586 1127 2640 τοῦ
1163 2588 1412 2660 Σωτῆρος
1454 2592 1630 2661 λόγοις
1677 2611 1801 2650 συν-

208 2669 574 2739 εκτρέχουσα,
609 2673 704 2727 καὶ
743 2673 842 2738 τὰς
870 2675 977 2728 τῶν
1016 2676 1383 2747 ἀκροωμένων
1418 2678 1594 2755 ψυχὰς
1633 2699 1800 2737 κατα-

210 2759 508 2828 θέλγουσα.
546 2762 700 2817 Οὕτω
738 2765 848 2834 γὰρ
876 2767 1202 2838 γέγραπται,
1231 2770 1312 2823 ὅτι
1349 2788 1367 2822 ι
1404 2773 1610 2837 Πάντες
1638 2773 1799 2828 ἐθαύ-

209 2852 393 2921 μαζον
425 2855 517 2907 ἐπὶ
550 2858 661 2919 τοῖς
692 2857 870 2925 λόγοις
894 2862 993 2930 τῆς
1016 2859 1236 2929 χάριτος
1285 2864 1396 2927 τοῖς
1439 2864 1799 2936 ἐκπορευομέ-

205 2961 323 3007 νοις
377 2945 483 2999 ἀπὸ
519 2946 611 3000 τοὺ
653 2949 918 3019 στόματος
958 2950 1120 3006 αὑτοῦ
1142 2968 1155 2981 ·
1204 2971 1224 3002 ι
1257 2952 1333 3016 ὡς
1364 2953 1473 3025 γὰρ
1520 2955 1746 3026 ἐνεργὴς
1768 2956 1798 3007 ό

204 3036 378 3104 λόγος
406 3039 487 3102 είς
512 3038 762 3109 δύναμιν,
804 3039 946 3094 οὑτω
979 3042 1070 3097 καὶ
1119 3043 1201 3106 είς
1239 3042 1300 3099 τὸ
1336 3043 1542 3102 πείθειν
1579 3040 1647 3117 ἦν
1681 3047 1799 3102 lxa-

206 3127 323 3190 νός.

1914 679 2097 734 dietur
2152 678 2264 733 dux
2308 676 2403 747 qui
2457 683 2610 746 regat
2651 676 2915 748 pOpulum
2969 690 3151 730 meum
3191 673 3381 739 Israel,
3432 681 3488 729 et

1913 783 2175 839 egressus
2199 767 2326 838 eius
2358 781 2426 822 ex
2453 765 2646 822 diebus
2672 765 2860 821 saeculi
2884 766 2951 820 “.
2978 785 2996 818 ι
3032 764 3310 822 Educatus
3338 764 3484 820 enim

1912 869 1999 918 est
2027 862 2082 917 in
2112 859 2410 924 Nazareth,
2435 865 2495 913 ut
2522 856 2725 913 alicubi
2757 864 2995 914 testatus
3021 865 3103 912 est
3127 854 3482 925 evangelista,

1912 956 1999 1011 his
2034 954 2259 1010 verbis:
2294 971 2313 1004 ι
2352 950 2420 1006 Ει
2471 957 2743 1006 venerunt
2796 950 2853 1004 in
2901 947 3170 1003 Nazareth
3206 947 3250 980 ⁸⁵
3289 966 3334 1012 ι,
3388 946 3484 1001 ubi

1910 1053 2032 1103 erat
2061 1044 2327 1109 nutritus;
2374 1041 2471 1098 sed
2508 1040 2637 1096 inde
2665 1039 2935 1094 oriundus
2973 1054 3082 1093 non
3112 1048 3250 1105 erat,
3291 1052 3483 1093 verum

1909 1153 1977 1193 ex
2012 1151 2080 1193 eo
2114 1135 2238 1190 loco
2264 1149 2426 1204 quem
2475 1132 2589 1203 jam
2625 1130 2889 1197 diximus,
2925 1129 3032 1183 imo
3072 1128 3167 1199 qui
3204 1144 3337 1183 voce
3367 1142 3488 1197 pro-

1910 1229 2089 1299 phetae
2131 1227 2491 1289 conﬁrmatus
2523 1230 2630 1279 est.
2677 1221 2964 1291 Philippus
3001 1234 3132 1290 ergo
3168 1215 3483 1273 Judaiorum

1910 1319 2225 1389 Opinionem
2257 1325 2483 1371 secutus
2510 1316 2586 1369 ait
2620 1333 2632 1369 :

2052 1408 2093 1473 I,
2120 1405 2207 1461 46.
2241 1407 2282 1459 Α
2316 1404 2586 1459 Nazareth
2612 1411 2781 1473 potest
2808 1401 3011 1476 aliquid
3042 1400 3163 1454 boni
3190 1414 3300 1452 esse
3319 1400 3346 1453 ἲ

1978 1496 2281 1551 Confestim
2323 1496 2623 1550 assentitur
2658 1491 2959 1546 Nathanael
3018 1504 3275 1559 magnum
3316 1484 3479 1556 quid-

1911 1590 2056 1661 piam
2081 1600 2135 1644 et
2172 1587 2435 1642 eximium
2470 1601 2595 1641 esse
2627 1583 2680 1638 id
2722 1581 2867 1653 quod
2902 1597 2967 1636 ex
2992 1578 3257 1634 Nazareth
3300 1575 3480 1646 prodi-

1911 1690 2094 1734 turum
2130 1679 2576 1748 exspectabatur.
2616 1675 2839 1730 Certum
2876 1684 2962 1728 est
2992 1679 3173 1726 autem
3224 1668 3371 1740 quod
3411 1665 3480 1721 ad

1909 1770 2253 1842 probandum
2294 1769 2346 1823 id
2376 1767 2523 1838 quod
2558 1766 2913 1837 quaerebatur
2947 1778 3056 1817 non
3086 1760 3353 1817 Nazarcth
3391 1773 3481 1814 so—

1910 1862 2023 1915 lum
2065 1859 2269 1922 attulit,
2297 1873 2484 1913 verum
2532 1856 2695 1912 etiam
2735 1871 2801 1910 ex
2830 1854 2947 1925 lege
2995 1861 3049 1907 et
3082 1851 3384 1922 prophetis,
3419 1855 3480 1902 ut

1912 1954 2005 2025 qui
2056 1950 2238 2005 multa:
2287 1948 2543 2004 lectionis
2593 1956 2732 2012 erat,
2760 1946 3125 2017 cognitionem
3176 1943 3476 2006 hauriens,

1902 2048 2013 2103 cito
2040 2046 2164 2115 ejus
2202 2042 2621 2112 intelligentiam
2662 2047 2951 2095 assecutus
2984 2045 3092 2095 est.

2113 2138 2153 2201 Ι,
2175 2135 2266 2189 46.
2306 2134 2445 2187 Dicit
2478 2134 2526 2188 ei
2551 2133 2829 2200 Philippus
2848 2147 2866 2184 :
2890 2128 3018 2183 Veni
3050 2136 3098 2181 et
3128 2124 3242 2180 vide

1974 2223 2218 2281 Sulliciet
2246 2222 2315 2278 ad
2348 2221 2707 2287 credendum,
2735 2220 2933 2289 inquit,
2952 2218 3037 2273 vel
3070 2224 3372 2287 spectasse,
3395 2218 3476 2278 et,

1901 2318 1949 2375 si
1983 2330 2109 2372 cum
2154 2331 2220 2371 eo
2266 2328 2580 2371 sermonem
2621 2311 2890 2367 duntaxat
2923 2307 3250 2369 contuleris,
3300 2303 3476 2374 magis

1900 2407 2240 2473 consenties,
2282 2421 2347 2461 ac
2397 2418 2611 2461 mecum
2659 2402 2968 2457 indubitate
3004 2397 3267 2453 fateberis
3295 2395 3474 2466 ipsum

1899 2514 2024 2555 esse
2054 2513 2243 2555 revera
2282 2498 2375 2568 qui
2404 2502 2769 2566 exspectatur.
2794 2492 2969 2548 Porro
3000 2489 3337 2546 credendum
3367 2492 3473 2550 est,

1899 2592 2142 2648 divinam
2167 2589 2462 2662 quamdam
2481 2595 2535 2643 et
2552 2585 2882 2642 ineffabilem
2905 2584 3135 2654 gratiam
3155 2580 3210 2634 in
3232 2578 3477 2632 Salvato-

1899 2686 1978 2739 ris
2007 2695 2264 2737 sermone
2286 2695 2348 2734 ac
2376 2679 2562 2736 verbis
2591 2676 2766 2732 fuisse
2789 2690 2896 2746 qua
2914 2672 3276 2729 delinirentur
3315 2665 3473 2737 133

1898 2774 2063 2828 etiam
2116 2771 2427 2825 auditorum
2458 2770 2647 2823 animi.
2700 2766 2794 2822 Sic
2836 2766 2980 2820 enim
3035 2762 3305 2831 scriptum
3364 2766 3470 2823 est,

1897 2863 2069 2934 quia:
2118 2879 2137 2913 ι
2174 2860 2377 2916 Omnes
2418 2859 2768 2913 mirabantur
2794 2856 2850 2909 in
2883 2855 3066 2910 verbis
3108 2852 3315 2924 gratim,
3351 2862 3476 2919 qua

1898 2956 2272 3028 procedebant
2299 2956 2367 3011 de
2396 2970 2492 3009 ore
2521 2953 2780 3022 ipsius“.
2822 2970 2841 3003 ι
2874 2950 2942 3007 Ut
2968 2949 3115 3004 enim
3147 2946 3268 3017 ejus
3293 2944 3475 2999 oratio

1896 3050 2084 3105 ellicax
2126 3056 2245 3103 erat
2287 3046 2355 3100 ad
2384 3046 2678 3117 agendum,
2711 3044 2794 3099 sic
2825 3042 2995 3097 etiam
3027 3038 3095 3093 ad
3130 3036 3473 3109 persuaden-

1898 3140 2027 3194 dum
2058 3148 2178 3194 erat
2209 3138 2427 3192 idonea.

274 3214 468 3307 Εξδεν
491 3221 523 3271 d
555 3219 787 3287 Ἰησοῦς
812 3218 918 3273 τὸν
944 3220 1268 3286 Ναθαναὴλ
1299 3220 1625 3290 ἐρχόμενον
1647 3223 1796 3292 πρὸς

1968 3229 2011 3292 Ι,
2045 3228 2134 3284 Π.
2184 3226 2324 3281 Vidit
2359 3226 2516 3281 .lesus
2551 3212 2859 3279 Nathanael
2896 3223 3181 3282 venientem
3211 3219 3280 3274 ad
3317 3234 3393 3285 se,
3422 3226 3473 3271 et

203 3304 421 3371 αὐτὸν,
449 3307 547 3359 καί
569 3308 729 3377 λέγει
756 3309 887 3375 περὶ
922 3308 1109 3364 αὐτοῦ
1132 3326 1147 3340 ο
1177 3310 1291 3365 Ἴδε
1305 3310 1537 3381 ἀληθὴς
1573 3313 1791 3384 ἰσραηα

203 3395 416 3463 λίτης,
457 3399 526 3452 ἐν
562 3392 610 3465 ᾧ
647 3400 828 3466 δόλος
866 3401 978 3453 οὐκ
1010 3401 1199 3457 ἐστιν.

272 3488 453 3541 Οὔπω
496 3489 596 3559 τὴν
640 3490 729 3544 διὰ
792 3491 1032 3561 σημείων
1086 3492 1440 3562 ἐπιτηδεύσας
1495 3495 1791 3561 ἐπίδειξιν,

204 3578 387 3649 ἑτέρῳ
412 3580 599 3651 τρόπῳ
641 3582 873 3651 Χριστὸς
920 3581 1043 3645 τούς
1090 3599 1149 3634 τε
1198 3584 1433 3648 οἰκείους
1481 3585 1793 3640 ἀναπείθειν

205 3670 470 3740 ἐπειρᾶτο
506 3670 771 3742 μαθητὰς,
796 3673 889 3726 καὶ
916 3674 1041 3735 τοὺς
1069 3673 1183 3726 ὅσοι
1216 3690 1322 3745 περ
1341 3670 1482 3747 ἦσαν
1508 3675 1617 3730 τῶν
1643 3677 1793 3748 αὑτῷ

204 3762 548 3831 προσιόντων
575 3764 995 3835 νουνεχέστεροι,
1031 3766 1106 3830 ὡς
1136 3767 1220 3836 εἴη
1258 3766 1357 3838 μὲν
1388 3767 1547 3829 αὑτὸς
1592 3770 1621 3821 6
1652 3770 1793 3823 κατὰ

207 3852 377 3919 φύσιν
425 3854 551 3917 Υῐ⁹ὸς
581 3856 675 3908 καὶ
714 3856 872 3919 Θεὸς,
921 3857 1045 3928 ἥκοι
1089 3856 1145 3909 δὲ
1186 3858 1286 3928 τῆς
1334 3858 1587 3915 ἁπάντων
1632 3859 1793 3913 ἕνεκα

209 3943 489 4014 σωτηρίας
537 3947 595 3997 ὲν
636 3946 951 4018 ἀνθρωπεία
1001 3950 1204 4019 μορφῇ.
1258 3949 1355 4013 Τίς
1394 3945 1487 4009 οὖν
1525 3954 1554 4011 6
1594 3953 1792 4024 τρόπος

206 4034 235 4089 ὸ
273 4034 422 4105 πρὸς
468 4037 652 4089 πίστιν
704 4038 1031 4107 ὲπαγωγός;
1077 4039 1141 4092 Ἠ
1192 4040 1502 4113 θεοπρεπὴς
1551 4043 1792 4114 δηλονότι

206 4124 434 4189 γνῶσις.
456 4125 529 4178 Τὸ
556 4127 664 4197 γὰρ
685 4128 876 4184 εἰδέναι
909 4129 976 4183 τὰ
1007 4129 1202 4196 πάντα,
1237 4132 1381 4203 μόνῳ
1408 4133 1604 4205 πρέπει
1637 4135 1755 4207 Θεῷ
1773 4151 1787 4166 ·

208 4216 534 4286 ἀποδέχεται
578 4220 863 4290 τοιγαροῦν
896 4221 986 4274 τὸν
1028 4223 1336 4295 Ναθαναὴλ,
1382 4226 1442 4277 οὐ
1484 4227 1791 4293 κολακείαις

208 4307 477 4376 ἁρπάζων
522 4311 601 4373 εἰς
633 4310 890 4378 διάθεσιν,
919 4313 1033 4367 ἀλλ’
1078 4313 1138 4379 ἐξ
1173 4309 1248 4369 ὧν
1285 4317 1433 4388 αὑτῷ
1466 4318 1675 4390 συνῄδει
1702 4339 1789 4377 πι-

211 4397 529 4468 στούμενος,
556 4401 638 4453 ὅτι
675 4401 932 4470 γινώσκει
956 4405 1199 4477 καρδίας,
1226 4406 1300 4472 ὡς
1326 4408 1480 4472 Θεός.

275 4488 452 4559 Λέγει
482 4491 643 4557 αὐτῷ
670 4494 1023 4561 Ναθαναήλ·
1057 4498 1249 4551 Πόθεν
1274 4516 1350 4568 με
1379 4500 1731 4570 γιγώσκεις;

1892 3322 2023 3376 dicit
2051 3320 2114 3374 de
2147 3335 2207 3375 eo
2241 3333 2259 3373 :
2294 3316 2429 3373 Ecce
2467 3334 2583 3373 vere
2617 3316 2905 3383 Israelita,
2942 3317 2997 3370 in
3030 3330 3130 3386 quo
3170 3311 3324 3366 dolus
3366 3326 3471 3364 non

1891 3423 1992 3471 est.

1963 3510 2098 3565 Cum
2149 3508 2395 3565 nondum
2450 3504 2623 3574 signis
2668 3510 2723 3558 et
2772 3498 3057 3555 miraculis
3110 3511 3169 3552 se
3213 3494 3472 3551 Christus

1894 3600 2325 3663 manifestasset,
2349 3596 2458 3651 alio
2485 3594 2647 3651 modo
2671 3590 3007 3663 persuadere
3034 3587 3313 3643 nitebatur
3338 3599 3469 3641 suos

1893 3691 2219 3761 discipulos,
2243 3698 2298 3745 et
2337 3692 2609 3757 quotquot
2642 3699 2711 3740 ex
2760 3682 2847 3739 eis
2880 3689 3041 3738 erant
3081 3677 3379 3739 acutiores,
3411 3690 3472 3730 se

1893 3784 2150 3840 nimirum
2173 3797 2295 3839 esse
2316 3779 2519 3835 Filium
2550 3775 2858 3834 secundum
2881 3780 3158 3834 naturam,
3187 3784 3252 3823 ac
3275 3766 3468 3829 Deum,

1892 3884 1948 3930 et
1986 3889 2086 3945 pro
2108 3873 2354 3929 omnium
2386 3870 2569 3927 salute
2607 3869 2664 3923 in
2711 3868 2948 3921 humana
3000 3863 3174 3917 l‘ornia
3231 3858 3467 3914 venisse.

1893 3966 2156 4034 Quaenam
2178 3965 2345 4036 igitur
2368 3972 2452 4020 est
2479 3962 2570 4016 illa
2596 3961 2736 4015 ratio
2767 3972 2889 4029 qua:
2931 3955 2999 4011 ad
3022 3953 3178 4009 ﬁdem
3208 3947 3473 4005 adducit?

1891 4057 2149 4129 Cognitio
2185 4055 2295 4111 Deo
2340 4053 2696 4110 conveniens.
2746 4048 2941 4105 Omnia
2981 4045 3129 4101 enim
3177 4057 3341 4097 nosse
3373 4038 3469 4093 uni

1891 4147 2003 4204 Deo
2023 4147 2302 4202 convenit.
2328 4145 2547 4215 Excipit
2567 4157 2699 4214 ergo
2718 4136 3134 4199 Nathanaelem,
3158 4149 3264 4188 non
3287 4144 3471 4186 assen-

1892 4240 2214 4296 tatiunculis
2261 4254 2388 4295 eum
2443 4237 2550 4294 sibi
2599 4233 2932 4297 concilians,
2966 4230 3061 4287 sed
3092 4224 3364 4298 expositis
3396 4221 3467 4280 iis

1889 4347 2124 4405 quorum
2176 4330 2436 4386 conscius
2475 4336 2616 4393 erat,
2653 4326 2938 4382 hominum
2972 4321 3141 4378 corda
3180 4334 3288 4389 qua
3322 4315 3469 4370 Deus

1890 4434 1975 4482 est
2005 4441 2066 4481 se
2087 4437 2258 4480 nosse
2284 4421 2640 4479 conﬁrmans.

1961 4516 2005 4581 Ι,
2041 4515 2131 4571 48.
2176 4514 2317 4568 Dicit
2349 4514 2397 4567 ei
2429 4508 2742 4565 Nathanael
2773 4524 2790 4562 .'
2825 4504 2973 4560 Unde
3006 4519 3088 4558 me
3114 4502 3296 4558 nosti?

279 4582 544 4653 Ἀρχεται
591 4583 890 4655 θαυμάζειν
950 4588 980 4641 6
1023 4587 1349 4661 Ναθαναὴλ,
1401 4593 1494 4645 καὶ
1544 4595 1787 4649 καλεῖται

1959 4604 2264 4662 Natbanael
2300 4603 2489 4658 mirari
2518 4600 2729 4671 incipit,
2777 4606 2832 4655 et
2883 4597 2952 4652 ad
2992 4596 3305 4651 ﬁrmitatem
3338 4589 3465 4645 ﬂdei

209 4674 349 4743 πρὸς
393 4673 575 4727 πίστιν
623 4676 722 4746 ήδη
772 4677 1032 4747 βεϐαίαν
1063 4679 1141 4732 ἔτι
1178 4681 1236 4734 δὲ
1287 4682 1575 4752 μανθάνειν
1626 4685 1785 4752 ἀξιοῖ,

210 4765 373 4819 πόθεν
402 4766 468 4819 ἂν
505 4768 616 4837 ἔχοι
649 4768 756 4823 τῶν
804 4769 923 4823 κατ’
959 4771 1121 4826 αὑτὸν
1150 4772 1248 4844 τὴν
1288 4775 1507 4842 γνῶσινο
1540 4780 1787 4850 ἀκριϐεῖς

210 4857 329 4928 γάρ,
371 4858 490 4911 λίαν
544 4861 599 4912 al
636 4860 952 4932 φιλομαθεῖς
986 4862 1081 4915 καὶ
1126 4862 1360 4930 φιλόθεοι
1404 4866 1591 4939 ψυχαί.
1631 4870 1789 4926 Ὑπο-

212 4951 319 5000 vos?
361 4949 419 5001 δὲ
463 4950 592 5013 ἴσως
636 4951 741 5004 ὑπὸ
772 4951 1037 5005 Φιλίππου
1079 4954 1147 5009 τὰ
1180 4957 1298 5009 κατ’
1322 4957 1484 5015 αὑτὸν
1520 4959 1784 5031 δεδεῖχθαι

210 5038 284 5109 τῷ
314 5040 521 5111 Κυρίῳ.

289 5131 602 5201 Ἀπεκρίθη
636 5135 886 5203 Ἰησους,
902 5136 1002 5190 καί
1032 5134 1203 5194 εἷπεν
1218 5142 1407 5208 αὐτῷ·
1438 5145 1557 5213 Πρὸ
1575 5147 1680 5201 τοῦ
1709 5162 1785 5201 σε

213 5220 507 5277 Φίλιππον
526 5225 821 5294 φωνῆσαι,
851 5227 997 5282 ὄντα
1017 5231 1133 5285 ὑπὸ
1153 5232 1269 5301 τὴν
1287 5234 1491 5304 συκῆν
1503 5233 1667 5293 εἶδόν
1687 5255 1781 5295 σε.

281 5311 511 5401 ῗβλυσεν
545 5314 694 5385 αὑτῷ
715 5317 815 5387 τὴν
844 5318 1098 5375 ὑπόνοιαν
1135 5323 1163 5375 6
1197 5324 1407 5395 Σωτὴρ,
1435 5328 1529 5380 καὶ
1555 5328 1661 5399 πρὸ
1683 5331 1785 5401 τῆς

325 5398 589 5501 Φιλίππου
610 5406 956 5501 Δσυντεύξεώς
992 5427 1053 5464 τε
1092 5412 1184 5465 καὶ
1228 5413 1443 5482 ὁμιλίας
1481 5398 1783 5488 ἑωρακέναι

210 5490 377 5557 λέγων
410 5494 570 5547 αὑτὸν
602 5496 707 5550 ὑπὸ
736 5499 926 5570 συκῆν,
972 5500 1147 5555 καίτοι
1195 5502 1269 5576 μὴ
1318 5503 1507 5575 παρὼν
1552 5507 1636 5578 τῷ
1680 5508 1783 5563 σῶ-

212 5592 358 5648 ιιατι.
395 5584 695 5658 Χρησίμως
724 5605 786 5641 τε
821 5590 1025 5661 σφόδρα
1054 5592 1148 5646 καὶ
1175 5594 1208 5664 ἡ
1237 5598 1396 5666 συκῆ,
1432 5598 1527 5651 καὶ
1558 5600 1587 5651 6
1618 5600 1780 5667 τόπος

209 5669 548 5744 ὀθομάζεται,
575 5678 671 5750 τὴν
707 5679 801 5733 τοὺ
847 5682 1216 5755 τεθεωρῆσθσι
1262 5687 1444 5742 πίστιν
1486 5689 1647 5747 αὑτὸν
1684 5693 1779 5761 ἐγ-

282 5854 322 5886 ⁶⁴
350 5856 510 5915 Mich.
544 5879 593 5930 γ,
629 5865 680 5919 2,

779 5868 821 5898 δ’
853 5865 983 5924 Luc.
1024 5886 1084 5937 ιι,
1115 5873 1200 5928 51.
1316 5876 1358 5907 ⁸⁸
1394 5873 1527 5931 Luc.
1566 5891 1639 5942 iv,
1679 5875 1772 5934 ‘22.

1884 4697 1997 4768 jam
2024 4704 2275 4762 vocatur,
2307 4694 2406 4751 sed
2435 4695 2739 4749 etiamnum
2765 4695 3158 4763 percunctatur
3191 4684 3464 4742 undenam

1885 4789 2067 4857 ipsum
2114 4786 2370 4842 Christus
2404 4793 2611 4841 nosset.
2656 4785 2941 4838 Accuratae
2969 4780 3119 4836 enim
3173 4777 3287 4833 fere
3335 4782 3467 4831 sunt

1886 4879 2146 4935 studiosae
2206 4893 2270 4933 ac
2317 4876 2417 4932 Dei
2467 4885 2719 4931 amantes
2746 4875 2963 4929 animae.
3017 4871 3229 4926 Forsan
3280 4874 3466 4922 autem

1883 4971 2199 5042 suspicatur
2234 4985 2293 5024 se
2319 4968 2556 5038 Philippi
2587 4981 2753 5038 opera
2789 4964 3024 5019 Domino
3060 4959 3393 5016 innotuisse.

1958 5147 1999 5209 l,
2032 5145 2124 5201 68.
2169 5144 2449 5216 Respondit
2475 5144 2653 5210 Iesus,
2688 5155 2738 5200 et
2781 5144 2916 5198 dixit
2945 5143 3035 5198 ei:
3061 5141 3382 5209 Priusquam
3411 5146 3463 5191 te

1887 5234 2170 5305 Philippus
2206 5247 2436 5301 vocaret,
2458 5254 2578 5292 cum
2603 5253 2739 5292 esses
2771 5235 2866 5289 sub
2897 5235 3023 5303 ﬁcu,
3053 5230 3156 5286 vidi
3180 5242 3227 5285 te

1963 5328 2140 5383 Solvit
2177 5329 2300 5397 ejus
2352 5329 2723 5400 suspicionem
2773 5326 3053 5388 Servator,
3089 5323 3218 5377 dum
3278 5320 3353 5374 ait
3403 5335 3463 5375 se

1888 5433 2012 5473 eum
2044 5420 2151 5476 sub
2180 5421 2283 5476 ﬁcu
2305 5422 2509 5478 vidisse
2531 5419 2746 5476 tametsi
2778 5431 3008 5488 corpore
3041 5415 3250 5477 aberat,
3278 5411 3461 5481 prius-

1888 5526 2052 5582 quam
2105 5513 2171 5568 ad
2203 5529 2264 5569 se
2291 5514 2533 5571 venisset
2565 5521 2664 5568 aut
2718 5514 2938 5567 locutus
2968 5518 3117 5565 esset
3144 5505 3456 5574 Philippus.

1886 5601 1953 5656 Et
1979 5603 2135 5659 valde
2180 5604 2390 5661 utiliter
2432 5620 2555 5659 cum
2604 5604 2762 5667 ﬁcus,
2795 5611 2912 5656 t-utn
2956 5600 3111 5655 locus
3154 5596 3272 5667 ipse
3308 5593 3460 5649 desi-

1885 5700 2140 5764 gnantur,
2198 5695 2399 5766 quibus
2454 5695 2744 5752 certiorem
2806 5692 2963 5748 ﬁdem
3023 5687 3155 5744 facit
3214 5700 3274 5743 se
3331 5696 3455 5739 eum
