4118 6528
739 354 866 425 ’135

1759 370 1819 425 S.
1860 370 2131 427 CYRlLLl
2166 372 2634 428 ALEXANDBINI
2675 372 2991 433 ARClIlEI‘.
3879 400 3960 459 εει

753 477 1130 551 conspicatum
1172 498 1316 540 esse.
1375 483 1510 542 Cum
1568 485 1712 540 enim
1772 485 1826 542 id
1892 489 2050 558 plane
2112 499 2296 545 nosset

2423 490 2708 561 γυώμενα·
2756 492 2785 543 6
2826 493 2933 564 γὰρ
2965 493 3207 561 ἀκριϐῶς
3248 496 3347 569 ήδη
3404 499 3610 573 μαθὼν,
3657 505 3750 558 καὶ
3790 509 3845 564 τὸ
3888 518 3962 571 σὺν

751 572 918 627 etiam
950 574 1354 629 consectarium
1388 574 1545 630 facile
1584 577 1824 647 admisit.

824 662 865 725 1.
896 664 989 719 49.
1025 663 1311 734 Respondit
1339 668 1389 721 ei
1421 666 1760 738 Nathanael,
1794 679 1844 727 et
1878 673 1954 725 ait
1985 688 2003 726 :
2032 672 2230 737 Rabbi,
2267 682 2323 726 tu

751 769 807 810 es
838 751 1014 809 Filius
1040 753 1159 824 Dei,
1194 766 1246 809 tu
1273 774 1327 816 es
1353 755 1461 813 Rex
1484 756 1677 813 Israel.

814 930 1053 991 Noverat
1088 932 1261 1005 probe
1297 932 1462 989 Deum
1504 941 1866 991 scrutatorem
1892 950 2014 991 esse
2044 936 2316 1003 cordium,

699 1084 705 1093 ,
748 1037 850 1082 nec
882 1023 978 1081 ulli
1013 1023 1170 1080 alteri
1198 1033 1438 1081 mentem
1476 1025 1718 1081 hominis
1758 1035 1974 1094 patere,
2013 1028 2171 1090 illud,
2201 1030 2318 1099 opi-

747 1128 874 1177 nor,
907 1111 1214 1169 Psalmistze
1241 1114 1424 1168 animo
1456 1116 1778 1171 revolvens:
1810 1136 1827 1166 ι
1861 1114 2127 1171 Scrutans
2152 1119 2317 1172 corda

747 1214 801 1257 et
830 1218 993 1259 renes
1025 1202 1168 1260 Deus
1205 1207 1272 1261 ".
1314 1225 1332 1258 ›
1370 1204 1527 1270 Quod
1561 1207 1704 1260 enim
1740 1207 1830 1259 alii
1866 1208 1996 1261 nulli
2032 1224 2191 1277 quam
2218 1225 2316 1264 na-

747 1300 885 1353 tura
905 1292 1107 1352 divina:
1131 1295 1277 1350 istud
1308 1295 1459 1360 insit,
1488 1295 1645 1367 134
1675 1308 1931 1367 tanquam
1957 1298 2002 1352 ei
2032 1300 2314 1368 proprium

745 1399 811 1439 ac
832 1386 1113 1455 peculiare
1144 1386 1356 1443 Psaltes
1391 1389 1665 1445 attribuit.
1694 1389 1829 1443 Cum
1862 1390 2046 1461 itaque
2070 1393 2316 1448 animad-

744 1477 999 1535 vertisset
1042 1494 1106 1535 ea
1163 1479 1394 1535 Domino
1436 1488 1628 1550 patere
1671 1496 1792 1551 quae
1828 1484 2029 1539 tacitus
2077 1485 2217 1555 apud
2255 1502 2316 1541 se

2424 583 2570 654 αὐτῷ
2599 584 2831 655 ἑτοίμως
2861 586 2928 639 ἂν
2956 586 3287 657 παρεδέξατο

2504 676 2808 743 Ἀπεκρίθη
2842 678 3190 747 Ναθαναὴλ,
3221 679 3319 733 καὶ
3357 680 3521 751 λέγει
3551 684 3711 750 αὐτῷ
3731 703 3745 717 ⁸
3785 688 3957 762 Ῥαϐὅὶ,

2422 763 2501 818 σὺ
2553 763 2612 819 εἴ
2659 768 2692 819 ό
2746 767 2875 833 Υἱὸς
2913 767 3018 822 τοῦ
3056 768 3224 836 Θεοῦ,
3249 769 3331 825 σὺ
3368 771 3426 826 ετ
3475 775 3510 827 ό
3560 776 3850 847 Βασιλεὺς
3879 789 3960 841 τοῦ

2435 855 2691 923 Ἰσραήλ.

2490 944 2611 1000 Οἵδε
2662 948 2819 1018 μόνον
2874 967 3005 1005 οντα
3045 952 3284 1023 καρδιῶν
3336 954 3634 1028 ὲρευνητὴν
3684 960 3775 1013 τὸν
3826 962 3956 1031 θεὸν,

2419 1038 2594 1091 οὐδενὶ
2643 1040 2700 1092 δὲ
2751 1040 2922 1112 ἑτέρῳ
2977 1042 3070 1096 τὸν
3119 1043 3402 1115 ἀνθρώπου
3450 1047 3665 1102 δίδωσιν
3710 1051 3955 1116 ἐξεπίστα.

2419 1126 2541 1180 σοαι
2590 1128 2733 1194 νοῦν,
2793 1130 2854 1183 τὸ
2913 1133 2970 1185 έν
3024 1132 3273 1203 Ψαλμοῖς
3309 1136 3505 1203 έκεῖνο,
3567 1138 3709 1192 κατὰ
3741 1140 3953 1208 τδείχδς,

2417 1216 2834 1287 ἐνθυμούμενος
2893 1238 2911 1271 ι
2952 1220 3187 1286 Ἐτὰξων
3253 1225 3478 1295 καρδίας
3538 1229 3631 1280 καὶ
3690 1231 3956 1299 νεφροὺςὸ

2415 1308 2563 1371 Θεός.
2598 1328 2615 1360 ι
2658 1309 2744 1373 Ὠς
2773 1310 2881 1381 γάρ
2914 1312 3083 1365 οὐδενὶ
3120 1313 3229 1366 τῶν
3267 1315 3441 1369 ἄλλων
3488 1319 3711 1388 προσὸν,
3752 1322 3875 1395 μόνῃ
3902 1331 3951 1396 τῇ

2416 1396 2537 1470 Θείᾳ
2570 1400 2744 1467 φύσει.
2794 1403 2888 1455 καὶ
2937 1401 3094 1456 τοῦτο
3139 1404 3416 1475 ἐξαίρετον
3446 1410 3472 1459 6
3514 1409 3767 1479 Μελῳδὸς
3801 1413 3956 1467 ἀνατέο

2417 1486 2614 1541 Θεικεν.
2668 1489 2875 1543 Οὐκοῦν
2922 1492 2979 1544 έν
3032 1492 3327 1564 ἀφθόγγοις
3371 1495 3449 1548 ἔτι
3500 1498 3841 1570 ψιθυρισμοῖς
3880 1505 3955 1575 τὴν

743 1564 1019 1627 versabat,
1056 1566 1379 1636 magistrum
1432 1584 1556 1623 eum
1595 1568 1742 1624 illico
1788 1572 2053 1638 nominat,
2085 1575 2313 1645 ejusque

740 1654 1045 1726 disciplima
1091 1658 1259 1713 alacri
1303 1668 1484 1716 mente
1533 1676 1593 1716 se
1646 1661 1835 1727 tradit,
1875 1662 2181 1735 Filiumque
2220 1666 2299 1721 Dei

2413 1665 2554 1736 ἔγνω
2587 1667 2892 1740 Θεωροῦντα
2940 1670 3032 1723 τὸν
3078 1672 3301 1743 Κύριον,
3342 1673 3663 1729 διδάσκαλον
3700 1677 3796 1747 μὲν
3825 1654 3956 1746 εὒθδξ

734 1752 793 1799 et
820 1744 1020 1817 Regem
1046 1746 1212 1808 lsrael
1234 1766 1359 1829 esse
1389 1751 1613 1819 fatetur,
1636 1769 1762 1807 eum
1794 1754 1981 1825 utique
2007 1758 2299 1812 secundum

2413 1759 2694 1824 ἀποκαλεῖ,
2731 1761 3025 1833 προθύμως
3062 1762 3160 1834 ἤδη
3208 1762 3306 1834 τὴν
3358 1765 3449 1817 ὑπ’
3494 1765 3645 1836 αύτῷ
3697 1744 3956 1839 μαθητείαν

740 1846 993 1894 naturam
1027 1856 1152 1899 esse
1198 1828 1419 1914 quoque
1468 1844 1637 1900 Deum
1687 1846 2056 1913 conﬁrmans,
2098 1851 2151 1904 in
2201 1867 2299 1922 quc

2412 1849 2716 1917 είσϐαίνων,
2749 1828 2884 1904 εδεοῦ
2910 1828 2981 1904 ’δὲ
3014 1828 3160 1905 Υίδνν
3186 1828 3439 1924 ὁμολογεῖ
3481 1858 3575 1909 καὶ
3613 1828 3843 1927 ’βασιλέα
3881 1862 3954 1915 τοῦ

740 1926 972 1987 Deitatis
1003 1933 1365 2003 proprietates
1393 1936 1747 1993 inexsistunt.

2425 1941 2658 2012 Ἰσραὴλ,
2685 1934 2839 2014 ᾧπερ
2867 1944 2932 1996 ἂν
2965 1944 3260 2015 ἐνυπάρχοι
3312 1946 3381 1999 τὰ
3423 1948 3523 2017 τῆς
3570 1926 3827 2019 Θεότητος
3852 1951 3953 2017 δια,

2411 2033 2596 2086 τοῦτον
2622 2031 2759 2087 εἶναι
2798 2034 3013 2098 πάντως
3044 2037 3137 2091 καὶ
3165 2038 3305 2091 κατὰ
3336 2038 3503 2107 φύσιν»
3527 2039 3664 2093 Θεὸν
3703 2042 3953 2097 εὐπαιδεύ-

2410 2140 2517 2185 τως
2545 2124 2850 2177 διαϐεϐαιού
2860 2143 3035 2194 μενος.

2482 2216 2786 2283 Ἀπεκρίθη
2822 2216 3071 2284 Ἰησοῦς,
3104 2218 3201 2270 καὶ
3241 2215 3412 2273 εἶπεν
3435 2218 3627 2284 αὐτῷ·
3670 2220 3789 2275 Ὀτι
3814 2218 3954 2277 εἶπόν

2410 2321 2527 2370 σοι,
2553 2306 2639 2358 ὅτι
2666 2302 2830 2360 εἶδόν
2855 2323 2927 2359 σε
2951 2308 3229 2361 ὑποκάτω
3261 2307 3371 2376 τῆς
3404 2307 3619 2377 συκῆς,
3657 2314 3949 2380 πιστεύεις·

2404 2394 2575 2464 μείζω
2606 2396 2830 2449 τούτων
2858 2396 3011 2464 ὄψει.

2492 2485 2915 2559 Ἀσφαλέστερος
2948 2486 3045 2558 ἔσῃ
3075 2488 3210 2557 πρὸς
3257 2489 3456 2554 πίστιν,
3491 2491 3676 2562 φησὶν,
3710 2492 3831 2546 ὅταν
3864 2494 3953 2568 (in;

2406 2577 2473 2629 τὰ
2500 2577 2700 2630 τούτων
2736 2577 2985 2648 μείζονα·
3020 2583 3047 2632 ό
3078 2580 3187 2651 γὰρ
3222 2580 3301 2632 ἑνὶ
3338 2580 3546 2650 σημείῳ
3579 2582 3950 2647 πεπιστευκὼς,

2408 2668 2524 2731 πῶς
2564 2669 2663 2721 οὐκ
2719 2668 2869 2722 ἔσται
2913 2671 3132 2734 πάντως
3185 2670 3272 2724 διὰ
3320 2671 3529 2724 πολλῶν
3581 2674 3640 2724 ἐν
3692 2674 3950 2744 ἀμείνοσιν,

2405 2761 2530 2813 ὅταν
2558 2760 2621 2831 δὴ
2663 2760 2896 2831 μάλιστα
2933 2762 3208 2830 φαίνοιντο
3241 2760 3348 2813 τῶν
3385 2760 3484 2833 ἤδη
3522 2760 3952 2832 τεθαυμασμένων

2405 2850 2723 2918 άξιολογώτε
2734 2868 2799 2921 ρα

2486 2939 2683 3009 Ἀμὴν,
2723 2940 2887 3009 ἀμὴν
2918 2939 3073 3010 λέγω
3126 2940 3289 3010 ὑμῖν,
3319 2941 3543 3009 ὄψεσθε
3583 2942 3697 2994 τὸν
3732 2942 3951 3010 οὐρανὸν

2402 3030 2720 3099 ἀνεῳγότα,
2760 3032 2858 3084 καὶ
2901 3032 3041 3097 τοὺς
3084 3031 3378 3102 ἀγγέλους
3410 3031 3516 3085 τοῦ
3557 3031 3711 3085 Θεοῦ
3745 3032 3949 3087 ἀναϐαι-

2403 3137 2620 3188 νοντας
2644 3122 2743 3176 καὶ
2773 3124 3242 3189 καταϐαίνοντας
3273 3122 3371 3177 ἐπὶ
3408 3123 3515 3177 τὸν
3554 3122 3697 3177 Υίὸν
3736 3124 3835 3178 τοῦ
3865 3125 3949 3179 ἀν·

2404 3211 2657 3279 θρώπου.

2472 3303 2663 3367 Κοινὺς
2702 3304 2803 3373 ήδη
2853 3303 2988 3374 πρὸς
3037 3304 3244 3367 πάντας
3289 3306 3317 3357 6
3367 3304 3523 3369 λόγος
3570 3304 3953 3376 ὲπισφραγίζων

2400 3393 2493 3447 τοῦ
2527 3394 2816 3466 Ναθαναὴλ
2853 3396 2950 3466 τὴν
2990 3396 3192 3451 πίστιν.
3243 3395 3529 3464 Ἀγγέλους
3564 3395 3623 3448 δὲ
3658 3394 3948 3465 ὀφθήσεσθαι

2398 3484 2572 3554 λέγων
2598 3486 2710 3539 ἄνω
2739 3504 2798 3538 τε
2844 3487 2939 3539 καὶ
2976 3486 3127 3540 κάτω
3159 3486 3450 3557 τρέχοντας
3479 3486 3573 3540 ἐπὶ
3609 3486 3703 3539 τὸν
3735 3486 3853 3538 Υἱδν
3876 3485 3951 3537 τοῦ

2399 3576 2706 3647 ἀνθρώπου,
2729 3576 2875 3630 τοῦτ’
2914 3577 3081 3641 ἔστιν,
3132 3573 3536 3648 ὑπηρετοῦντας
3568 3579 3669 3631 καὶ
3706 3579 3948 3631 διακονου-

2402 3668 2596 3738 μένους
2623 3672 2736 3735 τοῖς
2771 3669 2935 3725 αὐτοῦ
2963 3670 3350 3738 διατάγμασιν,
3382 3671 3460 3732 εἰς
3493 3668 3592 3741 τὴν
3626 3670 3737 3724 τῶν
3763 3668 3947 3739 μελλόν-

2398 3778 2506 3815 των
2537 3762 2808 3816 πιστεύειν
2840 3762 3141 3834 σωτηρίαν,
3174 3760 3294 3813 τότε
3319 3760 3383 3831 δὴ
3409 3760 3647 3830 μάλιστα
3677 3761 3805 3815 Θεοῦ
3836 3759 3947 3813 κατὰ

2399 3850 2559 3919 φύσιν
2590 3853 2848 3923 ὑπάρχων
2882 3853 3009 3915 Υἱὸς
3038 3850 3523 3921 ἀναδειχθήσεσθαί
3556 3869 3744 3922 φησιν.
3774 3852 3841 3904 Ui»
3863 3850 3947 3919 γὰρ

2396 3943 2655 4014 ἀλλήλαις
2690 3945 2747 3996 αἱ
2790 3943 3005 4011 λογικαὶ
3053 3943 3330 4013 δυνάμεις,
3361 3942 3478 4013 Θεῷ
3519 3945 3575 3997 δὲ
3616 3944 3826 4005 πάντως
3850 3942 3945 3993 δουο

2396 4032 2663 4085 λεύουσιν.
2707 4032 2820 4085 Οὐκ
2862 4033 3075 4103 ἀναιρεῖ
3117 4032 3171 4084 δὲ
3214 4034 3243 4085 6
3290 4031 3445 4100 λόγος
3490 4033 3588 4101 τὴν
3631 4032 3691 4083 ὲν
3734 4029 3946 4099 ἀγγέλοις

2399 4123 2679 4192 ύποταγήν
2699 4138 2714 4153 ·
2746 4122 2867 4176 οὐδὲ
2906 4121 3015 4192 γὰρ
3044 4122 3110 4175 ἂν
3151 4124 3388 4191 εὐλόγως
3425 4122 3583 4176 τοῦτο
3612 4122 3819 4176 καλοῖτο
3846 4123 3945 4175 δου-

2396 4212 2548 4267 λεία·
2596 4213 2910 4284 ἀκηκόαμεν
2959 4211 3016 4264 δὲ
3064 4212 3150 4266 διὰ
3187 4214 3296 4268 τῶν
3343 4214 3512 4280 ἁγίων
3550 4211 3944 4281 εὐαγγελιστῶν,

2396 4302 2588 4373 ὅτιπερ
2616 4302 2835 4371 ἄγγελοι
2878 4301 3179 4372 προσῆλθον
3218 4302 3295 4373 τῷ
3338 4303 3549 4373 Σωτῆρι
3599 4301 3831 4373 Χριστῷ,
3871 4301 3945 4353 καὶ

2416 1577 2664 1632 ὑπόνοιαν
2691 1578 2838 1649 αὐτῷ
2879 1583 3249 1653 στρεφομένην
3280 1585 3420 1638 κατὰ
3473 1586 3562 1639 τὸν
3608 1587 3733 1641 νοῦν
3764 1592 3955 1664 ἐπείπερ

813 2193 853 2260 Ι,
882 2194 983 2255 50.
1026 2196 1308 2266 Respondit
1330 2198 1513 2267 Iesus,
1536 2212 1585 2256 et
1610 2203 1746 2258 dixit
1770 2205 1819 2259 ei
1846 2222 1864 2259 :
1889 2205 2028 2271 Quia
2050 2207 2164 2261 dixi
2192 2210 2307 2275 tibi,

748 2284 870 2341 Vidi
911 2298 959 2343 te
981 2288 1077 2344 sub
1100 2290 1227 2359 ﬁcu,
1265 2292 1433 2345 credis
1458 2308 1475 2345 :
1500 2296 1707 2364 majora
1739 2295 1818 2349 his
1849 2297 2062 2352 videbis.

804 2464 1045 2521 Firmior
1078 2466 1189 2522 eris
1220 2468 1286 2523 ad
1322 2467 1481 2525 ﬁdem
1503 2512 1516 2535 ,
1550 2470 1762 2542 inquit,
1812 2488 1934 2529 cum
1966 2474 2053 2531 his
2100 2476 2305 2546 majora

732 2557 958 2615 videris.
987 2558 1089 2625 Qui
1114 2559 1256 2616 enim
1289 2561 1381 2615 uni
1414 2562 1570 2633 signo
1607 2564 1862 2629 credidit,
1893 2567 2167 2635 quomodo
2196 2585 2303 2621 non

729 2649 836 2709 erit
887 2649 1048 2722 longe
1101 2651 1332 2720 ﬁrmior,
1391 2669 1517 2709 cum
1552 2656 1769 2725 potiora
1816 2656 2083 2713 miracula
2133 2675 2305 2732 appa-

730 2741 947 2799 ruerint
974 2743 998 2796 ?

795 2912 839 2981 1,
880 2916 970 2970 51.
1010 2917 1195 2983 Amen,
1247 2937 1399 2974 amen
1444 2921 1564 2976 dico
1612 2922 1786 2989 vobis,
1834 2924 2074 2979 videbitis
2119 2928 2301 2981 certum

726 3017 987 3074 apertum,
1018 3019 1068 3063 et
1097 3012 1309 3079 angelos
1338 3012 1435 3065 Dei
1464 3014 1803 3070 ascendentes
1841 3026 1890 3070 et
1934 3017 2299 3073 descendentes

727 3113 889 3167 supra
916 3096 1116 3154 Filium
1136 3102 1384 3157 hominis.

2326 3173 2370 3231 C

794 3269 917 3326 lam
966 3273 1033 3328 ad
1061 3288 1253 3331 omnes
1299 3275 1608 3331 orationem
1643 3278 1918 3333 convertit
1952 3296 2058 3347 qua
2091 3279 2300 3336 Natha-

725 3363 901 3419 naelis
930 3364 1089 3421 ﬁdem
1120 3367 1432 3422 conﬁrmat.
1464 3368 1601 3423 Cum
1636 3378 1815 3425 autem
1861 3373 2082 3441 angelos
2122 3374 2297 3429 visum

725 3454 797 3511 iri
823 3458 921 3521 ait,
959 3458 1320 3515 ascendentes
1369 3474 1433 3515 ac
1466 3460 1864 3519 descendentes
1892 3479 2058 3533 super
2097 3464 2297 3520 Filium

725 3545 1001 3613 hominis,
1035 3548 1137 3603 hoc
1176 3558 1261 3605 est
1295 3551 1699 3618 ministrantes,
1729 3560 1786 3609 et
1843 3554 2115 3611 mandatis
2146 3556 2296 3626 ejus,

725 3635 797 3692 ad
826 3637 1059 3693 salutem
1090 3654 1281 3695 eorum
1303 3643 1398 3711 qui
1430 3643 1692 3696 credituri
1729 3652 1881 3711 sunt,
1906 3644 2294 3714 obsequentes,

722 3738 859 3785 tunc
889 3732 1125 3788 maxime
1149 3748 1209 3788 se
1236 3742 1436 3788 natura
1461 3733 1558 3790 Dei
1590 3735 1789 3790 Filium
1808 3751 1931 3791 esse
1955 3738 2300 3793 demonstra-

723 3828 841 3875 tum
883 3822 949 3877 iri
985 3824 1276 3895 signiﬁcat.
1314 3824 1435 3881 Non
1471 3826 1617 3881 enim
1659 3827 1765 3882 sibi
1801 3837 1991 3884 mutuo
2018 3830 2299 3899 spiritales

723 3912 831 3967 illae
862 3914 1112 3978 virtutes.
1150 3916 1246 3971 sed
1292 3915 1403 3972 Deo
1434 3928 1585 3973 certe
1639 3919 1908 3974 serviunt.
1959 3918 2119 3986 Quod
2168 3938 2295 3978 cum

719 4004 964 4060 dicimus
995 4020 1184 4060 earum
1242 4008 1643 4077 subjectionem
1702 4026 1811 4066 non
1858 4012 2103 4069 tollimus
2141 4032 2153 4069 :
2196 4033 2297 4073 nec

719 4097 870 4151 enim
910 4098 1229 4153 servitutem
1265 4102 1558 4171 quisquam
1596 4110 1749 4158 recte
1781 4117 1914 4158 sane
1940 4104 2141 4161 dixerit
2177 4127 2191 4162 :
2228 4109 2297 4164 de

716 4186 942 4244 Christo
971 4204 1101 4244 vero
1134 4191 1310 4244 sancti
1353 4193 1704 4263 evangelista:
1751 4196 2027 4262 scribunt,
2074 4201 2296 4269 angelos

719 4281 787 4335 ad
833 4280 1181 4337 Servatorem
1227 4284 1511 4339 Christum
1553 4286 1877 4354 accessisse,
1931 4298 1985 4344 et
2032 4291 2083 4346 ei
2135 4295 2297 4349 mini-

719 4382 930 4429 strasse
962 4375 1030 4428 °°.

2398 4395 2678 4465 διηκόνουν
2706 4394 2873 4464 αὐτῷ.

791 4463 857 4529 ΙΙ,
900 4465 1021 4520 1-4.
1067 4465 1135 4519 Et
1168 4468 1253 4521 die
1286 4468 1441 4521 tertia
1482 4470 1679 4538 nuptiis
1717 4471 1874 4540 facta
1907 4483 2026 4527 sunt
2055 4475 2110 4527 in
2143 4474 2295 4529 Cana

2470 4463 2582 4540 Kal
2614 4484 2690 4554 τῇ
2715 4463 2900 4555 ἡμέρᾳ
2924 4486 2997 4555 τῇ
3022 4486 3189 4553 τρίτη
3238 4483 3423 4554 γάμος
3460 4482 3699 4552 ἐγένετο
3722 4483 3790 4536 έν
3812 4477 3946 4543 Κανᾶ

718 4555 963 4613 ϐαιὶίωιε
990 4575 1009 4613 :
1037 4568 1088 4614 et
1116 4570 1231 4614 erat
1260 4568 1430 4615 mater
1453 4560 1585 4616 Iesu
1616 4563 1726 4633 ibid
1743 4564 1974 4620 Vocatus
2004 4579 2083 4622 est
2118 4578 2294 4624 autem

2399 4577 2510 4646 τῆς
2537 4577 2885 4640 Γαλιλαίας,
2917 4576 3015 4631 καὶ
3038 4573 3117 4647 ἦν
3144 4578 3183 4644 ἡ
3208 4575 3406 4645 μήτηρ
3447 4574 3552 4628 τοῦ
3600 4573 3800 4641 Ἰησοῦ
3828 4569 3943 4626 ἐκεῖ.

716 4658 770 4703 et
799 4647 956 4704 Iesus
996 4659 1046 4704 et
1087 4651 1334 4720 discipuli
1367 4653 1484 4722 ejus
1518 4655 1589 4708 ad
1620 4657 1831 4723 nuptias
1860 4698 1874 4711 .
1919 4667 1970 4712 et
2018 4659 2295 4728 deﬁciente

2412 4668 2672 4735 Ἐκλήθη
2716 4667 2785 4719 δέ
2831 4666 2927 4721 καὶ
2958 4671 2991 4721 ὁ
3030 4666 3271 4733 Ἰησοῦς
3295 4664 3392 4718 καὶ
3430 4667 3484 4717 οἱ
3508 4664 3762 4734 μαθηταὶ
3787 4660 3944 4715 αὑτοῦ

718 4741 861 4805 vino,
891 4742 1019 4796 dicit
1051 4751 1221 4798 mater
1247 4743 1379 4800 Iesu
1415 4748 1483 4801 ad
1508 4763 1623 4802 eum
1649 4764 1669 4802 :
1708 4746 1898 4804 Vinum
1939 4768 2041 4806 non
2081 4753 2290 4809 habent.

2398 4761 2483 4824 εἷς
2513 4757 2621 4811 τὸν
2648 4758 2856 4827 γάμον,
2889 4758 2987 4811 καὶ
3032 4756 3484 4825 ὑστερήσαντος
3517 4755 3709 4818 οἴνου,
3743 4753 3886 4823 λέγει
3915 4751 3946 4817 ἡ

720 4833 789 4889 Et
820 4836 950 4890 dicit
979 4838 1027 4891 ei
1060 4835 1241 4894 Iesus.

2398 4848 2588 4917 μήτηρ
2617 4848 2721 4903 τοῦ
2758 4849 2951 4917 Ἰησοῦ
2978 4850 3129 4918 πρὸς
3155 4849 3361 4911 αὑτὸν,
3400 4844 3579 4900 Οἶνον
3607 4847 3717 4900 οὐκ
3742 4845 3942 4913 έχουσι.

2396 4939 2506 4994 Καὶ
2533 4939 2694 5009 λέγει
2725 4940 2878 5009 αὺτῇ
2907 4943 2941 4995 ό
2982 4938 3228 5007 Ἰησοῦς.

2466 5030 2804 5101 Εύαφόρμως
2849 5030 3066 5100 ἔρχεται
3105 5028 3289 5081 λοιπὸν
3329 5027 3420 5081 ἐπὶ
3466 5024 3563 5097 τὴν
3598 5023 3707 5077 τῶν
3736 5019 3945 5092 σημείων

2394 5120 2588 5193 ἀρχὴν,
2617 5122 2665 5173 εί
2696 5122 2791 5175 καὶ
2817 5122 3129 5191 ἀϐουλήτως
3166 5120 3339 5173 ἐδόκει
3382 5115 3665 5170 καλεῖσθαι
3712 5112 3840 5185 πρὸς
3868 5109 3943 5165 αὖ·

2396 5214 2525 5283 τήν·
2576 5213 2934 5283 πανηγύρεως
2976 5213 3085 5282 γὰρ
3128 5212 3230 5281 τῆς
3280 5210 3373 5263 ἐπὶ
3416 5209 3580 5279 γάμῳ
3628 5205 3942 5277 τελουμένης.

2394 5302 2554 5373 δῆλον
2600 5303 2656 5356 δὲ
2685 5303 2855 5373 δήπου
2911 5303 3127 5366 πάντως
3168 5303 3251 5355 ὃτι
3312 5300 3545 5370 σεμνῶς,
3599 5298 3824 5369 πάρεστι
3866 5294 3942 5364 μὲν

2393 5395 2487 5448 τοῦ
2518 5394 2768 5465 Σωτῆρος
2791 5396 2824 5464 ἡ
2864 5394 3068 5465 μήτηρ,
3098 5391 3433 5463 κεκλημένος
3457 5389 3515 5442 δὲ
3537 5388 3632 5441 καὶ
3664 5388 3822 5448 αὐτὸς
3854 5387 3943 5443 τοῖς

2394 5486 2615 5549 οἰκείοις
2670 5487 3071 5554 ωναφικνεῖται
3142 5483 3409 5554 μαθηταῖς
3475 5476 3941 5549 ϐαυματουργήσων

2398 5578 2616 5649 μᾶλλον,
2658 5576 2801 5648 ἥπερ
2839 5576 3237 5646 ἑστιασόμενος,
3272 5573 3352 5626 ἔτι
3402 5588 3461 5624 τε
3503 5569 3640 5641 πρὸς
3667 5567 3835 5635 τούτῳ
3870 5562 3941 5614 καὶ

2398 5670 2570 5741 αὐτὴν
2601 5670 2843 5740 άγιὰσων
2875 5669 2973 5742 τῆς
3011 5668 3298 5740 ἀνθρώπου
3332 5662 3598 5735 γενέσεως
3623 5662 3723 5731 τὴν
3760 5657 3938 5728 ἀρχὴν
3972 5686 3989 5720 \

784 5010 1105 5083 Opportune
1136 5015 1203 5070 ad
1237 5017 1501 5086 patranda
1526 5018 1790 5076 miracula
1818 5021 2074 5081 Christus
2098 5040 2293 5097 aggre-

711 5103 881 5171 ditur,
913 5105 1039 5159 licet
1070 5104 1298 5164 fortuito
1340 5109 1408 5164 ad
1454 5127 1517 5167 ea
1561 5122 1788 5170 vocatus
1840 5115 2107 5172 videatur.
2154 5117 2291 5174 Nam

709 5210 838 5250 cum
893 5197 1099 5267 nuptis:
1138 5198 1576 5267 celebrarentur,
1627 5213 1778 5261 caste
1812 5207 2075 5262 nimirum
2105 5216 2155 5265 et
2186 5210 2290 5267 ho-

712 5298 887 5351 neste,
917 5290 1073 5344 adest
1109 5292 1331 5361 quidem
1363 5304 1539 5349 mater
1580 5295 1913 5365 Servatoris,
1951 5301 2043 5355 sed
2079 5310 2134 5356 et
2170 5312 2288 5374 ipse

716 5377 872 5448 135
901 5395 1009 5435 una
1042 5396 1166 5437 cum
1198 5383 1487 5455 discipulis
1521 5388 1637 5441 suis
1672 5388 1933 5446 invitatus
1961 5393 2141 5461 venit,
2174 5411 2283 5450 non

709 5475 823 5522 tam
874 5473 1199 5542 epulaturus
1245 5490 1408 5545 quam
1469 5486 1531 5532 ut
1585 5479 1908 5535 miraculum
1958 5482 2179 5550 faceret,
2221 5502 2284 5543 ac

710 5569 974 5629 praeterea
1007 5566 1379 5635 generationis
1411 5568 1664 5624 humana:
1700 5572 2027 5643 principium
2074 5580 2280 5633 sancti-

711 5651 923 5719 ﬁcarct,
963 5658 1106 5727 quod
1138 5657 1205 5713 ad
1243 5674 1463 5715 carnem
1519 5661 1775 5716 nimirum
1810 5665 2022 5722 attinet.
2083 5667 2287 5725 Conve-

780 5814 827 5844 ⁸⁷
860 5813 1009 5872 Psul.
1051 5833 1145 5885 vn,
1184 5819 1269 5875 10.
1348 5821 1391 5854 ⁵⁸
1419 5822 1608 5878 Matth.
1642 5840 1715 5891 tv,
1752 5824 1840 5879 ll.
