4118 6584
200 395 315 457 2‘25

1235 384 1299 437 ΙΝ
1328 382 1609 439 JOANNIS
1642 379 2089 436 EVANGELIUM
2122 379 2249 435 LIB.
2293 379 2354 434 11.

3343 382 3449 441 226

205 513 334 562 ὅσον
360 508 415 561 δὲ
441 498 573 576 ἧκεν
601 504 680 566 εἰς
713 501 811 572 τὴν
843 500 1039 569 σάρκα,
1084 498 1440 569 φαμέν.Ἔδει
1477 496 1585 568 γὰρ
1617 496 1783 567 αὐτὴν

1906 492 2070 546 iiebat
2103 492 2248 545 enim
2286 502 2343 546 ut
2372 492 2467 562 qui
2499 500 2749 547 naturam
2797 493 2969 564 ipsam
3003 493 3241 552 hominis
3284 498 3447 554 reuo-

204 602 309 671 τὴν
357 597 645 668 ἀνθρώπου
693 592 853 661 φύσιν
903 588 1482 659 ἀνακεφαλαιούμενον,
1534 588 1626 641 καὶ
1657 587 1783 657 ὅλην

206 684 656 750 ἀνασκευάζοντα
695 682 830 753 πρὸς
859 681 919 733 τὸ
964 681 1203 750 ἄμεινον,
1235 679 1309 750 μὴ
1350 681 1508 748 μόνον
1540 680 1650 742 τοῖς
1684 678 1783 749 ήδη

209 779 353 851 πρὸς
379 778 440 830 τὸ
465 775 701 845 ὑπάρξαι
724 771 1077 842 κεκλημένοις
1105 770 1376 841 διανέμειν
1396 773 1495 840 τὴν
1518 769 1784 837 εὐλογίαν,

209 870 352 923 ἀλλά
377 868 469 921 καὶ
500 869 611 929 τοῖς
643 866 765 918 ὅσον
802 865 1010 917 οὐδέπω
1045 861 1458 932 τεχθησομένοις
1492 876 1787 931 προευτρε-

211 961 396 1024 πίζειν
426 959 525 1029 τὴν
551 958 730 1028 χάριν,
780 956 874 1008 καὶ
923 954 1082 1021 ἁγίαν
1111 951 1287 1005 αὐτῶν
1316 950 1657 1021 καταστῆσαι
1694 950 1790 1022 τὴν

212 1053 297 1115 είς
324 1051 387 1103 τὸ
418 1044 558 1103 εἶναι
593 1047 842 1119 πάροδον.
891 1046 1001 1098 Καὶ
1049 1042 1238 1113 τρίτην
1288 1043 1380 1096 ἐπὶ
1419 1042 1592 1113 τούτῳ
1635 1042 1790 1111 δέχου

213 1142 317 1211 τὴν
348 1139 662 1207 ἀπολογίαν.
698 1136 895 1208 Εἵρητό
927 1153 1029 1188 που
1061 1136 1192 1205 πρὸς
1240 1134 1337 1204 τὴν
1366 1135 1597 1201 γυναῖκα
1641 1132 1793 1203 παρά

216 1232 356 1285 Θεοῦ
376 1248 388 1261 ·
432 1250 450 1282 ι
498 1231 586 1283 Ἐν
614 1228 810 1293 λύπαις
839 1227 965 1297 τέξῃ
995 1226 1188 1280 τέκναο
1229 1246 1247 1277 ι
1279 1225 1395 1288 πῶς
1427 1220 1519 1277 οὖν
1563 1223 1669 1276 ἔδει
1699 1222 1794 1275 καὶ

215 1320 424 1389 ταύτην
453 1319 597 1388 ἡμᾶς
630 1313 1069 1387 ἀποκρούσασθαι
1120 1314 1218 1385 τὴν
1266 1312 1405 1383 ἁράν
1430 1351 1445 1375 ,
1483 1311 1515 1380 ἢ
1565 1309 1682 1373 πῶς
1728 1309 1793 1363 ἂν

218 1410 424 1481 ἑτέρως
488 1408 771 1477 διαφυγεῖν
842 1404 1363 1475 καταδεδικασμένον
1423 1403 1514 1455 τὸν
1580 1400 1792 1471 γάμον;

223 1502 424 1554 Ἐλυσε
470 1499 560 1553 καὶ
606 1499 763 1552 τοῦτο
809 1496 1186 1569 φιλάνθρωπος
1216 1494 1290 1549 ὢν
1324 1498 1350 1548 ό
1384 1494 1595 1563 Σωτήρ.
1638 1492 1793 1546 Τετί-

222 1609 369 1662 μηκε
402 1594 469 1662 τῇ
498 1590 769 1662 παρουσίᾳ
792 1589 883 1643 τὸν
908 1589 1108 1659 γάμον,
1135 1591 1169 1659 ή
1200 1588 1413 1641 πάντων
1443 1584 1676 1655 εὐθυμία
1702 1584 1798 1639 καὶ

217 1686 389 1755 χαρὰ,
447 1684 532 1736 ἵνα
592 1683 692 1751 τῆς
736 1680 1081 1749 τεκνογονίας
1136 1679 1235 1750 τὴν
1284 1676 1516 1747 ἀρχαίαν
1571 1674 1797 1746 ἐξελάσῃ

220 1776 558 1846 κατήφειαν
591 1791 609 1824 ι
640 1772 707 1825 Ei
734 1789 818 1834 τις
848 1772 956 1842 γάρ
987 1772 1044 1823 ὲν
1078 1767 1317 1841 Χριστῷ,
1348 1766 1505 1838 καινὴ
1537 1766 1731 1828 κτίσις.
1772 1784 1790 1816 ι

1889 592 2116 637 vaturus
2153 596 2217 635 ac
2246 589 2414 637 totam
2451 582 2506 636 in
2540 582 2817 639 meliorem
2853 591 3057 639 statum
3093 592 3453 644 revocaturus

1888 681 2027 737 erat,
2060 687 2169 729 non
2192 673 2369 729 solum
2416 673 2482 729 iis
2508 674 2603 744 qui
2648 673 2762 744 jam
2791 674 2845 730 in
2874 682 3056 730 ortum
3093 676 3270 732 vocali
3297 684 3457 733 erant

1887 763 2325 820 benedictionem
2360 765 2751 835 impertiretur,
2785 764 2880 821 sed
2914 777 2969 821 et
3004 766 3073 823 iis
3111 782 3327 839 quoque
3359 767 3454 838 qui

1891 865 2077 927 postea
2118 857 2385 911 nascituri
2441 867 2625 911 essent
2681 857 2913 929 gratiam
2977 868 3360 929 praestrueret,
3401 868 3457 915 et

1890 961 2082 1001 eorum
2116 954 2299 999 ortum
2334 955 2585 1001 sanctum
2617 946 2873 1001 eﬂiceret.
2906 944 3075 1003 Porro
3110 950 3323 1004 tertiam
3358 951 3457 1006 tibi

1891 1038 2036 1092 hanc
2078 1037 2277 1092 habeto
2317 1037 2612 1092 rationem.
2650 1036 2863 1091 Dictum
2898 1048 2984 1094 est
3004 1040 3203 1095 alicubi
3239 1042 3304 1096 ad
3337 1058 3459 1099 mu-

1891 1128 2079 1182 lierem
2114 1141 2144 1180 a
2185 1126 2333 1181 Deo:
2370 1125 2435 1179 In
2475 1127 2657 1180 dolore
2698 1128 2872 1194 paries
2909 1128 3137 1195 ﬁlios".
3174 1129 3459 1195 Quomodo

1892 1217 2059 1289 igitur
2079 1216 2221 1270 hanc
2243 1232 2272 1270 a
2296 1216 2454 1270 nobis
2470 1215 2904 1270 exsecrationem
2929 1215 3127 1284 depelli
3151 1219 3457 1286 oportebat,

1894 1318 1990 1363 aut
2047 1323 2283 1379 quanam
2349 1307 2453 1361 alia
2522 1310 2734 1361 ratione
2791 1306 3185 1362 condemnatas
3244 1310 3464 1380 nuptias

1893 1402 2067 1457 vitare
2095 1401 2328 1455 licebat?
2358 1398 2505 1453 Istud
2551 1399 2715 1453 etiam
2750 1401 2917 1453 solvit
2953 1400 3239 1465 Servator,
3284 1401 3464 1455 homi-

1896 1508 2027 1547 num
2061 1491 2491 1547 amantissimus.
2551 1489 2847 1545 Praesentia
2896 1504 2994 1545 sua
3033 1491 3252 1561 nuptias
3297 1491 3467 1547 coho-

1897 1582 2273 1653 nestavit,ipse
2305 1582 2561 1653 gaudium
2596 1587 2649 1635 et
2689 1580 2877 1635 laetitia
2911 1596 3036 1634 cum
3069 1582 3139 1636 sit
3174 1580 3463 1637 universo-

1890 1678 2041 1735 rum,
2070 1680 2128 1724 ut
2164 1680 2400 1724 veterem
2425 1678 2617 1739 partus
2654 1669 2934 1724 tristitiam
2966 1668 3263 1739 depelleret
3297 1688 3310 1724 :
3346 1688 3364 1723 ι
3405 1669 3466 1725 Si

1898 1761 2013 1831 quis
2042 1762 2177 1815 enim
2203 1762 2255 1813 in
2283 1758 2513 1823 Christo,
2548 1776 2677 1814 nova
2703 1772 2949 1814 creatura
2995 1771 3093 1815 est.
3137 1780 3155 1813 ι
3193 1758 3287 1826 Et,
3310 1778 3329 1813 ι
3367 1760 3467 1818 Ve-

221 1867 358 1928 Καὶ,
391 1885 409 1917 ι
450 1865 531 1917 Τὰ
577 1865 781 1935 ἀρχαῖα
830 1861 1122 1932 παρῆλθεν,
1157 1880 1175 1911 ι
1209 1860 1285 1922 ὠς
1326 1862 1354 1912 ὁ
1386 1858 1596 1919 Παῦλός
1644 1875 1796 1928 φησι,

1905 1859 2019 1906 tera
2041 1852 2403 1913 transierunt,
2438 1869 2457 1903 ι
2494 1861 2553 1903 ιιι
2578 1849 2782 1906 Paulus
2812 1851 3010 1920 inquit,
3042 1869 3061 1901 ι
3093 1860 3146 1905 et
3175 1850 3316 1907 facta
3337 1862 3466 1907 sunt

226 1978 247 2008 ι
282 1958 473 2025 γέγονε
527 1956 583 2008 δὲ
628 1955 809 2009 καινά.
856 1974 872 2005 ι
916 1955 1172 2025 Ἔρχεται
1199 1950 1485 2022 τοιγαροῦν
1516 1952 1650 2021 ὁμοῦ
1691 1952 1802 2013 τοῖς

219 2048 443 2111 οίκείοις
474 2045 742 2117 μαθηταῖς
793 2046 872 2109 είς
917 2044 1008 2097 τὸν
1036 2044 1212 2114 γάμον
1231 2059 1244 2073 ο
1278 2042 1384 2095 ἔδει
1422 2042 1529 2113 γὰρ
1554 2043 1803 2113 παρεῖναι

218 2135 305 2205 τῷ
330 2132 727 2203 θαυματουργῷ
756 2135 879 2196 τοὺς
905 2131 1013 2185 τῶν
1051 2130 1363 2201 παραδόξων
1392 2128 1800 2200 φιλοθεάμονάς,

220 2225 433 2295 τροφήν
465 2241 588 2277 τινα
616 2222 804 2292 ὥσπερ
841 2224 909 2293 τῇ
943 2224 999 2275 ὲν
1030 2222 1213 2284 αὐτοῖς
1255 2221 1430 2273 πίστει
1460 2220 1806 2285 συλλέξοντας

222 2310 287 2362 τὸ
344 2309 686 2380 τελούμενον.
737 2308 958 2379 Ἐπειδὴ
1013 2309 1070 2361 δὲ
1127 2303 1268 2372 οἶνος
1322 2309 1625 2363 ἐπιλέλοιπε
1680 2312 1807 2375 τοὺς

225 2403 612 2472 ἑστιωμένους,
641 2403 732 2455 ἐπὶ
777 2401 876 2473 τὴν
908 2402 1111 2474 συνήθη
1166 2402 1572 2473 φιλανθρωπίαν
1604 2405 1806 2473 ἀγαθὸν

224 2497 358 2548 ὂντα
399 2495 488 2547 τὸν
532 2495 734 2565 Κύριον
760 2498 792 2565 ή
822 2497 1003 2565 μήτηρ
1053 2495 1275 2549 ἐκάλεσε
1314 2495 1561 2564 λέγουσα⁴
1602 2516 1619 2548 ι
1654 2494 1808 2552 Οίνον

223 2582 328 2633 οὐκ
363 2581 607 2651 ἔχουσιν·
653 2601 671 2633 ι
700 2582 773 2644 ὼς
813 2583 921 2652 γὰρ
948 2582 1065 2635 ἐνὸν
1103 2584 1188 2635 ἐπ’
1211 2584 1476 2649 ἐξουσίαις
1512 2586 1658 2657 αὐτῷ
1699 2589 1807 2641 πᾶν

223 2672 366 2741 ὅπερ
395 2670 461 2724 ἂν
490 2670 731 2741 βούλοιτο
759 2673 952 2735 ποιεῖν,
994 2672 1074 2734 είς
1106 2672 1164 2724 τὸ
1203 2672 1385 2741 θαῦμα
1419 2675 1732 2745 προτρέπει.

303 2765 369 2817 Τί
390 2764 519 2832 ἐμοὶ
561 2764 659 2817 καὶ
699 2761 1053 2831 σοί,γύναι;
1082 2763 1243 2815 οὔπω
1284 2763 1415 2831 ἣκει
1454 2766 1493 2832 η
1529 2764 1647 2832 ὥρα
1669 2784 1805 2835 μου.

302 2938 535 3008 Ἀριστα
564 2937 656 2990 καὶ
678 2936 867 2990 τοῦτον
907 2938 1038 3007 ἡμῖν
1066 2935 1157 2988 τὸν
1186 2935 1341 3003 λόγον
1371 2936 1399 2987 ό
1428 2936 1617 3006 Σωτὴρ
1645 2938 1807 3007 ὲσχη-

228 3029 509 3098 ματίξετο.
560 3030 634 3082 Ob
680 3028 788 3098 γὰρ
825 3028 931 3080 ἔδει
986 3028 1244 3099 δρομαῖον
1294 3026 1388 3081 ἐπὶ
1430 3027 1489 3080 τὸ
1530 3030 1806 3098 πράττειν,

223 3120 426 3185 ἐλθεῖν,
458 3121 576 3172 οὐδὲ
599 3119 891 3189 αὐτόμολον
914 3119 1101 3189 ὥσπερ
1125 3119 1350 3190 δρᾶσθαι
1377 3119 1805 3190 θαυματουργὸν,

224 3212 563 3282 κεκλημένον
590 3210 645 3263 δὲ
674 3210 825 3281 μόλις
856 3210 948 3262 ἐπὶ
984 3210 1140 3263 τοῦτο
1168 3209 1343 3279 βαδίζε
1355 3226 1421 3273 ιν,
1454 3211 1545 3262 καὶ
1570 3212 1633 3279 τῇ
1652 3211 1809 3280 χρείᾳ

228 3302 456 3371 μᾶλλον,
474 3302 617 3370 ήπερ
647 3303 759 3363 τοῖς
787 3300 985 3370 ὁρῶσιν
1018 3299 1293 3352 ἐπιδοῦναι
1325 3298 1422 3369 τὴν
1452 3301 1629 3371 χάριν.
1655 3302 1811 3353 Δοκεῖ

224 3396 283 3447 δέ
314 3413 433 3457 πως
471 3391 609 3447 εἶναι
640 3396 733 3447 καὶ
781 3394 1110 3464 χαριεστέρα
1140 3393 1247 3446 τῶν
1282 3392 1628 3461 ποθουμένων
1666 3395 1699 3463 ή
1722 3392 1811 3447 ἔκ-

227 3484 409 3547 ϐασις,
446 3483 544 3535 οὐκ
579 3484 643 3535 ὲκ
680 3482 773 3536 τοῦ
820 3483 1108 3553 προχείρου
1159 3485 1270 3545 τοῖς
1300 3482 1507 3535 αἰτοῦσι
1546 3499 1811 3553 χορηγου-

230 3575 391 3643 μένη,
421 3574 508 3627 διὰ
537 3574 593 3625 δὲ
642 3575 841 3643 μικρᾶς
878 3572 1221 3643 ὑπερθέσεως
1261 3575 1340 3636 είς
1393 3573 1584 3626 ἐλπίδα
1628 3574 1809 3627 καλλί-

228 3681 363 3732 στην
387 3663 759 3734 ἀνωθουμένηο
801 3663 977 3726 ἄλλως
1010 3680 1069 3716 τε
1099 3664 1193 3716 καὶ
1232 3663 1318 3716 διὰ
1354 3664 1542 3717 τούτου
1571 3665 1670 3737 τὴν
1699 3669 1809 3730 τοῖς

225 3753 449 3805 τεκοῦσι
495 3752 945 3823 χρεωστουμένην
987 3752 1150 3823 τιμὴν
1178 3752 1610 3823 ἀξιολογωτάτην
1636 3755 1810 3825 ὑπάρ-

225 3858 431 3912 χουσαν
462 3841 787 3895 ἐπιδεικνύει
818 3842 1073 3909 Χριστὸς.
1095 3842 1231 3911 ὅπερ
1254 3842 1313 3893 ού
1340 3842 1599 3912 πράττειν
1620 3843 1810 3914 ήθελεν

227 3933 370 3986 αἰδοῖ
397 3937 463 4003 τῇ
499 3932 633 4004 περὶ
675 3933 888 4004 μητέρα
917 3932 1364 4002 καταδεχόμενος.

300 4026 470 4092 Λέγει
501 4025 538 4092 ἡ
567 4024 764 4093 μήτηρ
802 4024 986 4078 αὑτοῦ
1014 4025 1137 4089 τοῖς
1168 4024 1463 4090 διακόνοις
1486 4040 1500 4056 ·
1529 4025 1656 4078 Ὅτι
1705 4026 1813 4081 ἐὰν

224 4114 380 4182 λέγῃ
420 4114 579 4182 ὑμῖν,
604 4114 914 4182 ποιήσατε.
936 4109 1140 4167 *ιΙσαν
1160 4112 1230 4167 δὲ
1275 4112 1404 4165 ἐκεῖ
1440 4114 1631 4182 ὑδρίαι
1662 4116 1812 4170 λίθι-

226 4220 333 4256 ναι
376 4202 445 4267 ἐξ
488 4203 752 4272 κείμεναι
804 4206 953 4257 κατὰ
986 4203 1092 4256 τὸν
1122 4206 1493 4274 καθαρισμὸν
1511 4204 1630 4257 τῶν
1666 4207 1812 4260 Ἰου·

227 4293 419 4347 δαίων
446 4294 744 4362 χωροῦσαι
780 4294 895 4348 ἀνὰ
932 4294 1227 4364 μετρητὰς
1263 4296 1373 4350 δύο
1416 4298 1452 4364 ἢ
1498 4297 1671 4364 τρεῖς.

304 4386 512 4457 Πολλῆν
534 4387 730 4456 ἔχουσα
758 4386 855 4457 τήν
881 4386 1051 4457 ῥοπὴν
1078 4389 1158 4449 εἰς
1180 4388 1241 4440 τὸ
1261 4388 1511 4455 γενέσθαι
1540 4388 1600 4442 τὸ
1628 4388 1813 4460 θαῦμα

1905 1956 2044 1997 nova
2066 1943 2131 1995 "°.
2172 1962 2191 1993 ι
2230 1941 2386 1996 Venit
2423 1943 2605 2012 itaque
2638 1958 2745 1995 una
2773 1957 2894 1996 cum
2935 1942 3051 1997 suis
3077 1942 3363 2013 discipulis
3395 1944 3462 1998 ad

1906 2036 2147 2104 nuptias.
2215 2032 2450 2089 Decebat
2509 2034 2741 2103 quippe,
2796 2042 2853 2087 ut
2910 2034 3173 2088 miracula
3226 2034 3467 2106 patranti

1905 2126 2162 2182 adessent
2199 2126 2291 2197 qui
2317 2141 2495 2181 rerum
2530 2126 2863 2180 mirabilium
2900 2126 3085 2182 studio
3112 2127 3466 2191 tenebantur,

1906 2218 1957 2273 id
2009 2218 2153 2289 quod
2200 2219 2526 2287 patrandum
2578 2225 2701 2273 erat
2749 2218 2907 2287 quasi
2958 2217 3247 2289 quemdam
3285 2219 3467 2274 cibum

1907 2309 2029 2364 ﬁdei
2063 2325 2176 2365 suae
2205 2309 2511 2365 collecturi.
2545 2309 2816 2364 Caeterum
2864 2308 2993 2363 vino
3039 2308 3300 2364 convivas
3332 2309 3468 2364 deli-

1906 2398 2105 2462 ciente,
2144 2408 2316 2453 mater
2348 2414 2471 2454 eum
2519 2407 2676 2470 rogat
2720 2410 2779 2454 ut
2818 2400 2979 2455 solita
3012 2415 3113 2455 sua
3146 2400 3389 2455 bonitate
3416 2408 3473 2455 et

1888 2488 2243 2559 benignitate
2267 2490 2343 2544 uti
2365 2490 2514 2555 velit,
2540 2489 2731 2545 dicens
2758 2507 2771 2543 :
2800 2508 2818 2540 ι
2844 2488 3042 2545 Vinum
3065 2506 3175 2546 non
3197 2489 3415 2545 habent.
3445 2508 3466 2543 ι

1904 2576 2043 2631 Nam
2075 2579 2233 2648 quasi
2264 2579 2317 2632 in
2354 2579 2473 2647 ejus
2509 2588 2777 2649 potestate
2808 2579 2879 2635 sit
2911 2586 3109 2634 cuncta
3142 2578 3321 2634 facere
3350 2593 3474 2649 qua:

1906 2669 2056 2731 velit,
2088 2669 2153 2721 ad
2184 2670 2507 2723 miraculum
2534 2685 2657 2723 eum
2691 2669 2946 2724 hortatur

1978 2758 2053 2822 11,
2083 2760 2135 2813 4.
2177 2760 2317 2825 Quid
2352 2760 2480 2813 mihi
2500 2769 2549 2813 et
2582 2758 2675 2813 tibi
2697 2770 2799 2825 est,
2825 2759 3011 2813 mulier
3030 2761 3056 2815 2
3084 2756 3311 2812 nondum
3337 2756 3475 2812 mit

1908 2851 2037 2903 hora
2073 2868 2204 2905 mea.

1980 2942 2133 2997 lluuc
2172 2957 2479 2996 sermonem
2501 2942 2760 3012 prmciare
2783 2956 2999 3011 quoque
3037 2938 3299 2994 Servator
3329 2937 3475 2994 emn-

1910 3034 2008 3086 xit.
2048 3030 2158 3085 Nec
2202 3034 2344 3084 enim
2390 3030 2459 3082 ad
2496 3030 2759 3099 patranda
2806 3028 3071 3082 miracula
3119 3042 3342 3082 currere
3378 3036 3475 3082 aut

1912 3124 2056 3175 ultro
2084 3121 2284 3175 inferre
2319 3138 2377 3175 se
2410 3138 2516 3175 non
2547 3120 2824 3188 oportuit,
2856 3118 2951 3173 sed
2989 3128 3238 3187 rogatum
3274 3133 3339 3173 eo
3380 3133 3473 3173 ve-

1912 3216 2068 3279 nire,
2112 3221 2165 3267 et
2210 3213 2431 3265 utilitati
2476 3212 2647 3283 magis
2696 3226 2859 3280 quam
2895 3218 3262 3280 spectatorum
3300 3208 3476 3263 oculis

1912 3305 2052 3357 hanc
2105 3302 2369 3372 impertiri
2417 3302 2668 3371 gratiam.
2708 3301 2959 3355 Gratiora
3002 3314 3133 3354 vero
3176 3306 3306 3355 sunt
3352 3316 3477 3369 qum

1910 3400 2187 3462 Optantur,
2223 3393 2266 3447 si
2304 3408 2411 3445 non
2448 3393 2557 3446 cito
2590 3392 2899 3462 petentibus
2928 3406 2990 3445 ea
3024 3389 3344 3453 tradantur,
3378 3387 3473 3443 sed

1911 3484 2246 3553 aliquautula
2270 3498 2417 3536 mora
2447 3483 2497 3536 in
2524 3482 2951 3551 pulcherrimam
2978 3496 3128 3551 spem
3152 3479 3476 3538 oﬂ‘erautur.

1910 3574 2199 3638 Praeterea,
2231 3574 2523 3627 maximum
2547 3588 2667 3628 esse
2696 3574 2846 3627 illum
2875 3572 3136 3627 honorem
3161 3572 3254 3643 qui
3281 3586 3477 3642 paren-

1911 3671 2057 3725 tibus
2099 3669 2348 3734 debetur,
2383 3668 2640 3723 Christus
2687 3667 2971 3732 ostendit,
3012 3667 3138 3722 dum
3172 3665 3477 3721 reverentia
3511 3648 3518 3654 ’

1911 3760 2105 3816 matris
2159 3760 2213 3814 id
2263 3758 2572 3813 faciendum
2632 3756 2906 3828 suscipit,
2955 3757 3104 3829 quod
3152 3755 3333 3813 facere
3377 3772 3480 3812 no-

1911 3849 2076 3906 lebat.

1982 4025 2022 4080 ll
2045 4070 2059 4092 ,
2101 4026 2216 4082 5-6.
2251 4026 2389 4081 Dicit
2428 4038 2597 4081 mater
2630 4025 2744 4096 ejus
2784 4024 3044 4080 ministris
3071 4041 3090 4079 .'
3125 4024 3480 4097 Quodcunque

1911 4119 2102 4173 dixerit
2133 4119 2293 4183 vobis,
2318 4120 2497 4189 facite.
2528 4118 2699 4172 Erant
2723 4127 2897 4171 autem
2928 4116 3001 4170 ibi
3031 4116 3252 4185 lapidea:
3277 4116 3480 4187 hydria:

1911 4227 2003 4266 sea:
2018 4211 2205 4281 posita:
2230 4212 2514 4264 secundum
2534 4210 2955 4280 puriﬁcationem
2979 4207 3482 4280 Judworum,l36

1912 4303 2173 4371 capientes
2207 4303 2428 4372 singula:
2455 4310 2702 4354 metretas
2738 4301 2887 4354 binas
2919 4300 2999 4354 vel
3026 4309 3227 4353 ternas.

1983 4392 2231 4462 Magnam
2261 4391 2469 4445 habens
2499 4390 2883 4444 auctoritatem
2918 4388 2985 4443 ad
3016 4388 3339 4447 miraculum
3378 4387 3479 4441 eli-

229 4477 517 4547 νενίκηκεν
551 4479 584 4548 ή
634 4478 770 4548 γυνὴ
803 4476 1062 4531 πείθουσα
1092 4477 1183 4531 διὰ
1224 4479 1286 4531 τὸ
1329 4480 1535 4550 πρέπον
1576 4481 1652 4545 ὡς
1698 4482 1803 4537 υἱὸν

1914 4483 2165 4538 ciendum
2193 4483 2387 4537 mulier
2409 4481 2696 4536 Dominum
2722 4480 2889 4535 tilium
2913 4496 3096 4544 suum,
3128 4487 3188 4534 ut
3216 4495 3314 4550 par
3340 4489 3478 4542 erat,

228 4568 324 4619 τὸν
354 4567 576 4636 Κύριον.
620 4570 880 4639 Ἀρχεται
920 4568 975 4621 δὲ
1022 4569 1115 4621 τοῦ
1148 4570 1469 4642 πράγματος
1507 4571 1642 4643 αὕτη
1678 4574 1811 4644 πρὸς

232 4658 536 4729 ὑπουργίαν
580 4659 679 4729 ήδη
730 4658 839 4712 τῶν
867 4659 1120 4728 γενέσθαι
1161 4662 1641 4734 προσταττομένων
1688 4664 1813 4728 τοὺς

231 4750 334 4818 τῆς
366 4748 725 4819 πανηγύρεως
764 4748 1044 4819 ὑπηρέτας
1083 4751 1493 4821 εὖτρεπίζουσα.

307 4839 479 4907 Λέγει
516 4837 719 4904 αὐτοῖς
745 4841 778 4892 ό
821 4838 1058 4906 Ἰησοῦς
1082 4854 1096 4868 ·
1128 4841 1425 4909 Γεμίσατε
1462 4841 1567 4909 τὰς
1607 4843 1815 4911 ὑδρίας

232 4930 476 4995 ὕδατος.
508 4930 614 4984 Καὶ
648 4930 933 5000 ἐγέμισαν
964 4930 1073 4996 ἕως
1100 4931 1241 4987 ἀνω.
1260 4932 1369 4987 Καὶ
1402 4933 1562 5003 λέγει
1589 4934 1811 5001 αὐτοῖς’

246 5021 618 5087 Ἀντλήσατε
644 5022 779 5085 νῦν,
803 5022 899 5074 καὶ
923 5020 1130 5090 φέρετε
1149 5020 1230 5086 τῷ
1250 5023 1684 5093 ἀρχιτρικλίνῳο
1714 5026 1814 5081 καί

233 5113 522 5183 ἤνεγκαν.
570 5114 667 5180 Ὠς
722 5113 789 5166 δὲ
846 5114 1135 5182 ἐγεύσατο
1166 5117 1200 5167 ό
1248 5115 1687 5186 ἀρχιτρίκλινος
1747 5120 1812 5174 τὸ

234 5205 395 5272 ὓδωρ
452 5200 620 5259 οἶνον
676 5204 1091 5274 γεγενημένον,
1132 5205 1229 5260 καὶ
1285 5210 1395 5261 οὐκ
1452 5208 1579 5277 ᾖδει
1630 5213 1814 5266 πόθεν

233 5296 413 5348 ἐστίν
435 5312 449 5326 ο
477 5299 531 5349 ot
560 5294 629 5348 δὲ
668 5295 933 5349 διάκονοι
976 5295 1231 5365 ᾔδεισαν
1258 5299 1313 5351 οι
1347 5298 1711 5367 ἠντληκότες
1745 5299 1813 5355 τὸ

235 5386 397 5453 ὕδωρ
418 5404 432 5419 ο
472 5386 660 5456 φωνεῖ
689 5387 797 5440 τὸν
843 5388 1102 5457 νυμφίον
1149 5390 1182 5441 ὀ
1211 5388 1648 5457 ἀρχιτρίκλινος
1671 5430 1686 5454 ,
1713 5391 1813 5445 καὶ

234 5477 404 5546 λέγει
432 5476 591 5542 αὐτῷ
620 5493 635 5508 ο
684 5477 811 5543 Πᾶς
850 5478 1154 5547 ἄνθρωπος
1202 5478 1438 5547 πρῶτον
1477 5480 1583 5534 τόν
1627 5484 1817 5537 καλὸν

235 5563 413 5620 οἶνον
444 5568 657 5634 τίθησι,
680 5567 778 5621 καὶ
805 5568 951 5621 ὅταν
972 5567 1331 5638 μεθυσθῶσι,
1358 5571 1492 5624 τότε
1520 5570 1625 5625 τὸν
1639 5573 1795 5627 ἐλάσ

237 5671 333 5711 σω
394 5658 477 5710 Σὺ
512 5657 841 5725 τετήρηκας
875 5659 981 5712 τὸν
1009 5658 1199 5713 καλὸν
1230 5655 1399 5713 οἶνον
1422 5661 1531 5727 ἕως
1559 5662 1705 5729 ἄρτι.

322 5771 367 5802 ⁶⁰
401 5770 541 5827 Gen.
578 5787 658 5840 ut,
691 5772 777 5827 i6.
866 5770 913 5803 ⁷⁸
944 5769 989 5825 ιι
1024 5771 1151 5827 Cor.
1190 5788 1243 5835 ν,
1280 5771 1363 5825 17.

1914 4575 2207 4645 persuasit.
2245 4573 2375 4628 Haec
2404 4580 2587 4628 autem
2616 4588 2728 4628 rem
2752 4571 3086 4642 aggreditur,
3117 4572 3245 4625 dum
3276 4572 3486 4641 nuptia-

1914 4680 2035 4719 rum
2069 4665 2353 4720 ministros
2380 4672 2578 4735 praesto
2614 4678 2736 4719 esse
2761 4662 2937 4731 jubet,
2966 4676 3141 4732 eaque
3174 4660 3485 4717 ministrare

1915 4771 2038 4825 qua:
2069 4753 2334 4810 Dominus
2372 4768 2494 4808 mox
2530 4753 2899 4821 imperaturus
2931 4759 3097 4806 esset.

1993 4843 2071 4910 ll,
2121 4844 2275 4899 7-i0.
2319 4842 2460 4897 Dicit
2494 4843 2568 4897 eis
2600 4840 2756 4895 Jesus
2780 4855 2799 4893 :
2841 4839 3057 4906 Implete
3084 4838 3301 4909 hydrias
3324 4854 3485 4917 aqua.

1920 4937 1991 4992 Et
2022 4936 2364 5005 impleverunt
2397 4950 2487 4988 eas
2518 4948 2680 5002 usque
2713 4932 2781 4985 ad
2810 4947 3093 4984 summum.
3136 4927 3203 4982 Et
3241 4928 3370 4981 dicit
3400 4929 3484 4997 eis

1916 5028 2114 5084 Jesus:
2151 5027 2377 5081 Ilaurite
2403 5043 2569 5091 nunc,
2600 5033 2648 5080 et
2672 5024 2802 5094 ferte
2829 5020 3187 5076 architrictino
3212 5035 3231 5073 :
3267 5027 3317 5072 et
3350 5018 3484 5073 tule-

1916 5130 2060 5175 runt.
2100 5119 2166 5175 Ut
2196 5130 2369 5174 autem
2398 5120 2627 5190 gustarit
2658 5115 3047 5171 architriclinus
3078 5126 3271 5181 aquam
3310 5110 3485 5166 vinum

1916 5215 2117 5284 factam
2140 5253 2155 5277 ,
2191 5222 2240 5267 et
2279 5229 2381 5265 non
2421 5210 2614 5266 sciebat
2659 5208 2794 5262 unde
2830 5213 3003 5268 esset;
3042 5202 3272 5255 ministri
3313 5212 3488 5256 autem

1914 5304 2147 5360 sciebant
2175 5304 2265 5374 qui
2288 5303 2571 5356 hauserant
2597 5314 2788 5368 aquam
2812 5311 2833 5350 :
2863 5302 3011 5349 uocat
3040 5307 3284 5360 sponsum
3314 5292 3490 5345 archi-

1919 5396 2162 5449 triclinus
2184 5434 2199 5458 ,
2244 5402 2291 5448 et
2329 5392 2457 5446 dicit
2497 5392 2544 5446 ei
2577 5407 2595 5444 :
2644 5387 2828 5443 Omnis
2861 5385 3015 5438 homo
3040 5387 3269 5453 primum
3299 5382 3488 5435 bonum

1923 5488 2098 5542 vinum
2128 5488 2315 5555 ponit:
2348 5494 2397 5539 et
2432 5501 2549 5537 cum
2584 5478 2829 5535 inebriati
2852 5475 3075 5545 fuerint,
3113 5485 3236 5527 tunc
3269 5473 3323 5525 id
3351 5471 3490 5542 quod

1925 5577 2153 5630 deterius
2184 5586 2300 5631 est:
2346 5586 2399 5628 tu
2444 5584 2618 5629 autem
2649 5568 2869 5625 servasti
2906 5567 3096 5622 bonum
3125 5563 3301 5620 vinum
3333 5576 3495 5631 usque

1926 5668 2024 5720 mill
2035 5685 2112 5721 ut“.
