  <div class='ocr_page' id='page_1' title='image "/cluster/home/n/w/nwhite01/storage/ocr_20150623/73/hvd.32044019207877/135.png"; bbox 0 0 4118 6548; ppageno 0'>
   <div class='ocr_carea' id='block_1_1' title="bbox 697 312 3955 389">
    <p class='ocr_par' dir='ltr' id='par_1_1' title="bbox 697 312 3955 389">
     <span class='ocr_line' id='line_1_1' title="bbox 697 312 3955 389; baseline 0.006 -22"><span class='ocrx_word' id='word_1_1' title='bbox 697 312 802 369; x_wconf 66' lang='grc'><strong>231</strong></span> <span class='ocrx_word' id='word_1_2' title='bbox 1680 323 1736 380; x_wconf 89' lang='lat' dir='ltr'><strong>S.</strong></span> <span class='ocrx_word' id='word_1_3' title='bbox 1779 322 2055 383; x_wconf 73' lang='lat' dir='ltr'><strong>CYRILLl</strong></span> <span class='ocrx_word' id='word_1_4' title='bbox 2098 321 2569 380; x_wconf 70' lang='lat' dir='ltr'><strong>ALEXANDRINI</strong></span> <span class='ocrx_word' id='word_1_5' title='bbox 2606 323 2927 382; x_wconf 73' lang='lat' dir='ltr'><strong>ARCIHEP.</strong></span> <span class='ocrx_word' id='word_1_6' title='bbox 3834 326 3955 389; x_wconf 69' lang='grc' dir='ltr'><strong>2Ξῦ</strong></span> 
     </span>
    </p>
   </div>
   <div class='ocr_carea' id='block_1_2' title="bbox 643 399 2237 516">
    <p class='ocr_par' dir='ltr' id='par_1_2' title="bbox 643 399 2237 498">
     <span class='ocr_line' id='line_1_2' title="bbox 643 399 2237 498; baseline 0.006 -17"><span class='ocrx_word' id='word_1_7' title='bbox 643 399 654 491; x_wconf 59' lang='grc' dir='ltr'>ξ</span> <span class='ocrx_word' id='word_1_8' title='bbox 762 426 923 483; x_wconf 81' lang='lat' dir='ltr'><strong>Jussa</strong></span> <span class='ocrx_word' id='word_1_9' title='bbox 956 428 1176 498; x_wconf 80' lang='lat' dir='ltr'><strong>quidem</strong></span> <span class='ocrx_word' id='word_1_10' title='bbox 1211 431 1445 487; x_wconf 75' lang='lat' dir='ltr'><strong>ministri</strong></span> <span class='ocrx_word' id='word_1_11' title='bbox 1492 432 1702 491; x_wconf 83' lang='lat' dir='ltr'><strong>faciunt</strong></span> <span class='ocrx_word' id='word_1_12' title='bbox 1740 455 1754 491; x_wconf 89' lang='lat'><strong>:</strong></span> <span class='ocrx_word' id='word_1_13' title='bbox 1808 438 2066 494; x_wconf 81' lang='lat' dir='ltr'><strong>iueﬂ&#39;abili</strong></span> <span class='ocrx_word' id='word_1_14' title='bbox 2124 453 2237 495; x_wconf 87' lang='lat' dir='ltr'><strong>vert</strong></span> 
     </span>
    </p>
   </div>
   <div class='ocr_carea' id='block_1_3' title="bbox 2339 399 3952 516">
    <p class='ocr_par' dir='ltr' id='par_1_3' title="bbox 2430 436 3952 516">
     <span class='ocr_line' id='line_1_3' title="bbox 2430 436 3952 516; baseline 0.007 -27"><span class='ocrx_word' id='word_1_15' title='bbox 2430 436 2706 507; x_wconf 78' lang='grc' dir='ltr'>ῐΙληρούσι</span> <span class='ocrx_word' id='word_1_16' title='bbox 2766 439 2864 509; x_wconf 77' lang='grc' dir='ltr'>μὲν</span> <span class='ocrx_word' id='word_1_17' title='bbox 2916 441 2965 493; x_wconf 80' lang='grc' dir='ltr'>οἱ</span> <span class='ocrx_word' id='word_1_18' title='bbox 3020 440 3387 505; x_wconf 74' lang='grc' dir='ltr'>διακονοῦντες</span> <span class='ocrx_word' id='word_1_19' title='bbox 3446 444 3506 497; x_wconf 85' lang='grc' dir='ltr'>τὸ</span> <span class='ocrx_word' id='word_1_20' title='bbox 3560 438 3952 516; x_wconf 62' lang='grc' dir='ltr'><strong>ττροσταχθὲειια⁸</strong></span> 
     </span>
    </p>
   </div>
   <div class='ocr_carea' id='block_1_4' title="bbox 692 521 2237 607">
    <p class='ocr_par' dir='ltr' id='par_1_4' title="bbox 692 521 2237 597">
     <span class='ocr_line' id='line_1_4' title="bbox 692 521 2237 597; baseline 0.006 -24"><span class='ocrx_word' id='word_1_21' title='bbox 692 522 892 575; x_wconf 90' lang='lat' dir='ltr'><strong>virtute</strong></span> <span class='ocrx_word' id='word_1_22' title='bbox 942 536 1082 591; x_wconf 78' lang='lat' dir='ltr'><strong>aqua</strong></span> <span class='ocrx_word' id='word_1_23' title='bbox 1126 521 1181 575; x_wconf 93' lang='lat' dir='ltr'><strong>in</strong></span> <span class='ocrx_word' id='word_1_24' title='bbox 1226 523 1413 577; x_wconf 89' lang='lat' dir='ltr'><strong>vinum</strong></span> <span class='ocrx_word' id='word_1_25' title='bbox 1457 533 1880 585; x_wconf 89' lang='lat' dir='ltr'><strong>transmutatur.</strong></span> <span class='ocrx_word' id='word_1_26' title='bbox 1926 531 2068 597; x_wconf 84' lang='lat' dir='ltr'><strong>Quid</strong></span> <span class='ocrx_word' id='word_1_27' title='bbox 2111 531 2237 586; x_wconf 90' lang='lat' dir='ltr'><strong>enin</strong></span> 
     </span>
    </p>
   </div>
   <div class='ocr_carea' id='block_1_5' title="bbox 2339 521 3954 607">
    <p class='ocr_par' dir='ltr' id='par_1_5' title="bbox 2357 528 3954 607">
     <span class='ocr_line' id='line_1_5' title="bbox 2357 528 3954 607; baseline 0.009 -27"><span class='ocrx_word' id='word_1_28' title='bbox 2357 528 2551 600; x_wconf 83' lang='grc' dir='ltr'>ἀφάτῳ</span> <span class='ocrx_word' id='word_1_29' title='bbox 2583 530 2640 585; x_wconf 86' lang='grc' dir='ltr'><strong>δὲ</strong></span> <span class='ocrx_word' id='word_1_30' title='bbox 2666 531 2891 603; x_wconf 80' lang='grc' dir='ltr'>δυνάμει</span> <span class='ocrx_word' id='word_1_31' title='bbox 2922 533 2981 586; x_wconf 79' lang='grc' dir='ltr'><strong>τὸ</strong></span> <span class='ocrx_word' id='word_1_32' title='bbox 3011 533 3248 605; x_wconf 79' lang='grc' dir='ltr'>ὖδωρείς</span> <span class='ocrx_word' id='word_1_33' title='bbox 3271 530 3410 589; x_wconf 81' lang='grc' dir='ltr'>οἶνον</span> <span class='ocrx_word' id='word_1_34' title='bbox 3440 540 3954 607; x_wconf 78' lang='grc' dir='ltr'>μετασκευάζεται.</span> 
     </span>
    </p>
   </div>
   <div class='ocr_carea' id='block_1_6' title="bbox 690 609 2267 680">
    <p class='ocr_par' dir='ltr' id='par_1_6' title="bbox 690 609 2267 680">
     <span class='ocr_line' id='line_1_6' title="bbox 690 609 2267 680; baseline 0.008 -15"><span class='ocrx_word' id='word_1_35' title='bbox 690 609 1063 680; x_wconf 89' lang='lat' dir='ltr'><strong>Onmipotenti</strong></span> <span class='ocrx_word' id='word_1_36' title='bbox 1091 610 1346 667; x_wconf 81' lang='lat' dir='ltr'><strong>diﬂicile?</strong></span> <span class='ocrx_word' id='word_1_37' title='bbox 1376 613 1479 680; x_wconf 86' lang='lat' dir='ltr'><strong>Qui</strong></span> <span class='ocrx_word' id='word_1_38' title='bbox 1510 633 1597 672; x_wconf 91' lang='lat' dir='ltr'><strong>res</strong></span> <span class='ocrx_word' id='word_1_39' title='bbox 1635 634 1667 672; x_wconf 89' lang='lat' dir='ltr'><strong>e</strong></span> <span class='ocrx_word' id='word_1_40' title='bbox 1698 620 1873 674; x_wconf 86' lang='lat' dir='ltr'><strong>nihilo</strong></span> <span class='ocrx_word' id='word_1_41' title='bbox 1908 621 1975 675; x_wconf 90' lang='lat' dir='ltr'><strong>ad</strong></span> <span class='ocrx_word' id='word_1_42' title='bbox 2001 636 2126 678; x_wconf 88' lang='lat' dir='ltr'><strong>esse</strong></span> <span class='ocrx_word' id='word_1_43' title='bbox 2159 637 2267 677; x_wconf 65' lang='grc' dir='ltr'><strong>γοα</strong></span> 
     </span>
    </p>
   </div>
   <div class='ocr_carea' id='block_1_7' title="bbox 690 696 2256 779">
    <p class='ocr_par' dir='ltr' id='par_1_7' title="bbox 690 696 2256 779">
     <span class='ocr_line' id='line_1_7' title="bbox 690 696 2256 779; baseline 0.011 -32"><span class='ocrx_word' id='word_1_44' title='bbox 690 703 806 757; x_wconf 88' lang='lat' dir='ltr'><strong>cat,</strong></span> <span class='ocrx_word' id='word_1_45' title='bbox 841 697 1116 765; x_wconf 90' lang='lat' dir='ltr'><strong>quomodo</strong></span> <span class='ocrx_word' id='word_1_46' title='bbox 1146 696 1259 766; x_wconf 86' lang='lat' dir='ltr'><strong>jam</strong></span> <span class='ocrx_word' id='word_1_47' title='bbox 1310 699 1486 757; x_wconf 81' lang='lat' dir='ltr'><strong>factas</strong></span> <span class='ocrx_word' id='word_1_48' title='bbox 1528 704 1584 758; x_wconf 84' lang='lat' dir='ltr'><strong>in</strong></span> <span class='ocrx_word' id='word_1_49' title='bbox 1618 707 1984 779; x_wconf 87' lang='lat' dir='ltr'><strong>quodcunque</strong></span> <span class='ocrx_word' id='word_1_50' title='bbox 2021 710 2256 765; x_wconf 88' lang='lat' dir='ltr'><strong>voluerit</strong></span> 
     </span>
    </p>
   </div>
   <div class='ocr_carea' id='block_1_8' title="bbox 688 783 2256 858">
    <p class='ocr_par' dir='ltr' id='par_1_8' title="bbox 688 783 2256 858">
     <span class='ocr_line' id='line_1_8' title="bbox 688 783 2256 858; baseline 0.013 -21"><span class='ocrx_word' id='word_1_51' title='bbox 688 783 909 839; x_wconf 81' lang='lat' dir='ltr'><strong>difﬁcile</strong></span> <span class='ocrx_word' id='word_1_52' title='bbox 950 786 1054 839; x_wconf 90' lang='lat' dir='ltr'><strong>erit</strong></span> <span class='ocrx_word' id='word_1_53' title='bbox 1097 786 1145 841; x_wconf 91' lang='lat' dir='ltr'><strong>ei</strong></span> <span class='ocrx_word' id='word_1_54' title='bbox 1181 789 1617 849; x_wconf 80' lang='lat' dir='ltr'><strong>transformare?</strong></span> <span class='ocrx_word' id='word_1_55' title='bbox 1662 795 1798 851; x_wconf 78' lang='lat' dir='ltr'><strong>Rem</strong></span> <span class='ocrx_word' id='word_1_56' title='bbox 1825 814 1953 854; x_wconf 90' lang='lat' dir='ltr'><strong>vero</strong></span> <span class='ocrx_word' id='word_1_57' title='bbox 1986 802 2256 858; x_wconf 73' lang='lat' dir='ltr'><strong>mirantur</strong></span> 
     </span>
    </p>
   </div>
   <div class='ocr_carea' id='block_1_9' title="bbox 688 876 2257 967">
    <p class='ocr_par' dir='ltr' id='par_1_9' title="bbox 688 876 2257 967">
     <span class='ocr_line' id='line_1_9' title="bbox 688 876 2257 967; baseline 0.016 -40"><span class='ocrx_word' id='word_1_58' title='bbox 688 883 748 928; x_wconf 92' lang='lat' dir='ltr'><strong>ut</strong></span> <span class='ocrx_word' id='word_1_59' title='bbox 769 876 1065 943; x_wconf 77' lang='lat' dir='ltr'><strong>eximiam;</strong></span> <span class='ocrx_word' id='word_1_60' title='bbox 1118 895 1224 934; x_wconf 94' lang='lat' dir='ltr'><strong>non</strong></span> <span class='ocrx_word' id='word_1_61' title='bbox 1252 882 1396 937; x_wconf 90' lang='lat' dir='ltr'><strong>enim</strong></span> <span class='ocrx_word' id='word_1_62' title='bbox 1427 886 1531 941; x_wconf 88' lang='lat' dir='ltr'><strong>alia</strong></span> <span class='ocrx_word' id='word_1_63' title='bbox 1569 902 1690 944; x_wconf 90' lang='lat' dir='ltr'><strong>esse</strong></span> <span class='ocrx_word' id='word_1_64' title='bbox 1721 899 1972 960; x_wconf 73' lang='lat' dir='ltr'><strong>poterant</strong></span> <span class='ocrx_word' id='word_1_65' title='bbox 2004 910 2127 965; x_wconf 80' lang='lat' dir='ltr'><strong>quae</strong></span> <span class='ocrx_word' id='word_1_66' title='bbox 2158 912 2257 967; x_wconf 88' lang='lat' dir='ltr'><strong>per</strong></span> 
     </span>
    </p>
   </div>
   <div class='ocr_carea' id='block_1_10' title="bbox 684 963 2253 1054">
    <p class='ocr_par' dir='ltr' id='par_1_10' title="bbox 684 963 2253 1054">
     <span class='ocr_line' id='line_1_10' title="bbox 684 963 2253 1054; baseline 0.015 -36"><span class='ocrx_word' id='word_1_67' title='bbox 684 963 961 1020; x_wconf 85' lang='lat' dir='ltr'><strong>Christum</strong></span> <span class='ocrx_word' id='word_1_68' title='bbox 993 968 1312 1037; x_wconf 80' lang='lat' dir='ltr'><strong>agebantur.</strong></span> <span class='ocrx_word' id='word_1_69' title='bbox 1344 974 1520 1030; x_wconf 88' lang='lat' dir='ltr'><strong>Porro</strong></span> <span class='ocrx_word' id='word_1_70' title='bbox 1550 976 1959 1039; x_wconf 89' lang='lat' dir='ltr'><strong>architriclinus</strong></span> <span class='ocrx_word' id='word_1_71' title='bbox 1989 963 2253 1054; x_wconf 78' lang='lat' dir='ltr'><strong>sponsum</strong></span> 
     </span>
    </p>
   </div>
   <div class='ocr_carea' id='block_1_11' title="bbox 686 1055 2253 1144">
    <p class='ocr_par' dir='ltr' id='par_1_11' title="bbox 686 1055 2253 1144">
     <span class='ocr_line' id='line_1_11' title="bbox 686 1055 2253 1144; baseline 0.015 -37"><span class='ocrx_word' id='word_1_72' title='bbox 686 1055 952 1125; x_wconf 78' lang='lat' dir='ltr'><strong>increpat,</strong></span> <span class='ocrx_word' id='word_1_73' title='bbox 981 1072 1087 1113; x_wconf 92' lang='lat' dir='ltr'><strong>non</strong></span> <span class='ocrx_word' id='word_1_74' title='bbox 1115 1060 1353 1131; x_wconf 89' lang='lat' dir='ltr'><strong>illepide,</strong></span> <span class='ocrx_word' id='word_1_75' title='bbox 1382 1071 1440 1117; x_wconf 94' lang='lat' dir='ltr'><strong>ut</strong></span> <span class='ocrx_word' id='word_1_76' title='bbox 1466 1067 1725 1134; x_wconf 89' lang='lat' dir='ltr'><strong>arbitror,</strong></span> <span class='ocrx_word' id='word_1_77' title='bbox 1751 1072 1796 1126; x_wconf 91' lang='lat' dir='ltr'><strong>si</strong></span> <span class='ocrx_word' id='word_1_78' title='bbox 1827 1073 1903 1127; x_wconf 88' lang='lat' dir='ltr'><strong>rei</strong></span> <span class='ocrx_word' id='word_1_79' title='bbox 1922 1066 2089 1144; x_wconf 69' lang='lat' dir='ltr'><strong>gesta:</strong></span> <span class='ocrx_word' id='word_1_80' title='bbox 2112 1076 2253 1131; x_wconf 89' lang='lat' dir='ltr'><strong>ratio</strong></span> 
     </span>
    </p>
   </div>
   <div class='ocr_carea' id='block_1_12' title="bbox 684 1151 2252 1222">
    <p class='ocr_par' dir='ltr' id='par_1_12' title="bbox 684 1151 2252 1222">
     <span class='ocr_line' id='line_1_12' title="bbox 684 1151 2252 1222; baseline 0.015 -22"><span class='ocrx_word' id='word_1_81' title='bbox 684 1155 998 1216; x_wconf 84' lang='lat' dir='ltr'><strong>spectetur,</strong></span> <span class='ocrx_word' id='word_1_82' title='bbox 1046 1151 1195 1222; x_wconf 83' lang='lat' dir='ltr'><strong>quod</strong></span> <span class='ocrx_word' id='word_1_83' title='bbox 1242 1153 1347 1210; x_wconf 87' lang='lat' dir='ltr'><strong>sub</strong></span> <span class='ocrx_word' id='word_1_84' title='bbox 1391 1155 1552 1213; x_wconf 84' lang='lat' dir='ltr'><strong>ﬁnem</strong></span> <span class='ocrx_word' id='word_1_85' title='bbox 1608 1175 1781 1217; x_wconf 65' lang='lat' dir='ltr'><strong>coenae</strong></span> <span class='ocrx_word' id='word_1_86' title='bbox 1830 1165 2025 1222; x_wconf 91' lang='lat' dir='ltr'><strong>melius</strong></span> <span class='ocrx_word' id='word_1_87' title='bbox 2067 1167 2252 1222; x_wconf 90' lang='lat' dir='ltr'><strong>vinum</strong></span> 
     </span>
    </p>
   </div>
   <div class='ocr_carea' id='block_1_13' title="bbox 685 1238 1062 1307">
    <p class='ocr_par' dir='ltr' id='par_1_13' title="bbox 685 1238 1062 1307">
     <span class='ocr_line' id='line_1_13' title="bbox 685 1238 1062 1307; baseline 0.016 -18"><span class='ocrx_word' id='word_1_88' title='bbox 685 1238 1062 1307; x_wconf 80' lang='lat' dir='ltr'><strong>profttuderet.</strong></span> 
     </span>
    </p>
   </div>
   <div class='ocr_carea' id='block_1_14' title="bbox 758 1328 2253 1414">
    <p class='ocr_par' dir='ltr' id='par_1_14' title="bbox 758 1328 2253 1414">
     <span class='ocr_line' id='line_1_14' title="bbox 758 1328 2253 1414; baseline 0.013 -31"><span class='ocrx_word' id='word_1_89' title='bbox 758 1328 835 1394; x_wconf 92' lang='grc'><strong>11,</strong></span> <span class='ocrx_word' id='word_1_90' title='bbox 878 1330 1080 1386; x_wconf 77' lang='grc'><strong>11-15.</strong></span> <span class='ocrx_word' id='word_1_91' title='bbox 1127 1333 1241 1387; x_wconf 83' lang='lat' dir='ltr'><strong>Hoc</strong></span> <span class='ocrx_word' id='word_1_92' title='bbox 1289 1334 1410 1405; x_wconf 80' lang='lat' dir='ltr'><strong>fecit</strong></span> <span class='ocrx_word' id='word_1_93' title='bbox 1452 1336 1663 1395; x_wconf 87' lang='lat' dir='ltr'><strong>initium</strong></span> <span class='ocrx_word' id='word_1_94' title='bbox 1702 1344 1970 1414; x_wconf 77' lang='lat' dir='ltr'><strong>signarunt</strong></span> <span class='ocrx_word' id='word_1_95' title='bbox 1998 1346 2153 1403; x_wconf 81' lang='lat' dir='ltr'><strong>Jesus</strong></span> <span class='ocrx_word' id='word_1_96' title='bbox 2197 1350 2253 1403; x_wconf 83' lang='lat' dir='ltr'><strong>in</strong></span> 
     </span>
    </p>
   </div>
   <div class='ocr_carea' id='block_1_15' title="bbox 685 1420 2252 1505">
    <p class='ocr_par' dir='ltr' id='par_1_15' title="bbox 685 1420 2252 1505">
     <span class='ocr_line' id='line_1_15' title="bbox 685 1420 2252 1505; baseline 0.013 -30"><span class='ocrx_word' id='word_1_97' title='bbox 685 1420 835 1476; x_wconf 81' lang='lat' dir='ltr'><strong>Cana</strong></span> <span class='ocrx_word' id='word_1_98' title='bbox 884 1423 1162 1480; x_wconf 76' lang='lat' dir='ltr'><strong>Calilcew:</strong></span> <span class='ocrx_word' id='word_1_99' title='bbox 1223 1437 1271 1481; x_wconf 85' lang='lat' dir='ltr'><strong>et</strong></span> <span class='ocrx_word' id='word_1_100' title='bbox 1322 1430 1677 1500; x_wconf 82' lang='lat' dir='ltr'><strong>manifestat-it</strong></span> <span class='ocrx_word' id='word_1_101' title='bbox 1715 1436 1941 1504; x_wconf 82' lang='lat' dir='ltr'><strong>gloriam</strong></span> <span class='ocrx_word' id='word_1_102' title='bbox 1974 1456 2159 1505; x_wconf 87' lang='lat' dir='ltr'><strong>suam,</strong></span> <span class='ocrx_word' id='word_1_103' title='bbox 2202 1452 2252 1496; x_wconf 89' lang='lat' dir='ltr'><strong>et</strong></span> 
     </span>
    </p>
   </div>
   <div class='ocr_carea' id='block_1_16' title="bbox 684 1511 2253 1592">
    <p class='ocr_par' dir='ltr' id='par_1_16' title="bbox 684 1511 2253 1592">
     <span class='ocr_line' id='line_1_16' title="bbox 684 1511 2253 1592; baseline 0.012 -26"><span class='ocrx_word' id='word_1_104' title='bbox 684 1511 1020 1567; x_wconf 80' lang='lat' dir='ltr'><strong>crediderunt</strong></span> <span class='ocrx_word' id='word_1_105' title='bbox 1051 1518 1101 1569; x_wconf 80' lang='lat' dir='ltr'><strong>in</strong></span> <span class='ocrx_word' id='word_1_106' title='bbox 1132 1534 1249 1571; x_wconf 87' lang='lat' dir='ltr'><strong>eum</strong></span> <span class='ocrx_word' id='word_1_107' title='bbox 1279 1518 1527 1589; x_wconf 76' lang='lat' dir='ltr'><strong>discipuli</strong></span> <span class='ocrx_word' id='word_1_108' title='bbox 1561 1524 1693 1592; x_wconf 90' lang='lat' dir='ltr'><strong>ejus.</strong></span> <span class='ocrx_word' id='word_1_109' title='bbox 1729 1525 1859 1581; x_wconf 83' lang='lat' dir='ltr'><strong>Post</strong></span> <span class='ocrx_word' id='word_1_110' title='bbox 1892 1528 2003 1581; x_wconf 66' lang='lat' dir='ltr'><strong>Itan:</strong></span> <span class='ocrx_word' id='word_1_111' title='bbox 2039 1526 2253 1584; x_wconf 84' lang='lat' dir='ltr'><strong>descen-</strong></span> 
     </span>
    </p>
   </div>
   <div class='ocr_carea' id='block_1_17' title="bbox 684 1600 2247 1689">
    <p class='ocr_par' dir='ltr' id='par_1_17' title="bbox 684 1600 2247 1689">
     <span class='ocr_line' id='line_1_17' title="bbox 684 1600 2247 1689; baseline 0.016 -38"><span class='ocrx_word' id='word_1_112' title='bbox 684 1601 761 1653; x_wconf 85' lang='lat' dir='ltr'><strong>dit</strong></span> <span class='ocrx_word' id='word_1_113' title='bbox 791 1603 843 1653; x_wconf 85' lang='lat' dir='ltr'><strong>in</strong></span> <span class='ocrx_word' id='word_1_114' title='bbox 866 1600 1237 1669; x_wconf 82' lang='lat' dir='ltr'><strong>Capharnaum</strong></span> <span class='ocrx_word' id='word_1_115' title='bbox 1263 1609 1369 1676; x_wconf 88' lang='lat' dir='ltr'><strong>ipse</strong></span> <span class='ocrx_word' id='word_1_116' title='bbox 1389 1620 1437 1664; x_wconf 87' lang='lat' dir='ltr'><strong>et</strong></span> <span class='ocrx_word' id='word_1_117' title='bbox 1462 1621 1631 1666; x_wconf 89' lang='lat' dir='ltr'><strong>mater</strong></span> <span class='ocrx_word' id='word_1_118' title='bbox 1650 1614 1787 1683; x_wconf 90' lang='lat' dir='ltr'><strong>ejus,</strong></span> <span class='ocrx_word' id='word_1_119' title='bbox 1820 1626 1870 1670; x_wconf 92' lang='lat' dir='ltr'><strong>et</strong></span> <span class='ocrx_word' id='word_1_120' title='bbox 1898 1618 2094 1685; x_wconf 82' lang='lat' dir='ltr'><strong>[r‘atrcs</strong></span> <span class='ocrx_word' id='word_1_121' title='bbox 2113 1616 2247 1689; x_wconf 84' lang='lat' dir='ltr'><strong>ejus,</strong></span> 
     </span>
    </p>
   </div>
   <div class='ocr_carea' id='block_1_18' title="bbox 682 1693 2251 1767">
    <p class='ocr_par' dir='ltr' id='par_1_18' title="bbox 682 1693 2251 1767">
     <span class='ocr_line' id='line_1_18' title="bbox 682 1693 2251 1767; baseline 0.014 -21"><span class='ocrx_word' id='word_1_122' title='bbox 682 1702 733 1746; x_wconf 87' lang='lat' dir='ltr'><strong>et</strong></span> <span class='ocrx_word' id='word_1_123' title='bbox 770 1693 1017 1762; x_wconf 83' lang='lat' dir='ltr'><strong>discipuli</strong></span> <span class='ocrx_word' id='word_1_124' title='bbox 1045 1696 1157 1766; x_wconf 87' lang='lat' dir='ltr'><strong>ejus</strong></span> <span class='ocrx_word' id='word_1_125' title='bbox 1189 1716 1209 1753; x_wconf 91' lang='lat'><strong><em>:</em></strong></span> <span class='ocrx_word' id='word_1_126' title='bbox 1246 1710 1296 1754; x_wconf 90' lang='lat' dir='ltr'><strong>et</strong></span> <span class='ocrx_word' id='word_1_127' title='bbox 1338 1699 1412 1757; x_wconf 84' lang='lat' dir='ltr'><strong>ibi</strong></span> <span class='ocrx_word' id='word_1_128' title='bbox 1446 1720 1753 1761; x_wconf 84' lang='lat' dir='ltr'><strong>manserunt</strong></span> <span class='ocrx_word' id='word_1_129' title='bbox 1782 1726 1885 1763; x_wconf 80' lang='lat' dir='ltr'><strong>non</strong></span> <span class='ocrx_word' id='word_1_130' title='bbox 1922 1712 2101 1767; x_wconf 86' lang='lat' dir='ltr'><strong>multis</strong></span> <span class='ocrx_word' id='word_1_131' title='bbox 2140 1714 2251 1767; x_wconf 88' lang='lat' dir='ltr'><strong>die-</strong></span> 
     </span>
    </p>
   </div>
   <div class='ocr_carea' id='block_1_19' title="bbox 683 1781 2250 1869">
    <p class='ocr_par' dir='ltr' id='par_1_19' title="bbox 683 1781 2250 1869">
     <span class='ocr_line' id='line_1_19' title="bbox 683 1781 2250 1869; baseline 0.018 -35"><span class='ocrx_word' id='word_1_132' title='bbox 683 1781 798 1837; x_wconf 85' lang='lat' dir='ltr'><strong>bus.</strong></span> <span class='ocrx_word' id='word_1_133' title='bbox 848 1783 911 1838; x_wconf 83' lang='lat' dir='ltr'><strong>Et</strong></span> <span class='ocrx_word' id='word_1_134' title='bbox 944 1802 1101 1855; x_wconf 85' lang='lat' dir='ltr'><strong>prope</strong></span> <span class='ocrx_word' id='word_1_135' title='bbox 1135 1804 1251 1844; x_wconf 89' lang='lat' dir='ltr'><strong>erat</strong></span> <span class='ocrx_word' id='word_1_136' title='bbox 1296 1790 1506 1849; x_wconf 77' lang='lat' dir='ltr'><strong>Pascha</strong></span> <span class='ocrx_word' id='word_1_137' title='bbox 1546 1794 1890 1869; x_wconf 75' lang='lat' dir='ltr'><strong>Judworum,</strong></span> <span class='ocrx_word' id='word_1_138' title='bbox 1934 1816 1983 1858; x_wconf 93' lang='lat' dir='ltr'><strong>et</strong></span> <span class='ocrx_word' id='word_1_139' title='bbox 2018 1807 2250 1862; x_wconf 80' lang='lat' dir='ltr'><strong>ascendit</strong></span> 
     </span>
    </p>
   </div>
   <div class='ocr_carea' id='block_1_20' title="bbox 680 1871 1312 1951">
    <p class='ocr_par' dir='ltr' id='par_1_20' title="bbox 680 1871 1312 1951">
     <span class='ocr_line' id='line_1_20' title="bbox 680 1871 1312 1951; baseline 0.019 -25"><span class='ocrx_word' id='word_1_140' title='bbox 680 1871 837 1929; x_wconf 80' lang='lat' dir='ltr'><strong>Jesus</strong></span> <span class='ocrx_word' id='word_1_141' title='bbox 869 1873 1312 1951; x_wconf 82' lang='lat' dir='ltr'><strong>Hierosolymam.</strong></span> 
     </span>
    </p>
   </div>
   <div class='ocr_carea' id='block_1_21' title="bbox 756 2049 2249 2142">
    <p class='ocr_par' dir='ltr' id='par_1_21' title="bbox 756 2049 2249 2142">
     <span class='ocr_line' id='line_1_21' title="bbox 756 2049 2249 2142; baseline 0.017 -39"><span class='ocrx_word' id='word_1_142' title='bbox 756 2049 939 2118; x_wconf 60' lang='lat' dir='ltr'><strong>Multa,</strong></span> <span class='ocrx_word' id='word_1_143' title='bbox 976 2070 1147 2124; x_wconf 85' lang='lat' dir='ltr'><strong>eaque</strong></span> <span class='ocrx_word' id='word_1_144' title='bbox 1170 2074 1453 2128; x_wconf 60' lang='lat' dir='ltr'><strong>praeclara,</strong></span> <span class='ocrx_word' id='word_1_145' title='bbox 1485 2078 1593 2119; x_wconf 90' lang='lat' dir='ltr'><strong>uno</strong></span> <span class='ocrx_word' id='word_1_146' title='bbox 1614 2074 1667 2120; x_wconf 87' lang='lat' dir='ltr'><strong>et</strong></span> <span class='ocrx_word' id='word_1_147' title='bbox 1688 2065 1865 2138; x_wconf 90' lang='lat' dir='ltr'><strong>primo</strong></span> <span class='ocrx_word' id='word_1_148' title='bbox 1892 2070 2049 2142; x_wconf 88' lang='lat' dir='ltr'><strong>signo</strong></span> <span class='ocrx_word' id='word_1_149' title='bbox 2086 2074 2249 2129; x_wconf 88' lang='lat' dir='ltr'><strong>simul</strong></span> 
     </span>
    </p>
   </div>
   <div class='ocr_carea' id='block_1_22' title="bbox 683 2142 2248 2224">
    <p class='ocr_par' dir='ltr' id='par_1_22' title="bbox 683 2142 2248 2224">
     <span class='ocr_line' id='line_1_22' title="bbox 683 2142 2248 2224; baseline 0.018 -31"><span class='ocrx_word' id='word_1_150' title='bbox 683 2142 1004 2209; x_wconf 78' lang='lat' dir='ltr'><strong>agebantur.</strong></span> <span class='ocrx_word' id='word_1_151' title='bbox 1035 2145 1244 2217; x_wconf 77' lang='lat' dir='ltr'><strong>Nuptia:</strong></span> <span class='ocrx_word' id='word_1_152' title='bbox 1275 2154 1472 2224; x_wconf 89' lang='lat' dir='ltr'><strong>quippe</strong></span> <span class='ocrx_word' id='word_1_153' title='bbox 1498 2155 1854 2217; x_wconf 87' lang='lat' dir='ltr'><strong>honorabiles</strong></span> <span class='ocrx_word' id='word_1_154' title='bbox 1892 2160 2248 2221; x_wconf 72' lang='lat' dir='ltr'><strong>sanctiﬁcata:</strong></span> 
     </span>
    </p>
   </div>
   <div class='ocr_carea' id='block_1_23' title="bbox 681 2241 2245 2321">
    <p class='ocr_par' dir='ltr' id='par_1_23' title="bbox 681 2241 2245 2321">
     <span class='ocr_line' id='line_1_23' title="bbox 681 2241 2245 2321; baseline 0.017 -37"><span class='ocrx_word' id='word_1_155' title='bbox 681 2241 846 2296; x_wconf 86' lang='lat' dir='ltr'><strong>sunt,</strong></span> <span class='ocrx_word' id='word_1_156' title='bbox 882 2241 934 2289; x_wconf 88' lang='lat' dir='ltr'><strong>et</strong></span> <span class='ocrx_word' id='word_1_157' title='bbox 968 2242 1270 2297; x_wconf 79' lang='lat' dir='ltr'><strong>exsecratio</strong></span> <span class='ocrx_word' id='word_1_158' title='bbox 1307 2244 1361 2299; x_wconf 92' lang='lat' dir='ltr'><strong>in</strong></span> <span class='ocrx_word' id='word_1_159' title='bbox 1395 2246 1654 2305; x_wconf 85' lang='lat' dir='ltr'><strong>mulieres</strong></span> <span class='ocrx_word' id='word_1_160' title='bbox 1688 2253 1925 2321; x_wconf 88' lang='lat' dir='ltr'><strong>repulsa.</strong></span> <span class='ocrx_word' id='word_1_161' title='bbox 1952 2250 2069 2309; x_wconf 87' lang='lat' dir='ltr'><strong>Non</strong></span> <span class='ocrx_word' id='word_1_162' title='bbox 2103 2258 2245 2310; x_wconf 87' lang='lat' dir='ltr'><strong>enim</strong></span> 
     </span>
    </p>
   </div>
   <div class='ocr_carea' id='block_1_24' title="bbox 680 2321 2248 2417">
    <p class='ocr_par' dir='ltr' id='par_1_24' title="bbox 680 2321 2248 2417">
     <span class='ocr_line' id='line_1_24' title="bbox 680 2321 2248 2417; baseline 0.018 -43"><span class='ocrx_word' id='word_1_163' title='bbox 680 2321 737 2376; x_wconf 90' lang='lat' dir='ltr'><strong>in</strong></span> <span class='ocrx_word' id='word_1_164' title='bbox 770 2321 1054 2382; x_wconf 84' lang='lat' dir='ltr'><strong>doloribus</strong></span> <span class='ocrx_word' id='word_1_165' title='bbox 1083 2330 1222 2383; x_wconf 90' lang='lat' dir='ltr'><strong>ultra</strong></span> <span class='ocrx_word' id='word_1_166' title='bbox 1253 2336 1463 2402; x_wconf 87' lang='lat' dir='ltr'><strong>parient</strong></span> <span class='ocrx_word' id='word_1_167' title='bbox 1487 2336 1712 2404; x_wconf 87' lang='lat' dir='ltr'><strong>liberos,</strong></span> <span class='ocrx_word' id='word_1_168' title='bbox 1743 2355 1866 2395; x_wconf 92' lang='lat' dir='ltr'><strong>cum</strong></span> <span class='ocrx_word' id='word_1_169' title='bbox 1903 2343 2078 2414; x_wconf 90' lang='lat' dir='ltr'><strong>ipsum</strong></span> <span class='ocrx_word' id='word_1_170' title='bbox 2107 2362 2248 2417; x_wconf 83' lang='lat' dir='ltr'><strong>quo-</strong></span> 
     </span>
    </p>
   </div>
   <div class='ocr_carea' id='block_1_25' title="bbox 678 2424 2247 2493">
    <p class='ocr_par' dir='ltr' id='par_1_25' title="bbox 678 2424 2247 2493">
     <span class='ocr_line' id='line_1_25' title="bbox 678 2424 2247 2493; baseline 0.018 -27"><span class='ocrx_word' id='word_1_171' title='bbox 678 2429 784 2483; x_wconf 86' lang='lat' dir='ltr'><strong>que</strong></span> <span class='ocrx_word' id='word_1_172' title='bbox 808 2425 1007 2472; x_wconf 66' lang='lat' dir='ltr'><strong>nostrae</strong></span> <span class='ocrx_word' id='word_1_173' title='bbox 1031 2424 1400 2488; x_wconf 77' lang='lat' dir='ltr'><strong>generationis</strong></span> <span class='ocrx_word' id='word_1_174' title='bbox 1424 2426 1643 2483; x_wconf 82' lang='lat' dir='ltr'><strong>initium</strong></span> <span class='ocrx_word' id='word_1_175' title='bbox 1673 2429 1928 2490; x_wconf 77' lang='lat' dir='ltr'><strong>Christus</strong></span> <span class='ocrx_word' id='word_1_176' title='bbox 1955 2436 2247 2493; x_wconf 80' lang='lat' dir='ltr'><strong>benedixe-</strong></span> 
     </span>
    </p>
   </div>
   <div class='ocr_carea' id='block_1_26' title="bbox 677 2503 2243 2585">
    <p class='ocr_par' dir='ltr' id='par_1_26' title="bbox 677 2503 2243 2585">
     <span class='ocr_line' id='line_1_26' title="bbox 677 2503 2243 2585; baseline 0.02 -31"><span class='ocrx_word' id='word_1_177' title='bbox 677 2503 770 2559; x_wconf 88' lang='lat' dir='ltr'><strong>rit.</strong></span> <span class='ocrx_word' id='word_1_178' title='bbox 830 2503 1011 2561; x_wconf 85' lang='lat' dir='ltr'><strong>Gloria</strong></span> <span class='ocrx_word' id='word_1_179' title='bbox 1073 2524 1202 2565; x_wconf 87' lang='lat' dir='ltr'><strong>vero</strong></span> <span class='ocrx_word' id='word_1_180' title='bbox 1252 2510 1557 2571; x_wconf 87' lang='lat' dir='ltr'><strong>Salvatoris</strong></span> <span class='ocrx_word' id='word_1_181' title='bbox 1618 2522 1793 2575; x_wconf 92' lang='lat' dir='ltr'><strong>nostri</strong></span> <span class='ocrx_word' id='word_1_182' title='bbox 1853 2522 1992 2578; x_wconf 89' lang='lat' dir='ltr'><strong>radii</strong></span> <span class='ocrx_word' id='word_1_183' title='bbox 2045 2527 2243 2585; x_wconf 90' lang='lat' dir='ltr'><strong>solaris</strong></span> 
     </span>
    </p>
   </div>
   <div class='ocr_carea' id='block_1_27' title="bbox 676 2592 2245 2672">
    <p class='ocr_par' dir='ltr' id='par_1_27' title="bbox 676 2592 2245 2672">
     <span class='ocr_line' id='line_1_27' title="bbox 676 2592 2245 2672; baseline 0.017 -27"><span class='ocrx_word' id='word_1_184' title='bbox 676 2592 854 2648; x_wconf 86' lang='lat' dir='ltr'><strong>instar</strong></span> <span class='ocrx_word' id='word_1_185' title='bbox 875 2598 1131 2664; x_wconf 88' lang='lat' dir='ltr'><strong>emicuit,</strong></span> <span class='ocrx_word' id='word_1_186' title='bbox 1163 2608 1217 2655; x_wconf 91' lang='lat' dir='ltr'><strong>et</strong></span> <span class='ocrx_word' id='word_1_187' title='bbox 1257 2600 1448 2659; x_wconf 89' lang='lat' dir='ltr'><strong>harum</strong></span> <span class='ocrx_word' id='word_1_188' title='bbox 1478 2621 1659 2662; x_wconf 90' lang='lat' dir='ltr'><strong>rerum</strong></span> <span class='ocrx_word' id='word_1_189' title='bbox 1690 2607 2051 2669; x_wconf 87' lang='lat' dir='ltr'><strong>admiratione</strong></span> <span class='ocrx_word' id='word_1_190' title='bbox 2080 2613 2245 2672; x_wconf 86' lang='lat' dir='ltr'><strong>disci-</strong></span> 
     </span>
    </p>
   </div>
   <div class='ocr_carea' id='block_1_28' title="bbox 676 2685 2244 2764">
    <p class='ocr_par' dir='ltr' id='par_1_28' title="bbox 676 2685 2244 2764">
     <span class='ocr_line' id='line_1_28' title="bbox 676 2685 2244 2764; baseline 0.018 -28"><span class='ocrx_word' id='word_1_191' title='bbox 676 2685 926 2754; x_wconf 89' lang='lat' dir='ltr'><strong>pulorum</strong></span> <span class='ocrx_word' id='word_1_192' title='bbox 973 2688 1104 2745; x_wconf 81' lang='lat' dir='ltr'><strong>ﬁdes</strong></span> <span class='ocrx_word' id='word_1_193' title='bbox 1153 2694 1325 2763; x_wconf 84' lang='lat' dir='ltr'><strong>magis</strong></span> <span class='ocrx_word' id='word_1_194' title='bbox 1376 2697 1753 2755; x_wconf 80' lang='lat' dir='ltr'><strong>conﬁrmatur.</strong></span> <span class='ocrx_word' id='word_1_195' title='bbox 1814 2702 1919 2758; x_wconf 88' lang='lat' dir='ltr'><strong>Sed</strong></span> <span class='ocrx_word' id='word_1_196' title='bbox 1964 2705 2244 2764; x_wconf 58' lang='lat' dir='ltr'><strong>historica;</strong></span> 
     </span>
    </p>
   </div>
   <div class='ocr_carea' id='block_1_29' title="bbox 671 2777 2241 2859">
    <p class='ocr_par' dir='ltr' id='par_1_29' title="bbox 671 2777 2241 2859">
     <span class='ocr_line' id='line_1_29' title="bbox 671 2777 2241 2859; baseline 0.015 -29"><span class='ocrx_word' id='word_1_197' title='bbox 671 2777 894 2846; x_wconf 81' lang='lat' dir='ltr'><strong>quidem</strong></span> <span class='ocrx_word' id='word_1_198' title='bbox 927 2782 1288 2850; x_wconf 84' lang='lat' dir='ltr'><strong>expositionis</strong></span> <span class='ocrx_word' id='word_1_199' title='bbox 1331 2785 1468 2842; x_wconf 86' lang='lat' dir='ltr'><strong>satis</strong></span> <span class='ocrx_word' id='word_1_200' title='bbox 1521 2788 1592 2843; x_wconf 92' lang='lat' dir='ltr'><strong>sit</strong></span> <span class='ocrx_word' id='word_1_201' title='bbox 1634 2791 1937 2859; x_wconf 85' lang='lat' dir='ltr'><strong>hactenus;</strong></span> <span class='ocrx_word' id='word_1_202' title='bbox 1995 2798 2101 2851; x_wconf 83' lang='lat' dir='ltr'><strong>alia</strong></span> <span class='ocrx_word' id='word_1_203' title='bbox 2140 2814 2241 2854; x_wconf 91' lang='lat' dir='ltr'><strong>no-</strong></span> 
     </span>
    </p>
   </div>
   <div class='ocr_carea' id='block_1_30' title="bbox 671 2867 2240 2959">
    <p class='ocr_par' dir='ltr' id='par_1_30' title="bbox 671 2867 2240 2959">
     <span class='ocr_line' id='line_1_30' title="bbox 671 2867 2240 2959; baseline 0.014 -38"><span class='ocrx_word' id='word_1_204' title='bbox 671 2867 757 2923; x_wconf 88' lang='lat' dir='ltr'><strong>bis</strong></span> <span class='ocrx_word' id='word_1_205' title='bbox 796 2878 880 2924; x_wconf 88' lang='lat' dir='ltr'><strong>est</strong></span> <span class='ocrx_word' id='word_1_206' title='bbox 913 2871 1150 2927; x_wconf 88' lang='lat' dir='ltr'><strong>ineunda</strong></span> <span class='ocrx_word' id='word_1_207' title='bbox 1180 2878 1587 2947; x_wconf 87' lang='lat' dir='ltr'><strong>contemplandi</strong></span> <span class='ocrx_word' id='word_1_208' title='bbox 1625 2883 1793 2946; x_wconf 88' lang='lat' dir='ltr'><strong>ratio,</strong></span> <span class='ocrx_word' id='word_1_209' title='bbox 1834 2886 1989 2955; x_wconf 79' lang='lat'><strong>137</strong></span> <span class='ocrx_word' id='word_1_210' title='bbox 2023 2895 2072 2942; x_wconf 78' lang='lat' dir='ltr'><strong>e&#39;</strong></span> <span class='ocrx_word' id='word_1_211' title='bbox 2109 2889 2240 2959; x_wconf 88' lang='lat' dir='ltr'><strong>quid</strong></span> 
     </span>
    </p>
   </div>
   <div class='ocr_carea' id='block_1_31' title="bbox 670 2958 2240 3047">
    <p class='ocr_par' dir='ltr' id='par_1_31' title="bbox 670 2958 2240 3047">
     <span class='ocr_line' id='line_1_31' title="bbox 670 2958 2240 3047; baseline 0.015 -36"><span class='ocrx_word' id='word_1_212' title='bbox 670 2958 756 3012; x_wconf 90' lang='lat' dir='ltr'><strong>his</strong></span> <span class='ocrx_word' id='word_1_213' title='bbox 788 2960 1185 3029; x_wconf 84' lang='lat' dir='ltr'><strong>subinnuatur,</strong></span> <span class='ocrx_word' id='word_1_214' title='bbox 1231 2966 1605 3023; x_wconf 88' lang='lat' dir='ltr'><strong>indicandum.</strong></span> <span class='ocrx_word' id='word_1_215' title='bbox 1650 2971 1937 3028; x_wconf 85' lang='lat' dir='ltr'><strong>Descendit</strong></span> <span class='ocrx_word' id='word_1_216' title='bbox 1973 2958 2140 3047; x_wconf 80' lang='lat' dir='ltr'><strong>igitur</strong></span> <span class='ocrx_word' id='word_1_217' title='bbox 2173 2982 2240 3035; x_wconf 90' lang='lat' dir='ltr'><strong>de</strong></span> 
     </span>
    </p>
   </div>
   <div class='ocr_carea' id='block_1_32' title="bbox 2355 619 3955 699">
    <p class='ocr_par' dir='ltr' id='par_1_32' title="bbox 2355 619 3955 699">
     <span class='ocr_line' id='line_1_32' title="bbox 2355 619 3955 699; baseline 0.006 -27"><span class='ocrx_word' id='word_1_218' title='bbox 2355 619 2422 673; x_wconf 88' lang='grc' dir='ltr'>Τί</span> <span class='ocrx_word' id='word_1_219' title='bbox 2451 621 2558 693; x_wconf 86' lang='grc' dir='ltr'><strong>γὰρ</strong></span> <span class='ocrx_word' id='word_1_220' title='bbox 2592 622 2658 676; x_wconf 82' lang='grc' dir='ltr'>ἂν</span> <span class='ocrx_word' id='word_1_221' title='bbox 2687 623 2893 691; x_wconf 86' lang='grc' dir='ltr'>γένοιτο</span> <span class='ocrx_word' id='word_1_222' title='bbox 2923 624 3153 694; x_wconf 81' lang='grc' dir='ltr'>χαλεπὸν</span> <span class='ocrx_word' id='word_1_223' title='bbox 3180 625 3258 697; x_wconf 82' lang='grc' dir='ltr'>τῷ</span> <span class='ocrx_word' id='word_1_224' title='bbox 3292 627 3467 682; x_wconf 86' lang='grc' dir='ltr'>πάντα</span> <span class='ocrx_word' id='word_1_225' title='bbox 3500 629 3736 699; x_wconf 78' lang='grc' dir='ltr'><strong>ἰσχύοντι</strong></span> <span class='ocrx_word' id='word_1_226' title='bbox 3772 647 3787 689; x_wconf 88' lang='lat'><strong>;</strong></span> <span class='ocrx_word' id='word_1_227' title='bbox 3825 630 3861 681; x_wconf 89' lang='lat'><strong>6</strong></span> <span class='ocrx_word' id='word_1_228' title='bbox 3891 630 3955 683; x_wconf 84' lang='grc' dir='ltr'><strong>δὲ</strong></span> 
     </span>
    </p>
   </div>
   <div class='ocr_carea' id='block_1_33' title="bbox 2353 707 3952 791">
    <p class='ocr_par' dir='ltr' id='par_1_33' title="bbox 2353 707 3952 791">
     <span class='ocr_line' id='line_1_33' title="bbox 2353 707 3952 791; baseline 0.009 -31"><span class='ocrx_word' id='word_1_229' title='bbox 2353 708 2421 761; x_wconf 74' lang='grc' dir='ltr'><strong>τά</strong></span> <span class='ocrx_word' id='word_1_230' title='bbox 2448 707 2548 762; x_wconf 75' lang='grc' dir='ltr'>οὐκ</span> <span class='ocrx_word' id='word_1_231' title='bbox 2580 709 2706 763; x_wconf 80' lang='grc' dir='ltr'>ὄντα</span> <span class='ocrx_word' id='word_1_232' title='bbox 2735 712 2913 767; x_wconf 84' lang='grc' dir='ltr'>καλῶν</span> <span class='ocrx_word' id='word_1_233' title='bbox 2941 714 3020 776; x_wconf 83' lang='grc' dir='ltr'><strong>είς</strong></span> <span class='ocrx_word' id='word_1_234' title='bbox 3053 712 3283 781; x_wconf 82' lang='grc' dir='ltr'>γένεσιν,</span> <span class='ocrx_word' id='word_1_235' title='bbox 3315 716 3429 780; x_wconf 83' lang='grc' dir='ltr'><strong>πῶς</strong></span> <span class='ocrx_word' id='word_1_236' title='bbox 3447 718 3513 771; x_wconf 83' lang='grc' dir='ltr'>ἂν</span> <span class='ocrx_word' id='word_1_237' title='bbox 3542 714 3709 788; x_wconf 87' lang='grc' dir='ltr'>κάμοι</span> <span class='ocrx_word' id='word_1_238' title='bbox 3734 719 3808 773; x_wconf 74' lang='grc' dir='ltr'>τὰ</span> <span class='ocrx_word' id='word_1_239' title='bbox 3840 720 3952 791; x_wconf 71' lang='grc' dir='ltr'><strong>ἤδη</strong></span> 
     </span>
    </p>
   </div>
   <div class='ocr_carea' id='block_1_34' title="bbox 2356 798 3950 880">
    <p class='ocr_par' dir='ltr' id='par_1_34' title="bbox 2356 798 3950 880">
     <span class='ocr_line' id='line_1_34' title="bbox 2356 798 3950 880; baseline 0.008 -30"><span class='ocrx_word' id='word_1_240' title='bbox 2356 798 2701 869; x_wconf 83' lang='grc' dir='ltr'><strong>πεποιημένα</strong></span> <span class='ocrx_word' id='word_1_241' title='bbox 2754 802 3208 873; x_wconf 77' lang='grc' dir='ltr'>μεταρρυθμίζων</span> <span class='ocrx_word' id='word_1_242' title='bbox 3257 803 3341 874; x_wconf 79' lang='grc' dir='ltr'>ἐφ’</span> <span class='ocrx_word' id='word_1_243' title='bbox 3366 806 3502 879; x_wconf 84' lang='grc' dir='ltr'>ὅπερ</span> <span class='ocrx_word' id='word_1_244' title='bbox 3543 806 3610 861; x_wconf 79' lang='grc' dir='ltr'><strong>ἂν</strong></span> <span class='ocrx_word' id='word_1_245' title='bbox 3650 809 3950 880; x_wconf 85' lang='grc' dir='ltr'>βούλοιτο;</span> 
     </span>
    </p>
   </div>
   <div class='ocr_carea' id='block_1_35' title="bbox 2365 887 3952 971">
    <p class='ocr_par' dir='ltr' id='par_1_35' title="bbox 2365 887 3952 971">
     <span class='ocr_line' id='line_1_35' title="bbox 2365 887 3952 971; baseline 0.006 -30"><span class='ocrx_word' id='word_1_246' title='bbox 2365 887 2838 961; x_wconf 78' lang='grc' dir='ltr'>Ἀποθαυμάζουσι</span> <span class='ocrx_word' id='word_1_247' title='bbox 2871 892 2927 946; x_wconf 84' lang='grc' dir='ltr'><strong>δὲ</strong></span> <span class='ocrx_word' id='word_1_248' title='bbox 2959 894 3056 965; x_wconf 83' lang='grc' dir='ltr'>τὴν</span> <span class='ocrx_word' id='word_1_249' title='bbox 3082 896 3273 966; x_wconf 83' lang='grc' dir='ltr'>χρῆσιν</span> <span class='ocrx_word' id='word_1_250' title='bbox 3295 898 3370 961; x_wconf 85' lang='grc' dir='ltr'>ὼς</span> <span class='ocrx_word' id='word_1_251' title='bbox 3392 898 3666 971; x_wconf 76' lang='grc' dir='ltr'>ἐξαίρετον</span> <span class='ocrx_word' id='word_1_252' title='bbox 3690 920 3705 933; x_wconf 75' lang='grc' dir='ltr'><strong>ο</strong></span> <span class='ocrx_word' id='word_1_253' title='bbox 3732 902 3798 954; x_wconf 79' lang='grc' dir='ltr'><strong>οὐ</strong></span> <span class='ocrx_word' id='word_1_254' title='bbox 3830 901 3952 970; x_wconf 76' lang='grc' dir='ltr'><strong>γὰρ</strong></span> 
     </span>
    </p>
   </div>
   <div class='ocr_carea' id='block_1_36' title="bbox 2350 968 3949 1059">
    <p class='ocr_par' dir='ltr' id='par_1_36' title="bbox 2350 968 3949 1059">
     <span class='ocr_line' id='line_1_36' title="bbox 2350 968 3949 1059; baseline 0.006 -27"><span class='ocrx_word' id='word_1_255' title='bbox 2350 968 2418 1050; x_wconf 81' lang='grc' dir='ltr'>ἦν</span> <span class='ocrx_word' id='word_1_256' title='bbox 2454 980 2653 1051; x_wconf 78' lang='grc' dir='ltr'><strong>ἑτέρως</strong></span> <span class='ocrx_word' id='word_1_257' title='bbox 2679 982 2904 1054; x_wconf 80' lang='grc' dir='ltr'>ὁρᾶσθαι</span> <span class='ocrx_word' id='word_1_258' title='bbox 2940 985 3008 1039; x_wconf 82' lang='grc' dir='ltr'>τὰ</span> <span class='ocrx_word' id='word_1_259' title='bbox 3048 985 3136 1040; x_wconf 78' lang='grc' dir='ltr'><strong>διὰ</strong></span> <span class='ocrx_word' id='word_1_260' title='bbox 3164 988 3419 1059; x_wconf 83' lang='grc' dir='ltr'><strong>Χριστοῦ.</strong></span> <span class='ocrx_word' id='word_1_261' title='bbox 3462 968 3711 1045; x_wconf 74' lang='grc' dir='ltr'>Αῖτιᾶται</span> <span class='ocrx_word' id='word_1_262' title='bbox 3765 991 3821 1044; x_wconf 83' lang='grc' dir='ltr'><strong>δὲ</strong></span> <span class='ocrx_word' id='word_1_263' title='bbox 3848 968 3949 1042; x_wconf 76' lang='grc' dir='ltr'>τὸν</span> 
     </span>
    </p>
   </div>
   <div class='ocr_carea' id='block_1_37' title="bbox 2351 1069 3947 1151">
    <p class='ocr_par' dir='ltr' id='par_1_37' title="bbox 2351 1069 3947 1151">
     <span class='ocr_line' id='line_1_37' title="bbox 2351 1069 3947 1151; baseline 0.006 -31"><span class='ocrx_word' id='word_1_264' title='bbox 2351 1070 2581 1139; x_wconf 78' lang='grc' dir='ltr'><strong>νυμφίον</strong></span> <span class='ocrx_word' id='word_1_265' title='bbox 2619 1070 2648 1124; x_wconf 88' lang='lat'><strong>6</strong></span> <span class='ocrx_word' id='word_1_266' title='bbox 2682 1069 3101 1144; x_wconf 79' lang='grc' dir='ltr'><strong>ἀρχιτρίκλινος,</strong></span> <span class='ocrx_word' id='word_1_267' title='bbox 3134 1075 3209 1139; x_wconf 84' lang='grc' dir='ltr'>ὡς</span> <span class='ocrx_word' id='word_1_268' title='bbox 3245 1078 3303 1132; x_wconf 79' lang='grc' dir='ltr'>ἐν</span> <span class='ocrx_word' id='word_1_269' title='bbox 3342 1079 3552 1151; x_wconf 77' lang='grc' dir='ltr'>ὑστέρῳ</span> <span class='ocrx_word' id='word_1_270' title='bbox 3581 1079 3674 1133; x_wconf 80' lang='grc' dir='ltr'>τοῦ</span> <span class='ocrx_word' id='word_1_271' title='bbox 3708 1079 3947 1133; x_wconf 78' lang='grc' dir='ltr'>δείπνου</span> 
     </span>
    </p>
   </div>
   <div class='ocr_carea' id='block_1_38' title="bbox 2352 1160 3947 1243">
    <p class='ocr_par' dir='ltr' id='par_1_38' title="bbox 2352 1160 3947 1243">
     <span class='ocr_line' id='line_1_38' title="bbox 2352 1160 3947 1243; baseline 0.011 -32"><span class='ocrx_word' id='word_1_272' title='bbox 2352 1160 2529 1232; x_wconf 77' lang='grc' dir='ltr'>καιρῷ</span> <span class='ocrx_word' id='word_1_273' title='bbox 2576 1162 2895 1219; x_wconf 86' lang='grc' dir='ltr'>δαπανῶντα</span> <span class='ocrx_word' id='word_1_274' title='bbox 2928 1163 2989 1219; x_wconf 85' lang='grc' dir='ltr'>τὺ</span> <span class='ocrx_word' id='word_1_275' title='bbox 3030 1165 3249 1238; x_wconf 82' lang='grc' dir='ltr'>ἄμεινον</span> <span class='ocrx_word' id='word_1_276' title='bbox 3269 1209 3284 1233; x_wconf 88' lang='grc'><strong>,</strong></span> <span class='ocrx_word' id='word_1_277' title='bbox 3309 1169 3408 1222; x_wconf 78' lang='grc' dir='ltr'>οὐκ</span> <span class='ocrx_word' id='word_1_278' title='bbox 3440 1170 3734 1243; x_wconf 77' lang='grc' dir='ltr'>ἀκόμψως,</span> <span class='ocrx_word' id='word_1_279' title='bbox 3758 1170 3843 1234; x_wconf 82' lang='grc' dir='ltr'>ὥς</span> <span class='ocrx_word' id='word_1_280' title='bbox 3878 1170 3947 1238; x_wconf 71' lang='grc' dir='ltr'><strong>γέ</strong></span> 
     </span>
    </p>
   </div>
   <div class='ocr_carea' id='block_1_39' title="bbox 2353 1253 3666 1332">
    <p class='ocr_par' dir='ltr' id='par_1_39' title="bbox 2353 1253 3666 1332">
     <span class='ocr_line' id='line_1_39' title="bbox 2353 1253 3666 1332; baseline 0.008 -28"><span class='ocrx_word' id='word_1_281' title='bbox 2353 1261 2442 1321; x_wconf 88' lang='grc' dir='ltr'><strong>μοι</strong></span> <span class='ocrx_word' id='word_1_282' title='bbox 2472 1253 2736 1321; x_wconf 85' lang='grc' dir='ltr'>φαίνεται,</span> <span class='ocrx_word' id='word_1_283' title='bbox 2758 1256 2898 1310; x_wconf 83' lang='grc' dir='ltr'>κατά</span> <span class='ocrx_word' id='word_1_284' title='bbox 2924 1274 2987 1326; x_wconf 90' lang='grc' dir='ltr'><strong>γε</strong></span> <span class='ocrx_word' id='word_1_285' title='bbox 3010 1257 3101 1311; x_wconf 79' lang='grc' dir='ltr'>τὸν</span> <span class='ocrx_word' id='word_1_286' title='bbox 3119 1259 3217 1330; x_wconf 83' lang='grc' dir='ltr'><strong>τῆς</strong></span> <span class='ocrx_word' id='word_1_287' title='bbox 3248 1260 3489 1332; x_wconf 77' lang='grc' dir='ltr'><strong>ἱστορίας</strong></span> <span class='ocrx_word' id='word_1_288' title='bbox 3511 1261 3666 1331; x_wconf 90' lang='grc' dir='ltr'>λόγον</span> 
     </span>
    </p>
   </div>
   <div class='ocr_carea' id='block_1_40' title="bbox 2427 1340 3949 1421">
    <p class='ocr_par' dir='ltr' id='par_1_40' title="bbox 2427 1340 3949 1421">
     <span class='ocr_line' id='line_1_40' title="bbox 2427 1340 3949 1421; baseline 0.007 -27"><span class='ocrx_word' id='word_1_289' title='bbox 2427 1340 2658 1411; x_wconf 79' lang='grc' dir='ltr'><strong>Ταύτην</strong></span> <span class='ocrx_word' id='word_1_290' title='bbox 2698 1344 2948 1413; x_wconf 81' lang='grc' dir='ltr'>ἐποίησε</span> <span class='ocrx_word' id='word_1_291' title='bbox 2994 1348 3107 1414; x_wconf 80' lang='grc' dir='ltr'>τὴν</span> <span class='ocrx_word' id='word_1_292' title='bbox 3158 1344 3354 1418; x_wconf 77' lang='grc' dir='ltr'>ἀρχὴν</span> <span class='ocrx_word' id='word_1_293' title='bbox 3406 1350 3523 1405; x_wconf 84' lang='grc' dir='ltr'>τῶν</span> <span class='ocrx_word' id='word_1_294' title='bbox 3579 1353 3857 1421; x_wconf 72' lang='grc' dir='ltr'>σημείων</span> <span class='ocrx_word' id='word_1_295' title='bbox 3911 1354 3949 1404; x_wconf 85' lang='grc' dir='ltr'><em>ὁ</em></span> 
     </span>
    </p>
   </div>
   <div class='ocr_carea' id='block_1_41' title="bbox 2362 1430 3947 1511">
    <p class='ocr_par' dir='ltr' id='par_1_41' title="bbox 2362 1430 3947 1511">
     <span class='ocr_line' id='line_1_41' title="bbox 2362 1430 3947 1511; baseline 0.004 -23"><span class='ocrx_word' id='word_1_296' title='bbox 2362 1435 2600 1501; x_wconf 82' lang='grc' dir='ltr'>Ἰησοῦς</span> <span class='ocrx_word' id='word_1_297' title='bbox 2630 1430 2700 1489; x_wconf 79' lang='grc' dir='ltr'>ἐν</span> <span class='ocrx_word' id='word_1_298' title='bbox 2725 1437 2890 1504; x_wconf 81' lang='grc' dir='ltr'>Κανᾷ</span> <span class='ocrx_word' id='word_1_299' title='bbox 2918 1438 3027 1508; x_wconf 83' lang='grc' dir='ltr'>τῆς</span> <span class='ocrx_word' id='word_1_300' title='bbox 3055 1440 3385 1507; x_wconf 75' lang='grc' dir='ltr'>Γαλιλαίας</span> <span class='ocrx_word' id='word_1_301' title='bbox 3406 1483 3423 1509; x_wconf 96' lang='grc'><strong>,</strong></span> <span class='ocrx_word' id='word_1_302' title='bbox 3463 1443 3559 1496; x_wconf 80' lang='grc' dir='ltr'><strong>καὶ</strong></span> <span class='ocrx_word' id='word_1_303' title='bbox 3585 1444 3947 1511; x_wconf 60' lang='lat' dir='ltr'><strong>egeas-epan</strong></span> 
     </span>
    </p>
   </div>
   <div class='ocr_carea' id='block_1_42' title="bbox 2348 1524 3946 1598">
    <p class='ocr_par' dir='ltr' id='par_1_42' title="bbox 2348 1524 3946 1598">
     <span class='ocr_line' id='line_1_42' title="bbox 2348 1524 3946 1598; baseline 0.005 -21"><span class='ocrx_word' id='word_1_304' title='bbox 2348 1524 2463 1593; x_wconf 78' lang='grc' dir='ltr'>τὴν</span> <span class='ocrx_word' id='word_1_305' title='bbox 2506 1526 2693 1590; x_wconf 81' lang='grc' dir='ltr'>δόξαν</span> <span class='ocrx_word' id='word_1_306' title='bbox 2721 1529 2908 1584; x_wconf 82' lang='grc' dir='ltr'>αὐτοῦ</span> <span class='ocrx_word' id='word_1_307' title='bbox 2938 1548 2951 1562; x_wconf 80' lang='grc'><em>’</em></span> <span class='ocrx_word' id='word_1_308' title='bbox 3000 1533 3099 1584; x_wconf 79' lang='grc' dir='ltr'><strong>καὶ</strong></span> <span class='ocrx_word' id='word_1_309' title='bbox 3147 1532 3518 1587; x_wconf 80' lang='grc' dir='ltr'>ἐπίστευσαν</span> <span class='ocrx_word' id='word_1_310' title='bbox 3547 1537 3632 1598; x_wconf 80' lang='grc' dir='ltr'><strong>είς</strong></span> <span class='ocrx_word' id='word_1_311' title='bbox 3654 1534 3854 1588; x_wconf 73' lang='grc' dir='ltr'>αὐτὸν</span> <span class='ocrx_word' id='word_1_312' title='bbox 3886 1537 3946 1586; x_wconf 81' lang='grc' dir='ltr'>οἱ</span> 
     </span>
    </p>
   </div>
   <div class='ocr_carea' id='block_1_43' title="bbox 2344 1618 3943 1692">
    <p class='ocr_par' dir='ltr' id='par_1_43' title="bbox 2344 1618 3943 1692">
     <span class='ocr_line' id='line_1_43' title="bbox 2344 1618 3943 1692; baseline 0.005 -23"><span class='ocrx_word' id='word_1_313' title='bbox 2344 1618 2603 1686; x_wconf 75' lang='grc' dir='ltr'>μαθηταὶ</span> <span class='ocrx_word' id='word_1_314' title='bbox 2644 1620 2851 1675; x_wconf 84' lang='grc' dir='ltr'>αὐτοῦ.</span> <span class='ocrx_word' id='word_1_315' title='bbox 2900 1621 3058 1676; x_wconf 83' lang='grc' dir='ltr'><strong>Μετὰ</strong></span> <span class='ocrx_word' id='word_1_316' title='bbox 3100 1622 3273 1676; x_wconf 84' lang='grc' dir='ltr'>τοῦτο</span> <span class='ocrx_word' id='word_1_317' title='bbox 3315 1624 3531 1692; x_wconf 78' lang='grc' dir='ltr'>κατέϐη</span> <span class='ocrx_word' id='word_1_318' title='bbox 3567 1627 3652 1691; x_wconf 84' lang='grc' dir='ltr'><strong>είς</strong></span> <span class='ocrx_word' id='word_1_319' title='bbox 3689 1629 3943 1691; x_wconf 77' lang='grc' dir='ltr'>Καπερ-</span> 
     </span>
    </p>
   </div>
   <div class='ocr_carea' id='block_1_44' title="bbox 2350 1706 3941 1784">
    <p class='ocr_par' dir='ltr' id='par_1_44' title="bbox 2350 1706 3941 1784">
     <span class='ocr_line' id='line_1_44' title="bbox 2350 1706 3941 1784; baseline 0.004 -22"><span class='ocrx_word' id='word_1_320' title='bbox 2350 1706 2543 1779; x_wconf 58' lang='lat' dir='ltr'><strong>racius</strong></span> <span class='ocrx_word' id='word_1_321' title='bbox 2581 1706 2762 1778; x_wconf 79' lang='grc' dir='ltr'>αὐτὸς</span> <span class='ocrx_word' id='word_1_322' title='bbox 2801 1714 2896 1766; x_wconf 75' lang='grc' dir='ltr'><strong>καὶ</strong></span> <span class='ocrx_word' id='word_1_323' title='bbox 2931 1715 2971 1782; x_wconf 74' lang='grc' dir='ltr'><strong>ἡ</strong></span> <span class='ocrx_word' id='word_1_324' title='bbox 3007 1714 3205 1784; x_wconf 83' lang='grc' dir='ltr'>μήτηρ</span> <span class='ocrx_word' id='word_1_325' title='bbox 3237 1716 3445 1780; x_wconf 85' lang='grc' dir='ltr'>αὐτοῦ,</span> <span class='ocrx_word' id='word_1_326' title='bbox 3467 1718 3564 1770; x_wconf 74' lang='grc' dir='ltr'><strong>καὶ</strong></span> <span class='ocrx_word' id='word_1_327' title='bbox 3595 1719 3649 1770; x_wconf 83' lang='grc' dir='ltr'>οι</span> <span class='ocrx_word' id='word_1_328' title='bbox 3671 1716 3941 1784; x_wconf 56' lang='grc' dir='ltr'>ἀδελφοὶ</span> 
     </span>
    </p>
   </div>
   <div class='ocr_carea' id='block_1_45' title="bbox 2352 1800 3942 1874">
    <p class='ocr_par' dir='ltr' id='par_1_45' title="bbox 2352 1800 3942 1874">
     <span class='ocr_line' id='line_1_45' title="bbox 2352 1800 3942 1874; baseline 0.004 -21"><span class='ocrx_word' id='word_1_329' title='bbox 2352 1800 2558 1865; x_wconf 79' lang='grc' dir='ltr'>αὑτοῦ,</span> <span class='ocrx_word' id='word_1_330' title='bbox 2595 1801 2693 1855; x_wconf 73' lang='grc' dir='ltr'><strong>καὶ</strong></span> <span class='ocrx_word' id='word_1_331' title='bbox 2743 1804 2796 1855; x_wconf 82' lang='grc' dir='ltr'>οἱ</span> <span class='ocrx_word' id='word_1_332' title='bbox 2837 1804 3093 1871; x_wconf 80' lang='grc' dir='ltr'>μαθηταὶ</span> <span class='ocrx_word' id='word_1_333' title='bbox 3129 1805 3334 1859; x_wconf 84' lang='grc' dir='ltr'>αὑτοῦ.</span> <span class='ocrx_word' id='word_1_334' title='bbox 3369 1805 3477 1859; x_wconf 78' lang='grc' dir='ltr'><strong>Καὶ</strong></span> <span class='ocrx_word' id='word_1_335' title='bbox 3521 1805 3649 1859; x_wconf 80' lang='grc' dir='ltr'>ἐκεῖ</span> <span class='ocrx_word' id='word_1_336' title='bbox 3677 1807 3942 1874; x_wconf 73' lang='grc' dir='ltr'>ἔμειναν</span> 
     </span>
    </p>
   </div>
   <div class='ocr_carea' id='block_1_46' title="bbox 2351 1891 3941 1964">
    <p class='ocr_par' dir='ltr' id='par_1_46' title="bbox 2351 1891 3941 1964">
     <span class='ocr_line' id='line_1_46' title="bbox 2351 1891 3941 1964; baseline 0.002 -20"><span class='ocrx_word' id='word_1_337' title='bbox 2351 1892 2423 1944; x_wconf 87' lang='grc' dir='ltr'>οὐ</span> <span class='ocrx_word' id='word_1_338' title='bbox 2452 1892 2688 1959; x_wconf 78' lang='grc' dir='ltr'>πολλὰς</span> <span class='ocrx_word' id='word_1_339' title='bbox 2725 1891 2965 1961; x_wconf 77' lang='grc' dir='ltr'>ἡμέρας.</span> <span class='ocrx_word' id='word_1_340' title='bbox 2986 1894 3092 1947; x_wconf 77' lang='lat' dir='ltr'><strong>Kal</strong></span> <span class='ocrx_word' id='word_1_341' title='bbox 3125 1894 3303 1964; x_wconf 72' lang='grc' dir='ltr'>ἐγγὺς</span> <span class='ocrx_word' id='word_1_342' title='bbox 3329 1891 3407 1963; x_wconf 81' lang='grc' dir='ltr'>ἦν</span> <span class='ocrx_word' id='word_1_343' title='bbox 3440 1894 3507 1947; x_wconf 83' lang='grc' dir='ltr'>τὸ</span> <span class='ocrx_word' id='word_1_344' title='bbox 3554 1896 3770 1964; x_wconf 83' lang='grc' dir='ltr'><em>Πάσχα</em></span> <span class='ocrx_word' id='word_1_345' title='bbox 3804 1895 3941 1948; x_wconf 66' lang='grc' dir='ltr'><strong>τῶι⁴</strong></span> 
     </span>
    </p>
   </div>
   <div class='ocr_carea' id='block_1_47' title="bbox 2365 1982 3935 2055">
    <p class='ocr_par' dir='ltr' id='par_1_47' title="bbox 2365 1982 3935 2055">
     <span class='ocr_line' id='line_1_47' title="bbox 2365 1982 3935 2055; baseline -0.001 -14"><span class='ocrx_word' id='word_1_346' title='bbox 2365 1982 2685 2051; x_wconf 74' lang='grc' dir='ltr'><strong>Ἰουδαίων,</strong></span> <span class='ocrx_word' id='word_1_347' title='bbox 2714 1986 2809 2039; x_wconf 76' lang='grc' dir='ltr'><strong>καὶ</strong></span> <span class='ocrx_word' id='word_1_348' title='bbox 2830 1983 3011 2054; x_wconf 78' lang='grc' dir='ltr'>ἀνέϐη</span> <span class='ocrx_word' id='word_1_349' title='bbox 3042 1989 3129 2051; x_wconf 83' lang='grc' dir='ltr'><strong>εις</strong></span> <span class='ocrx_word' id='word_1_350' title='bbox 3178 1988 3562 2055; x_wconf 80' lang='grc' dir='ltr'>Ἰεροσόλυμα</span> <span class='ocrx_word' id='word_1_351' title='bbox 3586 1990 3617 2040; x_wconf 85' lang='grc' dir='ltr'><strong>ό</strong></span> <span class='ocrx_word' id='word_1_352' title='bbox 3657 1986 3935 2052; x_wconf 82' lang='grc' dir='ltr'>Ἰησοῦς.</span> 
     </span>
    </p>
   </div>
   <div class='ocr_carea' id='block_1_48' title="bbox 2420 2071 3938 2139">
    <p class='ocr_par' dir='ltr' id='par_1_48' title="bbox 2420 2071 3938 2139">
     <span class='ocr_line' id='line_1_48' title="bbox 2420 2071 3938 2139; baseline -0.001 -10"><span class='ocrx_word' id='word_1_353' title='bbox 2420 2075 2593 2129; x_wconf 82' lang='grc' dir='ltr'>Πολλὰ</span> <span class='ocrx_word' id='word_1_354' title='bbox 2628 2075 2769 2130; x_wconf 81' lang='grc' dir='ltr'>κατὰ</span> <span class='ocrx_word' id='word_1_355' title='bbox 2810 2071 3004 2129; x_wconf 69' lang='grc' dir='ltr'>ταυτὸν</span> <span class='ocrx_word' id='word_1_356' title='bbox 3046 2075 3279 2130; x_wconf 80' lang='grc' dir='ltr'><strong>ἐτελεῖτο</strong></span> <span class='ocrx_word' id='word_1_357' title='bbox 3322 2077 3389 2129; x_wconf 78' lang='grc' dir='ltr'>τὰ</span> <span class='ocrx_word' id='word_1_358' title='bbox 3416 2076 3676 2131; x_wconf 79' lang='grc' dir='ltr'>κάλλιστα</span> <span class='ocrx_word' id='word_1_359' title='bbox 3706 2077 3775 2129; x_wconf 83' lang='grc' dir='ltr'><strong>δι’</strong></span> <span class='ocrx_word' id='word_1_360' title='bbox 3799 2076 3938 2139; x_wconf 74' lang='grc' dir='ltr'>ἑνὸς</span> 
     </span>
    </p>
   </div>
   <div class='ocr_carea' id='block_1_49' title="bbox 2348 2159 3941 2239">
    <p class='ocr_par' dir='ltr' id='par_1_49' title="bbox 2348 2159 3941 2239">
     <span class='ocr_line' id='line_1_49' title="bbox 2348 2159 3941 2239; baseline -0.003 -17"><span class='ocrx_word' id='word_1_361' title='bbox 2348 2169 2442 2223; x_wconf 74' lang='grc' dir='ltr'>καὶ</span> <span class='ocrx_word' id='word_1_362' title='bbox 2472 2166 2688 2239; x_wconf 82' lang='grc' dir='ltr'>πρώτου</span> <span class='ocrx_word' id='word_1_363' title='bbox 2717 2168 2961 2237; x_wconf 85' lang='grc' dir='ltr'>σημείου.</span> <span class='ocrx_word' id='word_1_364' title='bbox 2998 2163 3177 2238; x_wconf 84' lang='grc' dir='ltr'>Γάμος</span> <span class='ocrx_word' id='word_1_365' title='bbox 3202 2168 3298 2238; x_wconf 80' lang='grc' dir='ltr'>μέν</span> <span class='ocrx_word' id='word_1_366' title='bbox 3327 2168 3434 2238; x_wconf 85' lang='grc' dir='ltr'><strong>γὰρ</strong></span> <span class='ocrx_word' id='word_1_367' title='bbox 3455 2170 3483 2220; x_wconf 94' lang='lat'><strong>6</strong></span> <span class='ocrx_word' id='word_1_368' title='bbox 3504 2166 3682 2236; x_wconf 86' lang='grc' dir='ltr'>τίμιος</span> <span class='ocrx_word' id='word_1_369' title='bbox 3701 2159 3941 2237; x_wconf 77' lang='grc' dir='ltr'>ἡγιάζε-</span> 
     </span>
    </p>
   </div>
   <div class='ocr_carea' id='block_1_50' title="bbox 2345 2252 3940 2329">
    <p class='ocr_par' dir='ltr' id='par_1_50' title="bbox 2345 2252 3940 2329">
     <span class='ocr_line' id='line_1_50' title="bbox 2345 2252 3940 2329; baseline -0.002 -18"><span class='ocrx_word' id='word_1_370' title='bbox 2345 2276 2427 2322; x_wconf 89' lang='grc' dir='ltr'><strong>το,</strong></span> <span class='ocrx_word' id='word_1_371' title='bbox 2463 2259 2572 2329; x_wconf 91' lang='grc' dir='ltr'><strong>ἀρά</strong></span> <span class='ocrx_word' id='word_1_372' title='bbox 2602 2259 2657 2311; x_wconf 81' lang='grc' dir='ltr'><strong>δὲ</strong></span> <span class='ocrx_word' id='word_1_373' title='bbox 2685 2261 2717 2328; x_wconf 83' lang='grc' dir='ltr'><strong>ἡ</strong></span> <span class='ocrx_word' id='word_1_374' title='bbox 2752 2258 2892 2311; x_wconf 82' lang='grc' dir='ltr'><strong>κατά</strong></span> <span class='ocrx_word' id='word_1_375' title='bbox 2929 2252 3202 2327; x_wconf 84' lang='grc' dir='ltr'>γυναικῶν</span> <span class='ocrx_word' id='word_1_376' title='bbox 3227 2258 3487 2312; x_wconf 74' lang='grc' dir='ltr'><strong>ἐκποδών.</strong></span> <span class='ocrx_word' id='word_1_377' title='bbox 3514 2259 3589 2311; x_wconf 76' lang='grc' dir='ltr'>ϋύ</span> <span class='ocrx_word' id='word_1_378' title='bbox 3611 2259 3717 2328; x_wconf 79' lang='grc' dir='ltr'><strong>γὰρ</strong></span> <span class='ocrx_word' id='word_1_379' title='bbox 3744 2259 3800 2309; x_wconf 77' lang='grc' dir='ltr'>ἐν</span> <span class='ocrx_word' id='word_1_380' title='bbox 3830 2257 3940 2308; x_wconf 70' lang='grc' dir='ltr'>λύε-</span> 
     </span>
    </p>
   </div>
   <div class='ocr_carea' id='block_1_51' title="bbox 2346 2344 3937 2420">
    <p class='ocr_par' dir='ltr' id='par_1_51' title="bbox 2346 2344 3937 2420">
     <span class='ocr_line' id='line_1_51' title="bbox 2346 2344 3937 2420; baseline -0.003 -17"><span class='ocrx_word' id='word_1_381' title='bbox 2346 2368 2477 2414; x_wconf 87' lang='grc' dir='ltr'>παις</span> <span class='ocrx_word' id='word_1_382' title='bbox 2500 2349 2579 2402; x_wconf 78' lang='grc' dir='ltr'>ἔτι</span> <span class='ocrx_word' id='word_1_383' title='bbox 2612 2344 2855 2413; x_wconf 77' lang='grc' dir='ltr'>τέξονται</span> <span class='ocrx_word' id='word_1_384' title='bbox 2883 2345 3066 2413; x_wconf 85' lang='grc' dir='ltr'>τέκνα,</span> <span class='ocrx_word' id='word_1_385' title='bbox 3100 2349 3194 2403; x_wconf 75' lang='grc' dir='ltr'><strong>καὶ</strong></span> <span class='ocrx_word' id='word_1_386' title='bbox 3218 2349 3389 2420; x_wconf 79' lang='grc' dir='ltr'>αὐτὴν</span> <span class='ocrx_word' id='word_1_387' title='bbox 3418 2349 3575 2419; x_wconf 87' lang='grc' dir='ltr'>ἡμῶν</span> <span class='ocrx_word' id='word_1_388' title='bbox 3604 2348 3697 2418; x_wconf 81' lang='grc' dir='ltr'><strong>τῆς</strong></span> <span class='ocrx_word' id='word_1_389' title='bbox 3726 2349 3937 2418; x_wconf 76' lang='grc' dir='ltr'>γεννή-</span> 
     </span>
    </p>
   </div>
   <div class='ocr_carea' id='block_1_52' title="bbox 2348 2438 3936 2513">
    <p class='ocr_par' dir='ltr' id='par_1_52' title="bbox 2348 2438 3936 2513">
     <span class='ocr_line' id='line_1_52' title="bbox 2348 2438 3936 2513; baseline -0.004 -17"><span class='ocrx_word' id='word_1_390' title='bbox 2348 2459 2482 2506; x_wconf 86' lang='grc' dir='ltr'>σεως</span> <span class='ocrx_word' id='word_1_391' title='bbox 2513 2441 2610 2513; x_wconf 79' lang='grc' dir='ltr'>τὴν</span> <span class='ocrx_word' id='word_1_392' title='bbox 2643 2440 2813 2511; x_wconf 81' lang='grc' dir='ltr'>ἀρχὴν</span> <span class='ocrx_word' id='word_1_393' title='bbox 2839 2440 3228 2511; x_wconf 83' lang='grc' dir='ltr'>εύλογὴσαντος</span> <span class='ocrx_word' id='word_1_394' title='bbox 3247 2440 3339 2493; x_wconf 82' lang='grc' dir='ltr'>τοῦ</span> <span class='ocrx_word' id='word_1_395' title='bbox 3368 2438 3624 2511; x_wconf 80' lang='grc' dir='ltr'>Χριστοῦ.</span> <span class='ocrx_word' id='word_1_396' title='bbox 3659 2438 3936 2505; x_wconf 73' lang='grc' dir='ltr'>Ἠλιακῆς</span> 
     </span>
    </p>
   </div>
   <div class='ocr_carea' id='block_1_53' title="bbox 2345 2524 3927 2603">
    <p class='ocr_par' dir='ltr' id='par_1_53' title="bbox 2345 2524 3927 2603">
     <span class='ocr_line' id='line_1_53' title="bbox 2345 2524 3927 2603; baseline -0.004 -17"><span class='ocrx_word' id='word_1_397' title='bbox 2345 2532 2400 2586; x_wconf 85' lang='grc' dir='ltr'><strong>δὲ</strong></span> <span class='ocrx_word' id='word_1_398' title='bbox 2428 2528 2580 2603; x_wconf 84' lang='grc' dir='ltr'>δίκην</span> <span class='ocrx_word' id='word_1_399' title='bbox 2603 2532 2816 2593; x_wconf 79' lang='grc' dir='ltr'>ἀκτῖνος</span> <span class='ocrx_word' id='word_1_400' title='bbox 2839 2530 2872 2601; x_wconf 87' lang='grc' dir='ltr'><strong>ἡ</strong></span> <span class='ocrx_word' id='word_1_401' title='bbox 2896 2530 2987 2583; x_wconf 81' lang='grc' dir='ltr'>τοῦ</span> <span class='ocrx_word' id='word_1_402' title='bbox 3010 2524 3257 2601; x_wconf 77' lang='grc' dir='ltr'><strong>Σωτῆρος</strong></span> <span class='ocrx_word' id='word_1_403' title='bbox 3280 2530 3437 2601; x_wconf 83' lang='grc' dir='ltr'>ἡμῶν</span> <span class='ocrx_word' id='word_1_404' title='bbox 3459 2529 3733 2599; x_wconf 71' lang='grc' dir='ltr'>ἀνέλαμψε</span> <span class='ocrx_word' id='word_1_405' title='bbox 3764 2529 3927 2594; x_wconf 80' lang='grc' dir='ltr'>δόξα,</span> 
     </span>
    </p>
   </div>
   <div class='ocr_carea' id='block_1_54' title="bbox 2346 2612 3932 2694">
    <p class='ocr_par' dir='ltr' id='par_1_54' title="bbox 2346 2612 3932 2694">
     <span class='ocr_line' id='line_1_54' title="bbox 2346 2612 3932 2694; baseline -0.005 -16"><span class='ocrx_word' id='word_1_406' title='bbox 2346 2625 2440 2678; x_wconf 76' lang='grc' dir='ltr'><strong>καὶ</strong></span> <span class='ocrx_word' id='word_1_407' title='bbox 2481 2623 2542 2677; x_wconf 82' lang='grc' dir='ltr'><strong>τὸ</strong></span> <span class='ocrx_word' id='word_1_408' title='bbox 2592 2622 2773 2694; x_wconf 81' lang='grc' dir='ltr'>μεῖζον</span> <span class='ocrx_word' id='word_1_409' title='bbox 2817 2622 2909 2675; x_wconf 71' lang='grc' dir='ltr'>ἐπὶ</span> <span class='ocrx_word' id='word_1_410' title='bbox 2938 2618 3145 2685; x_wconf 90' lang='grc' dir='ltr'>τούτοις</span> <span class='ocrx_word' id='word_1_411' title='bbox 3173 2613 3511 2692; x_wconf 71' lang='grc' dir='ltr'>βεϐαιοῦνται</span> <span class='ocrx_word' id='word_1_412' title='bbox 3557 2612 3693 2692; x_wconf 66' lang='grc' dir='ltr'>πρὸς</span> <span class='ocrx_word' id='word_1_413' title='bbox 3732 2619 3932 2672; x_wconf 75' lang='grc' dir='ltr'>πίστιν</span> 
     </span>
    </p>
   </div>
   <div class='ocr_carea' id='block_1_55' title="bbox 2345 2708 3933 2786">
    <p class='ocr_par' dir='ltr' id='par_1_55' title="bbox 2345 2708 3933 2786">
     <span class='ocr_line' id='line_1_55' title="bbox 2345 2708 3933 2786; baseline -0.003 -17"><span class='ocrx_word' id='word_1_414' title='bbox 2345 2715 2452 2770; x_wconf 79' lang='grc' dir='ltr'><strong>ἀπὸ</strong></span> <span class='ocrx_word' id='word_1_415' title='bbox 2477 2714 2568 2769; x_wconf 79' lang='grc' dir='ltr'>τοῦ</span> <span class='ocrx_word' id='word_1_416' title='bbox 2600 2710 2897 2786; x_wconf 75' lang='grc' dir='ltr'>θαυμάζειν</span> <span class='ocrx_word' id='word_1_417' title='bbox 2926 2714 2974 2767; x_wconf 77' lang='lat' dir='ltr'><strong>oi</strong></span> <span class='ocrx_word' id='word_1_418' title='bbox 3021 2712 3279 2785; x_wconf 84' lang='grc' dir='ltr'>μαθηταί.</span> <span class='ocrx_word' id='word_1_419' title='bbox 3317 2708 3375 2767; x_wconf 85' lang='grc' dir='ltr'><strong>Ὅ</strong></span> <span class='ocrx_word' id='word_1_420' title='bbox 3398 2708 3495 2783; x_wconf 71' lang='grc' dir='ltr'>μὲν</span> <span class='ocrx_word' id='word_1_421' title='bbox 3519 2710 3611 2767; x_wconf 77' lang='grc' dir='ltr'><strong>οὖν</strong></span> <span class='ocrx_word' id='word_1_422' title='bbox 3641 2713 3742 2782; x_wconf 81' lang='grc' dir='ltr'>τῆς</span> <span class='ocrx_word' id='word_1_423' title='bbox 3776 2714 3933 2764; x_wconf 74' lang='grc' dir='ltr'>ἱστο-</span> 
     </span>
    </p>
   </div>
   <div class='ocr_carea' id='block_1_56' title="bbox 2344 2800 3931 2881">
    <p class='ocr_par' dir='ltr' id='par_1_56' title="bbox 2344 2800 3931 2881">
     <span class='ocr_line' id='line_1_56' title="bbox 2344 2800 3931 2881; baseline -0.002 -22"><span class='ocrx_word' id='word_1_424' title='bbox 2344 2804 2469 2881; x_wconf 81' lang='grc' dir='ltr'>ρίας</span> <span class='ocrx_word' id='word_1_425' title='bbox 2510 2802 2665 2875; x_wconf 89' lang='grc' dir='ltr'>λόγος</span> <span class='ocrx_word' id='word_1_426' title='bbox 2702 2808 2758 2859; x_wconf 83' lang='grc' dir='ltr'>ὲν</span> <span class='ocrx_word' id='word_1_427' title='bbox 2793 2807 3002 2868; x_wconf 85' lang='grc' dir='ltr'>τούτοις</span> <span class='ocrx_word' id='word_1_428' title='bbox 3038 2805 3294 2875; x_wconf 81' lang='grc' dir='ltr'>στήσεται</span> <span class='ocrx_word' id='word_1_429' title='bbox 3330 2820 3343 2833; x_wconf 84' lang='lat'><strong><em>°</em></strong></span> <span class='ocrx_word' id='word_1_430' title='bbox 3378 2800 3530 2874; x_wconf 76' lang='grc' dir='ltr'>οἶμαι</span> <span class='ocrx_word' id='word_1_431' title='bbox 3568 2804 3624 2856; x_wconf 87' lang='grc' dir='ltr'><strong>δὲ</strong></span> <span class='ocrx_word' id='word_1_432' title='bbox 3651 2804 3782 2868; x_wconf 81' lang='grc' dir='ltr'>δεῖν,</span> <span class='ocrx_word' id='word_1_433' title='bbox 3820 2806 3931 2856; x_wconf 73' lang='grc' dir='ltr'>καὶ</span> 
     </span>
    </p>
   </div>
   <div class='ocr_carea' id='block_1_57' title="bbox 2343 2894 3927 2969">
    <p class='ocr_par' dir='ltr' id='par_1_57' title="bbox 2343 2894 3927 2969">
     <span class='ocr_line' id='line_1_57' title="bbox 2343 2894 3927 2969; baseline -0.003 -19"><span class='ocrx_word' id='word_1_434' title='bbox 2343 2897 2533 2967; x_wconf 79' lang='grc' dir='ltr'>ἑτέραν</span> <span class='ocrx_word' id='word_1_435' title='bbox 2566 2900 2678 2961; x_wconf 85' lang='grc' dir='ltr'>τοῖς</span> <span class='ocrx_word' id='word_1_436' title='bbox 2720 2897 3035 2969; x_wconf 76' lang='grc' dir='ltr'>εἰρημένοις</span> <span class='ocrx_word' id='word_1_437' title='bbox 3082 2895 3411 2950; x_wconf 79' lang='grc' dir='ltr'>ἐπινοεῖσθαι</span> <span class='ocrx_word' id='word_1_438' title='bbox 3442 2896 3673 2967; x_wconf 75' lang='grc' dir='ltr'>Θεωρίαν</span> <span class='ocrx_word' id='word_1_439' title='bbox 3697 2936 3711 2958; x_wconf 95' lang='grc'><strong>,</strong></span> <span class='ocrx_word' id='word_1_440' title='bbox 3740 2896 3831 2948; x_wconf 71' lang='grc' dir='ltr'><strong>καὶ</strong></span> <span class='ocrx_word' id='word_1_441' title='bbox 3865 2894 3927 2947; x_wconf 77' lang='grc' dir='ltr'><strong>τί</strong></span> 
     </span>
    </p>
   </div>
   <div class='ocr_carea' id='block_1_58' title="bbox 2340 2985 3925 3057">
    <p class='ocr_par' dir='ltr' id='par_1_58' title="bbox 2340 2985 3925 3057">
     <span class='ocr_line' id='line_1_58' title="bbox 2340 2985 3925 3057; baseline -0.003 -17"><span class='ocrx_word' id='word_1_442' title='bbox 2340 2987 2400 3040; x_wconf 72' lang='grc' dir='ltr'>τὸ</span> <span class='ocrx_word' id='word_1_443' title='bbox 2427 2986 2668 3040; x_wconf 78' lang='grc' dir='ltr'>ἐντεῦθεν</span> <span class='ocrx_word' id='word_1_444' title='bbox 2691 2987 3119 3057; x_wconf 85' lang='grc' dir='ltr'>ὑποδηλούμενον</span> <span class='ocrx_word' id='word_1_445' title='bbox 3144 2988 3333 3039; x_wconf 77' lang='grc' dir='ltr'>εἰπεῖν.</span> <span class='ocrx_word' id='word_1_446' title='bbox 3353 2985 3712 3053; x_wconf 78' lang='grc' dir='ltr'>Καταϐέὸηκε</span> <span class='ocrx_word' id='word_1_447' title='bbox 3736 2985 3925 3037; x_wconf 82' lang='grc' dir='ltr'>τοίνυν</span> 
     </span>
    </p>
   </div>
   <div class='ocr_carea' id='block_1_59' title="bbox 670 3049 2237 3166">
    <p class='ocr_par' dir='ltr' id='par_1_59' title="bbox 670 3049 2235 3166">
     <span class='ocr_line' id='line_1_59' title="bbox 670 3049 2235 3129; baseline 0.012 -26"><span class='ocrx_word' id='word_1_448' title='bbox 670 3049 826 3104; x_wconf 63' lang='lat' dir='ltr'><strong>caelis</strong></span> <span class='ocrx_word' id='word_1_449' title='bbox 844 3049 938 3105; x_wconf 78' lang='lat' dir='ltr'><strong>Dei</strong></span> <span class='ocrx_word' id='word_1_450' title='bbox 956 3050 1214 3119; x_wconf 87' lang='lat' dir='ltr'><strong>Verbum,</strong></span> <span class='ocrx_word' id='word_1_451' title='bbox 1231 3056 1500 3128; x_wconf 87' lang='lat' dir='ltr'><strong>sicutipse</strong></span> <span class='ocrx_word' id='word_1_452' title='bbox 1517 3061 1592 3114; x_wconf 92' lang='lat' dir='ltr'><strong>ait</strong></span> <span class='ocrx_word' id='word_1_453' title='bbox 1609 3063 1885 3129; x_wconf 78' lang='lat' dir='ltr'><strong>alicubi&quot;,</strong></span> <span class='ocrx_word' id='word_1_454' title='bbox 1911 3078 1967 3118; x_wconf 91' lang='lat' dir='ltr'><strong>ut</strong></span> <span class='ocrx_word' id='word_1_455' title='bbox 1986 3076 2235 3122; x_wconf 90' lang='lat' dir='ltr'><strong>naturam</strong></span> 
     </span>
     <span class='ocr_line' id='line_1_60' title="bbox 670 3138 2205 3166; baseline 0 0"><span class='ocrx_word' id='word_1_456' title='bbox 670 3138 906 3166; x_wconf 62' lang='grc' dir='ltr'><strong>ΙιΑηεὲηζη</strong></span> <span class='ocrx_word' id='word_1_457' title='bbox 936 3144 1042 3166; x_wconf 67' lang='grc' dir='ltr'><strong>-21-3ι</strong></span> <span class='ocrx_word' id='word_1_458' title='bbox 1063 3146 1227 3166; x_wconf 57' lang='lat'><strong>---!-.</strong></span> <span class='ocrx_word' id='word_1_459' title='bbox 1252 3164 1314 3166; x_wconf 32' lang='lat' dir='ltr'><strong>,u_</strong></span> <span class='ocrx_word' id='word_1_460' title='bbox 1351 3165 1384 3166; x_wconf 31' lang='grc' dir='ltr'>ρ</span> <span class='ocrx_word' id='word_1_461' title='bbox 1412 3149 1423 3160; x_wconf 73' lang='grc' dir='ltr'><strong>ι</strong></span> <span class='ocrx_word' id='word_1_462' title='bbox 1462 3150 1495 3166; x_wconf 79' lang='grc' dir='ltr'>ο.</span> <span class='ocrx_word' id='word_1_463' title='bbox 1542 3151 1593 3166; x_wconf 78' lang='grc' dir='ltr'>ιιι</span> <span class='ocrx_word' id='word_1_464' title='bbox 1806 3155 1817 3165; x_wconf 69' lang='grc' dir='ltr'><strong>υ</strong></span> <span class='ocrx_word' id='word_1_465' title='bbox 1904 3156 1934 3166; x_wconf 37' lang='grc' dir='ltr'>ν.</span> <span class='ocrx_word' id='word_1_466' title='bbox 2132 3158 2143 3166; x_wconf 90' lang='grc'><em>.</em></span> <span class='ocrx_word' id='word_1_467' title='bbox 2195 3160 2205 3166; x_wconf 92' lang='grc'><strong>.</strong></span> 
     </span>
    </p>
   </div>
   <div class='ocr_carea' id='block_1_60' title="bbox 2339 3049 3921 3166">
    <p class='ocr_par' dir='ltr' id='par_1_60' title="bbox 2342 3049 3921 3147">
     <span class='ocr_line' id='line_1_61' title="bbox 2342 3049 3921 3147; baseline -0.001 -18"><span class='ocrx_word' id='word_1_468' title='bbox 2342 3076 2400 3141; x_wconf 76' lang='grc' dir='ltr'><strong>ἐξ</strong></span> <span class='ocrx_word' id='word_1_469' title='bbox 2427 3077 2664 3147; x_wconf 76' lang='grc' dir='ltr'>οὐρανῶν</span> <span class='ocrx_word' id='word_1_470' title='bbox 2688 3080 2716 3132; x_wconf 89' lang='lat'><strong>6</strong></span> <span class='ocrx_word' id='word_1_471' title='bbox 2743 3049 2857 3130; x_wconf 45' lang='grc' dir='ltr'>τοῦ.</span> <span class='ocrx_word' id='word_1_472' title='bbox 2878 3049 3012 3130; x_wconf 80' lang='grc' dir='ltr'>Θεοῦ</span> <span class='ocrx_word' id='word_1_473' title='bbox 3043 3076 3242 3144; x_wconf 84' lang='grc' dir='ltr'>Λόγος,</span> <span class='ocrx_word' id='word_1_474' title='bbox 3276 3079 3349 3139; x_wconf 84' lang='grc' dir='ltr'>ὡς</span> <span class='ocrx_word' id='word_1_475' title='bbox 3383 3070 3543 3139; x_wconf 83' lang='grc' dir='ltr'>αὑτός</span> <span class='ocrx_word' id='word_1_476' title='bbox 3590 3049 3693 3128; x_wconf 75' lang='grc' dir='ltr'><strong>πού</strong></span> <span class='ocrx_word' id='word_1_477' title='bbox 3727 3092 3921 3144; x_wconf 71' lang='grc' dir='ltr'>φησιν,</span> 
     </span>
    </p>
   </div>
   <div class='ocr_carea' id='block_1_61' title="bbox 670 3138 2237 3241">
    <p class='ocr_par' dir='ltr' id='par_1_61' title="bbox 670 3138 2237 3223">
     <span class='ocr_line' id='line_1_62' title="bbox 670 3138 2237 3223; baseline 0.013 -31"><span class='ocrx_word' id='word_1_478' title='bbox 670 3138 908 3196; x_wconf 90' lang='lat' dir='ltr'><strong>hominis</strong></span> <span class='ocrx_word' id='word_1_479' title='bbox 934 3144 1042 3198; x_wconf 84' lang='lat' dir='ltr'><strong>sibi’</strong></span> <span class='ocrx_word' id='word_1_480' title='bbox 1061 3146 1320 3202; x_wconf 84' lang='lat' dir='ltr'><strong>sociatam</strong></span> <span class='ocrx_word' id='word_1_481' title='bbox 1343 3149 1681 3218; x_wconf 85' lang='lat' dir='ltr'><strong>spiritalibus</strong></span> <span class='ocrx_word' id='word_1_482' title='bbox 1704 3155 1985 3223; x_wconf 67' lang='lat' dir='ltr'><strong>sapientiae</strong></span> <span class='ocrx_word' id='word_1_483' title='bbox 2012 3158 2237 3213; x_wconf 87' lang='lat' dir='ltr'><strong>semiui-</strong></span> 
     </span>
    </p>
   </div>
   <div class='ocr_carea' id='block_1_62' title="bbox 2339 3138 3924 3241">
    <p class='ocr_par' dir='ltr' id='par_1_62' title="bbox 2340 3168 3924 3241">
     <span class='ocr_line' id='line_1_63' title="bbox 2340 3168 3924 3241; baseline -0.001 -19"><span class='ocrx_word' id='word_1_484' title='bbox 2340 3170 2427 3222; x_wconf 85' lang='grc' dir='ltr'><strong>ἴνα</strong></span> <span class='ocrx_word' id='word_1_485' title='bbox 2456 3170 2554 3240; x_wconf 84' lang='grc' dir='ltr'><strong>τὴν</strong></span> <span class='ocrx_word' id='word_1_486' title='bbox 2595 3169 2882 3241; x_wconf 84' lang='grc' dir='ltr'>ἀνθρώπου</span> <span class='ocrx_word' id='word_1_487' title='bbox 2909 3168 3071 3239; x_wconf 85' lang='grc' dir='ltr'>φύσιν</span> <span class='ocrx_word' id='word_1_488' title='bbox 3098 3168 3334 3239; x_wconf 80' lang='grc' dir='ltr'>νυμφίου</span> <span class='ocrx_word' id='word_1_489' title='bbox 3360 3169 3515 3238; x_wconf 83' lang='grc' dir='ltr'>δίκην</span> <span class='ocrx_word' id='word_1_490' title='bbox 3558 3169 3924 3236; x_wconf 71' lang='grc' dir='ltr'>οίκειωσάμε-</span> 
     </span>
    </p>
   </div>
   <div class='ocr_carea' id='block_1_63' title="bbox 670 3231 2234 3314">
    <p class='ocr_par' dir='ltr' id='par_1_63' title="bbox 670 3231 2234 3314">
     <span class='ocr_line' id='line_1_64' title="bbox 670 3231 2234 3314; baseline 0.012 -30"><span class='ocrx_word' id='word_1_491' title='bbox 670 3231 774 3286; x_wconf 90' lang='lat' dir='ltr'><strong>bus</strong></span> <span class='ocrx_word' id='word_1_492' title='bbox 814 3234 967 3302; x_wconf 88' lang='lat' dir='ltr'><strong>quasi</strong></span> <span class='ocrx_word' id='word_1_493' title='bbox 1011 3250 1247 3304; x_wconf 76' lang='lat' dir='ltr'><strong>Sponsus</strong></span> <span class='ocrx_word' id='word_1_494' title='bbox 1286 3251 1653 3309; x_wconf 78' lang='lat' dir='ltr'><strong>praegnantem</strong></span> <span class='ocrx_word' id='word_1_495' title='bbox 1692 3243 1805 3297; x_wconf 84' lang='lat' dir='ltr'><strong>ﬁeri</strong></span> <span class='ocrx_word' id='word_1_496' title='bbox 1859 3248 2234 3314; x_wconf 86' lang='lat' dir='ltr'><strong>persuaderet.</strong></span> 
     </span>
    </p>
   </div>
   <div class='ocr_carea' id='block_1_64' title="bbox 670 3320 2237 3398">
    <p class='ocr_par' dir='ltr' id='par_1_64' title="bbox 670 3320 2237 3398">
     <span class='ocr_line' id='line_1_65' title="bbox 670 3320 2237 3398; baseline 0.01 -23"><span class='ocrx_word' id='word_1_497' title='bbox 670 3320 738 3375; x_wconf 85' lang='lat' dir='ltr'><strong>Et</strong></span> <span class='ocrx_word' id='word_1_498' title='bbox 768 3336 968 3391; x_wconf 79' lang='lat' dir='ltr'><strong>sponsa</strong></span> <span class='ocrx_word' id='word_1_499' title='bbox 1000 3326 1217 3393; x_wconf 88' lang='lat' dir='ltr'><strong>quidem</strong></span> <span class='ocrx_word' id='word_1_500' title='bbox 1240 3367 1256 3393; x_wconf 93' lang='lat'><strong>,</strong></span> <span class='ocrx_word' id='word_1_501' title='bbox 1294 3335 1352 3381; x_wconf 93' lang='lat' dir='ltr'><strong>ut</strong></span> <span class='ocrx_word' id='word_1_502' title='bbox 1387 3342 1486 3398; x_wconf 88' lang='lat' dir='ltr'><strong>par</strong></span> <span class='ocrx_word' id='word_1_503' title='bbox 1514 3338 1618 3393; x_wconf 91' lang='lat' dir='ltr'><strong>est,</strong></span> <span class='ocrx_word' id='word_1_504' title='bbox 1651 3331 1857 3385; x_wconf 89' lang='lat' dir='ltr'><strong>idcirco</strong></span> <span class='ocrx_word' id='word_1_505' title='bbox 1882 3344 2107 3388; x_wconf 83' lang='lat' dir='ltr'><strong>vocatur</strong></span> <span class='ocrx_word' id='word_1_506' title='bbox 2136 3336 2237 3390; x_wconf 86' lang='lat' dir='ltr'><strong>hu-</strong></span> 
     </span>
    </p>
   </div>
   <div class='ocr_carea' id='block_1_65' title="bbox 669 3418 2235 3494">
    <p class='ocr_par' dir='ltr' id='par_1_65' title="bbox 669 3418 2235 3494">
     <span class='ocr_line' id='line_1_66' title="bbox 669 3418 2235 3494; baseline 0.011 -30"><span class='ocrx_word' id='word_1_507' title='bbox 669 3418 937 3483; x_wconf 89' lang='lat' dir='ltr'><strong>manitas,</strong></span> <span class='ocrx_word' id='word_1_508' title='bbox 972 3430 1207 3484; x_wconf 88' lang='lat' dir='ltr'><strong>sponsus</strong></span> <span class='ocrx_word' id='word_1_509' title='bbox 1239 3434 1370 3473; x_wconf 80' lang='lat' dir='ltr'><strong>vero</strong></span> <span class='ocrx_word' id='word_1_510' title='bbox 1402 3419 1678 3485; x_wconf 85' lang='lat' dir='ltr'><strong>Salvator,</strong></span> <span class='ocrx_word' id='word_1_511' title='bbox 1710 3420 1893 3476; x_wconf 85' lang='lat' dir='ltr'><strong>divina</strong></span> <span class='ocrx_word' id='word_1_512' title='bbox 1947 3421 2235 3494; x_wconf 88' lang='lat' dir='ltr'><strong>Scriptura</strong></span> 
     </span>
    </p>
   </div>
   <div class='ocr_carea' id='block_1_66' title="bbox 665 3512 2234 3588">
    <p class='ocr_par' dir='ltr' id='par_1_66' title="bbox 665 3512 2234 3588">
     <span class='ocr_line' id='line_1_67' title="bbox 665 3512 2234 3588; baseline 0.009 -29"><span class='ocrx_word' id='word_1_513' title='bbox 665 3519 732 3559; x_wconf 84' lang='lat' dir='ltr'><strong>ex</strong></span> <span class='ocrx_word' id='word_1_514' title='bbox 783 3521 962 3560; x_wconf 89' lang='lat' dir='ltr'><strong>rerum</strong></span> <span class='ocrx_word' id='word_1_515' title='bbox 1005 3518 1317 3564; x_wconf 87' lang='lat' dir='ltr'><strong>nostrarum</strong></span> <span class='ocrx_word' id='word_1_516' title='bbox 1356 3512 1747 3578; x_wconf 83' lang='lat' dir='ltr'><strong>similitudine,</strong></span> <span class='ocrx_word' id='word_1_517' title='bbox 1793 3516 1859 3569; x_wconf 89' lang='lat' dir='ltr'><strong>ad</strong></span> <span class='ocrx_word' id='word_1_518' title='bbox 1924 3517 2234 3588; x_wconf 84' lang='lat' dir='ltr'><strong>intelligen-</strong></span> 
     </span>
    </p>
   </div>
   <div class='ocr_carea' id='block_1_67' title="bbox 666 3596 2235 3681">
    <p class='ocr_par' dir='ltr' id='par_1_67' title="bbox 666 3596 2235 3681">
     <span class='ocr_line' id='line_1_68' title="bbox 666 3596 2235 3681; baseline 0.011 -33"><span class='ocrx_word' id='word_1_519' title='bbox 666 3596 799 3649; x_wconf 91' lang='lat' dir='ltr'><strong>tiam</strong></span> <span class='ocrx_word' id='word_1_520' title='bbox 830 3598 992 3652; x_wconf 90' lang='lat' dir='ltr'><strong>nobis</strong></span> <span class='ocrx_word' id='word_1_521' title='bbox 1024 3600 1275 3655; x_wconf 89' lang='lat' dir='ltr'><strong>altiorem</strong></span> <span class='ocrx_word' id='word_1_522' title='bbox 1307 3602 1513 3657; x_wconf 85' lang='lat' dir='ltr'><strong>dictum</strong></span> <span class='ocrx_word' id='word_1_523' title='bbox 1543 3604 1677 3658; x_wconf 91' lang='lat' dir='ltr'><strong>illud</strong></span> <span class='ocrx_word' id='word_1_524' title='bbox 1703 3606 1983 3663; x_wconf 88' lang='lat' dir='ltr'><strong>evehente.</strong></span> <span class='ocrx_word' id='word_1_525' title='bbox 2020 3604 2235 3681; x_wconf 65' lang='lat' dir='ltr'><strong>Nuptiae</strong></span> 
     </span>
    </p>
   </div>
   <div class='ocr_carea' id='block_1_68' title="bbox 666 3687 2233 3770">
    <p class='ocr_par' dir='ltr' id='par_1_68' title="bbox 666 3687 2233 3770">
     <span class='ocr_line' id='line_1_69' title="bbox 666 3687 2233 3770; baseline 0.012 -31"><span class='ocrx_word' id='word_1_526' title='bbox 666 3687 825 3740; x_wconf 89' lang='lat' dir='ltr'><strong>tertia</strong></span> <span class='ocrx_word' id='word_1_527' title='bbox 856 3687 944 3742; x_wconf 87' lang='lat' dir='ltr'><strong>die</strong></span> <span class='ocrx_word' id='word_1_528' title='bbox 974 3690 1357 3756; x_wconf 88' lang='lat' dir='ltr'><strong>celebrantur,</strong></span> <span class='ocrx_word' id='word_1_529' title='bbox 1390 3692 1494 3749; x_wconf 94' lang='lat' dir='ltr'><strong>hoc</strong></span> <span class='ocrx_word' id='word_1_530' title='bbox 1520 3702 1605 3749; x_wconf 88' lang='lat' dir='ltr'><strong>est</strong></span> <span class='ocrx_word' id='word_1_531' title='bbox 1640 3697 1900 3754; x_wconf 80' lang='lat' dir='ltr'><strong>extremis</strong></span> <span class='ocrx_word' id='word_1_532' title='bbox 1940 3699 2102 3770; x_wconf 87' lang='lat' dir='ltr'><strong>hujus</strong></span> <span class='ocrx_word' id='word_1_533' title='bbox 2130 3718 2233 3757; x_wconf 71' lang='lat' dir='ltr'><strong>sa:-</strong></span> 
     </span>
    </p>
   </div>
   <div class='ocr_carea' id='block_1_69' title="bbox 662 3778 2230 3859">
    <p class='ocr_par' dir='ltr' id='par_1_69' title="bbox 662 3778 2230 3859">
     <span class='ocr_line' id='line_1_70' title="bbox 662 3778 2230 3859; baseline 0.011 -26"><span class='ocrx_word' id='word_1_534' title='bbox 662 3778 771 3833; x_wconf 88' lang='lat' dir='ltr'><strong>culi</strong></span> <span class='ocrx_word' id='word_1_535' title='bbox 804 3781 1159 3852; x_wconf 87' lang='lat' dir='ltr'><strong>temporibus.</strong></span> <span class='ocrx_word' id='word_1_536' title='bbox 1188 3782 1487 3841; x_wconf 88' lang='lat' dir='ltr'><strong>Ternarius</strong></span> <span class='ocrx_word' id='word_1_537' title='bbox 1514 3788 1658 3841; x_wconf 91' lang='lat' dir='ltr'><strong>enim</strong></span> <span class='ocrx_word' id='word_1_538' title='bbox 1686 3804 1942 3848; x_wconf 90' lang='lat' dir='ltr'><strong>numerus</strong></span> <span class='ocrx_word' id='word_1_539' title='bbox 1964 3833 1979 3859; x_wconf 90' lang='lat'><strong>,</strong></span> <span class='ocrx_word' id='word_1_540' title='bbox 2016 3794 2230 3851; x_wconf 91' lang='lat' dir='ltr'><strong>initium</strong></span> 
     </span>
    </p>
   </div>
   <div class='ocr_carea' id='block_1_70' title="bbox 660 3870 2233 3955">
    <p class='ocr_par' dir='ltr' id='par_1_70' title="bbox 660 3870 2233 3955">
     <span class='ocr_line' id='line_1_71' title="bbox 660 3870 2233 3955; baseline 0.01 -32"><span class='ocrx_word' id='word_1_541' title='bbox 660 3870 849 3936; x_wconf 84' lang='lat' dir='ltr'><strong>nobis,</strong></span> <span class='ocrx_word' id='word_1_542' title='bbox 883 3872 1119 3927; x_wconf 88' lang='lat' dir='ltr'><strong>medium</strong></span> <span class='ocrx_word' id='word_1_543' title='bbox 1163 3881 1218 3930; x_wconf 90' lang='lat' dir='ltr'><strong>et</strong></span> <span class='ocrx_word' id='word_1_544' title='bbox 1267 3878 1426 3930; x_wconf 86' lang='lat' dir='ltr'><strong>tinem</strong></span> <span class='ocrx_word' id='word_1_545' title='bbox 1477 3876 1703 3933; x_wconf 88' lang='lat' dir='ltr'><strong>inducit.</strong></span> <span class='ocrx_word' id='word_1_546' title='bbox 1735 3878 1823 3936; x_wconf 91' lang='lat' dir='ltr'><strong>Sic</strong></span> <span class='ocrx_word' id='word_1_547' title='bbox 1851 3882 1994 3937; x_wconf 91' lang='lat' dir='ltr'><strong>enim</strong></span> <span class='ocrx_word' id='word_1_548' title='bbox 2021 3885 2233 3955; x_wconf 55' lang='lat' dir='ltr'><strong>quodli—</strong></span> 
     </span>
    </p>
   </div>
   <div class='ocr_carea' id='block_1_71' title="bbox 662 3959 2230 4045">
    <p class='ocr_par' dir='ltr' id='par_1_71' title="bbox 662 3959 2230 4045">
     <span class='ocr_line' id='line_1_72' title="bbox 662 3959 2230 4045; baseline 0.012 -33"><span class='ocrx_word' id='word_1_549' title='bbox 662 3959 753 4013; x_wconf 89' lang='lat' dir='ltr'><strong>bet</strong></span> <span class='ocrx_word' id='word_1_550' title='bbox 778 3968 990 4031; x_wconf 88' lang='lat' dir='ltr'><strong>tempus</strong></span> <span class='ocrx_word' id='word_1_551' title='bbox 1013 3962 1349 4018; x_wconf 91' lang='lat' dir='ltr'><strong>dimetimur.</strong></span> <span class='ocrx_word' id='word_1_552' title='bbox 1375 3964 1513 4021; x_wconf 84' lang='lat' dir='ltr'><strong>Huic</strong></span> <span class='ocrx_word' id='word_1_553' title='bbox 1534 3969 1911 4039; x_wconf 90' lang='lat' dir='ltr'><strong>propheticum</strong></span> <span class='ocrx_word' id='word_1_554' title='bbox 1936 3973 2071 4029; x_wconf 91' lang='lat' dir='ltr'><strong>illud</strong></span> <span class='ocrx_word' id='word_1_555' title='bbox 2100 3992 2230 4045; x_wconf 88' lang='lat' dir='ltr'><strong>qua-</strong></span> 
     </span>
    </p>
   </div>
   <div class='ocr_carea' id='block_1_72' title="bbox 2339 3258 3923 3333">
    <p class='ocr_par' dir='ltr' id='par_1_72' title="bbox 2339 3258 3923 3333">
     <span class='ocr_line' id='line_1_73' title="bbox 2339 3258 3923 3333; baseline -0.001 -19"><span class='ocrx_word' id='word_1_556' title='bbox 2339 3278 2428 3324; x_wconf 88' lang='grc' dir='ltr'><strong>νος</strong></span> <span class='ocrx_word' id='word_1_557' title='bbox 2476 3264 2763 3333; x_wconf 83' lang='grc' dir='ltr'>κυοφορεῖν</span> <span class='ocrx_word' id='word_1_558' title='bbox 2812 3261 3079 3332; x_wconf 72' lang='grc' dir='ltr'>ἀναπείσῃ</span> <span class='ocrx_word' id='word_1_559' title='bbox 3124 3260 3192 3314; x_wconf 84' lang='grc' dir='ltr'>τὰ</span> <span class='ocrx_word' id='word_1_560' title='bbox 3220 3258 3565 3330; x_wconf 72' lang='grc' dir='ltr'>πνευματικὰ</span> <span class='ocrx_word' id='word_1_561' title='bbox 3590 3258 3692 3327; x_wconf 81' lang='grc' dir='ltr'>τῆς</span> <span class='ocrx_word' id='word_1_562' title='bbox 3723 3258 3923 3327; x_wconf 75' lang='grc' dir='ltr'>σοφίας</span> 
     </span>
    </p>
   </div>
   <div class='ocr_carea' id='block_1_73' title="bbox 2340 3349 3923 3423">
    <p class='ocr_par' dir='ltr' id='par_1_73' title="bbox 2340 3349 3923 3423">
     <span class='ocr_line' id='line_1_74' title="bbox 2340 3349 3923 3423; baseline -0.001 -20"><span class='ocrx_word' id='word_1_563' title='bbox 2340 3351 2647 3423; x_wconf 85' lang='grc' dir='ltr'>σπέρματα.</span> <span class='ocrx_word' id='word_1_564' title='bbox 2682 3352 2792 3405; x_wconf 75' lang='grc' dir='ltr'><strong>Καὶ</strong></span> <span class='ocrx_word' id='word_1_565' title='bbox 2846 3352 3031 3423; x_wconf 86' lang='grc' dir='ltr'>νύμφη</span> <span class='ocrx_word' id='word_1_566' title='bbox 3077 3352 3176 3422; x_wconf 77' lang='grc' dir='ltr'>μὲν</span> <span class='ocrx_word' id='word_1_567' title='bbox 3231 3351 3519 3421; x_wconf 83' lang='grc' dir='ltr'>είκότωςὴ</span> <span class='ocrx_word' id='word_1_568' title='bbox 3561 3349 3923 3420; x_wconf 81' lang='grc' dir='ltr'>ἀνθρωπότης</span> 
     </span>
    </p>
   </div>
   <div class='ocr_carea' id='block_1_74' title="bbox 2334 3436 3921 3512">
    <p class='ocr_par' dir='ltr' id='par_1_74' title="bbox 2334 3436 3921 3512">
     <span class='ocr_line' id='line_1_75' title="bbox 2334 3436 3921 3512; baseline -0.003 -16"><span class='ocrx_word' id='word_1_569' title='bbox 2334 3443 2423 3496; x_wconf 74' lang='grc' dir='ltr'>διὰ</span> <span class='ocrx_word' id='word_1_570' title='bbox 2463 3443 2654 3496; x_wconf 86' lang='grc' dir='ltr'>τούτου</span> <span class='ocrx_word' id='word_1_571' title='bbox 2709 3444 2953 3496; x_wconf 87' lang='grc' dir='ltr'>καλεῖται</span> <span class='ocrx_word' id='word_1_572' title='bbox 2981 3482 2994 3507; x_wconf 86' lang='grc'><strong>,</strong></span> <span class='ocrx_word' id='word_1_573' title='bbox 3025 3442 3257 3512; x_wconf 82' lang='grc' dir='ltr'>νυμφίος</span> <span class='ocrx_word' id='word_1_574' title='bbox 3282 3436 3339 3495; x_wconf 75' lang='grc' dir='ltr'>δὲ</span> <span class='ocrx_word' id='word_1_575' title='bbox 3371 3444 3400 3493; x_wconf 97' lang='lat'><strong>6</strong></span> <span class='ocrx_word' id='word_1_576' title='bbox 3443 3441 3654 3512; x_wconf 78' lang='grc' dir='ltr'>Σωτὴρ,</span> <span class='ocrx_word' id='word_1_577' title='bbox 3697 3444 3761 3495; x_wconf 83' lang='grc' dir='ltr'><strong>ὲκ</strong></span> <span class='ocrx_word' id='word_1_578' title='bbox 3804 3442 3921 3493; x_wconf 80' lang='grc' dir='ltr'>τῶν</span> 
     </span>
    </p>
   </div>
   <div class='ocr_carea' id='block_1_75' title="bbox 2337 3532 3921 3606">
    <p class='ocr_par' dir='ltr' id='par_1_75' title="bbox 2337 3532 3921 3606">
     <span class='ocr_line' id='line_1_76' title="bbox 2337 3532 3921 3606; baseline -0.001 -19"><span class='ocrx_word' id='word_1_579' title='bbox 2337 3534 2460 3587; x_wconf 82' lang='grc' dir='ltr'>καθ’</span> <span class='ocrx_word' id='word_1_580' title='bbox 2489 3536 2638 3605; x_wconf 81' lang='grc' dir='ltr'>ἡμᾶς</span> <span class='ocrx_word' id='word_1_581' title='bbox 2681 3536 2761 3598; x_wconf 79' lang='grc' dir='ltr'><strong>εἰς</strong></span> <span class='ocrx_word' id='word_1_582' title='bbox 2795 3534 2979 3605; x_wconf 79' lang='grc' dir='ltr'>νόησιν</span> <span class='ocrx_word' id='word_1_583' title='bbox 3024 3535 3123 3606; x_wconf 81' lang='grc' dir='ltr'><strong>τὴν</strong></span> <span class='ocrx_word' id='word_1_584' title='bbox 3168 3532 3307 3605; x_wconf 83' lang='grc' dir='ltr'>ὑπὲρ</span> <span class='ocrx_word' id='word_1_585' title='bbox 3338 3535 3485 3603; x_wconf 79' lang='grc' dir='ltr'>ἡμᾶς</span> <span class='ocrx_word' id='word_1_586' title='bbox 3527 3532 3921 3601; x_wconf 75' lang='grc' dir='ltr'>ἀνατεινούσης</span> 
     </span>
    </p>
   </div>
   <div class='ocr_carea' id='block_1_76' title="bbox 2334 3624 3920 3699">
    <p class='ocr_par' dir='ltr' id='par_1_76' title="bbox 2334 3624 3920 3699">
     <span class='ocr_line' id='line_1_77' title="bbox 2334 3624 3920 3699; baseline -0.001 -21"><span class='ocrx_word' id='word_1_587' title='bbox 2334 3625 2425 3678; x_wconf 84' lang='grc' dir='ltr'>τὸν</span> <span class='ocrx_word' id='word_1_588' title='bbox 2472 3624 2628 3693; x_wconf 88' lang='grc' dir='ltr'>λόγον</span> <span class='ocrx_word' id='word_1_589' title='bbox 2660 3624 2760 3695; x_wconf 81' lang='grc' dir='ltr'>τῆς</span> <span class='ocrx_word' id='word_1_590' title='bbox 2792 3624 2941 3688; x_wconf 83' lang='grc' dir='ltr'>Θείας</span> <span class='ocrx_word' id='word_1_591' title='bbox 2974 3626 3195 3697; x_wconf 83' lang='grc' dir='ltr'>Γραφῆς</span> <span class='ocrx_word' id='word_1_592' title='bbox 3222 3641 3236 3656; x_wconf 67' lang='grc' dir='ltr'><strong>ο</strong></span> <span class='ocrx_word' id='word_1_593' title='bbox 3270 3626 3644 3699; x_wconf 79' lang='grc' dir='ltr'>συγκροτεῖται</span> <span class='ocrx_word' id='word_1_594' title='bbox 3675 3624 3733 3676; x_wconf 80' lang='grc' dir='ltr'>δὲ</span> <span class='ocrx_word' id='word_1_595' title='bbox 3762 3627 3790 3677; x_wconf 89' lang='grc' dir='ltr'>ὁ</span> <span class='ocrx_word' id='word_1_596' title='bbox 3815 3624 3920 3691; x_wconf 85' lang='grc' dir='ltr'>γά-</span> 
     </span>
    </p>
   </div>
   <div class='ocr_carea' id='block_1_77' title="bbox 2337 3714 3916 3787">
    <p class='ocr_par' dir='ltr' id='par_1_77' title="bbox 2337 3714 3916 3787">
     <span class='ocr_line' id='line_1_78' title="bbox 2337 3714 3916 3787; baseline -0.001 -21"><span class='ocrx_word' id='word_1_597' title='bbox 2337 3731 2435 3784; x_wconf 88' lang='grc' dir='ltr'><strong>μος</strong></span> <span class='ocrx_word' id='word_1_598' title='bbox 2488 3715 2546 3767; x_wconf 81' lang='grc' dir='ltr'>ὲν</span> <span class='ocrx_word' id='word_1_599' title='bbox 2592 3714 2775 3784; x_wconf 74' lang='grc' dir='ltr'>ἡμέρᾳ</span> <span class='ocrx_word' id='word_1_600' title='bbox 2806 3714 2988 3787; x_wconf 80' lang='grc' dir='ltr'>τρίτῃ,</span> <span class='ocrx_word' id='word_1_601' title='bbox 3026 3715 3169 3767; x_wconf 79' lang='grc' dir='ltr'>τοῦτ’</span> <span class='ocrx_word' id='word_1_602' title='bbox 3205 3714 3373 3777; x_wconf 77' lang='grc' dir='ltr'>ἔστιν,</span> <span class='ocrx_word' id='word_1_603' title='bbox 3420 3715 3478 3766; x_wconf 84' lang='grc' dir='ltr'>ὲν</span> <span class='ocrx_word' id='word_1_604' title='bbox 3510 3714 3763 3784; x_wconf 78' lang='grc' dir='ltr'>ἐσχάτοις</span> <span class='ocrx_word' id='word_1_605' title='bbox 3817 3714 3916 3765; x_wconf 73' lang='grc' dir='ltr'>τοῦ</span> 
     </span>
    </p>
   </div>
   <div class='ocr_carea' id='block_1_78' title="bbox 2333 3802 3916 3875">
    <p class='ocr_par' dir='ltr' id='par_1_78' title="bbox 2333 3802 3916 3875">
     <span class='ocr_line' id='line_1_79' title="bbox 2333 3802 3916 3875; baseline -0.001 -19"><span class='ocrx_word' id='word_1_606' title='bbox 2333 3803 2598 3875; x_wconf 82' lang='grc' dir='ltr'>παρόντος</span> <span class='ocrx_word' id='word_1_607' title='bbox 2655 3804 2852 3868; x_wconf 76' lang='grc' dir='ltr'>αἰῶνος</span> <span class='ocrx_word' id='word_1_608' title='bbox 2907 3802 3120 3875; x_wconf 83' lang='grc' dir='ltr'>καιροῖς</span> <span class='ocrx_word' id='word_1_609' title='bbox 3146 3820 3159 3834; x_wconf 83' lang='lat'><strong><em>°</em></strong></span> <span class='ocrx_word' id='word_1_610' title='bbox 3190 3807 3218 3858; x_wconf 88' lang='lat'><strong>6</strong></span> <span class='ocrx_word' id='word_1_611' title='bbox 3261 3807 3368 3875; x_wconf 82' lang='grc' dir='ltr'><strong>γὰρ</strong></span> <span class='ocrx_word' id='word_1_612' title='bbox 3404 3802 3587 3875; x_wconf 78' lang='grc' dir='ltr'>τρίτος</span> <span class='ocrx_word' id='word_1_613' title='bbox 3616 3805 3751 3872; x_wconf 87' lang='grc' dir='ltr'>ἡμῖν</span> <span class='ocrx_word' id='word_1_614' title='bbox 3792 3804 3916 3872; x_wconf 81' lang='grc' dir='ltr'>ἀρι-</span> 
     </span>
    </p>
   </div>
   <div class='ocr_carea' id='block_1_79' title="bbox 2332 3892 3915 3966">
    <p class='ocr_par' dir='ltr' id='par_1_79' title="bbox 2332 3892 3915 3966">
     <span class='ocr_line' id='line_1_80' title="bbox 2332 3892 3915 3966; baseline -0.003 -18"><span class='ocrx_word' id='word_1_615' title='bbox 2332 3895 2467 3966; x_wconf 81' lang='grc' dir='ltr'>θμδς</span> <span class='ocrx_word' id='word_1_616' title='bbox 2490 3895 2663 3966; x_wconf 80' lang='grc' dir='ltr'>ἀρχὴν</span> <span class='ocrx_word' id='word_1_617' title='bbox 2691 3894 2954 3965; x_wconf 78' lang='grc' dir='ltr'>εἰσφέρει,</span> <span class='ocrx_word' id='word_1_618' title='bbox 2989 3896 3084 3949; x_wconf 70' lang='grc' dir='ltr'>καὶ</span> <span class='ocrx_word' id='word_1_619' title='bbox 3109 3896 3401 3966; x_wconf 85' lang='grc' dir='ltr'>μεσότητα,</span> <span class='ocrx_word' id='word_1_620' title='bbox 3428 3895 3522 3947; x_wconf 76' lang='grc' dir='ltr'>καὶ</span> <span class='ocrx_word' id='word_1_621' title='bbox 3547 3893 3702 3957; x_wconf 87' lang='grc' dir='ltr'>τέλος</span> <span class='ocrx_word' id='word_1_622' title='bbox 3723 3910 3737 3924; x_wconf 78' lang='grc' dir='ltr'><strong>ο</strong></span> <span class='ocrx_word' id='word_1_623' title='bbox 3769 3892 3915 3945; x_wconf 69' lang='grc' dir='ltr'>οὕτω</span> 
     </span>
    </p>
   </div>
   <div class='ocr_carea' id='block_1_80' title="bbox 2329 3982 3909 4055">
    <p class='ocr_par' dir='ltr' id='par_1_80' title="bbox 2329 3982 3909 4055">
     <span class='ocr_line' id='line_1_81' title="bbox 2329 3982 3909 4055; baseline -0.001 -20"><span class='ocrx_word' id='word_1_624' title='bbox 2329 3983 2438 4055; x_wconf 84' lang='grc' dir='ltr'>γὰρ</span> <span class='ocrx_word' id='word_1_625' title='bbox 2467 3984 2495 4035; x_wconf 90' lang='lat'><strong>6</strong></span> <span class='ocrx_word' id='word_1_626' title='bbox 2528 3982 2747 4053; x_wconf 84' lang='grc' dir='ltr'>σύμπας</span> <span class='ocrx_word' id='word_1_627' title='bbox 2786 3986 3131 4055; x_wconf 79' lang='grc' dir='ltr'>ὲκμετρεῖται</span> <span class='ocrx_word' id='word_1_628' title='bbox 3179 3986 3387 4055; x_wconf 84' lang='grc' dir='ltr'>χρόνος.</span> <span class='ocrx_word' id='word_1_629' title='bbox 3433 3982 3621 4053; x_wconf 85' lang='grc' dir='ltr'>Τούτῳ</span> <span class='ocrx_word' id='word_1_630' title='bbox 3657 3986 3909 4051; x_wconf 77' lang='grc' dir='ltr'>φανεῖται</span> 
     </span>
    </p>
   </div>
   <div class='ocr_carea' id='block_1_81' title="bbox 658 4050 2237 4147">
    <p class='ocr_par' dir='ltr' id='par_1_81' title="bbox 658 4050 2228 4137">
     <span class='ocr_line' id='line_1_82' title="bbox 658 4050 2228 4137; baseline 0.013 -35"><span class='ocrx_word' id='word_1_631' title='bbox 658 4050 818 4105; x_wconf 88' lang='lat' dir='ltr'><strong>drare</strong></span> <span class='ocrx_word' id='word_1_632' title='bbox 866 4052 1141 4107; x_wconf 78' lang='lat' dir='ltr'><strong>videbitur</strong></span> <span class='ocrx_word' id='word_1_633' title='bbox 1169 4073 1181 4107; x_wconf 90' lang='lat'><strong>:</strong></span> <span class='ocrx_word' id='word_1_634' title='bbox 1245 4073 1263 4106; x_wconf 86' lang='grc'><em>‹</em></span> <span class='ocrx_word' id='word_1_635' title='bbox 1297 4052 1603 4122; x_wconf 86' lang='lat' dir='ltr'><strong>Pcrcutiet,</strong></span> <span class='ocrx_word' id='word_1_636' title='bbox 1635 4068 1689 4114; x_wconf 89' lang='lat' dir='ltr'><strong>et</strong></span> <span class='ocrx_word' id='word_1_637' title='bbox 1721 4063 1936 4118; x_wconf 88' lang='lat' dir='ltr'><strong>curabit</strong></span> <span class='ocrx_word' id='word_1_638' title='bbox 1970 4081 2071 4121; x_wconf 89' lang='lat' dir='ltr'><strong>nos</strong></span> <span class='ocrx_word' id='word_1_639' title='bbox 2106 4079 2228 4137; x_wconf 84' lang='lat' dir='ltr'><strong>post</strong></span> 
     </span>
    </p>
   </div>
   <div class='ocr_carea' id='block_1_82' title="bbox 2339 4050 3911 4147">
    <p class='ocr_par' dir='ltr' id='par_1_82' title="bbox 2339 4050 3911 4147">
     <span class='ocr_line' id='line_1_83' title="bbox 2339 4050 3911 4147; baseline 0 -21"><span class='ocrx_word' id='word_1_640' title='bbox 2339 4050 2669 4145; x_wconf 75' lang='grc' dir='ltr'>προσεοικὸς,</span> <span class='ocrx_word' id='word_1_641' title='bbox 2711 4074 2771 4127; x_wconf 83' lang='grc' dir='ltr'><strong>τὸ</strong></span> <span class='ocrx_word' id='word_1_642' title='bbox 2823 4075 2888 4127; x_wconf 85' lang='grc' dir='ltr'><strong>δι’</strong></span> <span class='ocrx_word' id='word_1_643' title='bbox 2937 4076 3055 4139; x_wconf 79' lang='grc' dir='ltr'>ἑνός</span> <span class='ocrx_word' id='word_1_644' title='bbox 3088 4094 3189 4129; x_wconf 85' lang='grc' dir='ltr'><strong>που</strong></span> <span class='ocrx_word' id='word_1_645' title='bbox 3233 4077 3344 4129; x_wconf 84' lang='grc' dir='ltr'><strong>τῶν</strong></span> <span class='ocrx_word' id='word_1_646' title='bbox 3398 4075 3568 4145; x_wconf 83' lang='grc' dir='ltr'>ἁγίων</span> <span class='ocrx_word' id='word_1_647' title='bbox 3614 4077 3911 4147; x_wconf 74' lang='grc' dir='ltr'>προφητῶν</span> 
     </span>
    </p>
   </div>
   <div class='ocr_carea' id='block_1_83' title="bbox 658 4140 2237 4237">
    <p class='ocr_par' dir='ltr' id='par_1_83' title="bbox 658 4140 2225 4221">
     <span class='ocr_line' id='line_1_84' title="bbox 658 4140 2225 4221; baseline 0.014 -28"><span class='ocrx_word' id='word_1_648' title='bbox 658 4140 797 4195; x_wconf 87' lang='lat' dir='ltr'><strong>duos</strong></span> <span class='ocrx_word' id='word_1_649' title='bbox 830 4141 947 4196; x_wconf 86' lang='lat' dir='ltr'><strong>dies</strong></span> <span class='ocrx_word' id='word_1_650' title='bbox 973 4143 1025 4196; x_wconf 92' lang='lat' dir='ltr'><strong>in</strong></span> <span class='ocrx_word' id='word_1_651' title='bbox 1059 4146 1216 4198; x_wconf 86' lang='lat' dir='ltr'><strong>tertia</strong></span> <span class='ocrx_word' id='word_1_652' title='bbox 1247 4145 1336 4200; x_wconf 86' lang='lat' dir='ltr'><strong>die</strong></span> <span class='ocrx_word' id='word_1_653' title='bbox 1366 4166 1378 4201; x_wconf 91' lang='lat'><strong>:</strong></span> <span class='ocrx_word' id='word_1_654' title='bbox 1412 4158 1466 4201; x_wconf 87' lang='lat' dir='ltr'><strong>et</strong></span> <span class='ocrx_word' id='word_1_655' title='bbox 1497 4164 1871 4221; x_wconf 86' lang='lat' dir='ltr'><strong>resurgemus,</strong></span> <span class='ocrx_word' id='word_1_656' title='bbox 1901 4164 1952 4209; x_wconf 91' lang='lat' dir='ltr'><strong>et</strong></span> <span class='ocrx_word' id='word_1_657' title='bbox 1982 4156 2225 4215; x_wconf 86' lang='lat' dir='ltr'><strong>vivemus</strong></span> 
     </span>
    </p>
   </div>
   <div class='ocr_carea' id='block_1_84' title="bbox 2339 4140 3912 4237">
    <p class='ocr_par' dir='ltr' id='par_1_84' title="bbox 2339 4140 3912 4237">
     <span class='ocr_line' id='line_1_85' title="bbox 2339 4140 3912 4237; baseline 0.002 -21"><span class='ocrx_word' id='word_1_658' title='bbox 2339 4140 2646 4234; x_wconf 42' lang='lat' dir='ltr'><strong>ilbﬂpéVOV&#39;</strong></span> <span class='ocrx_word' id='word_1_659' title='bbox 2688 4183 2706 4215; x_wconf 77' lang='grc' dir='ltr'><strong>ι</strong></span> <span class='ocrx_word' id='word_1_660' title='bbox 2757 4164 3014 4230; x_wconf 76' lang='grc' dir='ltr'>Πατάξει,</span> <span class='ocrx_word' id='word_1_661' title='bbox 3051 4167 3144 4219; x_wconf 58' lang='grc' dir='ltr'><strong>καὶ⁵</strong></span> <span class='ocrx_word' id='word_1_662' title='bbox 3197 4140 3616 4237; x_wconf 72' lang='grc' dir='ltr'>μοτὼσειὴμᾶς</span> <span class='ocrx_word' id='word_1_663' title='bbox 3651 4140 3912 4236; x_wconf 42' lang='lat' dir='ltr'><strong>pater»</strong></span> 
     </span>
    </p>
   </div>
   <div class='ocr_carea' id='block_1_85' title="bbox 658 4233 2237 4330">
    <p class='ocr_par' dir='ltr' id='par_1_85' title="bbox 658 4233 2226 4315">
     <span class='ocr_line' id='line_1_86' title="bbox 658 4233 2226 4315; baseline 0.013 -31"><span class='ocrx_word' id='word_1_664' title='bbox 658 4233 711 4284; x_wconf 85' lang='lat' dir='ltr'><strong>in</strong></span> <span class='ocrx_word' id='word_1_665' title='bbox 744 4242 1044 4303; x_wconf 85' lang='lat' dir='ltr'><strong>conspectu</strong></span> <span class='ocrx_word' id='word_1_666' title='bbox 1066 4236 1207 4304; x_wconf 86' lang='lat' dir='ltr'><strong>ejus,</strong></span> <span class='ocrx_word' id='word_1_667' title='bbox 1237 4246 1291 4293; x_wconf 93' lang='lat' dir='ltr'><strong>et</strong></span> <span class='ocrx_word' id='word_1_668' title='bbox 1322 4241 1579 4297; x_wconf 87' lang='lat' dir='ltr'><strong>sciemus.</strong></span> <span class='ocrx_word' id='word_1_669' title='bbox 1611 4242 2012 4315; x_wconf 89' lang='lat' dir='ltr'><strong>Persequcmur</strong></span> <span class='ocrx_word' id='word_1_670' title='bbox 2047 4256 2105 4303; x_wconf 91' lang='lat' dir='ltr'><strong>ut</strong></span> <span class='ocrx_word' id='word_1_671' title='bbox 2130 4264 2226 4304; x_wconf 89' lang='lat' dir='ltr'><strong>co-</strong></span> 
     </span>
    </p>
   </div>
   <div class='ocr_carea' id='block_1_86' title="bbox 2339 4233 3907 4330">
    <p class='ocr_par' dir='ltr' id='par_1_86' title="bbox 2339 4233 3907 4330">
     <span class='ocr_line' id='line_1_87' title="bbox 2339 4233 3907 4330; baseline 0.001 -24"><span class='ocrx_word' id='word_1_672' title='bbox 2339 4233 2540 4327; x_wconf 67' lang='grc' dir='ltr'>ᾐμέρας</span> <span class='ocrx_word' id='word_1_673' title='bbox 2572 4256 2629 4308; x_wconf 84' lang='grc' dir='ltr'>ὲν</span> <span class='ocrx_word' id='word_1_674' title='bbox 2656 4258 2724 4327; x_wconf 85' lang='grc' dir='ltr'>τῇ</span> <span class='ocrx_word' id='word_1_675' title='bbox 2774 4255 2957 4328; x_wconf 81' lang='grc' dir='ltr'>ἡμέρᾳ</span> <span class='ocrx_word' id='word_1_676' title='bbox 2986 4259 3050 4327; x_wconf 78' lang='grc' dir='ltr'>τῇ</span> <span class='ocrx_word' id='word_1_677' title='bbox 3083 4233 3241 4330; x_wconf 58' lang='grc' dir='ltr'>τρίτγι</span> <span class='ocrx_word' id='word_1_678' title='bbox 3277 4274 3290 4288; x_wconf 87' lang='grc'><strong>·</strong></span> <span class='ocrx_word' id='word_1_679' title='bbox 3320 4257 3415 4310; x_wconf 76' lang='grc' dir='ltr'><strong>καὶ</strong></span> <span class='ocrx_word' id='word_1_680' title='bbox 3465 4233 3907 4326; x_wconf 76' lang='grc' dir='ltr'>ἀναστησόμεθα,</span> 
     </span>
    </p>
   </div>
   <div class='ocr_carea' id='block_1_87' title="bbox 655 4324 2237 4417">
    <p class='ocr_par' dir='ltr' id='par_1_87' title="bbox 655 4324 2225 4402">
     <span class='ocr_line' id='line_1_88' title="bbox 655 4324 2225 4402; baseline 0.014 -31"><span class='ocrx_word' id='word_1_681' title='bbox 655 4334 984 4389; x_wconf 81' lang='lat' dir='ltr'><strong>guoscamus</strong></span> <span class='ocrx_word' id='word_1_682' title='bbox 1011 4324 1316 4381; x_wconf 89' lang='lat' dir='ltr'><strong>Dominum.</strong></span> <span class='ocrx_word' id='word_1_683' title='bbox 1335 4326 1501 4393; x_wconf 86' lang='lat' dir='ltr'><strong>Quasi</strong></span> <span class='ocrx_word' id='word_1_684' title='bbox 1532 4346 1690 4386; x_wconf 90' lang='lat' dir='ltr'><strong>mane</strong></span> <span class='ocrx_word' id='word_1_685' title='bbox 1713 4345 1961 4402; x_wconf 89' lang='lat' dir='ltr'><strong>paratum</strong></span> <span class='ocrx_word' id='word_1_686' title='bbox 1979 4334 2225 4393; x_wconf 89' lang='lat' dir='ltr'><strong>invenie-</strong></span> 
     </span>
    </p>
   </div>
   <div class='ocr_carea' id='block_1_88' title="bbox 2339 4324 3905 4417">
    <p class='ocr_par' dir='ltr' id='par_1_88' title="bbox 2339 4324 3905 4417">
     <span class='ocr_line' id='line_1_89' title="bbox 2339 4324 3905 4417; baseline -0.002 -19"><span class='ocrx_word' id='word_1_687' title='bbox 2339 4324 2420 4398; x_wconf 69' lang='grc' dir='ltr'>ιαλ.</span> <span class='ocrx_word' id='word_1_688' title='bbox 2442 4324 2726 4417; x_wconf 38' lang='grc' dir='ltr'>’ζησόμεθα</span> <span class='ocrx_word' id='word_1_689' title='bbox 3020 4324 3183 4400; x_wconf 77' lang='grc' dir='ltr'>αὑτοῦ</span> <span class='ocrx_word' id='word_1_690' title='bbox 3202 4324 3345 4410; x_wconf 28' lang='grc' dir='ltr'>,νκαὶ</span> <span class='ocrx_word' id='word_1_691' title='bbox 3382 4324 3724 4416; x_wconf 83' lang='grc' dir='ltr'>γνωσόμεθα.</span> <span class='ocrx_word' id='word_1_692' title='bbox 3767 4346 3905 4397; x_wconf 59' lang='lat' dir='ltr'><strong>Aab-</strong></span> 
     </span>
    </p>
   </div>
   <div class='ocr_carea' id='block_1_89' title="bbox 657 4413 2237 4511">
    <p class='ocr_par' dir='ltr' id='par_1_89' title="bbox 657 4413 2219 4496">
     <span class='ocr_line' id='line_1_90' title="bbox 657 4413 2219 4496; baseline 0.015 -35"><span class='ocrx_word' id='word_1_693' title='bbox 657 4427 778 4465; x_wconf 87' lang='lat' dir='ltr'><strong>mus</strong></span> <span class='ocrx_word' id='word_1_694' title='bbox 802 4415 1005 4467; x_wconf 84' lang='lat' dir='ltr'><strong>eum&quot;.</strong></span> <span class='ocrx_word' id='word_1_695' title='bbox 1033 4433 1053 4468; x_wconf 76' lang='grc' dir='ltr'><strong>ι</strong></span> <span class='ocrx_word' id='word_1_696' title='bbox 1074 4413 1352 4473; x_wconf 87' lang='lat' dir='ltr'><strong>Percussit</strong></span> <span class='ocrx_word' id='word_1_697' title='bbox 1368 4421 1511 4474; x_wconf 91' lang='lat' dir='ltr'><strong>enim</strong></span> <span class='ocrx_word' id='word_1_698' title='bbox 1538 4438 1640 4477; x_wconf 92' lang='lat' dir='ltr'><strong>nos</strong></span> <span class='ocrx_word' id='word_1_699' title='bbox 1659 4436 1877 4493; x_wconf 88' lang='lat' dir='ltr'><strong>propter</strong></span> <span class='ocrx_word' id='word_1_700' title='bbox 1896 4429 2219 4496; x_wconf 56' lang='lat' dir='ltr'><strong>praevarica-</strong></span> 
     </span>
    </p>
   </div>
   <div class='ocr_carea' id='block_1_90' title="bbox 2339 4413 3903 4511">
    <p class='ocr_par' dir='ltr' id='par_1_90' title="bbox 2339 4439 3903 4511">
     <span class='ocr_line' id='line_1_91' title="bbox 2339 4439 3903 4511; baseline -0.001 -19"><span class='ocrx_word' id='word_1_701' title='bbox 2339 4440 2486 4510; x_wconf 78' lang='grc' dir='ltr'>ξομεν</span> <span class='ocrx_word' id='word_1_702' title='bbox 2514 4439 2606 4493; x_wconf 77' lang='grc' dir='ltr'>τοῦ</span> <span class='ocrx_word' id='word_1_703' title='bbox 2641 4439 2843 4509; x_wconf 82' lang='grc' dir='ltr'>γνῶναι</span> <span class='ocrx_word' id='word_1_704' title='bbox 2871 4441 2962 4494; x_wconf 76' lang='grc' dir='ltr'>τὸν</span> <span class='ocrx_word' id='word_1_705' title='bbox 2989 4441 3220 4511; x_wconf 80' lang='grc' dir='ltr'>Κύριον’</span> <span class='ocrx_word' id='word_1_706' title='bbox 3254 4441 3328 4502; x_wconf 81' lang='grc' dir='ltr'>ὡς</span> <span class='ocrx_word' id='word_1_707' title='bbox 3350 4440 3542 4511; x_wconf 67' lang='grc' dir='ltr'>ὄρθρον</span> <span class='ocrx_word' id='word_1_708' title='bbox 3570 4440 3785 4511; x_wconf 74' lang='grc' dir='ltr'>ἕτοιμον</span> <span class='ocrx_word' id='word_1_709' title='bbox 3814 4440 3903 4490; x_wconf 75' lang='grc' dir='ltr'><strong>εὑο</strong></span> 
     </span>
    </p>
   </div>
   <div class='ocr_carea' id='block_1_91' title="bbox 653 4502 2237 4603">
    <p class='ocr_par' dir='ltr' id='par_1_91' title="bbox 653 4502 2220 4583">
     <span class='ocr_line' id='line_1_92' title="bbox 653 4502 2220 4583; baseline 0.015 -31"><span class='ocrx_word' id='word_1_710' title='bbox 653 4502 853 4555; x_wconf 83' lang='lat' dir='ltr'><strong>tionem</strong></span> <span class='ocrx_word' id='word_1_711' title='bbox 889 4505 1033 4557; x_wconf 91' lang='lat' dir='ltr'><strong>illam</strong></span> <span class='ocrx_word' id='word_1_712' title='bbox 1065 4506 1119 4560; x_wconf 89' lang='lat' dir='ltr'><strong>iu</strong></span> <span class='ocrx_word' id='word_1_713' title='bbox 1157 4508 1351 4575; x_wconf 84' lang='lat' dir='ltr'><strong>Adam,</strong></span> <span class='ocrx_word' id='word_1_714' title='bbox 1384 4513 1571 4567; x_wconf 90' lang='lat' dir='ltr'><strong>dicens</strong></span> <span class='ocrx_word' id='word_1_715' title='bbox 1602 4532 1615 4567; x_wconf 93' lang='lat'><strong>:</strong></span> <span class='ocrx_word' id='word_1_716' title='bbox 1658 4532 1675 4565; x_wconf 82' lang='grc' dir='ltr'><strong>ι</strong></span> <span class='ocrx_word' id='word_1_717' title='bbox 1711 4514 1875 4570; x_wconf 87' lang='lat' dir='ltr'><strong>Terra</strong></span> <span class='ocrx_word' id='word_1_718' title='bbox 1917 4534 2014 4583; x_wconf 90' lang='lat' dir='ltr'><strong>es,</strong></span> <span class='ocrx_word' id='word_1_719' title='bbox 2062 4530 2116 4573; x_wconf 90' lang='lat' dir='ltr'><strong>et</strong></span> <span class='ocrx_word' id='word_1_720' title='bbox 2166 4522 2220 4575; x_wconf 87' lang='lat' dir='ltr'><strong>in</strong></span> 
     </span>
    </p>
   </div>
   <div class='ocr_carea' id='block_1_92' title="bbox 2339 4502 3907 4603">
    <p class='ocr_par' dir='ltr' id='par_1_92' title="bbox 2339 4502 3907 4602">
     <span class='ocr_line' id='line_1_93' title="bbox 2339 4502 3907 4602; baseline -0.001 -18"><span class='ocrx_word' id='word_1_721' title='bbox 2339 4502 2562 4602; x_wconf 42' lang='grc' dir='ltr'>βήσομεν</span> <span class='ocrx_word' id='word_1_722' title='bbox 2591 4502 2772 4586; x_wconf 69' lang='grc' dir='ltr'>αύτόν.</span> <span class='ocrx_word' id='word_1_723' title='bbox 2798 4552 2815 4582; x_wconf 76' lang='grc' dir='ltr'><strong>ι</strong></span> <span class='ocrx_word' id='word_1_724' title='bbox 2846 4502 3092 4601; x_wconf 64' lang='grc' dir='ltr'>Ἔπληξέ</span> <span class='ocrx_word' id='word_1_725' title='bbox 3119 4532 3216 4602; x_wconf 78' lang='grc' dir='ltr'><strong>μὲν</strong></span> <span class='ocrx_word' id='word_1_726' title='bbox 3255 4531 3363 4602; x_wconf 82' lang='grc' dir='ltr'>γὰρ</span> <span class='ocrx_word' id='word_1_727' title='bbox 3385 4502 3482 4584; x_wconf 50' lang='grc' dir='ltr'><strong>’διά</strong></span> <span class='ocrx_word' id='word_1_728' title='bbox 3520 4531 3619 4601; x_wconf 84' lang='grc' dir='ltr'><strong>τὴν</strong></span> <span class='ocrx_word' id='word_1_729' title='bbox 3641 4502 3699 4584; x_wconf 76' lang='grc' dir='ltr'><strong>ἐν</strong></span> <span class='ocrx_word' id='word_1_730' title='bbox 3738 4530 3847 4583; x_wconf 80' lang='grc' dir='ltr'><strong>Ἀδ’</strong></span> <span class='ocrx_word' id='word_1_731' title='bbox 3868 4548 3907 4599; x_wconf 78' lang='grc' dir='ltr'><strong>μ</strong></span> 
     </span>
    </p>
   </div>
   <div class='ocr_carea' id='block_1_93' title="bbox 654 4599 2220 4675">
    <p class='ocr_par' dir='ltr' id='par_1_93' title="bbox 654 4599 2220 4675">
     <span class='ocr_line' id='line_1_94' title="bbox 654 4599 2220 4675; baseline 0.015 -32"><span class='ocrx_word' id='word_1_732' title='bbox 654 4601 855 4645; x_wconf 79' lang='lat' dir='ltr'><strong>terram</strong></span> <span class='ocrx_word' id='word_1_733' title='bbox 899 4599 1189 4652; x_wconf 89' lang='lat' dir='ltr'><strong>reverteris</strong></span> <span class='ocrx_word' id='word_1_734' title='bbox 1228 4600 1295 4653; x_wconf 87' lang='grc'><strong>⁷³.</strong></span> <span class='ocrx_word' id='word_1_735' title='bbox 1335 4620 1352 4651; x_wconf 80' lang='grc' dir='ltr'><strong>ι</strong></span> <span class='ocrx_word' id='word_1_736' title='bbox 1400 4602 1503 4657; x_wconf 89' lang='lat' dir='ltr'><strong>Sed</strong></span> <span class='ocrx_word' id='word_1_737' title='bbox 1550 4608 1898 4675; x_wconf 88' lang='lat' dir='ltr'><strong>corruptione</strong></span> <span class='ocrx_word' id='word_1_738' title='bbox 1939 4616 1993 4663; x_wconf 88' lang='lat' dir='ltr'><strong>et</strong></span> <span class='ocrx_word' id='word_1_739' title='bbox 2044 4619 2220 4667; x_wconf 89' lang='lat' dir='ltr'><strong>morte</strong></span> 
     </span>
    </p>
   </div>
   <div class='ocr_carea' id='block_1_94' title="bbox 654 4692 2218 4765">
    <p class='ocr_par' dir='ltr' id='par_1_94' title="bbox 654 4692 2218 4765">
     <span class='ocr_line' id='line_1_95' title="bbox 654 4692 2218 4765; baseline 0.013 -29"><span class='ocrx_word' id='word_1_740' title='bbox 654 4699 946 4752; x_wconf 87' lang='lat' dir='ltr'><strong>percussos</strong></span> <span class='ocrx_word' id='word_1_741' title='bbox 982 4702 1172 4745; x_wconf 88' lang='lat' dir='ltr'><strong>rursus</strong></span> <span class='ocrx_word' id='word_1_742' title='bbox 1198 4692 1413 4747; x_wconf 90' lang='lat' dir='ltr'><strong>curavit</strong></span> <span class='ocrx_word' id='word_1_743' title='bbox 1447 4695 1562 4765; x_wconf 90' lang='lat' dir='ltr'><strong>ipse</strong></span> <span class='ocrx_word' id='word_1_744' title='bbox 1589 4697 1743 4751; x_wconf 89' lang='lat' dir='ltr'><strong>tertia</strong></span> <span class='ocrx_word' id='word_1_745' title='bbox 1771 4699 1877 4765; x_wconf 88' lang='lat' dir='ltr'><strong>die,</strong></span> <span class='ocrx_word' id='word_1_746' title='bbox 1914 4700 1965 4753; x_wconf 91' lang='lat' dir='ltr'><strong>id</strong></span> <span class='ocrx_word' id='word_1_747' title='bbox 1995 4709 2079 4757; x_wconf 91' lang='lat' dir='ltr'><strong>est</strong></span> <span class='ocrx_word' id='word_1_748' title='bbox 2110 4718 2218 4757; x_wconf 91' lang='lat' dir='ltr'><strong>non</strong></span> 
     </span>
    </p>
   </div>
   <div class='ocr_carea' id='block_1_95' title="bbox 653 4772 2215 4861">
    <p class='ocr_par' dir='ltr' id='par_1_95' title="bbox 653 4772 2215 4861">
     <span class='ocr_line' id='line_1_96' title="bbox 653 4772 2215 4861; baseline 0.015 -37"><span class='ocrx_word' id='word_1_749' title='bbox 653 4772 866 4841; x_wconf 83' lang='lat' dir='ltr'><strong>primis,</strong></span> <span class='ocrx_word' id='word_1_750' title='bbox 906 4790 1081 4846; x_wconf 85' lang='lat' dir='ltr'><strong>neque</strong></span> <span class='ocrx_word' id='word_1_751' title='bbox 1111 4780 1303 4835; x_wconf 91' lang='lat' dir='ltr'><strong>mediis</strong></span> <span class='ocrx_word' id='word_1_752' title='bbox 1330 4823 1345 4849; x_wconf 93' lang='lat'><strong>,</strong></span> <span class='ocrx_word' id='word_1_753' title='bbox 1388 4782 1484 4838; x_wconf 89' lang='lat' dir='ltr'><strong>sed</strong></span> <span class='ocrx_word' id='word_1_754' title='bbox 1520 4785 1572 4839; x_wconf 93' lang='lat' dir='ltr'><strong>in</strong></span> <span class='ocrx_word' id='word_1_755' title='bbox 1607 4787 1815 4844; x_wconf 90' lang='lat' dir='ltr'><strong>ultimis</strong></span> <span class='ocrx_word' id='word_1_756' title='bbox 1846 4792 2215 4861; x_wconf 87' lang='lat' dir='ltr'><strong>temporibus,</strong></span> 
     </span>
    </p>
   </div>
   <div class='ocr_carea' id='block_1_96' title="bbox 649 4866 2268 4949">
    <p class='ocr_par' dir='ltr' id='par_1_96' title="bbox 649 4866 2268 4949">
     <span class='ocr_line' id='line_1_97' title="bbox 649 4866 2268 4949; baseline 0.011 -30"><span class='ocrx_word' id='word_1_757' title='bbox 649 4866 871 4936; x_wconf 88' lang='lat' dir='ltr'><strong>quando</strong></span> <span class='ocrx_word' id='word_1_758' title='bbox 923 4866 1084 4924; x_wconf 89' lang='lat' dir='ltr'><strong>homo</strong></span> <span class='ocrx_word' id='word_1_759' title='bbox 1139 4870 1362 4941; x_wconf 82' lang='lat' dir='ltr'><strong>factus,</strong></span> <span class='ocrx_word' id='word_1_760' title='bbox 1395 4885 1648 4931; x_wconf 88' lang='lat' dir='ltr'><strong>naturam</strong></span> <span class='ocrx_word' id='word_1_761' title='bbox 1694 4895 1883 4934; x_wconf 87' lang='lat' dir='ltr'><strong>sanam</strong></span> <span class='ocrx_word' id='word_1_762' title='bbox 1937 4882 2214 4949; x_wconf 88' lang='lat' dir='ltr'><strong>reddidit,</strong></span> <span class='ocrx_word' id='word_1_763' title='bbox 2260 4907 2268 4915; x_wconf 92' lang='lat'><strong><em>-</em></strong></span> 
     </span>
    </p>
   </div>
   <div class='ocr_carea' id='block_1_97' title="bbox 647 4963 2216 5042">
    <p class='ocr_par' dir='ltr' id='par_1_97' title="bbox 647 4963 2216 5042">
     <span class='ocr_line' id='line_1_98' title="bbox 647 4963 2216 5042; baseline 0.01 -29"><span class='ocrx_word' id='word_1_764' title='bbox 647 4972 767 5013; x_wconf 89' lang='lat' dir='ltr'><strong>eam</strong></span> <span class='ocrx_word' id='word_1_765' title='bbox 805 4968 972 5015; x_wconf 91' lang='lat' dir='ltr'><strong>totam</strong></span> <span class='ocrx_word' id='word_1_766' title='bbox 1018 4963 1267 5020; x_wconf 78' lang='lat' dir='ltr'><strong>excitans</strong></span> <span class='ocrx_word' id='word_1_767' title='bbox 1305 4981 1336 5020; x_wconf 90' lang='lat' dir='ltr'><strong>e</strong></span> <span class='ocrx_word' id='word_1_768' title='bbox 1378 4969 1614 5024; x_wconf 89' lang='lat' dir='ltr'><strong>mortuis</strong></span> <span class='ocrx_word' id='word_1_769' title='bbox 1653 4970 1706 5023; x_wconf 89' lang='lat' dir='ltr'><strong>in</strong></span> <span class='ocrx_word' id='word_1_770' title='bbox 1745 4972 1948 5041; x_wconf 87' lang='lat' dir='ltr'><strong>seipso.</strong></span> <span class='ocrx_word' id='word_1_771' title='bbox 1982 4972 2216 5042; x_wconf 90' lang='lat' dir='ltr'><strong>Ideoque</strong></span> 
     </span>
    </p>
   </div>
   <div class='ocr_carea' id='block_1_98' title="bbox 644 5054 2215 5134">
    <p class='ocr_par' dir='ltr' id='par_1_98' title="bbox 644 5054 2215 5134">
     <span class='ocr_line' id='line_1_99' title="bbox 644 5054 2215 5134; baseline 0.011 -33"><span class='ocrx_word' id='word_1_772' title='bbox 644 5059 875 5105; x_wconf 82' lang='lat' dir='ltr'><strong>vocatur</strong></span> <span class='ocrx_word' id='word_1_773' title='bbox 923 5054 1176 5123; x_wconf 68' lang='lat' dir='ltr'><strong>primitiae</strong></span> <span class='ocrx_word' id='word_1_774' title='bbox 1219 5071 1438 5127; x_wconf 87' lang='lat' dir='ltr'><strong>quoque</strong></span> <span class='ocrx_word' id='word_1_775' title='bbox 1484 5059 1873 5116; x_wconf 87' lang='lat' dir='ltr'><strong>dormientium</strong></span> <span class='ocrx_word' id='word_1_776' title='bbox 1924 5062 1988 5116; x_wconf 67' lang='grc'><strong>⁷⁸.</strong></span> <span class='ocrx_word' id='word_1_777' title='bbox 2047 5062 2215 5134; x_wconf 83' lang='lat' dir='ltr'><strong>Igitur</strong></span> 
     </span>
    </p>
   </div>
   <div class='ocr_carea' id='block_1_99' title="bbox 644 5144 2209 5225">
    <p class='ocr_par' dir='ltr' id='par_1_99' title="bbox 644 5144 2209 5225">
     <span class='ocr_line' id='line_1_100' title="bbox 644 5144 2209 5225; baseline 0.012 -33"><span class='ocrx_word' id='word_1_778' title='bbox 644 5154 770 5194; x_wconf 91' lang='lat' dir='ltr'><strong>cum</strong></span> <span class='ocrx_word' id='word_1_779' title='bbox 812 5144 1023 5198; x_wconf 88' lang='lat' dir='ltr'><strong>tertiam</strong></span> <span class='ocrx_word' id='word_1_780' title='bbox 1055 5144 1197 5200; x_wconf 90' lang='lat' dir='ltr'><strong>diem</strong></span> <span class='ocrx_word' id='word_1_781' title='bbox 1228 5148 1384 5212; x_wconf 85' lang='lat' dir='ltr'><strong>dicit,</strong></span> <span class='ocrx_word' id='word_1_782' title='bbox 1413 5165 1519 5220; x_wconf 85' lang='lat' dir='ltr'><strong>qua</strong></span> <span class='ocrx_word' id='word_1_783' title='bbox 1548 5153 1951 5221; x_wconf 79' lang='lat' dir='ltr'><strong>peragebantur</strong></span> <span class='ocrx_word' id='word_1_784' title='bbox 1986 5156 2209 5225; x_wconf 65' lang='lat' dir='ltr'><strong>nuptiae,</strong></span> 
     </span>
    </p>
   </div>
   <div class='ocr_carea' id='block_1_100' title="bbox 645 5233 2210 5311">
    <p class='ocr_par' dir='ltr' id='par_1_100' title="bbox 645 5233 2210 5311">
     <span class='ocr_line' id='line_1_101' title="bbox 645 5233 2210 5311; baseline 0.011 -26"><span class='ocrx_word' id='word_1_785' title='bbox 645 5233 893 5287; x_wconf 90' lang='lat' dir='ltr'><strong>ultimum</strong></span> <span class='ocrx_word' id='word_1_786' title='bbox 925 5243 1141 5308; x_wconf 89' lang='lat' dir='ltr'><strong>tempus</strong></span> <span class='ocrx_word' id='word_1_787' title='bbox 1168 5239 1462 5311; x_wconf 81' lang='lat' dir='ltr'><strong>signiﬁcat.</strong></span> <span class='ocrx_word' id='word_1_788' title='bbox 1514 5239 1783 5297; x_wconf 69' lang='lat' dir='ltr'><strong>Praeterea</strong></span> <span class='ocrx_word' id='word_1_789' title='bbox 1819 5245 1996 5298; x_wconf 90' lang='lat' dir='ltr'><strong>locum</strong></span> <span class='ocrx_word' id='word_1_790' title='bbox 2060 5247 2210 5302; x_wconf 88' lang='lat' dir='ltr'><strong>desi-</strong></span> 
     </span>
    </p>
   </div>
   <div class='ocr_carea' id='block_1_101' title="bbox 642 5326 2209 5406">
    <p class='ocr_par' dir='ltr' id='par_1_101' title="bbox 642 5326 2209 5406">
     <span class='ocr_line' id='line_1_102' title="bbox 642 5326 2209 5406; baseline 0.011 -28"><span class='ocrx_word' id='word_1_791' title='bbox 642 5335 789 5394; x_wconf 82' lang='lat' dir='ltr'><strong>gnat.</strong></span> <span class='ocrx_word' id='word_1_792' title='bbox 828 5326 888 5381; x_wconf 84' lang='lat' dir='ltr'><strong>In</strong></span> <span class='ocrx_word' id='word_1_793' title='bbox 937 5328 1083 5383; x_wconf 85' lang='lat' dir='ltr'><strong>Cana</strong></span> <span class='ocrx_word' id='word_1_794' title='bbox 1133 5333 1278 5386; x_wconf 89' lang='lat' dir='ltr'><strong>enim</strong></span> <span class='ocrx_word' id='word_1_795' title='bbox 1327 5331 1563 5387; x_wconf 53' lang='lat' dir='ltr'><strong>Galila‘a:</strong></span> <span class='ocrx_word' id='word_1_796' title='bbox 1606 5335 1841 5404; x_wconf 83' lang='lat' dir='ltr'><strong>oppido,</strong></span> <span class='ocrx_word' id='word_1_797' title='bbox 1875 5337 2073 5406; x_wconf 85' lang='lat' dir='ltr'><strong>inquit.</strong></span> <span class='ocrx_word' id='word_1_798' title='bbox 2108 5338 2209 5395; x_wconf 90' lang='lat' dir='ltr'><strong>llic</strong></span> 
     </span>
    </p>
   </div>
   <div class='ocr_carea' id='block_1_102' title="bbox 642 5419 2204 5501">
    <p class='ocr_par' dir='ltr' id='par_1_102' title="bbox 642 5419 2204 5501">
     <span class='ocr_line' id='line_1_103' title="bbox 642 5419 2204 5501; baseline 0.013 -34"><span class='ocrx_word' id='word_1_799' title='bbox 642 5430 837 5471; x_wconf 90' lang='lat' dir='ltr'><strong>rursus</strong></span> <span class='ocrx_word' id='word_1_800' title='bbox 870 5419 1267 5477; x_wconf 85' lang='lat' dir='ltr'><strong>animadvertat</strong></span> <span class='ocrx_word' id='word_1_801' title='bbox 1301 5423 1584 5477; x_wconf 88' lang='lat' dir='ltr'><strong>studiosus</strong></span> <span class='ocrx_word' id='word_1_802' title='bbox 1612 5462 1628 5487; x_wconf 90' lang='lat'><strong>,</strong></span> <span class='ocrx_word' id='word_1_803' title='bbox 1665 5440 1772 5478; x_wconf 93' lang='lat' dir='ltr'><strong>non</strong></span> <span class='ocrx_word' id='word_1_804' title='bbox 1813 5424 2204 5501; x_wconf 81' lang='lat' dir='ltr'><strong>Hierosolymis</strong></span> 
     </span>
    </p>
   </div>
   <div class='ocr_carea' id='block_1_103' title="bbox 640 5511 2201 5581">
    <p class='ocr_par' dir='ltr' id='par_1_103' title="bbox 640 5511 2201 5581">
     <span class='ocr_line' id='line_1_104' title="bbox 640 5511 2201 5581; baseline 0.013 -23"><span class='ocrx_word' id='word_1_805' title='bbox 640 5515 955 5576; x_wconf 78' lang='lat' dir='ltr'><strong>nuptiarum</strong></span> <span class='ocrx_word' id='word_1_806' title='bbox 979 5511 1383 5581; x_wconf 87' lang='lat' dir='ltr'><strong>celebritatem,</strong></span> <span class='ocrx_word' id='word_1_807' title='bbox 1429 5514 1523 5569; x_wconf 86' lang='lat' dir='ltr'><strong>sed</strong></span> <span class='ocrx_word' id='word_1_808' title='bbox 1548 5521 1702 5569; x_wconf 80' lang='lat' dir='ltr'><strong>extra</strong></span> <span class='ocrx_word' id='word_1_809' title='bbox 1729 5513 1976 5572; x_wconf 71' lang='lat' dir='ltr'><strong>Judzeam</strong></span> <span class='ocrx_word' id='word_1_810' title='bbox 2053 5532 2109 5576; x_wconf 93' lang='lat' dir='ltr'><strong>ut</strong></span> <span class='ocrx_word' id='word_1_811' title='bbox 2147 5524 2201 5580; x_wconf 94' lang='lat' dir='ltr'><strong>in</strong></span> 
     </span>
    </p>
   </div>
   <div class='ocr_carea' id='block_1_104' title="bbox 719 5681 1975 5765">
    <p class='ocr_par' dir='ltr' id='par_1_104' title="bbox 719 5681 1975 5765">
     <span class='ocr_line' id='line_1_105' title="bbox 719 5681 1975 5765; baseline 0.014 -29"><span class='ocrx_word' id='word_1_812' title='bbox 719 5681 763 5714; x_wconf 80' lang='lat'><strong>&quot;</strong></span> <span class='ocrx_word' id='word_1_813' title='bbox 790 5682 947 5739; x_wconf 85' lang='lat' dir='ltr'><strong>Joan.</strong></span> <span class='ocrx_word' id='word_1_814' title='bbox 985 5702 1057 5753; x_wconf 75' lang='lat' dir='ltr'><strong>Vt,</strong></span> <span class='ocrx_word' id='word_1_815' title='bbox 1090 5688 1158 5744; x_wconf 79' lang='grc'><strong>58</strong></span> <span class='ocrx_word' id='word_1_816' title='bbox 1195 5699 1248 5745; x_wconf 91' lang='lat' dir='ltr'><strong>et</strong></span> <span class='ocrx_word' id='word_1_817' title='bbox 1284 5691 1429 5746; x_wconf 86' lang='lat' dir='ltr'><strong>alibi.</strong></span> <span class='ocrx_word' id='word_1_818' title='bbox 1544 5696 1589 5727; x_wconf 76' lang='lat'><strong>7&#39;</strong></span> <span class='ocrx_word' id='word_1_819' title='bbox 1617 5693 1775 5763; x_wconf 86' lang='lat' dir='ltr'><strong>Osee,</strong></span> <span class='ocrx_word' id='word_1_820' title='bbox 1814 5714 1888 5765; x_wconf 83' lang='lat' dir='ltr'><strong>vt,</strong></span> <span class='ocrx_word' id='word_1_821' title='bbox 1922 5700 1975 5755; x_wconf 76' lang='grc'><strong>5.</strong></span> 
     </span>
    </p>
   </div>
   <div class='ocr_carea' id='block_1_105' title="bbox 2320 4618 3899 4694">
    <p class='ocr_par' dir='ltr' id='par_1_105' title="bbox 2320 4618 3899 4694">
     <span class='ocr_line' id='line_1_106' title="bbox 2320 4618 3899 4694; baseline -0.001 -19"><span class='ocrx_word' id='word_1_822' title='bbox 2320 4624 2652 4694; x_wconf 81' lang='grc' dir='ltr'>παράϐασιν,</span> <span class='ocrx_word' id='word_1_823' title='bbox 2688 4620 2876 4675; x_wconf 84' lang='grc' dir='ltr'>εἰπών·</span> <span class='ocrx_word' id='word_1_824' title='bbox 2915 4642 2932 4675; x_wconf 83' lang='grc' dir='ltr'><strong>ι</strong></span> <span class='ocrx_word' id='word_1_825' title='bbox 2967 4624 3046 4693; x_wconf 79' lang='grc' dir='ltr'><strong>Γῆ</strong></span> <span class='ocrx_word' id='word_1_826' title='bbox 3074 4618 3156 4687; x_wconf 80' lang='grc' dir='ltr'><strong>εἴ,</strong></span> <span class='ocrx_word' id='word_1_827' title='bbox 3192 4623 3287 4676; x_wconf 76' lang='grc' dir='ltr'>καὶ</span> <span class='ocrx_word' id='word_1_828' title='bbox 3313 4626 3392 4687; x_wconf 86' lang='grc' dir='ltr'><strong>είς</strong></span> <span class='ocrx_word' id='word_1_829' title='bbox 3428 4626 3532 4694; x_wconf 78' lang='grc' dir='ltr'>γῆν</span> <span class='ocrx_word' id='word_1_830' title='bbox 3567 4622 3899 4693; x_wconf 62' lang='grc' dir='ltr'>ἀπελεύσῃ..</span> 
     </span>
    </p>
   </div>
   <div class='ocr_carea' id='block_1_106' title="bbox 2318 4712 3905 4787">
    <p class='ocr_par' dir='ltr' id='par_1_106' title="bbox 2318 4712 3905 4787">
     <span class='ocr_line' id='line_1_107' title="bbox 2318 4712 3905 4787; baseline 0.001 -22"><span class='ocrx_word' id='word_1_831' title='bbox 2318 4713 2392 4765; x_wconf 86' lang='grc' dir='ltr'>Τὸ</span> <span class='ocrx_word' id='word_1_832' title='bbox 2438 4713 2493 4766; x_wconf 84' lang='grc' dir='ltr'><strong>δὲ</strong></span> <span class='ocrx_word' id='word_1_833' title='bbox 2526 4712 2701 4783; x_wconf 85' lang='grc' dir='ltr'>φθορᾷ</span> <span class='ocrx_word' id='word_1_834' title='bbox 2733 4713 2825 4765; x_wconf 68' lang='grc' dir='ltr'>καὶ</span> <span class='ocrx_word' id='word_1_835' title='bbox 2865 4713 3077 4783; x_wconf 84' lang='grc' dir='ltr'>θανάτῳ</span> <span class='ocrx_word' id='word_1_836' title='bbox 3112 4714 3391 4786; x_wconf 83' lang='grc' dir='ltr'>πεπληγὸς</span> <span class='ocrx_word' id='word_1_837' title='bbox 3434 4715 3597 4768; x_wconf 86' lang='grc' dir='ltr'>πάλιν</span> <span class='ocrx_word' id='word_1_838' title='bbox 3626 4716 3905 4787; x_wconf 70' lang='grc' dir='ltr'>ὲμότωσειο</span> 
     </span>
    </p>
   </div>
   <div class='ocr_carea' id='block_1_107' title="bbox 2318 4803 3905 4877">
    <p class='ocr_par' dir='ltr' id='par_1_107' title="bbox 2318 4803 3905 4877">
     <span class='ocr_line' id='line_1_108' title="bbox 2318 4803 3905 4877; baseline 0.001 -20"><span class='ocrx_word' id='word_1_839' title='bbox 2318 4804 2479 4868; x_wconf 82' lang='grc' dir='ltr'>αὐτὸς</span> <span class='ocrx_word' id='word_1_840' title='bbox 2510 4804 2652 4856; x_wconf 69' lang='grc' dir='ltr'>κατὰ</span> <span class='ocrx_word' id='word_1_841' title='bbox 2688 4803 2787 4875; x_wconf 80' lang='grc' dir='ltr'>τὴν</span> <span class='ocrx_word' id='word_1_842' title='bbox 2836 4805 3024 4876; x_wconf 85' lang='grc' dir='ltr'>τρίτην</span> <span class='ocrx_word' id='word_1_843' title='bbox 3059 4805 3290 4877; x_wconf 88' lang='grc' dir='ltr'>ἡμέραν,</span> <span class='ocrx_word' id='word_1_844' title='bbox 3325 4807 3467 4859; x_wconf 76' lang='grc' dir='ltr'>τοῦτ’</span> <span class='ocrx_word' id='word_1_845' title='bbox 3502 4806 3683 4870; x_wconf 77' lang='grc' dir='ltr'>ἐστιν,</span> <span class='ocrx_word' id='word_1_846' title='bbox 3718 4809 3818 4860; x_wconf 72' lang='grc' dir='ltr'>οὐκ</span> <span class='ocrx_word' id='word_1_847' title='bbox 3847 4809 3905 4859; x_wconf 77' lang='grc' dir='ltr'>ὲν</span> 
     </span>
    </p>
   </div>
   <div class='ocr_carea' id='block_1_108' title="bbox 2323 4889 3902 4967">
    <p class='ocr_par' dir='ltr' id='par_1_108' title="bbox 2323 4889 3902 4967">
     <span class='ocr_line' id='line_1_109' title="bbox 2323 4889 3902 4967; baseline 0.008 -22"><span class='ocrx_word' id='word_1_848' title='bbox 2323 4889 2593 4963; x_wconf 85' lang='grc' dir='ltr'>πρώτοις,</span> <span class='ocrx_word' id='word_1_849' title='bbox 2620 4894 2739 4947; x_wconf 81' lang='grc' dir='ltr'>οὐδὲ</span> <span class='ocrx_word' id='word_1_850' title='bbox 2778 4896 2835 4947; x_wconf 87' lang='grc' dir='ltr'>ὲν</span> <span class='ocrx_word' id='word_1_851' title='bbox 2875 4896 3090 4966; x_wconf 86' lang='grc' dir='ltr'>μέσοις,</span> <span class='ocrx_word' id='word_1_852' title='bbox 3132 4898 3246 4951; x_wconf 81' lang='grc' dir='ltr'>ἀλλ’</span> <span class='ocrx_word' id='word_1_853' title='bbox 3276 4898 3333 4950; x_wconf 79' lang='grc' dir='ltr'>ὲν</span> <span class='ocrx_word' id='word_1_854' title='bbox 3376 4898 3624 4967; x_wconf 81' lang='grc' dir='ltr'>ἐσχάτοις</span> <span class='ocrx_word' id='word_1_855' title='bbox 3668 4901 3902 4967; x_wconf 84' lang='grc' dir='ltr'>καιροῖς.</span> 
     </span>
    </p>
   </div>
   <div class='ocr_carea' id='block_1_109' title="bbox 2319 4984 3904 5059">
    <p class='ocr_par' dir='ltr' id='par_1_109' title="bbox 2319 4984 3904 5059">
     <span class='ocr_line' id='line_1_110' title="bbox 2319 4984 3904 5059; baseline 0.002 -21"><span class='ocrx_word' id='word_1_856' title='bbox 2319 4984 2409 5038; x_wconf 84' lang='grc' dir='ltr'><strong>ὅτε</strong></span> <span class='ocrx_word' id='word_1_857' title='bbox 2468 4984 2533 5037; x_wconf 80' lang='grc' dir='ltr'><strong>δι’</strong></span> <span class='ocrx_word' id='word_1_858' title='bbox 2574 4986 2721 5056; x_wconf 82' lang='grc' dir='ltr'>ἡμᾶς</span> <span class='ocrx_word' id='word_1_859' title='bbox 2771 4988 3060 5058; x_wconf 86' lang='grc' dir='ltr'>γενόμενος</span> <span class='ocrx_word' id='word_1_860' title='bbox 3104 4987 3389 5058; x_wconf 80' lang='grc' dir='ltr'>ἄνθρωπος</span> <span class='ocrx_word' id='word_1_861' title='bbox 3431 4988 3561 5055; x_wconf 82' lang='grc' dir='ltr'>ὑγιᾶ</span> <span class='ocrx_word' id='word_1_862' title='bbox 3604 4989 3705 5059; x_wconf 76' lang='grc' dir='ltr'>τὴν</span> <span class='ocrx_word' id='word_1_863' title='bbox 3739 4990 3904 5058; x_wconf 74' lang='grc' dir='ltr'>φύσιν</span> 
     </span>
    </p>
   </div>
   <div class='ocr_carea' id='block_1_110' title="bbox 2320 5068 3904 5152">
    <p class='ocr_par' dir='ltr' id='par_1_110' title="bbox 2320 5068 3904 5152">
     <span class='ocr_line' id='line_1_111' title="bbox 2320 5068 3904 5152; baseline 0.004 -25"><span class='ocrx_word' id='word_1_864' title='bbox 2320 5074 2620 5140; x_wconf 78' lang='grc' dir='ltr'>ἀπέδειξεν.</span> <span class='ocrx_word' id='word_1_865' title='bbox 2642 5076 2769 5146; x_wconf 80' lang='grc' dir='ltr'>ὃλην</span> <span class='ocrx_word' id='word_1_866' title='bbox 2800 5079 2857 5131; x_wconf 79' lang='grc' dir='ltr'>ὲν</span> <span class='ocrx_word' id='word_1_867' title='bbox 2886 5077 3093 5149; x_wconf 83' lang='grc' dir='ltr'>νεκρῶν</span> <span class='ocrx_word' id='word_1_868' title='bbox 3130 5068 3439 5149; x_wconf 76' lang='grc' dir='ltr'>ἀναστήσας</span> <span class='ocrx_word' id='word_1_869' title='bbox 3465 5082 3522 5132; x_wconf 85' lang='grc' dir='ltr'>ὲν</span> <span class='ocrx_word' id='word_1_870' title='bbox 3545 5080 3744 5152; x_wconf 72' lang='grc' dir='ltr'>ἑαυτῷ.</span> <span class='ocrx_word' id='word_1_871' title='bbox 3778 5082 3904 5134; x_wconf 84' lang='grc' dir='ltr'><strong>Διά-</strong></span> 
     </span>
    </p>
   </div>
   <div class='ocr_carea' id='block_1_111' title="bbox 2317 5165 3896 5241">
    <p class='ocr_par' dir='ltr' id='par_1_111' title="bbox 2317 5165 3896 5241">
     <span class='ocr_line' id='line_1_112' title="bbox 2317 5165 3896 5241; baseline 0.001 -23"><span class='ocrx_word' id='word_1_872' title='bbox 2317 5183 2401 5218; x_wconf 86' lang='grc' dir='ltr'><strong>τοι</strong></span> <span class='ocrx_word' id='word_1_873' title='bbox 2437 5165 2595 5220; x_wconf 75' lang='grc' dir='ltr'>τοῦτο</span> <span class='ocrx_word' id='word_1_874' title='bbox 2630 5167 2873 5220; x_wconf 89' lang='grc' dir='ltr'>καλεῖται</span> <span class='ocrx_word' id='word_1_875' title='bbox 2922 5169 3015 5222; x_wconf 80' lang='grc' dir='ltr'>καὶ</span> <span class='ocrx_word' id='word_1_876' title='bbox 3039 5169 3264 5239; x_wconf 80' lang='grc' dir='ltr'>ἀπαρχὴ</span> <span class='ocrx_word' id='word_1_877' title='bbox 3300 5169 3409 5223; x_wconf 86' lang='grc' dir='ltr'>τῶν</span> <span class='ocrx_word' id='word_1_878' title='bbox 3442 5172 3861 5241; x_wconf 84' lang='grc' dir='ltr'>κεκοιμημένων</span> <span class='ocrx_word' id='word_1_879' title='bbox 3882 5188 3896 5200; x_wconf 87' lang='grc'><strong>·</strong></span> 
     </span>
    </p>
   </div>
   <div class='ocr_carea' id='block_1_112' title="bbox 2318 5254 3897 5332">
    <p class='ocr_par' dir='ltr' id='par_1_112' title="bbox 2318 5254 3897 5332">
     <span class='ocr_line' id='line_1_113' title="bbox 2318 5254 3897 5332; baseline 0.002 -23"><span class='ocrx_word' id='word_1_880' title='bbox 2318 5254 2512 5310; x_wconf 75' lang='grc' dir='ltr'>οὐκοῦν</span> <span class='ocrx_word' id='word_1_881' title='bbox 2560 5256 2649 5309; x_wconf 83' lang='grc' dir='ltr'><strong>διὰ</strong></span> <span class='ocrx_word' id='word_1_882' title='bbox 2682 5258 2776 5310; x_wconf 83' lang='grc' dir='ltr'>τοῦ</span> <span class='ocrx_word' id='word_1_883' title='bbox 2814 5259 2913 5329; x_wconf 76' lang='grc' dir='ltr'>τὴν</span> <span class='ocrx_word' id='word_1_884' title='bbox 2961 5258 3150 5331; x_wconf 75' lang='grc' dir='ltr'>τρίτην</span> <span class='ocrx_word' id='word_1_885' title='bbox 3199 5261 3413 5332; x_wconf 89' lang='grc' dir='ltr'>ἡμέραν</span> <span class='ocrx_word' id='word_1_886' title='bbox 3456 5264 3651 5326; x_wconf 71' lang='grc' dir='ltr'>εἰπεῖν,</span> <span class='ocrx_word' id='word_1_887' title='bbox 3689 5261 3809 5314; x_wconf 81' lang='grc' dir='ltr'>καθ’</span> <span class='ocrx_word' id='word_1_888' title='bbox 3830 5262 3897 5329; x_wconf 77' lang='grc' dir='ltr'>ῆν</span> 
     </span>
    </p>
   </div>
   <div class='ocr_carea' id='block_1_113' title="bbox 2315 5338 3935 5422">
    <p class='ocr_par' dir='ltr' id='par_1_113' title="bbox 2315 5338 3935 5422">
     <span class='ocr_line' id='line_1_114' title="bbox 2315 5338 3935 5422; baseline 0.001 -22"><span class='ocrx_word' id='word_1_889' title='bbox 2315 5348 2344 5400; x_wconf 88' lang='lat'><strong>6</strong></span> <span class='ocrx_word' id='word_1_890' title='bbox 2372 5346 2549 5417; x_wconf 84' lang='grc' dir='ltr'>γάμος</span> <span class='ocrx_word' id='word_1_891' title='bbox 2595 5347 2826 5401; x_wconf 75' lang='grc' dir='ltr'>ἐτελεῖτο</span> <span class='ocrx_word' id='word_1_892' title='bbox 2848 5390 2862 5415; x_wconf 93' lang='grc'><strong>,</strong></span> <span class='ocrx_word' id='word_1_893' title='bbox 2890 5349 2981 5402; x_wconf 84' lang='grc' dir='ltr'><strong>τὸν</strong></span> <span class='ocrx_word' id='word_1_894' title='bbox 3010 5350 3317 5404; x_wconf 88' lang='grc' dir='ltr'>τελευταῖον</span> <span class='ocrx_word' id='word_1_895' title='bbox 3357 5352 3610 5422; x_wconf 85' lang='grc' dir='ltr'>σημαίνει</span> <span class='ocrx_word' id='word_1_896' title='bbox 3649 5351 3840 5420; x_wconf 81' lang='grc' dir='ltr'>καιρόν</span> <span class='ocrx_word' id='word_1_897' title='bbox 3874 5366 3890 5379; x_wconf 90' lang='grc'><strong>·</strong></span> <span class='ocrx_word' id='word_1_898' title='bbox 3921 5338 3935 5378; x_wconf 78' lang='grc'><strong>⁸</strong></span> 
     </span>
    </p>
   </div>
   <div class='ocr_carea' id='block_1_114' title="bbox 2316 5437 3895 5514">
    <p class='ocr_par' dir='ltr' id='par_1_114' title="bbox 2316 5437 3895 5514">
     <span class='ocr_line' id='line_1_115' title="bbox 2316 5437 3895 5514; baseline 0.005 -25"><span class='ocrx_word' id='word_1_899' title='bbox 2316 5437 2650 5508; x_wconf 82' lang='grc' dir='ltr'>καταμηνύει</span> <span class='ocrx_word' id='word_1_900' title='bbox 2684 5439 2740 5492; x_wconf 80' lang='grc' dir='ltr'><strong>δὲ</strong></span> <span class='ocrx_word' id='word_1_901' title='bbox 2774 5440 2870 5493; x_wconf 75' lang='grc' dir='ltr'><strong>καὶ</strong></span> <span class='ocrx_word' id='word_1_902' title='bbox 2896 5440 3179 5495; x_wconf 85' lang='grc' dir='ltr'>τὸντόπον</span> <span class='ocrx_word' id='word_1_903' title='bbox 3200 5459 3213 5472; x_wconf 90' lang='grc'><strong>·</strong></span> <span class='ocrx_word' id='word_1_904' title='bbox 3246 5444 3302 5495; x_wconf 84' lang='grc' dir='ltr'>ὲν</span> <span class='ocrx_word' id='word_1_905' title='bbox 3330 5444 3483 5514; x_wconf 72' lang='grc' dir='ltr'>Κανᾷ</span> <span class='ocrx_word' id='word_1_906' title='bbox 3512 5443 3623 5512; x_wconf 88' lang='grc' dir='ltr'><strong>γάρ</strong></span> <span class='ocrx_word' id='word_1_907' title='bbox 3651 5441 3750 5511; x_wconf 79' lang='grc' dir='ltr'>τῆς</span> <span class='ocrx_word' id='word_1_908' title='bbox 3789 5443 3895 5497; x_wconf 84' lang='grc' dir='ltr'><strong>Γα-</strong></span> 
     </span>
    </p>
   </div>
   <div class='ocr_carea' id='block_1_115' title="bbox 2314 5528 3892 5604">
    <p class='ocr_par' dir='ltr' id='par_1_115' title="bbox 2314 5528 3892 5604">
     <span class='ocr_line' id='line_1_116' title="bbox 2314 5528 3892 5604; baseline 0.004 -24"><span class='ocrx_word' id='word_1_909' title='bbox 2314 5528 2543 5593; x_wconf 84' lang='grc' dir='ltr'>λιλαίας,</span> <span class='ocrx_word' id='word_1_910' title='bbox 2572 5530 2754 5600; x_wconf 79' lang='grc' dir='ltr'>φησίν.</span> <span class='ocrx_word' id='word_1_911' title='bbox 2792 5531 3149 5588; x_wconf 72' lang='grc' dir='ltr'>Ἐπιττρείτω</span> <span class='ocrx_word' id='word_1_912' title='bbox 3188 5533 3243 5588; x_wconf 74' lang='grc' dir='ltr'><strong>δὲ</strong></span> <span class='ocrx_word' id='word_1_913' title='bbox 3294 5535 3452 5589; x_wconf 84' lang='grc' dir='ltr'>πάλιν</span> <span class='ocrx_word' id='word_1_914' title='bbox 3480 5535 3506 5587; x_wconf 89' lang='lat'><strong>6</strong></span> <span class='ocrx_word' id='word_1_915' title='bbox 3550 5533 3892 5604; x_wconf 67' lang='grc' dir='ltr'>φιλομαθής·</span> 
     </span>
    </p>
   </div>
   <div class='ocr_carea' id='block_1_116' title="bbox 2088 5704 3100 5780">
    <p class='ocr_par' dir='ltr' id='par_1_116' title="bbox 2088 5704 3100 5780">
     <span class='ocr_line' id='line_1_117' title="bbox 2088 5704 3100 5780; baseline 0.006 -21"><span class='ocrx_word' id='word_1_916' title='bbox 2088 5705 2131 5736; x_wconf 80' lang='grc'><strong>⁷³</strong></span> <span class='ocrx_word' id='word_1_917' title='bbox 2159 5704 2292 5763; x_wconf 76' lang='lat' dir='ltr'><strong>Gen.</strong></span> <span class='ocrx_word' id='word_1_918' title='bbox 2335 5724 2416 5772; x_wconf 83' lang='grc' dir='ltr'>ιιι,</span> <span class='ocrx_word' id='word_1_919' title='bbox 2454 5710 2534 5762; x_wconf 86' lang='lat' dir='ltr'><strong>l9.</strong></span> <span class='ocrx_word' id='word_1_920' title='bbox 2614 5712 2655 5742; x_wconf 84' lang='lat'><strong>&#39;“&#39;</strong></span> <span class='ocrx_word' id='word_1_921' title='bbox 2692 5711 2864 5770; x_wconf 78' lang='lat' dir='ltr'><strong>lCor.</strong></span> <span class='ocrx_word' id='word_1_922' title='bbox 2904 5731 2989 5780; x_wconf 80' lang='lat' dir='ltr'><strong>xv,</strong></span> <span class='ocrx_word' id='word_1_923' title='bbox 3026 5715 3100 5772; x_wconf 70' lang='lat'><strong>‘20.</strong></span> 
     </span>
    </p>
   </div>
  </div>
