4118 6576
288 380 404 436 ΞΞΟ

1341 372 1401 429 ΙΝ
1438 373 1721 431 JOANNS
1757 370 2201 429 EVANGELIIM
2234 370 2359 426 LIB.
2401 370 2462 427 11.

3435 378 3542 435 930

287 490 355 544 οὗ
382 488 492 559 γάρ
524 489 581 541 ὲν
628 486 741 549 τοῖς
785 483 1173 556 Ἰεροσολύμοις
1214 486 1247 556 ἡ
1276 486 1614 556 πανήγυρις,
1646 482 1749 549 ἔξω
1777 484 1869 553 τῆς

1981 482 2205 552 regione
2254 486 2497 553 gentium
2544 482 2860 538 convivium
2913 485 3114 555 peragi.
3149 484 3371 542 Galilcea
3402 494 3542 546 enim

302 580 566 643 Ἰουδαίας
589 579 651 632 τὸ
675 578 910 643 δεῖπνον,
932 579 1008 642 ὡς
1035 578 1094 630 ὲν
1119 581 1189 649 τῇ
1213 577 1322 630 τῶν
1348 576 1515 631 ἐθνῶν
1544 576 1870 630 ἐπιτελεῖται

290 674 468 745 χώρα.
505 672 801 727 Γαλιλαία
844 670 955 741 γὰρ
1006 667 1126 723 τῶν
1162 668 1385 731 ἐθνῶν,
1412 669 1489 733 ὡς
1519 670 1548 722 6
1589 669 1874 741 προφήτης

289 763 483 832 φητίν.
522 761 690 832 Δῆλον
720 760 777 813 δὲ
803 759 974 831 δήπου
1007 758 1223 823 πάντως
1265 759 1431 821 ἐστὶν,
1467 758 1543 822 ὡς
1571 761 1605 830 ἡ
1639 757 1740 829 μὲν
1763 758 1874 813 τῶν

301 852 575 906 Ἰουδαίων
615 850 915 919 Συναγωγή
958 851 1053 903 τὸν
1083 849 1144 914 ἐξ
1173 850 1416 921 οὐρανῶν
1457 849 1713 905 ἀπώσατο
1741 867 1875 921 νυμ-

288 943 437 1010 φίον,
468 941 828 1009 προσεδέξατο
870 941 946 1006 δὲ,
977 942 1073 994 καὶ
1104 941 1224 994 λίαν
1263 941 1534 1013 ἀσμένως,
1566 943 1600 1012 ἠ
1622 941 1680 1009 ἐξ
1705 942 1874 996 ἐθνῶν

302 1032 622 1103 Ἐκκλησία.
662 1032 918 1102 Ἔρχεται
970 1030 1027 1085 δὲ
1073 1033 1153 1095 είς
1180 1033 1308 1096 τοὺς
1340 1034 1547 1104 γάμους
1575 1034 1674 1088 οὐκ
1715 1034 1874 1089 αὑτό⁴

292 1121 459 1190 μολος
481 1125 509 1176 6
535 1123 726 1193 Σωτήρ
752 1139 765 1153 ·
791 1122 1011 1186 πολλαῖς
1038 1122 1149 1193 γὰρ
1177 1123 1347 1191 ἀγίων
1371 1124 1614 1178 ὲκαλεῖτο
1648 1127 1870 1194 φωναῖς.

302 1212 446 1266 Ἀλλ’
474 1208 614 1276 οἶνος
645 1211 973 1267 ἐπιλελοίπει
1003 1213 1129 1277 τοὺς
1163 1214 1556 1285 ἑστιωμένουςο
1590 1215 1740 1269 οὐδὲν
1765 1214 1874 1286 γὰρ

289 1304 611 1358 ἐτελείωσεν
654 1305 684 1357 6
728 1304 887 1375 νόμος
909 1346 924 1371 ,
954 1305 1055 1359 οὐκ
1084 1304 1307 1376 ἑξήρκει
1340 1305 1476 1376 πρὸς
1520 1305 1581 1358 τὸ
1607 1306 1874 1379 εὐφρᾶναι

286 1394 515 1457 τελείως
544 1395 605 1448 τὸ
630 1396 864 1467 γράμμα
892 1395 952 1449 τὸ
990 1395 1317 1449 Μωσαῖκόν·
1355 1395 1472 1449 ἀλλ’
1506 1396 1627 1450 οὐδὲ
1655 1396 1787 1450 αὐτὸ
1812 1396 1875 1450 τὸ

288 1487 394 1555 τῆς
423 1485 668 1556 ἐμφύτου
691 1486 907 1557 νήψεως
933 1486 1131 1558 μέτρον
1149 1529 1163 1551 ,
1189 1488 1270 1550 είς
1292 1487 1355 1540 τὸ
1384 1486 1641 1540 δύνασθαι
1673 1487 1874 1541 διασώ-

290 1576 409 1640 ζειν
433 1578 581 1648 ἡμᾶς
624 1576 936 1641 ἐξετείνετο.
967 1576 1177 1631 Οὐκοῦν
1206 1578 1405 1649 ἀληθὲς
1431 1577 1498 1633 ἀν
1540 1579 1623 1649 εἴη
1651 1579 1745 1633 καὶ
1786 1580 1873 1649 ἐφ’

289 1666 474 1737 ⁴ἡμῶν,
510 1667 571 1720 τὸ
590 1708 606 1734 ,
634 1664 774 1721 οἶνον
805 1668 907 1722 οὐκ
948 1668 1159 1739 ἔχουσιν
1183 1710 1197 1734 ,
1223 1671 1395 1722 είπεῖν
1418 1684 1431 1697 °
1461 1671 1490 1723 6
1525 1668 1583 1723 δὲ
1620 1670 1871 1724 πλουσιὸ-

1975 574 2208 644 gentium
2238 582 2344 640 est,
2377 580 2437 627 ut
2470 572 2546 627 ait
2574 574 2840 644 propheta
2870 574 2938 630 ".
2973 572 3111 629 Illud
3143 589 3276 632 sane
3329 585 3543 650 perspi-

1976 678 2140 718 cuum
2189 670 2306 728 est,
2356 662 2668 720 Iudaeorum
2706 662 3050 737 Synagogam
3090 681 3352 737 sponsum
3390 670 3542 725 illum

1976 755 2253 812 cmlestem
2274 754 2567 826 repulisse,
2589 755 2686 811 sed
2711 755 2780 810 ab
2802 756 3041 811 Ecclesia
3064 758 3310 828 gentium
3335 760 3543 815 lubenti

1975 846 2160 901 animo
2203 855 2539 916 susceptum.
2597 844 2716 900 Non
2762 848 2909 901 venit
2944 856 3126 904 autem
3181 847 3434 905 Salvator
3477 852 3545 905 ad

1974 939 2220 1010 nuptias,
2260 954 2369 993 non
2406 939 2732 1007 concupitus
2763 952 2779 991 :
2825 940 3011 995 multis
3048 942 3193 995 enim
3231 951 3543 997 sanctorum

1974 1030 2203 1086 vocibus
2247 1036 2334 1085 est
2383 1031 2694 1085 invocatus.
2736 1028 3007 1085 Creterum
3049 1031 3237 1087 vinum
3265 1073 3280 1098 ,
3326 1036 3501 1105 inquit
3527 1073 3542 1097 ,

1975 1117 2175 1175 defecit
2206 1119 2489 1176 convivas.
2532 1117 2680 1174 Nihil
2719 1119 2863 1175 enim
2911 1120 2999 1175 lex
3046 1122 3279 1190 perfecit
3307 1124 3394 1176 ":
3437 1139 3543 1180 non

1974 1210 2279 1268 subiciebat
2324 1210 2395 1266 ad
2437 1210 2740 1282 perlectam
2781 1208 3024 1265 laetitiam
3056 1211 3321 1280 scriptum
3349 1212 3547 1268 Mosai-

1974 1319 2102 1360 cum
2131 1321 2147 1372 ;
2198 1303 2293 1360 sed
2340 1319 2519 1374 neque
2551 1303 2671 1374 ipsa
2704 1301 2886 1358 insita
2918 1303 3301 1373 naturalisque
3335 1305 3545 1360 sobrie-

1974 1395 2105 1452 tatis
2139 1396 2278 1450 ratio
2314 1395 2479 1451 saluti
2507 1393 2799 1449 aderendae
2833 1407 2935 1465 par
2962 1401 3099 1449 erat.
3130 1393 3315 1461 Quare
3345 1394 3415 1451 de
3448 1412 3546 1451 no-

1972 1485 2060 1541 bis
2086 1500 2214 1541 vere
2241 1500 2463 1556 quoque
2518 1484 2628 1540 dici
2665 1491 2885 1554 potest,
2931 1484 3120 1539 vinum
3153 1500 3265 1540 non
3295 1487 3496 1541 habent
3526 1503 3543 1543 :

1975 1576 2074 1632 sed
2124 1575 2678 1631 muniﬁcentissimus
2733 1573 2878 1630 Deus
2928 1583 3117 1629 noster
3155 1589 3264 1629 non
3310 1575 3546 1646 despicit

1973 1666 2244 1722 bonorum
2280 1666 2508 1737 penuria
2535 1665 2871 1721 laborantem
2900 1674 3171 1720 naturam.
3201 1662 3400 1720 Vinum
3441 1681 3545 1720 no-

288 1759 468 1829 δωρος
498 1758 660 1829 ἡμῶν
682 1758 834 1824 Θεὸς,
862 1759 923 1813 ού
953 1760 1184 1831 περιορᾷ
1218 1761 1284 1831 τῇ
1318 1759 1427 1813 τῶν
1453 1760 1671 1829 ἀγαθῶν
1696 1762 1869 1833 ἐνδείᾳ

1974 1756 2061 1812 bis
2096 1755 2265 1828 priori
2299 1756 2473 1810 multo
2503 1756 2850 1826 praestantius
2876 1756 3094 1810 obtulit.
3126 1772 3145 1806 ι
3177 1752 3381 1811 Littera
3399 1755 3543 1810 enim

288 1822 627 1919 τρίδομένην
657 1848 756 1919 τὴν
788 1822 970 1917 φύσιν.
993 1822 1308 1920 όῐνοννημῖν
1332 1822 1579 1914 ἀπέδειξε
1606 1850 1699 1904 τοῦ
1724 1822 1869 1923 πρῶἰ

1977 1822 2198 1911 occidit,
2223 1848 2449 1918 spiritus
2473 1822 2652 1902 autem
2671 1846 2912 1902 viviﬁcat
2941 1848 3007 1901 ⁷⁷.
3040 1866 3058 1899 ι
3096 1846 3256 1917 138
3280 1846 3544 1902 Praeterea

289 1956 389 1993 του
442 1939 687 2010 βελτίονα
709 1956 723 1971 ’
760 1959 779 1992 ι
816 1940 890 1993 Τὸ
925 1942 1032 2012 γάρ
1066 1941 1298 2012 γράμμα
1334 1944 1675 2008 ἀποκτείνει,
1709 1946 1769 1999 τὸ
1814 1946 1871 1998 δὲ

291 2031 515 2100 πνεῦμα
564 2030 877 2095 ζωοποιεῖοι
906 2033 998 2084 καὶ
1034 2033 1064 2083 6
1103 2032 1204 2103 μὲν
1236 2033 1399 2104 νόμος
1425 2036 1525 2088 οὐκ
1560 2036 1672 2106 ἔχει
1698 2036 1757 2090 τὸ
1782 2036 1872 2089 τέ-

291 2122 435 2175 λειον
464 2124 520 2177 ἐν
553 2120 807 2191 ἀγαθοῖς·
848 2123 916 2176 τὰ
944 2123 1002 2176 δὲ
1033 2122 1149 2177 θεῖα
1175 2124 1277 2193 τῆς
1318 2126 1677 2197 εὐαγγελικῆς
1722 2127 1873 2182 διδα-

292 2211 526 2275 σκαλίας
556 2212 921 2284 παιδεύματα,
962 2215 1343 2288 πληρεστάτην
1370 2217 1611 2286 εἰσφέρει
1642 2217 1741 2289 τὴν
1786 2218 1873 2271 εύο

290 2304 503 2373 λογίαν.
547 2306 829 2376 Θαυμάζει
857 2307 913 2360 δὲ
936 2308 1028 2361 τὸν
1069 2305 1212 2363 οἶνον
1236 2312 1264 2363 6
1284 2311 1682 2383 ἀρχιτρίκλινος
1702 2328 1718 2344 ο
1742 2311 1871 2365 ἔκα-

290 2413 420 2460 στος
449 2395 557 2468 γάρ
576 2438 590 2461 ,
620 2393 774 2467 οἶμαι
800 2440 816 2466 ,
842 2398 952 2453 τῶν
996 2402 1075 2464 είς
1113 2401 1212 2473 τὴν
1268 2402 1418 2457 θείαν
1462 2403 1870 2475 ἀρχιερωσύνην

288 2490 812 2559 κατατεταγμένων,
847 2492 942 2545 καὶ
983 2494 1431 2563 πεπιστευμένων
1475 2494 1565 2548 τὸν
1594 2490 1742 2549 οῐκον
1774 2493 1867 2548 τοῦ

288 2577 544 2649 Σωτῆρος
575 2582 730 2651 ἡμῶν
753 2582 1015 2654 Χριστοῦ,
1037 2584 1127 2637 τὸν
1153 2586 1291 2657 ὑπὲρ
1322 2586 1487 2656 νόμου
1513 2586 1676 2641 αὐτοῦ
1700 2605 1868 2642 κατα-

287 2669 589 2739 πλήττεται
636 2672 813 2742 λόγον.
864 2674 1073 2746 Πρώτῳ
1121 2676 1178 2729 δὲ
1219 2676 1369 2747 αύτῷ
1402 2677 1610 2731 κελεύει
1650 2678 1866 2749 δοθῆναι

286 2758 545 2830 Χριστὸς,
571 2762 652 2815 ὅτι
681 2763 821 2817 κατά
848 2764 948 2835 τὴν
978 2765 1071 2817 τοῦ
1106 2766 1318 2818 Παύλου
1345 2767 1549 2837 φωνὴν,
1584 2786 1602 2818 ι
1640 2768 1744 2821 Τὸν
1778 2785 1869 2821 κο-

1974 1940 2061 1995 lex
2085 1941 2352 1994 bonorum
2388 1936 2779 2007 perfectionem
2812 1952 2921 1992 non
2957 1937 3148 2002 habet,
3184 1936 3282 1993 sed
3311 1951 3546 2007 evangeo

1974 2032 2081 2085 lica
2113 2030 2367 2085 doctrina
2410 2028 2787 2100 plenissimam
2832 2028 3273 2083 benedictionem
3312 2028 3543 2084 invehit.

1975 2122 2398 2177 Architriclinus
2424 2121 2607 2175 vinum
2636 2118 2768 2175 illud
2800 2119 3034 2174 miratur
3064 2136 3078 2175 :
3109 2117 3339 2189 quilibet
3367 2118 3537 2181 enim,

1975 2218 2173 2287 opinor
2198 2258 2212 2281 ,
2250 2230 2441 2271 eorum
2469 2214 2563 2285 qui
2598 2213 2654 2267 in
2685 2211 2974 2284 pontiﬁces
3008 2211 3246 2267 ordinati
3277 2219 3439 2278 sunt,
3490 2218 3547 2266 et

1971 2309 2174 2380 quibus
2205 2308 2415 2362 credita
2441 2316 2523 2363 est
2544 2306 2742 2361 domus
2773 2302 2980 2359 Christi
3014 2302 3189 2358 nostri
3215 2302 3545 2367 Salvatoris,

1971 2402 2093 2473 ejus
2117 2402 2425 2456 doctrinam
2458 2415 2569 2470 [me
2602 2398 2721 2468 lege
2754 2396 3100 2452 vehementer
3130 2394 3417 2451 mirantur.
3462 2394 3547 2448 Illi

1972 2503 2152 2548 autem
2186 2490 2437 2547 Christus
2464 2490 2698 2560 primum
2726 2487 3005 2558 propitiari
3031 2486 3209 2557 jubet,
3237 2487 3363 2555 quia
3389 2485 3546 2556 juxta

1971 2581 2123 2636 Pauli
2156 2579 2483 2635 sententiam
2518 2618 2533 2643 ,
2569 2597 2587 2629 c
2622 2576 2982 2631 Laborantem
3010 2575 3301 2646 agricolam
3329 2583 3548 2645 Oportet

1973 2675 2209 2744 primum
2243 2672 2310 2725 de
2341 2670 2611 2725 fructibus
2636 2672 2920 2739 percipere
2943 2668 3009 2721 ⁷⁸.
3051 2684 3072 2723 ι
3114 2665 3330 2722 Rursus
3362 2674 3546 2721 autem

1976 2766 2156 2836 capiat
2188 2764 2406 2819 auditor
2435 2777 2556 2833 quae
2587 2762 2732 2816 dico.
2774 2779 2794 2813 ι

286 2848 503 2902 πιῶντα
531 2855 796 2921 γεωργεῖν
827 2852 989 2923 [υιιίθ.
1017 2854 1284 2926 γεωργὸν]
1310 2855 1423 2921 δεῖ,
1459 2856 1675 2924 πρῶτον
1714 2857 1823 2910 τῶν
1861 2855 2089 2928 καρπῶν
2122 2852 2579 2924 μεταλαμϐάνειν.
2616 2868 2636 2903 ι
2668 2851 2776 2903 Καὶ
2802 2850 2991 2903 νοείτω
3020 2848 3184 2903 πάλιν
3208 2851 3236 2902 6
3272 2848 3549 2921 ἀκροατὴς

282 2953 314 3006 δ
344 2942 512 3009 λέγω.

358 3035 473 3085 Καὶ
513 3050 690 3102 super
728 3036 798 3088 ἐν
831 3035 912 3101 τῷ
951 3034 1084 3104 ἱερῷ
1119 3036 1261 3103 τοὺς
1304 3039 1657 3106 πωλοῦντας
1690 3041 1866 3106 βόας,

284 3124 389 3176 καί
420 3125 702 3191 πρόϐατα,
734 3126 831 3179 καί
877 3126 1252 3196 περιστερὰς,
1277 3130 1376 3182 καὶ
1425 3131 1567 3197 τοὺς
1600 3148 1870 3201 κερματι-

283 3211 443 3276 στὰς
474 3212 846 3281 καθημένους

373 3301 774 3370 Ἑξελέγχονται
827 3302 991 3356 πάλιν
1016 3344 1030 3369 ,
1065 3305 1160 3357 καὶ
1211 3304 1299 3357 διὰ
1362 3322 1564 3359 τουτων
1625 3308 1868 3362 Ἰουδαῖοι

282 3393 396 3447 τῶν
451 3392 713 3447 δοθέντων
770 3395 953 3460 αὐτοῖς
999 3397 1463 3468 ὑπερφρονοῦντες
1509 3400 1721 3470 νόμων,
1776 3404 1869 3455 καὶ

284 3484 632 3556 γραμμάτων
662 3486 759 3555 μὲν
784 3487 1093 3540 Μωσαῖκῶν
1122 3488 1311 3542 οὐδένα
1348 3490 1656 3561 ποιούμενοι
1688 3492 1865 3561 λόγον,

284 3580 367 3641 είς
398 3578 567 3649 μόνην
610 3579 665 3632 δὲ
696 3579 984 3649 βλέποντες
1020 3582 1119 3653 τὴν
1161 3583 1525 3655 φιλοκερδίαν.
1563 3588 1868 3658 Προκαθαί-

290 3669 481 3741 ρεσθαι
531 3671 640 3741 γάρ
697 3671 838 3725 κατά
875 3672 1156 3736 ποικίλους
1186 3674 1420 3744 τρόπους
1444 3675 1534 3729 τοῦ
1565 3678 1728 3749 νόμου
1770 3696 1865 3732 κε·-

282 3758 537 3824 λεύοντος
562 3761 691 3824 τοὺς
727 3762 885 3832 οἵπερ
916 3761 1140 3832 ἔμελλον
1171 3765 1252 3827 είς
1289 3764 1382 3817 τὸν
1421 3765 1562 3820 θεῖον
1592 3768 1864 3840 ἀναϐήσε-

284 3849 478 3904 σεσθαι
508 3850 635 3903 ναὸν
655 3891 671 3916 ,
702 3852 1166 3923 ἀργυραμοιδοὺς,
1198 3855 1316 3925 ἦτοι
1352 3859 1747 3927 κερματιστὰς,
1772 3860 1866 3913 καὶ

283 3942 506 4013 ἑτέρους
550 3943 643 3996 ἐπὶ
689 3943 931 4009 τούτοις,
966 3942 1048 4008 οἷς
1080 3946 1364 4015 πλεονεξία
1401 3949 1461 4002 τὸ
1503 3950 1861 4021 ἐπιτήδευμα,

282 4036 381 4087 καὶ
405 4033 582 4098 τόκος,
606 4035 701 4089 καὶ
744 4035 1101 4106 πλεονασμὸς,
1130 4039 1186 4090 ἐν
1219 4038 1535 4110 ἐπιθυμίαις
1573 4058 1586 4071 ·
1608 4041 1728 4105 ὃλος
1756 4042 1863 4113 γάρ

282 4125 345 4177 ὲν
374 4124 587 4189 τούτοις
614 4128 642 4180 6
669 4125 780 4179 τῶν
826 4126 1083 4200 ἐμπόρων
1119 4130 1319 4194 σκοπὸς
1365 4132 1694 4186 συντείνεται
1718 4151 1731 4164 υ
1764 4132 1863 4204 τὴν

282 4215 449 4284 ἁγίαν
485 4218 962 4287 καταμολύναντας
992 4220 1091 4274 οὐκ
1116 4222 1376 4291 ἀπεῖργον
1400 4222 1588 4293 αὐλὴν,
1618 4224 1865 4289 ἀνίπτοις

277 4308 340 4360 δὲ
370 4306 557 4379 ὥσπερ
587 4312 667 4373 είς
697 4310 867 4379 αὐτὴν
894 4312 1120 4368 είσιέναι
1149 4315 1298 4378 ποσὶ,
1319 4314 1413 4367 καὶ
1446 4315 1603 4368 αὐτοὶ
1637 4315 1702 4386 δὴ
1726 4317 1861 4370 πάν-

277 4416 392 4463 τως
421 4401 729 4465 ἐπέταττον,
758 4404 808 4455 οἱ
836 4403 1154 4458 διακωλύειν
1182 4404 1454 4474 ίσχύοντες
1473 4421 1488 4436 ο
1528 4406 1614 4458 ἴνα
1641 4406 1707 4477 δὴ
1739 4407 1864 4476 φαί-

2046 3038 2130 3101 11,
2176 3038 2266 3091 14.
2319 3034 2387 3089 Et
2427 3036 2618 3089 invenit
2648 3035 2703 3087 in
2732 3034 2923 3102 templo
2962 3033 3236 3088 uendentes
3281 3032 3429 3087 boves
3450 3073 3466 3099 ,
3494 3041 3546 3089 et

1975 3146 2090 3184 oves
2111 3169 2127 3195 ,
2166 3138 2214 3181 et
2246 3125 2516 3181 columbas
2536 3164 2552 3190 ,
2581 3133 2631 3179 et
2658 3123 3042 3178 nummularius
3072 3122 3330 3177 sedentes.

2039 3328 2256 3383 Rursus
2302 3333 2610 3397 arguuntur
2659 3324 2824 3379 etiam
2872 3324 3001 3379 hinc
3048 3322 3220 3380 Judzci
3254 3326 3400 3397 leges
3432 3328 3540 3383 sibi

1942 3421 2127 3493 ‘datas
2156 3426 2527 3481 contemnere,
2561 3424 2615 3471 et
2642 3415 2850 3486 scripta
2883 3414 3119 3471 Mosaica
3148 3418 3306 3471 nihili
3340 3419 3537 3482 facere,

1969 3512 2061 3568 sed
2086 3509 2319 3581 quaestui
2358 3507 2737 3562 tantummodo
2776 3506 3014 3562 studere.
3066 3507 3202 3563 Cum
3244 3512 3391 3565 enim
3449 3512 3540 3567 lex

1968 3601 2286 3671 praeciperet
2318 3600 2668 3669 ingrcssuros
2714 3597 2805 3653 Dei
2867 3600 3127 3669 templum
3178 3601 3336 3670 prius
3370 3602 3538 3658 variis

1968 3696 2143 3748 modls
2186 3690 2447 3757 lustrari,
2480 3690 2820 3758 argentarios
2863 3690 2980 3745 sive
3034 3692 3436 3748 nummularios
3483 3700 3539 3748 et

1968 3780 2019 3835 id
2047 3796 2220 3851 genus
2252 3780 2390 3835 alios
2420 3779 2670 3834 homines
2691 3820 2706 3843 ,
2733 3779 2827 3849 qui
2862 3779 3014 3833 lucro
3034 3821 3048 3844 ,
3086 3779 3259 3836 fenori
3282 3822 3296 3845 ,
3328 3791 3382 3837 et
3409 3798 3538 3838 coa-

1965 3872 2251 3925 cervandaz
2284 3871 2526 3940 pecuniae
2560 3870 2659 3924 toti
2688 3870 2914 3926 student
2973 3870 3053 3940 (is
3087 3871 3232 3926 enim
3269 3882 3538 3929 mercato-

1966 3963 2119 4017 ribus
2150 3976 2350 4032 scopus
2377 3976 2521 4017 unus
2546 3970 2627 4015 est
2656 3961 3011 4031 prepositus),
3046 3970 3300 4016 sanctum
3335 3965 3534 4019 atrium

1968 4050 2320 4119 inquinantes
2349 4066 2457 4104 non
2484 4049 2765 4115 arcebant,
2801 4050 2897 4105 sed
2933 4050 3103 4106 illotis
3128 4054 3535 4122 quodammodo

1966 4136 2194 4205 pedibus
2226 4135 2452 4191 introire
2483 4136 2589 4207 ipsi
2620 4137 2810 4207 utique
2842 4136 3106 4206 jubebant
3131 4180 3146 4202 ,
3183 4142 3387 4211 quibus
3417 4152 3535 4198 erat

1965 4226 2181 4280 vetandi
2225 4236 2468 4294 potestas
2492 4266 2507 4291 ,
2547 4233 2623 4284 uti
2653 4226 2720 4282 de
2752 4226 2820 4281 iis
2851 4242 2976 4281 vere
3008 4227 3213 4282 dictum
3246 4244 3275 4282 a
3309 4230 3421 4286 Deo
3453 4233 3534 4286 vi-

1964 4317 2184 4372 deatur:
2216 4336 2233 4369 ι
2255 4318 2516 4372 Pastores
2544 4317 3069 4387 multidisruperunt
3095 4318 3308 4373 vineam
3335 4336 3529 4387 meam,

1964 4409 2275 4478 polluerunt
2298 4416 2502 4478 partem
2522 4422 2718 4470 meam,
2736 4408 3006 4463 dederunt
3028 4409 3330 4477 portionem
3358 4428 3532 4467 meam

278 4508 443 4562 νηται
463 4491 637 4561 λέγων
658 4492 834 4565 ἀληθῆ
860 4495 987 4566 περὶ
1009 4494 1187 4548 αὐτῶν
1206 4497 1235 4548 6
1262 4494 1414 4557 Θεὸς,
1433 4496 1515 4549 ὅτι
1542 4514 1561 4547 ι
1599 4496 1861 4567 Ποιμένες

1970 4498 2382 4554 desiderabilem
2421 4498 2475 4552 in
2518 4498 2795 4552 desertum
2848 4499 3085 4563 invium,
3137 4500 3310 4570 posita
3354 4510 3438 4557 est
3475 4503 3532 4557 in

278 4542 1859 4657 sua3;;,'e;‘..;;.s;*agas;ignigamxxg;

1970 4542 2382 4554 ..-.....-.-....-...
2520 4542 2795 4552 ...ηπ-...η
2848 4542 3085 4563 ..........,
3138 4542 3310 4570 ,.........
3354 4542 3438 4557 ν...

1970 4590 2377 4659 dissipationem
2409 4589 2736 4659 perditionis
2760 4590 2848 4643 ὀἳ
2885 4609 2903 4641 ι
2952 4589 3218 4660 Corrupta
3249 4592 3397 4645 enim
3447 4601 3532 4647 est

274 4673 646 4743 κληρονομίαν
677 4691 799 4743 μου,
831 4674 1037 4728 ἔδωκαν
1060 4675 1253 4746 μερίδα
1281 4674 1620 4748 ἐπιθυμητήν
1657 4694 1758 4747 μου
1780 4680 1859 4741 είς

1970 4690 2112 4736 certe
2142 4684 2298 4735 vinea
2334 4680 2588 4743 Domini,
2630 4695 2750 4749 quae
2781 4680 3021 4735 divinum
3052 4682 3259 4735 cultum
3298 4682 3529 4736 concul-

272 4762 482 4835 ἔρημον
516 4764 740 4829 ἄϐατον,
783 4766 1016 4837 ἐγενήθη
1046 4768 1128 4830 είς
1166 4767 1471 4837 ἀφανισμὸν
1508 4769 1802 4833 ἀπωλείας.
1832 4789 1850 4822 ι

1970 4788 2090 4827 care
2140 4772 2377 4835 didicit,
2434 4786 2500 4826 ac
2546 4772 2692 4841 turpi
2751 4779 2964 4842 quaastu
3014 4773 3433 4843 praepositorum
3474 4774 3531 4831 in

269 4853 551 4925 Διεφθάρη
595 4855 704 4926 γάρ
747 4855 916 4919 ὅντως
949 4858 978 4909 6
1016 4856 1337 4920 δεσποτικὸς
1375 4858 1659 4928 ἀμπελὼν,
1692 4859 1854 4925 σίδας

1970 4863 2211 4933 quamvis
2240 4862 2567 4933 ignorantiae
2595 4863 2909 4917 vastitatem
2938 4863 3194 4919 incurrit.

273 4948 375 5017 μὲν
404 4948 537 5000 αὐτὸ
563 4947 625 5001 τὸ
656 4950 784 5020 περὶ
815 4948 875 5002 τὸ
904 4951 1045 5005 θεῖον
1079 4954 1268 5006 πατεῖν
1298 4951 1701 5024 διδασκόμενος,
1732 4958 1851 5019 ταῖς
1887 4955 1943 5009 δὲ
1967 4957 2076 5011 τῶν
2100 4956 2514 5029 προεστηκότων
2542 4956 2977 5028 αίσχροκερδίαις
3031 4957 3111 5020 είς
3165 4958 3344 5011 πᾶσαν
3364 4958 3530 5011 ἀπαι-

268 5042 491 5097 δευσίαν
519 5044 822 5115 ἀποχερσού
831 5063 1009 5117 μενος.

261 5166 268 5211 ς
340 5132 451 5186 Καὶ
474 5134 735 5203 ποιήσας
775 5137 854 5201 ὠς
886 5137 1253 5206 φραγέλλιον
1289 5139 1356 5195 ἐκ
1388 5142 1676 5211 σχοινίων
1700 5142 1853 5197 πάν-

2033 5142 2095 5209 11,
2140 5139 2341 5206 15,16.
2372 5139 2443 5194 Et
2475 5156 2592 5194 cum
2619 5140 2825 5209 fecisset
2855 5140 3010 5209 quasi
3042 5138 3312 5209 ﬂagellum
3345 5139 3409 5193 de
3439 5140 3527 5209 fu-

248 5196 379 5286 Ῐτας
409 5196 801 5285 ἐξέϐαλεν-ἐκ
828 5196 948 5281 ’τὲὲ
982 5196 1143 5295 lepor?
1162 5268 1177 5291 ,
1204 5228 1279 5282 τά
1318 5247 1383 5284 τε
1425 5196 1710 5298 ἓρόόατα,
1754 5196 1853 5285 καὶ

1970 5196 2173 5297 uiculis,
2203 5249 2379 5287 omnes
2412 5233 2558 5302 ejecit
2588 5233 2651 5286 de
2682 5231 2895 5299 templo,
2920 5246 3034 5285 oues
3058 5245 3256 5300 quoque
3275 5238 3324 5285 et
3351 5230 3523 5296 bores,

263 5312 413 5377 τοὺς
439 5313 596 5379 ,ϐὅας
618 5354 634 5381 ,
659 5314 759 5369 καὶ
796 5316 914 5369 τῶν
951 5318 1365 5374 κολλυϐιστῶν
1391 5320 1596 5391 ἐξέχεε
1622 5324 1689 5377 τὸ
1720 5325 1852 5395 κέρ-

1970 5335 2005 5381 et
2036 5325 2516 5379 nummulariorum
2540 5322 2727 5392 effudit
2756 5339 2859 5387 ws,
2920 5330 2970 5376 et
3009 5337 3214 5375 mensas
3249 5321 3521 5380 subvertit.

260 5417 382 5474 μα,
413 5405 511 5459 καί
551 5405 659 5473 τὰς
702 5408 989 5477 τραπέζας
1021 5408 1374 5480 ἀνέστρεψε.
1428 5414 1535 5468 Καὶ
1576 5414 1702 5483 τοῖς
1743 5417 1850 5486 τὰς

1970 5415 2026 5471 Et
2058 5416 2140 5470 his
2170 5417 2260 5487 qui
2292 5414 2561 5471 columbas
2590 5412 2915 5477 vendebant,
2949 5410 3133 5465 dixit:

264 5496 623 5563 περιστερὰς
650 5498 965 5553 πωλοῦσιν
988 5496 1177 5555 εἶπεν.

349 5582 675 5649 Ἀγανακτεῖ
717 5586 817 5658 μὲν
868 5586 1089 5653 εἰκότως
1133 5590 1229 5644 ἐπὶ
1276 5592 1399 5657 ταῖς
1427 5594 1537 5647 τῶν
1581 5594 1844 5652 Ἰουδαίων

265 5694 537 5829 10⁷⁷³⁵116³.
571 5715 648 5767 Ix,
686 5700 754 5766 ιτ
791 5700 982 5759 Matth.
1025 5719 1097 5772 tv,
1142 5705 1230 5761 15.
1354 5708 1403 5739 ⁷⁸
1434 5705 1600 5765 Hebr.
1644 5724 1741 5778 vn,
1773 5710 1859 5768 l9.

2024 5596 2220 5650 Merito
2245 5594 2465 5666 quidem
2504 5593 2756 5649 Salvator
2802 5591 2873 5646 ob
2899 5590 3211 5649 Iudaeorum
3242 5592 3519 5648 vesaniam

1970 5712 2011 5741 ⁷⁷
2039 5707 2083 5763 11
2113 5708 2239 5766 Cor.
2272 5723 2354 5775 ιιι,
2382 5706 2434 5761 6.
2545 5706 2591 5737 ⁷⁸
2616 5702 2658 5759 11
2683 5703 2824 5761 Tim.
2858 5720 2919 5773 ll,
2953 5703 3004 5759 6.
3108 5704 3155 5738 τ’
3181 5702 3382 5764 Jercm.
3419 5718 3516 5767 xu,
