4118 6566
598 357 703 411 231

1614 351 1673 404 S.
1712 350 1990 406 εγιιιιιι
2029 348 2498 406 ALEXANDRINI
2538 349 2856 406 AliCillEP.

3753 358 3864 414 232

598 466 935 533 indignatur.
976 463 1091 533 Non
1116 462 1261 517 enim
1293 461 1576 530 Oportebat
1627 462 1719 517 Dei
1770 464 2031 533 templum
2083 464 2175 519 do-

2287 462 2562 527 ἀπονοίαις
2612 464 2640 515 ὁ
2685 465 2893 535 Σωτήρ.
2943 466 3017 518 Οὐ
3071 467 3181 538 γάρ
3228 463 3375 524 οἷκον
3431 473 3696 545 ἐμπορίου
3771 479 3867 531 τδν

603 575 751 611 mum
801 555 1193 627 negotiationis
1236 553 1350 607 ﬁeri
1377 594 1391 617 ,
1438 555 1534 609 sed
1581 556 1871 611 orationis.
1910 557 2001 610 Sic
2033 559 2179 610 enim

600 649 867 717 scriptum
915 655 998 701 est
1018 646 1087 699 ⁸⁸.
1137 642 1257 697 Non
1294 643 1461 697 nudis
1489 652 1670 698 autem
1706 645 1886 701 verbis
1916 645 2182 700 duntaxat

601 739 768 792 animi
804 739 886 793 sui
917 736 1342 791 commotionem
1373 733 1554 803 prodit
1581 776 1598 802 ,
1647 735 1744 790 sed
1778 736 2099 792 verberibus
2128 742 2183 790 et

604 830 775 899 ﬂagro
829 830 1005 884 sacris
1045 828 1202 898 139
1233 827 1472 882 aditibus
1523 828 1814 891 exturbat,
1857 828 2179 882 servitutem

601 921 654 972 in
690 936 781 973 eos
814 919 940 986 jure
972 935 1069 988 pro
1107 934 1263 987 paena
1295 926 1547 973 statuens
1569 959 1584 983 ,
1619 926 1807 987 utpote
1837 918 1929 988 qui
1964 918 2184 972 liberta-

604 1013 673 1065 tis
701 1021 1028 1066 assertorem
1061 1009 1258 1063 Filium
1299 1026 1398 1079 per
1441 1010 1601 1065 ﬁdem
1635 1010 1916 1078 suscipere
1954 1024 2181 1065 recusa-

605 1104 712 1155 turi
743 1112 948 1158 essent.
978 1103 1109 1157 Vide
1136 1118 1298 1173 porro
1326 1110 1588 1172 tauquam
1618 1104 1673 1157 in
1707 1103 1946 1172 imagine
1974 1102 2183 1157 descri-

605 1200 755 1262 ptum
800 1192 932 1247 illud
977 1191 1134 1247 Pauli
1171 1193 1417 1248 dictum:
1466 1213 1483 1245 ι
1534 1192 1591 1248 Si
1621 1194 1746 1264 quis
1790 1193 2049 1265 templum
2084 1193 2181 1249 Dei

605 1284 925 1345 violaverit,
960 1283 1240 1353 disperdet
1268 1300 1392 1339 eum
1432 1284 1575 1340 Deus
1603 1284 1670 1338 ⁸⁸.
1702 1303 1720 1335 ι

676 1375 720 1428 ll
749 1417 763 1439 ,
807 1374 890 1428 16.
948 1375 1167 1444 Auferte
1194 1377 1297 1429 ista
1327 1376 1466 1439 hinc,
1496 1386 1544 1429 et
1576 1378 1735 1431 nolite
1764 1376 1936 1445 facere
1969 1377 2183 1432 domum

606 1466 792 1521 Putris
820 1467 919 1519 mei
944 1508 959 1531 ,
993 1467 1206 1520 domum
1234 1469 1626 1537 negotiationis.

687 1558 907 1611 Mandat
941 1557 1159 1627 quidem
1192 1566 1249 1612 ut
1280 1558 1549 1615 Dominus
1572 1597 1588 1623 ,
1630 1560 1697 1614 ad
1730 1560 1963 1615 ol'licium
2000 1568 2182 1615 autem

607 1648 956 1711 manuducit,
1015 1657 1075 1702 ut
1124 1650 1426 1720 magister,
1477 1659 1533 1706 et
1603 1661 1965 1722 praeterquam
2036 1652 2181 1721 quod

605 1741 874 1812 castigat,
902 1740 1101 1796 delicta
1130 1742 1306 1811 aperit
1331 1780 1347 1807 ,
1391 1750 1446 1796 et
1477 1757 1666 1797 eorum
1693 1743 1899 1813 pudore
1929 1759 2053 1799 eum
2090 1743 2182 1813 qui

604 1835 854 1908 punitur,
889 1835 1012 1906 angi
1046 1850 1155 1889 non
1189 1834 1344 1888 sinit.
1380 1832 1798 1889 Observandum
1826 1843 2033 1899 autem,
2060 1851 2183 1890 rur-

607 1943 702 1982 sus
749 1925 963 1982 Patrem
1027 1940 1188 1981 suum
1242 1940 1443 1980 vocare
1492 1925 1655 1980 unice
1712 1940 1780 1979 ac
1833 1924 2185 1995 peculiariter

608 2016 800 2081 Deum,
834 2024 963 2086 puta
993 2017 1139 2086 quod
1176 2016 1293 2085 ipse
1326 2017 1487 2070 etiam
1524 2016 1675 2071 solus
1699 2017 1999 2071 secundum
2035 2027 2185 2072 natu-

610 2126 728 2164 ram
763 2111 831 2167 sit
868 2125 934 2165 cx
962 2115 1103 2179 ipso,
1136 2124 1200 2163 ac
1232 2125 1357 2164 vere
1388 2109 1625 2179 genitus.
1657 2108 1791 2162 Nam
1831 2108 1878 2163 si
1914 2108 2182 2163 rationem

608 2201 771 2254 istam
816 2217 925 2254 non
984 2202 1185 2263 habet,
1230 2201 1323 2256 sed
1358 2200 1595 2256 Verbum
1642 2200 1717 2254 ita
1768 2200 2055 2256 nobiscum
2102 2208 2185 2256 est

611 2293 754 2347 [ilius
778 2334 792 2357 ,
852 2300 907 2345 ut
956 2308 1100 2350 unus
1134 2307 1199 2346 ex
1236 2292 1432 2357 nobis,
1465 2293 1758 2362 adoptione
1797 2292 2098 2357 nimirum,
2131 2302 2185 2347 et

609 2381 727 2436 sola
758 2380 935 2434 Patris
968 2372 1268 2447 voluntate,
1301 2397 1462 2451 quam
1510 2383 1580 2437 ob
1620 2398 1757 2444 rem,
1793 2397 2001 2452 quaiso,
2033 2398 2183 2437 com-

611 2486 830 2525 munem
862 2472 1008 2525 iliam
1045 2480 1099 2525 et
1125 2472 1383 2527 omnibus
1418 2473 1752 2541 propositam
1784 2472 2008 2543 gloriam
2032 2473 2184 2528 solus

610 2563 714 2617 sibi
742 2570 960 2632 arrogat
988 2579 1110 2618 cum
1146 2564 1222 2617 ait
1262 2583 1275 2619 :
1320 2563 1500 2619 Nolite
1543 2565 1723 2619 facere
1750 2565 1971 2619 domum
1999 2564 2184 2620 Patris

611 2651 748 2714 mei,
782 2667 888 2706 non
924 2663 1104 2708 autem
1136 2653 1317 2723 potius
1343 2653 1566 2707 domum
1599 2651 1780 2708 Patris
1817 2653 2039 2707 nostri?
2083 2651 2187 2709 hoc

610 2744 756 2797 enim
786 2744 969 2799 dicere
996 2745 1169 2815 magis
1196 2744 1386 2799 forsan
1414 2753 1844 2800 consentaneum
1869 2755 2019 2810 erat,
2050 2746 2095 2800 si
2127 2760 2185 2801 sc

611 2850 778 2889 tantm
813 2852 875 2889 ex
909 2835 978 2890 iis
1010 2836 1105 2907 qui
1140 2843 1336 2889 natura
1368 2850 1477 2889 non
1514 2844 1644 2890 sunt
1675 2833 1771 2888 filii
1812 2833 1906 2888 Dei
1941 2836 2183 2905 scipsum

608 2941 732 2983 esse
778 2927 1004 2981 sciebat.
1053 2926 1188 2981 Cum
1239 2934 1421 2981 autem
1486 2925 1723 2981 Verbum
1778 2926 2023 2995 seipsum
2074 2941 2182 2980 non

611 3016 754 3069 inter
783 3013 920 3069 ﬁlios
952 3029 1047 3083 per
1080 3015 1312 3085 gratiam
1341 3015 1666 3086 ascriptum,
1698 3013 1792 3070 sed
1823 3030 1890 3068 ex
1922 3015 2183 3070 substan‘a

2284 553 2424 606 θεῖον
2489 554 2654 625 ἐχρῆν
2704 556 3082 611 ἀποτελεῖσθαι
3116 559 3242 613 ναὸν
3269 600 3286 626 ,
3325 562 3442 616 ἀλλ’
3473 560 3621 620 οἷκον
3671 568 3858 638 εὐχῆς.

2283 642 2439 696 Οὕτω
2470 645 2576 713 γὰρ
2613 645 2923 715 γέγραπται
2948 665 2961 678 ⁸
2994 649 3233 704 δείκνυσι
3280 653 3336 707 δὲ
3374 656 3476 709 οὐκ
3506 660 3564 712 ἑν
3602 659 3779 727 ψιλοῖς
3803 663 3865 715 τὸ

2284 734 2487 804 κίνημα
2518 735 2714 803 λόγοις,
2741 736 2874 790 ἀλλὰ
2901 738 3153 809 πληγαῖς,
3192 743 3283 796 καὶ
3317 745 3539 816 μάστιγι
3569 749 3676 803 τῶν
3699 753 3863 822 ίερῶν

2283 823 2473 888 ἐξωθεῖ
2514 827 2832 896 περιϐόλων,
2863 828 3200 901 δουλοπρεπῆ
3249 834 3470 900 δικαίως
3512 841 3696 904 αὐτοῖς
3748 844 3861 894 ἑπιο

2282 917 2480 987 νοήσας
2510 916 2608 987 τὴν
2638 920 2907 991 τιμωρίαν
2943 935 2956 946 ·
2997 923 3058 974 οὐ
3104 924 3211 993 γὰρ
3244 925 3467 994 ἔμελλον
3499 931 3860 996 ὑποδέξασθαι

2282 1008 2373 1061 τὸν
2410 1009 2797 1082 ἐλευθεροῦντα
2828 1013 2914 1066 διὰ
2946 1014 3178 1080 πίστεως
3205 1018 3353 1073 Υἱόν.
3378 1021 3520 1092 Ὅρα
3538 1022 3594 1075 δέ
3631 1041 3725 1095 μοι
3755 1044 3858 1079 κα-

2281 1099 2389 1164 λῶς
2440 1101 2515 1165 ὠς
2568 1103 2627 1155 ἑν
2664 1104 2834 1157 εἰκόνι
2880 1107 3219 1177 πραγμάτοιν
3261 1114 3750 1185 καταγραφόμενον
3797 1119 3861 1172 τὸ

2282 1192 2373 1247 διὰ
2419 1193 2513 1246 τοῦ
2574 1194 2787 1248 Παύλου
2824 1196 3146 1268 λελεγμένον
3174 1218 3189 1233 ο
3227 1219 3247 1253 ι
3272 1203 3340 1255 Εἴ
3365 1221 3450 1268 τις
3486 1203 3580 1260 οὖν
3608 1208 3703 1261 τὸν
3732 1215 3861 1265 ναὸν

2282 1284 2378 1339 τοῦ
2411 1283 2544 1340 Θεοῦ
2568 1287 2785 1361 φθείρῃ,
2816 1289 3005 1360 φθερεῖ
3030 1291 3216 1346 τοῦτον
3248 1295 3276 1346 ό
3296 1294 3446 1359 Θεός.
3481 1315 3500 1347 ι

2357 1380 2570 1446 ’Ἄρατε
2602 1381 2789 1435 ταῦτα
2826 1380 3124 1447 ἐντεῦθεν,
3162 1384 3249 1453 μὴ
3287 1386 3509 1441 ποιεῖτε
3549 1389 3659 1443 τὸν
3688 1385 3861 1446 οἷκον

2282 1470 2388 1524 τοῦ
2419 1472 2646 1539 Πατρός
2666 1490 2808 1541 μου,
2836 1468 3003 1529 οἶκον
3029 1475 3336 1544 ἐμπορίου.

2366 1562 2671 1618 Ἐπιτάττει
2702 1565 2799 1634 μὲν
2831 1566 2905 1630 ὼς
2940 1566 3245 1638 Δεσπότης,
3279 1574 3611 1642 χειραγωγεῖ
3637 1573 3694 1627 δὲ
3721 1574 3861 1646 πρὸς

2283 1652 2345 1706 τὸ
2377 1653 2608 1724 πρέπον,
2635 1654 2709 1718 ὡς
2732 1656 3073 1725 διδάσκαλος,
3099 1660 3434 1733 παρατίθησί
3461 1680 3521 1716 τε
3544 1667 3609 1735 τῇ
3640 1665 3859 1719 κολάσει

2284 1742 2382 1814 τὴν
2413 1744 2520 1798 τῶν
2562 1749 2914 1817 πταισμάτων
2960 1750 3248 1823 ἐξήγησιν,
3297 1754 3438 1808 αἰδοῖ
3465 1758 3531 1827 τῇ
3560 1759 3689 1828 περὶ
3720 1758 3861 1811 αὐτὰ

2285 1834 2629 1904 χαλεπαίνειν
2657 1838 2756 1893 οὐκ
2793 1839 2898 1895 ἑῶν
2925 1842 3019 1895 τὸν
3058 1845 3480 1915 ἐπιτιμώμενον.
3518 1849 3859 1919 Σημειωτέον

2285 1923 2342 1977 δὲ
2393 1923 2474 1977 ὅτι
2532 1924 2692 1981 πάλιν
2738 1928 2933 1982 οἰκεῖον
2979 1931 3197 2003 Πατέρα
3243 1934 3509 1987 ἀποκαλεῖ
3554 1937 3859 2006 μοναδικῶς

2284 2013 2374 2066 τὸν
2404 2013 2567 2080 Θεὸν,
2606 2016 2680 2080 ὡς
2732 2018 2895 2081 αὐτὸς
2920 2018 2982 2090 δὴ
3005 2019 3101 2074 καὶ
3138 2020 3299 2091 μόνος
3330 2025 3358 2075 ό
3386 2023 3525 2077 κατά
3560 2025 3725 2094 φύσιν
3757 2026 3859 2077 ὐπ-

2286 2098 2467 2170 άρχων
2493 2100 2552 2166 ὲξ
2582 2101 2775 2167 αὐτοῦ,
2816 2104 2910 2157 καὶ
2939 2108 3332 2177 γεγεννημένος
3362 2108 3596 2178 άληθῶς.
3655 2111 3716 2162 Εἰ
3751 2109 3860 2181 γάρ

2288 2190 2362 2261 μὴ
2387 2192 2574 2245 τοῦτον
2600 2193 2711 2264 ἔχει
2736 2194 2827 2249 τὸν
2856 2196 3088 2266 τρόπον,
3121 2198 3236 2251 ἔστι
3265 2199 3322 2253 δὲ
3352 2198 3524 2264 οὕτως
3551 2200 3669 2271 μεθ’
3703 2202 3860 2271 ἡμῶν

2283 2285 2312 2336 ὁ
2339 2285 2509 2352 Λόγος
2527 2285 2639 2349 υἱὸς
2659 2326 2673 2350 ,
2718 2287 2792 2351 ὼς
2820 2283 2902 2351 εἷς
2926 2288 2985 2352 ἑξ
3007 2290 3191 2359 ἡμῶν,
3244 2290 3384 2344 κατὰ
3414 2291 3564 2345 θέσιν
3592 2291 3860 2363 δηλονότι,

2285 2376 2379 2429 καὶ
2419 2376 2559 2429 κατὰ
2592 2378 2752 2446 μόνον
2777 2379 2839 2431 τὸ
2883 2382 2942 2432 ὲν
2979 2380 3193 2451 θελήσει
3230 2383 3321 2436 τοῦ
3353 2384 3591 2455 Πατρὸς,
3639 2386 3764 2438 ὅτου
3796 2385 3861 2455 δὴ

2285 2465 2442 2535 χάριν
2472 2465 2533 2518 τὸ
2579 2467 2754 2520 κοινὸν
2781 2468 2950 2539 δήπου
2970 2510 2984 2532 ,
3030 2470 3123 2523 καὶ
3157 2472 3291 2524 πᾶσι
3324 2474 3683 2542 προκείμενον
3724 2472 3862 2529 καύ-

2284 2573 2465 2626 χημα,
2516 2556 2674 2627 μόνος
2703 2560 2784 2622 είς
2814 2560 3003 2615 ἑαυτὸν
3029 2562 3263 2632 ἁρπάζει
3288 2562 3460 2631 λέγων
3480 2580 3493 2595 ·
3534 2564 3629 2633 Μὴ
3652 2567 3860 2618 ποιεῖτε

2283 2646 2374 2700 τὸν
2402 2645 2547 2700 οἷκον
2572 2648 2664 2701 τοῦ
2688 2650 2897 2721 Πατρός
2924 2669 3025 2718 μου
3042 2692 3067 2719 δ
3092 2653 3186 2705 καὶ
3225 2654 3343 2723 οὐχί⁹
3377 2654 3577 2725 μᾶλλον
3598 2654 3691 2708 τὸν
3712 2650 3861 2710 οἷκον

2283 2735 2377 2787 τοῦ
2417 2736 2629 2805 Πατρὸς
2655 2737 2811 2808 ἡμῶν
2832 2755 2845 2803 ;
2870 2739 3039 2793 Τοῦτο
3063 2740 3171 2812 γάρ
3196 2737 3264 2811 ἦν
3295 2742 3422 2807 ῖσως
3442 2743 3858 2815 άκολουθότερον

2285 2826 2458 2878 εἰπεῖν
2479 2869 2494 2894 ,
2551 2826 2707 2899 εἴπερ
2734 2828 2829 2881 ἕνα
2869 2830 2975 2881 τῶν
3007 2830 3107 2883 οὐκ
3151 2831 3319 2887 ὄντων
3367 2835 3507 2888 κατὰ
3533 2834 3695 2904 φύσιν
3727 2837 3862 2890 υἱῶν

2286 2917 2379 2969 καί¹
2414 2918 2603 2971 ἑαυτὸν
2637 2916 2980 2987 ἐξηπίστατο.
3030 2922 3248 2993 Ἐπειδὴ
3282 2923 3339 2976 δὲ
3365 2925 3464 2978 οὑκ
3495 2927 3553 2977 ἐν
3582 2929 3696 2989 τοῖς
3720 2929 3861 2981 κατὰ

2286 3011 2445 3079 χάριν
2482 3011 2645 3076 υἱοῖς,
2690 3010 2808 3063 ἀλλ’
2842 3012 2906 3064 ἐκ
2950 3015 3048 3082 τῆς
3075 3014 3258 3077 οὐσίας
3305 3016 3431 3070 ὄντα
3463 3016 3556 3070 τοῦ
3602 3017 3740 3072 Θεοῦ
3768 3021 3858 3072 καὶ

611 3106 684 3158 tia
718 3104 809 3159 Dei
839 3120 901 3159 ac
931 3104 1110 3160 Patris
1156 3121 1278 3161 esse
1317 3113 1654 3177 cognoscat,
1694 3112 1849 3159 extra
1891 3121 2182 3161 numerum

2290 3097 2501 3168 Πατρὸς
2534 3098 2722 3151 ἑαυτὸν
2747 3099 2957 3167 όΛόγος
2978 3100 3107 3154 ὄντα
3133 3102 3413 3172 γινώσκει,
3437 3105 3541 3170 ἔξω
3560 3105 3669 3159 τῶν
3688 3107 3861 3161 ἄλλων

611 3198 842 3251 aliorum
876 3211 934 3250 se
975 3197 1240 3262 collocat,
1291 3194 1461 3250 Deum
1504 3211 1666 3250 suum
1712 3194 1931 3250 Patrem
1974 3213 2189 3251 nuncuo

612 3300 767 3354 paus.
806 3284 966 3340 Decet
1014 3286 1159 3340 enim
1211 3300 1306 3340 cos
1356 3285 1451 3355 qui
1508 3286 1563 3339 in
1610 3284 1845 3339 ﬁliorum
1899 3301 2185 3340 numerum

614 3373 793 3426 vocati
826 3381 977 3439 sunt,
1006 3382 1059 3428 et
1090 3373 1328 3428 ascititia
1352 3372 1619 3443 dignitate
1644 3369 1881 3441 praediti,
1917 3374 1989 3427 ita
2019 3373 2185 3429 Deum

612 3465 938 3533 compellare
986 3464 1303 3535 precando:
1368 3483 1387 3515 ι
1430 3463 1589 3519 Pater
1616 3471 1835 3527 noster,
1884 3466 1975 3535 qui
2027 3482 2086 3521 es
2132 3467 2187 3521 in

614 3556 770 3610 C(Blis
798 3556 863 3607 δ’.
897 3574 918 3608 ι
958 3554 1111 3611 Unus
1158 3564 1337 3609 autem
1374 3571 1439 3611 ac
1479 3556 1632 3611 solus
1670 3571 1736 3612 ex
1772 3572 1879 3611 uno
1914 3557 2189 3613 exsistens

618 3640 946 3712 Unigenitus
968 3684 982 3708 ,
1029 3658 1187 3698 suum
1229 3642 1444 3699 Patrem
1475 3644 1644 3700 Deum
1678 3647 1870 3700 merito
1900 3661 2188 3716 nuncupa-

616 3734 771 3787 verit.
817 3733 971 3800 Quod
1009 3735 1055 3788 si
1094 3749 1181 3790 res
1224 3736 1534 3806 propositas
1574 3738 1790 3792 acutius
1821 3738 2096 3802 scrutari,
2135 3746 2190 3794 et

615 3827 987 3894 superioribus
1013 3828 1126 3881 haec
1149 3828 1311 3882 etiam
1339 3830 1759 3884 accommodare
1790 3828 2045 3896 velimus,
2079 3830 2189 3886 alio

634 3917 799 3971 modo
834 3916 1228 3973 consideranda
1256 3925 1340 3974 est
1370 3919 1460 3973 illa
1490 3921 1673 3981 lectio,

690 4004 757 4062 Et
791 4006 989 4062 invenit
1018 4008 1072 4062 in
1096 4009 1283 4077 tempto
1315 4008 1586 4065 uendentes
1618 4010 1796 4079 boves,
1828 4020 1877 4066 et
1907 4028 2022 4066 oves
2042 4051 2057 4080 ,
2081 4020 2189 4067 etc.

687 4202 823 4258 Vide
867 4217 996 4272 ergo
1035 4217 1234 4259 rursus
1281 4210 1449 4258 totam
1496 4203 1929 4274 dispensationis
1980 4211 2187 4261 nostrae

618 4293 847 4348 formam
896 4293 1110 4348 duabus
1158 4293 1324 4349 rebus
1369 4294 1607 4349 contexi.
1656 4291 1789 4346 Nam
1834 4308 1961 4347 cum
2010 4293 2190 4348 Cana-

618 4384 749 4438 nznis
772 4382 1004 4438 Galilaetn
1034 4383 1233 4438 incolis
1257 4385 1506 4454 epulatur
1522 4384 1777 4440 Christus
1814 4391 1978 4454 atque
2010 4384 2187 4440 diver-

2290 3188 2523 3258 τίθησιν,
2560 3190 2688 3242 ἴδιον
2717 3189 2936 3259 Πατέρα
2961 3190 3141 3244 καλῶν
3166 3192 3257 3245 τὸν
3286 3193 3439 3247 Θεόν.
3472 3195 3729 3265 ’Δρμόσει
3762 3197 3861 3267 μὲν

2291 3277 2399 3348 γάρ
2417 3281 2527 3341 τοῖς
2553 3280 2632 3341 είς
2660 3278 2880 3351 υίότητα
2907 3280 3283 3351 κεκλημένοις,
3301 3284 3395 3335 καὶ
3416 3283 3653 3337 ἐπακτὸν
3679 3285 3859 3356 ἔχουσι

2290 3369 2350 3423 τὸ
2373 3369 2594 3440 ἀξίωμα
2617 3370 3072 3440 προσευχομένοις
3098 3371 3357 3442 ἀνιιὸοᾷν⁹
3394 3391 3412 3423 ι
3438 3373 3622 3445 Πάτερ
3652 3375 3809 3445 ημῶν
3833 3378 3861 3428 ὁ

2291 3461 2349 3515 ἑν
2381 3463 2492 3525 τοῖς
2521 3463 2798 3532 οὐρανοῖς·
2832 3481 2850 3513 ι
2882 3456 2963 3525 εἷς
2986 3462 3041 3514 δὲ
3071 3463 3165 3516 καὶ
3189 3464 3347 3533 μόνον
3370 3465 3430 3529 ἐξ
3462 3465 3579 3529 ἑνὸς
3603 3467 3861 3537 ὑπάρχων

2290 3553 2319 3605 ὁ
2338 3551 2654 3623 Μονογενὴς
2675 3593 2691 3617 ,
2737 3553 2866 3607 ῖδιον
2904 3554 3126 3617 εἰκότως
3171 3555 3498 3609 άποκαλέσει
3527 3558 3746 3626 Πατέρα
3773 3559 3861 3611 τὸν

2290 3642 2442 3698 Θεόν.
2497 3644 2559 3698 Εἰ
2600 3644 2656 3698 δὲ
2700 3647 2778 3699 δεῖ
2824 3648 2937 3708 τοῖς
2986 3646 3364 3716 προκειμένοις
3409 3648 3857 3718 προσϐάλλοντας.

2291 3735 2651 3806 λογικώτερον
2700 3737 3005 3809 ἐφαρμόσαι
3048 3738 3161 3799 τοῖς
3217 3737 3474 3810 ἀνωτέρω
3524 3752 3621 3793 και
3667 3740 3859 3806 ταῦτα,

2293 3827 2593 3899 θεωρητέον
2621 3830 2823 3900 ἑτέρως
2849 3829 2911 3883 τὸ
2939 3830 3293 3901 ἀνάγνωσμα,

2361 4004 2469 4057 Καὶ
2497 4000 2673 4072 εὗρεν
2708 4003 2778 4057 ἐν
2806 4001 2885 4068 τῷ
2908 4002 3040 4071 ἱερῷ
3061 4005 3203 4069 τοὺς
3232 4004 3586 4071 πωλοῦντας
3618 4005 3691 4059 τὰ
3722 4008 3861 4073 πρό-

2292 4094 2439 4147 ϐατα
2464 4093 2563 4147 καὶ
2595 4092 2736 4158 τοὺς
2763 4093 2939 4158 βόας,
2972 4094 3068 4145 καὶ
3102 4092 3171 4145 τά
3205 4092 3353 4163 ἑξῆς.

2362 4185 2471 4238 Θέα
2510 4184 2575 4254 δὴ
2626 4183 2787 4237 πάλιν
2816 4183 2935 4237 ὅλον
2974 4183 3077 4252 τῆς
3109 4182 3232 4239 καθ’
3280 4184 3428 4255 ἡμᾶς
3464 4184 3777 4255 οἰκονομίας
3806 4200 3863 4237 το

2294 4277 2478 4348 σχῆμα
2497 4277 2586 4331 διὰ
2605 4277 2696 4331 δύο
2720 4277 3059 4349 πραγμάτων
3084 4275 3517 4344 ἑξυφαινόμενον.
3538 4274 3863 4329 Καναναίων

2295 4368 2392 4438 μὲν
2408 4367 2515 4439 γὰρ
2529 4370 2637 4430 τοῖς
2651 4368 2791 4421 κατὰ
2806 4366 2902 4437 τὴν
2911 4364 3214 4431 Γαλιλαίαν,
3231 4360 3395 4433 φημὶ,
3413 4361 3506 4415 καὶ
3522 4363 3862 4415 συνεστιᾶται

616 4485 801 4541 satur,
833 4484 886 4530 et
914 4492 1115 4532 mensae
1136 4484 1425 4532 consortes
1460 4477 1591 4531 facit
1619 4491 1715 4532 eos
1752 4492 1781 4530 a
1815 4478 2018 4547 quibus
2044 4480 2184 4534 invi-

2290 4458 2384 4510 καὶ
2412 4455 3060 4528 συναυλίζεταιΧριστδς,
3086 4455 3181 4507 καὶ
3199 4452 3604 4524 ὁμοτραπέζους
3629 4453 3863 4504 ἑποιεῖτο

616 4575 766 4621 tatus
796 4575 915 4621 erat
941 4576 996 4620 et
1019 4568 1412 4622 cohonestatus
1440 4608 1456 4634 ,
1499 4568 1787 4623 miraculis
1816 4569 2043 4637 prodest
2070 4608 2085 4632 ,
2136 4579 2191 4625 et

617 4658 763 4728 quod
797 4657 862 4711 ad
894 4656 1183 4711 honestum
1218 4657 1479 4728 gaudium
1526 4659 1662 4727 ipsis
1702 4658 1931 4726 deerat,
1967 4661 2188 4731 explet,

618 4758 672 4802 et
702 4763 864 4802 omne
902 4748 1170 4803 bonorum
1209 4763 1382 4819 genus
1415 4748 1619 4802 aﬂatim
1652 4750 1905 4819 largitur,
1938 4752 2043 4806 hoc
2079 4753 2192 4807 vel-

621 4841 697 4893 uti
729 4847 856 4909 typo
886 4839 1159 4903 edocens,
1213 4854 1272 4893 se
1299 4839 1533 4894 Galilaza:
1566 4840 1775 4895 incolas
1816 4840 1973 4912 140
2023 4843 2189 4895 etiam

618 4939 1038 5000 suscepturum,
1072 4930 1175 4983 hoc
1206 4938 1292 4985 cst
1322 4940 1545 5001 gentes,
1578 4946 1675 5001 per
1703 4945 1891 4985 earum
1929 4931 2086 4985 [idem
2120 4932 2187 4986 ad

620 5021 767 5089 ipsas
815 5018 980 5073 veluti
1017 5027 1309 5081 vocatum,
1360 5027 1415 5074 et
1462 5020 1519 5073 in
1568 5022 1851 5074 cmlestem
1886 5022 2184 5074 thalamum

573 5096 583 5113 ’
619 5109 1060 5164 iutroducturmu
1086 5150 1102 5175 ,
1141 5108 1196 5162 in
1226 5106 1718 5177 primogenitorum
1760 5106 2066 5162 Ecclesiam
2103 5107 2187 5161 ni-

619 5202 859 5265 mirum,
902 5215 1107 5271 easque
1154 5214 1281 5255 cum
1333 5198 1543 5254 sanctis
1577 5199 1973 5253 collocaturum
2018 5198 2184 5268 (cum

618 5290 864 5345 convivis
910 5291 1055 5345 enim
1092 5290 1469 5345 accubuerunt
1507 5287 1842 5357 discipuli),
1879 5297 1934 5343 et
1988 5287 2186 5342 divinae

620 5394 683 5432 ac
729 5380 995 5448 spiritalis
1034 5378 1373 5435 celebritatis
1399 5375 1611 5430 futuras
1640 5374 1963 5446 participes,
1994 5389 2185 5444 quem-

620 5466 910 5522 admodum
958 5469 1120 5523 etiam
1169 5469 1287 5538 ipse
1335 5467 1413 5520 ait
1452 5465 1657 5519 alicubi
1707 5481 1722 5519 :
1791 5482 1810 5514 ‹
1854 5462 1991 5528 Quia
2030 5463 2184 5516 multi

619 5556 689 5611 ab
716 5558 924 5614 oriente
950 5566 1003 5613 et
1032 5559 1311 5614 occidente
1346 5557 1586 5623 venient,
1616 5564 1670 5611 et
1701 5554 2016 5609 rccumbcnt
2058 5569 2182 5607 cum

713 5736 759 5768 '°
797 5734 988 5789 Matth.
1025 5749 1139 5799 χχι,
1182 5735 1267 5787 15.

2292 4550 2420 4615 τοὺς
2436 4549 2769 4621 κεκληκότας
2784 4548 2967 4615 αὑτὸν,
2989 4548 3084 4600 καὶ
3103 4546 3189 4600 διὰ
3202 4544 3357 4599 τοῦτο
3370 4545 3714 4615 τιμήσαντας
3730 4561 3743 4574 ·
3773 4544 3865 4596 καὶ

2291 4641 2379 4695 διὰ
2409 4640 2648 4712 σημείων
2674 4640 2896 4708 ὠφελεῖ,
2915 4639 3007 4692 καὶ
3034 4638 3094 4690 τὸ
3130 4637 3314 4689 λεῖπον
3344 4636 3527 4697 αὐτοῖς
3553 4636 3635 4696 είς
3662 4635 3866 4704 εὐφρα-

2295 4732 2413 4786 σίαν
2437 4733 2739 4801 ἀναπληροῖ
2760 4747 2772 4762 ·
2800 4730 2892 4783 καὶ
2921 4729 2973 4782 τί
3003 4728 3112 4798 γάρ
3143 4726 3262 4795 οὐχὶ
3294 4725 3403 4781 τῶν
3429 4724 3652 4793 ἀγαθῶν
3678 4724 3863 4778 ἐπιδα-

2292 4822 2571 4891 ψιλεύεται
2597 4859 2613 4884 ,
2664 4821 2738 4883 ὡς
2774 4820 2862 4874 διὰ
2892 4819 3065 4872 τύπου
3112 4818 3408 4882 διδάσκων,
3443 4818 3525 4870 ὅτι
3572 4815 3670 4868 καὶ
3698 4832 3863 4887 προσ-

2291 4910 2498 4974 δέξεται
2529 4910 2654 4970 τοὺς
2683 4910 2782 4980 τῆς
2811 4908 3099 4970 Γαλιλαίας
3124 4908 3427 4978 οἰκήτορας,
3459 4904 3603 4959 τοῦτ’
3634 4904 3773 4965 ἔστι,
3798 4904 3863 4956 τά

2292 4998 2450 5067 ἔθνη,
2478 4998 2808 5069 κεκλημένος
2828 5038 2842 5063 ,
2891 4998 2966 5062 ὡς
2996 4997 3132 5069 πρὸς
3164 4998 3303 5051 αὑτά
3333 4996 3423 5049 διὰ
3464 4996 3563 5068 τῆς
3594 4997 3654 5048 ἑν
3682 4997 3864 5058 αὐτοῖς

2292 5088 2546 5154 πίστεως,
2574 5088 2665 5140 καὶ
2685 5090 2763 5152 είς
2790 5089 2879 5143 τὸν
2901 5089 3147 5159 οὐράνιον
3173 5086 3376 5151 εἰσάξει
3404 5086 3629 5152 παστὸν,
3662 5086 3743 5150 είς
3767 5086 3862 5157 τὴν

2291 5178 2397 5231 τῶν
2447 5179 2802 5250 πρωτοτόκων
2850 5179 3174 5249 Ἐκκλησίαν
3218 5177 3451 5250 δηλαδὴ,
3507 5177 3603 5229 καὶ
3638 5194 3861 5230 συνανα-

2291 5270 2461 5324 κλινεῖ
2488 5275 2596 5334 τοῖς
2622 5271 2792 5339 ἁγίοις
2816 5271 2955 5324 αὐτὰ
2994 5270 3389 5340 (συνανέκειντο
3408 5269 3515 5340 γὰρ
3538 5270 3651 5331 τοῖς
3671 5270 3858 5321 ἑστιω-

2295 5362 2472 5433 μένοις
2511 5365 2559 5416 οἱ
2604 5364 2745 5431 ἆγιοι
2783 5362 3061 5433 μαθηταὶ),
3109 5362 3203 5415 καὶ
3236 5362 3333 5430 τῆς
3376 5361 3527 5422 θείας
3568 5360 3661 5413 καὶ
3700 5376 3858 5412 πνευ-

2295 5457 2526 5525 ματικῆς
2554 5452 2977 5524 συμμεθέξουσιν
3010 5454 3202 5524 ἑορτῆς
3225 5492 3241 5516 ,
3277 5450 3419 5505 καθά
3446 5450 3539 5504 καὶ
3568 5450 3730 5513 αὑτός
3762 5449 3856 5501 ποῦ

2292 5564 2488 5618 φησιν·
2552 5563 2572 5598 ι
2611 5548 2731 5600 Ὅτι
2784 5546 2964 5599 πολλοὶ
2995 5545 3101 5598 ἀπὸ
3134 5543 3443 5610 ἀνατολῶν,
3496 5542 3592 5597 καὶ
3643 5541 3858 5611 δυσμῶν

1362 5733 1403 5764 ⁸⁸
1438 5732 1451 5783 l
1482 5730 1609 5783 Cur.
1645 5746 1723 5794 Ill,
1760 5729 1842 5781 1'7.
1924 5730 1967 5761 ⁸¹
2012 5725 2202 5781 Matth.
2241 5741 2315 5789 vt,
2344 5726 2397 5777 9.
