4118 6550
175 382 281 445 ἳδδ
1222 377 1293 437 ΙΝ
1334 372 1614 437 ΞΟΑΝΝἸΒ
1653 375 1756 431 [γλ

1858 369 2098 429 ςιειιυιι
2133 369 2263 426 LIB.
2309 373 2370 430 11.
3298 379 3405 434 254

176 504 391 575 ήξουσι,
447 501 539 556 καὶ
589 494 1039 572 ἀνακλιθήσονται
1097 500 1236 571 μετά
1301 495 1588 568 Ἀϐραὰμ,
1644 490 1736 545 καῖ

1858 487 2130 552 lbraham,
2168 494 2223 541 et
2250 488 2436 549 Isaac,
2472 494 2520 540 et
2554 485 2723 541 Jacob
2744 487 2823 551 υ,
2862 504 2882 540 ι
2927 487 3130 541 nullius
3155 482 3406 559 expertos

190 595 370 647 Ἰσαὰκ
389 634 404 656 ,
453 593 548 645 καὶ
586 592 780 647 Ἰακὼϐ
800 632 815 657 ,
847 612 870 645 ι
904 591 1116 655 οὐδενὸς
1144 591 1329 653 αὐτοῖς
1378 589 1458 650 είς
1482 583 1745 656 θυμηδίαν

1858 575 2052 647 gaudii.
2107 593 2128 627 ι
2171 574 2386 629 Laetitia
2436 575 2580 628 enim
2634 576 2963 646 sempiterna
3022 593 3189 646 super
3244 588 3408 648 caput

180 685 528 746 ἐλλείποντος.
582 702 601 734 ι
622 682 941 755 Εὑφροσύνη
968 682 1078 753 γάνρ
1099 680 1313 743 αἰώνιος
1344 677 1483 748 ὑπὲρ
1507 673 1747 744 κεφαλῆς

182 773 376 827 αὐτῶν.
421 791 440 823 ι
494 773 632 835 Τοὺς
679 771 738 824 δὲ
779 770 1185 842 ἀπειθήσαντας
1240 767 1525 830 Ἰουδαίους
1566 764 1747 818 τόπων

186 867 279 937 μὲν
314 865 421 917 τῶν
458 864 626 932 ἁγίων
654 863 901 931 ἐκϐαλεῖ,
935 864 1042 929 ἔξω
1064 862 1122 918 δὲ
1145 861 1298 932 θήσει
1324 859 1426 930 τῆς
1454 859 1611 930 ἱερᾶς
1639 856 1749 910 τῶν

184 955 350 1022 ἁγίων
389 954 717 1023 περιϐολῆς*
760 954 900 1009 ἀλλά
938 955 1033 1007 καὶ
1061 952 1431 1025 προσάγοντας
1461 950 1530 1004 τὰ
1555 950 1635 1013 είς
1658 946 1751 1001 θυ-

185 1047 302 1099 σίαν
333 1046 395 1098 οὐ
422 1046 770 1116 προσδέξεται
788 1063 804 1087 η
830 1046 1049 1101 κολάσει
1076 1044 1135 1097 δὲ
1164 1043 1381 1114 μᾶλλον,
1411 1041 1505 1097 καὶ
1528 1040 1750 1113 μάστιγι

185 1137 459 1208 ὑποθήσει,
491 1140 700 1209 σειραῖς
727 1137 835 1191 τῶν
860 1137 1075 1191 οίκείων
1109 1133 1596 1206 πλημμελημάτων
1621 1145 1752 1184 κατ-

186 1228 886 1301 εσφιγμένους.Ἀκουεγάρ
898 1228 1175 1298 λέγοντος*
1205 1227 1437 1297 «Ἄρατε
1466 1224 1640 1278 ταῦτα
1666 1225 1753 1275 ἐνο

186 1321 388 1386 τεῦθεν,
416 1341 441 1373 θ
480 1323 566 1375 ἴνα
596 1322 755 1375 πάλιν
780 1323 962 1376 ἐκεῖνα
990 1323 1116 1390 νοῇς
1134 1360 1148 1385 ,
1174 1318 1211 1373 ἃ
1247 1318 1312 1389 δὴ
1345 1316 1441 1371 καὶ
1468 1315 1634 1370 πάλαι
1666 1311 1754 1366 διὰ

188 1408 361 1477 φωνῆς
387 1407 483 1461 τοῦ
508 1409 783 1479 προφήτου
817 1408 979 1478 φησὶν
1011 1406 1232 1461 Ἡσαΐου
1258 1422 1273 1438 ·
1309 1424 1328 1457 ι
1366 1402 1753 1473 Ὀλοκαύτωμα

1839 682 2035 722 eorum
2059 666 2126 720 ⁸³.
2146 685 2168 718 ο
2193 666 2379 722 lncred
2389 668 2505 722 ulos
2530 675 2710 723 autem
2728 667 2945 725 .ludzeos
2960 670 3027 725 de
3043 670 3252 725 sanctis
3273 671 3409 725 locis

1844 758 2160 814 exturbabit
2180 798 2196 823 ,
2224 765 2279 815 et
2315 768 2470 814 extra
2512 775 2667 815 sacra
2698 768 3015 816 sanctorum
3046 762 3250 816 mmuia
3298 773 3410 816 sta-

1843 857 2007 904 tuet:
2049 849 2188 921 quin
2226 859 2281 906 et
2315 850 2587 906 sacriﬁcia
2617 851 2909 909 oll'erentes
2955 868 3061 908 non
3104 854 3410 923 suscipiet,

1849 941 1945 996 sed
1972 955 2069 997 eos
2104 942 2289 1013 potius
2319 944 2527 1013 puniet,
2561 942 2858 1014 llagrisque
2888 945 3160 1016 subjiciet,
3196 945 3412 1002 catenis

1849 1048 2076 1089 suorum
2111 1034 2409 1089 criminum
2460 1036 2817 1092 constrictos.
2862 1036 3002 1090 Audi
3041 1038 3186 1091 enim
3228 1038 3416 1093 dicen-

1850 1132 1960 1179 tem
1994 1142 2055 1179 ει
2077 1125 2303 1179 Auferte
2337 1124 2439 1179 ista
2460 1124 2609 1191 hinc,
2636 1143 2654 1176 ι
2685 1132 2744 1179 ut
2784 1124 2878 1179 illa
2908 1140 3103 1179 rursus
3139 1125 3414 1194 intelligas

1850 1231 1973 1287 qua:
1986 1230 2086 1286 per
2108 1215 2259 1271 lsaiae
2274 1231 2463 1272 vocem
2493 1218 2624 1272 Olim
2645 1216 2863 1272 locutus
2887 1224 3000 1273 est:
3040 1234 3059 1267 ι
3080 1215 3416 1271 liolocausta

1853 1308 2106 1371 arietum,
2139 1317 2192 1363 et
2219 1307 2433 1378 adipem
2467 1322 2756 1379 agnorum,
2783 1314 2838 1364 et
2871 1308 3194 1377 sanguinem
3232 1312 3420 1359 tauro-

1851 1414 1975 1453 rum
2009 1409 2064 1455 et
2086 1398 2366 1454 hircorum
2397 1399 2546 1461 nolo,
2568 1414 2745 1469 neque
2760 1399 2993 1454 veniatis
3026 1405 3086 1452 ut
3111 1395 3418 1468 appareatis

185 1498 286 1551 τῶν
312 1500 511 1571 κριῶν,
539 1500 631 1552 καὶ
662 1500 828 1571 στέαρ
856 1499 1064 1570 ἀρνῶν,
1095 1499 1187 1552 καὶ
1227 1491 1368 1567 αἷμα
1402 1494 1615 1567 ταύρων
1658 1494 1753 1547 καὶ

1858 1490 2011 1544 mihi.
2039 1490 2176 1557 Quis
2204 1490 2351 1546 enim
2379 1490 2632 1561 quaesivit
2658 1490 2772 1546 haec
2799 1490 2869 1545 de
2896 1490 3151 1545 manibus
3182 1487 3421 1543 vestris?

184 1591 399 1659 τράγων
426 1591 488 1643 ού
535 1590 828 1662 βούλομαι,
868 1591 977 1645 οὐδ’
1005 1591 1072 1646 ἂν
1103 1588 1336 1661 ἔρχησθε
1370 1584 1605 1657 ὀφθῆναί
1634 1601 1749 1654 μοι.

1858 1579 2078 1634 Calcare
2112 1580 2311 1635 atrium
2349 1594 2528 1635 meum
2572 1594 2681 1633 non
2723 1580 3025 1649 apponetis.
3079 1575 3137 1631 Si
3179 1575 3421 1632 aﬂeratis

185 1675 274 1738 Τίς
302 1680 412 1748 γὰρ
436 1676 733 1748 ἑξεζήτησε
751 1679 921 1732 ταῦτα
943 1679 1007 1732 ἐκ
1033 1678 1142 1733 τῶν
1168 1676 1363 1749 χειρῶν
1390 1675 1580 1747 ύμῶνμς
1638 1675 1755 1727 Πα-

1858 1670 2085 1726 similam
2112 1708 2128 1733 ,
2172 1684 2372 1724 vanum
2403 1670 2686 1725 incensum
2714 1708 2730 1731 ,
2774 1667 3112 1723 abominatio
3143 1667 3280 1721 mihi
3311 1676 3418 1722 est.

182 1771 287 1821 τεῖν
316 1768 420 1839 τὴν
447 1770 614 1841 αὐλήν
643 1788 751 1841 μου
809 1773 869 1825 ού
928 1770 1319 1843 προσθήσεσθε.
1384 1767 1510 1822 Ἐὰν
1553 1766 1754 1837 φέρητε

1858 1762 2177 1818 Neomenias
2209 1770 2453 1829 vestras,
2492 1772 2547 1819 et
2581 1761 2817 1817 Sabbata
2842 1804 2858 1830 ,
2902 1771 2958 1817 et
2986 1762 3128 1817 diem
3163 1775 3419 1832 magnum

183 1859 493 1931 σεμίδαλιν,
547 1862 773 1931 μάταιον
807 1860 1091 1932 θυμίαμα,
1155 1858 1430 1930 βδέλυγμά
1474 1856 1565 1928 μοί
1601 1859 1749 1910 ἐστι*

1862 1865 1970 1906 non
2004 1849 2152 1917 fero;
2195 1850 2460 1921 jejunium
2480 1887 2496 1915 ,
2526 1860 2580 1905 et
2608 1850 2777 1903 otium
2799 1890 2815 1916 ,
2839 1856 2893 1904 et
2923 1848 3297 1909 solemnitates
3327 1863 3427 1901 ve-r

178 1944 276 2009 τὰς
304 1946 602 2015 νουμηνίας
629 1945 782 2016 ὑμῶν
833 1948 927 1999 καὶ
950 1948 1018 1999 τά
1058 1945 1307 2000 Σάϐϐατα
1331 1982 1346 2007 ,
1397 1944 1493 1998 καὶ
1537 1940 1752 2013 ἡμέραν

1858 1948 2003 1998 stras
2042 1942 2161 1997 odit
2202 1947 2382 1996 anima
2421 1956 2559 1997 mea.
2595 1938 2747 1996 Facti
2785 1941 2919 1995 mibi
2948 1941 3083 1996 estis
3112 1941 3166 1994 in
3195 1940 3424 1995 satieta-

176 2037 427 2108 μεγάλην
460 2037 559 2090 οὐκ
591 2038 871 2107 ἀνέχομαι.
922 2037 1230 2108 Νήστείαν,
1274 2037 1367 2090 καὶ
1404 2033 1633 2105 ἀργίαν,
1660 2032 1753 2086 καὶ

1858 2042 2001 2090 tem:
2033 2050 2377 2105 nequaquam
2402 2035 2541 2088 ultra
2570 2033 2839 2088 dimittam
2866 2042 3087 2103 peccata
3109 2045 3285 2088 veSIra
3302 2032 3366 2087 ".
3400 2051 3418 2084 ι

180 2128 276 2191 τάς
303 2129 500 2199 ἑορτὰς
535 2129 689 2198 ὑμῶν
734 2130 884 2198 μισεῖ
903 2130 939 2199 ή
968 2128 1113 2198 ψυχή
1152 2141 1276 2197 μου.
1316 2124 1638 2195 Ἐγενήθητέ
1662 2140 1751 2194 μοι

1858 2124 2015 2192 Quod
2061 2125 2275 2196 ﬂagello
2322 2142 2353 2181 e
2391 2124 2614 2181 funibus
2654 2124 2799 2180 facto
2834 2126 3098 2195 praeclare
3124 2125 3419 2195 signiﬁcat.

174 2222 259 2285 είς
296 2221 613 2293 πλησμονὴν
632 2261 647 2285 ,
674 2222 856 2276 οὐκέτι
882 2223 1067 2293 ἀνήσω
1087 2221 1186 2285 τὰς
1218 2219 1492 2293 ἁμαρτίας
1524 2218 1695 2289 ὑμῶν.
1727 2237 1746 2270 ι

1861 2203 2055 2289 Flagra
2086 2218 2232 2274 enim
2263 2220 2422 2290 signa
2451 2226 2581 2273 sunt
2605 2219 2930 2289 punitionis.

174 2310 357 2386 *Οπερ
401 2316 598 2385 ἄριστα
633 2314 721 2367 διά
764 2314 935 2369 τύπου
980 2314 1235 2386 σημαίνει
1274 2313 1336 2367 τὸ
1381 2316 1445 2367 ἐκ
1472 2310 1718 2382 σχοινίων
1752 2308 1936 2374 αὐτοῖς
1960 2313 2253 2383 ἐπινοήσας
2302 2310 2644 2381 φραγέλλιον.
2679 2309 2967 2374 Κολὰσεως
3026 2310 3135 2381 γὰρ
3201 2311 3423 2381 σημεῖον

182 2411 236 2463 αι
266 2411 553 2480 μάστιγες.

261 2500 686 2571 Ἐμνήσθησαν
705 2501 774 2555 δὲ
800 2504 854 2556 οι
878 2504 1135 2572 μαθηταὶ
1159 2502 1365 2567 αὑτοῦ,
1388 2501 1477 2557 ὅτι
1508 2516 1756 2571 τετραμ-

1937 2493 1980 2550 11
2007 2535 2022 2562 ,
2061 2494 2265 2561 17,18.
2316 2495 2598 2550 Recordati
2651 2507 2773 2551 sunt
2824 2514 2941 2552 vero
2980 2498 3226 2569 discipuli
3269 2499 3382 2569 ejus
3406 2542 3420 2562 ,

175 2594 361 2661 μένον
388 2593 562 2647 ἐστίν
593 2609 610 2624 ο
646 2594 709 2647 '0
736 2593 916 2663 ζῆλος
937 2595 1049 2649 τοῦ
1070 2597 1243 2649 οικου
1273 2608 1391 2649 σου
1430 2590 1759 2662 καταφάγε-

175 2684 272 2737 ταί
291 2700 395 2753 με.
440 2687 880 2754 Ἀπεκρίθησαν
905 2682 1020 2742 οὖν
1045 2688 1101 2741 οι
1129 2685 1436 2751 Ἰουδαῖοι,
1463 2686 1560 2740 καὶ
1586 2682 1760 2740 εἷπον

180 2774 358 2839 αὐτῷ.

258 2866 631 2937 Ἐρανίζονται
660 2866 806 2920 κατά
840 2864 1013 2937 βραχὺ
1052 2866 1113 2920 τὸ
1148 2867 1207 2919 ἐν
1243 2865 1442 2935 γνώσει
1476 2864 1681 2918 τέλειον
1705 2864 1756 2918 οἱ

177 2957 459 3028 μαθηταὶ,
511 2957 604 3010 καὶ
643 2960 759 3020 ταῖς
794 2956 903 3010 τῶν
932 2958 1269 3029 πραγμάτων
1294 2956 1551 3011 ἐκϐάσεσι
1570 2955 1640 3009 τά
1663 2971 1759 3023 γε-

178 3050 483 3121 γραμμένα
523 3051 925 3120 συμϐάλλοντες
956 3049 1156 3121 πολλὴν
1196 3049 1295 3121 ήδη
1322 3048 1624 3103 δεικνύουσι
1657 3047 1755 3119 τὴν

175 3141 269 3193 ἐπὶ
296 3142 361 3194 τὸ
398 3140 579 3210 μεῖζον
600 3141 861 3195 ἐπίδοσιν.

251 3234 314 3287 Τί
339 3233 601 3302 σημεῖον
645 3232 940 3296 δεικνύεις
964 3230 1135 3300 ἡμῖν,
1180 3231 1271 3284 ὅτι
1309 3229 1495 3285 ταῦτα
1528 3229 1715 3296 ποιεῖς
1734 3245 1754 3293 ;

190 3322 509 3391 Ἀπεκρίθη
544 3322 771 3389 Ἰησοῦς
802 3322 899 3376 καὶ
930 3318 1100 3375 εἶπεν
1117 3320 1337 3386 αὐτοῖς.

1861 2587 1986 2657 quia
2036 2587 2293 2655 scriptum
2331 2596 2453 2641 est:
2481 2586 2639 2643 Zelus
2683 2587 2870 2642 domus
2918 2597 3022 2642 tua:
3061 2589 3281 2657 comedit
3320 2607 3420 2645 me.

1862 2677 2255 2748 Responderunt
2275 2694 2398 2748 ergo
2417 2677 2450 2731 J
2460 2679 2619 2744 udrri,
2659 2690 2707 2734 et
2732 2679 2980 2734 dixerunt
3004 2680 3072 2734 ei.

1931 2853 2237 2910 Perfectam
2295 2854 2661 2925 cognitionem
2716 2853 2978 2923 paulatim
3036 2853 3420 2925 adipiscuntur

1859 2946 2149 3017 discipuli,
2197 2958 2252 3001 et
2294 2962 2419 3002 cum
2464 2962 2649 3002 rerum
2695 2946 2844 3002 exitu
2882 2944 3202 3015 Scripturas
3240 2946 3424 3003 confe-

1859 3046 2065 3103 rentes,
2104 3054 2359 3110 magnum
2387 3039 2498 3109 jam
2531 3039 2585 3093 in
2635 3039 2831 3094 melius
2862 3037 3166 3108 profectum
3210 3055 3322 3110 prae
3361 3057 3422 3097 se

1857 3130 2059 3185 ferunt.

1928 3222 1971 3278 ll
1993 3262 2008 3287 ,
2049 3222 2137 3277 18.
2170 3221 2323 3289 Quod
2356 3224 2561 3291 signum
2600 3222 2832 3277 ostendis
2860 3224 3009 3279 nobis
3045 3225 3171 3294 quia
3196 3223 3307 3282 Ιιαέ
3330 3226 3422 3295 fa-

1856 3313 1972 3368 cis?
1996 3310 2284 3381 Respondit
2320 3310 2477 3366 Iesus
2499 3351 2514 3374 ,
2548 3321 2596 3366 et
2629 3312 2765 3367 dixit
2799 3315 2897 3369 eis.

247 3412 704 3481 Καταπλήττεται
731 3412 829 3479 τῆς
852 3410 1101 3475 ἐξουσίας
1138 3409 1200 3463 τὸ
1246 3410 1396 3477 ξένον
1423 3412 1456 3482 ή
1485 3409 1593 3465 τῶν
1627 3410 1755 3463 ’1ου-

1933 3404 2162 3459 Miratur
2210 3404 2512 3459 inauditam
2569 3405 2717 3459 illam
2768 3413 3090 3475 potestatem
3129 3408 3424 3463 multitudo

178 3501 339 3556 δαίων
372 3499 583 3570 πληθὺς
604 3541 619 3565 ,
664 3500 986 3572 δυσφοροῦσι
1012 3500 1068 3553 δὲ
1104 3500 1224 3554 λίαν
1252 3503 1300 3555 oi
1342 3498 1421 3571 τῷ
1447 3500 1560 3570 ναῷ
1590 3516 1759 3571 προσ-

174 3591 516 3662 εδρεύοντες,
537 3590 742 3660 κερδῶν
764 3590 862 3642 οὐκ
877 3589 1260 3661 εύαριθμήτων
1276 3590 1754 3661 ἀποστερούμενοι.

178 3681 290 3734 Καὶ
309 3679 614 3747 διελέγχειν
647 3679 743 3749 μὲν
762 3677 860 3731 οὐκ
882 3678 1114 3749 ἔχουσιν,
1150 3679 1227 3743 ὡς
1250 3680 1348 3732 οὐκ
1370 3679 1568 3752 ἄριστα
1588 3679 1756 3747 λέγει,

184 3774 255 3845 μὴ
279 3774 400 3826 δεῖν
426 3772 696 3845 ἐμπορίας
723 3768 868 3825 οἷκον
899 3772 991 3825 τὸν
1022 3771 1161 3825 θεῖον
1189 3771 1601 3826 ἀναδείκνυσθαι
1632 3773 1759 3826 ναὸν

176 3865 529 3919 ἐπιτάττων·
580 3862 900 3934 ὑπερθέσεις
930 3862 986 3916 δὲ
1024 3863 1187 3916 πάλιν
1232 3866 1298 3935 τῇ
1344 3864 1452 3917 τῶν
1503 3865 1759 3935 ἐμπόρων

179 3956 323 4025 φυγῇ
358 3953 871 4023 πραγματεύονται,
908 3954 969 4006 τὸ
1000 3954 1074 4025 μὴ
1108 3954 1303 4025 χρῆναι
1332 3955 1634 4026 προχείρως
1660 3957 1761 4008 ὐπ-

176 4046 351 4100 είκειν
384 4046 531 4117 αὐτῷ
553 4044 1029 4117 προφασιζόμενοι,
1064 4047 1200 4116 μήτε
1229 4046 1759 4117 μὴνάπερισκὲπτως

179 4138 258 4200 είς
281 4137 405 4190 υἱὸν
438 4136 840 4210 παραδέξασθαι
877 4134 972 4192 τοῦ
1005 4136 1138 4189 Θεοῦ
1171 4137 1259 4191 τὸν
1299 4138 1392 4192 ὑπ’
1422 4138 1634 4202 οὐδενὸς
1663 4155 1761 4208 ση-

180 4227 340 4297 μείου
366 4228 647 4300 μαρτυρού
656 4244 838 4299 μενον.

260 4320 626 4390 Ἀπεκρίθηδ
660 4321 918 4391 Ἰησοῦς,
952 4317 1238 4377 καὶεῖπεν
1253 4320 1489 4387 αὐτοῖς’
1524 4323 1761 4376 Λύσατε

179 4412 285 4465 τὸν
324 4412 484 4466 ναὸν
526 4413 779 4479 τοῦτον,
832 4413 932 4468 καί
968 4413 1037 4467 ἐν
1076 4413 1273 4481 τρισὶν
1296 4412 1546 4482 ἡμέραις
1578 4413 1761 4485 ἐγερῶ

179 4503 394 4557 αὐτόν.
430 4498 620 4557 Εἶπον
644 4498 759 4558 οὖν
793 4505 848 4559 oi
882 4503 1174 4558 Ἰουδαῖοι.

252 4595 385 4657 Τοῖς
414 4593 475 4658 ἐξ
501 4594 715 4665 ἀγαθῆς
747 4596 1117 4668 προαιρέσεως
1141 4594 1432 4650 αίτοῦσιτὰ
1454 4594 1634 4663 ἀγαθά
1667 4597 1761 4649 καὶ

1859 3495 2195 3560 Judzeorum.
2221 3505 2277 3551 et
2306 3510 2448 3566 aegre
2475 3495 2769 3550 admodum
2807 3496 2987 3552 ferunt
3013 3497 3106 3568 qui
3135 3499 3189 3553 in
3218 3501 3427 3570 templo

1861 3588 2145 3652 sedebant,
2176 3602 2285 3642 non
2320 3601 2495 3656 pauco
2528 3602 2588 3643 se
2616 3596 2831 3659 quaestu
2859 3589 3101 3646 orbatos.
3129 3588 3315 3661 Neque
3339 3608 3426 3646 ve-

1859 3693 1924 3733 ro
1956 3692 2187 3748 arguere
2215 3686 2445 3747 possunt
2465 3694 2589 3733 eum
2626 3687 2887 3749 tanquam
2916 3696 3025 3735 non
3058 3688 3205 3737 recte
3236 3682 3425 3753 loqua-

1860 3780 1988 3837 tur,
2018 3786 2142 3825 cum
2181 3772 2444 3841 templum
2487 3769 2580 3825 Dei
2624 3771 3012 3843 negotiationis
3046 3772 3268 3827 domum
3313 3788 3422 3828 non

1860 3877 1985 3917 esse
2007 3859 2315 3915 faciendum
2340 3862 2559 3928 statuit;
2587 3861 2682 3916 sed
2716 3871 3078 3917 mercatorum
3109 3862 3262 3935 141
3288 3864 3425 3933 fugae

1860 3968 2069 4008 moram
2096 3960 2337 4016 struunt,
2361 3963 2738 4023 praetexentes,
2767 3968 2873 4006 non
2901 3969 3023 4009 esse
3053 3954 3204 4009 illico
3233 3971 3427 4025 paren-
3501 3998 3505 4003 .

1865 4045 1989 4100 dum
2017 4045 2102 4109 ci,
2139 4059 2315 4113 neque
2338 4051 2544 4099 temere
2588 4059 2687 4114 pro
2725 4045 2833 4098 lilio
2878 4045 2969 4100 Dei
3010 4046 3421 4117 recipiendum,

1864 4136 1953 4205 qui
1982 4135 2134 4189 nullo
2165 4133 2343 4188 adhuc
2378 4134 2535 4204 signo
2564 4135 2638 4189 sit
2673 4136 2954 4203 probattts.

1930 4310 1996 4377 ll,
2033 4312 2121 4367 l9.
2147 4273 2429 4378 Respondit
2457 4310 2636 4378 Iesus,
2666 4322 2714 4366 et
2746 4312 2885 4365 dixit
2918 4314 2994 4368 eis
3024 4328 3043 4367 :
3074 4313 3271 4369 Solvite
3294 4325 3427 4371 tem-

1859 4405 2003 4472 plum
2028 4405 2143 4467 hoc,
2162 4413 2212 4457 et
2235 4404 2290 4457 in
2309 4402 2477 4456 tribus
2492 4404 2673 4457 diebus
2688 4404 2953 4457 suscitabo
2982 4405 3139 4460 illud.
3168 4406 3424 4463 Dixerunt

1860 4511 1980 4565 ergo
2006 4492 2205 4546 Iudici.

1933 4589 2083 4644 Bono
2113 4586 2348 4643 consilio
2390 4585 2532 4640 bona
2572 4586 2882 4655 petentibus
2913 4596 3163 4658 prompte
3193 4590 3426 4661 largitur

182 4686 301 4739 λίαν
331 4687 570 4757 ἑτοίμως
591 4686 774 4757 ὀρέγει
809 4687 940 4749 Θεός
962 4705 975 4718 ·
1029 4690 1142 4750 τοῖς
1174 4687 1231 4741 δέ
1257 4686 1543 4758 προσιοῦσι
1570 4703 1756 4758 πειρα-

1867 4684 2010 4739 Deus
2055 4700 2070 4736 :
2124 4682 2214 4751 qui
2258 4694 2387 4735 vero
2430 4678 2673 4733 tentandi
2711 4680 2885 4747 gratia
2929 4680 3169 4747 adeunt,
3209 4683 3280 4739 iis
3317 4700 3426 4739 non

186 4778 394 4842 θετικῶς
412 4817 427 4841 ,
458 4779 556 4847 οὐχ
588 4779 735 4841 ὅπως
756 4778 998 4847 ἀρνεῖται
1025 4778 1184 4848 μόνον
1211 4779 1311 4849 τήν
1340 4780 1425 4847 ἐφ’
1450 4773 1533 4841 οἷς
1577 4778 1643 4831 ἂν
1672 4779 1726 4831 al
1744 4805 1757 4818 α

184 4870 318 4922 τῶσι
346 4871 682 4941 φιλοτιμίαν,
712 4870 848 4924 ἀλλά
870 4870 967 4923 καὶ
995 4870 1056 4923 τὺ
1085 4869 1184 4940 τῆς
1215 4870 1482 4942 πονηρίας
1507 4870 1760 4941 ἔγκλημα

186 4958 556 5029 περιτίθησιν
608 4958 792 5022 Οὕτως
834 4959 1120 5022 αἰτοῦντας
1144 4954 1391 5030 ςσημεῖον
1432 4961 1559 5022 τοὺς
1597 4961 1763 5031 Φαρι-

188 5049 379 5112 σαίους
407 5050 465 5101 ἐν
485 5049 689 5119 ἑτέροις
712 5048 822 5102 τῶν
848 5048 1195 5117 Εύαγγελίων
1215 5050 1397 5112 τόποις
1428 5049 1653 5120 ἤλεγξεν
1679 5052 1758 5103 εἰ·

187 5142 307 5195 πὼν
331 5144 362 5193 δ
397 5143 607 5212 Σωτήρ·
641 5160 659 5191 ι
692 5141 861 5194 Γενεὰ
894 5140 1104 5212 πονηρά
1131 5142 1225 5194 καὶ
1256 5140 1502 5211 μοιχαλὶς
1534 5143 1758 5213 σημεῖον

190 5233 445 5300 ἐπιζητεῖ
464 5273 478 5295 ,
530 5233 624 5285 καὶ
654 5234 876 5302 σημεῖον
900 5231 960 5284 οὐ
992 5230 1272 5303 δοθήσεται
1305 5233 1441 5303 αὐτῇ
1463 5273 1476 5297 ,
1514 5232 1562 5284 εί
1598 5232 1672 5302 μὴ
1702 5232 1763 5285 τὸ

194 5329 421 5396 σημεῖον
437 5326 591 5379 Ἰωνᾶ
613 5325 707 5377 τοῦ
738 5326 1035 5395 προφήτου.
1058 5325 1264 5396 Ὠσπερ
1286 5324 1394 5396 γὰρ
1422 5319 1490 5396 ἦν
1505 5325 1687 5388 Ἰωνᾶς
1703 5325 1761 5377 ἐν

190 5422 258 5489 τῇ
286 5417 467 5488 κοιλίᾳ
485 5417 579 5469 τοῦ
598 5419 793 5487 κήτους
820 5419 967 5487 τρεῖς
998 5416 1209 5487 ἡμέρας
1239 5415 1333 5468 καὶ
1364 5417 1510 5486 τρεῖς
1538 5416 1760 5479 νύκτας,

124 5563 133 5583 ι,
190 5512 371 5573 οὓτως
402 5511 554 5563 ἔσται
584 5511 679 5563 καὶ
711 5509 741 5561 ὁ
766 5509 895 5571 Υἱδς
925 5510 1021 5561 τοῦ
1060 5506 1346 5578 ἀνθρώπου
1378 5508 1435 5561 ἐν
1466 5509 1531 5577 τῇ
1564 5507 1760 5580 καρδίᾳ

190 5603 293 5671 τῆς
320 5602 427 5681 γῇς
452 5605 601 5674 τρεῖς
632 5600 844 5672 ήμέρας
872 5599 966 5653 καὶ
995 5601 1142 5669 τρεῖς
1166 5597 1386 5662 νύκτας.
1417 5617 1435 5651 ι
1470 5598 1647 5670 Ὅπερ
1666 5594 1759 5653 οὖν

1868 4778 2044 4831 solum
2072 4788 2196 4845 qua
2220 4781 2412 4843 petunt
2438 4770 2623 4840 largiri
2652 4771 2866 4837 abnuit,
2891 4786 3079 4828 verum
3104 4775 3269 4829 etiam
3302 4776 3427 4831 illos

1864 4865 2220 4936 malignitatis
2249 4863 2448 4933 arguit.
2480 4860 2572 4916 Sic
2599 4861 2900 4920 Pharisaeos
2933 4865 3148 4935 signum
3180 4873 3429 4937 petentes

1865 4958 1988 5014 aliis
2021 4957 2076 5011 in
2115 4953 2528 5024 Evangeliorutn
2568 4951 2705 5007 locis
2739 4954 2922 5009 acrius
2944 4954 3311 5024 reprehendit,
3342 4955 3428 5009 di-

1866 5062 2029 5102 cens:
2055 5064 2074 5097 ι
2093 5043 2382 5100 Generatio
2406 5041 2543 5095 mala
2563 5049 2619 5096 et
2637 5042 2879 5099 adultera
2897 5045 3112 5115 signum
3135 5044 3351 5115 quaerit,
3372 5054 3427 5097 et

1868 5140 2083 5208 signum
2103 5151 2211 5192 non
2231 5136 2450 5191 dabitur
2468 5135 2540 5199 ei,
2567 5134 2674 5189 nisi
2704 5135 2920 5206 signum
2948 5135 3101 5191 Jonae
3127 5137 3426 5208 prophetae.

1869 5231 2025 5286 Sicut
2056 5231 2202 5285 enim
2238 5229 2340 5285 fuit
2370 5228 2540 5284 Jonas
2577 5228 2633 5283 in
2662 5238 2849 5285 ventre
2891 5229 2995 5283 ceti
3029 5228 3211 5285 tribus
3239 5229 3430 5286 diebus

1871 5331 1927 5378 et
1956 5322 2133 5378 tribus
2176 5320 2450 5384 noctibus,
2476 5319 2558 5374 sic
2578 5320 2683 5375 erit
2702 5317 2871 5375 Filius
2907 5320 3146 5376 hominis
3184 5321 3240 5375 in
3266 5323 3431 5376 corde

1868 5424 2032 5473 terrae
2068 5414 2245 5469 tribus
2278 5411 2472 5468 diebus
2514 5421 2567 5466 et
2609 5411 2787 5465 tribus
2822 5410 3078 5467 noctibus
3107 5412 3175 5467 ⁸⁸.
3214 5431 3233 5465 ι
3274 5410 3430 5479 Quod

1868 5522 1999 5577 ergo
2030 5506 2140 5561 illis
2172 5504 2410 5571 dicebat,
2443 5504 2588 5560 istud
2623 5502 2787 5558 etiam
2818 5501 2925 5567 bis,
2948 5502 3142 5573 paucis
3170 5503 3430 5559 immuta-

1872 5596 1967 5657 tis,
1995 5596 2110 5659 ait;
2152 5594 2414 5649 tentando
2465 5592 2614 5648 enim
2663 5597 2894 5661 petunt,
2943 5600 3005 5646 ut
3055 5592 3157 5648 illi.
3203 5592 3430 5665 Signum

3284 5694 3302 5720 ι

272 5779 314 5810 ’³
338 5776 528 5831 Matth.
553 5792 670 5838 vm,
699 5776 786 5831 Il.
864 5775 910 5807 “
933 5774 1039 5829 lsa.
1062 5773 1249 5840 L1,“.
1321 5772 1367 5804 ⁸⁸
1394 5772 1498 5827 lsa.
1529 5788 1567 5839 ι,
1604 5773 1685 5840 Η,
1717 5778 1756 5826 1.

1876 5774 1924 5811 ⁸⁸
1952 5772 2141 5827 Matth.
2171 5787 2279 5835 ιτι,
2306 5771 2357 5836 ι,
2387 5771 2439 5823 5.

445 5873 708 5932 Pnnoc.
744 5871 860 5929 (iu.
897 5866 1170 5928 LXXHL

3012 5861 3046 5921 8
