4118 6534
710 346 816 403 235
1685 342 1747 397 S.
1787 341 2064 398 C'YRlLLl
2098 340 2566 397 ALEXANDRINI
2626 342 2944 399 ARCHIEP.
3841 354 3939 410 235

710 468 889 512 autem
918 454 1098 510 datum
1132 452 1313 522 utique
1359 466 1470 506 non
1506 452 1698 508 luisset
1743 468 1811 509 eo
1844 455 2008 509 modo
2038 454 2278 515 allectis.
2310 462 2336 516 Α

2313 462 2355 517 Α
2384 457 2610 521 ἐκείνοις
2632 457 2757 529 ἔφη,
2805 458 2962 512 τοῦτο
2988 459 3082 513 καὶ
3119 459 3329 525 τούτοις
3356 462 3473 532 μετ’
3498 462 3684 535 ὀλίγης
3725 467 3939 534 ἐξαλλα-

710 548 819 604 nisi
850 548 923 601 ita
955 545 1067 600 ﬁeri
1110 546 1269 616 plane
1299 545 1637 615 oportuisset
1659 554 1882 615 propter
1913 556 2155 601 nostram
2191 561 2279 601 sa-

2384 549 2517 619 γῆς·
2547 551 2752 605 αἰτοῦσι
2785 552 2921 622 γὰρ,
2950 552 3025 615 ὡς
3058 554 3286 617 ἐκεῖνοι,
3337 555 3708 626 πειράζοντες.
3742 560 3854 613 Ούκ
3882 565 3941 617 ἂν

713 641 901 697 lutom.
937 636 1228 693 Sciendqu
1285 652 1417 691 vero
1452 636 1582 691 hinc
1624 635 1751 692 illos
1813 637 1937 707 ejus
1975 638 2272 693 accusandi

2380 641 2438 693 δέ
2465 640 2599 705 ὅλως
2628 644 2740 706 τοῖς
2770 643 2941 707 οὕτως
2984 644 3165 715 ἔχουσι
3196 645 3419 718 γνώμης
3442 648 3562 701 οὐδὲ
3588 650 3747 704 τοῦτο
3775 652 3942 709 δέδοτο

710 746 931 786 causam
963 730 1227 799 arripere,
1261 744 1387 784 cum
1416 728 1522 785 sub
1543 728 1741 785 Pontio
1768 728 1944 786 Pilato
1984 730 2121 786 falso
2152 746 2276 800 pro-

2380 732 2441 786 τὸ
2469 735 2711 804 σημεῖον,
2740 736 2789 787 εί
2815 734 2889 806 μὴ
2914 736 3130 799 πάντως
3148 736 3253 789 ἔδει
3272 738 3523 806 γενέσθαι
3548 740 3634 795 διὰ
3660 743 3761 813 τὴν
3781 745 3934 799 άπάϊ

711 813 895 878 ferunt
923 819 1067 890 quod
1105 834 1212 873 non
1244 819 1573 874 audierunt:
1606 820 1758 889 «Ipse
1777 818 1923 874 enim
1953 819 2114 884 dixit,
2142 837 2160 871 ›
2191 820 2274 872 in-

2380 840 2488 877 των
2510 824 2667 895 ήμῶν
2693 826 2987 896 σωτηρίαν.
3030 827 3227 881 Ἰστέον
3252 827 3310 883 δὲ
3341 829 3421 883 ὅτι
3451 830 3654 901 ταύτην
3678 833 3829 904 αὐτῷ
3850 837 3942 905 τῆς

717 913 933 983 quiunt,
965 932 981 962 ι
1012 910 1240 966 Possum
1273 910 1555 966 destruere
1588 911 1847 981 templum
1880 909 1975 965 Dei
1994 910 2094 962 ⁸⁷.»
2126 910 2276 976 Quo-

2382 916 2715 987 κατηγορίας
2742 918 2842 989 τὴν
2872 918 3144 989 πρόφασιν
3174 920 3497 992 ἐποιήσαντο
3517 964 3533 988 ,
3581 924 3831 993 λέγοντες
3858 929 3942 979 ἐπὶ

705 1005 854 1059 circa
884 1003 952 1059 de
982 1003 1050 1058 iis
1089 1002 1307 1057 dicebat
1335 1002 1590 1057 Christus
1628 1003 1683 1057 in
1717 1001 2002 1073 prophetis
2028 1020 2097 1058 τοι
2138 1003 2275 1056 Sur-

2385 1006 2611 1061 Ποντίου
2642 1008 2873 1063 Πιλάτου
2901 1010 3301 1081 διεψευσμένως
3320 1054 3335 1077 ,
3387 1013 3525 1085 ὅπερ
3550 1015 3651 1069 οῦκ
3676 1017 3939 1087 ἥκουσαν·

706 1104 898 1165 gentes
930 1102 1098 1149 testes
1124 1093 1331 1163 iniqui,
1362 1109 1482 1163 qua:
1511 1093 1833 1163 ignorabant
1859 1093 2276 1163 interrogabant

2396 1098 2594 1164 «Αὐτὸς
2613 1100 2723 1173 γὰρ
2742 1101 2881 1171 ἔφη,
2894 1103 3076 1174 ιφησὶ,
3102 1103 3376 1175 ιΔύναμαι
3393 1106 3696 1161 καταλῦσαι
3713 1108 3804 1163 τὸν
3823 1110 3942 1163 ναὸν

706 1202 795 1241 me
819 1186 886 1239 ⁸⁸.
921 1204 939 1237 ι
974 1184 1104 1238 Item
1134 1202 1147 1238 :
1187 1202 1205 1234 ι
1234 1183 1656 1239 lnsurrexerunt
1685 1182 1741 1236 in
1766 1197 1850 1238 me
1878 1189 2049 1237 testes
2073 1182 2271 1251 iniqui,

2378 1190 2474 1244 τοῦ
2504 1191 2659 1248 Θεοῦ.
2689 1211 2708 1245 ι
2730 1195 2922 1265 Διὸ-δὴ
2955 1196 3049 1249 καὶ
3069 1196 3156 1249 ἐπ’
3194 1197 3375 1262 αὐτοῖς
3396 1199 3454 1251 ἐν
3484 1201 3789 1271 προφήταις
3820 1201 3942 1271 εφα-

703 1287 761 1334 et
816 1276 1044 1333 mentita
1095 1282 1177 1331 est
1226 1274 1490 1344 iniquitas
1540 1274 1647 1330 sibi
1675 1274 1794 1329 ".s
1844 1272 1967 1328 Non
2020 1273 2274 1329 hortatur

2377 1299 2507 1337 σκεν
2526 1285 2556 1337 ό
2572 1285 2805 1357 Χριστός
2823 1304 2837 1319 ο
2854 1306 2883 1339 4
2906 1288 3259 1354 Ἀναστάντες
3283 1290 3555 1362 μάρτυρες
3573 1292 3768 1357 ἄδικοι,
3795 1293 3832 1347 ἃ
3849 1296 3940 1349 ούκ

711 1379 893 1425 autem
926 1368 1051 1424 illos
1082 1367 1147 1422 ad
1178 1368 1498 1437 patrandam
1530 1365 1727 1420 eadem
1747 1403 1764 1429 ,
1792 1380 1915 1420 cum
1950 1365 2118 1429 ait,~c
2155 1364 2279 1419 Sol-

2378 1372 2671 1438 ἐγίνωσκον
2703 1376 3002 1447 ἐπηρώτων
3033 1394 3119 1450 με.
3140 1398 3166 1431 s
3208 1381 3545 1446 ⁴ΔΚαὶιπόιλιν,
3574 1382 3655 1436 ὅτι
3687 1401 3707 1435 ι
3748 1384 3940 1439 Ἐπαν-

703 1464 814 1518 vite
868 1460 1131 1529 templum
1186 1460 1325 1521 hoc,
1360 1478 1385 1510 οι
1444 1458 1539 1512 sed
1581 1456 1842 1527 quoniam
1884 1456 1941 1511 id
1961 1471 2081 1512 -eos
2125 1465 2277 1512 certo

2377 1464 2610 1533 έστησάν
2642 1483 2730 1537 μοι
2761 1469 3032 1540 μάρτυρες
3057 1470 3253 1532 ἄδικοι,
3278 1474 3372 1525 καὶ
3393 1472 3657 1542 ἐψεύσατο
3680 1475 3727 1544 νή
3766 1474 3938 1529 ἀδικία

703 1554 948 1607 faeturos
979 1548 1221 1615 sciebat,
1260 1563 1375 1603 rem
1417 1546 1655 1601 futuram
1690 1546 1921 1618 ﬁgurate
1948 1545 2178 1600 indicat.

2378 1555 2567 1627 ἑαυτῇ.
2600 1576 2619 1609 ι
2675 1560 2751 1613 Οὐ
2811 1561 3111 1633 προτρέπει
3159 1562 3217 1615 δέ
3247 1563 3442 1627 αὐτοὺς
3483 1564 3564 1628 είς
3611 1565 3939 1634 μιαιφονίας.

706 1661 725 1695 ι
750 1640 961 1694 Λύσατε
990 1637 1082 1693 τδν
1106 1638 1230 1692 ναὸν
1264 1636 1519 1702 τοῦτονμ
1547 1636 1716 1691 εἰπών
1739 1653 1755 1669 ’
1784 1636 1899 1690 ἀλλ’
1925 1635 2285 1709 ἐπείπμῇδει
2321 1640 2617 1714 δράσοντας
2650 1650 3051 1723 άνυπερθέτως,
3081 1652 3213 1707 αὐτὸ
3246 1654 3306 1708 τὸ
3336 1654 3712 1727 ωμόήσεοθαι
3753 1658 3941 1727 μέλλον

698 1735 904 1806 ἠθικῶς
932 1732 1325 1788 ὑπαινίττεται.

764 1829 843 1899 ll,
882 1830 974 1885 20.
1017 1830 1392 1901 Quadraginta
1430 1839 1479 1883 et
1504 1844 1602 1883 sea:
1634 1830 1787 1882 armis
1831 1828 2151 1898 aediﬁcatum
2195 1842 2274 1886 est
2308 1853 2347 1907 Β

2315 1853 2347 1907 Β
2452 1835 2907 1903 Τεσσαράκοντα
2927 1838 3024 1892 καί
3050 1838 3121 1903 ἐξ
3144 1839 3345 1894 ἔτεσιν
3362 1842 3707 1913 ᾠκοδομήθη
3739 1848 3775 1900 ό
3800 1847 3941 1915 ναὸς

699 1924 949 1994 templum
1008 1924 1150 1987 hoc,
1211 1935 1259 1977 et
1324 1932 1379 1974 tu
1441 1921 1495 1973 in
1558 1920 1724 1975 m‘bus
1782 1920 1961 1973 diebus
2014 1922 2267 1976 excitabit

2250 1939 2267 1976 ι
2370 1921 2691 1993 obtegam!
2717 1927 2798 1981 σὺ
2818 1928 2888 1981 ἐν
2911 1929 3374 2002 τρισινιήμέραις
3401 1934 3628 2004 ἐγερεῖς
3647 1940 3876 2005 αὐτόν-ς

697 2016 835 2070 illud
862 2020 888 2073 .9

770 2110 1014 2180 Mysterii
1058 2107 1405 2164 altitudinem
1451 2122 1561 2162 non
1597 2108 2004 2177 'intelligentcs,
2045 2108 2265 2179 signum

2437 2104 2734 2174 Διαγελῶσι
2766 2106 2838 2160 ea
2868 2108 3119 2178 σημεῖον,
3143 2110 3483 2178 ούσυνέντες
3514 2111 3608 2168 τοῦ
3636 2118 3938 2188 pompm

696 2199 961 2265 irrident,
998 2206 1054 2253 et
1088 2197 1315 2252 inscitiae
1340 2212 1454 2251 sua:
1482 2197 1731 2250 morbum
1768 2208 2029 2266 tanquam
2058 2198 2265 2266 justam

2366 2195 2425 2247 τὸ
2467 2195 2661 2265 βάθος,
2710 2196 3016 2267 ἁρπάζουσι
3063 2198 3120 2251 δέ
3161 2200 3512 2271 τῆςεὲαυτῶν
3555 2206 3798 2275 ἀμαθίας
3824 2209 3938 2281 ’τὴν

693 2290 742 2345 ei
792 2305 898 2345 non
946 2286 1170 2359 parendi
1202 2302 1424 2343 causam
1470 2287 2005 2356 arripiunt,'reique
2034 2288 2267 2344 dilﬁculo

2365 2292 2519 2339 νόσον
2560 2287 2639 2350 είς
2677 2284 2897 2356 εΰλογον
2940 2289 3194 2360 ἀφορμὴν
3214 2291 3309 2343 τοῦ
3343 2292 3417 2364 μὴ
3446 2293 3743 2349 ὑπακούειν
3769 2297 3937 2369 αὐτῷ,

695 2390 858 2437 tatem
891 2381 1033 2451 apud
1072 2396 1130 2437 se
1166 2380 1586 2451 perpendentes,
1628 2379 1879 2434 frivolam
1914 2381 2074 2436 istam
2109 2382 2267 2451 polli-

2364 2379 2458 2431 καὶ
2493 2377 2590 2450 τὴν
2619 2377 2728 2431 άπὸ
2769 2377 2863 2431 τοῦ
2900 2379 3221 2450 πράγματος
3256 2383 3561 2446 ἐννοοῦντες
3596 2386 3935 2460 δυσχέρειαν,

693 2473 1011 2528 citationem
1042 2472 1401 2537 existimant,
1450 2479 1504 2525 et
1548 2488 1670 2541 qua:
1705 2473 1952 2542 praesum
1986 2482 2259 2543 nequeat:

2364 2469 2439 2533 ώς
2494 2470 2681 2538 εἰκαίῳ
2727 2470 2902 2541 λόγῳ,
2958 2470 3158 2541 μᾶλλον
3194 2472 3227 2544 ἢ
3269 2475 3399 2545 περὶ
3434 2475 3543 2530 τῶν
3570 2479 3807 2548 ἐφικτῶν
3840 2481 3939 2535 ὕπ-

694 2564 926 2634 ideoque
976 2579 1102 2619 vere
1139 2563 1207 2618 de
1242 2562 1309 2617 iis
1350 2562 1460 2617 dici
1511 2577 1671 2632 posse
1698 2563 1911 2617 videtur
1943 2565 2092 2634 quod
2122 2565 2264 2620 scri-

2367 2562 2699 2632 ισχνουμένῳ
2724 2563 3198 2633 προσεσχήκασιν-,
3227 2566 3313 2619 ἵνα
3334 2566 3587 2637 φαίνηται
3614 2570 3673 2623 τὸ
3689 2587 3940 2644 γεγραμ-

692 2663 845 2725 ptum
872 2665 954 2709 est
987 2673 999 2709 :
1046 2673 1064 2705 ι
1093 2652 1472 2709 Obscurentur
1508 2654 1652 2709 oculi
1678 2669 1871 2708 eorum
1894 2656 2214 2712 'nevideant
2245 2672 2260 2711 :

2366 2654 2525 2724 μένον
2538 2655 2624 2707 ἐπ’
2640 2655 2824 2718 αὐτοῖς
2838 2654 3039 2726 ἀληθές
3057 2671 3072 2686 ·
3093 2674 3112 2707 ι
3138 2656 3585 2728 Σκοτισθήτωσαν
3602 2663 3652 2714 οί
3668 2662 3938 2735 ὀφθαλμοὶ

689 2753 744 2801 et
780 2746 1007 2801 dorsum
1057 2744 1211 2817 142
1261 2761 1452 2801 eorum
1495 2762 1711 2816 semper
1750 2747 1978 2802 incurva
2012 2749 2081 2815 ⁹⁰;
2126 2767 2145 2800 ι
2204 2759 2264 2804 ut

2362 2742 2541 2797 αὐτῶν
2566 2742 2659 2795 τοῦ
2690 2744 2764 2813 μὴ
2790 2741 3027 2813 βλέπειν,
3055 2744 3150 2797 καὶ
3179 2743 3271 2797 τὸν
3294 2745 3461 2799 νῶτον
3481 2747 3660 2802 αὐτῶν
3686 2748 3936 2820 σύγκαμ-

690 2836 946 2891 deorsum
981 2834 1384 2906 quodammodo
1411 2837 1661 2901 curvati,
1700 2847 1751 2890 et
1777 2838 1829 2890 in
1866 2839 2011 2893 solas
2039 2853 2125 2893 res
2156 2848 2263 2894 ter-

2360 2836 2460 2906 ψον
2486 2836 2574 2889 διὰ
2604 2836 2820 2900 παντὸς,
2858 2837 2944 2889 ῐνα
2964 2836 3169 2908 τρόπον
3188 2837 3312 2891 τινὰ
3336 2838 3487 2891 κάτω
3508 2840 3809 2908 κεκυφότες
3824 2842 3933 2908 ἀεὶ,

688 2942 852 2982 renas
880 2926 1039 2997 proni
1066 2964 1081 2989 ,
1122 2926 1377 2982 sublimia
1396 2926 1734 2982 Christiana:
1764 2930 1979 2998 pietatis
2008 2930 2259 3002 dogmata

2362 2928 2453 2980 καὶ
2475 2930 2553 2990 είς
2584 2927 2721 2997 μόνα
2744 2927 2813 2981 τά
2828 2929 2918 2981 ἐπὶ
2946 2928 3049 2998 γῆς
3069 2927 3453 2993 κατανεύοντες
3480 2930 3805 3001 πράγματα,
3828 2932 3937 2984 τῶν

688 3020 889 3075 intueri
922 3019 1239 3074 nullatenus
1272 3019 1489 3089 possint
1531 3038 1543 3073 :
1581 3034 1689 3073 non
1719 3020 1997 3076 invidente
2024 3022 2131 3078 Deo
2159 3024 2261 3079 ho-

2363 3019 2580 3089 ὑψηλῶν
2613 3020 2709 3090 τῆς
2737 3021 2817 3083 είς
2848 3018 3081 3091 Χριστὸν
3105 3019 3387 3083 εῦσεὸείας
3429 3020 3717 3091 δογμάτων
3766 3024 3934 3094 μηδε-

692 3112 900 3165 miuum
933 3116 1172 3169 amante.
1206 3109 1299 3164 sed
1330 3109 1480 3179 justo
1500 3110 1770 3179 supplicio
1800 3112 2138 3166 intoleranda
2168 3128 2261 3168 eo-

2365 3111 2492 3180 μίαν
2523 3110 2762 3181 δέχοιντο
2794 3110 3046 3183 θεωρίαν,
3087 3112 3147 3165 ού
3193 3112 3577 3183 βασκαίνοψτος
3620 3114 3804 3179 αὐτοῖς
3844 3117 3937 3171 ἐπὶ

689 3218 810 3257 rum
835 3200 1067 3257 crimina
1101 3200 1391 3270 puniente.
1409 3201 1587 3257 Cerne
1609 3203 1754 3257 enim
1786 3219 1893 3273 quo
1920 3214 2078 3273 pacto
2102 3221 2255 3261 suam
2286 3200 2315 3258 C

2306 3200 2327 3258 Ζ
2359 3199 2568 3263 τούτοις
2595 3199 2688 3253 τοῦ
2718 3200 3096 3273 φιλανθρώπου
3126 3202 3282 3265 Θεοῦ,
3315 3204 3621 3275 ίσοστάθμῳ
3646 3205 3703 3258 δὲ
3733 3205 3932 3276 μᾶλλον

687 3294 789 3365 ipsi
818 3293 1056 3349 animam
1090 3292 1298 3347 violant
1346 3302 1509 3362 atque
1566 3302 1945 3350 contemnunt.
1994 3294 2257 3354 Dominus

2358 3292 2677 3357 κολάζοντος
2738 3292 2861 3363 δίκῃ
2925 3294 3050 3358 τοὺς
3110 3295 3360 3365 ἀφόρητα
3409 3295 3928 3367 πλημμελήσαντας.

684 3383 828 3437 enim
863 3388 1051 3437 noster
1078 3378 1239 3436 Jesus
1270 3380 1528 3436 Christus
1575 3398 1734 3438 suum
1779 3384 2008 3439 vocabat
2040 3383 2255 3439 Patrem

2359 3383 2502 3453 Ὅρα
2532 3382 2640 3453 γὰρ
2660 3384 2806 3447 ὅπως
2830 3384 3070 3455 ἀνοήτως
3102 3385 3377 3458 ὑϐρίζουσι
3412 3387 3511 3457 τῆς
3537 3386 3746 3439 ἑαυτῶν
3771 3388 3934 3457 ἀφει-

686 3473 892 3538 Deum,
921 3471 1115 3526 dicens
1161 3488 1176 3525 :
1214 3488 1239 3521 ι
1266 3468 1444 3525 Nolite
1478 3470 1658 3525 facere
1692 3472 1912 3527 domum
1937 3471 2117 3527 Patris
2150 3472 2255 3527 mei

2362 3473 2623 3545 δήσαντες
2674 3475 2872 3545 ψυχῆς.
2935 3476 2995 3529 '0
3034 3477 3130 3546 μὲν
3169 3477 3276 3548 γὰρ
3305 3477 3504 3549 Κύριος
3530 3478 3688 3549 ἡμῶν
3719 3478 3928 3549 Ἰησοῦς

682 3566 906 3619 domum
954 3562 1350 3634 negotiationis
1401 3562 1469 3617 ".
1507 3582 1526 3615 ι
1583 3564 1655 3616 At
1705 3578 1827 3617 cum
1874 3563 2067 3617 deceat
2105 3562 2255 3631 ipsos

2354 3562 2586 3633 Χριστὸς
2600 3564 2729 3617 ἴδιον
2759 3564 2942 3618 ἐκάλει
2964 3566 3186 3636 Πατέρα
3212 3566 3301 3619 rev
3318 3566 3503 3633 Θεὸν,ι
3530 3568 3622 3639 Μὴ
3647 3572 3878 3633 ποιεῖτε,
3903 3589 3919 3619 ι

682 3673 807 3712 eum
845 3655 1041 3711 Filium
1091 3670 1155 3711 ac
1204 3653 1373 3711 Deum
1403 3694 1418 3718 ,
1472 3663 1661 3725 utpote
1707 3655 1798 3725 qui
1837 3671 1904 3709 ex
1944 3654 2053 3710 Deo
2087 3654 2254 3711 Patre

2354 3654 2549 3721 λέγων,
2577 3655 2696 3708 «τὸν
2727 3651 2873 3709 οἷκον
2906 3655 2999 3710 τοῦ
3029 3657 3241 3729 Πατρός
3278 3657 3553 3728 μου-οἷκον
3581 3661 3872 3731 ἐμπορίου.
3899 3680 3920 3712 ο

680 3749 909 3812 eﬂulsit,
949 3749 1281 3819 intelligere,
1324 3747 1532 3803 nudum
1587 3757 1767 3801 tamen
1808 3747 2081 3801 hominem
2133 3756 2187 3803 et
2216 3762 2253 3803 e

2353 3740 2483 3798 Εἶτα
2519 3746 2636 3799 δέον
2679 3748 2875 3811 αὐτοὺς
2908 3748 3034 3801 Υίὸν
3070 3749 3170 3819 ήδη
3226 3749 3322 3803 καὶ
3349 3749 3517 3813 Θεὸν,
3567 3750 3644 3814 ὡς
3676 3752 3743 3804 ἐκ
3786 3752 3924 3806 Θεοῦ

681 3840 841 3900 nobis
880 3856 1047 3897 unum
1075 3840 1385 3912 quempiam
1437 3854 1559 3893 esse
1607 3838 1862 3893 credunt.
1891 3836 2249 3909 'Proindeque

2351 3837 2561 3909 Πατρός
2608 3839 2884 3908 πεφηνότα
2915 3840 3092 3905 νοεῖν,
3139 3838 3425 3911 ἄνθρωπον
3463 3840 3541 3893 ἔτι
3574 3842 3783 3912 γυμνὸν
3829 3844 3925 3897 καὶ

684 3944 896 4004 tempus
942 3933 1087 4004 quod
1125 3930 1442 3985 :edillcanalo
1486 3929 1690 3999 templo
1737 3928 2073 3998 insumptum
2121 3937 2246 3997 est,

2348 3926 2455 3980 τῶν
2497 3927 2618 3981 καθ’
2662 3930 2812 3999 ἡμᾶς
2852 3928 3118 4000 ὑπάρχειν
3160 3929 3258 3984 ἕνα
3300 3930 3637 3988 πιστεύουσι.
3692 3933 3796 3987 Διά
3841 3952 3922 3988 τοι

679 4025 984 4095 objiciunt,
1036 4023 1326 4079 dicentes:
1376 4040 1395 4073 ι
1431 4020 1800 4090 Quadraginta
1847 4032 1901 4075 et
1955 4036 2051 4075 sex
2089 4022 2249 4078 annis

2347 4019 2611 4074 τοῦτοκαὶ
2639 4021 2731 4075 τὸν
2759 4021 2852 4076 ἐπὶ
2876 4024 2944 4093 τῇ
2981 4020 3076 4075 τοῦ
3099 4021 3228 4077 ναοῦ
3257 4027 3569 4096 κατασκευῇ
3600 4024 3912 4097 δαπανηθέ-

677 4115 1001 4172 aediﬁcatum
1030 4124 1114 4170 est
1143 4112 1403 4183 templum
1435 4112 1560 4174 hoc,
1593 4122 1646 4166 et
1677 4120 1731 4164 tu
1767 4110 2023 4166 in-tribus
2053 4109 2247 4168 diebus

2346 4128 2445 4165 ντα
2466 4110 2652 4182 χρόνον
2678 4111 3017 4184 προτείνουσι
3038 4111 3303 4180 λέγοντες,
3336 4114 3788 4185 «Τεσσαράκοντα
3814 4117 3911 4169 καὶ

673 4206 944 4261 excitabis
974 4203 1201 4259 illud?»
1244 4200 1375 4265 Sed,
1412 4216 1446 4253 ο
1500 4214 1619 4263 vos,
1666 4198 1976 4253 omnimoda
2023 4200 2244 4255 vesania

2346 4202 2405 4267 ἐξ
2432 4202 2605 4255 ἐτεσιν
2632 4202 2949 4275 ᾠκοδομήθη
2988 4204 3017 4256 ό
3053 4205 3178 4268 ναὸς
3207 4199 3393 4269 οὗτος·
3430 4208 3524 4261 καὶ
3551 4210 3618 4262 σὺ
3646 4211 3706 4262 ἐν
3737 4212 3917 4280 τρισὶν

674 4299 835 4365 ebrii,
862 4298 984 4368 jure
1012 4297 1307 4368 quispiam,
1338 4292 1553 4364 Opinor,
1588 4292 1822 4357 dixerit;
1846 4292 1891 4347 si
1920 4293 2075 4348 vobis
2091 4308 2244 4348 mens

2345 4293 2579 4363 ήμέραις
2624 4295 2837 4364 ἐγερεῖς
2882 4293 3043 4347 αὐτόν
3070 4311 3083 4359 ;
3110 4316 3129 4346 ι
3182 4296 3343 4363 ’Λλλζ
3366 4291 3411 4351 ὦ
3445 4299 3590 4371 πάσῃ
3626 4299 3917 4370 μεθύοντες

674 4391 852 4460 sapit,
897 4391 941 4444 si
985 4389 1248 4459 templum
1278 4384 1410 4440 illud
1446 4392 1684 4439 vestrum
1735 4381 1827 4439 Dei
1866 4385 2089 4439 domum
2121 4399 2244 4439 esse

2344 4382 2571 4453 ἀπονοίᾳ
2588 4423 2603 4446 ,
2629 4381 2849 4444 δικαίως
2873 4382 2939 4436 ἄν
2965 4378 3116 4454 οἶμαι
3140 4384 3317 4453 λέγειν
3342 4388 3554 4450 αὐτοῖς,
3583 4390 3634 4441 εί
3666 4389 3823 4457 σοφὸς
3855 4392 3916 4442 ἐν

673 4481 934 4537 creditis.
971 4480 1243 4549 quomodo
1279 4493 1387 4531 non
1436 4475 1680 4545 oportuit
1728 4490 1852 4529 cum
1904 4490 2028 4530 esse
2069 4473 2237 4529 Deum
2268 4527 2299 4585 ῑ

2289 4528 2316 4585 )
2344 4473 2468 4544 ὑμῖν
2491 4472 2775 4543 ἐνῴκισται
2805 4471 2959 4538 νοῦς,
3008 4476 3055 4527 εἰ
3091 4475 3180 4529 τὸν
3212 4477 3341 4547 παρ’
3368 4478 3496 4545 ὑμῖν
3532 4477 3662 4532 ὅντα
3682 4479 3807 4532 ναὸν
3833 4476 3915 4532 οἷ-

2344 4582 2435 4585 λ--..
2477 4559 2605 4585 -ῗ.....
2640 4562 2768 4585 ο--ῗ
2808 4564 3079 4585 -----Ᾱ³Αμγ
3178 4584 3183 4585 ,
3222 4566 3246 4579 "‘
3365 4568 3376 4585 ι
3475 4567 3526 4585 ινδ
3610 4568 3649 4585 n
3687 4569 3702 4585 ι
3785 4570 3809 4585 Ι

673 4570 975 4627 secundum
1008 4579 1257 4623 naturam
1300 4566 1605 4636 intelligere
1628 4606 1642 4631 ,
1674 4566 1767 4636 qui
1805 4566 2028 4637 impune
2053 4566 2239 4621 dicere
2272 4559 2299 4585 ⁸

2288 4559 2316 4585 ¹
2341 4582 2436 4617 κον
2474 4559 2611 4617 εἶναι
2639 4562 2770 4616 Θεοῦ
2805 4564 3119 4630 πιστεύετε,
3170 4566 3288 4630 πῶς
3325 4568 3425 4621 οὐκ
3472 4567 3577 4621 ἔδει
3609 4568 3743 4622 Θεὸν
3782 4570 3914 4623 ὄντα

670 4676 843 4716 ausus
866 4669 983 4715 est:
1008 4658 1214 4713 «Nolite
1239 4656 1421 4713 facere
1440 4656 1660 4713 domum
1684 4655 1861 4712 Patris
1882 4659 1987 4713 mei
2015 4657 2237 4712 domum

2341 4655 2480 4709 κατὰ
2506 4654 2666 4724 φύσιν
2682 4656 2881 4709 ἐννοεῖν
2903 4655 2991 4709 τὸν
3011 4658 3308 4722 ἀκινδύνως
3324 4661 3498 4712 εἰπεῖν
3524 4660 3875 4731 θαρσήσαντα
3894 4675 3906 4688 ·

670 4751 1056 4825 negotiationis
1075 4751 1098 4804 ?
1119 4770 1136 4801 ο
1178 4751 1242 4803 Et
1257 4764 1365 4819 quo
1394 4758 1572 4819 pacto,
1597 4763 1807 4817 quaso,
1831 4749 2009 4819 longis
2027 4756 2237 4818 tempo-

2345 4766 2361 4797 ι
2375 4748 2464 4817 Μὴ
2484 4749 2681 4801 ποιεῖτε
2693 4748 2782 4801 τὸν
2793 4743 2939 4801 οἷκον
2954 4749 3047 4802 τοῦ
3068 4751 3274 4820 Πατρός
3290 4768 3391 4821 μου
3403 4747 3550 4805 οἷκον
3567 4752 3834 4823 ἐμπορίου
3856 4768 3903 4815 ;»

666 4860 787 4901 rum
823 4842 1016 4913 spatiis
1050 4842 1119 4895 ad
1152 4841 1317 4895 unius
1351 4841 1551 4895 domus
1596 4846 1932 4895 structuram
1976 4854 2116 4908 opus
2158 4840 2239 4894 illi

2339 4833 2469 4891 Εἶτα
2501 4837 2615 4901 πῶς
2636 4837 2722 4901 ἂν,
2745 4840 2863 4892 εἰπέ
2884 4856 2993 4909 μοι,
3024 4841 3205 4895 λοιπὸν
3235 4841 3458 4912 μακρῶν
3480 4842 3670 4914 ἐδεήθη
3702 4843 3909 4914 χρόνων

668 4935 877 4991 fuerit?
915 4942 1010 4987 aut
1056 4930 1329 5002 quomodo
1378 4930 1486 4983 ulla
1538 4931 1592 4983 in
1647 4944 1710 4983 re
1750 4928 2072 4984 imbecillior
2121 4928 2238 4984 fue-

2337 4930 2416 4991 είς
2449 4930 2547 4999 τὴν
2586 4930 2701 4993 ἐνὸς
2728 4932 2875 4984 οίκου
2920 4935 3295 5004 κατασκευήνς
3361 4933 3395 5005 ἢ
3430 4934 3547 4997 πῶς
3577 4934 3641 4988 ἂν
3675 4935 3907 5005 ὴτόνησε

666 5028 777 5091 rit,
827 5025 916 5096 qui
974 5034 1179 5095 septem
1207 5022 1470 5076 duntaxat
1500 5036 1728 5075 numero
1775 5020 1969 5075 diebus
2008 5020 2228 5075 univer-

2335 5019 2470 5090 πρὸς
2509 5022 2645 5091 ὅπερ
2694 5020 2758 5074 ἂν
2788 5022 2940 5091 τύχοι
2959 5022 3255 5091 γεννικῶς,
3297 5024 3326 5076 ὁ
3357 5025 3415 5078 ἐν
3448 5024 3636 5095 μόναις
3669 5026 3903 5098 ἡμέραις

667 5131 785 5171 sum
833 5115 935 5181 hoc
984 5112 1245 5169 inell‘abili
1287 5112 1490 5167 virtute
1533 5110 1835 5165 fabricatus
1868 5119 1989 5174 est,
2033 5118 2087 5165 et
2134 5111 2229 5180 qui

2335 5107 2475 5160 ἑπτὰ
2518 5108 2606 5161 τὸν
2651 5107 2880 5179 ἀριθμὸν
2915 5110 3034 5163 τόδε
3077 5111 3137 5163 τὸ
3187 5112 3405 5181 σύμπαν
3437 5114 3629 5183 άφάτῳ
3676 5114 3902 5185 δυνάμει

614 5215 624 5289 ς
664 5206 806 5275 quod
830 5204 1206 5260 tantummodo
1239 5203 1354 5257 vult
1385 5202 1607 5272 potest?
1641 5202 1767 5257 Haec
1796 5202 1939 5256 enim
1963 5202 2232 5258 aestimare

2335 5195 2842 5266 διατεχνησάμενος,
2871 5198 2965 5252 καὶ
2996 5199 3052 5252 ἐν
3086 5200 3230 5271 μόνῳ
3254 5201 3331 5271 τῷ
3365 5202 3537 5255 θέλειν
3570 5203 3707 5273 ἔχων
3731 5204 3793 5257 τὸ
3811 5205 3902 5258 δύ-

664 5296 891 5351 debebat
920 5296 1151 5366 populus
1184 5309 1468 5351 sacrarum
1506 5292 1834 5349 Litterarum
1859 5294 2089 5362 peritus.

2336 5287 2557 5353 νασθαι;
2590 5289 2773 5344 Ταῦτα
2815 5291 2924 5360 γὰρ
2975 5290 3081 5344 ἔδει
3126 5292 3434 5360 λογίζεσθαι
3478 5296 3567 5348 τὸν
3599 5295 3708 5349 τῶν
3744 5296 3905 5367 ἱερῶν

2334 5381 2681 5452 γραμμάτων
2718 5383 3058 5455 ἐπιστήμονα
3090 5384 3237 5437 λαόν.

730 5470 807 5537 H,
837 5473 1020 5537 2l,22.
1068 5472 1166 5529 Ille
1202 5484 1377 5529 autent
1415 5472 1622 5527 dicebat
1658 5471 1721 5525 de
1761 5471 1951 5540 templo
1992 5472 2224 5541 corporis

2402 5473 2664 5537 Ἐκεῖνος
2697 5473 2765 5527 δὲ
2792 5475 2963 5543 ἔλεγε
3006 5475 3137 5543 περὶ
3174 5475 3278 5529 τοῦ
3307 5474 3458 5530 ναοῦ
3495 5474 3602 5529 τοῦ
3629 5475 3904 5545 σώματος

660 5568 762 5618 sui.
808 5564 939 5620 Cum
986 5582 1103 5636 ergo
1151 5566 1522 5620 resurrexisset
1562 5581 1593 5617 a
1647 5563 1899 5627 mortuis,
1962 5562 2224 5617 recordati

2329 5564 2536 5619 αὐτοῦ.
2572 5565 2702 5619 Ὅτε
2740 5562 2853 5621 οὖν
2896 5566 3115 5637 ἠγέρθη
3167 5568 3235 5622 ἐκ
3280 5567 3399 5621 τῶν
3441 5566 3691 5637 νεκρῶν,
3732 5567 3903 5637 ἐμ·νή⁴

726 5735 770 5767 ⁸⁷
806 5734 995 5789 Matth.
1033 5750 1180 5799 xxvx,
1212 5736 1298 5787 (il.
1396 5735 1438 5765 ⁸⁸
1471 5733 1611 5787 Psal.
1645 5747 1823 5795 xxxiv,
1857 5733 1941 5785 ll.
2032 5732 2075 5763 '9
2119 5731 2263 5796 Psal.
2296 5750 2439 5796 xxvi,
2480 5735 2558 5789 l2.
2656 5738 2700 5769 ὀ
2733 5736 2875 5791 Psal.
2902 5754 3093 5804 uvm,
3123 5740 3211 5795 ‘Zl.
3289 5742 3331 5773 "
3377 5741 3536 5798 Joan.
3569 5757 3633 5809 tt,
3673 5741 3755 5798 ιϐ.
