4118 6566
638 406 746 466 239

1637 401 1694 456 S.
1735 401 2008 460 CYRILLI
2051 403 2516 460 ALEXANDRINI
2546 404 2862 463 ARCIIIEP.

3775 404 3880 460 ξιο

637 521 690 574 in
730 519 815 574 die
862 520 1016 590 festo,
1051 516 1202 571 multi
1244 515 1576 570 crediderunt
1613 517 1667 571 in
1705 521 1912 573 nomine
1957 519 2094 588 ejus,
2126 521 2194 573 ci-

2307 521 2388 587 ἐν,
2421 519 2496 588 τῇ
2535 518 2744 589 ἑορτῇ,
2799 515 3017 571 πολλοὶ
3055 513 3426 569 ἐπίστευσαν
3469 513 3556 577 είς
3597 511 3664 567 τὸ
3695 513 3880 584 ὄνομα

637 612 815 666 dentes
844 613 994 681 signa
1025 610 1138 678 ejus
1167 623 1281 678 qua:
1317 606 1566 675 faciebat.

713 703 832 758 Non
858 710 1039 757 cessat
1064 702 1320 755 Christus
1362 700 1575 755 salvare
1595 707 1650 754 et
1681 699 1893 768 juvare.
1919 701 2200 769 Sapientes

552 857 556 860 ,
636 798 779 851 enim
837 794 1018 849 verbis
1068 788 1298 851 inducit.
1352 791 1490 846 alios
1544 791 1703 864 1M
1747 793 1929 846 divina
1984 807 2201 864 quoque

636 889 837 942 virtute
889 883 1212 953 percelleus,
1249 881 1313 934 ad
1359 880 1515 936 ﬁdem
1579 883 1870 950 pertrahit,
1923 881 2200 952 adigitque

637 987 697 1031 ut
725 993 792 1031 ex
823 976 944 1043 ejus
989 973 1269 1044 operibus,
1295 987 1526 1041 quorum
1561 971 1663 1041 ipsi
1703 982 2041 1041 spectatores
2083 973 2200 1028 fue-

636 1076 781 1127 rant.
819 1066 987 1121 Deum
1019 1081 1142 1120 esse
1183 1079 1372 1118 revera
1401 1063 1627 1118 credant
1659 1079 1811 1128 eum,
1844 1065 1935 1134 qui
1969 1080 2056 1120 res
2087 1072 2197 1119 tam

633 1156 986 1210 admirabiles
1032 1154 1216 1208 faciat.

704 1248 770 1311 ll,
811 1247 898 1300 24.
947 1245 1067 1315 Ipse
1105 1257 1282 1298 autent
1323 1241 1480 1297 Iesus
1553 1259 1656 1297 non
1707 1241 1946 1297 credebat
2020 1253 2198 1298 semet-

635 1340 807 1408 ipsum
837 1338 934 1391 eis.

703 1429 867 1486 Certa
897 1443 1003 1482 non
1032 1434 1115 1481 est
1143 1441 1329 1482 eorum
1363 1426 1602 1496 cognitio
1624 1427 1718 1495 qui
1749 1442 1923 1496 nuper
1951 1427 2199 1482 credide-

636 1527 784 1584 runt,
811 1519 903 1574 sed
945 1533 1120 1587 neque
1161 1533 1315 1573 mens
1346 1519 1481 1574 satis
1511 1517 1722 1572 ﬁrmata
1762 1525 1847 1574 est
1884 1519 2197 1575 recentibus

639 1607 944 1662 miraculis.
977 1606 1184 1673 Quibus
1211 1606 1356 1661 enim
1389 1613 1542 1661 tener
1567 1606 1746 1661 adhuc
1775 1617 1862 1662 est
1891 1623 2074 1663 sermo
2104 1622 2198 1661 ca-

634 1701 938 1764 tccheseos,
965 1697 1240 1766 quomodo
1260 1697 1486 1753 stabiles
1521 1698 1574 1752 in
1602 1699 1802 1766 pietate
1825 1698 1934 1768 jam
1964 1698 2199 1754 fuerint?

630 1789 882 1844 Nondum
929 1791 1095 1860 igitur
1138 1805 1198 1845 se
1230 1790 1454 1844 novitiis
1497 1791 1674 1845 credit
1712 1791 1986 1855 Christus,
2011 1799 2198 1846 osten-

2310 612 2524 676 αὐτοῦ,
2563 610 2923 679 θεωροῦντες
2951 606 3138 662 αὐτοῦ
3164 605 3236 659 τὰ
3258 604 3497 674 σημεῖα,
3534 604 3572 659 d
3597 605 3805 661 ἐποίει.

2375 703 2449 756 Οὐ
2491 702 2786 774 καταλήγει
2829 700 3107 764 διασώζων
3154 697 3249 752 κα)⁸
3287 696 3513 767 ὠφελῶν
3558 697 3588 749 6
3621 697 3872 770 Χριστός.

2303 791 2442 856 Τοὺς
2477 793 2577 864 μὲν
2617 793 2724 865 γὰρ
2750 792 2945 862 σοφοὺς
2977 789 3242 858 ἐπάγεται
3284 787 3497 857 λόγοις,
3547 791 3675 854 τοὺς
3704 791 3762 843 δὲ
3785 796 3877 847 καὶ

2301 883 2528 954 δυνάμει
2571 883 2964 954 καταπλήττων
3009 879 3334 950 θεοπρεπεῖ,
3399 880 3694 951 σαγηνεύει
3741 883 3873 951 πρὸς

2301 973 2481 1027 πίστιν
2499 1014 2513 1038 ,
2551 974 2610 1040 ἐξ
2630 966 2705 1028 ὧν
2731 970 3056 1044 ἐνεργοῦντα
3078 969 3358 1023 τεθέανται
3393 972 3716 1024 κατανεύειν
3742 973 3872 1024 ἀνα-

2302 1062 2698 1134 πεπεισμένους
2718 1105 2732 1127 ,
2759 1062 2950 1132 ὅτι-περ
2980 1059 3148 1123 ὅντως
3174 1059 3408 1131 ὑπάρχοι
3439 1060 3572 1124 Θεὸς
3593 1061 3631 1112 ·ό
3655 1060 3764 1113 τῶν
3791 1062 3873 1115 όν-

2297 1172 2405 1219 τως
2432 1153 2773 1224 ἀξιαγάστων
2808 1151 3155 1224 δημιουργός.

2369 1245 2562 1311 Αὐτὸς
2587 1244 2654 1298 δὲ
2689 1247 2722 1298 ὀ
2759 1243 2989 1311 Ἰησοῦς
3018 1245 3128 1296 οὐκ
3158 1241 3476 1294 ἐπίστευεν
3507 1239 3727 1294 ἑαυτὸν
3763 1243 3868 1296 αὐ-

2297 1335 2440 1402 τοῖς.

2366 1427 2481 1480 Οὐκ
2509 1427 2754 1496 ἀσφαλὴς
2787 1426 2822 1495 ἡ
2873 1424 3154 1496 γνῶσιςιή
3195 1424 3304 1479 τῶν
3343 1426 3469 1498 ἄρτι
3511 1426 3869 1479 πεπιστευκὼ

2297 1534 2437 1580 των,
2483 1515 2596 1569 ἀλλ’
2648 1516 2768 1568 οὐδὲ
2809 1515 3093 1586 ἱδρυμένος
3135 1517 3163 1568 6
3205 1516 3329 1580 νοῦς
3380 1517 3475 1568 ἐπὶ
3517 1519 3728 1586 νεαροῖς
3759 1520 3871 1579 τοῖς

2300 1606 2580 1677 θαύμασι·
2631 1607 2726 1659 καὶ
2765 1608 2813 1659 οἱ
2853 1606 3055 1676 τρόπον
3091 1607 3211 1659 τινὰ
3262 1605 3471 1678 χλωρὸν
3525 1607 3606 1660 ἔτι
3644 1607 3735 1660 τὸν
3775 1608 3871 1678 τῆς

2297 1698 2653 1767 κατηχήσεως
2684 1695 2897 1766 ἔχοντες
2937 1696 3123 1766 λόγον,
3172 1695 3289 1760 πῶς
3316 1696 3381 1751 ἂν
3411 1693 3521 1750 εἷεν
3551 1697 3651 1769 ἢδη
3687 1713 3870 1767 πεπη-

2298 1791 2456 1860 γότες
2484 1792 2562 1853 είς
2589 1789 2872 1844 εὐλάϐειαν
2898 1805 2913 1854 ;
2957 1787 3123 1842 Οὔπω
3155 1789 3444 1859 τοιγαροῦν
3477 1792 3591 1852 τοῖς
3617 1789 3870 1858 νεήλυσιν

629 1882 768 1936 dens
808 1894 1064 1950 magnum
1119 1880 1381 1949 quiddam
1419 1889 1473 1935 et
1512 1882 1872 1952 expetendum
1920 1896 2044 1936 esse
2087 1882 2194 1936 sin-

2300 1881 2490 1935 έαυτδν
2546 1879 2831 1952 ἐπιτρέπει
2887 1878 3152 1950 Χριστὸς,
3200 1880 3389 1950 χρῆμά
3437 1897 3487 1932 τι
3536 1879 3714 1949 μέγα,
3777 1880 3872 1932 καὶ

631 1987 816 2028 cerum
854 1972 907 2025 in
953 1971 1119 2026 Deum
1171 1985 1438 2034 amorem,
1472 1986 1573 2025 nec
1603 1978 1824 2042 repente
1867 1972 2064 2035 cuivis,
2098 1971 2196 2027 sed

593 2125 598 2132 _
632 2065 818 2118 studio
845 2073 898 2117 et
925 2063 1316 2118 exercitatione
1351 2062 1573 2118 virtutis
1616 2078 1681 2117 ac
1717 2072 1958 2133 tempore
1986 2063 2194 2132 perlici.

631 2154 861 2210 Discant
894 2155 1082 2224 itaque
1120 2154 1251 2208 hinc
1287 2153 1484 2222 quibus
1523 2155 1730 2209 credita
1769 2163 1898 2208 sunt
1938 2155 2032 2208 Dei
2073 2171 2195 2226 my-

633 2246 824 2311 steria,
887 2246 1032 2300 intra
1067 2260 1226 2300 sacra
1265 2246 1384 2300 vela
1425 2247 1697 2300 hominem
1727 2253 2053 2316 praemature
2086 2261 2196 2300 non

631 2336 960 2398 admittere.
1013 2351 1190 2406 neque
1258 2337 1562 2408 neophytos
1615 2351 1712 2392 eos
1765 2338 1938 2392 sacris
1991 2337 2195 2393 mensis

630 2429 892 2485 adhibere
947 2429 1038 2498 qui
1089 2430 1470 2498 intempestive
1513 2429 1879 2500 baptizantur,
1911 2437 1965 2485 et
1996 2431 2196 2500 quibus

628 2520 836 2578 Christi
868 2521 1114 2576 omnium
1156 2521 1365 2574 Domini
1400 2521 1532 2576 ﬁdes
1566 2521 1894 2592 praemature
1931 2522 2194 2576 creditur.

629 2611 701 2667 Ut
738 2613 884 2666 enim
925 2611 1094 2681 ﬁgura
1124 2612 1211 2666 hic
1246 2612 1409 2666 etiam
1445 2612 1605 2667 nobis
1653 2620 1819 2674 esset.
1862 2613 2196 2683 doceretque

628 2705 850 2775 quinam
883 2705 1226 2775 potissimum
1274 2705 1345 2760 sit
1392 2703 1715 2768 initiandus,
1743 2705 2030 2760 credentes
2060 2706 2198 2775 qui-

628 2793 750 2850 dem
783 2794 1036 2864 suscipit,
1066 2793 1162 2848 sed
1204 2794 1446 2848 nondum
1493 2794 1575 2849 eis
1621 2794 1900 2848 conﬁdere
1944 2795 2194 2859 videtur,

631 2901 697 2943 eo
725 2886 869 2957 quod
903 2887 1143 2956 seipsum
1179 2899 1287 2940 non
1321 2886 1546 2946 credat,
1583 2892 1644 2939 ut
1707 2885 1835 2938 hinc
1865 2895 2065 2954 pateat,
2097 2900 2196 2940 no-

625 2979 776 3034 vitiis
819 2979 873 3032 in
919 2977 1022 3032 ﬁde
1060 2992 1166 3031 non
1200 2977 1401 3047 exiguo
1449 2988 1695 3047 tempore
1743 2976 1888 3030 inter
1933 2978 2197 3030 catechu-

628 3084 825 3126 menos
849 3083 972 3124 esse
1002 3068 1352 3136 versandum,
1382 3068 1640 3138 quoniam
1663 3067 1750 3123 vel
1774 3068 1856 3122 sic
1885 3067 1975 3120 vix
2009 3066 2196 3123 ﬁdeles

625 3161 844 3219 evasuri
868 3169 1020 3216 sunt.
1783 3171 1785 3173 ‘

697 3421 765 3485 ll,
812 3422 1002 3478 24-25.
1065 3419 1144 3477 Eo
1188 3421 1328 3493 quod
1366 3423 1476 3492 ipse
1523 3432 1697 3478 nosset
1733 3440 1944 3489 omnes,
1980 3433 2028 3478 et
2070 3425 2195 3494 quia

627 3529 754 3581 opus
789 3514 838 3568 ei
862 3531 965 3568 non
992 3522 1128 3580 erat,
1162 3526 1218 3567 ut
1267 3517 1384 3584 quis
1430 3516 1786 3570 testimonium
1823 3516 2108 3585 perhiberet
2132 3516 2196 3570 de

624 3604 834 3660 homine
855 3620 875 3659 :
914 3606 1023 3676 ipse
1047 3607 1188 3660 enim
1221 3605 1415 3660 sciebat
1455 3606 1580 3677 quid
1614 3616 1747 3661 esset
1777 3610 1831 3661 in
1860 3607 2084 3662 homine.

697 3778 824 3834 Haec
853 3793 1070 3850 quoque
1112 3779 1372 3852 dignitas,
1405 3781 1480 3835 uti
1514 3789 1568 3836 et
1602 3791 1814 3844 caetera:
1835 3798 1956 3852 quae
1983 3796 2110 3838 sunt
2139 3785 2194 3838 in

624 3869 867 3933 Christo,
899 3869 1006 3925 Deo
1043 3872 1324 3941 competit,
1353 3885 1452 3926 nec
1483 3871 1538 3926 in
1577 3873 1684 3926 ulla
1717 3889 1775 3928 re
1815 3882 2002 3928 creata
2035 3889 2194 3944 repe-

624 3958 786 4013 ritur.
815 3955 930 4012 Soli
965 3958 1108 4012 enim
1142 3957 1253 4013 Deo
1279 3974 1408 4013 vero
1439 3959 1613 4025 ipsam
1650 3962 1842 4017 tribuit
1876 3963 2192 4030 Psalmista,

627 4047 860 4108 dicens:
897 4068 916 4101 ι
958 4049 1062 4116 Qui
1109 4049 1266 4106 ﬁnxit
1302 4053 1582 4124 sigillatim
1627 4053 1796 4108 corda
1824 4069 2014 4109 eorum
2049 4072 2064 4110 :
2101 4057 2194 4124 qui

627 4128 882 4214 intelligit
937 4145 1124 4199 omnia
1173 4159 1343 4216 opera
1387 4162 1576 4202 eorum
1613 4147 1684 4204 “.
1725 4166 1744 4200 ι
1791 4147 1950 4214 Quod
2002 4149 2048 4204 si
2083 4148 2196 4204 Deo

625 4233 746 4288 solo
775 4248 900 4304 qua:
925 4234 981 4287 in
1016 4234 1181 4290 nobis
1213 4245 1342 4291 sunt
1373 4236 1730 4308 intelligente,
1755 4236 2010 4294 Christus
2037 4239 2198 4295 intel-

627 4322 768 4396 ligit,
820 4325 1095 4395 quomodo
1124 4342 1235 4382 non
1281 4328 1388 4381 erit
1417 4327 1717 4383 secundum
1746 4337 1999 4384 naturam
2030 4329 2191 4396 Deus,

625 4420 721 4490 qui
752 4417 934 4472 abdita
969 4418 1142 4484 novit,
1165 4430 1220 4472 et
1251 4419 1358 4472 alta
1391 4421 1676 4490 cognoscit
1709 4427 1764 4474 et
1798 4436 2023 4485 arcana,
2053 4422 2196 4477 sicut

2297 1971 2745 2043 ἀξιεραστότατον
2783 1970 3087 2033 ἐπιδεικνὺς
3114 1969 3212 2040 τὴν
3258 1973 3336 2034 είς
3359 1970 3492 2022 Θεὸν
3519 1971 3868 2040 γνησιότητα,

2296 2065 2390 2116 καὶ
2432 2062 2530 2132 ούχ
2576 2060 2808 2130 ἑτοίμως
2856 2060 3178 2130 προκεῖσθαι
3231 2064 3343 2124 τοῖς
3379 2061 3657 2114 ἐθέλουσιν
3709 2061 3867 2126 ἑλεῖν,

2296 2157 2412 2210 ἀλλ’
2459 2155 2641 2224 ἐφέσει
2676 2158 2744 2226 τῇ
2779 2156 2859 2218 εἰς
2892 2153 3122 2222 ἀγαθον,
3165 2156 3258 2207 καὶ
3305 2155 3502 2226 μελέτῃ
3559 2157 3653 2208 καὶ
3695 2156 3870 2225 χῲνῳ

2296 2246 2756 2318 κατορθουμένην.
2802 2245 3238 2299 Μανθανέτωσαν
3281 2245 3367 2298 διὰ
3419 2246 3624 2298 τούτων
3670 2248 3718 2298 oi
3761 2247 3867 2298 τῶν

2295 2339 2387 2393 τοῦ
2437 2339 2687 2410 Σωτῆρος
2723 2337 3036 2409 μυστηρίων
3071 2338 3292 2409 ταμίαι,
3346 2338 3419 2408 μὴ
3466 2340 3714 2410 πρόωρον
3759 2339 3866 2391 τῶν

2298 2428 2457 2497 ίερῶν
2494 2426 3002 2497 καταπετασμάτων
3041 2426 3172 2478 εἵσω
3216 2425 3487 2478 ποιεῖσθαι
3525 2425 3616 2477 τὸν
3658 2426 3866 2497 ἄνθρω-

2296 2538 2399 2574 πον
2423 2563 2436 2586 ,
2492 2518 2627 2590 μηδὲ
2677 2517 2969 2588 νεορρύτους
3006 2519 3123 2580 ταῖς
3157 2516 3329 2580 θείαις
3354 2517 3668 2586 ἐπιτρέπειν
3703 2534 3866 2588 προσ.

2297 2613 2436 2666 ιέναι
2476 2610 2776 2684 τραπέζαις
2797 2609 2935 2681 ἀωρὶ
2964 2608 3390 2679 βαπτιζομένους
3423 2608 3604 2672 τινὰς,
3653 2611 3744 2662 καὶ
3768 2611 3865 2662 οὐκ

2293 2705 2354 2757 ὲν
2405 2701 2584 2773 καιρῷ
2641 2702 2733 2754 τὸν
2797 2701 3054 2755 ἁπάντων
3109 2699 3384 2769 Δεσπότην
3448 2701 3865 2770 πιστευομένους

2295 2795 2546 2864 Χριστόν.
2590 2793 2706 2846 Ἵνα
2742 2791 2850 2862 γὰρ
2887 2791 3054 2854 τύπος
3092 2792 3224 2861 ἡμῖν
3261 2791 3364 2844 κᾶν
3405 2790 3581 2861 τούτῳ
3621 2792 3860 2862 γένηται,

2297 2883 2392 2937 καὶ
2418 2882 2602 2955 διδάξῃ
2623 2881 2728 2934 τίνι
2759 2880 2956 2951 μᾶλλόν
2981 2882 3096 2933 ἐστι
3119 2879 3180 2932 τὸ
3210 2879 3459 2950 μυεῖσθαι
3491 2880 3860 2949 πρεπωδέστε-

2299 2992 2410 3047 ρον,
2451 2974 2664 3044 δέχεται
2693 2973 2790 3044 μὲν
2817 2972 2944 3034 τοὺς
2980 2970 3367 3037 πιστεύοντας,
3404 2970 3562 3022 -οῡπω
3598 2970 3656 3022 δὲ
3686 2971 3861 3032 αὐτοῖς

2295 3066 2686 3136 ἀποθαρσήσας
2716 3065 2938 3135 δρᾶται,
2989 3062 3076 3114 διὰ
3110 3062 3204 3116 τοῦ
3239 3062 3311 3132 μὴ
3346 3062 3620 3116 πιστεύειν
3645 3063 3857 3114 ἑαυτόνο

2292 3158 2370 3222 ὡς
2407 3153 2543 3210 εἶναι
2577 3155 2733 3225 δῆλον
2761 3152 3037 3215 ἐντεῦθεν,
3090 3153 3169 3205 ὅτι
3207 3154 3313 3223 χρὴ
3356 3153 3481 3216 τοὺς
3507 3153 3769 3222 νεήλυδας
3805 3154 3858 3204 οὗ

2221 3238 2265 3298 C
2302 3248 2495 3322 μικρὸν
2523 3250 2579 3301 ὲν
2607 3246 2908 3316 κατηχήσει
2932 3243 3212 3335 τρίξεσθαι
3239 3244 3431 3315 χρόνον
3455 3259 3470 3275 ο
3498 3244 3639 3297 οὕτω
3663 3243 3772 3312 γὰρ
3803 3243 3863 3298 ἂν

2297 3341 2454 3413 μόλις
2486 3339 2728 3407 γένοιντο
2754 3338 2811 3388 ὲν
2835 3336 3033 3388 πίστει.

2363 3431 2467 3484 Διὰ
2501 3430 2569 3484 τὸ
2615 3427 2803 3482 αὑτὸν
2855 3425 3176 3498 γινώσκειν
3217 3425 3482 3493 πάντας,
3532 3427 3630 3481 καί
3669 3427 3758 3480 ὅτι
3797 3428 3863 3480 οὐ

2295 3523 2504 3592 χρείαν
2532 3517 2726 3588 εἶχεν,
2773 3521 2874 3573 ἵνα
2920 3537 3009 3585 τις
3049 3518 3407 3587 μαρτιιοήσῃ
3445 3519 3573 3586 περὶ
3629 3519 3736 3571 τοῦ
3767 3519 3864 3572 ἀν·

2295 3614 2568 3681 θρώπου·
2614 3611 2796 3678 αὐτὸς
2841 3610 2949 3681 γὰρ
2997 3611 3284 3681 ἐγίνωσκε
3329 3611 3386 3662 τί
3424 3606 3502 3679 ἦν
3541 3610 3608 3662 ἐν
3654 3609 3734 3675 τῷ
3775 3611 3865 3663 ἀν-

2302 3704 2532 3773 Optime).

2366 3793 2682 3866 Θεοπρεπὲς
2717 3795 2812 3846 καὶ
2847 3791 3005 3846 τοῦτο
3047 3792 3183 3862 μετὰ
3208 3793 3314 3845 τῶν
3344 3791 3517 3845 ἄλλων
3561 3792 3619 3844 ὲν
3651 3792 3867 3862 Χριστῷ

2295 3887 2356 3941 τὸ
2409 3886 2660 3957 ἀξίωμα,
2728 3887 2823 3939 καὶ
2869 3886 3037 3939 οὐδενὶ
3082 3886 3190 3938 τῶν
3249 3884 3492 3955 γενητῶν
3546 3884 3864 3957 ἐνυπάρχον.

2295 3979 2460 4048 Μόνῳ
2489 3977 2597 4048 γὰρ
2637 3977 2768 4030 αὐτὸ
2807 3976 2885 4047 τῷ
2935 3979 3055 4030 κατ’
3097 3977 3355 4047 ἀλήθειαν
3389 3977 3498 4030 όντι
3538 3976 3658 4047 Θεῷ
3705 3994 3864 4048 προσ-

2295 4070 2454 4124 άπτει
2490 4068 2665 4137 λέγων
2701 4070 2730 4122 6
2759 4068 3102 4140 Ψαλμῳδός·
3136 4088 3155 4120 ι
3195 4069 3254 4121 Ὃ
3284 4068 3494 4131 πλάσας
3531 4068 3675 4122 κατὰ
3709 4070 3866 4138 μόνας

2293 4160 2392 4224 τὰς
2448 4159 2672 4231 καρδίας
2719 4160 2928 4224 αὐτῶν,
2973 4159 3001 4210 6
3047 4160 3248 4223 συνιεὶς
3292 4160 3372 4222 είς
3407 4161 3584 4213 πάντα
3618 4159 3689 4212 τὰ
3734 4158 3864 4230 ἔργα

2294 4250 2493 4304 αὐτῶν.
2523 4269 2541 4302 ι
2581 4250 2643 4304 Ei
2673 4251 2729 4304 δὲ
2760 4251 2922 4321 μόνου
2955 4251 3226 4312 συνιέντος
3253 4250 3319 4303 τὰ
3357 4251 3413 4303 ὲν
3451 4252 3581 4320 ἡμῖν
3611 4249 3706 4302 τοῦ
3735 4246 3862 4300 Θεοῦ

2297 4340 2541 4408 συνίησιν
2570 4341 2598 4393 6
2628 4340 2862 4410 Χριστός
2891 4357 2904 4370 ·
2938 4341 3054 4403 πῶς
3081 4339 3353 4394 οὐκέσται
3383 4342 3523 4392 κατὰ
3551 4339 3712 4407 φύσιν
3741 4338 3865 4401 Θεὸς

2295 4433 2324 4483 6
2361 4429 2467 4483 τῶν
2504 4429 2758 4502 κρυπτῶν
2792 4430 3069 4502 γνώστης,
3105 4432 3196 4483 καὶ
3236 4431 3520 4498 γινώσκων
3567 4431 3737 4501 βαθέα
3779 4433 3866 4485 καὶ

627 4508 893 4579 scriptum
923 4511 1044 4564 est?
1083 4529 1101 4563 ι
1142 4509 1278 4577 Quis
1304 4511 1447 4565 enim
1477 4513 1760 4566 hominum
1789 4515 1894 4569 scit
1921 4530 2046 4584 qua:
2066 4525 2194 4570 sunt

2296 4522 2610 4592 ἀπόκρυφα,
2635 4520 2776 4574 καθὰ
2807 4522 3150 4594 γέγραπταις
3190 4541 3208 4573 ι
3233 4522 3328 4586 Τίς
3358 4523 3464 4594 γὰρ
3494 4519 3633 4575 οἶδεν
3660 4521 3865 4595 ἀνθρώ-

627 4598 1012 4662 hominis,nisi
1046 4601 1276 4670 spiritus
1294 4601 1664 4676 bomiuis,qui
1694 4607 1749 4661 in
1784 4606 1903 4676 ipso
1931 4617 2015 4664 est
2042 4609 2134 4662 ’7?
2170 4628 2188 4660 ι

2303 4630 2420 4666 πων
2445 4586 2630 4665 deos
2659 4586 2983 4685 ἀνθρῶπου,
3023 4615 3070 4666 εί
3102 4586 3175 4685 μὴ
3203 4614 3262 4667 τὸ
3293 4586 3507 4686 πνεῦμα
3540 4615 3633 4668 τοῦ
3666 4586 3868 4686 ἀνθρώ-

626 4687 761 4743 Cum
788 4698 970 4744 autem
997 4691 1182 4746 nullus
1203 4693 1366 4758 sciat,
1395 4695 1546 4751 solus
1568 4712 1678 4752 non
1711 4698 1987 4769 ignorabit
2008 4700 2148 4756 Deus
2173 4719 2188 4756 :

625 4795 806 4852 neque
851 4781 994 4836 enim
1029 4784 1083 4837 in
1118 4785 1496 4841 universorum
1532 4804 1762 4844 nmnero
1794 4792 2094 4848 collocatur
2126 4793 2194 4849 de

624 4871 826 4941 quibus
863 4873 1060 4928 merito
1088 4873 1324 4940 dicatur,
1360 4895 1379 4927 σ
1411 4879 1616 4945 nullus,
1649 4899 1669 4932 ι
1694 4879 1790 4935 sed
1821 4890 1975 4937 extra
2006 4884 2190 4939 omnia

622 4970 730 5026 est,
756 4969 811 5016 et
840 4964 1022 5017 omnia
1069 4963 1175 5019 sub
1199 4967 1428 5034 pedibus
1459 4969 1580 5038 ejus
1604 4971 1668 5025 ⁸⁸.
1699 4971 1938 5040 ldipsum
1971 4989 2192 5044 quoque

622 5049 827 5109 Paulus
861 5056 1158 5110 testabitur
1191 5057 1383 5112 dicens
1421 5075 1435 5110 :
1477 5079 1496 5113 ι
1537 5061 1702 5116 Vivus
1725 5072 1809 5117 est
1830 5063 1974 5116 enim
2012 5081 2192 5120 sermo

624 5138 716 5196 Dei
769 5151 823 5198 et
870 5146 1077 5212 ellicax,
1107 5155 1160 5201 et
1199 5147 1354 5220 145
1393 5151 1790 5218 penetrabilior
1821 5154 1970 5206 omni
2009 5155 2194 5225 gladio

625 5236 873 5306 ancipiti,
908 5248 959 5292 et
995 5241 1316 5310 pertingens
1352 5256 1524 5310 usque
1550 5241 1618 5296 ad
1647 5243 1969 5300 divisionem
1998 5248 2194 5301 animm

625 5340 690 5381 ac
739 5328 986 5396 spiritus,
1018 5347 1339 5401 compagum
1375 5349 1592 5403 quoque
1629 5349 1693 5388 ac
1724 5335 2108 5401 medullarum,
2139 5346 2192 5391 et

625 5416 894 5472 discretor
921 5422 1314 5492 cogitationum
1367 5431 1422 5477 et
1470 5423 1838 5478 iutentionum
1894 5427 2097 5481 cordis.
2133 5429 2195 5480 Et

627 5524 734 5563 non
765 5518 842 5564 est
870 5511 972 5563 ulla
1008 5525 1258 5568 creatura
1289 5515 1588 5570 invisibilis
1628 5515 1681 5569 in
1705 5527 2000 5585 conspectu
2031 5518 2186 5586 ejus:

623 5603 806 5655 omnia
847 5613 1024 5659 autem
1060 5606 1204 5659 nuda
1237 5615 1290 5660 et
1321 5615 1508 5677 aperta
1546 5615 1674 5661 sunt
1701 5609 1877 5662 oculis
1911 5609 2031 5679 ejus
2057 5613 2121 5664 θ’.
2165 5631 2182 5662 ι

689 5779 740 5812 θ’
778 5780 920 5834 Psal.
962 5799 1134 5848 xuii,
1185 5785 1264 5840 l5.
1341 5786 1379 5815 '7
1416 5783 1434 5838 Ι
1468 5785 1562 5839 (Io:
1621 5803 1676 5852 tt,
1724 5787 1809 5842 ιι.

2301 4720 2403 4755 που
2436 4703 2495 4755 τὸ
2534 4705 2590 4756 ὲν
2631 4703 2777 4775 αὐτῷ
2803 4721 2818 4770 ;
2847 4723 2865 4756 ι
2915 4703 3129 4769 Είδότος
3168 4705 3226 4758 δὲ
3265 4705 3514 4769 οὐδενὸς,
3563 4708 3722 4776 μόνος
3773 4707 3869 4759 οὐκ

2302 4795 2558 4866 ἀγνοήσει
2578 4796 2730 4859 Θεὸς,
2763 4799 2882 4849 ἐπεὶ
2911 4796 3044 4868 μηδὲ
3075 4799 3133 4850 ὲν
3151 4799 3262 4860 τοῖς
3290 4799 3420 4850 πᾶσι
3453 4797 3867 4868 καταριθμεῖται

2301 4903 2429 4940 ποτε
2449 4928 2462 4948 ,
2502 4886 2624 4940 καθ’
2655 4881 2730 4941 ὧν
2765 4887 2830 4940 ἂν
2863 4887 3091 4950 εἰκότως
3119 4887 3336 4956 φέροιτο
3372 4889 3432 4941 τὸ
3467 4906 3486 4940 ι
3515 4888 3714 4952 οὐδεὶς,
3745 4909 3765 4940 ›
3797 4890 3867 4950 ὼς

2297 4975 2352 5028 δὲ
2379 4975 2483 5042 ἔξω
2518 4977 2766 5042 πάντων,
2812 4977 2904 5031 καὶ
2936 4978 3112 5031 πάντα
3159 4978 3264 5030 ὑπὸ
3295 4979 3460 5042 πόδας
3503 4981 3710 5032 εἴσεται
3747 4979 3864 5051 [ίσ.

2298 5065 2582 5138 κείσεταιῙ.
2610 5068 2965 5138 Μαρτυρήσει
2992 5067 3049 5120 δὲ
3077 5068 3170 5120 καὶ
3197 5070 3224 5121 ὁ
3259 5067 3468 5132 Παῦλος
3496 5068 3691 5138 λέγων·
3720 5090 3738 5122 ι
3758 5071 3866 5123 Ζῶν

2298 5159 2406 5230 γὰρ
2451 5157 2480 5208 6
2521 5159 2677 5226 λόγος
2714 5160 2806 5213 τοῦ
2837 5159 2971 5213 Θεοῦ
3019 5159 3114 5212 καὶ
3142 5160 3397 5231 ἐνεργὴς,
3447 5163 3539 5214 καὶ
3564 5163 3864 5233 τομώτερος

2301 5249 2441 5319 ὑπὲρ
2458 5251 2636 5302 πᾶσαν
2663 5252 2939 5322 μάχαιραν
2957 5251 3230 5322 δίστομον,
3250 5254 3343 5305 καὶ
3359 5253 3730 5324 διικνούμενος
3744 5256 3862 5324 ἄχρι

2304 5340 2570 5410 μερισμοῦ
2599 5341 2777 5412 ψυχῆς
2810 5343 2904 5396 καὶ
2938 5343 3276 5413 πνεύματος,
3320 5345 3512 5416 ἁρμῶν
3535 5363 3593 5398 τε
3620 5347 3712 5398 καὶ
3739 5363 3858 5415 μυε-

2301 5432 2427 5494 λῶν,
2457 5434 2551 5486 καὶ
2578 5435 2819 5504 κριτικὸς
2855 5434 3205 5505 ἐνθυμήσεων
3235 5436 3329 5489 καὶ
3368 5435 3588 5489 ἐννοιῶν
3625 5435 3854 5507 καρδίας.

2301 5527 2408 5578 Καὶ
2443 5527 2542 5578 οὐκ
2581 5526 2694 5580 ἔστι
2734 5528 2909 5592 κτίσις
2939 5528 3149 5600 ἀφανὴς
3187 5527 3414 5582 ἐνώπιον
3446 5527 3611 5581 αὑτοῦ
3634 5543 3648 5557 ·
3697 5527 3858 5580 πάντα

2299 5616 2356 5670 δὲ
2380 5618 2559 5689 γυμνὰ
2594 5619 2688 5672 καὶ
2705 5619 3176 5691 τετραχηλισμένα
3195 5623 3305 5684 τοῖς
3327 5619 3627 5692 ὀφθαλμοῖς
3652 5617 3821 5673 αὑτοῦ.
3836 5634 3853 5667 ι

1917 5790 1962 5820 9³
1991 5789 2133 5846 Psal.
2171 5807 2290 5862 vm,
2327 5796 2379 5850 8.
2457 5800 2501 5831 ’⁸³
2537 5799 2700 5854 Hebr.
2736 5817 2809 5868 tv,
2839 5801 2924 5866 12,
2964 5803 3049 5857 l5.
