4118 6544
191 400 272 453 ΞΗ

1231 405 1296 460 IN
1334 405 1619 460 JOANNIS
1655 405 2098 466 liV.\;\GEl.IUM
2139 413 2262 468 LIB.
2293 414 2356 470 ll.

3286 430 3407 486 .243

201 508 277 570 Ὠς
302 507 401 574 γὰρ
434 504 696 574 φυτεύσας
721 508 782 560 τὸ
834 505 954 573 οῦς,
1013 513 1189 567 πάντα
1218 518 1585 585 ὲπακροᾶται,
1631 519 1724 569 καὶ

1829 519 1990 574 Audit
2014 524 2157 576 enim
2191 527 2400 591 omnia,
2429 534 2488 580 ιιι
2523 529 2617 600 qui
2645 531 2912 600 plantavit
2936 547 3156 605 aurem;
3184 543 3239 591 et
3267 551 3404 592 con-

191 601 256 662 ὼς
279 597 476 660 πλάσας
501 597 589 650 τὸν
615 598 892 671 ὀφθαλμὸν
908 645 922 662 ,
955 609 1226 661 κατανοεῖ.
1265 609 1374 660 Καὶ
1404 608 1466 679 δὴ
1491 608 1734 678 εἰσφέρε-

188 707 267 743 ται
299 687 462 757 λέγων
503 689 560 740 ὲν
607 690 756 753 Ἰώὸο
810 710 826 742 ι
863 693 959 757 Τίς
986 688 1189 759 οὗτοςὸ
1219 698 1476 768 κρύπτων
1512 717 1577 769 με
1613 699 1734 769 βου-

188 781 301 851 λὴν,
351 779 579 849 συνέχων
595 781 651 834 δὲ
692 783 910 854 ῥήματα
971 786 1028 838 ὲν
1058 790 1290 861 καρδίᾳ,
1335 789 1436 860 ἐμὲ
1486 791 1542 844 δὲ
1561 793 1732 844 οἴεται

189 873 456 943 κρύπτειν;
481 889 502 922 ι
534 870 649 924 Ἵνα
689 873 870 927 τοίνυν
896 875 1030 929 Θεὸν
1067 877 1196 932 ὄντα
1237 880 1379 933 κατὰ
1419 879 1582 947 φύσιν
1613 881 1735 933 ἐπι-

187 960 499 1030 γινώσκομεν
537 960 628 1014 τὸν
649 961 807 1023 Υἱὸν,
855 964 1170 1033 ἀναγκαίως
1197 967 1362 1038 φησὶν
1395 970 1422 1021 ὁ
1452 968 1735 1041 εὐαγγελι-

188 1051 322 1120 στής·
360 1049 718 1120 (Ὄτιχρείαν
741 1053 840 1106 οὐκ
871 1049 1013 1123 εἶχεν
1038 1055 1125 1108 ἵνα
1143 1073 1225 1119 τις
1256 1058 1580 1129 μαρτυρήσῃ
1607 1058 1734 1128 περὶ

185 1140 266 1192 τοῦ
303 1139 620 1211 ἀνθρώπουο
672 1143 836 1207 αὐτὸς
886 1144 995 1218 γὰρ
1042 1146 1306 1215 ἐγίνωσκε
1355 1147 1407 1201 τί
1449 1143 1519 1220 ἦν
1557 1150 1616 1203 ὲν
1655 1147 1734 1220 τῷ

185 1229 449 1302 ἀνθρώπῳ.
477 1252 504 1285 ι

240 1317 343 1376 Ἦν
362 1321 427 1374 δὲ
453 1321 761 1392 ἄνθρωπος
784 1325 852 1380 ἐκ
886 1325 1004 1380 τῶν
1030 1329 1384 1397 Φαρισαίων,
1402 1328 1733 1400 Νικόδημος

185 1415 348 1481 ὄνομα
381 1413 558 1480 αὐτῷ,
600 1416 800 1486 ἄρχων
838 1417 957 1472 τῶν
997 1419 1322 1476 Ἰουδαίων.
1369 1418 1558 1488 Οὗτος
1584 1417 1733 1493 ἦλθε
1775 1425 1779 1430 ’

183 1507 313 1573 πρὸς
341 1505 525 1559 αὐτόν
554 1509 790 1574 νυκτός,
819 1511 917 1564 καὶ
939 1506 1108 1566 εἶπεν
1129 1511 1308 1578 αὐτῷ.

252 1596 616 1668 Έτοιμότερος
655 1600 767 1670 μὲνι
792 1602 820 1654 ὁ
851 1603 1162 1674 Νικόδημος
1205 1606 1333 1676 περὶ
1364 1605 1424 1660 τὸ
1453 1606 1732 1673 πιστεύειν

181 1685 328 1749 ἐστὶν,
357 1686 506 1739 αἰδοῖ
529 1687 585 1740 δὲ
621 1690 730 1743 οὐκ
766 1691 951 1763 ἀγαθῇ·
990 1692 1308 1764 νικώμενος,
1333 1695 1492 1767 δόξης
1518 1713 1578 1749 τε
1613 1697 1730 1767 ἅμα

179 1775 264 1844 τῆς
281 1776 334 1828 ὲν
353 1774 656 1846 ἀνθρώποις
676 1781 734 1833 ού
760 1783 1051 1854 περιορῶν,
1076 1789 1419 1856 παραιτεῖται
1450 1789 1550 1859 τὴν
1584 1791 1728 1860 παῤ·-

1792 682 1803 691 .
1839 613 2065 678 siderat,
2095 622 2152 668 ut
2188 617 2279 685 qui
2317 617 2470 672 tinxit
2499 621 2777 677 oculum‘.
2819 621 2977 680 Unde
3013 623 3066 677 iu
3097 623 3195 680 Job
3229 625 3404 681 intro-

1837 702 2059 758 ducitur
2095 707 2284 762 diceus
2319 725 2332 762 :
2377 727 2395 760 ι
2434 708 2570 774 Quis
2610 712 2829 768 est'iste
2863 713 2954 783 qui
2984 716 3127 769 celat
3161 730 3247 770 me
3272 731 3405 770 con-

1835 792 2057 855 silium.
2100 798 2390 852 continens
2449 806 2628 854 autem
2668 803 2832 858 verba
2891 804 2946 858 in
2998 805 3185 870 corde,
3231 813 3403 862 etme

1836 891 1991 951 putat
2029 886 2208 940 celare
2243 886 2302 938 ’ξ’
2341 906 2360 938 ι
2401 887 2471 942 Ut
2521 889 2688 960 igitur
2723 890 2891 946 Deum
2949 895 3251 951 secundum
3300 911 3399 950 na-

1835 981 2012 1025 turam
2077 989 2202 1030 esse
2254 991 2620 1045 agnoscamus
2668 977 2890 1050 Filium,
2949 983 3264 1038 necessario
3324 983 3403 1038 ait

1833 1065 2167 1135 evangelista
2205 1085 2219 1121 :
2258 1087 2275 1118 ‹
2318 1067 2457 1134 Quia
2487 1069 2534 1124 ei
2559 1085 2700 1138 opus
2761 1086 2871 1126 non
2911 1079 3028 1126 erat
3058 1084 3117 1128 ut
3149 1075 3273 1142 quis
3317 1081 3399 1128 te—

1833 1154 2151 1209 stimonium
2175 1159 2482 1227 perhiberet
2504 1159 2572 1215 de
2599 1161 2853 1217 homine:
2883 1161 2999 1232 ipse
3020 1163 3165 1217 enim
3192 1164 3401 1219 sciebat

1833 1245 1960 1312 quid
1987 1255 2133 1301 esset
2159 1248 2213 1301 in
2250 1249 2489 1305 homine.
2531 1270 2550 1304 ι

1903 1335 1987 1402 111,
2015 1337 2062 1391 1.
2091 1336 2222 1392 Erat
2247 1354 2419 1394 autent
2449 1342 2601 1397 homo
2628 1359 2693 1397 ea:
2721 1343 3032 1409 Pltariswis,
3067 1344 3389 1398 Nicodemus

1832 1427 2061 1490 nomine,
2096 1429 2337 1498 princeps
2387 1429 2719 1491 Judworum.
2762 1433 2864 1488 llic
2921 1437 3054 1489 venit
3111 1436 3178 1488 ad
3213 1434 3398 1489 Jesum

1833 1526 2001 1580 nocte,
2041 1526 2091 1571 et
2113 1519 2257 1586 dixit,
2281 1523 2348 1576 ei.

1903 1602 2190 1676 Promptus
2218 1617 2305 1664 est
2357 1610 2424 1665 ad
2460 1610 2620 1668 ﬁdem
2653 1613 3013 1681 Nicodemus,
3058 1613 3155 1670 sed
3191 1613 3399 1686 pudore

1830 1709 1941 1748 non
1972 1695 2115 1750 bono
2148 1699 2326 1754 victus
2359 1707 2412 1755 et
2455 1701 2643 1772 gloria
2673 1703 2928 1760 humana;
2958 1705 3176 1769 studio,
3226 1703 3398 1759 libere

1831 1781 1980 1852 loqui
2027 1799 2135 1839 non
2186 1787 2371 1853 audet,
2430 1789 2526 1845 sed
2561 1791 2783 1862 ancipiti
2817 1794 3085 1850 sententia
3131 1792 3396 1848 distrahi-

183 1863 375 1934 ρησίαν,
440 1868 727 1938 μερίζεται
776 1872 834 1926 δὲ
888 1873 984 1941 τὴν
1007 1855 1232 1948 γνώμην
1258 1877 1344 1930 ἐπ’
1385 1855 1570 1949 ἄμφω,
1635 1855 1725 1935 καὶ

1833 1880 1942 1935 tur,
1994 1889 2060 1929 ac
2109 1875 2164 1930 in
2218 1881 2501 1948 proposito
2557 1855 2860 1951 claudicat,
2908 1892 2962 1939 et
3012 1891 3279 1954 utroque,
3338 1891 3397 1937 ut

180 1955 382 2022 χωλεύει
405 1956 502 2039 τὴν
528 1961 862 2032 προαίρεσιν,
891 1965 982 2018 ἐπὶ
1014 1965 1220 2031 δισσαῖς
1264 1967 1320 2020 δὲ
1348 1971 1466 2034 ταῖς
1499 1969 1726 2039 ἰγνύαις,

179 2043 243 2105 ὡς
268 2031 587 2116 γέγραπται,
623 2031 858 2116 ἀσθενεῖ,
885 2057 999 2120 τοῖς
1031 2058 1129 2128 μὲν
1173 2059 1281 2112 ἀπὸ
1303 2061 1398 2114 τοῦ
1433 2031 1762 2128 συνειδότος

179 2135 397 2205 ἐλέγχοις
437 2141 521 2203 είς
544 2142 604 2194 τὸ
629 2143 829 2214 χρῆναι
869 2148 1142 2203 πιστεύειν
1191 2152 1596 2223 συνωθούμενος
1641 2156 1732 2210 διὰ

178 2224 263 2295 τὴν
303 2226 736 2301 τῶννθαυμάτων
797 2237 1123 2308 ὑπερϐολὴν,
1175 2241 1272 2311 τῆς
1321 2242 1378 2296 δὲ
1418 2243 1511 2297 τοῦ
1545 2245 1732 2312 ἔθνους

180 2316 445 2410 ἡγεμονίας
497 2322 843 2397 ού-φορητὴν
889 2329 1191 2401 ἡγούμενος
1239 2335 1338 2404 τὴν
1380 2333 1611 2406 ζημίανο
1660 2334 1730 2410 ἦν

180 2408 271 2477 γὰρ
301 2408 474 2479 ἅρχων
506 2413 616 2466 τῶν
657 2417 942 2475 Ἰουδαίων.
981 2422 1199 2494 Οίηθεὶς
1240 2425 1294 2478 δὲ
1336 2425 1611 2492 δύνασθαι,
1635 2408 1736 2483 καὶ

176 2497 260 2590 τῂν
290 2504 409 2570 παρ’
437 2502 672 2569 ἐκείνοις
703 2508 1086 2567 ἀνασώσασθαι
1117 2515 1274 2579 δόξαν
1298 2517 1392 2570 καὶ
1425 2516 1728 2590 λεληθότως

178 2581 296 2680 εἶναι
333 2592 543 2658 πιστὸς,
589 2595 808 2666 ἔρχεται
841 2600 976 2670 πρὸς
1013 2602 1104 2656 τὸν
1143 2605 1370 2676 Ἰησοῦν,
1393 2581 1726 2680 συνεργάτην

176 2677 240 2747 τῷ
263 2682 532 2753 σκέμματι
579 2688 672 2742 τὸν
715 2691 822 2746 ἀπὸ
855 2694 952 2762 τῆς
979 2696 1168 2760 νυκτὸς
1212 2677 1576 2770 ποιησάμενος
1601 2677 1728 2756 σκό-

174 2787 268 2836 τον,
289 2776 375 2828 καὶ
400 2777 475 2846 τῷ
514 2784 911 2855 κεκρυμμένως
941 2786 1114 2840 ἐλθεῖν
1144 2791 1238 2843 ἐπὶ
1266 2791 1426 2864 διπλῇ
1447 2795 1513 2864 τῇ
1532 2793 1733 2867 γνώμῃ

175 2879 354 2934 κατηγο
362 2867 449 2936 ρού
459 2886 644 2938 μενος.

239 2954 440 3018 Ῥαϐϐὶ,
465 2960 719 3028 οιδαμεν
751 2963 840 3018 ὅτι
882 2967 999 3020 ἀπὸ
1035 2970 1184 3023 Θεοῦ
1229 2970 1534 3040 ἐλήλυθας
1565 2972 1724 3026 Gidd-

172 3047 393 3112 σκαλος.
455 3051 674 3118 Οὐδεὶς
719 3055 829 3122 γὰρ
881 3058 1065 3111 ταῦτα
1115 3061 1186 3114 τὰ
1224 3062 1440 3130 σημεῖα
1478 3062 1722 3116 δύναται

1830 1963 2097 2034 scriptum
2121 1975 2204 2022 est
2231 1968 2273 2032 ³,
2305 1968 2508 2038 p0plite
2537 1971 2778 2036 laborat,
2806 1974 3005 2044 partim
3045 1973 3407 2030 conscientiae

1829 2056 2068 2112 stimulis
2097 2058 2163 2112 ad
2209 2059 2544 2116 credendum
2574 2064 2646 2119 ob
2680 2065 3072 2121 miraculorum
3117 2065 3408 2137 magnitu-

1829 2148 2010 2202 dinem
2042 2150 2291 2222 adactus,
2328 2155 2527 2222 partim
2559 2171 2701 2226 aegre
2728 2156 2910 2214 ferens
2937 2157 3251 2228 principatu
3277 2156 3398 2224 illo,

1829 2255 1990 2310 quem
2031 2244 2084 2298 in
2119 2261 2218 2300 sua
2246 2255 2408 2317 gente
2449 2248 2683 2304 habebat
2715 2249 2875 2321 (erat
2905 2251 3051 2305 enim
3081 2248 3392 2305 Judaaorum

1829 2333 2150 2407 princeps),
2193 2342 2470 2396 excidere.
2503 2340 2842 2398 Existimans
2871 2349 3051 2397 autem
3097 2356 3259 2412 posse
3307 2339 3395 2395 di-

1828 2425 2089 2494 gnitatetn
2124 2429 2269 2484 illam
2295 2432 2439 2502 apud
2474 2446 2607 2487 suos
2634 2446 2876 2499 servare,
2909 2439 2963 2486 et
3005 2431 3224 2486 Christo
3252 2429 3396 2484 clam

1827 2518 2132 2589 adhaerere,
2161 2526 2309 2580 venit
2334 2526 2402 2582 ad
2433 2526 2653 2595 Iesum,
2687 2527 2867 2582 noctis
2912 2527 3158 2582 tenebris
3210 2524 3396 2580 consi-

1828 2608 1958 2664 lium
1988 2613 2194 2678 celans,
2216 2625 2271 2671 et
2312 2619 2605 2689 ancipitem
2644 2618 2887 2674 animum
2921 2618 3264 2672 clandestino
3301 2615 3395 2670 illo

1825 2701 2062 2758 adventu
2098 2707 2360 2774 prodens.

1894 2969 1984 3036 111,
2023 2970 2077 3024 2.
2120 2970 2321 3037 Rabbi,
2355 2975 2550 3030 scimus
2588 2977 2714 3046 quia
2764 2992 2798 3031 α
2846 2975 2949 3030 Deo
2989 2977 3176 3029 venisti
3221 2974 3390 3046 magi-

1822 3066 1950 3111 stcr.
1993 3057 2164 3114 Nemo
2212 3061 2352 3116 enim
2389 3072 2556 3131 potest
2596 3063 2706 3118 lucc
2743 3065 2895 3134 signa
2938 3064 3110 3134 facere
3158 3079 3274 3133 qua:
3333 3071 3393 3117 tu

170 3136 357 3200 ποιεῖν,
392 3137 429 3192 ἃ
459 3142 549 3195 σὺ
575 3144 782 3211 ποιεῖς,
813 3147 923 3200 ἐὰν
947 3149 1035 3217 μὴ
1061 3145 1104 3220 ᾖ
1135 3154 1169 3204 ό
1208 3153 1351 3217 Θεὸς
1371 3151 1720 3220 μετ-ἀὺτοῦ.

1825 3148 1983 3216 facis,
2035 3153 2088 3204 ni
2124 3151 2285 3221 fuerit
2336 3153 2475 3208 Deus
2510 3171 2628 3208 cum
2665 3171 2746 3210 eo.
2789 3154 3070 3224 Respondit
3117 3153 3294 3219 Iesus,
3341 3163 3393 3208 ct

182 3228 457 3298 Ἀπεκρίθη
501 3234 758 3302 Ἰησοῦς,
787 3239 883 3292 καί
908 3236 1076 3295 εἶπεν
1101 3241 1279 3308 αὐτῷ.

241 3320 320 3372 Ἐν
345 3323 556 3387 τούτοις
584 3326 733 3397 ᾠήθη
769 3333 882 3393 τοῖς
919 3331 1096 3400 λόγοις
1143 3333 1434 3404 ὁλόκληρον
1462 3333 1605 3404 ἔχειν
1629 3332 1734 3388 δύὲ

170 3414 338 3470 νασθαι
357 3418 452 3489 τὴν
475 3420 787 3487 εὐσέϐειαν,
813 3425 906 3477 καὶ
930 3425 1188 3495 ἀρκέσειν
1203 3427 1352 3496 αὐτῷ
1385 3427 1521 3495 πρὸς
1555 3445 1726 3498 σωτη-

173 3502 276 3571 ρίαν
299 3505 672 3578 ὑπολαμϐάνει
699 3511 760 3564 τὸ
791 3511 1067 3582 θαυμάσαι
1104 3514 1262 3584 μόνον
1287 3514 1356 3566 τὰ
1392 3509 1474 3578 οἷς
1514 3513 1726 3584 θαυμά-

171 3592 335 3656 ζεσθαι
372 3601 581 3670 πρέπει
607 3619 620 3632 ·
666 3601 850 3676 ἕτερον
889 3603 945 3657 δὲ
987 3605 1138 3658 οὐδὲν
1175 3606 1267 3658 ἐπὶ
1315 3605 1524 3669 τούτοις
1549 3605 1719 3675 ζητεῖ.

169 3684 468 3744 Διδάσκαλον
504 3691 563 3744 δὲ
588 3693 734 3764 παρὰ
763 3695 918 3758 Θεοῦ,
943 3696 1038 3749 καλ⁸
1081 3697 1210 3768 παρ’
1241 3696 1404 3750 αὑτοῦ
1436 3697 1725 3768 συνεργού-

170 3789 310 3840 μενον
361 3779 648 3850 ὀνομάζων
675 3785 852 3848 αύτδν,
895 3785 1045 3839 οὔπω
1068 3788 1206 3840 κατὰ
1236 3788 1396 3855 φύσιν
1435 3783 1572 3840 οἶδεν
1597 3787 1724 3841 ὄντα

167 3864 300 3932 θεὸν,
329 3870 444 3921 οὐδὲ
473 3871 692 3942 συνίησι
717 3875 953 3944 δηλονότι
981 3876 1082 3946 τῆς
1114 3877 1250 3946 μετὰ
1282 3877 1480 3947 σαρκὸς
1518 3879 1722 3931 οἰκονο-

170 3956 282 4025 μίας
310 3959 396 4012 τὸν
417 3962 603 4030 λόγον,
629 3963 706 4017 ἔτι
746 3966 801 4018 δὲ
829 3967 904 4030 ὼς
933 3967 1204 4038 ἀνθρώπῳ
1235 3968 1482 4039 πρόσεισι
1508 3968 1728 4040 γυμνῷν

167 4049 246 4100 καὶ
269 4052 462 4122 μικρὰν
507 4053 594 4106 ἐπ’
625 4055 774 4127 αύτῷ
802 4058 900 4129 τὴν
926 4059 1177 4130 διάληψιν
1197 4058 1328 4130 ἕχει.

235 4225 421 4294 Ἀμὴν,
457 4228 629 4297 ἀμὴν
657 4228 812 4300 λέγω
869 4246 988 4296 σοι,
1048 4231 1159 4286 ἐὰν
1212 4232 1294 4301 μή
1342 4251 1430 4298 τις
1461 4236 1721 4306 γεννηθῇ

163 4314 386 4382 ἀνωθεν,
404 4323 472 4374 οὐ
492 4321 744 4376 δύναται
779 4321 926 4376 ἰδεῖν
955 4322 1404 4391 τὴν-,βασιλείαν
1429 4327 1533 4380 τοῦ
1552 4328 1716 4383 Θεοῦ.

163 4410 315 4478 Λέγει
349 4412 502 4480 πρὸς
532 4413 719 4466 αὐτὸν
747 4415 779 4468 ὀ
811 4415 1165 4484 Νικόδημος.

1824 3239 1963 3294 dixit
1991 3242 2060 3296 ei.

1895 3326 1993 3381 llis
2029 3329 2214 3386 verbis
2247 3331 2544 3400 perfectam
2579 3350 2638 3390 se
2668 3334 2922 3404 pietatem
2958 3335 3205 3390 obtinere
3233 3352 3394 3406 posse

1825 3423 2001 3485 putat,
2033 3418 2248 3489 sibique
2289 3421 2426 3476 satis
2473 3421 2587 3477 fore
2623 3424 2901 3479 existimat
2943 3425 3008 3478 ad
3057 3426 3310 3490 salutem,
3345 3425 3392 3479 si

1824 3522 1887 3561 ea
1940 3514 2152 3562 tantum
2186 3512 2420 3566 miretur
2459 3529 2579 3583 qua:
2631 3514 2992 3569 admiratione
3025 3516 3190 3586 digna
3240 3525 3388 3570 sunt.

1824 3600 2094 3656 Caeterum
2124 3602 2258 3656 nihil
2286 3604 2431 3658 aliud
2458 3613 2651 3675 praeter
2676 3606 2792 3660 haec
2814 3607 3026 3676 quaerit.
3053 3607 3187 3660 Dum
3210 3614 3388 3661 autem

1825 3690 2006 3759 ipsum
2039 3693 2363 3762 magistrum
2400 3697 2476 3749 ait
2517 3712 2547 3749 ιι
2591 3695 2702 3753 Deo
2746 3699 2985 3762 venisse,
3019 3707 3223 3753 etcum
3268 3698 3392 3768 ipso

1824 3781 1994 3838 Deum
2056 3785 2310 3854 operari,
2357 3785 2597 3841 nondum
2655 3787 2807 3843 novit
2857 3805 2982 3842 cuin
3039 3805 3164 3845 esse
3218 3789 3390 3844 Deum

1824 3873 2127 3929 secundum
2189 3883 2489 3941 naturam,
2546 3895 2726 3948 neque
2793 3879 3062 3936 rationem
3132 3880 3390 3936 videlicet

1825 3965 2224 4021 incarnationis
2257 3967 2536 4039 intelligit,
2573 3969 2670 4025 scd
2720 3986 2844 4026 eum
2901 3971 3085 4026 adhuc
3131 3981 3389 4043 tanquam

1825 4074 2033 4113 merum
2078 4059 2352 4115 hominem
2399 4061 2549 4126 adit,
2597 4073 2650 4117 et
2700 4063 2943 4117 tenuiter
2991 4062 3278 4117 admodum
3320 4063 3390 4118 de

1822 4147 1913 4202 illo
1947 4149 2135 4203 sentit.
3047 4149 3050 4152 ’

1896 4237 2055 4310 146
2109 4239 2197 4306 Ill,
2237 4239 2291 4295 3.
2336 4241 2534 4307 Amen,
2567 4259 2716 4294 amen
2768 4243 2886 4295 dico
2937 4241 3050 4306 tibi,
3113 4243 3218 4295 nisi
3270 4242 3387 4311 quis

1822 4337 2036 4382 renatus
2058 4329 2219 4396 fuerit
2249 4328 2489 4399 desuper,
2510 4346 2610 4384 non
2638 4341 2804 4398 potest
2834 4331 3004 4384 videre
3034 4347 3244 4399 regnum
3267 4330 3382 4385 Dei.

1827 4416 1967 4471 Dicit
2001 4419 2072 4470 at!
2097 4435 2215 4472 eum
2247 4417 2587 4473 Nicodemus.

224 4498 426 4570 Οὒκὲφ’
447 4499 532 4565 οἷς
557 4503 765 4574 ᾠήθης,
785 4505 968 4576 φησιν,
983 4499 1026 4558 ὦ
1047 4507 1420 4576 Νικόδημε,,τὺ
1448 4511 1720 4564 πιστεύειν

1890 4507 2010 4564 Non
2036 4511 2239 4580 quibus
2266 4512 2430 4568 rebus
2455 4512 2765 4577 existimas,
2794 4514 2992 4585 inquit,
3015 4532 3047 4570 ο
3065 4514 3382 4581 Nicod'emc,

161 4585 309 4646 ἱστίν.
347 4594 457 4647 Οὐκ
489 4596 653 4664 ἀρκεῖ
679 4612 758 4649 σοι
804 4596 959 4664 λόγος
1001 4599 1080 4661 εἰς
1111 4597 1472 4670 δικαιοσύνην,
1509 4602 1628 4654 οὐδὲ
1659 4603 1718 4654 ὲν

161 4676 315 4742 ψιλοῖς
344 4682 710 4754 κατορθώσεις
746 4686 955 4756 ῥήμασι
983 4687 1080 4758 τὴν
1107 4687 1386 4742 εὐσέϐειαν
1405 4706 1420 4719 ·
1453 4708 1470 4740 ι
1507 4691 1580 4742 UO
1609 4691 1717 4763 γὰρ

162 4769 256 4832 πᾶς
281 4774 308 4824 ὁ
334 4771 509 4842 λέγων
534 4792 646 4845 μοι,
679 4775 872 4845 Κύριε,
906 4777 1106 4848 Κύριε,
1125 4780 1484 4835 εἰσελεύσεται
1512 4785 1592 4848 είς
1616 4785 1715 4854 τὴν

162 4853 418 4922 βασιλείαν
446 4864 557 4917 τῶν
605 4866 872 4937 οὐρανῶν,
903 4867 1018 4920 ἀλλ’
1046 4872 1075 4922 ὁ
1103 4870 1269 4924 ποιῶν
1301 4871 1360 4924 τὸ
1391 4871 1598 4944 θέλημα
1618 4875 1713 4928 τοῦ

163 4948 354 5020 Πατρός
407 4971 508 5023 μου
557 4955 650 5009 τοῦ
683 4958 742 5010 ὲν
769 4960 880 5020 τοῖς
917 4959 1183 5028 οὐρανοῖς.
1218 4981 1234 5011 ι
1264 4961 1484 5034 Θέλημα
1530 4965 1585 5018 δὲ
1618 4966 1712 5018 τοῦ

161 5035 372 5126 Πατρὸς,
408 5040 636 5112 μέτοχον
681 5043 782 5126 μὲν
825 5045 917 5098 τοῦ
958 5048 1113 5115 ἁγίου
1153 5035 1464 5120 Πνεύματος
1501 5055 1712 5108 ἀναδει-

161 5123 336 5195 χθῆναι
381 5130 473 5185 τὸν
529 5123 834 5204 ἄνθρωπον,
885 5139 965 5201 είς
1017 5139 1073 5192 δὲ
1133 5141 1374 5211 ἀσυνήθη
1415 5144 1508 5196 καὶ
1554 5145 1712 5215 ξένην

159 5218 573 5290 ἀναγεννηθέντα
622 5224 785 5297 ζωὴν,
819 5229 912 5281 καὶ
961 5229 1191 5300 ούρανοῦ
1230 5234 1566 5302 χρηματίσαι
1612 5254 1710 5288 πο·-

157 5301 292 5374 λίτην
339 5311 429 5363 τὸν
484 5314 591 5366 ἀπὸ
642 5317 741 5386 τῆς
783 5317 908 5385 γῆς.
947 5318 1186 5371 Ἀνωθεν
1211 5319 1265 5371 δὲ
1309 5320 1481 5388 λέγων
1503 5322 1601 5394 τὴν
1621 5324 1710 5377 διὰ

157 5395 455 5467 Πνεύματος
487 5404 860 5476 ἀναγέννησιν,
894 5411 957 5461 ἐκ
989 5410 1086 5479 τῆς
1115 5409 1301 5475 οὐσίας
1337 5412 1429 5464 τοῦ
1459 5413 1592 5466 Θεοῦ
1616 5417 1710 5469 καὶ

155 5485 351 5558 Πατρὸς
381 5493 622 5565 ὑπάρχον
657 5498 719 5550 τὸ
764 5499 984 5569 Πνεῦμα
1017 5500 1248 5554 δεικνύει
1286 5502 1492 5571 σαφῶς,
1519 5505 1708 5575 ὥσπερ

153 5577 352 5645 ἀμέλει,
388 5586 482 5636 καλ.
525 5589 682 5651 αὐτὸς
728 5593 852 5661 περὶ
886 5591 1078 5644 ἑαυτοῦ
1126 5593 1226 5646 πού
1263 5611 1455 5664 φησιν’
1501 5614 1518 5647 ι
1567 5597 1706 5665 Ἐγὼ

217 5759 400 5816 'l‘sal.
435 5781 579 5831 sein,
613 5771 664 5823 9.
745 5773 763 5801 ²
791 5771 892 5827 Joh
934 5788 1062 5837 ηιι,
1102 5774 1154 5828 5.
1232 5775 1250 5805 ³
1281 5773 1425 5828 Psal.
1463 5794 1592 5845 xvn,
1624 5779 1708 5835 ιίϐ.

1821 4601 1956 4656 fides
1986 4612 2357 4674 comparatur.
2403 4604 2520 4660 Non
2554 4605 2755 4662 sufficit
2782 4607 2879 4662 tibi
2914 4625 3094 4663 sermo
3127 4609 3192 4662 ad
3223 4609 3386 4679 justi-

1820 4690 1988 4755 tiam,
2030 4707 2212 4761 ncque
2263 4694 2430 4750 nudis
2473 4697 2656 4752 verbis
2697 4697 2955 4766 pietatem
3005 4702 3382 4770 consequeris.

1822 4799 1840 4832 ι
1884 4779 2002 4835 Νοιι
2049 4783 2230 4849 enim,
2271 4786 2585 4856 quicunque
2620 4788 2753 4842 mihi
2783 4789 2945 4855 dicit,
2987 4789 3242 4854 Domine,
3278 4789 3384 4842 Do-

1819 4871 1986 4938 mine,
2021 4873 2249 4929 intrabit
2293 4877 2347 4930 in
2383 4893 2612 4947 regnum
2656 4881 2946 4946 ctelorum,
2991 4882 3083 4935 sed
3130 4883 3221 4952 qui
3253 4881 3383 4935 facit

1814 4963 2148 5018 voluntatem
2189 4963 2370 5024 Patris
2407 4969 2510 5023 mei
2539 4970 2633 5040 qui
2666 4971 2720 5025 in
2754 4973 2908 5028 cmlis
2937 4981 3022 5027 est
3045 4976 3087 5028 ⁸.
3122 4993 3141 5024 ι
3177 4973 3382 5026 Volun-

1817 5061 1900 5107 tas
1957 5063 2140 5109 autem
2181 5055 2360 5113 Patris
2420 5070 2533 5126 est,
2595 5071 2649 5114 ut
2701 5063 2863 5118 homo
2915 5064 3089 5118 sancti
3143 5062 3379 5133 Spiritus

1815 5142 2078 5200 etiiciatur
2111 5149 2406 5218 particeps,
2441 5160 2497 5206 et
2525 5154 2620 5222 qui
2655 5154 2722 5209 de
2762 5162 2910 5209 terra
2943 5163 3046 5218 est,
3086 5171 3379 5226 regenera-

1815 5243 1903 5291 tus
1930 5237 1995 5289 ad
2031 5236 2307 5295 insolitam
2341 5253 2395 5298 et
2421 5261 2615 5300 novam
2637 5249 2828 5312 vitam,
2849 5249 2970 5302 οωΙί
3001 5265 3220 5319 quoque
3242 5251 3380 5307 civis

1817 5337 2184 5396 nuncupetur.
2249 5331 2384 5387 Dum
2454 5345 2634 5390 autem
2698 5340 3164 5408 regenerationem
3229 5341 3376 5397 illam

1816 5434 1938 5486 qua:
1978 5421 2032 5474 ﬁt
2063 5439 2162 5491 per
2199 5423 2463 5494 Spiritum
2494 5428 2729 5496 desuper
2773 5446 2895 5485 esse
2947 5433 3044 5495 ait,
3087 5435 3236 5490 clare
3283 5435 3381 5491 dc~

1815 5519 2082 5564 monstrat
2111 5514 2375 5581 Spiritqu
2397 5534 2470 5571 ex
2491 5519 2799 5573 substantia
2824 5519 2916 5574 Dei
2946 5538 3008 5577 ac
3040 5524 3214 5581 Patris
3235 5541 3376 5594 esse,

1813 5601 1959 5655 sicut
1992 5602 2108 5673 ipse
2138 5606 2403 5661 nimirum
2433 5609 2499 5665 de
2524 5609 2705 5680 soipso
2735 5629 2949 5685 quoque
2980 5616 3111 5672 dicit
3134 5618 3332 5674 alicubi
3357 5635 3373 5675 :

1791 5781 1807 5812 "
1839 5782 2031 5839 Matt-it.
2073 5801 2168 5852 vtt,
2199 5786 2286 5841 2|.
