4118 6584
677 434 799 496 ’243

1687 429 1746 486 S.
1777 427 2052 487 CYRILLI
2082 429 2547 486 ALEXANDle
2587 428 2906 486 ARCHIEP.

3825 427 3926 483 ιιι

698 574 720 610 ι
752 555 867 627 Ego
891 557 956 610 de
985 553 1243 625 supernis
1267 568 1388 609 sum
1411 553 1454 607 '.
1486 571 1503 603 ι
1540 549 1606 604 ΕΙ.
1633 550 2079 620 sapientissimus
2102 567 2236 605 evan

2363 553 2426 604 ἐκ
2441 549 2548 603 τῶν
2567 551 2679 604 ἄνω
2699 551 2814 620 είμί
2828 569 2841 581 ·
2876 571 2893 603 i
2921 551 3013 604 xuii
3030 553 3059 604 δ
3086 548 3393 620 σοφώτατος
3415 547 3470 600 δὲ
3497 545 3624 617 περὶ⁸
3639 545 3804 600 αὑτοῦ
3828 548 3922 601 πού

697 647 893 716 gelisla
942 644 1010 700 de
1061 643 1252 720 eodem
1289 660 1302 699 :
1338 660 1357 694 ι
1393 640 1498 708 Qui
1549 641 1842 696 desursum
1877 642 2061 705 venit,
2093 657 2259 711 super

694 752 888 791 omnes
925 745 1011 792 est
1035 737 1077 789 ⁸.
1111 754 1130 786 i
1160 733 1278 802 Qua
1323 734 1393 789 de
1429 748 1487 789 re
1523 731 1699 788 fusius
1741 746 1845 789 suo
1889 740 2133 803 tempore
2171 733 2257 787 di-

701 843 912 882 cemus.

767 917 852 981 Ill,
888 917 943 972 4.
986 916 1261 983 Quomodo
1291 925 1460 986 potest
1493 917 1647 970 homo
1693 915 1870 979 nasci,
1903 930 2021 968 cum
2059 914 2128 968 sit
2175 929 2258 967 se-

692 1009 834 1061 nex?
867 1007 1102 1075 nunquid
1138 1015 1304 1074 potest
1345 1007 1400 1059 in
1433 1017 1661 1060 ventrem
1688 1004 1876 1058 matris
1915 1019 2027 1058 sua:
2067 1004 2256 1057 iterato

692 1095 931 1160 introire,
963 1104 1014 1149 et
1038 1095 1287 1150 renasci?
1314 1093 1597 1163 Respondit
1618 1091 1796 1148 Iesus.

764 1271 903 1328 Hinc
933 1273 1180 1345 arguitur
1213 1273 1392 1329 adhuc
1439 1273 1688 1329 animalis
1732 1287 1855 1328 esse
1897 1271 2253 1337 Nieodeinus,

690 1364 1030 1434 proindeque
1060 1381 1122 1418 ea
1158 1367 1473 1434 neutiquam
1507 1363 1790 1434 suscipere
1815 1379 1936 1433 qua:
1975 1371 2104 1418 sunt
2133 1363 2257 1434 Spi-

693 1456 835 1511 ritus
889 1457 1001 1511 Dei.
1047 1457 1344 1510 Stultitiam
1385 1457 1532 1510 enim
1571 1470 1698 1510 esse
1750 1463 1904 1524 putat
1946 1455 2076 1510 iﬂud
2119 1455 2256 1510 adeo

691 1556 986 1616 augustum
1020 1561 1084 1600 ae
1122 1547 1330 1602 illustre
1373 1545 1719 1618 mysterium.
1754 1545 1822 1600 Et
1864 1561 1988 1602 cum
2021 1563 2255 1618 genera-

689 1635 888 1690 tionem
922 1652 1217 1706 supernam
1266 1651 1330 1691 ac
1378 1637 1681 1707 spiritalem
1727 1637 1900 1706 audit,
1931 1654 2252 1709 corporeum

688 1733 930 1780 ventrem
957 1727 1308 1797 imaginatur,
1333 1743 1420 1783 res
1438 1728 1552 1796 jam
1583 1729 1799 1800 genitas
1820 1729 2015 1785 iterum
2038 1729 2254 1799 parien-

689 1823 830 1882 tem;
862 1825 916 1872 et
947 1816 1116 1888 legem
1171 1825 1381 1874 naturae
1427 1829 1632 1875 nostra:
1663 1836 1772 1875 non
1811 1821 2116 1886 excedens,
2166 1837 2252 1876 res

2359 659 2525 714 φησιν
2561 642 2983 712 εὑαγγελιστής·
3019 661 3038 693 ι
3078 641 3135 695 ⁸0
3159 640 3366 694 ἄνωθεν
3409 639 3704 710 ἐρχόμενος
3743 639 3923 693 ἐπάνω

2359 732 2576 787 πάντων
2601 733 2741 798 ἐστὶ,
2765 752 2783 784 i
2823 731 2952 804 περὶ
2983 724 3044 785 οὗ
3077 733 3136 786 ὲν
3175 731 3360 802 οἰκείῳ
3392 727 3568 802 καιρῷ
3596 728 3924 800 πλατύτερον

2360 822 2484 894 ἐροῦ
2493 840 2609 893 μεν.

2427 911 2560 977 Πῶς
2574 911 2822 966 δύναται
2843 911 3154 980 ἄνθρωπος
3185 909 3548 980 γεννηθῆναι
3576 908 3770 978 γέρων
3803 906 3887 960 ὧν
3909 921 3924 934 ⁸

2350 1000 2439 1070 μὴ
2490 1000 2736 1055 δύναται
2785 1004 2872 1068 είς
2920 1001 3036 1069 τὴν
3073 1002 3312 1055 κοιλίαν
3353 1000 3464 1068 τῆς
3485 998 3708 1070 μητρὸς
3742 997 3924 1052 αὐτοῦ

2357 1090 2635 1160 δεύτερον
2677 1093 2994 1160 εἰσελθεῖν,
3030 1093 3127 1147 καί
3175 1091 3578 1163 τεννηθῆναι;
3619 1090 3923 1157 Ἀπεκρίθη

2369 1181 2627 1248 Ἰησοῦς.

2440 1271 2747 1342 Ἐλέγχεται
2765 1272 2853 1326 διὰ
2876 1273 3079 1326 τούτων
3093 1272 3320 1344 ψυχικὸς
3348 1269 3422 1324 ὢν
3453 1269 3577 1325 ἔτιό
3596 1269 3797 1340 Νικόδη
3807 1285 3925 1340 μσς.

2355 1361 2444 1417 διά
2470 1379 2527 1416 τε
2556 1362 2713 1416 τοῦτο
2757 1363 3043 1434 δεχόμενος
3082 1361 3333 1434 οὐδαμῶς
3374 1359 3444 1414 τὰ
3490 1361 3583 1414 τοῦ
3609 1359 3925 1430 Πνεῦματος

2353 1453 2448 1507 τοῦ
2479 1451 2616 1506 Θεοῦ
2638 1468 2650 1482 ⁸
2678 1453 2891 1524 μωρίαν
2924 1452 3032 1525 γὰρ
3060 1449 3199 1507 εἶναι
3231 1451 3438 1524 νομίζει
3471 1452 3533 1504 τὸ
3564 1450 3761 1504 σεπτὸν
3787 1449 3927 1502 οὕτω

2355 1547 2448 1600 καὶ
2477 1546 2769 1617 περιφανὲς
2815 1547 3133 1616 μυστήριον.
3182 1545 3437 1615 Γέννησιν
3481 1543 3538 1596 δὲ
3585 1541 3799 1596 ἁκούων
3828 1540 3927 1609 τὴν

2353 1637 2559 1693 ἄνωθεν
2607 1636 2702 1691 καὶ
2757 1635 3151 1707 πνευματικὴν,
3204 1635 3522 1706 σωματικὴν
3559 1633 3641 1686 ἔτι
3685 1633 3928 1704 γαστέρα

2353 1727 2685 1798 φαντάζεται
2738 1725 3206 1798 παλινδρομοῦσαν
3257 1727 3337 1789 είς
3373 1725 3540 1778 ὠδῖνα
3578 1723 3686 1778 τῶν
3714 1723 3814 1793 ἤδη
3835 1738 3927 1790 γε·

2352 1817 2718 1889 γεννημένων,
2745 1815 2843 1868 καὶ
2869 1814 2959 1869 τὸν
2989 1816 3087 1887 τῆς
3113 1814 3234 1869 καθ’
3268 1816 3418 1885 ἡμᾶς
3439 1813 3652 1882 φύσεως
3675 1812 3776 1866 οὐκ
3799 1813 3927 1865 ἀνα-

689 1908 906 1964 divinas
937 1911 984 1964 ei
1021 1910 1337 1973 ailinetitur.
1375 1927 1610 1982 cumque
1638 1911 1905 1968 doctrina:
1943 1913 2242 1968 sublimita-

2356 1907 2556 1962 σαίνων
2585 1907 2770 1979 νδμον,
2801 1905 3066 1971 κανονίζει
3098 1907 3166 1960 τὰ
3214 1904 3459 1976 θειότερα
3487 1921 3502 1936 ⁶
3535 1902 3846 1974 άνεξίτητον
3869 1901 3928 1953 δὶ

689 2007 796 2052 tem
831 1999 1098 2055 invenerit
1141 2017 1170 2054 a
1213 2018 1321 2071 qua
1354 2018 1413 2058 se
1456 2003 1731 2058 extricare
1779 2015 2055 2074 nequeat,
2099 2003 2261 2058 deor-

689 2108 808 2145 sum
873 2092 1048 2146 fertur
1108 2109 1170 2147 ae
1226 2093 1357 2147 ruit.
1399 2092 1866 2160 Quemadmodum
1930 2093 2074 2148 enim
2138 2107 2258 2162 qua:

688 2181 1082 2235 vehementiori
1129 2182 1282 2250 jactu
1344 2181 1618 2250 lapidibus
1676 2181 2019 2243 alliduntur,
2074 2197 2259 2250 reper-

688 2288 853 2326 cussa
910 2273 1161 2326 resiliunt
1194 2291 1206 2326 :
1237 2273 1317 2327 sic
1361 2273 1525 2328 etiam
1563 2273 1783 2328 indocta
1816 2287 2000 2336 mens,
2035 2273 2253 2342 opinor,

688 2365 732 2418 si
791 2381 880 2420 res
923 2365 1164 2419 offendat
1216 2382 1449 2437 quarum
1506 2366 1614 2418 vim
1667 2365 1940 2421 sustinere
1996 2373 2251 2435 nequeat,

689 2454 841 2509 illico
890 2455 1130 2525 refugit,
1163 2463 1219 2510 et
1268 2471 1366 2511 sua
1401 2455 1782 2511 mediocritate
1824 2463 2084 2510 contenta
2117 2471 2253 2526 pra:-

685 2544 1007 2598 stantiorem
1041 2552 1094 2598 et
1123 2546 1375 2602 altiorem
1408 2545 1825 2618 intelligentiam
1861 2545 2058 2616 rejicit.
2098 2545 2254 2610 Quod

684 2647 808 2686 cuni
843 2633 916 2686 illi
956 2632 1269 2690 Iudaeorum
1317 2638 1548 2707 principi
1594 2637 1909 2709 contigerit,
1954 2637 2250 2707 spiritalem

685 2725 1096 2792 generationem
1131 2743 1239 2781 non
1273 2728 1441 2796 capit.

752 2893 840 2961 Ill,
881 2897 934 2952 5.
986 2896 1101 2952 Nisi
1129 2900 1246 2969 quis
1277 2911 1488 2955 renatus
1521 2903 1678 2972 fuerit
1707 2918 1772 2957 ea:
1804 2919 1942 2972 aqua
1982 2913 2032 2956 et
2075 2901 2250 2969 Spiri-

682 2997 737 3040 tu
764 2999 969 3056 sancto,
1001 3006 1103 3044 non
1129 2999 1298 3057 potest
1329 2993 1550 3046 introire
1573 2995 1625 3046 in
1655 3009 1870 3063 regnum
1897 2992 2018 3047 Dei.

753 3166 890 3218 Cum
920 3182 1030 3220 non
1063 3167 1391 3238 intelligeret
1422 3167 1752 3224 Nicodemus
1781 3170 1936 3243 1&7
1969 3170 2109 3240 quid
2138 3170 2244 3225 sibi

680 3259 809 3312 velit
869 3258 1057 3322 istud,
1107 3267 1272 3314 natus
1333 3277 1459 3315 esse
1511 3261 1767 3332 desuper,
1817 3264 2062 3334 apertius
2115 3263 2244 3316 illud

681 3351 1000 3420 mysterium
1051 3353 1298 3420 exponit.
1348 3351 1614 3408 Dominus
1655 3355 1799 3408 enim
1850 3363 2036 3408 noster
2087 3353 2247 3409 Jesus

679 3441 936 3497 Christus
991 3443 1488 3512 regenerationem,
1529 3460 1652 3514 qua:
1700 3461 1797 3514 per
1850 3445 2114 3516 Spiritum
2166 3445 2244 3508 ﬁt,

678 3533 915 3602 desuper
941 3550 1062 3588 esse
1089 3535 1303 3601 aiebat,
1336 3537 1634 3592 ostendens
1671 3536 1934 3607 Spiritum
1979 3552 2247 3606 supremae

679 3623 934 3676 omnium
977 3623 1302 3679 substantiae
1350 3625 1497 3680 illum
1543 3642 1694 3690 esse,
1725 3642 1819 3696 per
1855 3642 2015 3696 quem
2047 3625 2245 3680 divina:

677 3724 967 3770 consortes
1000 3716 1265 3770 efﬁcimur
1294 3727 1507 3773 natura:
1527 3719 1572 3782 τ,
1595 3717 1722 3772 dum
1759 3719 2090 3788 percipimus
2118 3733 2242 3772 eum

676 3809 768 3876 qui
810 3807 1247 3863 substantialiter
1276 3825 1341 3864 ex
1398 3809 1514 3880 ipsa
1551 3808 1819 3878 procedit,
1852 3815 1906 3863 et
1940 3823 2035 3878 per
2063 3807 2240 3876 ipsum

674 3908 840 3969 atque
873 3899 926 3953 in
955 3901 1074 3970 ipso
1093 3901 1158 3956 ad
1189 3902 1557 3970 exemplarein
1584 3900 2046 3972 pulchritudinem
2069 3898 2246 3953 refor-

675 4007 914 4058 mainur,
947 4001 1000 4048 et
1023 3994 1103 4048 sic
1131 3994 1196 4046 ad
1223 3995 1348 4049 vitae
1375 3995 1669 4049 novitatem
1707 3994 2067 4055 renascimur,
2098 4001 2151 4048 et
2185 3994 2238 4047 in

673 4085 911 4140 filiorum
944 4084 1035 4140 Dei
1083 4086 1429 4158 adoptionem
1483 4087 1805 4157 refingimur
1833 4085 1877 4142 ⁸,
1908 4085 2238 4141 Nicodcinus

670 4185 888 4239 autem,
925 4191 1051 4230 cum
1089 4193 1197 4230 non
1226 4192 1290 4232 eo
1342 4179 1395 4230 in
1425 4193 1589 4231 sensu
1635 4191 1822 4231 vocem
1873 4175 2044 4238 illam,
2086 4193 2104 4225 ι
2143 4175 2237 4229 de-

669 4284 855 4338 super,
890 4286 908 4318 ι
942 4269 1238 4337 acciperet,
1261 4268 1623 4327 nativitatem,
1655 4264 1960 4335 cuiusmodi
1994 4273 2080 4320 est
2111 4279 2236 4318 cor-

671 4375 898 4428 porum,
948 4358 1131 4413 denno
1176 4357 1413 4412 futuram
1444 4359 1740 4429 signiﬁcari
1789 4358 2098 4427 suspicatus
2128 4368 2233 4420 est,

669 4447 1007 4516 proindeque
1031 4463 1144 4501 rem
1169 4447 1568 4516 impossibilem
1586 4447 1768 4501 animo
1786 4447 2030 4510 volvens,
2053 4447 2236 4501 stulti-

2316 2074 2320 2078 .
2353 2006 2473 2067 ταῖς
2495 2003 2723 2068 οἰκείαις
2750 2000 2977 2065 ἐννοίαις
3005 1999 3066 2054 τὸ
3097 1997 3206 2050 τῶν
3223 1995 3557 2068 μαθημάτων
3575 1993 3708 2063 ῦψρς
3729 1991 3924 2063 εὑρὼν,

2354 2094 2504 2148 κάτω
2530 2095 2714 2148 πίπτει
2740 2093 2836 2148 καὶ
2856 2092 3114 2163 φέρεται*
3135 2090 3339 2158 Ὃνπερ
3362 2087 3469 2158 γὰρ
3493 2084 3695 2156 τρόπον
3720 2083 3788 2137 τὰ
3813 2085 3926 2146 τοῖς

2353 2184 2741 2238 ἀποκεκλικόσι
2765 2184 2876 2238 τῶν
2894 2183 3054 2236 λίθων
3069 2179 3453 2249 εὐτονωτέραις
3477 2175 3927 2247 προπραχθέντα

2355 2275 2557 2345 βολαῖς,
2604 2275 2778 2329 ὀπίσω
2827 2274 2991 2328 πάλιν
3045 2271 3325 2337 ἐξάλλεται
3349 2285 3366 2299 ·
3396 2267 3590 2331 οὕτως,
3617 2263 3793 2338 οἶμαι,
3828 2265 3927 2319 καί

2352 2367 2475 2431 νοῦς
2502 2365 2716 2438 ἀμαθὴς
2768 2365 3117 2437 γοργοτέροις
3143 2363 3180 2433 ἦ
3221 2360 3342 2414 καθ’
3377 2358 3569 2415 ἑαυτὸν
3599 2357 3925 2428 προσϐαλὼν

2352 2452 2720 2526 θεωρήμασιν,
2772 2454 3037 2526 ἀτονήσας
3095 2451 3398 2513 ὑπονοστεί,
3454 2447 3548 2522 καὶ
3587 2447 3807 2518 μέτροις
3837 2447 3930 2500 ἀεὶ

2350 2548 2461 2610 τοῖς
2488 2531 2636 2618 αὑτῷ
2662 2546 2962 2620 πρέπουσιν
2989 2541 3401 2616 ὲμφιλοχωρῶν,
3431 2539 3529 2611 τὴν
3583 2538 3795 2608 ἀμείνω
3829 2539 3932 2590 καὶ

2352 2633 2687 2705 ὑψηλοτέραν
2738 2635 2992 2706 ἀτιμάζει
3025 2632 3237 2686 σύνεσιν
3258 2647 3272 2662 ·
3295 2629 3324 2684 δ
3349 2629 3415 2700 δὴ
3444 2625 3728 2690 πεπονθὼς
3752 2628 3781 2680 ὁ
3812 2626 3925 2678 τῶν

2362 2723 2633 2778 Ἰουδαίων
2662 2722 2958 2795 ἡγούμενος
2998 2722 3096 2794 τὴν
3126 2718 3502 2792 πνευματικὴν
3532 2717 3594 2771 οὐ
3631 2715 3924 2785 καταδέχε-

2348 2828 2438 2864 ται
2461 2812 2733 2883 γέννησιν.

2432 2902 2574 2956 Ἐὰν
2597 2902 2682 2971 μή
2716 2919 2808 2968 τις
2847 2900 3106 2970 γεννηθῇ
3143 2900 3212 2964 ἐξ
3257 2898 3476 2965 ὕδατος
3511 2898 3608 2951 καί
3651 2897 3920 2966 Πνεῦμα-

2348 3011 2471 3058 tog,
2501 2993 2582 3045 οὺ
2596 2992 2842 3045 δύναται
2865 2989 3163 3046 εἰσελθεῖν
3208 2991 3293 3056 εις
3320 2987 3432 3056 τὴν
3457 2989 3786 3053 ,βασιλείαν
3810 2985 3918 3040 τοῦ

2352 3081 2518 3136 Θεοῦ.

2421 3174 2494 3228 θύ
2520 3173 2767 3226 συνιέντα
2788 3173 2878 3226 τδν
2920 3170 3222 3241 ἄνθρωπον,
3247 3169 3452 3223 καθ”δν
3474 3168 3580 3222 ἔδει
3609 3167 3830 3237 τρόπον,
3857 3165 3915 3218 τξ

2349 3267 2414 3319 ἂν
2439 3263 2677 3334 βούλοιτο
2737 3262 3023 3334 σημαίνειν
3075 3261 3138 3315 τὸ
3178 3261 3382 3314 ἄνωθεν
3426 3259 3752 3330 γεννηθῆναι
3783 3258 3912 3320 δεῖν,

2349 3355 2701 3425 σαφεστέροις
2751 3353 3066 3407 ὲκπαιδεύει
3114 3352 3418 3422 μαθήμασι,
3481 3349 3819 3420 γυμνοτέραν
3857 3349 3915 3402 δὲ

2347 3446 2493 3517 αὐτῷ
2525 3445 2855 3517 παρατίθησι
2877 3444 2972 3498 τοῦ
3007 3444 3308 3514 μυστηρίου
3343 3443 3443 3515 τὴν
3470 3443 3693 3511 γνῶσιν.
3738 3443 3798 3494 '0
3817 3443 3914 3512 μὲν

2345 3537 2453 3608 γὰρ
2486 3537 2686 3608 Κύριος
2702 3536 2857 3609 ἡμῶν
2887 3535 3090 3606 Ἰησοῦς
3109 3535 3340 3606 Χριστὸς
3363 3536 3460 3607 τὴν
3473 3534 3560 3588 διὰ
3598 3533 3915 3603 Πνεύματος

2343 3629 2698 3698 ἁναγέννησιν
2721 3627 2924 3682 ἄνωθεν
2961 3627 3245 3691 ἀπεκάλει,
3289 3627 3388 3696 τῆς
3427 3624 3686 3679 ἀνωτάτω
3725 3625 3914 3676 πασῶν

2343 3719 2527 3783 οὐσίας
2556 3720 2616 3772 τὸ
2638 3718 2857 3789 Πνεῦμα
2904 3717 3139 3782 δεικνὺς,
3177 3718 3253 3771 δι’
3277 3714 3338 3772 οὗ
3372 3717 3472 3786 τῆς
3508 3717 3657 3779 θείας
3696 3715 3913 3784 φύσεως

2342 3810 2602 3881 γινόμεθα
2636 3811 2902 3874 κοινωνοὶ,
2933 3809 3006 3872 ὡς
3043 3810 3104 3862 τὸ
3135 3809 3193 3876 ἐξ
3225 3811 3395 3880 αὐτῆς
3415 3807 3690 3871 comeso;
3722 3807 3912 3877 προῖὺν

2346 3901 2746 3974 καρπούμενοι,
2799 3901 2894 3955 καὶ
2941 3901 3013 3954 δι”
3041 3900 3202 3954 αὑτοῦ
3246 3901 3339 3954 κιιιὶ⁷
3391 3901 3450 3952 ὲν
3495 3898 3644 3968 αὐτῷ
3683 3898 3821 3969 πρὸς
3851 3898 3915 3950 τὸ

2340 3995 2645 4070 ἀρχέτυπον
2673 3993 3144 4064 ἀναμορφούμενοι
3171 3992 3386 4056 κάλλος,
3420 3990 3562 4044 οὕτω
3593 4008 3651 4043 τε
3681 3991 3763 4053 είς
3791 4007 3913 4042 και-

2338 4089 2534 4157 νότητα
2561 4085 2706 4156 ζωῆς
2732 4085 3168 4154 άνατικτόμενοι,
3186 4083 3280 4137 καὶ
3305 4084 3385 4146 είς
3420 4082 3518 4151 τὴν
3551 4081 3704 4134 θείαν
3738 4079 3913 4160 υἱοθε»

2341 4179 2462 4232 σίαν
2488 4176 2966 4247 ἀναπλαττόμενοι.
3011 4175 3082 4228 Τὸ
3103 4176 3160 4228 δὲ
3193 4194 3209 4226 ι
3239 4174 3445 4229 ἄνωθεν
3479 4193 3497 4225 ι
3523 4175 3552 4226 ὁ
3601 4172 3911 4241 Νικόδημος

2336 4271 2434 4342 οὐχ
2457 4269 2628 4334 οὕτως
2648 4268 2893 4323 ἐκλαϐὼν
2928 4268 3026 4338 τὴν
3043 4265 3286 4328 εἰσαῦθις
3312 4265 3574 4336 ἐσομένην
3595 4265 3910 4334 ὑ-πετόπησε

2335 4365 2606 4436 γέννησιν,
2637 4363 2712 4426 ὡς
2737 4361 2830 4415 ἐπὶ
2861 4360 3148 4429 σωμάτων,
3189 4357 3549 4430 σημαίνεσθαι
3573 4375 3589 4389 ο
3629 4357 3720 4410 διὰ
3749 4356 3913 4410 τοῦτο

2335 4456 2430 4510 καὶ
2459 4458 2568 4519 τοῖς
2599 4455 2680 4516 είς
2700 4453 2958 4506 ἀδύνατον
3006 4449 3354 4503 ἀποκλείουσι
3400 4447 3717 4520 περιπεσὼν
3763 4446 3912 4513 λογι-

669 4540 802 4592 tiain
836 4554 991 4592 suam
1017 4546 1071 4592 et
1101 4538 1374 4593 inscitiam
1407 4537 1665 4607 prodidit.
1699 4535 2017 4592 Necessario
2053 4537 2235 4607 itaque

2344 4548 2527 4616 σμοῖς,
2572 4544 2734 4608 ἄνους
2787 4560 2846 4594 τε
2887 4541 3023 4613 ὁμοῦ
3065 4539 3428 4610 κατεφωράθη
3475 4539 3568 4592 καὶ
3605 4537 3908 4608 δυσμαθής.

669 4628 925 4681 Salvator
973 4643 1097 4681 eum
1147 4643 1215 4683 eo
1244 4636 1302 4682 ut
1349 4629 1610 4684 imbecilli
1652 4630 1832 4686 adhuc
1879 4639 2062 4686 mente
2097 4648 2234 4702 prae-

666 4719 780 4775 dito
829 4719 1049 4774 mollius
1097 4721 1235 4789 agit,
1275 4731 1349 4784 et,
1403 4722 1673 4776 orationis
1705 4724 1942 4793 tegmine
1993 4723 2233 4787 sublato,

665 4817 852 4880 aperte
876 4809 1094 4864 demum
1137 4811 1213 4862 ait
1255 4829 1268 4864 :
1306 4829 1326 4861 ι
1364 4810 1477 4865 Nisi
1529 4813 1649 4881 quis
1696 4821 1918 4867 renatus
1955 4811 2121 4866 fuerit
2166 4829 2231 4867 ex

661 4913 800 4967 aqua
858 4905 912 4952 et
961 4898 1170 4968 Spiritu
1226 4907 1455 4962 sancto,
1514 4917 1620 4954 non
1671 4907 1852 4971 potest
1897 4901 2126 4956 introire
2176 4903 2230 4958 in

661 5006 891 5060 regnum
945 4989 1060 5044 Dei.
1103 5010 1120 5041 ι
1151 4990 1288 5045 Cum
1339 4993 1484 5046 enim
1523 4994 1686 5046 homo
1740 4995 1811 5050 sit
1865 4995 2228 5064 compositum

660 5081 814 5150 quid,
852 5098 958 5135 non
1011 5083 1240 5151 simplex
1291 5093 1516 5144 natura,
1553 5100 1619 5137 ex
1652 5084 1867 5138 duobus
1902 5095 2228 5156 attempera-

660 5183 771 5236 tus,
821 5191 1052 5244 corpore
1106 5176 1364 5229 nimirum
1400 5176 1646 5230 sensibili
1689 5186 1743 5232 et
1796 5177 1978 5230 anima
2028 5177 2228 5235 intelli-

659 5274 836 5334 gente.
861 5267 1079 5334 gemino
1107 5282 1324 5335 quoque
1354 5282 1492 5336 opus
1524 5269 1630 5321 erit
1667 5268 1714 5321 ei
1757 5268 1821 5320 ad
1858 5272 2227 5337 regeneratio-

659 5372 780 5409 nem
812 5359 1050 5412 remedio
1083 5361 1302 5428 utrique
1335 5359 1735 5427 quodaminodo
1763 5361 1904 5416 allini
1938 5375 1990 5418 et
2021 5367 2222 5420 amico.

659 5445 865 5514 Spiritu
918 5466 1152 5519 namque
1213 5453 1591 5504 sani-tilicatur
1637 5454 1876 5509 hominis
1937 5457 2220 5525 spiritus:

653 5555 794 5607 aqua
860 5557 989 5594 vero
1039 5542 1414 5606 sanctiﬁcata,
1462 5558 1686 5614 corpus.
1748 5545 2217 5611 Quemadmodum

650 5630 792 5684 enim
852 5631 1028 5686 infusa
1081 5633 1348 5690 lebetibus
1371 5649 1546 5704 aqua,
1600 5634 1647 5690 si
1706 5637 2061 5692 admoveatur
2109 5639 2218 5710 igni

718 5815 740 5846 "
765 5811 924 5868 Joou.
965 5829 1071 5875 XVI,
1107 5814 1197 5868 27.
1275 5817 1293 5842 ⁸
1324 5815 1481 5873 Junii.
1515 5834 1592 5882 iii,
1625 5819 1711 5872 3i.
1790 5819 1808 5848 ⁷
1843 5817 1881 5872 li
1915 5817 2056 5874 l‘etr.
2093 5835 2130 5884 i,
2163 5817 2214 5870 4.

2348 4633 2682 4702 Ἂναγκαίως
2733 4630 3022 4702 τοιγαροῦν
3079 4631 3108 4682 ὀ
3162 4629 3352 4698 Σωτὴρ
3413 4629 3488 4692 ὡς
3535 4626 3912 4695 ἀσθενεστέρῳ

2335 4725 2430 4797 τὴν
2458 4724 2569 4790 ἕξιν
2597 4722 3008 4796 τρυφερώτερον
3055 4722 3136 4775 ἔτι
3187 4720 3577 4791 προσφέρεται,
3606 4718 3701 4771 καὶ
3725 4717 3788 4770 τὸ
3819 4717 3908 4770 δοο

2336 4817 2466 4871 κοῦν
2525 4813 2851 4886 ὲπερρίφθαι
2898 4813 2978 4883 τῷ
3013 4813 3157 4883 λὸγῳ
3205 4812 3470 4883 κάλυμμα
3501 4808 3795 4878 περιελὼν,
3819 4810 3912 4862 άνο

2332 4906 2565 4978 αφανδδν
2585 4905 2684 4976 ἤδη
2710 4904 2874 4974 φησίν
2897 4920 2909 4934 ·
2943 4922 2960 4955 ι
2986 4905 3111 4958 Ἐὰν
3143 4905 3216 4975 μή
3250 4921 3334 4966 τις
3368 4901 3602 4971 γεννηθῇ
3629 4899 3688 4963 ἐξ
3717 4899 3911 4961 ὓδατος

2337 4998 2428 5050 καί¹
2464 4994 2796 5065 Πνεῦματος,
2826 4994 2885 5047 οὐ
2936 4993 3156 5047 δύναται
3208 4992 3471 5046 εἰσελθεῖν
3501 4992 3582 5052 εἰς
3618 4990 3721 5059 τὴν
3756 4989 3911 5058 βασι-

2335 5087 2483 5141 λείαν
2517 5086 2609 5140 τοῦ
2643 5083 2798 5138 Θεοῦ.
2825 5104 2844 5135 ι
2895 5085 3113 5154 Ἐπειδὴ
3141 5085 3248 5155 γὰρ
3283 5082 3536 5136 σύνθετόν
3573 5097 3648 5141 τι,
3689 5080 3787 5131 καὶ
3812 5080 3910 5148 οὐχ

2334 5179 2534 5234 ἁπλοῦν
2562 5176 2701 5231 κατὰ
2725 5175 2884 5245 φύσιν
2909 5177 2937 5228 ὁ
2962 5175 3265 5247 ἄνθρωπος,
3320 5176 3384 5227 ἐκ
3420 5172 3513 5227 δύο
3563 5171 3912 5242 κεκερασμέ-

2331 5291 2440 5337 νος,
2471 5269 2728 5340 αἰσθητοῦ
2757 5268 2999 5338 δηλονότι
3043 5267 3289 5337 σώματος
3323 5269 3417 5320 καὶ
3456 5265 3635 5336 ψυχῆς
3682 5265 3902 5334 νοερᾶς,

2330 5364 2522 5434 διπλῆς
2553 5361 2700 5432 αὐτῷ
2748 5361 2884 5431 πρὸς
2926 5359 3281 5429 άναγέννησιν
3315 5359 3555 5428 ἐνδεήσει
3583 5355 3906 5428 θεραπείας.

2330 5455 2604 5525 συγγενῶς
2633 5470 2748 5513 πως
2773 5452 3002 5523 ἐχούσης
3019 5451 3152 5523 πρὸς
3175 5451 3341 5521 ἄμφω
3363 5451 3472 5505 τῶν
3493 5448 3902 5521 δεδηλωμένων.

2326 5545 2601 5615 Πνεῦματι
2667 5542 2764 5612 μὲν
2833 5541 2941 5612 γὰρ
2999 5541 3282 5610 ἁγιάζεται
3354 5540 3447 5595 τοῦ
3499 5538 3794 5611 ἀνθρώπου
3840 5534 3905 5589 τὺ

2329 5635 2563 5706 πνεῦμα,
2599 5634 2752 5687 ῦδατι
2802 5633 2860 5686 δὲ
2920 5631 2988 5686 αὖ
3032 5632 3190 5686 πάλιν
3219 5634 3560 5704 ἡγιασμένῳ,
3603 5632 3663 5685 τὸ
3718 5629 3902 5698 σῶμα.

2291 5816 2310 5846 ⁵
2341 5813 2503 5868 Rom.
2528 5827 2600 5873 γι,
2635 5809 2704 5872 ii;
2759 5806 2955 5878 Ephcs.
2990 5824 3027 5877 t,
3058 5809 3110 5866 5.
