4118 6556
182 417 276 474 2Ιὸ

1193 422 1259 478 ΙΝ
1296 421 1584 479 JOANNIS
1613 422 2060 482 EVANGELIUM
2100 425 2228 512 LIB.
2271 422 2336 482 ΙΙ.

3289 435 3395 494 236

184 538 382 606 Ὅνπερ
403 533 506 606 γὰρ
541 534 742 604 τρόπον
775 536 836 591 τδ
881 539 940 592 ὲν
979 543 1090 606 τοῖς
1139 543 1360 614 λέϐησιν
1407 545 1724 616 ἐκχεόμενον

1833 545 2166 615 vehementi,
2201 549 2312 604 vim
2343 548 2465 619 ejus
2505 551 2745 622 concipit
2779 572 2790 607 :
2825 551 2897 607 ita
2929 551 3170 625 Spiritus
3215 555 3396 610 ellica-

181 628 321 700 ὓδωρ-
340 629 455 690 ταίς
475 625 565 680 τοῦ
591 627 762 699 πυρὸς
787 628 1054 702 ὁμιλῆσαν
1093 634 1300 706 ἀκμαῖς
1336 638 1434 708 τὴν
1467 639 1525 704 ἐξ
1556 637 1722 692 αὑτοῦ

177 719 388 788 δύναμιν
428 716 819 786 ἀναμάττετοιι,
852 718 994 773 οὕτω
1035 721 1122 776 sta:
1153 725 1250 794 τῆς
1283 725 1374 779 τού
1409 726 1722 798 Πνεύματος

177 807 799 881 ἐνεργείαςίτδαισθητδν
827 809 971 884 ὕδωρ
1013 815 1150 883 πρὸς
1183 815 1332 869 Θείαν
1361 817 1483 871 τινὰ
1509 818 1603 872 καὶ
1625 818 1723 890 ἀρ-

179 905 324 975 ρητον
365 901 825 973 ἁναστοιχειοῦται
867 904 966 976 [αι.
1015 909 1534 984 μεταστοιχειοῦται]
1573 911 1720 965 δύναο

180 1011 278 1064 μιν,
302 989 504 1060 ἁγιάζει
526 1009 584 1046 τε
613 993 798 1048 λοιπὸν
824 997 951 1060 τοὺς
965 999 1024 1050 ὲν
1040 995 1138 1063 -οἴς
1161 999 1228 1054 ἂν
1245 1001 1472 1070 γένοιτο.

241 1083 304 1138 Τὸ
327 1083 756 1153 γεγεννημένον
769 1087 838 1140 ἐκ
860 1085 961 1156 τῆς
988 1092 1235 1157 σαρκὸς,
1265 1091 1590 1160 σάρξ-ἐστι,
1625 1092 1723 1146 καί

175 1175 234 1229 rd
275 1173 704 1245 γεγεννημένον
750 1179 819 1232 ἐκ
869 1180 984 1234 τοῦ·
1026 1184 1373 1252 Πιοεύματος
1401 1223 1416 1250 ,
1484 1184 1721 1254 «reﬂui

174 1268 344 1321 ἐστιν.

244 1357 432 1429 Έτέρῳ
468 1359 632 1413 πάλιν
660 1361 820 1415 αὑτὸν
841 1362 1124 1420 ἀναπείθει
1152 1365 1397 1438 λογισμῷ
1421 1368 1554 1439 πρὸς
1580 1368 1722 1439 ὑψηο

175 1450 712 1522 λοτέρανάνασαίνειν
740 1453 976 1521 σύνεσιν,
1021 1458 1127 1510 καίτ
1145 1461 1518 1530 πνευματικὴν
1561 1461 1725 1514 ἀκούι

174 1560 283 1596 οντα
319 1543 586 1612 γέννησιν,
641 1544 726 1616 μὴ·
765 1545 848 1598 τάι
887 1548 1154 1619 σωμάτων
1183 1549 1615 1622 ἰδιαθλαμόἀνειν
1644 1555 1724 1617 εἰς

173 1633 297 1688 νοῦν.
327 1635 530 1706 Ὥσπερ
564 1634 674 1706 γὰρ
691 1637 926 1709 ἀνάγκη,
961 1641 1148 1708 φησιν,
1174 1642 1393 1705 πάντως
1419 1637 1558 1697 εἶναι
1591 1644 1723 1715 σάρ-

172 1743 260 1790 κας
283 1725 346 1779 τὰ
379 1727 596 1796 σαρκῶν
619 1730 955 1801 γεννήματα,
996 1731 1140 1784 οὕτω
1159 1733 1399 1802 δηλονότι
1434 1735 1534 1788 καῖ
1562 1738 1723 1790 πνεύι

173 1833 298 1886 ματα
325 1816 478 1870 τὰ’ὲκ
512 1819 842 1890 πνεύματοςε
881 1816 976 1885 οἷς
1000 1822 1057 1876 δὲ
1091 1823 1121 1876 ὁ
1147 1824 1253 1877 τοῦ
1269 1840 1386 1889 πως
1416 1821 1719 1897 εἰναιλόγος

1823 637 1987 692 citate
2043 639 2326 694 sensibilis
2378 655 2518 710 aqua
2577 642 2645 696 ad
2702 642 2945 699 divinam
2991 645 3286 715 quamdam
3341 656 3394 700 et

1823 726 2151 783 inetl'abilem
2196 729 2307 783 vim
2361 729 2807 800 transformatur,
2835 749 3137 806 omnesque
3173 734 3391 790 demum

1823 819 1877 872 in
1901 819 2101 889 quibus
2130 819 2295 876 fuerit
2319 821 2645 878 sanctiﬁcat.

1893 1085 1982 1150 ΙΙΙ,
2021 1085 2075 1140 6.
2118 1086 2271 1152 Quod
2300 1097 2486 1142 natum
2547 1097 2626 1143 est
2675 1103 2741 1142 e1:
2785 1103 2964 1154 carne,
3014 1107 3139 1144 caro
3183 1102 3296 1156 est;
3343 1102 3392 1146 et

1821 1177 1961 1246 quod
1995 1186 2178 1232 natum
2201 1189 2276 1234 est
2309 1194 2374 1234 ex
2403 1177 2634 1248 Spiritu,
2660 1179 2877 1248 spiritus
2904 1189 3002 1236 est.

1893 1266 2011 1321 Alia
2061 1282 2256 1324 rursus
2290 1268 2504 1324 ratione
2545 1268 2613 1323 ad
2655 1269 3030 1324 sublimiorem
3061 1269 3392 1326 intellectum

1823 1359 2226 1414 ascendentium
2271 1375 2397 1416 esse
2443 1360 2774 1431 persuadet.
2823 1370 2878 1417 et
2910 1360 3038 1416 dum
3086 1363 3393 1432 spiritalem

1823 1450 2224 1518 generationem
2276 1450 2466 1516 audit,
2521 1467 2629 1505 non
2694 1467 2818 1507 esse
2885 1453 3146 1508 continuo
3206 1453 3274 1508 de
3337 1469 3396 1510 re

1823 1538 2046 1609 propria
2070 1554 2360 1609 corporum
2403 1540 2810 1610 accipiendum.
2865 1541 2935 1598 Ut
2982 1543 3126 1598 enim
3169 1558 3396 1600 necesse

1820 1637 1939 1694 est,
1982 1631 2195 1700 inquit,
2238 1631 2468 1687 omnino
2493 1646 2714 1686 carnem
2760 1647 2884 1689 esse
2926 1633 3072 1704 quod
3123 1649 3189 1689 ex
3231 1650 3397 1690 carne

1821 1722 2087 1793 gignitur,
2137 1723 2214 1778 ita
2261 1723 2425 1778 etiam
2475 1725 2706 1796 spiritus
2735 1739 2799 1781 ea
2830 1741 2951 1796 quae
2991 1735 3292 1781 nascuntur
3328 1744 3395 1782 ex

1823 1815 2042 1885 spiritu.
2073 1808 2289 1880 Quibus
2326 1823 2512 1871 autem
2553 1815 2776 1872 diversa
2824 1825 2910 1872 est
2948 1817 3203 1873 essentia:
3235 1819 3392 1882 ratio,

169 1907 562 1978 ἔξηλλαγμένος,
597 1909 808 1975 τούτοις
841 1911 992 1966 ἔσται
1035 1915 1254 1979 πάντως
1278 1917 1370 1970 καὶ
1405 1919 1438 1971 ὁ
1465 1919 1566 1989 τῆς
1593 1891 1718 1988 γεν-

1825 1907 1939 1962 haec
1954 1905 2146 1977 utique
2159 1907 2536 1978 generationis
2548 1907 2766 1962 modum
2783 1907 3105 1963 habentnon
3118 1907 3392 1964 eumdem.

168 1999 352 2067 νήσεως
381 1998 586 2069 τρόπος
610 2003 706 2071 οὐχ
738 2003 767 2054 ὁ
798 2003 981 2066 αὐτός.
1021 2004 1218 2059 ’ἰστέον
1257 2008 1316 2061 δὲ
1357 2009 1454 2062 ὅτι
1473 2009 1720 2082 γέννημα

167 2087 247 2141 τοῦ
273 2089 585 2160 πνεύματος
607 2093 676 2146 τὸ·
694 2094 791 2147 τοῦ
825 2094 1114 2166 ἀνθρώπου
1148 2099 1592 2173 πνεῦμάίραμεν,
1623 2107 1723 2178 οὐχ

167 2182 234 2246 ὣς
254 2181 308 2248 ἐξ
328 2183 486 2238 αὑτοῦ
513 2187 661 2241 κατά
693 2189 856 2258 φύσιν
878 2209 892 2222 ο
929 2193 1212 2264 ἀμήχανον
1240 2198 1350 2266 γάρ
1371 2213 1384 2227 ·
1416 2198 1530 2252 ἀλλ’
1556 2199 1632 2263 ὥς
1665 2203 1720 2255 ἐν

170 2274 348 2348 πρώτῳ
378 2278 474 2348 μὲν
495 2281 604 2333 καὶ·
623 2281 966 2356 ἀρχαιοτέρῳ
999 2284 1144 2358 λόγῳ
1188 2289 1330 2341 κατά
1372 2289 1435 2344 τὸ
1461 2292 1526 2344 δι’
1554 2293 1724 2346 αὑτοῦ

168 2367 435 2439 κεκλῆσθαι
472 2370 544 2424 τδ
579 2373 656 2443 μὴ
700 2374 760 2427 ὃν
803 2376 884 2439 εἰς
913 2378 1145 2445 γένεσιν,
1183 2381 1241 2432 ἐν
1266 2381 1322 2436 δὲ
1355 2383 1596 2457 δευτέρῳ
1628 2389 1720 2441 καὶ

168 2460 496 2530 οἰκονομικῶς
543 2463 694 2518 κατά
714 2465 814 2536 τὴν
845 2467 912 2521 δι’
956 2468 1122 2523 αὑτοῦ
1154 2472 1289 2542 πρδς
1313 2473 1444 2528 Θεὸν
1479 2477 1721 2550 ἀνομόρ-

169 2567 337 2618 φωσιν,
361 2552 484 2615 τοῦς
508 2555 746 2620 οἰκείους
783 2559 916 2627 ἡμῖν
947 2562 1305 2633 χαρακτῆρας
1352 2566 1719 2635 ὲνθλίϐοντος,

168 2642 248 2696 καὶ
293 2644 366 2707 εἰς
420 2644 522 2717 τὴν
585 2646 722 2702 ἰδίαν
773 2648 963 2722 ὥσπερ
1025 2654 1286 2723 ποιότητα
1334 2659 1434 2728 τὴν
1485 2660 1720 2716 διάνοιαν

169 2736 631 2804 μεταπλάττοντος.
651 2741 813 2795 οὕτω
825 2743 955 2816 γὰρ,
981 2741 1156 2814 οΐμαι,
1181 2749 1393 2819 νοήσεις
1429 2751 1602 2822 ὀρθῶς
1626 2756 1722 2808 καὶ

165 2827 217 2880 τὸ
233 2827 310 2882 διὰ
358 2828 449 2884 τοῦ
499 2832 714 2887 Παύλου
746 2836 880 2906 πρός
901 2854 1051 2902 τινας
1083 2841 1401 2912 εἰρημένονο
1442 2862 1459 2895 ι
1491 2845 1715 2909 Τεκνία,

165 2920 244 2983 οὓς
289 2922 443 2977 πάλιν
479 2924 684 2987 ὠδίνω.
740 2927 901 2998 ἄχρις
951 2922 1012 2982 οὗ
1075 2934 1336 3005 μορφωθῇ
1390 2937 1624 3007 Χριστὸς
1665 2942 1722 2993 ὲν

165 3012 291 3080 ύμῖν.
324 3015 486 3068 λΚαὶ
521 3015 729 3069 πάλιν·
761 3035 779 3068 ι
823 3019 912 3072 Ἐν
960 3020 1070 3092 γὰρ
1121 3023 1343 3096 Χριστῷ
1399 3027 1574 3098 Ἰησοῦ
1635 3029 1722 3083 διὰ

163 3103 588 3175 τούΕύιιγγελίω
616 3107 727 3177 ἐγὼ
749 3110 891 3182 ὑμᾶς
921 3112 1205 3185 ἐγέννησα.
1236 3134 1254 3165 ι

1823 1998 2118 2054 Sciendum
2141 2006 2225 2056 est
2241 2014 2372 2054 vero
2395 2015 2498 2055 nos
2514 2000 2768 2070 genimen
2787 2000 3014 2070 spiritus
3028 1999 3211 2055 dicere
3228 1998 3397 2054 homi-

1821 2091 1908 2146 nis
1930 2091 2206 2161 spirituum,
2242 2090 2403 2163 148
2423 2107 2530 2146 non
2553 2090 2711 2161 quasi
2737 2105 2803 2145 ex
2840 2090 2964 2161 ipso
2990 2090 3063 2146 sit
3092 2091 3396 2148 secundum

1822 2189 2074 2235 naturam
2102 2179 2196 2252 (id
2223 2182 2368 2236 enim
2392 2180 2508 2235 ﬁeri
2534 2195 2764 2250 prorsus
2797 2179 3055 2250 nequit),
3092 2178 3187 2235 sed
3219 2180 3405 2250 prima
3501 2206 3503 2208 -

1821 2273 2040 2344 quidem
2080 2281 2134 2328 et
2176 2273 2566 2343 antiquissima
2606 2273 2838 2336 ratione,
2886 2271 3038 2342 quod
3083 2287 3181 2342 per
3214 2271 3394 2343 ipsum

1821 2363 2078 2417 nimirum
2120 2363 2172 2418 id
2201 2362 2348 2433 quod
2375 2378 2480 2418 non
2509 2370 2646 2424 erat,
2678 2369 2930 2417 vocatum
2979 2363 3055 2418 sit
3097 2362 3156 2417 in
3191 2371 3395 2427 orsum,

1821 2452 1992 2506 altera
2033 2467 2196 2519 vero,
2238 2453 2498 2508 nimirum
2542 2469 2606 2508 es
2656 2453 3106 2524 dispensatione,
3147 2454 3293 2525 quod
3328 2454 3395 2508 ad

1821 2543 1992 2599 Deum
2037 2545 2404 2600 reiormcmur
2429 2561 2526 2616 per
2559 2547 2734 2616 ipsum
2760 2586 2773 2609 ,
2817 2545 2948 2601 dum
2979 2545 3176 2600 animae
3203 2544 3398 2599 chara-

1820 2644 2002 2690 cteres
2029 2650 2160 2691 suos
2190 2636 2475 2705 imprimit,
2499 2643 2555 2690 et
2585 2637 2638 2691 in
2668 2636 2973 2707 propriam,
3006 2646 3064 2691 ut
3091 2637 3164 2691 ita
3196 2635 3392 2701 dicam,

1818 2727 2137 2797 qualitatem
2193 2735 2428 2781 mentem
2475 2725 2856 2781 transformat.
2909 2724 3002 2780 Si‘c
3040 2726 3188 2780 enim
3226 2732 3393 2787 recte,

1819 2821 2041 2888 opinor,
2075 2817 2348 2888 intelliges
2388 2817 2554 2872 etiam
2587 2817 2720 2872 illud
2759 2817 2902 2888 quod
2945 2832 3044 2888 per
3071 2817 3296 2872 Paulum
3329 2819 3396 2873 ad

1818 2912 2036 2981 aliquos
2063 2911 2271 2966 dictum
2296 2917 2380 2965 est
2407 2929 2420 2964 :
2451 2927 2470 2961 ι
2506 2908 2709 2974 Filioli,
2737 2925 2876 2980 quos
2905 2911 3100 2964 iterum
3127 2910 3394 2981 parturio,

1819 3003 1993 3057 donec
2028 3000 2296 3056 formetur
2345 2999 2598 3055 Christus
2641 3000 2696 3053 in
2727 3001 2880 3055 vobis
2909 3001 2956 3054 °.'
3003 3020 3022 3053 ι
3068 2999 3198 3054 Item
3234 3017 3247 3054 :
3289 3019 3306 3052 ι
3341 2998 3396 3054 In

1818 3095 2040 3149 Christo
2093 3094 2240 3149 enim
2287 3091 2415 3151 Jesu
2467 3108 2564 3164 per
2614 3092 2967 3163 Eilangelium
3015 3108 3116 3162 ego
3159 3107 3257 3148 vos
3303 3108 3398 3164 ge-

1830 3188 1923 3244 nui
1957 3188 2022 3241 ¹⁰.
2071 3205 2090 3240 ι

218 3276 305 3343 Μὴ
323 3278 639 3347 θαυμάσῃς
671 3279 759 3336 ὅτι
787 3278 959 3337 εῒπόν
977 3301 1095 3339 cor
1123 3285 1228 3340 Δεῖ
1248 3287 1404 3358 ὑμᾶς
1437 3292 1720 3362 γεννηθῆ-

1830 3241 1986 3348 ῨΙΙΙ,
2029 3278 2158 3345 7,8.
2205 3277 2329 3333 Non
2361 3279 2566 3334 mineris
2590 3279 2715 3351 quia
2763 3279 2878 3333 dixi
2912 3279 3027 3344 tibi,
3059 3279 3276 3350 Oportet
3313 3295 3400 3333 vos

162 3381 245 3418 ναι
270 3367 508 3422 ἄνωθεν.
545 3371 618 3424 Τὸ
653 3373 888 3442 πνεῦμα
926 3375 1079 3431 ὅπου
1110 3378 1267 3433 θέλει
1296 3381 1452 3446 πνεῖ,
1481 3383 1578 3435 καὶ
1609 3385 1724 3452 τὴν

162 3459 348 3526 φωνὴν
374 3462 566 3516 αὐτοῦ
592 3463 850 3532 ἀκούεις,
891 3467 1032 3522 ἀλλ’
1059 3473 1171 3524 οὐκ
1214 3469 1381 3540 οἶδας
1408 3477 1595 3530 πόθεν
1629 3477 1725 3545 ἕρ⁸

163 3566 324 3616 lerat,
355 3552 450 3606 καὶ
476 3554 606 3608 ποῦ
628 3555 843 3626 ὑπάγει
863 3574 877 3588 ο
909 3560 1097 3627 οὕτως
1133 3561 1268 3616 ἐστί
1301 3565 1420 3632 πᾶς
1451 3569 1482 3621 d
1520 3585 1725 3638 γεγεν-

159 3639 393 3708 νημένος
421 3644 490 3696 ἐκ
524 3644 635 3698 τοῦ
663 3648 1026 3718 Πνεύματος.

231 3733 410 3806 Ἀρετὴ
460 3735 934 3806 διδασκάλου,,τὸ·
972 3742 1238 3809 ποικίλοις
1288 3746 1548 3803 δύνασθαι
1595 3751 1726 3820 p.20—

160 3822 342 3883 οδεύειν
368 3825 598 3895 τρόποις
639 3829 747 3882 τῶν
779 3831 1146 3904 ἀκροωμένων
1171 3837 1262 3890 τὸν
1311 3838 1455 3905 νοῦν,
1503 3841 1598 3894 καὶ
1637 3841 1727 3898 διὰ

162 3913 348 4004 πολλῶν
380 3917 515 3972 ἰέναι
567 3917 958 3992 θεωρημάτων,
991 3925 1094 3990 τὰς
1141 3928 1226 3997 ὲφῗ
1256 3923 1337 3994 οἷς
1368 3929 1434 3983 ἂν
1465 3932 1726 4004 φαίνηται

159 4002 403 4078 δυσχερὴς
445 4010 473 4062 ὁ
503 4009 666 4078 λόγος
703 4012 1008 4082 ἀποδείξεις
1044 4018 1466 4091 ὲπισωρεύοντα.
1500 4002 1726 4094 Δέχεται

159 4094 316 4148 τοίνυν
341 4098 419 4151 ὲκ,
439 4099 918 4171 παραδειγμάτων.
946 4104 1039 4158 τοῦ
1088 4109 1388 4180 μυστηρίου
1415 4111 1509 4165 τὸν
1533 4113 1724 4178 τύπον,

159 4183 242 4236 κιί
292 4204 419 4258 φησι
443 4205 457 4220 ’
491 4190 577 4243 Τὸ·
594 4191 810 4263 πνεῦμα
848 4196 996 4249 τουτὶ
1021 4197 1080 4250 τὸ
1115 4199 1407 4272 ὲγκόσμιόν
1437 4220 1494 4256 τε
1525 4205 1618 4258 καὶ
1641 4207 1727 4260 ὲν·

160 4273 323 4369 οέριον
365 4285 636 4352 περιπνεῒ
660 4285 758 4354 μὲν
806 4286 934 4357 ὃλην
973 4288 1320 4362 οἰκουμένην,
1365 4294 1460 4348 καὶ
1496 4295 1726 4369 ὅποιπερ

160 4364 216 4417 ἂν
237 4366 486 4440 βούληται
540 4372 856 4446 διαδραμὸν,
892 4377 1086 4451 κτύπῳ
1128 4381 1276 4452 μόνῳ
1319 4382 1493 4454 παρὸν
1526 4364 1727 4456 σημαί-

158 4477 314 4529 νεται,
362 4465 458 4519 καὶ
491 4466 837 4523 διαλανθάνει
870 4471 968 4541 μὲν
1005 4472 1097 4526 τὸν
1137 4474 1393 4528 ἀπάντων
1423 4475 1719 4548 ὀφθαλμὸν,

158 4555 334 4626 αὔραις
382 4561 438 4616 δὲ
477 4566 600 4626 τοίς
651 4563 868 4635 σώμασι
911 4565 1268 4632 λεπτοτάταις
1326 4572 1720 4642 προσομιλοῦν,
1756 4604 1800 4662 Ι)

158 4646 386 4718 αἴσθησίν
413 4669 542 4706 τινα
575 4657 674 4720 τῆς
712 4655 940 4727 ἐνούσης
989 4659 1138 4730 αύτῷ
1179 4664 1416 4733 φυσικῆς
1444 4663 1722 4734 ἐνεργείας

158 4737 341 4809 ἐνίησιν
366 4757 380 4772 ⁶
405 4741 552 4798 οὕτω
582 4761 671 4814 μοι
699 4745 830 4805 νόει.
857 4749 1013 4820 φησι,
1045 4751 1135 4803 καὶ
1164 4751 1260 4822 τὴν
1291 4751 1376 4807 διὰ
1407 4753 1722 4825 Πνεύματος

157 4828 516 4902 ἀναγέννησιν,
550 4835 613 4888 ὲκ
637 4837 850 4907 μικρῶν
867 4839 1322 4910 παραδειγμάτων
1336 4845 1426 4898 ἐπὶ
1452 4846 1520 4898 τὰ
1550 4846 1720 4917 μείζω

157 4921 668 4992 χειραγωγούμενος,
711 4925 806 4978 καὶ
853 4926 1104 5000 καθάπερ
1141 4931 1199 4983 ἐν
1232 4931 1398 4986 εἰκόνι
1426 4933 1503 5004 τῷ
1531 4953 1719 5008 παροι-

158 5007 318 5064 σθέντι
349 5011 494 5083 λόγῳ
531 5015 600 5068 τὰ
625 5015 766 5087 ὑπὲρ
797 5017 1063 5091 αἰσοησιν.
1081 5021 1298 5076 ἐννοῶν.

231 5098 548 5172 Ἀπεκρίθη·
587 5105 955 5175 Νικόδημος,
995 5111 1094 5164 καὶ
1127 5107 1299 5164 εἶπεν
1339 5113 1500 5177 αὐτῷ
1525 5131 1538 5144 ο
1579 5116 1716 5183 Πῶς

157 5187 386 5273 δύναται
424 5195 614 5248 ταῦτα
637 5196 951 5266 resciscant;
992 5200 1308 5271 Ἀπεκρίθη
1349 5204 1581 5273 Ἰησοῦς
1613 5207 1712 5261 καὶ

156 5271 305 5331 εἶπεν
327 5281 510 5348 αὐτῷ.

221 5368 376 5423 Οὐδὲν
395 5374 424 5424 ὁ
461 5374 671 5446 μακρὸς
699 5377 947 5448 ὠφέλησε
971 5377 1128 5449 λόγος
1152 5381 1244 5436 τὸν
1276 5382 1582 5439 ούνοοῢντα
1613 5375 1718 5456 μη-

155 5455 253 5510 δὲν.
277 5459 444 5544 Σοφὸν
473 5459 567 5517 οὖν
593 5464 707 5536 ἄρα·
726 5467 786 5520 τὸ
809 5467 1045 5540 ὲνβίϐλῳ
1071 5471 1387 5543 Παροιμιῶν
1411 5455 1716 5544 εἰρημένον,

163 5547 274 5612 «Εἰς
295 5543 408 5603 ὦτα
427 5553 732 5609 ἀκουόντων
755 5556 905 5611 λάλει
923 5574 936 5588 °
953 5576 972 5610 ι
1002 5559 1266 5614 καὶτοῦτο
1288 5560 1375 5615 διὰ
1397 5543 1592 5631 πείρας
1603 5561 1728 5632 ἀλη-

155 5635 239 5703 θὲς
259 5638 316 5693 ὂν
343 5640 543 5708 ἔδειξεν
561 5647 589 5699 ὁ
607 5646 814 5721 Σωτὴρ,
840 5649 1008 5704 τύπον
1034 5651 1166 5723 ἡμῖν
1196 5652 1386 5707 ἑαυτὸν
1414 5653 1516 5707 κὰν
1543 5652 1720 5725 τούτῳ

243 5817 264 5851 ⁸
294 5818 470 5875 Galat.
504 5839 572 5890 Iv,
612 5825 690 5882 l9.

1821 3372 1971 3425 nasci
2017 3370 2258 3437 desuper.
2312 3368 2545 3438 Spiritus
2599 3369 2692 3422 ubi
2730 3370 2838 3424 vult
2891 3371 3081 3440 spirat,
3137 3380 3185 3425 et
3229 3387 3402 3425 vocem

1819 3463 1932 3532 ejus
1965 3463 2139 3528 audis,
2167 3460 2264 3516 sed
2303 3463 2473 3516 nescis
2511 3461 2649 3516 unde
2679 3464 2873 3527 veniat,
2919 3474 3010 3516 aut
3052 3480 3152 3532 quo
3197 3464 3353 3518 radat
3381 3481 3400 3518 ε

1822 3557 1899 3609 sic
1919 3566 1997 3610 est
2031 3555 2200 3609 omnis
2223 3554 2314 3625 qui
2342 3555 2582 3608 nascitur
2603 3569 2669 3608 ex
2708 3552 2933 3626 Spiritu.

1894 3743 2143 3799 Doctoris
2178 3743 2353 3799 virtus
2393 3750 2508 3810 est,
2540 3741 2713 3798 variis
2751 3742 2931 3798 modis
2962 3750 3201 3798 tractare
3239 3758 3421 3814 posse-

1825 3843 2060 3891 mentem
2115 3835 2468 3902 auditorum,
2524 3835 2824 3907 multisque
2871 3836 3181 3891 rationibus
3220 3851 3403 3891 rerum

1824 3927 2322 3983 demonstrationes
2348 3927 2547 3984 afferre
2569 3943 2693 3999 quae
2723 3927 2975 3985 dilliciles
3008 3939 3292 3999 apparent.
3321 3930 3404 3982 Ab

1824 4017 2093 4086 exemplis
2141 4017 2310 4088 igitur
2353 4019 2603 4090 mysterii
2660 4019 2888 4088 ﬁguram
2938 4020 3116 4090 capit,
3164 4028 3220 4074 et
3276 4020 3400 4074 ait:

1827 4107 2064 4176 Spiritus
2087 4108 2175 4164 hic
2199 4123 2392 4164 aereus
2411 4110 2604 4180 perﬂat
2629 4111 2947 4166 universum
2971 4110 3184 4174 urbem,
3201 4120 3400 4166 etcum
3429 4096 3436 4101 ’

1826 4197 1994 4254 libero
2027 4213 2092 4254 ac
2120 4213 2260 4271 vago
2308 4200 2511 4269 impetu
2538 4200 2832 4264 decurrat,
2881 4201 3000 4255 solo
3051 4201 3236 4254 sonitu
3283 4199 3404 4269 ejus

1826 4293 2117 4362 praesentia
2177 4291 2591 4361 comprobatur,
2642 4305 2742 4346 nec
2806 4291 2900 4345 ulli
2969 4289 3246 4354 cernitur,
3307 4290 3403 4346 sed

1826 4382 2168 4438 tenuissimis
2230 4383 2382 4436 auris
2444 4382 2774 4451 corporibus
2836 4397 2898 4438 se
2952 4383 3402 4448 communicans,

1826 4473 2098 4529 naturalis
2143 4482 2196 4529 et
2245 4475 2424 4529 insitae
2467 4472 2812 4528 ellicacitatis
2844 4488 3068 4528 sensum
3111 4474 3404 4544 quemdam

1826 4564 1908 4619 eis
1941 4563 2119 4632 injicit
2155 4581 2168 4618 :
2199 4563 2274 4617 ita
2318 4564 2658 4635 spiritalem,
2692 4563 2892 4633 inquit,
2924 4563 3072 4618 illam
3119 4579 3407 4635 regenera-

1829 4651 2032 4706 tionem
2076 4652 2356 4723 intellige,
2396 4668 2426 4706 a
2469 4652 2734 4710 tenuibus
2775 4653 3041 4722 exemplis
3075 4653 3140 4708 ad
3193 4653 3406 4725 majora

1829 4743 1989 4813 quasi
2026 4758 2190 4798 manu
2228 4744 2460 4808 ductus,
2496 4752 2552 4800 et
2607 4744 2776 4798 allato
2830 4744 2983 4798 dicto
3037 4753 3298 4816 tanquam
3350 4748 3405 4802 in

1827 4834 2087 4906 imagine,
2125 4852 2212 4891 res
2252 4853 2375 4907 qua:
2397 4853 2620 4892 sensum
2662 4835 2938 4893 excedunt
2969 4836 3296 4907 intelligens.

1898 5099 1985 5166 ΙΙΙ,
2025 5100 2078 5157 9.
2121 5100 2408 5173 Respondit
2461 5103 2815 5170 Nicodamus,
2853 5113 2902 5157 et
2950 5104 3089 5158 dixit
3134 5104 3183 5158 ei
3210 5119 3229 5158 :
3263 5103 3404 5171 Quo-

1827 5191 1982 5246 modo
2045 5203 2266 5262 possunt
2335 5193 2451 5248 Iuro
2503 5195 2670 5264 ﬁeri?
2730 5193 3017 5262 Respondit
3083 5194 3286 5262 Iesus,
3355 5197 3446 5252 et‘.

1829 5283 1968 5336 dixit
2005 5285 2074 5338 ei.

1900 5374 2099 5446 Longa,
2126 5377 2304 5432 oratio
2357 5378 2494 5432 nihil
2541 5375 2807 5448 profuerit
2863 5377 3189 5448 iutelligenti
3241 5377 3401 5434 nihil.

1831 5466 2126 5537 Sapienter
2171 5468 2357 5540 itaque
2408 5469 2461 5522 in
2507 5469 2645 5523 libro
2681 5465 3112 5522 Proverbiorutn
3153 5467 3397 5524 dicitur:

1835 5579 1855 5614 ι
1903 5561 2162 5618 ln.aures
2186 5562 2524 5617 audientium
2571 5561 2799 5633 loquere
2839 5562 2906 5615 ¹¹.
2943 5580 2960 5612 ι
3006 5559 3175 5632 quue
3207 5577 3397 5616 verum

1827 5670 1951 5711 esse
1981 5654 2360 5727 experimento
2399 5652 2653 5708 Salvator
2690 5653 2956 5720 ostendit,
2991 5653 3118 5709 dum
3156 5652 3398 5724 seipsum

813 5829 854 5860 ¹⁰
883 5827 900 5882 Ι
932 5831 1057 5887 Cor.
1094 5848 1168 5903 tv,
1211 5834 1296 5890 15.
1376 5836 1414 5868 ¹¹
1449 5834 1608 5893 Prov.
1641 5851 1777 5903 χχιι,
1811 5836 1894 5891 l7.
