4118 6560
733 386 839 444 247

1745 383 1807 438 S.
1831 381 2112 440 εῒιιιιιῐ
2144 384 2608 440 ALEXANDRl-Nl
2634 385 2955 443 ARCHIEP.
3852 392 3938 448 218

733 512 901 566 etiam
925 508 1016 566 hic
1043 509 1201 565 nobis
1221 507 1532 579 exemplum
1557 507 1712 562 fecit.
1740 506 1860 562 Non
1893 509 2090 576 poterit
2112 517 2293 564 autem

2399 508 2594 572 διδούς.
2633 509 2780 574 Ἐξω
2833 509 2890 562 δὲ
2929 508 3143 572 πάντως
3185 508 3284 579 τῆς
3333 508 3428 562 ini
3605 507 3680 579 μὴ
3715 507 3940 568 δύνασθαι

735 603 905 673 objici
951 602 1212 672 magistro
1244 600 1424 670 ipsum
1471 600 1838 670 persuadendi
1894 601 2153 654 (acuzltate
2208 617 2300 655 ριιι

734 711 878 761 rere,
914 695 959 751 si
1016 694 1206 749 doceat
1259 709 1382 763 quae
1435 701 1584 747 recta
1631 707 1755 746 esse
1809 701 1996 761 putet,
2047 692 2300 761 quamvis

735 802 847 858 pne
895 785 1206 840 auditorum
1247 785 1506 839 tarditate
1557 784 1692 836 nihil
1736 783 2010 854 proﬁciat.
2047 782 2299 850 Alioquin

732 879 898 934 etiam
966 877 1095 931 hinc
1150 876 1413 931 discimus
1471 874 1768 929 caecitatem
1811 890 1880 928 ex
1931 880 2084 942 parte
2128 872 2303 928 conti-

733 967 880 1036 gisse
938 965 994 1019 in
1045 963 1215 1019 Israel
1269 982 1283 1019 :
1335 982 1353 1016 ι
1404 962 1612 1018 Auditu
1660 962 1804 1018 enim
1853 955 2139 1018 audientes
2193 976 2300 1015 non

731 1056 1125 1125 intelligunt“.
1154 1074 1172 1106 ι

809 1144 1098 1219 149111,
1141 1146 1228 1202 10.
1274 1149 1348 1200 Τιι
1390 1161 1446 1200 es
1485 1145 1733 1217 magister
1773 1145 1828 1199 in
1869 1142 2070 1206 Israel,
2109 1151 2161 1196 et
2192 1141 2302 1197 lucc

733 1237 948 1308 ignoras
965 1239 992 1294 7

806 1328 886 1383 Ex
929 1345 1042 1385 uno
1089 1329 1587 1393 Christusomnes
1640 1328 1860 1399 arguit,
1910 1329 2300 1399 magistrorum

733 1419 954 1491 quidem
977 1421 1199 1476 nomine
1221 1427 1469 1487 ornatos,
1492 1428 1548 1474 et
1576 1419 1723 1473 nuda
1751 1418 2012 1488 opinione
2033 1417 2302 1473 doctrina

735 1514 927 1582 legalis
965 1513 1271 1579 redimitos,
1300 1511 1394 1567 sed
1421 1519 1570 1566 tanta
1603 1511 1816 1567 inscitia
1843 1526 1906 1567 ac
1936 1520 2162 1590 stupore
2185 1509 2305 1582 ple-

735 1621 858 1668 nos,
907 1615 966 1658 ut
1007 1603 1143 1658 nihil
1191 1603 1371 1658 sciant
1416 1618 1611 1658 eorum
1658 1619 1781 1674 quae
1832 1604 1981 1660 scire
2020 1603 2300 1668 convenit,

733 1693 934 1749 nedum
979 1694 1121 1750 alios
1164 1695 1398 1750 edocere
1446 1704 1678 1766 queant.
1721 1695 1880 1762 Quod
1912 1697 1962 1752 si
1989 1694 2298 1752 istiusmodi

731 1793 820 1840 est
851 1785 944 1856 qui
975 1784 1136 1840 docet
1157 1787 1320 1851 alios,
1348 1789 1545 1857 quales
1575 1787 1795 1842 demum
1825 1797 1988 1843 erunt
2017 1787 2298 1858 discipuli,

2403 599 2807 664 πείθειν-αἰτίας
2835 601 2864 652 6
2892 599 3156 654 διδάσκων
3184 599 3452 664 κείσεται,
3471 599 3648 669 λέγων
3684 599 3779 670 μὲν
3804 602 3940 666 αὐτὸς

2403 689 2548 761 άπερ
2569 689 2634 744 ἂν
2664 689 2807 760 ἔχειν
2846 691 3023 758 οἴηται
3067 688 3268 754 καλῶς,
3324 689 3548 759 ὠφελῶν
3598 690 3656 743 δὲ
3693 691 3848 762 μηδὲν
3868 693 3939 750 διὰ

2401 780 2461 833 τὸ
2511 780 2618 834 τῶν
2673 780 3037 852 ἀκροωμένων
3079 779 3368 851 δυσμαθές.
3427 779 3640 843 Ἀλλως
3674 798 3733 834 τε
3761 783 3846 835 καὶ
3867 784 3939 838 διὰ

2400 870 2588 924 ceti-ceu
2619 871 2982 942 μανθάνομεν,
3004 873 3089 924 ὃτι
3118 871 3373 944 πώρωσις
3389 870 3615 941 γέγονεν
3641 870 3747 924 ἀπὸ
3769 872 3936 943 μέροκ

2400 961 2479 1033 τῷ
2510 963 2743 1036 Ἰσραήλ.
2777 981 2797 1016 ι
2861 964 3021 1036 ’Δκοῇ
3065 964 3182 1034 γὰρ.
3215 963 3501 1029 ἀκούοντες
3537 965 3602 1018 ού
3645 967 3885 1020 συνιᾶσιν.
3917 989 3932 1021 ι

2473 1138 2558 1192 Σὺ
2591 1135 2706 1193 εῖοό
2727 1137 3095 1206 διδάσκαλος
3138 1138 3248 1193 τοῦ
3282 1139 3542 1209 Ἰσραὴλ,
3568 1140 3666 1194 καί
3695 1140 3863 1195 ταῦτα
3879 1146 3943 1196 οὐ

2402 1229 2714 1300 γινώσκεις
2733 1247 2754 1296 ;

2485 1319 2574 1389 Ἐξ
2595 1322 2712 1386 ἑνὸς
2769 1322 3016 1388 ἅπαντας
3065 1323 3283 1395 ἐλέγχει
3322 1322 3580 1395 Χριστὸς,
3611 1321 3827 1392 ὀνόματι
3860 1323 3939 1393 μὲν

2400 1409 2479 1480 τῷ
2535 1409 2896 1483 διδασκαλικῷ
2931 1413 3436 1486 περιηνθισμένους,
3472 1412 3573 1466 καὶ
3609 1413 3940 1482 νομομαθείας

2402 1501 2668 1573 ὑπόληψιν
2731 1505 3137 1576 ἠμφιεσμένους
3201 1505 3436 1578 γυμνὴν.
3507 1503 3848 1567 ἀπαιδευσίας
3895 1505 3942 1558 δὲ.

2400 1591 2684 1648 ἀνάπλεων
2707 1594 3002 1667 φοροῦντας
3035 1596 3126 1650 τδν
3154 1595 3301 1660 νοῦν,
3339 1595 3434 1650 καὶ
3463 1593 3705 1648 συνιέναι
3738 1593 3942 1663 δυναμέ-

2401 1697 2524 1746 νους
2545 1681 2698 1735 οὐδὲν
2727 1682 2836 1736 τῶν
2864 1683 3071 1754 ὅσαπερ
3115 1684 3311 1748 αὐτοὺς
3347 1684 3445 1754 ούχ
3470 1683 3619 1746 ὅπως
3663 1681 3822 1752 ἐχρῆν
3845 1683 3939 1734 ἐπί-

2405 1773 2631 1827 στασθαι
2653 1774 2831 1844 μόνον,
2858 1775 2970 1828 ἀλλ’
3000 1775 3100 1846 ἠδη
3139 1775 3400 1830 δύνασθαι
3437 1776 3532 1829 καὶ
3563 1774 3828 1827 διδάσκειν
3851 1775 3942 1825 ἑτέ-

731 1889 856 1929 cum
901 1877 1228 1946 discipulus,
1256 1877 1412 1946 juxta
1442 1878 1744 1934 Salvatoris
1782 1880 2139 1942 sententiam,
2185 1895 2299 1934 non

2400 1883 2552 1936 ρους.
2572 1866 2634 1918 Ei
2657 1865 2710 1918 δὲ
2741 1867 2769 1920 6
2798 1866 3068 1921 παιδεύων
3092 1869 3149 1920 ὲν
3171 1868 3411 1930 τούτοις,
3434 1869 3492 1920 ὲν
3516 1867 3662 1918 τίσιν
3681 1864 3709 1916 6
3739 1865 3947 1919 παιδευόο

732 1967 806 2021 sit
851 1967 1116 2036 magistro
1166 1970 1515 2039 superiorh
1549 1969 1668 2026 Non
1721 1980 1807 2026 est
1857 1971 2051 2036 enim,
2092 1971 2298 2040 inquit,

733 2056 1038 2127 discipulus
1064 2073 1228 2128 supra
1257 2059 1576 2129 magistrum
1607 2075 1770 2117 suum
1797 2061 1862 2114 ”.
1901 2080 1922 2113 ι
1956 2061 2092 2116 Cum
2116 2069 2303 2117 autem

622 2185 626 2189 .
733 2147 789 2201 in
843 2155 996 2203 tanta
1043 2156 1333 2204 versentur
1381 2151 1708 2221 ignorantia,
1745 2168 1870 2206 vere
1911 2152 2168 2209 Christus
2201 2169 2298 2209 eos

734 2238 1006 2308 sepulcris
1046 2240 1318 2296 dealbatis
1357 2242 1566 2298 similes
1591 2227 1718 2298 esse
1747 2243 1885 2298 dicit
1921 2245 2020 2299 η’.
2077 2244 2144 2298 Et
2166 2245 2302 2300 scite

734 2345 954 2400 quoque
997 2330 1199 2386 Paulus
1236 2333 1302 2387 ad
1349 2331 1659 2388 Judzeorum
1704 2335 2008 2405 principem
2054 2357 2072 2393 :~
2109 2355 2128 2388 ι
2165 2335 2300 2392 Per-

734 2420 908 2475 cutiet
936 2427 988 2477 te
1023 2419 1188 2487 Deus,
1223 2424 1404 2492 paries
1431 2423 1684 2479 dealbate
1717 2424 1780 2478 “'.
1823 2445 1842 2476 ι

802 2671 894 2744 Ill,
935 2676 1022 2731 Η.
1063 2677 1248 2742 Amen,
1280 2696 1429 2732 animi
1455 2681 1578 2733 dico
1606 2679 1722 2744 tibi,
1763 2681 1891 2750 quia
1927 2679 2068 2734 auod
2104 2680 2301 2734 scimus

733 2766 1019 2837 loquimur,
1055 2779 1102 2825 et
1129 2770 1269 2841 quod
1296 2772 1521 2826 vidimus
1552 2781 1833 2827 testamur.

809 2861 1132 2930 lmperitum
1161 2873 1215 2918 et
1246 2864 1450 2934 oppido
1489 2863 1676 2919 rudem
1705 2865 1972 2934 comperit
2003 2865 2304 2933 hominem,

737 2950 941 3019 quique
983 2966 1093 3020 pra:
1141 2951 1312 3005 multa
1365 2951 1568 3022 ingenii
1605 2952 1861 3007 crassitie
1891 2952 1958 3006 ad
1996 2951 2303 3005 divinorum

733 3042 1051 3109 dogmatum
1117 3043 1666 3112 comprehensionem
1730 3044 2048 3098 nullatenus
2107 3041 2305 3097 deduci

735 3139 922 3200 queat.
958 3132 1142 3186 multis
1177 3132 1308 3186 licet
1351 3134 1535 3189 verbis
1562 3136 1935 3205 exemplisque
1971 3135 2140 3189 v’arii-s
2166 3136 2218 3188 in
2251 3133 2304 3187 id

738 3219 1055 3289 insumptis.
1096 3219 1251 3274 Unde
1290 3222 1617 3276 accuratiori
1651 3225 1994 3293 expositione
2015 3224 2138 3293 jure
2166 3241 2306 3293 prte-

737 3312 1026 3373 termissa,
1075 3311 1312 3381 simplici
1351 3312 1454 3366 ﬁde
1500 3313 1876 3385 accipiendum
1921 3330 2044 3369 esse
2089 3315 2304 3369 demum

736 3401 1002 3466 Consulit,
1033 3401 1181 3471 quod
1215 3402 1520 3473 intelligere
1552 3415 1825 3474 nequeat:
1857 3414 2086 3459 testatur
2122 3414 2304 3460 autem

737 3490 857 3558 ipse
895 3491 1042 3544 clare
1075 3491 1219 3546 scire
1256 3507 1319 3546 se
1362 3491 1507 3561 quod
1550 3493 1705 3555 dicit,
1750 3493 1924 3562 ipsius
1952 3510 2092 3564 pene
2126 3495 2308 3549 vultus

738 3589 1004 3648 aspectu,
1048 3580 1348 3636 ostendens
1396 3598 1560 3652 porro
1621 3583 2146 3652 periculosissimum
2184 3600 2307 3638 esse

739 3670 1141 3726 contradicere.
1184 3671 1305 3726 Non
1339 3675 1482 3728 enim
1515 3675 1778 3729 credibile
1807 3683 1923 3728 erat
1951 3675 2304 3731 Nicodemum

740 3761 969 3814 oblitum
994 3779 1118 3817 esse
1139 3763 1257 3832 ejus
1285 3765 1427 3833 quod
1461 3765 1526 3820 de
1557 3766 1778 3821 Christo
1809 3766 2092 3821 Salvature
2121 3777 2308 3821 nostro

739 3859 1054 3915 asseverat,
1097 3853 1356 3906 nimirum
1413 3867 1442 3905 a
1503 3853 1612 3907 Deo
1651 3855 1828 3924 ipsum
1873 3854 2086 3908 venisse
2136 3853 2308 3921 magi-

739 3951 937 3994 strum.
991 3939 1269 3998 Resistere
1296 3960 1427 3999 vero
1473 3946 1521 4000 ei
1569 3945 1662 4014 qui
1706 3961 1735 3998 a
1785 3945 1893 4000 Deo
1919 3953 1972 3999 et
2022 3946 2164 3999 Deus
2214 3946 2305 4009 sit,

739 4033 1016 4101 quomodo
1057 4034 1280 4102 periculi
1317 4035 1534 4106 plenum
1567 4053 1676 4090 non
1721 4035 1932 4092 fuerit?
1967 4037 2113 4091 lstud
2163 4037 2306 4090 enim

738 4123 956 4178 videtur
1027 4140 1150 4180 esse
1217 4141 1342 4182 cum
1410 4127 1521 4182 Deo
1587 4144 1849 4199 pugnare.
1916 4128 2305 4183 Verumtamen

738 4214 1062 4269 discendum
1096 4216 1224 4272 hinc
1267 4219 1428 4274 nobis
1460 4229 1566 4284 est,
1590 4236 1755 4289 penes
1783 4236 1926 4290 qutos
1959 4229 2040 4284 est
2074 4219 2306 4272 docendi

737 4315 1002 4374 potestas,
1034 4310 1208 4364 satius
1248 4325 1374 4365 esse
1413 4310 1574 4364 ﬁdem
1625 4311 1970 4380 simplicibus
2001 4309 2308 4364 rationibus

738 4407 1085 4454 constantem
1117 4399 1335 4456 tradere
1363 4401 1674 4472 neophytis,
1703 4417 1866 4472 quam
1899 4402 2064 4453 altum
2099 4414 2299 4453 Sermo-

2403 1973 2580 2028 μενος,
2605 1957 2702 2027 οὐχ
2733 1958 3114 2030 ύ-περαίροντος
3145 1957 3388 2030 μαθητοῦ
3425 1957 3520 2011 τοῦ
3568 1953 3872 2010 διδασγᾶλου
3895 1958 3942 2006 :6

2405 2047 2622 2119 μέτρον,
2651 2047 2794 2102 κατά
2837 2049 2934 2120 τὴν
2985 2048 3081 2101 τοῦ
3115 2049 3364 2120 Σωτῆρος
3405 2047 3624 2119 φωνήνς
3662 2065 3680 2098 ι
3719 2046 3824 2098 Οὐκ
3851 2043 3945 2096 ἔστι

2403 2137 2531 2208 γὰρ.
2584 2138 2737 2208 φησὶ,
2798 2137 3046 2210 μαθητὴς
3079 2138 3218 2212 ὑπὲρ
3252 2137 3343 2191 τὸν
3379 2137 3701 2191 διδάσκαλον
3745 2135 3938 2188 αὑτοῦ..

2413 2225 2630 2296 Ἐπειδὴ
2674 2225 2730 2278 δὲ
2781 2224 2953 2289 οὕτως
2996 2222 3134 2297 ἦσαν
3169 2227 3423 2297 ἀμαθεῖς,
3462 2227 3756 2298 ἀψευδήσει
3802 2225 3888 2295 μὲν
3923 2226 3949 2275 ό

2399 2314 2656 2384 Χριστὸς,
2713 2314 2905 2382 τάφοις
2951 2315 3147 2379 αὐτοὺς
3203 2317 3616 2385 κεκονιαμένοις
3680 2312 3942 2383 ὲξομοιὼν⁹

2401 2402 2719 2456 ἁστειότατα
2750 2401 2806 2456 δὲ
2829 2405 2921 2457 καὶ
2953 2406 2982 2457 6
3011 2403 3223 2467 Παῦλος
3246 2405 3361 2476 ὲρεῖ
3395 2404 3532 2471 πρὸς
3558 2403 3651 2456 τὸν
3689 2402 3792 2455 τῶν
3837 2403 3945 2454 Ἰου-

2400 2493 2565 2547 δαίων
2595 2493 2890 2565 ἡγούμενον
2916 2511 2928 2526 ’
2960 2514 2979 2545 ι
3011 2495 3244 2548 Τύπτειν
3279 2513 3339 2548 σε
3367 2495 3552 2566 μέλλει
3595 2497 3623 2548 6
3651 2493 3800 2557 Θεδς,
3827 2498 3944 2565 τοῖχε

2404 2585 2777 2657 κεκονιαμένε.
2818 2605 2837 2638 ι

2487 2675 2688 2746 Ἀμὴν,
2715 2677 2876 2746 ἀμὴν
2888 2678 3041 2747 λέγω
3059 2694 3178 2740 σοι,
3202 2677 3288 2731 ὅτι
3318 2676 3349 2730 ὃ
3367 2677 3622 2745 οἴδαμεν
3641 2675 3947 2745 λαλοῦμεν,

2404 2762 2500 2822 καὶ
2528 2768 2559 2822 ὃ
2583 2768 2922 2838 ἑωράκαμεν
2936 2769 3376 2838 μαρτυροῦμεν.

2487 2858 2818 2930 Ἀφιλομαοῆ
2880 2860 2974 2912 καὶ
3027 2859 3148 2913 λίαν
3205 2859 3538 2928 ἀπαίδευτον
3590 2858 3827 2930 εὑρίσκει
3875 2859 3948 2910 τὸν

2405 2949 2708 3022 ἄνθρωπον.
2735 2950 2828 3002 καὶ
2875 2949 2961 3002 διὰ
2997 2949 3194 3020 πολλὴν
3233 2948 3527 3019 παχύτητα
3559 2948 3676 3013 νοῦ,
3711 2948 3837 3017 πρὸς
3866 2947 3952 3014 τὴν

2405 3040 2512 3093 τῶν
2547 3040 2706 3094 θείων
2743 3042 3025 3111 δογμάτων
3067 3041 3394 3113 κατάληψιν,
3439 3040 3740 3111 οὐδαμόθεν
3760 3041 3833 3092 ἔτι
3858 3058 3946 3108 χει-

2409 3131 2776 3202 ραγωγεῖσθαι
2808 3132 3123 3202 δυνάμενον,
3155 3132 3338 3186 καίτοι
3381 3127 3598 3202 μακροῦ
3632 3133 3723 3185 καὶ
3743 3132 3823 3184 διὰ
3850 3149 3947 3182 ποι-

2332 3205 2374 3262 C
2408 3223 2572 3276 κίλων
2617 3222 3073 3292 παραδειγμάτων
3134 3223 3538 3293 δαπανηθέντος
3594 3223 3772 3290 λόγου.
3815 3221 3953 3274 Ὅθεν

2407 3317 2630 3378 εἰκότως
2662 3316 2722 3367 τὸ
2746 3315 2811 3368 δι’
2831 3314 3113 3384 ἀκριϐείας
3141 3314 3450 3385 ἐξηγεῖσθαι
3479 3315 3699 3386 παρεὶς,
3730 3315 3950 3383 ἀπεριερ-

2405 3409 2592 3478 γάστῳ
2628 3409 2694 3477 τῇ
2726 3408 2902 3460 πίστει
2936 3407 3117 3460 λοιπὸν
3153 3406 3510 3476 συμϐουλεύει
3542 3407 3736 3477 χρῆναι
3774 3404 3947 3461 λαϐεῖν,

2406 3497 2435 3549 ὃ
2456 3499 2596 3549 νοεῖν
2612 3497 2673 3548 ού
2701 3496 2923 3550 δύναται
2945 3515 2958 3528 ·
2990 3499 3258 3568 μαρτυρεί
3276 3496 3332 3548 δὲ
3363 3497 3527 3560 αὐτὸς
3552 3497 3753 3550 εἰδέναι
3798 3496 3954 3562 σαφῶς

2404 3585 2436 3638 ὃ
2469 3585 2640 3653 λέγει,
2676 3589 2742 3656 τῇ
2771 3586 2862 3638 τοῦ
2895 3585 3185 3657 προσώπου
3219 3586 3572 3658 περιφανείᾳ,
3599 3587 3662 3639 τὸ
3688 3585 3952 3654 ἀντιλέγειν

2409 3676 2487 3730 ἔτι
2517 3676 2775 3730 δεικνύων
2807 3677 3268 3747 ἐπισφαλέστατον
3290 3693 3306 3707 ⁶
3341 3680 3403 3731 ού
3433 3679 3547 3749 γὰρ
3579 3674 3649 3749 ἦν
3689 3679 3827 3740 εἰκδς
3855 3679 3954 3729 ἑπι-

2407 3769 2662 3838 λελῆσθαι
2710 3768 3042 3840 Νικόδημον,
3103 3769 3162 3832 ὃς
3196 3769 3395 3823 ειδέναι
3450 3771 3819 3842 διισχυρίσατο
3851 3767 3952 3837 περὶ

2407 3860 2501 3913 τοῦ
2528 3861 2776 3931 Σωτῆρος
2804 3861 2961 3931 ἡμῶν
2986 3861 3244 3934 Χριστοῦ,
3285 3861 3368 3914 ὅτι
3403 3861 3556 3930 παρὰ
3589 3861 3728 3914 Θεοῦ
3763 3860 3952 3931 ἐλήλυθε

2407 3952 2720 4016 διδάσκαλος
2742 3969 2759 3984 ’
2778 3954 2837 4006 τὸ
2863 3954 2919 4006 δὲ
2947 3953 3264 4008 ἀντιτείνειν
3287 3953 3368 4024 τῷ
3391 3955 3545 4026 παρά
3564 3953 3703 4007 Θεοῦ
3729 3953 3816 4006 καὶ
3838 3951 3952 4020 Θεῷ,

2403 4042 2526 4106 ’πῶς
2549 4043 2648 4096 οὐκ
2675 4043 2740 4096 ἂν
2767 4043 2974 4112 γένοιτο
2994 4044 3241 4098 κινδύνου
3269 4048 3468 4116 μεστόν
3493 4063 3508 4110 ;
3566 4045 3837 4116 Θεομαχία
3868 4045 3953 4114 γὰρ

2407 4134 2507 4206 ἤδη
2535 4135 2595 4188 τὸ
2633 4135 2865 4205 πρᾶγμα
2894 4136 3166 4204 φαίνεται.
3193 4137 3340 4207 Πλὴν
3367 4138 3546 4190 ἰστέον
3566 4137 3811 4191 ἐντεῦθεν
3830 4138 3952 4207 ἡμῖν,

2407 4225 2566 4296 οἵπερ
2592 4224 2656 4279 ἂν
2681 4225 2902 4296 ἔχοιμεν
2918 4225 3010 4279 τοῦ
3027 4226 3302 4280 διδάσκειν
3323 4227 3424 4298 τὴν
3448 4227 3724 4293 ἐξουσίαν,
3757 4229 3831 4280 ὅτι
3863 4228 3952 4288 τοῖς

2409 4315 2608 4384 ἀρτίως
2647 4317 2739 4369 ἐπὶ
2783 4316 2844 4368 τὸ
2893 4316 3169 4370 πιστεύειν
3226 4318 3396 4372 ἰοῦσιν
3455 4320 3704 4390 ἀμείνων
3739 4321 3770 4390 ὴ
3805 4318 3952 4373 πίστις

2411 4413 2468 4464 ὲν
2493 4411 2681 4475 άπλοίς
2711 4411 3011 4481 λογισμοῖς,
3043 4412 3075 4482 ἥ
3107 4410 3274 4480 βαθύς
3300 4428 3386 4474 τις
3419 4411 3603 4480 λόγος,
3649 4411 3742 4465 καὶ
3770 4425 3953 4479 περιερ-

739 4503 864 4541 nem
909 4495 964 4542 et
1006 4505 1293 4558 operosam
1327 4493 1748 4561 expositionem.
1801 4492 1866 4546 Et
1911 4501 2058 4546 certe
2109 4491 2303 4544 Paulus

2410 4500 2609 4571 γοτέρα
2634 4499 2833 4569 μᾶλλον
2869 4498 3146 4571 ἐξήγησις.
3200 4499 3437 4554 Γάλακτι
3487 4499 3545 4553 δὲ
3580 4501 3677 4554 καὶ
3714 4502 3742 4554 6
3777 4496 3953 4559 Παῦλος

740 4578 857 4646 ipse
901 4578 984 4631 lac
1017 4591 1202 4648 potum
1237 4581 1402 4636 dabat
1451 4585 1518 4640 iis
1547 4587 1638 4654 qui
1669 4585 1863 4641 solidis
1893 4586 2032 4639 cibis
2064 4582 2307 4636 nondum

741 4669 819 4722 uti
853 4677 1106 4737 poterant
1135 4672 1203 4727 ".
1236 4671 1304 4726 Et
1337 4675 1779 4742 sapientissimus
1814 4676 2072 4731 Salomon
2106 4674 2305 4729 alicubi

739 4759 905 4813 nobis
943 4761 1019 4814 ait
1055 4779 1068 4815 :
1107 4780 1125 4813 ι
1169 4761 1464 4819 Evidenter
1513 4781 1813 4836 cognosws
1865 4769 2078 4820 animus
2125 4766 2307 4834 gregis

739 4849 820 4903 tui
855 4848 899 4880 "
931 4868 944 4906 :
981 4868 999 4901 ι
1036 4851 1226 4908 volens
1245 4852 1555 4908 doctrinam
1577 4871 1824 4910 uouesse
1852 4855 2170 4925 promiscue
2197 4861 2308 4906 tra-

737 4941 973 4996 dendam
1002 4944 1199 5006 cuivis,
1230 4944 1327 5000 sed
1372 4946 1810 5018 uniuscujusque
1862 4946 2045 5016 captui
2093 4959 2312 4999 accom-

737 5031 1032 5089 modatam.

814 5125 976 5196 150
1014 5125 1101 5193 111,
1147 5129 1232 5184 Η.
1279 5128 1346 5183 Et
1371 5131 1720 5184 testimonium
1753 5139 1989 5183 nostrum
2025 5145 2130 5181 non
2169 5128 2308 5180 acci-

736 5217 886 5284 pitis.

808 5304 867 5359 In
899 5308 1093 5375 plurali
1123 5325 1354 5364 numero
1377 5310 1530 5364 testis
1556 5324 1845 5378 personam
1877 5306 2135 5361 Servatur
2156 5318 2308 5360 extu-

736 5397 818 5457 lit,
861 5406 987 5466 puta
1031 5401 1178 5468 quod
1231 5401 1285 5454 in
1323 5401 1507 5470 seipse
1559 5401 1769 5454 Patrem
1816 5398 2010 5452 habeat
2040 5413 2102 5452 ac
2137 5395 2308 5467 Spiri-

736 5496 852 5541 tum
885 5498 1076 5543 natura
1111 5511 1123 5545 :
1155 5499 1216 5544 ut
1247 5490 1655 5562 quodammodo
1696 5489 1852 5558 juxta
1906 5489 2074 5559 legem
2109 5487 2304 5543 Mosai-

736 5592 880 5644 cam,
912 5580 964 5634 in
996 5595 1089 5637 ore
1119 5583 1354 5636 duorum
1375 5582 1607 5636 cttrium
1635 5583 1850 5637 testium
1875 5583 2098 5637 verbum
2123 5584 2303 5639 ﬁrme-

2414 4590 2632 4654 ἐπότιζὲ
2680 4607 2853 4654 τινας,
2893 4589 3049 4644 οῦπω
3093 4590 3428 4660 δυναμένους
3455 4591 3570 4642 τῶν
3608 4586 3953 4660 στερεωτέρων

2416 4681 2688 4752 μετίσχειν
2705 4681 3005 4752 βρωμάτων
3022 4700 3035 4714 ·
3064 4683 3156 4737 καὶ
3181 4683 3471 4747 «Γνωστῶς
3487 4702 3507 4733 ι
3530 4683 3587 4736 δὲ
3605 4683 3786 4744 πάλιν,
3810 4702 3826 4733 ι
3861 4683 3954 4733 ἐπι·

2415 4771 2598 4843 γνώσῃ
2630 4773 2802 4843 ψυχὰς
2837 4775 3088 4844 ποιμνίου
3143 4792 3258 4839 σου,
3289 4795 3308 4827 ι
3341 4776 3477 4846 πρὸς
3504 4778 3538 4846 ἡ
3549 4777 3661 4844 μᾶς
3690 4774 3788 4828 πού
3822 4787 3954 4842 φησιν

2416 4867 2443 4918 ὁ
2471 4863 2772 4933 σοφώτατος
2823 4865 3106 4935 Σολομώνο
3154 4866 3254 4919 ούκ
3311 4866 3632 4937 ἀδιάκριτον
3680 4869 3788 4928 τοῖς
3819 4878 3954 4931 προς-

2419 4955 2556 5009 ιοῦσι
2622 4955 2710 5008 τὸν
2761 4954 3136 5010 διδασκαλικὸν
3190 4958 3393 5011 ὲοέλων
3447 4958 3775 5029 προκεῖσθαι
3808 4957 3953 5023 λόγον,

2415 5047 2552 5100 ἀλλά
2589 5050 2700 5109 τοῖς
2732 5047 2965 5101 ἑκάστου
2995 5048 3214 5119 μέτροις
3243 5050 3526 5117 ἀναλόγως
3547 5048 3956 5122 ὲφηρμοσμένον.

2486 5138 2595 5191 Καὶ
2625 5138 2736 5206 τὴν
2749 5142 3082 5208 μαρτυρίαν
3116 5139 3284 5208 ἡμῶν
3307 5143 3381 5195 οὺ
3421 5142 3777 5211 λαμϐάνετε.

2495 5312 2581 5373 Ὠς
2625 5311 2763 5379 ἔχων
2825 5313 2882 5364 ὲν
2938 5313 3114 5383 ἑαυτῷ
3155 5314 3244 5368 τὸν
3279 5317 3502 5387 Πατερα
3532 5319 3627 5370 καὶ
3661 5317 3723 5369 τὸ
3764 5312 3952 5381 Πνεῦμα

2411 5403 2675 5472 φυσικῶς,
2734 5405 2813 5466 είς
2859 5402 3217 5474 πληθυντικὸν
3273 5408 3508 5479 ἀριθμὸν
3535 5409 3596 5463 τὸ
3641 5408 3750 5462 τῶν
3781 5421 3954 5477 [suptu-

2412 5492 2648 5564 ρούντων
2687 5493 2973 5564 πρόσωπον
3032 5494 3297 5560 ἐξέτεινεν
3339 5502 3367 5552 ὁ
3401 5501 3592 5572 Σωτήρ
3619 5515 3634 5529 ·
3669 5499 3755 5553 ἴνα
3785 5496 3952 5565 τρόπον

2410 5583 2554 5649 τινὰ,
2581 5583 2719 5637 κατὰ
2735 5583 2821 5636 τὸν
2847 5585 3100 5649 Μωσέως
3134 5587 3318 5658 νόμον,
3355 5591 3448 5645 ἐπὶ
3477 5591 3748 5662 στόματος
3774 5588 3860 5641 δύο
3879 5582 3953 5638 καὶ

810 5740 852 5771 ¹¹
882 5739 1134 5805 Bonum,
1162 5740 1216 5794 8.
1297 5739 1731 5803 ¹³Μιιιι11.κ,2.ι.
1811 5739 1881 5771 ⁸³·
1909 5738 2080 5794 Matth
2125 5740 2382 5804 umﬁ'l.
2452 5741 2872 5804 "Act.xxttt,5.
2955 5745 2994 5776 ”
3029 5743 3189 5798 lCor.
3221 5746 3370 5811 ut,2.
3441 5748 3482 5780 ¹⁶
3515 5747 3676 5803 Prov.
3702 5733 3950 5806 “whil-
