  <div class='ocr_page' id='page_1' title='image "/cluster/home/n/w/nwhite01/storage/ocr_20150623/73/hvd.32044019207877/146.png"; bbox 0 0 4118 6542; ppageno 0'>
   <div class='ocr_carea' id='block_1_1' title="bbox 342 405 459 462">
    <p class='ocr_par' dir='ltr' id='par_1_1' title="bbox 342 405 459 462">
     <span class='ocr_line' id='line_1_1' title="bbox 342 405 459 462; baseline 0 -1"><span class='ocrx_word' id='word_1_1' title='bbox 342 405 459 462; x_wconf 63' lang='grc' dir='ltr'><strong>ςιθ</strong></span> 
     </span>
    </p>
   </div>
   <div class='ocr_carea' id='block_1_2' title="bbox 1398 401 2545 460">
    <p class='ocr_par' dir='ltr' id='par_1_2' title="bbox 1398 401 2545 460">
     <span class='ocr_line' id='line_1_2' title="bbox 1398 401 2545 460; baseline 0.002 -3"><span class='ocrx_word' id='word_1_2' title='bbox 1398 402 1467 457; x_wconf 79' lang='lat' dir='ltr'><strong>IN</strong></span> <span class='ocrx_word' id='word_1_3' title='bbox 1503 401 1790 458; x_wconf 60' lang='lat' dir='ltr'><strong>JOANNIS</strong></span> <span class='ocrx_word' id='word_1_4' title='bbox 1826 402 2267 460; x_wconf 74' lang='lat' dir='ltr'><strong>EVANGELIUM</strong></span> <span class='ocrx_word' id='word_1_5' title='bbox 2310 405 2437 459; x_wconf 85' lang='lat' dir='ltr'><strong>LIB.</strong></span> <span class='ocrx_word' id='word_1_6' title='bbox 2481 406 2545 459; x_wconf 86' lang='lat' dir='ltr'><strong>ll.</strong></span> 
     </span>
    </p>
   </div>
   <div class='ocr_carea' id='block_1_3' title="bbox 3484 412 3591 467">
    <p class='ocr_par' dir='ltr' id='par_1_3' title="bbox 3484 412 3591 467">
     <span class='ocr_line' id='line_1_3' title="bbox 3484 412 3591 467; baseline 0.009 -1"><span class='ocrx_word' id='word_1_7' title='bbox 3484 412 3591 467; x_wconf 71' lang='lat'><strong>250</strong></span> 
     </span>
    </p>
   </div>
   <div class='ocr_carea' id='block_1_4' title="bbox 346 492 1938 597">
    <p class='ocr_par' dir='ltr' id='par_1_4' title="bbox 346 492 1926 594">
     <span class='ocr_line' id='line_1_4' title="bbox 346 492 1926 594; baseline 0.002 -20"><span class='ocrx_word' id='word_1_8' title='bbox 346 519 517 594; x_wconf 82' lang='grc' dir='ltr'>τριῶν</span> <span class='ocrx_word' id='word_1_9' title='bbox 543 519 839 592; x_wconf 75' lang='grc' dir='ltr'>μαρτύρων</span> <span class='ocrx_word' id='word_1_10' title='bbox 879 492 1209 593; x_wconf 77' lang='grc' dir='ltr'>κρατΰνηται</span> <span class='ocrx_word' id='word_1_11' title='bbox 1241 518 1301 572; x_wconf 75' lang='grc' dir='ltr'>τὸ</span> <span class='ocrx_word' id='word_1_12' title='bbox 1341 520 1651 592; x_wconf 82' lang='grc' dir='ltr'>εἰρημένον.</span> <span class='ocrx_word' id='word_1_13' title='bbox 1683 504 1926 593; x_wconf 80' lang='grc' dir='ltr'>Οὐδαμό-</span> 
     </span>
    </p>
   </div>
   <div class='ocr_carea' id='block_1_5' title="bbox 2040 492 3590 597">
    <p class='ocr_par' dir='ltr' id='par_1_5' title="bbox 2040 523 3590 597">
     <span class='ocr_line' id='line_1_5' title="bbox 2040 523 3590 597; baseline 0.003 -18"><span class='ocrx_word' id='word_1_14' title='bbox 2040 531 2140 579; x_wconf 82' lang='lat' dir='ltr'><strong>tur.</strong></span> <span class='ocrx_word' id='word_1_15' title='bbox 2164 523 2418 578; x_wconf 80' lang='lat' dir='ltr'><strong>Ostendit</strong></span> <span class='ocrx_word' id='word_1_16' title='bbox 2435 537 2616 579; x_wconf 86' lang='lat' dir='ltr'><strong>autem</strong></span> <span class='ocrx_word' id='word_1_17' title='bbox 2632 524 2852 581; x_wconf 69' lang='lat' dir='ltr'><strong>Judaeos</strong></span> <span class='ocrx_word' id='word_1_18' title='bbox 2874 526 3103 582; x_wconf 89' lang='lat' dir='ltr'><strong>salutem</strong></span> <span class='ocrx_word' id='word_1_19' title='bbox 3124 527 3287 597; x_wconf 81' lang='lat' dir='ltr'><strong>plane</strong></span> <span class='ocrx_word' id='word_1_20' title='bbox 3309 541 3590 596; x_wconf 79' lang='lat' dir='ltr'><strong>respuere,</strong></span> 
     </span>
    </p>
   </div>
   <div class='ocr_carea' id='block_1_6' title="bbox 349 609 1925 677">
    <p class='ocr_par' dir='ltr' id='par_1_6' title="bbox 349 609 1925 677">
     <span class='ocr_line' id='line_1_6' title="bbox 349 609 1925 677; baseline 0 -11"><span class='ocrx_word' id='word_1_21' title='bbox 349 612 442 666; x_wconf 86' lang='grc' dir='ltr'><strong>θεν</strong></span> <span class='ocrx_word' id='word_1_22' title='bbox 478 612 534 665; x_wconf 80' lang='grc' dir='ltr'>δὲ</span> <span class='ocrx_word' id='word_1_23' title='bbox 561 611 699 675; x_wconf 81' lang='grc' dir='ltr'>ὅλως</span> <span class='ocrx_word' id='word_1_24' title='bbox 726 609 1100 676; x_wconf 72' lang='grc' dir='ltr'><strong>ἀνασώζεσθαι</strong></span> <span class='ocrx_word' id='word_1_25' title='bbox 1128 610 1377 675; x_wconf 78' lang='grc' dir='ltr'><strong>θέλοντας</strong></span> <span class='ocrx_word' id='word_1_26' title='bbox 1431 612 1757 667; x_wconf 75' lang='grc' dir='ltr'><strong>ἐπιδεικνύει</strong></span> <span class='ocrx_word' id='word_1_27' title='bbox 1799 614 1925 677; x_wconf 82' lang='grc' dir='ltr'>τοῦς</span> 
     </span>
    </p>
   </div>
   <div class='ocr_carea' id='block_1_7' title="bbox 362 703 1925 775">
    <p class='ocr_par' dir='ltr' id='par_1_7' title="bbox 362 703 1925 775">
     <span class='ocr_line' id='line_1_7' title="bbox 362 703 1925 775; baseline 0.001 -17"><span class='ocrx_word' id='word_1_28' title='bbox 362 703 676 767; x_wconf 78' lang='grc' dir='ltr'><strong>Ἰουδαίους,</strong></span> <span class='ocrx_word' id='word_1_29' title='bbox 720 703 997 773; x_wconf 84' lang='grc' dir='ltr'>ἀχαλίνοις</span> <span class='ocrx_word' id='word_1_30' title='bbox 1028 704 1084 757; x_wconf 81' lang='grc' dir='ltr'>δὲ</span> <span class='ocrx_word' id='word_1_31' title='bbox 1121 703 1309 767; x_wconf 82' lang='grc' dir='ltr'>ἁπλῶς</span> <span class='ocrx_word' id='word_1_32' title='bbox 1356 704 1451 757; x_wconf 75' lang='grc' dir='ltr'><strong>καὶ</strong></span> <span class='ocrx_word' id='word_1_33' title='bbox 1497 706 1925 775; x_wconf 87' lang='grc' dir='ltr'>ἀπερισκέπτοις</span> 
     </span>
    </p>
   </div>
   <div class='ocr_carea' id='block_1_8' title="bbox 349 794 1925 868">
    <p class='ocr_par' dir='ltr' id='par_1_8' title="bbox 349 794 1925 868">
     <span class='ocr_line' id='line_1_8' title="bbox 349 794 1925 868; baseline 0.001 -19"><span class='ocrx_word' id='word_1_34' title='bbox 349 797 549 865; x_wconf 73' lang='grc' dir='ltr'>ὁρμσαίς</span> <span class='ocrx_word' id='word_1_35' title='bbox 581 796 673 847; x_wconf 77' lang='grc' dir='ltr'>ἐπὶ</span> <span class='ocrx_word' id='word_1_36' title='bbox 701 794 761 847; x_wconf 87' lang='grc' dir='ltr'><strong>τὸ</strong></span> <span class='ocrx_word' id='word_1_37' title='bbox 787 794 921 865; x_wconf 77' lang='grc' dir='ltr'>βαθὺ</span> <span class='ocrx_word' id='word_1_38' title='bbox 959 798 1057 866; x_wconf 82' lang='grc' dir='ltr'><strong>τῆς</strong></span> <span class='ocrx_word' id='word_1_39' title='bbox 1090 794 1361 859; x_wconf 86' lang='grc' dir='ltr'>ἀπωλείας</span> <span class='ocrx_word' id='word_1_40' title='bbox 1390 796 1723 866; x_wconf 73' lang='grc' dir='ltr'><strong>φερομένους</strong></span> <span class='ocrx_word' id='word_1_41' title='bbox 1752 797 1925 868; x_wconf 81' lang='grc' dir='ltr'>βάρα-</span> 
     </span>
    </p>
   </div>
   <div class='ocr_carea' id='block_1_9' title="bbox 353 884 1926 958">
    <p class='ocr_par' dir='ltr' id='par_1_9' title="bbox 353 884 1926 958">
     <span class='ocr_line' id='line_1_9' title="bbox 353 884 1926 958; baseline 0.003 -20"><span class='ocrx_word' id='word_1_42' title='bbox 353 886 509 955; x_wconf 88' lang='grc' dir='ltr'>θρον·</span> <span class='ocrx_word' id='word_1_43' title='bbox 540 887 589 938; x_wconf 86' lang='grc' dir='ltr'>εἰ</span> <span class='ocrx_word' id='word_1_44' title='bbox 616 884 723 956; x_wconf 82' lang='grc' dir='ltr'>γὰρ</span> <span class='ocrx_word' id='word_1_45' title='bbox 759 888 893 957; x_wconf 79' lang='grc' dir='ltr'>μήτε</span> <span class='ocrx_word' id='word_1_46' title='bbox 918 888 1053 939; x_wconf 83' lang='grc' dir='ltr'>νοεῖν</span> <span class='ocrx_word' id='word_1_47' title='bbox 1092 885 1362 957; x_wconf 79' lang='grc' dir='ltr'>ἰσχύουσιν</span> <span class='ocrx_word' id='word_1_48' title='bbox 1375 888 1440 940; x_wconf 80' lang='grc' dir='ltr'><strong>ἐκ</strong></span> <span class='ocrx_word' id='word_1_49' title='bbox 1463 888 1661 958; x_wconf 83' lang='grc' dir='ltr'>πολλῆς</span> <span class='ocrx_word' id='word_1_50' title='bbox 1687 888 1926 958; x_wconf 80' lang='grc' dir='ltr'><strong>ἀμαθίας</strong></span> 
     </span>
    </p>
   </div>
   <div class='ocr_carea' id='block_1_10' title="bbox 351 978 1923 1048">
    <p class='ocr_par' dir='ltr' id='par_1_10' title="bbox 351 978 1923 1048">
     <span class='ocr_line' id='line_1_10' title="bbox 351 978 1923 1048; baseline 0.001 -19"><span class='ocrx_word' id='word_1_51' title='bbox 351 978 412 1029; x_wconf 78' lang='grc' dir='ltr'><strong>τὸ</strong></span> <span class='ocrx_word' id='word_1_52' title='bbox 434 978 852 1048; x_wconf 83' lang='grc' dir='ltr'><strong>κηρυττόμενον,</strong></span> <span class='ocrx_word' id='word_1_53' title='bbox 893 978 1027 1048; x_wconf 85' lang='grc' dir='ltr'>μήτε</span> <span class='ocrx_word' id='word_1_54' title='bbox 1062 978 1243 1031; x_wconf 82' lang='grc' dir='ltr'>πίστει</span> <span class='ocrx_word' id='word_1_55' title='bbox 1286 979 1558 1032; x_wconf 88' lang='grc' dir='ltr'>ποιοῦνται</span> <span class='ocrx_word' id='word_1_56' title='bbox 1595 980 1804 1043; x_wconf 79' lang='grc' dir='ltr'>δεκτδν,</span> <span class='ocrx_word' id='word_1_57' title='bbox 1840 980 1923 1044; x_wconf 82' lang='grc' dir='ltr'><strong>τίς</strong></span> 
     </span>
    </p>
   </div>
   <div class='ocr_carea' id='block_1_11' title="bbox 352 1067 1928 1143">
    <p class='ocr_par' dir='ltr' id='par_1_11' title="bbox 352 1067 1928 1143">
     <span class='ocr_line' id='line_1_11' title="bbox 352 1067 1928 1143; baseline 0.001 -21"><span class='ocrx_word' id='word_1_58' title='bbox 352 1067 418 1122; x_wconf 81' lang='grc' dir='ltr'><strong>ἂν</strong></span> <span class='ocrx_word' id='word_1_59' title='bbox 442 1069 625 1132; x_wconf 78' lang='grc' dir='ltr'>αὐτοῖς</span> <span class='ocrx_word' id='word_1_60' title='bbox 655 1070 926 1140; x_wconf 80' lang='grc' dir='ltr'><strong>σωτηρίας</strong></span> <span class='ocrx_word' id='word_1_61' title='bbox 963 1070 1147 1141; x_wconf 72' lang='grc' dir='ltr'>ἕτερος</span> <span class='ocrx_word' id='word_1_62' title='bbox 1200 1070 1507 1141; x_wconf 78' lang='grc' dir='ltr'>ἐπινοηθείη</span> <span class='ocrx_word' id='word_1_63' title='bbox 1548 1071 1783 1143; x_wconf 87' lang='grc' dir='ltr'>τρόπος;</span> <span class='ocrx_word' id='word_1_64' title='bbox 1820 1073 1928 1123; x_wconf 83' lang='grc' dir='ltr'>Κα-</span> 
     </span>
    </p>
   </div>
   <div class='ocr_carea' id='block_1_12' title="bbox 352 1159 1928 1233">
    <p class='ocr_par' dir='ltr' id='par_1_12' title="bbox 352 1159 1928 1233">
     <span class='ocr_line' id='line_1_12' title="bbox 352 1159 1928 1233; baseline 0.002 -21"><span class='ocrx_word' id='word_1_65' title='bbox 352 1160 460 1223; x_wconf 84' lang='grc' dir='ltr'><strong>λῶς</strong></span> <span class='ocrx_word' id='word_1_66' title='bbox 485 1161 549 1232; x_wconf 81' lang='grc' dir='ltr'>δὴ</span> <span class='ocrx_word' id='word_1_67' title='bbox 578 1159 690 1226; x_wconf 80' lang='grc' dir='ltr'>οὖν,</span> <span class='ocrx_word' id='word_1_68' title='bbox 721 1162 816 1215; x_wconf 72' lang='grc' dir='ltr'>καὶ</span> <span class='ocrx_word' id='word_1_69' title='bbox 849 1162 993 1233; x_wconf 77' lang='grc' dir='ltr'>μάλα</span> <span class='ocrx_word' id='word_1_70' title='bbox 1020 1161 1247 1226; x_wconf 82' lang='grc' dir='ltr'>δικαίως</span> <span class='ocrx_word' id='word_1_71' title='bbox 1279 1162 1682 1233; x_wconf 78' lang='grc' dir='ltr'>ἀναπολόγητον</span> <span class='ocrx_word' id='word_1_72' title='bbox 1708 1162 1928 1216; x_wconf 73' lang='grc' dir='ltr'>ἔσεσθαι</span> 
     </span>
    </p>
   </div>
   <div class='ocr_carea' id='block_1_13' title="bbox 352 1251 1927 1325">
    <p class='ocr_par' dir='ltr' id='par_1_13' title="bbox 352 1251 1927 1325">
     <span class='ocr_line' id='line_1_13' title="bbox 352 1251 1927 1325; baseline 0.003 -23"><span class='ocrx_word' id='word_1_73' title='bbox 352 1252 451 1321; x_wconf 80' lang='grc' dir='ltr'>τὴν</span> <span class='ocrx_word' id='word_1_74' title='bbox 495 1251 849 1323; x_wconf 76' lang='grc' dir='ltr'>Ἰερουσαλὴμ</span> <span class='ocrx_word' id='word_1_75' title='bbox 890 1252 1129 1322; x_wconf 76' lang='grc' dir='ltr'>ἔφασκεν</span> <span class='ocrx_word' id='word_1_76' title='bbox 1164 1255 1193 1306; x_wconf 85' lang='grc' dir='ltr'>ὁ</span> <span class='ocrx_word' id='word_1_77' title='bbox 1240 1254 1449 1325; x_wconf 74' lang='grc' dir='ltr'>Σωτὴρ,</span> <span class='ocrx_word' id='word_1_78' title='bbox 1490 1253 1564 1316; x_wconf 85' lang='grc' dir='ltr'>ὠς</span> <span class='ocrx_word' id='word_1_79' title='bbox 1598 1254 1927 1324; x_wconf 74' lang='grc' dir='ltr'>αὐτόκλητον</span> 
     </span>
    </p>
   </div>
   <div class='ocr_carea' id='block_1_14' title="bbox 354 1341 1925 1419">
    <p class='ocr_par' dir='ltr' id='par_1_14' title="bbox 354 1341 1925 1419">
     <span class='ocr_line' id='line_1_14' title="bbox 354 1341 1925 1419; baseline 0.003 -25"><span class='ocrx_word' id='word_1_80' title='bbox 354 1341 440 1409; x_wconf 50' lang='grc' dir='ltr'><strong>ἐρ’</strong></span> <span class='ocrx_word' id='word_1_81' title='bbox 465 1341 664 1413; x_wconf 79' lang='grc' dir='ltr'>ἑαυτὴν</span> <span class='ocrx_word' id='word_1_82' title='bbox 687 1342 1039 1415; x_wconf 78' lang='grc' dir='ltr'>ἁρπάζουσαν</span> <span class='ocrx_word' id='word_1_83' title='bbox 1065 1344 1308 1416; x_wconf 77' lang='grc' dir='ltr'>ὄλεθρον.</span> <span class='ocrx_word' id='word_1_84' title='bbox 1328 1363 1345 1395; x_wconf 85' lang='grc' dir='ltr'><strong>ι</strong></span> <span class='ocrx_word' id='word_1_85' title='bbox 1402 1344 1760 1419; x_wconf 77' lang='grc' dir='ltr'>Ἰερουσαλὴμ</span> <span class='ocrx_word' id='word_1_86' title='bbox 1792 1344 1925 1417; x_wconf 84' lang='grc' dir='ltr'>γὰρ,</span> 
     </span>
    </p>
   </div>
   <div class='ocr_carea' id='block_1_15' title="bbox 365 1433 1925 1507">
    <p class='ocr_par' dir='ltr' id='par_1_15' title="bbox 365 1433 1925 1507">
     <span class='ocr_line' id='line_1_15' title="bbox 365 1433 1925 1507; baseline 0.004 -22"><span class='ocrx_word' id='word_1_87' title='bbox 365 1433 745 1505; x_wconf 81' lang='grc' dir='ltr'>Ἰερουσαλὴμ,</span> <span class='ocrx_word' id='word_1_88' title='bbox 782 1434 969 1504; x_wconf 81' lang='grc' dir='ltr'>φησὶν,</span> <span class='ocrx_word' id='word_1_89' title='bbox 993 1436 1436 1506; x_wconf 83' lang='grc' dir='ltr'>ήάποκτείνουσα</span> <span class='ocrx_word' id='word_1_90' title='bbox 1469 1437 1593 1499; x_wconf 79' lang='grc' dir='ltr'>τοὺς</span> <span class='ocrx_word' id='word_1_91' title='bbox 1620 1437 1925 1507; x_wconf 80' lang='grc' dir='ltr'>προφήτας,</span> 
     </span>
    </p>
   </div>
   <div class='ocr_carea' id='block_1_16' title="bbox 354 1523 1931 1601">
    <p class='ocr_par' dir='ltr' id='par_1_16' title="bbox 354 1523 1931 1601">
     <span class='ocr_line' id='line_1_16' title="bbox 354 1523 1931 1601; baseline 0.001 -20"><span class='ocrx_word' id='word_1_92' title='bbox 354 1528 451 1581; x_wconf 76' lang='grc' dir='ltr'>καὶ</span> <span class='ocrx_word' id='word_1_93' title='bbox 464 1523 808 1583; x_wconf 70' lang='grc' dir='ltr'>λιθοϐολοῦσα</span> <span class='ocrx_word' id='word_1_94' title='bbox 821 1530 948 1593; x_wconf 81' lang='grc' dir='ltr'>τοὺς</span> <span class='ocrx_word' id='word_1_95' title='bbox 958 1530 1400 1600; x_wconf 80' lang='grc' dir='ltr'>ἀπεσταλμένους</span> <span class='ocrx_word' id='word_1_96' title='bbox 1414 1530 1547 1601; x_wconf 77' lang='grc' dir='ltr'>πρὸς</span> <span class='ocrx_word' id='word_1_97' title='bbox 1559 1529 1748 1599; x_wconf 80' lang='grc' dir='ltr'>αὐτὴν,</span> <span class='ocrx_word' id='word_1_98' title='bbox 1763 1530 1931 1583; x_wconf 86' lang='grc' dir='ltr'>ποσά-</span> 
     </span>
    </p>
   </div>
   <div class='ocr_carea' id='block_1_17' title="bbox 354 1621 1927 1693">
    <p class='ocr_par' dir='ltr' id='par_1_17' title="bbox 354 1621 1927 1693">
     <span class='ocr_line' id='line_1_17' title="bbox 354 1621 1927 1693; baseline 0.001 -21"><span class='ocrx_word' id='word_1_99' title='bbox 354 1637 444 1683; x_wconf 85' lang='grc' dir='ltr'><strong>κις</strong></span> <span class='ocrx_word' id='word_1_100' title='bbox 474 1621 715 1691; x_wconf 76' lang='grc' dir='ltr'>ἠθέλησα</span> <span class='ocrx_word' id='word_1_101' title='bbox 742 1622 1170 1692; x_wconf 83' lang='grc' dir='ltr'>ἐπισυναγαγεῖν</span> <span class='ocrx_word' id='word_1_102' title='bbox 1198 1621 1267 1675; x_wconf 82' lang='grc' dir='ltr'><strong>τὰ</strong></span> <span class='ocrx_word' id='word_1_103' title='bbox 1296 1621 1463 1675; x_wconf 87' lang='grc' dir='ltr'>τέκνα</span> <span class='ocrx_word' id='word_1_104' title='bbox 1489 1639 1606 1688; x_wconf 91' lang='grc' dir='ltr'>σου,</span> <span class='ocrx_word' id='word_1_105' title='bbox 1634 1623 1694 1677; x_wconf 80' lang='grc' dir='ltr'>ὃν</span> <span class='ocrx_word' id='word_1_106' title='bbox 1726 1621 1927 1693; x_wconf 84' lang='grc' dir='ltr'>τρόπον</span> 
     </span>
    </p>
   </div>
   <div class='ocr_carea' id='block_1_18' title="bbox 2026 616 3589 688">
    <p class='ocr_par' dir='ltr' id='par_1_18' title="bbox 2026 616 3589 688">
     <span class='ocr_line' id='line_1_18' title="bbox 2026 616 3589 688; baseline -0.001 -17"><span class='ocrx_word' id='word_1_107' title='bbox 2026 624 2081 672; x_wconf 84' lang='lat' dir='ltr'><strong>et</strong></span> <span class='ocrx_word' id='word_1_108' title='bbox 2108 616 2372 671; x_wconf 77' lang='lat' dir='ltr'><strong>eﬂ‘renato</strong></span> <span class='ocrx_word' id='word_1_109' title='bbox 2403 623 2567 685; x_wconf 91' lang='lat' dir='ltr'><strong>atque</strong></span> <span class='ocrx_word' id='word_1_110' title='bbox 2594 619 2887 673; x_wconf 86' lang='lat' dir='ltr'><strong>temerario</strong></span> <span class='ocrx_word' id='word_1_111' title='bbox 2918 619 3121 688; x_wconf 86' lang='lat' dir='ltr'><strong>impetu</strong></span> <span class='ocrx_word' id='word_1_112' title='bbox 3170 618 3223 672; x_wconf 88' lang='lat' dir='ltr'><strong>in</strong></span> <span class='ocrx_word' id='word_1_113' title='bbox 3259 617 3589 687; x_wconf 80' lang='lat' dir='ltr'><strong>profundum</strong></span> 
     </span>
    </p>
   </div>
   <div class='ocr_carea' id='block_1_19' title="bbox 2026 707 3592 780">
    <p class='ocr_par' dir='ltr' id='par_1_19' title="bbox 2026 707 3592 780">
     <span class='ocr_line' id='line_1_19' title="bbox 2026 707 3592 780; baseline -0.001 -17"><span class='ocrx_word' id='word_1_114' title='bbox 2026 707 2349 779; x_wconf 91' lang='lat' dir='ltr'><strong>perditionis</strong></span> <span class='ocrx_word' id='word_1_115' title='bbox 2390 708 2709 763; x_wconf 76' lang='lat' dir='ltr'><strong>barathrum</strong></span> <span class='ocrx_word' id='word_1_116' title='bbox 2760 709 2915 764; x_wconf 78' lang='lat' dir='ltr'><strong>ferri.</strong></span> <span class='ocrx_word' id='word_1_117' title='bbox 2968 710 3026 764; x_wconf 86' lang='lat' dir='ltr'><strong>Si</strong></span> <span class='ocrx_word' id='word_1_118' title='bbox 3056 710 3204 765; x_wconf 90' lang='lat' dir='ltr'><strong>enim</strong></span> <span class='ocrx_word' id='word_1_119' title='bbox 3256 723 3368 780; x_wconf 73' lang='lat' dir='ltr'><strong>pra:</strong></span> <span class='ocrx_word' id='word_1_120' title='bbox 3423 710 3592 763; x_wconf 88' lang='lat' dir='ltr'><strong>multa</strong></span> 
     </span>
    </p>
   </div>
   <div class='ocr_carea' id='block_1_20' title="bbox 2027 799 3595 872">
    <p class='ocr_par' dir='ltr' id='par_1_20' title="bbox 2027 799 3595 872">
     <span class='ocr_line' id='line_1_20' title="bbox 2027 799 3595 872; baseline 0 -18"><span class='ocrx_word' id='word_1_121' title='bbox 2027 800 2245 856; x_wconf 76' lang='lat' dir='ltr'><strong>inscitia</strong></span> <span class='ocrx_word' id='word_1_122' title='bbox 2277 800 2581 871; x_wconf 77' lang='lat' dir='ltr'><strong>intelligere</strong></span> <span class='ocrx_word' id='word_1_123' title='bbox 2610 809 2894 871; x_wconf 83' lang='lat' dir='ltr'><strong>nequeunt</strong></span> <span class='ocrx_word' id='word_1_124' title='bbox 2929 802 3076 872; x_wconf 81' lang='lat' dir='ltr'><strong>quod</strong></span> <span class='ocrx_word' id='word_1_125' title='bbox 3108 799 3459 872; x_wconf 66' lang='lat' dir='ltr'><strong>praedicatur,</strong></span> <span class='ocrx_word' id='word_1_126' title='bbox 3492 814 3595 854; x_wconf 89' lang='lat' dir='ltr'><strong>nec</strong></span> 
     </span>
    </p>
   </div>
   <div class='ocr_carea' id='block_1_21' title="bbox 2028 890 3593 962">
    <p class='ocr_par' dir='ltr' id='par_1_21' title="bbox 2028 890 3593 962">
     <span class='ocr_line' id='line_1_21' title="bbox 2028 890 3593 962; baseline -0.001 -16"><span class='ocrx_word' id='word_1_127' title='bbox 2028 891 2132 948; x_wconf 84' lang='lat' dir='ltr'><strong>ﬁde</strong></span> <span class='ocrx_word' id='word_1_128' title='bbox 2157 892 2440 962; x_wconf 83' lang='lat' dir='ltr'><strong>suscipere</strong></span> <span class='ocrx_word' id='word_1_129' title='bbox 2472 892 2680 957; x_wconf 89' lang='lat' dir='ltr'><strong>volunt,</strong></span> <span class='ocrx_word' id='word_1_130' title='bbox 2710 908 2873 962; x_wconf 88' lang='lat' dir='ltr'><strong>quam</strong></span> <span class='ocrx_word' id='word_1_131' title='bbox 2921 893 3138 948; x_wconf 90' lang='lat' dir='ltr'><strong>demum</strong></span> <span class='ocrx_word' id='word_1_132' title='bbox 3190 893 3351 946; x_wconf 89' lang='lat' dir='ltr'><strong>aliam</strong></span> <span class='ocrx_word' id='word_1_133' title='bbox 3402 890 3593 946; x_wconf 87' lang='lat' dir='ltr'><strong>salutis</strong></span> 
     </span>
    </p>
   </div>
   <div class='ocr_carea' id='block_1_22' title="bbox 2026 982 3594 1054">
    <p class='ocr_par' dir='ltr' id='par_1_22' title="bbox 2026 982 3594 1054">
     <span class='ocr_line' id='line_1_22' title="bbox 2026 982 3594 1054; baseline -0.001 -16"><span class='ocrx_word' id='word_1_134' title='bbox 2026 983 2291 1038; x_wconf 88' lang='lat' dir='ltr'><strong>rationem</strong></span> <span class='ocrx_word' id='word_1_135' title='bbox 2343 982 2668 1038; x_wconf 78' lang='lat' dir='ltr'><strong>invenient?</strong></span> <span class='ocrx_word' id='word_1_136' title='bbox 2703 983 2848 1039; x_wconf 87' lang='lat' dir='ltr'><strong>Bene</strong></span> <span class='ocrx_word' id='word_1_137' title='bbox 2903 984 3087 1054; x_wconf 86' lang='lat' dir='ltr'><strong>itaque</strong></span> <span class='ocrx_word' id='word_1_138' title='bbox 3118 999 3182 1038; x_wconf 91' lang='lat' dir='ltr'><strong>ac</strong></span> <span class='ocrx_word' id='word_1_139' title='bbox 3234 984 3361 1052; x_wconf 87' lang='lat' dir='ltr'><strong>jure</strong></span> <span class='ocrx_word' id='word_1_140' title='bbox 3397 983 3594 1037; x_wconf 89' lang='lat' dir='ltr'><strong>merito</strong></span> 
     </span>
    </p>
   </div>
   <div class='ocr_carea' id='block_1_23' title="bbox 2030 1072 3591 1137">
    <p class='ocr_par' dir='ltr' id='par_1_23' title="bbox 2030 1072 3591 1137">
     <span class='ocr_line' id='line_1_23' title="bbox 2030 1072 3591 1137; baseline -0.001 -8"><span class='ocrx_word' id='word_1_141' title='bbox 2030 1074 2282 1129; x_wconf 83' lang='lat' dir='ltr'><strong>Salvator</strong></span> <span class='ocrx_word' id='word_1_142' title='bbox 2339 1072 2644 1129; x_wconf 83' lang='lat' dir='ltr'><strong>Jerusalem</strong></span> <span class='ocrx_word' id='word_1_143' title='bbox 2708 1074 3137 1130; x_wconf 81' lang='lat' dir='ltr'><strong>iuexcusabilem</strong></span> <span class='ocrx_word' id='word_1_144' title='bbox 3203 1074 3318 1129; x_wconf 81' lang='lat' dir='ltr'><strong>fore</strong></span> <span class='ocrx_word' id='word_1_145' title='bbox 3373 1074 3591 1137; x_wconf 86' lang='lat' dir='ltr'><strong>aiebat,</strong></span> 
     </span>
    </p>
   </div>
   <div class='ocr_carea' id='block_1_24' title="bbox 2028 1163 3595 1234">
    <p class='ocr_par' dir='ltr' id='par_1_24' title="bbox 2028 1163 3595 1234">
     <span class='ocr_line' id='line_1_24' title="bbox 2028 1163 3595 1234; baseline -0.001 -15"><span class='ocrx_word' id='word_1_146' title='bbox 2028 1171 2156 1234; x_wconf 89' lang='lat' dir='ltr'><strong>puta</strong></span> <span class='ocrx_word' id='word_1_147' title='bbox 2189 1179 2310 1234; x_wconf 74' lang='lat' dir='ltr'><strong>quae</strong></span> <span class='ocrx_word' id='word_1_148' title='bbox 2342 1163 2461 1234; x_wconf 86' lang='lat' dir='ltr'><strong>ipsa</strong></span> <span class='ocrx_word' id='word_1_149' title='bbox 2492 1163 2595 1219; x_wconf 91' lang='lat' dir='ltr'><strong>sibi</strong></span> <span class='ocrx_word' id='word_1_150' title='bbox 2628 1164 2929 1234; x_wconf 84' lang='lat' dir='ltr'><strong>perniciem</strong></span> <span class='ocrx_word' id='word_1_151' title='bbox 2955 1172 3279 1219; x_wconf 88' lang='lat' dir='ltr'><strong>arcesseret.</strong></span> <span class='ocrx_word' id='word_1_152' title='bbox 3319 1183 3338 1215; x_wconf 82' lang='grc' dir='ltr'><strong>ι</strong></span> <span class='ocrx_word' id='word_1_153' title='bbox 3374 1163 3595 1218; x_wconf 83' lang='lat' dir='ltr'><strong>Jerusa-</strong></span> 
     </span>
    </p>
   </div>
   <div class='ocr_carea' id='block_1_25' title="bbox 2028 1251 3595 1323">
    <p class='ocr_par' dir='ltr' id='par_1_25' title="bbox 2028 1251 3595 1323">
     <span class='ocr_line' id='line_1_25' title="bbox 2028 1251 3595 1323; baseline -0.004 -14"><span class='ocrx_word' id='word_1_154' title='bbox 2028 1254 2135 1310; x_wconf 92' lang='lat' dir='ltr'><strong>lem</strong></span> <span class='ocrx_word' id='word_1_155' title='bbox 2169 1273 2187 1307; x_wconf 76' lang='grc' dir='ltr'><strong>ι</strong></span> <span class='ocrx_word' id='word_1_156' title='bbox 2228 1254 2395 1318; x_wconf 89' lang='lat' dir='ltr'><strong>enim,</strong></span> <span class='ocrx_word' id='word_1_157' title='bbox 2440 1253 2642 1323; x_wconf 85' lang='lat' dir='ltr'><strong>inquit,</strong></span> <span class='ocrx_word' id='word_1_158' title='bbox 2680 1272 2699 1305; x_wconf 86' lang='grc' dir='ltr'><strong>ι</strong></span> <span class='ocrx_word' id='word_1_159' title='bbox 2732 1252 3061 1316; x_wconf 83' lang='lat' dir='ltr'><strong>Jerusalem,</strong></span> <span class='ocrx_word' id='word_1_160' title='bbox 3088 1269 3208 1322; x_wconf 68' lang='lat' dir='ltr'><strong>qua:</strong></span> <span class='ocrx_word' id='word_1_161' title='bbox 3234 1251 3441 1307; x_wconf 78' lang='lat' dir='ltr'><strong>occidis</strong></span> <span class='ocrx_word' id='word_1_162' title='bbox 3465 1265 3595 1320; x_wconf 88' lang='lat' dir='ltr'><strong>pro-</strong></span> 
     </span>
    </p>
   </div>
   <div class='ocr_carea' id='block_1_26' title="bbox 2030 1332 3598 1416">
    <p class='ocr_par' dir='ltr' id='par_1_26' title="bbox 2030 1332 3598 1416">
     <span class='ocr_line' id='line_1_26' title="bbox 2030 1332 3598 1416; baseline -0.004 -16"><span class='ocrx_word' id='word_1_163' title='bbox 2030 1345 2249 1416; x_wconf 86' lang='lat' dir='ltr'><strong>phetas,</strong></span> <span class='ocrx_word' id='word_1_164' title='bbox 2268 1355 2325 1402; x_wconf 89' lang='lat' dir='ltr'><strong>et</strong></span> <span class='ocrx_word' id='word_1_165' title='bbox 2354 1347 2562 1415; x_wconf 88' lang='lat' dir='ltr'><strong>lapidas</strong></span> <span class='ocrx_word' id='word_1_166' title='bbox 2591 1361 2689 1401; x_wconf 90' lang='lat' dir='ltr'><strong>eos</strong></span> <span class='ocrx_word' id='word_1_167' title='bbox 2711 1346 2807 1416; x_wconf 88' lang='lat' dir='ltr'><strong>qui</strong></span> <span class='ocrx_word' id='word_1_168' title='bbox 2837 1332 2904 1401; x_wconf 87' lang='lat' dir='ltr'><strong>ad</strong></span> <span class='ocrx_word' id='word_1_169' title='bbox 2935 1354 2989 1401; x_wconf 91' lang='lat' dir='ltr'><strong>te</strong></span> <span class='ocrx_word' id='word_1_170' title='bbox 3016 1345 3171 1400; x_wconf 85' lang='lat' dir='ltr'><strong>missi</strong></span> <span class='ocrx_word' id='word_1_171' title='bbox 3203 1350 3353 1406; x_wconf 88' lang='lat' dir='ltr'><strong>sunt,</strong></span> <span class='ocrx_word' id='word_1_172' title='bbox 3382 1342 3598 1413; x_wconf 86' lang='lat' dir='ltr'><strong>quoties</strong></span> 
     </span>
    </p>
   </div>
   <div class='ocr_carea' id='block_1_27' title="bbox 2028 1432 3601 1507">
    <p class='ocr_par' dir='ltr' id='par_1_27' title="bbox 2028 1432 3601 1507">
     <span class='ocr_line' id='line_1_27' title="bbox 2028 1432 3601 1507; baseline -0.004 -15"><span class='ocrx_word' id='word_1_173' title='bbox 2028 1436 2175 1492; x_wconf 88' lang='lat' dir='ltr'><strong>volui</strong></span> <span class='ocrx_word' id='word_1_174' title='bbox 2212 1450 2548 1507; x_wconf 88' lang='lat' dir='ltr'><strong>congregare</strong></span> <span class='ocrx_word' id='word_1_175' title='bbox 2592 1437 2733 1492; x_wconf 85' lang='lat' dir='ltr'><strong>ﬁlios</strong></span> <span class='ocrx_word' id='word_1_176' title='bbox 2774 1444 2930 1499; x_wconf 89' lang='lat' dir='ltr'><strong>tuos,</strong></span> <span class='ocrx_word' id='word_1_177' title='bbox 2977 1434 3442 1507; x_wconf 87' lang='lat' dir='ltr'><strong>quemadmodum</strong></span> <span class='ocrx_word' id='word_1_178' title='bbox 3482 1432 3601 1503; x_wconf 84' lang='lat' dir='ltr'><strong>gal-</strong></span> 
     </span>
    </p>
   </div>
   <div class='ocr_carea' id='block_1_28' title="bbox 2035 1522 3600 1599">
    <p class='ocr_par' dir='ltr' id='par_1_28' title="bbox 2035 1522 3600 1599">
     <span class='ocr_line' id='line_1_28' title="bbox 2035 1522 3600 1599; baseline -0.003 -18"><span class='ocrx_word' id='word_1_179' title='bbox 2035 1528 2146 1581; x_wconf 89' lang='lat' dir='ltr'><strong>lina</strong></span> <span class='ocrx_word' id='word_1_180' title='bbox 2179 1534 2475 1599; x_wconf 72' lang='lat' dir='ltr'><strong>congregat</strong></span> <span class='ocrx_word' id='word_1_181' title='bbox 2502 1528 2681 1599; x_wconf 86' lang='lat' dir='ltr'><strong>pullos</strong></span> <span class='ocrx_word' id='word_1_182' title='bbox 2733 1542 2865 1584; x_wconf 90' lang='lat' dir='ltr'><strong>suos</strong></span> <span class='ocrx_word' id='word_1_183' title='bbox 2911 1528 3016 1583; x_wconf 85' lang='lat' dir='ltr'><strong>sub</strong></span> <span class='ocrx_word' id='word_1_184' title='bbox 3069 1527 3206 1591; x_wconf 88' lang='lat' dir='ltr'><strong>alas,</strong></span> <span class='ocrx_word' id='word_1_185' title='bbox 3252 1534 3306 1580; x_wconf 89' lang='lat' dir='ltr'><strong>et</strong></span> <span class='ocrx_word' id='word_1_186' title='bbox 3341 1522 3600 1579; x_wconf 84' lang='lat' dir='ltr'><strong>noluisti?</strong></span> 
     </span>
    </p>
   </div>
   <div class='ocr_carea' id='block_1_29' title="bbox 2034 1617 3528 1688">
    <p class='ocr_par' dir='ltr' id='par_1_29' title="bbox 2034 1617 3528 1688">
     <span class='ocr_line' id='line_1_29' title="bbox 2034 1617 3528 1688; baseline -0.005 -13"><span class='ocrx_word' id='word_1_187' title='bbox 2034 1619 2180 1675; x_wconf 87' lang='lat' dir='ltr'><strong>Ecce</strong></span> <span class='ocrx_word' id='word_1_188' title='bbox 2202 1620 2544 1688; x_wconf 87' lang='lat' dir='ltr'><strong>relinquetur</strong></span> <span class='ocrx_word' id='word_1_189' title='bbox 2569 1621 2726 1675; x_wconf 80' lang='lat' dir='ltr'><strong>vobis</strong></span> <span class='ocrx_word' id='word_1_190' title='bbox 2751 1619 2946 1673; x_wconf 89' lang='lat' dir='ltr'><strong>domus</strong></span> <span class='ocrx_word' id='word_1_191' title='bbox 2966 1628 3147 1672; x_wconf 79' lang='lat' dir='ltr'><strong>vestra</strong></span> <span class='ocrx_word' id='word_1_192' title='bbox 3169 1618 3383 1672; x_wconf 88' lang='lat' dir='ltr'><strong>deserta</strong></span> <span class='ocrx_word' id='word_1_193' title='bbox 3411 1617 3477 1669; x_wconf 82' lang='lat'><strong>&quot;.</strong></span> <span class='ocrx_word' id='word_1_194' title='bbox 3510 1633 3528 1667; x_wconf 74' lang='grc' dir='ltr'><strong>ι</strong></span> 
     </span>
    </p>
   </div>
   <div class='ocr_carea' id='block_1_30' title="bbox 352 1704 3594 1784">
    <p class='ocr_par' dir='ltr' id='par_1_30' title="bbox 352 1704 3594 1784">
     <span class='ocr_line' id='line_1_30' title="bbox 352 1704 3594 1784; baseline -0.002 -21"><span class='ocrx_word' id='word_1_195' title='bbox 352 1711 510 1781; x_wconf 69' lang='grc' dir='ltr'>ὅρνις</span> <span class='ocrx_word' id='word_1_196' title='bbox 532 1714 851 1782; x_wconf 81' lang='grc' dir='ltr'>ἐπισυνάγει</span> <span class='ocrx_word' id='word_1_197' title='bbox 874 1712 941 1767; x_wconf 86' lang='grc' dir='ltr'><strong>τά</strong></span> <span class='ocrx_word' id='word_1_198' title='bbox 968 1713 1153 1767; x_wconf 83' lang='grc' dir='ltr'>νοσσία</span> <span class='ocrx_word' id='word_1_199' title='bbox 1176 1714 1374 1783; x_wconf 80' lang='grc' dir='ltr'>ἑαυτῆς</span> <span class='ocrx_word' id='word_1_200' title='bbox 1404 1713 1508 1767; x_wconf 83' lang='grc' dir='ltr'>ὑπὸ</span> <span class='ocrx_word' id='word_1_201' title='bbox 1534 1714 1634 1777; x_wconf 78' lang='grc' dir='ltr'><strong>τὰς</strong></span> <span class='ocrx_word' id='word_1_202' title='bbox 1658 1712 1955 1784; x_wconf 84' lang='grc' dir='ltr'>πτέρυγας,</span> <span class='ocrx_word' id='word_1_203' title='bbox 1984 1717 2079 1763; x_wconf 74' lang='grc' dir='ltr'>καὶ</span> <span class='ocrx_word' id='word_1_204' title='bbox 2101 1712 2202 1764; x_wconf 81' lang='grc' dir='ltr'><strong>οὐκ</strong></span> <span class='ocrx_word' id='word_1_205' title='bbox 2234 1711 2534 1781; x_wconf 67' lang='grc' dir='ltr'>ἠθελήσατε</span> <span class='ocrx_word' id='word_1_206' title='bbox 2556 1729 2572 1778; x_wconf 86' lang='grc'>;</span> <span class='ocrx_word' id='word_1_207' title='bbox 2612 1711 2743 1764; x_wconf 79' lang='grc' dir='ltr'>Ἰδοὺ</span> <span class='ocrx_word' id='word_1_208' title='bbox 2771 1709 2986 1779; x_wconf 77' lang='grc' dir='ltr'>ἀφίεται</span> <span class='ocrx_word' id='word_1_209' title='bbox 3016 1710 3142 1778; x_wconf 85' lang='grc' dir='ltr'>ὑμῖν</span> <span class='ocrx_word' id='word_1_210' title='bbox 3162 1709 3191 1761; x_wconf 85' lang='grc' dir='ltr'>ὁ</span> <span class='ocrx_word' id='word_1_211' title='bbox 3211 1706 3357 1770; x_wconf 75' lang='grc' dir='ltr'>οἶκος</span> <span class='ocrx_word' id='word_1_212' title='bbox 3380 1704 3551 1776; x_wconf 78' lang='grc' dir='ltr'>ὑμῶν.</span> <span class='ocrx_word' id='word_1_213' title='bbox 3574 1722 3594 1757; x_wconf 77' lang='lat' dir='ltr'><strong>s</strong></span> 
     </span>
    </p>
   </div>
   <div class='ocr_carea' id='block_1_31' title="bbox 425 1793 1938 1878">
    <p class='ocr_par' dir='ltr' id='par_1_31' title="bbox 425 1793 1924 1874">
     <span class='ocr_line' id='line_1_31' title="bbox 425 1793 1924 1874; baseline -0.002 -16"><span class='ocrx_word' id='word_1_214' title='bbox 425 1806 493 1858; x_wconf 80' lang='lat' dir='ltr'><strong>Ei</strong></span> <span class='ocrx_word' id='word_1_215' title='bbox 526 1804 596 1857; x_wconf 82' lang='grc' dir='ltr'>τὰ</span> <span class='ocrx_word' id='word_1_216' title='bbox 620 1793 849 1872; x_wconf 74' lang='grc' dir='ltr'>ἐπίτρῖα</span> <span class='ocrx_word' id='word_1_217' title='bbox 871 1801 1042 1857; x_wconf 75' lang='grc' dir='ltr'>εἷπον</span> <span class='ocrx_word' id='word_1_218' title='bbox 1056 1804 1218 1874; x_wconf 76' lang='grc' dir='ltr'>ὑμῖν,</span> <span class='ocrx_word' id='word_1_219' title='bbox 1237 1806 1336 1858; x_wconf 79' lang='grc' dir='ltr'>καὶ</span> <span class='ocrx_word' id='word_1_220' title='bbox 1361 1807 1433 1858; x_wconf 85' lang='grc' dir='ltr'>οὐ</span> <span class='ocrx_word' id='word_1_221' title='bbox 1451 1805 1780 1867; x_wconf 74' lang='grc' dir='ltr'>πιστεύετε,</span> <span class='ocrx_word' id='word_1_222' title='bbox 1798 1801 1924 1869; x_wconf 86' lang='grc' dir='ltr'>πῶς</span> 
     </span>
    </p>
   </div>
   <div class='ocr_carea' id='block_1_32' title="bbox 2040 1793 3597 1878">
    <p class='ocr_par' dir='ltr' id='par_1_32' title="bbox 2093 1796 3597 1867">
     <span class='ocr_line' id='line_1_32' title="bbox 2093 1796 3597 1867; baseline -0.005 -13"><span class='ocrx_word' id='word_1_223' title='bbox 2093 1801 2181 1867; x_wconf 92' lang='lat' dir='ltr'><strong>lll,</strong></span> <span class='ocrx_word' id='word_1_224' title='bbox 2224 1801 2312 1865; x_wconf 76' lang='grc'><strong>12,</strong></span> <span class='ocrx_word' id='word_1_225' title='bbox 2338 1801 2423 1855; x_wconf 79' lang='grc'><strong>15.</strong></span> <span class='ocrx_word' id='word_1_226' title='bbox 2468 1801 2527 1855; x_wconf 92' lang='lat' dir='ltr'><strong>Si</strong></span> <span class='ocrx_word' id='word_1_227' title='bbox 2558 1809 2768 1855; x_wconf 80' lang='lat' dir='ltr'><strong>terrena</strong></span> <span class='ocrx_word' id='word_1_228' title='bbox 2799 1800 2914 1854; x_wconf 71' lang='lat' dir='ltr'><strong>dixi</strong></span> <span class='ocrx_word' id='word_1_229' title='bbox 2947 1799 3110 1864; x_wconf 79' lang='lat' dir='ltr'><strong>vobis,</strong></span> <span class='ocrx_word' id='word_1_230' title='bbox 3138 1807 3188 1852; x_wconf 89' lang='lat' dir='ltr'><strong>et</strong></span> <span class='ocrx_word' id='word_1_231' title='bbox 3230 1814 3332 1851; x_wconf 83' lang='lat' dir='ltr'><strong>non</strong></span> <span class='ocrx_word' id='word_1_232' title='bbox 3361 1796 3597 1849; x_wconf 69' lang='lat' dir='ltr'><strong>creditisv</strong></span> 
     </span>
    </p>
   </div>
   <div class='ocr_carea' id='block_1_33' title="bbox 352 1893 1925 1962">
    <p class='ocr_par' dir='ltr' id='par_1_33' title="bbox 352 1893 1925 1962">
     <span class='ocr_line' id='line_1_33' title="bbox 352 1893 1925 1962; baseline 0 -16"><span class='ocrx_word' id='word_1_233' title='bbox 352 1893 463 1946; x_wconf 71' lang='grc' dir='ltr'><strong>ἐὰν</strong></span> <span class='ocrx_word' id='word_1_234' title='bbox 492 1893 639 1946; x_wconf 77' lang='grc' dir='ltr'>εἴπω</span> <span class='ocrx_word' id='word_1_235' title='bbox 684 1893 827 1961; x_wconf 78' lang='grc' dir='ltr'><strong>ὑμῖν</strong></span> <span class='ocrx_word' id='word_1_236' title='bbox 868 1894 938 1947; x_wconf 84' lang='grc' dir='ltr'>τὰ</span> <span class='ocrx_word' id='word_1_237' title='bbox 986 1893 1331 1962; x_wconf 79' lang='grc' dir='ltr'>ἐπουράνια,</span> <span class='ocrx_word' id='word_1_238' title='bbox 1382 1894 1782 1961; x_wconf 68' lang='lat' dir='ltr'><strong>morationes;</strong></span> <span class='ocrx_word' id='word_1_239' title='bbox 1818 1894 1925 1954; x_wconf 74' lang='lat' dir='ltr'><strong>Kal</strong></span> 
     </span>
    </p>
   </div>
   <div class='ocr_carea' id='block_1_34' title="bbox 356 1983 1929 2055">
    <p class='ocr_par' dir='ltr' id='par_1_34' title="bbox 356 1983 1929 2055">
     <span class='ocr_line' id='line_1_34' title="bbox 356 1983 1929 2055; baseline 0.001 -19"><span class='ocrx_word' id='word_1_240' title='bbox 356 1983 557 2050; x_wconf 78' lang='grc' dir='ltr'>οὐδεὶς</span> <span class='ocrx_word' id='word_1_241' title='bbox 595 1984 962 2051; x_wconf 79' lang='grc' dir='ltr'>ἀναϐέϐηκεν</span> <span class='ocrx_word' id='word_1_242' title='bbox 1000 1987 1084 2051; x_wconf 80' lang='grc' dir='ltr'>εὶς</span> <span class='ocrx_word' id='word_1_243' title='bbox 1120 1984 1225 2039; x_wconf 82' lang='grc' dir='ltr'><strong>τὸν</strong></span> <span class='ocrx_word' id='word_1_244' title='bbox 1268 1986 1551 2054; x_wconf 78' lang='grc' dir='ltr'>οὐρανὸν,</span> <span class='ocrx_word' id='word_1_245' title='bbox 1589 1988 1642 2039; x_wconf 80' lang='grc' dir='ltr'>εὶ</span> <span class='ocrx_word' id='word_1_246' title='bbox 1686 1985 1773 2055; x_wconf 84' lang='grc' dir='ltr'>μὴ</span> <span class='ocrx_word' id='word_1_247' title='bbox 1809 1985 1929 2039; x_wconf 65' lang='lat' dir='ltr'><strong>dive</strong></span> 
     </span>
    </p>
   </div>
   <div class='ocr_carea' id='block_1_35' title="bbox 357 2074 1934 2144">
    <p class='ocr_par' dir='ltr' id='par_1_35' title="bbox 357 2074 1934 2144">
     <span class='ocr_line' id='line_1_35' title="bbox 357 2074 1934 2144; baseline 0.003 -19"><span class='ocrx_word' id='word_1_248' title='bbox 357 2074 465 2127; x_wconf 83' lang='grc' dir='ltr'><strong>τσῦ</strong></span> <span class='ocrx_word' id='word_1_249' title='bbox 498 2074 758 2143; x_wconf 79' lang='grc' dir='ltr'>οὐρανοῦ</span> <span class='ocrx_word' id='word_1_250' title='bbox 787 2076 1066 2142; x_wconf 83' lang='grc' dir='ltr'>καταϐὰς,</span> <span class='ocrx_word' id='word_1_251' title='bbox 1102 2078 1135 2131; x_wconf 85' lang='grc' dir='ltr'><strong>ό</strong></span> <span class='ocrx_word' id='word_1_252' title='bbox 1174 2078 1217 2129; x_wconf 88' lang='grc' dir='ltr'><em>Υ</em></span> <span class='ocrx_word' id='word_1_253' title='bbox 1215 2076 1301 2142; x_wconf 73' lang='grc' dir='ltr'><strong>ἰὸς</strong></span> <span class='ocrx_word' id='word_1_254' title='bbox 1320 2077 1427 2132; x_wconf 81' lang='grc' dir='ltr'><strong>τοῦ</strong></span> <span class='ocrx_word' id='word_1_255' title='bbox 1455 2077 1771 2144; x_wconf 81' lang='grc' dir='ltr'>ἀνθρώπου</span> <span class='ocrx_word' id='word_1_256' title='bbox 1795 2078 1828 2130; x_wconf 85' lang='grc' dir='ltr'><em>ὁ</em></span> <span class='ocrx_word' id='word_1_257' title='bbox 1846 2075 1934 2130; x_wconf 85' lang='grc' dir='ltr'><strong>ὢν</strong></span> 
     </span>
    </p>
   </div>
   <div class='ocr_carea' id='block_1_36' title="bbox 356 2164 805 2235">
    <p class='ocr_par' dir='ltr' id='par_1_36' title="bbox 356 2164 805 2235">
     <span class='ocr_line' id='line_1_36' title="bbox 356 2164 805 2235; baseline 0.002 -15"><span class='ocrx_word' id='word_1_258' title='bbox 356 2166 431 2220; x_wconf 78' lang='grc' dir='ltr'><strong>ἐν</strong></span> <span class='ocrx_word' id='word_1_259' title='bbox 451 2164 530 2231; x_wconf 82' lang='grc' dir='ltr'>τῷ</span> <span class='ocrx_word' id='word_1_260' title='bbox 549 2167 805 2235; x_wconf 75' lang='grc' dir='ltr'>οὐραγῷ.</span> 
     </span>
    </p>
   </div>
   <div class='ocr_carea' id='block_1_37' title="bbox 430 2255 1933 2331">
    <p class='ocr_par' dir='ltr' id='par_1_37' title="bbox 430 2255 1933 2331">
     <span class='ocr_line' id='line_1_37' title="bbox 430 2255 1933 2331; baseline 0.003 -21"><span class='ocrx_word' id='word_1_261' title='bbox 430 2255 698 2328; x_wconf 82' lang='grc' dir='ltr'>Μάθημα,</span> <span class='ocrx_word' id='word_1_262' title='bbox 750 2257 937 2328; x_wconf 79' lang='grc' dir='ltr'>φησὶν,</span> <span class='ocrx_word' id='word_1_263' title='bbox 980 2258 1078 2329; x_wconf 78' lang='grc' dir='ltr'>τὴν</span> <span class='ocrx_word' id='word_1_264' title='bbox 1125 2258 1433 2331; x_wconf 85' lang='grc' dir='ltr'>ἀνθρώποις</span> <span class='ocrx_word' id='word_1_265' title='bbox 1474 2258 1794 2330; x_wconf 85' lang='grc' dir='ltr'>πρέπουσαν</span> <span class='ocrx_word' id='word_1_266' title='bbox 1830 2260 1933 2314; x_wconf 70' lang='grc' dir='ltr'><strong>οὐκ</strong></span> 
     </span>
    </p>
   </div>
   <div class='ocr_carea' id='block_1_38' title="bbox 358 2348 1930 2422">
    <p class='ocr_par' dir='ltr' id='par_1_38' title="bbox 358 2348 1930 2422">
     <span class='ocr_line' id='line_1_38' title="bbox 358 2348 1930 2422; baseline 0.001 -19"><span class='ocrx_word' id='word_1_267' title='bbox 358 2348 648 2403; x_wconf 78' lang='grc' dir='ltr'>ἀναϐαῖνον</span> <span class='ocrx_word' id='word_1_268' title='bbox 704 2348 939 2413; x_wconf 85' lang='grc' dir='ltr'>σύνεσιν,</span> <span class='ocrx_word' id='word_1_269' title='bbox 978 2351 1037 2416; x_wconf 77' lang='grc' dir='ltr'>ἐξ</span> <span class='ocrx_word' id='word_1_270' title='bbox 1090 2351 1331 2422; x_wconf 80' lang='grc' dir='ltr'>ἀμέτρου</span> <span class='ocrx_word' id='word_1_271' title='bbox 1374 2352 1562 2405; x_wconf 83' lang='grc' dir='ltr'>λοιπὸν</span> <span class='ocrx_word' id='word_1_272' title='bbox 1621 2351 1843 2420; x_wconf 86' lang='grc' dir='ltr'>ἀλογίας</span> <span class='ocrx_word' id='word_1_273' title='bbox 1869 2352 1930 2404; x_wconf 80' lang='grc' dir='ltr'><strong>οὐ</strong></span> 
     </span>
    </p>
   </div>
   <div class='ocr_carea' id='block_1_39' title="bbox 358 2440 1932 2515">
    <p class='ocr_par' dir='ltr' id='par_1_39' title="bbox 358 2440 1932 2515">
     <span class='ocr_line' id='line_1_39' title="bbox 358 2440 1932 2515; baseline 0.005 -25"><span class='ocrx_word' id='word_1_274' title='bbox 358 2440 746 2509; x_wconf 84' lang='grc' dir='ltr'>παρεδέξασθε,</span> <span class='ocrx_word' id='word_1_275' title='bbox 771 2442 863 2495; x_wconf 79' lang='grc' dir='ltr'><strong>καὶ</strong></span> <span class='ocrx_word' id='word_1_276' title='bbox 887 2442 1003 2506; x_wconf 84' lang='grc' dir='ltr'><strong>πῶς</strong></span> <span class='ocrx_word' id='word_1_277' title='bbox 1025 2443 1091 2496; x_wconf 82' lang='grc' dir='ltr'><strong>ἂν</strong></span> <span class='ocrx_word' id='word_1_278' title='bbox 1126 2443 1254 2512; x_wconf 81' lang='grc' dir='ltr'>ὑμῖν</span> <span class='ocrx_word' id='word_1_279' title='bbox 1295 2444 1672 2515; x_wconf 79' lang='grc' dir='ltr'>έξηγησαίμην</span> <span class='ocrx_word' id='word_1_280' title='bbox 1696 2444 1765 2497; x_wconf 84' lang='grc' dir='ltr'><strong>τὰ</strong></span> <span class='ocrx_word' id='word_1_281' title='bbox 1790 2443 1932 2498; x_wconf 87' lang='grc' dir='ltr'>θειό-</span> 
     </span>
    </p>
   </div>
   <div class='ocr_carea' id='block_1_40' title="bbox 360 2533 1931 2606">
    <p class='ocr_par' dir='ltr' id='par_1_40' title="bbox 360 2533 1931 2606">
     <span class='ocr_line' id='line_1_40' title="bbox 360 2533 1931 2606; baseline 0.004 -24"><span class='ocrx_word' id='word_1_282' title='bbox 360 2548 535 2602; x_wconf 82' lang='grc' dir='ltr'>τερα;</span> <span class='ocrx_word' id='word_1_283' title='bbox 571 2533 632 2585; x_wconf 80' lang='lat' dir='ltr'><strong>Ol</strong></span> <span class='ocrx_word' id='word_1_284' title='bbox 654 2533 711 2586; x_wconf 86' lang='grc' dir='ltr'>δὲ</span> <span class='ocrx_word' id='word_1_285' title='bbox 735 2535 793 2586; x_wconf 82' lang='grc' dir='ltr'><strong>ὲν</strong></span> <span class='ocrx_word' id='word_1_286' title='bbox 825 2536 938 2597; x_wconf 86' lang='grc' dir='ltr'>τοῖς</span> <span class='ocrx_word' id='word_1_287' title='bbox 986 2533 1107 2587; x_wconf 82' lang='grc' dir='ltr'>καθ’</span> <span class='ocrx_word' id='word_1_288' title='bbox 1131 2536 1359 2598; x_wconf 76' lang='grc' dir='ltr'>ἑαυτοὺς</span> <span class='ocrx_word' id='word_1_289' title='bbox 1392 2536 1776 2606; x_wconf 83' lang='grc' dir='ltr'>ἀμαθέστατοι,</span> <span class='ocrx_word' id='word_1_290' title='bbox 1817 2535 1931 2599; x_wconf 85' lang='grc' dir='ltr'><strong>πῶς</strong></span> 
     </span>
    </p>
   </div>
   <div class='ocr_carea' id='block_1_41' title="bbox 360 2619 1936 2698">
    <p class='ocr_par' dir='ltr' id='par_1_41' title="bbox 360 2619 1936 2698">
     <span class='ocr_line' id='line_1_41' title="bbox 360 2619 1936 2698; baseline 0.004 -24"><span class='ocrx_word' id='word_1_291' title='bbox 360 2622 430 2675; x_wconf 76' lang='grc' dir='ltr'><strong>ἂν</strong></span> <span class='ocrx_word' id='word_1_292' title='bbox 459 2619 567 2675; x_wconf 81' lang='grc' dir='ltr'>εἷεν</span> <span class='ocrx_word' id='word_1_293' title='bbox 594 2625 651 2675; x_wconf 83' lang='grc' dir='ltr'>ὲν</span> <span class='ocrx_word' id='word_1_294' title='bbox 680 2626 793 2688; x_wconf 87' lang='grc' dir='ltr'>τοῖς</span> <span class='ocrx_word' id='word_1_295' title='bbox 840 2625 1196 2698; x_wconf 82' lang='grc' dir='ltr'>ὑπεραίρουσι</span> <span class='ocrx_word' id='word_1_296' title='bbox 1247 2626 1400 2696; x_wconf 80' lang='grc' dir='ltr'>σοφοί</span> <span class='ocrx_word' id='word_1_297' title='bbox 1427 2643 1442 2692; x_wconf 89' lang='grc'>;</span> <span class='ocrx_word' id='word_1_298' title='bbox 1482 2627 1592 2679; x_wconf 72' lang='grc' dir='ltr'>Καὶ</span> <span class='ocrx_word' id='word_1_299' title='bbox 1623 2628 1672 2679; x_wconf 80' lang='lat' dir='ltr'><strong>oi</strong></span> <span class='ocrx_word' id='word_1_300' title='bbox 1703 2628 1839 2697; x_wconf 83' lang='grc' dir='ltr'>πρὸς</span> <span class='ocrx_word' id='word_1_301' title='bbox 1874 2626 1936 2680; x_wconf 76' lang='grc' dir='ltr'><strong>τὸ</strong></span> 
     </span>
    </p>
   </div>
   <div class='ocr_carea' id='block_1_42' title="bbox 360 2714 1936 2789">
    <p class='ocr_par' dir='ltr' id='par_1_42' title="bbox 360 2714 1936 2789">
     <span class='ocr_line' id='line_1_42' title="bbox 360 2714 1936 2789; baseline 0.005 -25"><span class='ocrx_word' id='word_1_302' title='bbox 360 2714 579 2766; x_wconf 68' lang='grc' dir='ltr'>ἔλαττον</span> <span class='ocrx_word' id='word_1_303' title='bbox 607 2715 989 2784; x_wconf 80' lang='grc' dir='ltr'>ἀτονήσαντες,</span> <span class='ocrx_word' id='word_1_304' title='bbox 1042 2717 1160 2779; x_wconf 84' lang='grc' dir='ltr'><strong>πῶς</strong></span> <span class='ocrx_word' id='word_1_305' title='bbox 1178 2718 1279 2771; x_wconf 83' lang='grc' dir='ltr'><strong>οὐκ</strong></span> <span class='ocrx_word' id='word_1_306' title='bbox 1304 2717 1370 2771; x_wconf 83' lang='grc' dir='ltr'><strong>ἂν</strong></span> <span class='ocrx_word' id='word_1_307' title='bbox 1415 2717 1590 2788; x_wconf 81' lang='grc' dir='ltr'>ἔχοιεν</span> <span class='ocrx_word' id='word_1_308' title='bbox 1640 2718 1700 2771; x_wconf 79' lang='grc' dir='ltr'>τὸ</span> <span class='ocrx_word' id='word_1_309' title='bbox 1754 2720 1936 2789; x_wconf 77' lang='grc' dir='ltr'>μεῖξον</span> 
     </span>
    </p>
   </div>
   <div class='ocr_carea' id='block_1_43' title="bbox 360 2802 1935 2879">
    <p class='ocr_par' dir='ltr' id='par_1_43' title="bbox 360 2802 1935 2879">
     <span class='ocr_line' id='line_1_43' title="bbox 360 2802 1935 2879; baseline 0.005 -25"><span class='ocrx_word' id='word_1_310' title='bbox 360 2802 666 2874; x_wconf 61' lang='grc' dir='ltr'>ἁψόρητονς</span> <span class='ocrx_word' id='word_1_311' title='bbox 710 2806 819 2859; x_wconf 81' lang='grc' dir='ltr'>Καὶ</span> <span class='ocrx_word' id='word_1_312' title='bbox 871 2809 920 2860; x_wconf 75' lang='grc' dir='ltr'>εἰ</span> <span class='ocrx_word' id='word_1_313' title='bbox 975 2807 1047 2878; x_wconf 83' lang='grc' dir='ltr'>μὴ</span> <span class='ocrx_word' id='word_1_314' title='bbox 1080 2808 1247 2878; x_wconf 83' lang='grc' dir='ltr'>μόνῳ,</span> <span class='ocrx_word' id='word_1_315' title='bbox 1284 2809 1471 2879; x_wconf 74' lang='grc' dir='ltr'>φησὶν,</span> <span class='ocrx_word' id='word_1_316' title='bbox 1504 2809 1628 2879; x_wconf 71' lang='grc' dir='ltr'>ἐμοὶ</span> <span class='ocrx_word' id='word_1_317' title='bbox 1650 2808 1935 2862; x_wconf 79' lang='grc' dir='ltr'>πιστεύετε</span> 
     </span>
    </p>
   </div>
   <div class='ocr_carea' id='block_1_44' title="bbox 360 2892 1938 2970">
    <p class='ocr_par' dir='ltr' id='par_1_44' title="bbox 360 2892 1938 2970">
     <span class='ocr_line' id='line_1_44' title="bbox 360 2892 1938 2970; baseline 0.006 -27"><span class='ocrx_word' id='word_1_318' title='bbox 360 2892 592 2961; x_wconf 77' lang='grc' dir='ltr'>λέγοντι,</span> <span class='ocrx_word' id='word_1_319' title='bbox 616 2894 841 2959; x_wconf 81' lang='grc' dir='ltr'>πολλοὺς</span> <span class='ocrx_word' id='word_1_320' title='bbox 868 2896 923 2950; x_wconf 83' lang='grc' dir='ltr'>δὲ</span> <span class='ocrx_word' id='word_1_321' title='bbox 948 2898 1033 2965; x_wconf 78' lang='grc' dir='ltr'><strong>ἐφ’</strong></span> <span class='ocrx_word' id='word_1_322' title='bbox 1063 2898 1275 2969; x_wconf 80' lang='grc' dir='ltr'>έκάστῳ</span> <span class='ocrx_word' id='word_1_323' title='bbox 1313 2899 1523 2970; x_wconf 78' lang='grc' dir='ltr'>ζητεῖτε</span> <span class='ocrx_word' id='word_1_324' title='bbox 1562 2901 1688 2963; x_wconf 81' lang='grc' dir='ltr'>τοὺς</span> <span class='ocrx_word' id='word_1_325' title='bbox 1736 2900 1938 2970; x_wconf 82' lang='grc' dir='ltr'>μάρτυ-</span> 
     </span>
    </p>
   </div>
   <div class='ocr_carea' id='block_1_45' title="bbox 365 2987 1936 3063">
    <p class='ocr_par' dir='ltr' id='par_1_45' title="bbox 365 2987 1936 3063">
     <span class='ocr_line' id='line_1_45' title="bbox 365 2987 1936 3063; baseline 0.004 -26"><span class='ocrx_word' id='word_1_326' title='bbox 365 3002 487 3053; x_wconf 76' lang='grc' dir='ltr'>ρας,</span> <span class='ocrx_word' id='word_1_327' title='bbox 521 2987 643 3039; x_wconf 86' lang='grc' dir='ltr'>τίνα</span> <span class='ocrx_word' id='word_1_328' title='bbox 685 2988 935 3061; x_wconf 71' lang='grc' dir='ltr'>παροίσω</span> <span class='ocrx_word' id='word_1_329' title='bbox 979 2988 1086 3060; x_wconf 58' lang='lat' dir='ltr'><strong>[Ion</strong></span> <span class='ocrx_word' id='word_1_330' title='bbox 1134 2990 1476 3062; x_wconf 80' lang='grc' dir='ltr'>παροίσοιμι]</span> <span class='ocrx_word' id='word_1_331' title='bbox 1516 2990 1625 3044; x_wconf 87' lang='grc' dir='ltr'><strong>τῶν</strong></span> <span class='ocrx_word' id='word_1_332' title='bbox 1672 2992 1936 3063; x_wconf 76' lang='grc' dir='ltr'>οὐρανίων</span> 
     </span>
    </p>
   </div>
   <div class='ocr_carea' id='block_1_46' title="bbox 362 3078 1935 3151">
    <p class='ocr_par' dir='ltr' id='par_1_46' title="bbox 362 3078 1935 3151">
     <span class='ocr_line' id='line_1_46' title="bbox 362 3078 1935 3151; baseline 0.004 -24"><span class='ocrx_word' id='word_1_333' title='bbox 362 3078 492 3145; x_wconf 75' lang='grc' dir='ltr'>ὑμῖν</span> <span class='ocrx_word' id='word_1_334' title='bbox 517 3078 829 3147; x_wconf 84' lang='grc' dir='ltr'>μυστηρίων</span> <span class='ocrx_word' id='word_1_335' title='bbox 851 3078 941 3131; x_wconf 84' lang='grc' dir='ltr'><strong>τὸν</strong></span> <span class='ocrx_word' id='word_1_336' title='bbox 958 3078 1190 3150; x_wconf 86' lang='grc' dir='ltr'>θεωρόν;</span> <span class='ocrx_word' id='word_1_337' title='bbox 1223 3080 1438 3142; x_wconf 67' lang='grc' dir='ltr'>(Οὐδεὶς</span> <span class='ocrx_word' id='word_1_338' title='bbox 1459 3082 1568 3151; x_wconf 76' lang='grc' dir='ltr'><strong>γὰρ</strong></span> <span class='ocrx_word' id='word_1_339' title='bbox 1595 3082 1935 3151; x_wconf 75' lang='grc' dir='ltr'>ἀναϐέϐηκεν</span> 
     </span>
    </p>
   </div>
   <div class='ocr_carea' id='block_1_47' title="bbox 2029 1886 3600 1964">
    <p class='ocr_par' dir='ltr' id='par_1_47' title="bbox 2029 1886 3600 1964">
     <span class='ocr_line' id='line_1_47' title="bbox 2029 1886 3600 1964; baseline -0.005 -17"><span class='ocrx_word' id='word_1_340' title='bbox 2029 1893 2286 1964; x_wconf 86' lang='lat' dir='ltr'><strong>quomodo</strong></span> <span class='ocrx_word' id='word_1_341' title='bbox 2312 1894 2361 1946; x_wconf 90' lang='lat' dir='ltr'><strong>si</strong></span> <span class='ocrx_word' id='word_1_342' title='bbox 2396 1892 2582 1947; x_wconf 70' lang='lat' dir='ltr'><strong>dixero</strong></span> <span class='ocrx_word' id='word_1_343' title='bbox 2605 1892 2750 1947; x_wconf 80' lang='lat' dir='ltr'><strong>vobis</strong></span> <span class='ocrx_word' id='word_1_344' title='bbox 2780 1891 3029 1954; x_wconf 74' lang='lat' dir='ltr'><strong>cwlestia,</strong></span> <span class='ocrx_word' id='word_1_345' title='bbox 3060 1889 3322 1943; x_wconf 74' lang='lat' dir='ltr'><strong>credetis?</strong></span> <span class='ocrx_word' id='word_1_346' title='bbox 3354 1886 3420 1940; x_wconf 85' lang='lat' dir='ltr'><strong>Et</strong></span> <span class='ocrx_word' id='word_1_347' title='bbox 3452 1902 3600 1940; x_wconf 81' lang='lat' dir='ltr'><strong>nemo</strong></span> 
     </span>
    </p>
   </div>
   <div class='ocr_carea' id='block_1_48' title="bbox 2031 1977 3600 2052">
    <p class='ocr_par' dir='ltr' id='par_1_48' title="bbox 2031 1977 3600 2052">
     <span class='ocr_line' id='line_1_48' title="bbox 2031 1977 3600 2052; baseline -0.004 -14"><span class='ocrx_word' id='word_1_348' title='bbox 2031 1986 2265 2038; x_wconf 85' lang='lat' dir='ltr'><strong>ascendit</strong></span> <span class='ocrx_word' id='word_1_349' title='bbox 2290 1985 2344 2038; x_wconf 87' lang='lat' dir='ltr'><strong>in</strong></span> <span class='ocrx_word' id='word_1_350' title='bbox 2379 1984 2585 2048; x_wconf 76' lang='lat' dir='ltr'><strong>caelum,</strong></span> <span class='ocrx_word' id='word_1_351' title='bbox 2620 1984 2725 2037; x_wconf 85' lang='lat' dir='ltr'><strong>nisi</strong></span> <span class='ocrx_word' id='word_1_352' title='bbox 2751 1984 2840 2052; x_wconf 82' lang='lat' dir='ltr'><strong>qui</strong></span> <span class='ocrx_word' id='word_1_353' title='bbox 2872 1980 3137 2037; x_wconf 76' lang='lat' dir='ltr'><strong>descendit</strong></span> <span class='ocrx_word' id='word_1_354' title='bbox 3169 1979 3232 2034; x_wconf 88' lang='lat' dir='ltr'><strong>de</strong></span> <span class='ocrx_word' id='word_1_355' title='bbox 3252 1980 3401 2040; x_wconf 83' lang='lat' dir='ltr'><strong>coelo,</strong></span> <span class='ocrx_word' id='word_1_356' title='bbox 3428 1977 3473 2030; x_wconf 84' lang='lat' dir='ltr'><strong><em>F</em></strong></span> <span class='ocrx_word' id='word_1_357' title='bbox 3478 1980 3600 2032; x_wconf 78' lang='lat' dir='ltr'><strong>ilius</strong></span> 
     </span>
    </p>
   </div>
   <div class='ocr_carea' id='block_1_49' title="bbox 2030 2075 2743 2147">
    <p class='ocr_par' dir='ltr' id='par_1_49' title="bbox 2030 2075 2743 2147">
     <span class='ocr_line' id='line_1_49' title="bbox 2030 2075 2743 2147; baseline 0 -18"><span class='ocrx_word' id='word_1_358' title='bbox 2030 2077 2261 2131; x_wconf 77' lang='lat' dir='ltr'><strong>hominis</strong></span> <span class='ocrx_word' id='word_1_359' title='bbox 2288 2077 2377 2147; x_wconf 87' lang='lat' dir='ltr'><strong>qui</strong></span> <span class='ocrx_word' id='word_1_360' title='bbox 2401 2086 2478 2130; x_wconf 86' lang='lat' dir='ltr'><strong>est</strong></span> <span class='ocrx_word' id='word_1_361' title='bbox 2508 2077 2562 2130; x_wconf 86' lang='lat' dir='ltr'><strong>in</strong></span> <span class='ocrx_word' id='word_1_362' title='bbox 2594 2075 2743 2130; x_wconf 68' lang='lat' dir='ltr'><strong>calo.</strong></span> 
     </span>
    </p>
   </div>
   <div class='ocr_carea' id='block_1_50' title="bbox 2106 2259 3602 2332">
    <p class='ocr_par' dir='ltr' id='par_1_50' title="bbox 2106 2259 3602 2332">
     <span class='ocr_line' id='line_1_50' title="bbox 2106 2259 3602 2332; baseline -0.009 -13"><span class='ocrx_word' id='word_1_363' title='bbox 2106 2264 2440 2326; x_wconf 88' lang='lat' dir='ltr'><strong>Doctrinam,</strong></span> <span class='ocrx_word' id='word_1_364' title='bbox 2476 2259 2674 2332; x_wconf 87' lang='lat' dir='ltr'><strong>inquit,</strong></span> <span class='ocrx_word' id='word_1_365' title='bbox 2718 2259 3002 2314; x_wconf 84' lang='lat' dir='ltr'><strong>hominum</strong></span> <span class='ocrx_word' id='word_1_366' title='bbox 3035 2265 3255 2327; x_wconf 88' lang='lat' dir='ltr'><strong>captum</strong></span> <span class='ocrx_word' id='word_1_367' title='bbox 3292 2270 3401 2309; x_wconf 92' lang='lat' dir='ltr'><strong>non</strong></span> <span class='ocrx_word' id='word_1_368' title='bbox 3442 2269 3602 2308; x_wconf 76' lang='lat' dir='ltr'><strong>exce-</strong></span> 
     </span>
    </p>
   </div>
   <div class='ocr_carea' id='block_1_51' title="bbox 2033 2348 3603 2426">
    <p class='ocr_par' dir='ltr' id='par_1_51' title="bbox 2033 2348 3603 2426">
     <span class='ocr_line' id='line_1_51' title="bbox 2033 2348 3603 2426; baseline -0.01 -12"><span class='ocrx_word' id='word_1_369' title='bbox 2033 2358 2253 2414; x_wconf 87' lang='lat' dir='ltr'><strong>dentem</strong></span> <span class='ocrx_word' id='word_1_370' title='bbox 2295 2372 2408 2426; x_wconf 67' lang='lat' dir='ltr'><strong>pta:</strong></span> <span class='ocrx_word' id='word_1_371' title='bbox 2453 2353 2679 2409; x_wconf 88' lang='lat' dir='ltr'><strong>immani</strong></span> <span class='ocrx_word' id='word_1_372' title='bbox 2730 2361 2955 2422; x_wconf 86' lang='lat' dir='ltr'><strong>stupore</strong></span> <span class='ocrx_word' id='word_1_373' title='bbox 3001 2365 3109 2405; x_wconf 89' lang='lat' dir='ltr'><strong>non</strong></span> <span class='ocrx_word' id='word_1_374' title='bbox 3159 2348 3478 2419; x_wconf 88' lang='lat' dir='ltr'><strong>suscepistis</strong></span> <span class='ocrx_word' id='word_1_375' title='bbox 3508 2365 3521 2401; x_wconf 89' lang='lat'><strong>:</strong></span> <span class='ocrx_word' id='word_1_376' title='bbox 3549 2352 3603 2398; x_wconf 82' lang='lat' dir='ltr'><strong>et</strong></span> 
     </span>
    </p>
   </div>
   <div class='ocr_carea' id='block_1_52' title="bbox 2034 2436 3605 2519">
    <p class='ocr_par' dir='ltr' id='par_1_52' title="bbox 2034 2436 3605 2519">
     <span class='ocr_line' id='line_1_52' title="bbox 2034 2436 3605 2519; baseline -0.009 -16"><span class='ocrx_word' id='word_1_377' title='bbox 2034 2448 2312 2519; x_wconf 89' lang='lat' dir='ltr'><strong>quomodo</strong></span> <span class='ocrx_word' id='word_1_378' title='bbox 2372 2446 2529 2502; x_wconf 89' lang='lat' dir='ltr'><strong>vobis</strong></span> <span class='ocrx_word' id='word_1_379' title='bbox 2579 2459 2703 2516; x_wconf 59' lang='lat' dir='ltr'><strong>quae</strong></span> <span class='ocrx_word' id='word_1_380' title='bbox 2757 2443 3028 2498; x_wconf 85' lang='lat' dir='ltr'><strong>diviniora</strong></span> <span class='ocrx_word' id='word_1_381' title='bbox 3080 2449 3211 2496; x_wconf 80' lang='lat' dir='ltr'><strong>sunt</strong></span> <span class='ocrx_word' id='word_1_382' title='bbox 3265 2436 3605 2509; x_wconf 79' lang='lat' dir='ltr'><strong>exposuero?</strong></span> 
     </span>
    </p>
   </div>
   <div class='ocr_carea' id='block_1_53' title="bbox 2037 2526 3603 2606">
    <p class='ocr_par' dir='ltr' id='par_1_53' title="bbox 2037 2526 3603 2606">
     <span class='ocr_line' id='line_1_53' title="bbox 2037 2526 3603 2606; baseline -0.008 -14"><span class='ocrx_word' id='word_1_383' title='bbox 2037 2538 2140 2606; x_wconf 87' lang='lat' dir='ltr'><strong>Qui</strong></span> <span class='ocrx_word' id='word_1_384' title='bbox 2177 2538 2229 2591; x_wconf 88' lang='lat' dir='ltr'><strong>in</strong></span> <span class='ocrx_word' id='word_1_385' title='bbox 2282 2536 2399 2593; x_wconf 88' lang='lat' dir='ltr'><strong>suis</strong></span> <span class='ocrx_word' id='word_1_386' title='bbox 2444 2536 2609 2590; x_wconf 89' lang='lat' dir='ltr'><strong>rebus</strong></span> <span class='ocrx_word' id='word_1_387' title='bbox 2658 2540 2787 2590; x_wconf 85' lang='lat' dir='ltr'><strong>sunt</strong></span> <span class='ocrx_word' id='word_1_388' title='bbox 2826 2531 3198 2603; x_wconf 88' lang='lat' dir='ltr'><strong>ignarissimi,</strong></span> <span class='ocrx_word' id='word_1_389' title='bbox 3237 2526 3512 2598; x_wconf 86' lang='lat' dir='ltr'><strong>quomodo</strong></span> <span class='ocrx_word' id='word_1_390' title='bbox 3548 2526 3603 2579; x_wconf 89' lang='lat' dir='ltr'><strong>in</strong></span> 
     </span>
    </p>
   </div>
   <div class='ocr_carea' id='block_1_54' title="bbox 2033 2616 3603 2697">
    <p class='ocr_par' dir='ltr' id='par_1_54' title="bbox 2033 2616 3603 2697">
     <span class='ocr_line' id='line_1_54' title="bbox 2033 2616 3603 2697; baseline -0.012 -10"><span class='ocrx_word' id='word_1_391' title='bbox 2033 2629 2454 2688; x_wconf 88' lang='lat' dir='ltr'><strong>sublimioribus</strong></span> <span class='ocrx_word' id='word_1_392' title='bbox 2486 2626 2732 2697; x_wconf 73' lang='lat' dir='ltr'><strong>sapient?</strong></span> <span class='ocrx_word' id='word_1_393' title='bbox 2762 2633 2817 2681; x_wconf 89' lang='lat' dir='ltr'><strong>et</strong></span> <span class='ocrx_word' id='word_1_394' title='bbox 2845 2624 2938 2693; x_wconf 90' lang='lat' dir='ltr'><strong>qui</strong></span> <span class='ocrx_word' id='word_1_395' title='bbox 2972 2622 3027 2676; x_wconf 92' lang='lat' dir='ltr'><strong>in</strong></span> <span class='ocrx_word' id='word_1_396' title='bbox 3057 2621 3206 2675; x_wconf 91' lang='lat' dir='ltr'><strong>tenui</strong></span> <span class='ocrx_word' id='word_1_397' title='bbox 3238 2616 3603 2678; x_wconf 84' lang='lat' dir='ltr'><strong>redeticiunt,</strong></span> 
     </span>
    </p>
   </div>
   <div class='ocr_carea' id='block_1_55' title="bbox 2036 2706 3603 2792">
    <p class='ocr_par' dir='ltr' id='par_1_55' title="bbox 2036 2706 3603 2792">
     <span class='ocr_line' id='line_1_55' title="bbox 2036 2706 3603 2792; baseline -0.011 -15"><span class='ocrx_word' id='word_1_398' title='bbox 2036 2720 2311 2792; x_wconf 91' lang='lat' dir='ltr'><strong>quomodo</strong></span> <span class='ocrx_word' id='word_1_399' title='bbox 2339 2719 2602 2787; x_wconf 88' lang='lat' dir='ltr'><strong>majorem</strong></span> <span class='ocrx_word' id='word_1_400' title='bbox 2643 2716 2788 2771; x_wconf 81' lang='lat' dir='ltr'><strong>ferre</strong></span> <span class='ocrx_word' id='word_1_401' title='bbox 2836 2712 3128 2783; x_wconf 86' lang='lat' dir='ltr'><strong>poterunt?</strong></span> <span class='ocrx_word' id='word_1_402' title='bbox 3159 2708 3277 2764; x_wconf 88' lang='lat' dir='ltr'><strong>Jam</strong></span> <span class='ocrx_word' id='word_1_403' title='bbox 3321 2708 3424 2763; x_wconf 91' lang='lat' dir='ltr'><strong>nisi</strong></span> <span class='ocrx_word' id='word_1_404' title='bbox 3470 2706 3603 2765; x_wconf 87' lang='lat' dir='ltr'><strong>mihi</strong></span> 
     </span>
    </p>
   </div>
   <div class='ocr_carea' id='block_1_56' title="bbox 2039 2798 3607 2877">
    <p class='ocr_par' dir='ltr' id='par_1_56' title="bbox 2039 2798 3607 2877">
     <span class='ocr_line' id='line_1_56' title="bbox 2039 2798 3607 2877; baseline -0.011 -8"><span class='ocrx_word' id='word_1_405' title='bbox 2039 2813 2132 2869; x_wconf 88' lang='lat' dir='ltr'><strong>uni</strong></span> <span class='ocrx_word' id='word_1_406' title='bbox 2164 2812 2367 2867; x_wconf 90' lang='lat' dir='ltr'><strong>dicenti</strong></span> <span class='ocrx_word' id='word_1_407' title='bbox 2394 2809 2646 2874; x_wconf 87' lang='lat' dir='ltr'><strong>creditis,</strong></span> <span class='ocrx_word' id='word_1_408' title='bbox 2677 2809 2855 2877; x_wconf 90' lang='lat' dir='ltr'><strong>inquit</strong></span> <span class='ocrx_word' id='word_1_409' title='bbox 2877 2850 2889 2868; x_wconf 85' lang='grc'><strong>,</strong></span> <span class='ocrx_word' id='word_1_410' title='bbox 2922 2805 3016 2861; x_wconf 90' lang='lat' dir='ltr'><strong>sed</strong></span> <span class='ocrx_word' id='word_1_411' title='bbox 3057 2804 3110 2857; x_wconf 90' lang='lat' dir='ltr'><strong>in</strong></span> <span class='ocrx_word' id='word_1_412' title='bbox 3141 2800 3373 2871; x_wconf 85' lang='lat' dir='ltr'><strong>singulis</strong></span> <span class='ocrx_word' id='word_1_413' title='bbox 3404 2798 3607 2852; x_wconf 82' lang='lat' dir='ltr'><strong>multos</strong></span> 
     </span>
    </p>
   </div>
   <div class='ocr_carea' id='block_1_57' title="bbox 2038 2883 3605 2969">
    <p class='ocr_par' dir='ltr' id='par_1_57' title="bbox 2038 2883 3605 2969">
     <span class='ocr_line' id='line_1_57' title="bbox 2038 2883 3605 2969; baseline -0.013 -13"><span class='ocrx_word' id='word_1_414' title='bbox 2038 2911 2206 2958; x_wconf 78' lang='lat' dir='ltr'><strong>teStes</strong></span> <span class='ocrx_word' id='word_1_415' title='bbox 2270 2900 2514 2969; x_wconf 78' lang='lat' dir='ltr'><strong>exigitis,</strong></span> <span class='ocrx_word' id='word_1_416' title='bbox 2561 2911 2723 2967; x_wconf 89' lang='lat' dir='ltr'><strong>quem</strong></span> <span class='ocrx_word' id='word_1_417' title='bbox 2774 2894 2930 2948; x_wconf 82' lang='lat' dir='ltr'><strong>vobis</strong></span> <span class='ocrx_word' id='word_1_418' title='bbox 2980 2888 3250 2961; x_wconf 80' lang='lat' dir='ltr'><strong>proferam</strong></span> <span class='ocrx_word' id='word_1_419' title='bbox 3299 2883 3605 2940; x_wconf 63' lang='lat' dir='ltr'><strong>caelestium</strong></span> 
     </span>
    </p>
   </div>
   <div class='ocr_carea' id='block_1_58' title="bbox 2038 2974 3609 3066">
    <p class='ocr_par' dir='ltr' id='par_1_58' title="bbox 2038 2974 3609 3066">
     <span class='ocr_line' id='line_1_58' title="bbox 2038 2974 3609 3066; baseline -0.015 -17"><span class='ocrx_word' id='word_1_420' title='bbox 2038 2992 2423 3066; x_wconf 87' lang='lat' dir='ltr'><strong>mysteriorum</strong></span> <span class='ocrx_word' id='word_1_421' title='bbox 2478 2984 2888 3059; x_wconf 89' lang='lat' dir='ltr'><strong>spectatorem?</strong></span> <span class='ocrx_word' id='word_1_422' title='bbox 2920 3001 2939 3033; x_wconf 83' lang='grc' dir='ltr'><strong>ι</strong></span> <span class='ocrx_word' id='word_1_423' title='bbox 2980 2981 3151 3036; x_wconf 86' lang='lat' dir='ltr'><strong>Nemo</strong></span> <span class='ocrx_word' id='word_1_424' title='bbox 3175 2979 3318 3033; x_wconf 89' lang='lat' dir='ltr'><strong>enim</strong></span> <span class='ocrx_word' id='word_1_425' title='bbox 3361 2974 3609 3030; x_wconf 85' lang='lat' dir='ltr'><strong>ascendit</strong></span> 
     </span>
    </p>
   </div>
   <div class='ocr_carea' id='block_1_59' title="bbox 2041 3066 3606 3153">
    <p class='ocr_par' dir='ltr' id='par_1_59' title="bbox 2041 3066 3606 3153">
     <span class='ocr_line' id='line_1_59' title="bbox 2041 3066 3606 3153; baseline -0.014 -12"><span class='ocrx_word' id='word_1_426' title='bbox 2041 3088 2095 3142; x_wconf 90' lang='lat' dir='ltr'><strong>in</strong></span> <span class='ocrx_word' id='word_1_427' title='bbox 2128 3086 2353 3152; x_wconf 64' lang='lat' dir='ltr'><strong>coelum,</strong></span> <span class='ocrx_word' id='word_1_428' title='bbox 2376 3084 2483 3139; x_wconf 90' lang='lat' dir='ltr'><strong>nisi</strong></span> <span class='ocrx_word' id='word_1_429' title='bbox 2510 3081 2606 3153; x_wconf 90' lang='lat' dir='ltr'><strong>qui</strong></span> <span class='ocrx_word' id='word_1_430' title='bbox 2632 3078 2919 3135; x_wconf 90' lang='lat' dir='ltr'><strong>descendit</strong></span> <span class='ocrx_word' id='word_1_431' title='bbox 2944 3075 3012 3129; x_wconf 90' lang='lat' dir='ltr'><strong>de</strong></span> <span class='ocrx_word' id='word_1_432' title='bbox 3034 3072 3195 3135; x_wconf 61' lang='lat' dir='ltr'><strong>caelo,</strong></span> <span class='ocrx_word' id='word_1_433' title='bbox 3224 3070 3397 3124; x_wconf 87' lang='lat' dir='ltr'><strong>Filius</strong></span> <span class='ocrx_word' id='word_1_434' title='bbox 3426 3066 3606 3122; x_wconf 87' lang='lat' dir='ltr'><strong>homi-</strong></span> 
     </span>
    </p>
   </div>
   <div class='ocr_carea' id='block_1_60' title="bbox 362 3159 1938 3244">
    <p class='ocr_par' dir='ltr' id='par_1_60' title="bbox 362 3167 1938 3244">
     <span class='ocr_line' id='line_1_60' title="bbox 362 3167 1938 3244; baseline 0.005 -25"><span class='ocrx_word' id='word_1_435' title='bbox 362 3170 443 3230; x_wconf 84' lang='grc' dir='ltr'><strong>είς</strong></span> <span class='ocrx_word' id='word_1_436' title='bbox 484 3167 575 3221; x_wconf 73' lang='grc' dir='ltr'>τὸν</span> <span class='ocrx_word' id='word_1_437' title='bbox 600 3168 846 3239; x_wconf 77' lang='grc' dir='ltr'>οὐρανὸν,</span> <span class='ocrx_word' id='word_1_438' title='bbox 883 3172 930 3223; x_wconf 84' lang='grc' dir='ltr'><strong>εί</strong></span> <span class='ocrx_word' id='word_1_439' title='bbox 964 3170 1037 3241; x_wconf 84' lang='grc' dir='ltr'>μὴ</span> <span class='ocrx_word' id='word_1_440' title='bbox 1081 3172 1109 3224; x_wconf 88' lang='grc' dir='ltr'><strong>ό</strong></span> <span class='ocrx_word' id='word_1_441' title='bbox 1146 3172 1210 3224; x_wconf 77' lang='grc' dir='ltr'>ἐκ</span> <span class='ocrx_word' id='word_1_442' title='bbox 1248 3173 1342 3225; x_wconf 81' lang='grc' dir='ltr'><strong>τοῦ</strong></span> <span class='ocrx_word' id='word_1_443' title='bbox 1378 3173 1607 3244; x_wconf 77' lang='grc' dir='ltr'>οὐρανοῦ</span> <span class='ocrx_word' id='word_1_444' title='bbox 1632 3173 1938 3238; x_wconf 77' lang='grc' dir='ltr'>καταϐὰς,ό</span> 
     </span>
    </p>
   </div>
   <div class='ocr_carea' id='block_1_61' title="bbox 2040 3159 3607 3244">
    <p class='ocr_par' dir='ltr' id='par_1_61' title="bbox 2042 3159 3607 3233">
     <span class='ocr_line' id='line_1_61' title="bbox 2042 3159 3607 3233; baseline -0.014 -1"><span class='ocrx_word' id='word_1_445' title='bbox 2042 3179 2150 3233; x_wconf 91' lang='lat' dir='ltr'><strong>nis.</strong></span> <span class='ocrx_word' id='word_1_446' title='bbox 2176 3196 2195 3230; x_wconf 77' lang='grc' dir='ltr'><strong>ι</strong></span> <span class='ocrx_word' id='word_1_447' title='bbox 2229 3179 2363 3231; x_wconf 89' lang='lat' dir='ltr'><strong>Cum</strong></span> <span class='ocrx_word' id='word_1_448' title='bbox 2386 3182 2566 3229; x_wconf 87' lang='lat' dir='ltr'><strong>autem</strong></span> <span class='ocrx_word' id='word_1_449' title='bbox 2585 3170 2728 3227; x_wconf 88' lang='lat' dir='ltr'><strong>Deus</strong></span> <span class='ocrx_word' id='word_1_450' title='bbox 2748 3168 2986 3224; x_wconf 86' lang='lat' dir='ltr'><strong>Verbum</strong></span> <span class='ocrx_word' id='word_1_451' title='bbox 3001 3161 3343 3220; x_wconf 90' lang='lat' dir='ltr'><strong>descenderit</strong></span> <span class='ocrx_word' id='word_1_452' title='bbox 3359 3161 3425 3215; x_wconf 87' lang='lat' dir='ltr'><strong>de</strong></span> <span class='ocrx_word' id='word_1_453' title='bbox 3446 3159 3607 3218; x_wconf 73' lang='lat' dir='ltr'><strong>coelo,</strong></span> 
     </span>
    </p>
   </div>
   <div class='ocr_carea' id='block_1_62' title="bbox 362 3259 1940 3334">
    <p class='ocr_par' dir='ltr' id='par_1_62' title="bbox 362 3259 1940 3334">
     <span class='ocr_line' id='line_1_62' title="bbox 362 3259 1940 3334; baseline 0.003 -22"><span class='ocrx_word' id='word_1_454' title='bbox 362 3260 495 3323; x_wconf 73' lang='grc' dir='ltr'>Υἱὸς</span> <span class='ocrx_word' id='word_1_455' title='bbox 521 3259 615 3313; x_wconf 83' lang='grc' dir='ltr'><strong>τοῦ</strong></span> <span class='ocrx_word' id='word_1_456' title='bbox 641 3259 981 3333; x_wconf 75' lang='grc' dir='ltr'>ἀνθρώπου.)</span> <span class='ocrx_word' id='word_1_457' title='bbox 1016 3262 1122 3314; x_wconf 88' lang='grc' dir='ltr'>Τοῦ</span> <span class='ocrx_word' id='word_1_458' title='bbox 1146 3262 1200 3315; x_wconf 83' lang='grc' dir='ltr'><strong>δὲ</strong></span> <span class='ocrx_word' id='word_1_459' title='bbox 1222 3262 1355 3316; x_wconf 83' lang='grc' dir='ltr'>Θεοῦ</span> <span class='ocrx_word' id='word_1_460' title='bbox 1380 3263 1552 3331; x_wconf 82' lang='grc' dir='ltr'>Λόγου</span> <span class='ocrx_word' id='word_1_461' title='bbox 1577 3264 1940 3334; x_wconf 77' lang='grc' dir='ltr'>καταϐεϐηκό-</span> 
     </span>
    </p>
   </div>
   <div class='ocr_carea' id='block_1_63' title="bbox 361 3349 1939 3423">
    <p class='ocr_par' dir='ltr' id='par_1_63' title="bbox 361 3349 1939 3423">
     <span class='ocr_line' id='line_1_63' title="bbox 361 3349 1939 3423; baseline 0.001 -21"><span class='ocrx_word' id='word_1_462' title='bbox 361 3367 456 3413; x_wconf 88' lang='grc' dir='ltr'><strong>τος</strong></span> <span class='ocrx_word' id='word_1_463' title='bbox 485 3351 544 3415; x_wconf 74' lang='grc' dir='ltr'>ἐξ</span> <span class='ocrx_word' id='word_1_464' title='bbox 576 3349 828 3420; x_wconf 80' lang='grc' dir='ltr'>οὐρανοῦ,</span> <span class='ocrx_word' id='word_1_465' title='bbox 865 3350 956 3403; x_wconf 79' lang='grc' dir='ltr'><strong>τὸν</strong></span> <span class='ocrx_word' id='word_1_466' title='bbox 1003 3350 1131 3403; x_wconf 73' lang='grc' dir='ltr'>Υἱὸν</span> <span class='ocrx_word' id='word_1_467' title='bbox 1166 3351 1260 3403; x_wconf 85' lang='grc' dir='ltr'><strong>τοῦ</strong></span> <span class='ocrx_word' id='word_1_468' title='bbox 1316 3352 1604 3423; x_wconf 79' lang='grc' dir='ltr'>ἀνθρώπου</span> <span class='ocrx_word' id='word_1_469' title='bbox 1638 3352 1939 3422; x_wconf 73' lang='grc' dir='ltr'>καταϐῆναι</span> 
     </span>
    </p>
   </div>
   <div class='ocr_carea' id='block_1_64' title="bbox 368 3442 1942 3515">
    <p class='ocr_par' dir='ltr' id='par_1_64' title="bbox 368 3442 1942 3515">
     <span class='ocr_line' id='line_1_64' title="bbox 368 3442 1942 3515; baseline 0.002 -22"><span class='ocrx_word' id='word_1_470' title='bbox 368 3459 530 3510; x_wconf 75' lang='grc' dir='ltr'>φησι,</span> <span class='ocrx_word' id='word_1_471' title='bbox 568 3442 880 3512; x_wconf 72' lang='grc' dir='ltr'>δικάζεσθαι</span> <span class='ocrx_word' id='word_1_472' title='bbox 914 3442 1049 3513; x_wconf 85' lang='grc' dir='ltr'><strong>μετά</strong></span> <span class='ocrx_word' id='word_1_473' title='bbox 1105 3444 1204 3515; x_wconf 80' lang='grc' dir='ltr'><strong>τὴν</strong></span> <span class='ocrx_word' id='word_1_474' title='bbox 1249 3444 1662 3515; x_wconf 74' lang='grc' dir='ltr'>ὲνανθρώπησιν</span> <span class='ocrx_word' id='word_1_475' title='bbox 1721 3446 1802 3507; x_wconf 80' lang='grc' dir='ltr'><strong>εις</strong></span> <span class='ocrx_word' id='word_1_476' title='bbox 1849 3445 1942 3497; x_wconf 77' lang='grc' dir='ltr'>δύο</span> 
     </span>
    </p>
   </div>
   <div class='ocr_carea' id='block_1_65' title="bbox 368 3532 1940 3602">
    <p class='ocr_par' dir='ltr' id='par_1_65' title="bbox 368 3532 1940 3602">
     <span class='ocr_line' id='line_1_65' title="bbox 368 3532 1940 3602; baseline 0 -19"><span class='ocrx_word' id='word_1_477' title='bbox 368 3532 635 3601; x_wconf 83' lang='grc' dir='ltr'>πρόσωπα</span> <span class='ocrx_word' id='word_1_478' title='bbox 675 3532 1129 3601; x_wconf 82' lang='grc' dir='ltr'>παραιτούμενος.</span> <span class='ocrx_word' id='word_1_479' title='bbox 1178 3532 1274 3585; x_wconf 69' lang='grc' dir='ltr'><strong>καὶ</strong></span> <span class='ocrx_word' id='word_1_480' title='bbox 1300 3533 1399 3586; x_wconf 82' lang='grc' dir='ltr'><strong>οὐκ</strong></span> <span class='ocrx_word' id='word_1_481' title='bbox 1441 3532 1752 3602; x_wconf 76' lang='grc' dir='ltr'>ἐπιτρέπων</span> <span class='ocrx_word' id='word_1_482' title='bbox 1778 3534 1940 3592; x_wconf 76' lang='grc' dir='ltr'>τισὶν.</span> 
     </span>
    </p>
   </div>
   <div class='ocr_carea' id='block_1_66' title="bbox 364 3621 1945 3693">
    <p class='ocr_par' dir='ltr' id='par_1_66' title="bbox 364 3621 1945 3693">
     <span class='ocr_line' id='line_1_66' title="bbox 364 3621 1945 3693; baseline -0.001 -19"><span class='ocrx_word' id='word_1_483' title='bbox 364 3622 555 3691; x_wconf 78' lang='grc' dir='ltr'>ἕτερον</span> <span class='ocrx_word' id='word_1_484' title='bbox 613 3623 712 3693; x_wconf 80' lang='grc' dir='ltr'><strong>μὲν</strong></span> <span class='ocrx_word' id='word_1_485' title='bbox 756 3623 936 3690; x_wconf 89' lang='grc' dir='ltr'>λέγειν</span> <span class='ocrx_word' id='word_1_486' title='bbox 975 3622 1103 3675; x_wconf 60' lang='lat' dir='ltr'><strong>re»</strong></span> <span class='ocrx_word' id='word_1_487' title='bbox 1155 3621 1247 3675; x_wconf 84' lang='grc' dir='ltr'><strong>τὸν</strong></span> <span class='ocrx_word' id='word_1_488' title='bbox 1298 3624 1363 3676; x_wconf 81' lang='grc' dir='ltr'>ὲκ</span> <span class='ocrx_word' id='word_1_489' title='bbox 1408 3622 1684 3693; x_wconf 87' lang='grc' dir='ltr'>Παρθένου</span> <span class='ocrx_word' id='word_1_490' title='bbox 1729 3622 1816 3675; x_wconf 76' lang='grc' dir='ltr'>διὰ</span> <span class='ocrx_word' id='word_1_491' title='bbox 1846 3622 1945 3691; x_wconf 77' lang='grc' dir='ltr'><strong>τὴν</strong></span> 
     </span>
    </p>
   </div>
   <div class='ocr_carea' id='block_1_67' title="bbox 367 3712 1947 3785">
    <p class='ocr_par' dir='ltr' id='par_1_67' title="bbox 367 3712 1947 3785">
     <span class='ocr_line' id='line_1_67' title="bbox 367 3712 1947 3785; baseline 0 -20"><span class='ocrx_word' id='word_1_492' title='bbox 367 3713 561 3783; x_wconf 80' lang='grc' dir='ltr'>χρείαν</span> <span class='ocrx_word' id='word_1_493' title='bbox 593 3712 864 3785; x_wconf 81' lang='grc' dir='ltr'>ληφθέντα</span> <span class='ocrx_word' id='word_1_494' title='bbox 884 3714 1032 3776; x_wconf 79' lang='grc' dir='ltr'>ναὸν,</span> <span class='ocrx_word' id='word_1_495' title='bbox 1070 3712 1258 3783; x_wconf 73' lang='grc' dir='ltr'>ἕτερον</span> <span class='ocrx_word' id='word_1_496' title='bbox 1285 3712 1341 3765; x_wconf 85' lang='grc' dir='ltr'><strong>δὲ</strong></span> <span class='ocrx_word' id='word_1_497' title='bbox 1372 3714 1463 3767; x_wconf 78' lang='grc' dir='ltr'>τὸν</span> <span class='ocrx_word' id='word_1_498' title='bbox 1487 3717 1548 3767; x_wconf 86' lang='grc' dir='ltr'>ὲκ</span> <span class='ocrx_word' id='word_1_499' title='bbox 1576 3713 1710 3766; x_wconf 86' lang='grc' dir='ltr'>Θεοῦ</span> <span class='ocrx_word' id='word_1_500' title='bbox 1737 3713 1947 3785; x_wconf 74' lang='grc' dir='ltr'>[ἰατρὸς</span> 
     </span>
    </p>
   </div>
   <div class='ocr_carea' id='block_1_68' title="bbox 371 3801 1947 3873">
    <p class='ocr_par' dir='ltr' id='par_1_68' title="bbox 371 3801 1947 3873">
     <span class='ocr_line' id='line_1_68' title="bbox 371 3801 1947 3873; baseline 0.001 -20"><span class='ocrx_word' id='word_1_501' title='bbox 371 3802 649 3873; x_wconf 78' lang='grc' dir='ltr'>πεφηνότα</span> <span class='ocrx_word' id='word_1_502' title='bbox 679 3802 870 3870; x_wconf 84' lang='grc' dir='ltr'>Λόγον,</span> <span class='ocrx_word' id='word_1_503' title='bbox 895 3801 1032 3872; x_wconf 83' lang='grc' dir='ltr'>πλὴν</span> <span class='ocrx_word' id='word_1_504' title='bbox 1056 3802 1178 3855; x_wconf 86' lang='grc' dir='ltr'>ὅσον</span> <span class='ocrx_word' id='word_1_505' title='bbox 1206 3804 1285 3865; x_wconf 78' lang='grc' dir='ltr'><strong>εἰς</strong></span> <span class='ocrx_word' id='word_1_506' title='bbox 1304 3801 1395 3854; x_wconf 79' lang='grc' dir='ltr'><strong>τὸν</strong></span> <span class='ocrx_word' id='word_1_507' title='bbox 1425 3802 1638 3872; x_wconf 80' lang='grc' dir='ltr'>ἑκάστῳ</span> <span class='ocrx_word' id='word_1_508' title='bbox 1671 3803 1947 3872; x_wconf 85' lang='grc' dir='ltr'>πρέποντα</span> 
     </span>
    </p>
   </div>
   <div class='ocr_carea' id='block_1_69' title="bbox 370 3889 1945 3962">
    <p class='ocr_par' dir='ltr' id='par_1_69' title="bbox 370 3889 1945 3962">
     <span class='ocr_line' id='line_1_69' title="bbox 370 3889 1945 3962; baseline -0.003 -14"><span class='ocrx_word' id='word_1_509' title='bbox 370 3892 517 3948; x_wconf 78' lang='grc' dir='ltr'><strong>κατά</strong></span> <span class='ocrx_word' id='word_1_510' title='bbox 546 3891 708 3961; x_wconf 76' lang='grc' dir='ltr'>φύσιν</span> <span class='ocrx_word' id='word_1_511' title='bbox 767 3891 1073 3961; x_wconf 71' lang='grc' dir='ltr'>διορισμόν*</span> <span class='ocrx_word' id='word_1_512' title='bbox 1132 3891 1322 3961; x_wconf 84' lang='grc' dir='ltr'>ὥσπερ</span> <span class='ocrx_word' id='word_1_513' title='bbox 1377 3891 1485 3962; x_wconf 78' lang='grc' dir='ltr'>γάρ</span> <span class='ocrx_word' id='word_1_514' title='bbox 1530 3893 1677 3944; x_wconf 77' lang='grc' dir='ltr'>ἐστιν</span> <span class='ocrx_word' id='word_1_515' title='bbox 1704 3892 1769 3944; x_wconf 82' lang='grc' dir='ltr'>ὲκ</span> <span class='ocrx_word' id='word_1_516' title='bbox 1808 3889 1945 3943; x_wconf 83' lang='grc' dir='ltr'>Θεοῦ</span> 
     </span>
    </p>
   </div>
   <div class='ocr_carea' id='block_1_70' title="bbox 369 3976 1948 4053">
    <p class='ocr_par' dir='ltr' id='par_1_70' title="bbox 369 3976 1948 4053">
     <span class='ocr_line' id='line_1_70' title="bbox 369 3976 1948 4053; baseline -0.004 -13"><span class='ocrx_word' id='word_1_517' title='bbox 369 3984 563 4053; x_wconf 68' lang='grc' dir='ltr'>Λόγος,</span> <span class='ocrx_word' id='word_1_518' title='bbox 604 3983 749 4036; x_wconf 77' lang='grc' dir='ltr'>οὕτω</span> <span class='ocrx_word' id='word_1_519' title='bbox 791 3983 886 4035; x_wconf 78' lang='grc' dir='ltr'>καὶ</span> <span class='ocrx_word' id='word_1_520' title='bbox 936 3982 1223 4053; x_wconf 82' lang='grc' dir='ltr'>ἄνθρωπος</span> <span class='ocrx_word' id='word_1_521' title='bbox 1276 3983 1341 4034; x_wconf 81' lang='grc' dir='ltr'>ὲκ</span> <span class='ocrx_word' id='word_1_522' title='bbox 1389 3983 1665 4050; x_wconf 90' lang='grc' dir='ltr'>γυναικός.</span> <span class='ocrx_word' id='word_1_523' title='bbox 1726 3976 1821 4044; x_wconf 75' lang='grc' dir='ltr'><strong>Εἷς</strong></span> <span class='ocrx_word' id='word_1_524' title='bbox 1891 3980 1948 4033; x_wconf 77' lang='grc' dir='ltr'>δὲ</span> 
     </span>
    </p>
   </div>
   <div class='ocr_carea' id='block_1_71' title="bbox 370 4070 1949 4143">
    <p class='ocr_par' dir='ltr' id='par_1_71' title="bbox 370 4070 1949 4143">
     <span class='ocr_line' id='line_1_71' title="bbox 370 4070 1949 4143; baseline -0.001 -17"><span class='ocrx_word' id='word_1_525' title='bbox 370 4072 558 4126; x_wconf 72' lang='grc' dir='ltr'>λοιπον</span> <span class='ocrx_word' id='word_1_526' title='bbox 588 4071 647 4136; x_wconf 77' lang='grc' dir='ltr'>ὲξ</span> <span class='ocrx_word' id='word_1_527' title='bbox 672 4073 874 4141; x_wconf 81' lang='grc' dir='ltr'>ἀμφοῖν</span> <span class='ocrx_word' id='word_1_528' title='bbox 917 4071 946 4123; x_wconf 76' lang='grc' dir='ltr'><strong>ὁ</strong></span> <span class='ocrx_word' id='word_1_529' title='bbox 986 4071 1220 4143; x_wconf 79' lang='grc' dir='ltr'>Χριστὸς</span> <span class='ocrx_word' id='word_1_530' title='bbox 1241 4109 1255 4135; x_wconf 91' lang='grc'><strong>,</strong></span> <span class='ocrx_word' id='word_1_531' title='bbox 1286 4070 1593 4141; x_wconf 85' lang='grc' dir='ltr'>ἀδιαίρετος</span> <span class='ocrx_word' id='word_1_532' title='bbox 1621 4073 1701 4134; x_wconf 81' lang='grc' dir='ltr'><strong>είς</strong></span> <span class='ocrx_word' id='word_1_533' title='bbox 1729 4071 1949 4142; x_wconf 80' lang='grc' dir='ltr'>υίότητα</span> 
     </span>
    </p>
   </div>
   <div class='ocr_carea' id='block_1_72' title="bbox 372 4164 1951 4237">
    <p class='ocr_par' dir='ltr' id='par_1_72' title="bbox 372 4164 1951 4237">
     <span class='ocr_line' id='line_1_72' title="bbox 372 4164 1951 4237; baseline -0.001 -18"><span class='ocrx_word' id='word_1_534' title='bbox 372 4166 471 4219; x_wconf 79' lang='grc' dir='ltr'>καὶ</span> <span class='ocrx_word' id='word_1_535' title='bbox 516 4168 594 4228; x_wconf 77' lang='grc' dir='ltr'>εἰς</span> <span class='ocrx_word' id='word_1_536' title='bbox 630 4164 784 4229; x_wconf 79' lang='grc' dir='ltr'>δόξαν</span> <span class='ocrx_word' id='word_1_537' title='bbox 815 4165 1116 4237; x_wconf 84' lang='grc' dir='ltr'>θεοπρεπῆ,</span> <span class='ocrx_word' id='word_1_538' title='bbox 1164 4164 1288 4220; x_wconf 59' lang='grc' dir='ltr'><strong>ἐπεὶ⁸</strong></span> <span class='ocrx_word' id='word_1_539' title='bbox 1327 4167 1467 4219; x_wconf 87' lang='grc' dir='ltr'><strong>κατά</strong></span> <span class='ocrx_word' id='word_1_540' title='bbox 1492 4182 1611 4218; x_wconf 85' lang='grc' dir='ltr'>τινα</span> <span class='ocrx_word' id='word_1_541' title='bbox 1646 4165 1845 4237; x_wconf 87' lang='grc' dir='ltr'>τρόπον</span> <span class='ocrx_word' id='word_1_542' title='bbox 1876 4164 1951 4228; x_wconf 85' lang='grc' dir='ltr'>ὡς</span> 
     </span>
    </p>
   </div>
   <div class='ocr_carea' id='block_1_73' title="bbox 2042 3254 3611 3328">
    <p class='ocr_par' dir='ltr' id='par_1_73' title="bbox 2042 3254 3611 3328">
     <span class='ocr_line' id='line_1_73' title="bbox 2042 3254 3611 3328; baseline -0.012 -1"><span class='ocrx_word' id='word_1_543' title='bbox 2042 3273 2243 3328; x_wconf 88' lang='lat' dir='ltr'><strong>Filium</strong></span> <span class='ocrx_word' id='word_1_544' title='bbox 2284 3270 2523 3325; x_wconf 82' lang='lat' dir='ltr'><strong>hominis</strong></span> <span class='ocrx_word' id='word_1_545' title='bbox 2568 3264 2917 3322; x_wconf 88' lang='lat' dir='ltr'><strong>descendisse</strong></span> <span class='ocrx_word' id='word_1_546' title='bbox 2966 3262 3065 3325; x_wconf 89' lang='lat' dir='ltr'><strong>ait,</strong></span> <span class='ocrx_word' id='word_1_547' title='bbox 3109 3260 3301 3315; x_wconf 89' lang='lat' dir='ltr'><strong>nolens</strong></span> <span class='ocrx_word' id='word_1_548' title='bbox 3357 3258 3412 3310; x_wconf 91' lang='lat' dir='ltr'><strong>in</strong></span> <span class='ocrx_word' id='word_1_549' title='bbox 3471 3254 3611 3308; x_wconf 86' lang='lat' dir='ltr'><strong>duas</strong></span> 
     </span>
    </p>
   </div>
   <div class='ocr_carea' id='block_1_74' title="bbox 2042 3343 3612 3438">
    <p class='ocr_par' dir='ltr' id='par_1_74' title="bbox 2042 3343 3612 3438">
     <span class='ocr_line' id='line_1_74' title="bbox 2042 3343 3612 3438; baseline -0.015 -16"><span class='ocrx_word' id='word_1_550' title='bbox 2042 3380 2305 3438; x_wconf 85' lang='lat' dir='ltr'><strong>personas</strong></span> <span class='ocrx_word' id='word_1_551' title='bbox 2348 3368 2471 3433; x_wconf 86' lang='lat' dir='ltr'><strong>post</strong></span> <span class='ocrx_word' id='word_1_552' title='bbox 2519 3356 3023 3414; x_wconf 89' lang='lat' dir='ltr'><strong>inhumanationem</strong></span> <span class='ocrx_word' id='word_1_553' title='bbox 3076 3349 3284 3411; x_wconf 89' lang='lat' dir='ltr'><strong>secari,</strong></span> <span class='ocrx_word' id='word_1_554' title='bbox 3336 3361 3436 3401; x_wconf 88' lang='lat' dir='ltr'><strong>nec</strong></span> <span class='ocrx_word' id='word_1_555' title='bbox 3484 3343 3612 3398; x_wconf 87' lang='lat' dir='ltr'><strong>ullis</strong></span> 
     </span>
    </p>
   </div>
   <div class='ocr_carea' id='block_1_75' title="bbox 2044 3438 3614 3527">
    <p class='ocr_par' dir='ltr' id='par_1_75' title="bbox 2044 3438 3614 3527">
     <span class='ocr_line' id='line_1_75' title="bbox 2044 3438 3614 3527; baseline -0.018 -13"><span class='ocrx_word' id='word_1_556' title='bbox 2044 3458 2367 3527; x_wconf 87' lang='lat' dir='ltr'><strong>permittens</strong></span> <span class='ocrx_word' id='word_1_557' title='bbox 2398 3454 2584 3509; x_wconf 85' lang='lat' dir='ltr'><strong>dicere</strong></span> <span class='ocrx_word' id='word_1_558' title='bbox 2622 3450 2791 3503; x_wconf 90' lang='lat' dir='ltr'><strong>alium</strong></span> <span class='ocrx_word' id='word_1_559' title='bbox 2820 3445 3041 3516; x_wconf 90' lang='lat' dir='ltr'><strong>quidem</strong></span> <span class='ocrx_word' id='word_1_560' title='bbox 3077 3457 3201 3497; x_wconf 86' lang='lat' dir='ltr'><strong>esse</strong></span> <span class='ocrx_word' id='word_1_561' title='bbox 3234 3438 3451 3501; x_wconf 86' lang='lat' dir='ltr'><strong>Filium,</strong></span> <span class='ocrx_word' id='word_1_562' title='bbox 3484 3445 3614 3489; x_wconf 82' lang='lat' dir='ltr'><strong>tem—</strong></span> 
     </span>
    </p>
   </div>
   <div class='ocr_carea' id='block_1_76' title="bbox 2045 3533 3610 3625">
    <p class='ocr_par' dir='ltr' id='par_1_76' title="bbox 2045 3533 3610 3625">
     <span class='ocr_line' id='line_1_76' title="bbox 2045 3533 3610 3625; baseline -0.017 -21"><span class='ocrx_word' id='word_1_563' title='bbox 2045 3551 2192 3622; x_wconf 88' lang='lat' dir='ltr'><strong>plum</strong></span> <span class='ocrx_word' id='word_1_564' title='bbox 2228 3546 2487 3602; x_wconf 90' lang='lat' dir='ltr'><strong>nimirum</strong></span> <span class='ocrx_word' id='word_1_565' title='bbox 2523 3542 2655 3597; x_wconf 91' lang='lat' dir='ltr'><strong>illud</strong></span> <span class='ocrx_word' id='word_1_566' title='bbox 2697 3538 2844 3609; x_wconf 86' lang='lat' dir='ltr'><strong>quod</strong></span> <span class='ocrx_word' id='word_1_567' title='bbox 2890 3553 2955 3592; x_wconf 78' lang='lat' dir='ltr'><strong>ex</strong></span> <span class='ocrx_word' id='word_1_568' title='bbox 3004 3533 3610 3625; x_wconf 40' lang='lat' dir='ltr'><strong>Virginmassumptuut</strong></span> 
     </span>
    </p>
   </div>
   <div class='ocr_carea' id='block_1_77' title="bbox 2044 3619 3612 3703">
    <p class='ocr_par' dir='ltr' id='par_1_77' title="bbox 2044 3619 3612 3703">
     <span class='ocr_line' id='line_1_77' title="bbox 2044 3619 3612 3703; baseline -0.018 -8"><span class='ocrx_word' id='word_1_569' title='bbox 2044 3619 2147 3703; x_wconf 77' lang='lat' dir='ltr'><strong>est,</strong></span> <span class='ocrx_word' id='word_1_570' title='bbox 2186 3637 2354 3690; x_wconf 90' lang='lat' dir='ltr'><strong>alium</strong></span> <span class='ocrx_word' id='word_1_571' title='bbox 2403 3632 2549 3703; x_wconf 91' lang='lat' dir='ltr'><strong>quod</strong></span> <span class='ocrx_word' id='word_1_572' title='bbox 2574 3647 2639 3686; x_wconf 83' lang='lat' dir='ltr'><strong>ex</strong></span> <span class='ocrx_word' id='word_1_573' title='bbox 2667 3629 2777 3685; x_wconf 86' lang='lat' dir='ltr'><strong>Deo</strong></span> <span class='ocrx_word' id='word_1_574' title='bbox 2805 3627 2965 3681; x_wconf 87' lang='lat' dir='ltr'><strong>Patre</strong></span> <span class='ocrx_word' id='word_1_575' title='bbox 2989 3622 3189 3680; x_wconf 76' lang='lat' dir='ltr'><strong>ell‘ulsit</strong></span> <span class='ocrx_word' id='word_1_576' title='bbox 3216 3619 3479 3682; x_wconf 80' lang='lat' dir='ltr'><strong>Verbum,</strong></span> <span class='ocrx_word' id='word_1_577' title='bbox 3509 3619 3612 3669; x_wconf 92' lang='lat' dir='ltr'><strong>nisi</strong></span> 
     </span>
    </p>
   </div>
   <div class='ocr_carea' id='block_1_78' title="bbox 2045 3708 3616 3801">
    <p class='ocr_par' dir='ltr' id='par_1_78' title="bbox 2045 3708 3616 3801">
     <span class='ocr_line' id='line_1_78' title="bbox 2045 3708 3616 3801; baseline -0.017 -17"><span class='ocrx_word' id='word_1_578' title='bbox 2045 3737 2311 3801; x_wconf 90' lang='lat' dir='ltr'><strong>quantum</strong></span> <span class='ocrx_word' id='word_1_579' title='bbox 2346 3726 2413 3779; x_wconf 91' lang='lat' dir='ltr'><strong>ad</strong></span> <span class='ocrx_word' id='word_1_580' title='bbox 2454 3733 2663 3779; x_wconf 61' lang='lat' dir='ltr'><strong>naturae</strong></span> <span class='ocrx_word' id='word_1_581' title='bbox 2694 3720 3018 3777; x_wconf 87' lang='lat' dir='ltr'><strong>divisionem</strong></span> <span class='ocrx_word' id='word_1_582' title='bbox 3070 3714 3263 3768; x_wconf 88' lang='lat' dir='ltr'><strong>attinet</strong></span> <span class='ocrx_word' id='word_1_583' title='bbox 3316 3708 3616 3801; x_wconf 86' lang='lat' dir='ltr'><strong>unicuique</strong></span> 
     </span>
    </p>
   </div>
   <div class='ocr_carea' id='block_1_79' title="bbox 2048 3797 3616 3890">
    <p class='ocr_par' dir='ltr' id='par_1_79' title="bbox 2048 3797 3616 3890">
     <span class='ocr_line' id='line_1_79' title="bbox 2048 3797 3616 3890; baseline -0.017 -15"><span class='ocrx_word' id='word_1_584' title='bbox 2048 3797 2463 3890; x_wconf 79' lang='lat' dir='ltr'><strong>congruentem.</strong></span> <span class='ocrx_word' id='word_1_585' title='bbox 2514 3814 2583 3869; x_wconf 91' lang='lat' dir='ltr'><strong>Ut</strong></span> <span class='ocrx_word' id='word_1_586' title='bbox 2633 3814 2778 3868; x_wconf 87' lang='lat' dir='ltr'><strong>enim</strong></span> <span class='ocrx_word' id='word_1_587' title='bbox 2825 3817 2909 3866; x_wconf 90' lang='lat' dir='ltr'><strong>est</strong></span> <span class='ocrx_word' id='word_1_588' title='bbox 2951 3823 3015 3862; x_wconf 81' lang='lat' dir='ltr'><strong>ex</strong></span> <span class='ocrx_word' id='word_1_589' title='bbox 3065 3804 3173 3859; x_wconf 86' lang='lat' dir='ltr'><strong>Deo</strong></span> <span class='ocrx_word' id='word_1_590' title='bbox 3225 3801 3498 3890; x_wconf 41' lang='lat' dir='ltr'><strong>Verbum:</strong></span> <span class='ocrx_word' id='word_1_591' title='bbox 3535 3797 3616 3890; x_wconf 83' lang='lat' dir='ltr'><strong>sic</strong></span> 
     </span>
    </p>
   </div>
   <div class='ocr_carea' id='block_1_80' title="bbox 2045 3886 3619 3969">
    <p class='ocr_par' dir='ltr' id='par_1_80' title="bbox 2045 3886 3619 3969">
     <span class='ocr_line' id='line_1_80' title="bbox 2045 3886 3619 3969; baseline -0.018 -2"><span class='ocrx_word' id='word_1_592' title='bbox 2045 3886 2210 3967; x_wconf 75' lang='lat' dir='ltr'><strong>etiam</strong></span> <span class='ocrx_word' id='word_1_593' title='bbox 2238 3924 2304 3963; x_wconf 76' lang='lat' dir='ltr'><strong>ex</strong></span> <span class='ocrx_word' id='word_1_594' title='bbox 2336 3906 2563 3960; x_wconf 87' lang='lat' dir='ltr'><strong>muliere</strong></span> <span class='ocrx_word' id='word_1_595' title='bbox 2614 3904 2799 3957; x_wconf 89' lang='lat' dir='ltr'><strong>homo.</strong></span> <span class='ocrx_word' id='word_1_596' title='bbox 2851 3898 3003 3969; x_wconf 80' lang='lat'><strong>151</strong></span> <span class='ocrx_word' id='word_1_597' title='bbox 3041 3896 3201 3951; x_wconf 83' lang='lat' dir='ltr'><strong>Unus</strong></span> <span class='ocrx_word' id='word_1_598' title='bbox 3236 3902 3411 3946; x_wconf 88' lang='lat' dir='ltr'><strong>autem</strong></span> <span class='ocrx_word' id='word_1_599' title='bbox 3462 3886 3619 3942; x_wconf 89' lang='lat' dir='ltr'><strong>Chri-</strong></span> 
     </span>
    </p>
   </div>
   <div class='ocr_carea' id='block_1_81' title="bbox 2049 3976 3619 4055">
    <p class='ocr_par' dir='ltr' id='par_1_81' title="bbox 2049 3976 3619 4055">
     <span class='ocr_line' id='line_1_81' title="bbox 2049 3976 3619 4055; baseline -0.016 0"><span class='ocrx_word' id='word_1_600' title='bbox 2049 4007 2168 4055; x_wconf 87' lang='lat' dir='ltr'><strong>stus</strong></span> <span class='ocrx_word' id='word_1_601' title='bbox 2199 3997 2418 4053; x_wconf 87' lang='lat' dir='ltr'><strong>demum</strong></span> <span class='ocrx_word' id='word_1_602' title='bbox 2453 4010 2520 4049; x_wconf 83' lang='lat' dir='ltr'><strong>ex</strong></span> <span class='ocrx_word' id='word_1_603' title='bbox 2548 3991 2844 4051; x_wconf 89' lang='lat' dir='ltr'><strong>ambobus,</strong></span> <span class='ocrx_word' id='word_1_604' title='bbox 2879 3990 2934 4042; x_wconf 89' lang='lat' dir='ltr'><strong>in</strong></span> <span class='ocrx_word' id='word_1_605' title='bbox 2978 3984 3239 4040; x_wconf 85' lang='lat' dir='ltr'><strong>tiliatione</strong></span> <span class='ocrx_word' id='word_1_606' title='bbox 3269 3976 3619 4035; x_wconf 81' lang='lat' dir='ltr'><strong>indivisibilis</strong></span> 
     </span>
    </p>
   </div>
   <div class='ocr_carea' id='block_1_82' title="bbox 2051 4067 3617 4156">
    <p class='ocr_par' dir='ltr' id='par_1_82' title="bbox 2051 4067 3617 4156">
     <span class='ocr_line' id='line_1_82' title="bbox 2051 4067 3617 4156; baseline -0.015 -12"><span class='ocrx_word' id='word_1_607' title='bbox 2051 4099 2135 4145; x_wconf 87' lang='lat' dir='ltr'><strong>est</strong></span> <span class='ocrx_word' id='word_1_608' title='bbox 2163 4104 2227 4143; x_wconf 90' lang='lat' dir='ltr'><strong>ac</strong></span> <span class='ocrx_word' id='word_1_609' title='bbox 2268 4087 2551 4156; x_wconf 83' lang='lat' dir='ltr'><strong>majestate</strong></span> <span class='ocrx_word' id='word_1_610' title='bbox 2583 4083 2694 4138; x_wconf 90' lang='lat' dir='ltr'><strong>Deo</strong></span> <span class='ocrx_word' id='word_1_611' title='bbox 2718 4082 2877 4152; x_wconf 89' lang='lat' dir='ltr'><strong>digna</strong></span> <span class='ocrx_word' id='word_1_612' title='bbox 2910 4098 2922 4134; x_wconf 86' lang='lat'><strong>:</strong></span> <span class='ocrx_word' id='word_1_613' title='bbox 2959 4093 3080 4133; x_wconf 89' lang='lat' dir='ltr'><strong>nam</strong></span> <span class='ocrx_word' id='word_1_614' title='bbox 3109 4090 3230 4145; x_wconf 55' lang='lat' dir='ltr'><strong>qua!</strong></span> <span class='ocrx_word' id='word_1_615' title='bbox 3260 4070 3408 4127; x_wconf 90' lang='lat' dir='ltr'><strong>nudo</strong></span> <span class='ocrx_word' id='word_1_616' title='bbox 3433 4076 3486 4124; x_wconf 90' lang='lat' dir='ltr'><strong>et</strong></span> <span class='ocrx_word' id='word_1_617' title='bbox 3517 4067 3617 4121; x_wconf 90' lang='lat' dir='ltr'><strong>soli</strong></span> 
     </span>
    </p>
   </div>
   <div class='ocr_carea' id='block_1_83' title="bbox 2052 4160 3621 4243">
    <p class='ocr_par' dir='ltr' id='par_1_83' title="bbox 2052 4160 3621 4243">
     <span class='ocr_line' id='line_1_83' title="bbox 2052 4160 3621 4243; baseline -0.015 -8"><span class='ocrx_word' id='word_1_618' title='bbox 2052 4180 2234 4237; x_wconf 84' lang='lat' dir='ltr'><strong>Verbo</strong></span> <span class='ocrx_word' id='word_1_619' title='bbox 2278 4177 2632 4241; x_wconf 84' lang='lat' dir='ltr'><strong>conveniunt,</strong></span> <span class='ocrx_word' id='word_1_620' title='bbox 2673 4190 2735 4229; x_wconf 86' lang='lat' dir='ltr'><strong>ea</strong></span> <span class='ocrx_word' id='word_1_621' title='bbox 2785 4167 3211 4243; x_wconf 87' lang='lat' dir='ltr'><strong>quodammodo,</strong></span> <span class='ocrx_word' id='word_1_622' title='bbox 3251 4180 3348 4220; x_wconf 88' lang='lat' dir='ltr'><strong>ceu</strong></span> <span class='ocrx_word' id='word_1_623' title='bbox 3402 4160 3621 4232; x_wconf 79' lang='lat' dir='ltr'><strong>propria</strong></span> 
     </span>
    </p>
   </div>
   <div class='ocr_carea' id='block_1_84' title="bbox 375 4251 1938 4343">
    <p class='ocr_par' dir='ltr' id='par_1_84' title="bbox 375 4251 1938 4329">
     <span class='ocr_line' id='line_1_84' title="bbox 375 4251 1938 4329; baseline -0.001 -20"><span class='ocrx_word' id='word_1_624' title='bbox 375 4257 482 4309; x_wconf 82' lang='grc' dir='ltr'>ῐδια</span> <span class='ocrx_word' id='word_1_625' title='bbox 510 4251 816 4329; x_wconf 84' lang='grc' dir='ltr'>περιτίθησι</span> <span class='ocrx_word' id='word_1_626' title='bbox 841 4256 918 4327; x_wconf 84' lang='grc' dir='ltr'>τῷ</span> <span class='ocrx_word' id='word_1_627' title='bbox 967 4258 1029 4308; x_wconf 82' lang='grc' dir='ltr'>ὲκ</span> <span class='ocrx_word' id='word_1_628' title='bbox 1055 4257 1151 4325; x_wconf 80' lang='grc' dir='ltr'>τῆς</span> <span class='ocrx_word' id='word_1_629' title='bbox 1192 4255 1468 4326; x_wconf 75' lang='grc' dir='ltr'>Παρθένου</span> <span class='ocrx_word' id='word_1_630' title='bbox 1503 4254 1635 4325; x_wconf 81' lang='grc' dir='ltr'>ναῷ,</span> <span class='ocrx_word' id='word_1_631' title='bbox 1660 4255 1732 4309; x_wconf 83' lang='grc' dir='ltr'>τὰ</span> <span class='ocrx_word' id='word_1_632' title='bbox 1760 4255 1938 4326; x_wconf 79' lang='grc' dir='ltr'>γυμνᾷ</span> 
     </span>
    </p>
   </div>
   <div class='ocr_carea' id='block_1_85' title="bbox 2040 4251 3622 4343">
    <p class='ocr_par' dir='ltr' id='par_1_85' title="bbox 2053 4254 3622 4343">
     <span class='ocr_line' id='line_1_85' title="bbox 2053 4254 3622 4343; baseline -0.015 -16"><span class='ocrx_word' id='word_1_633' title='bbox 2053 4274 2256 4343; x_wconf 90' lang='lat' dir='ltr'><strong>templo</strong></span> <span class='ocrx_word' id='word_1_634' title='bbox 2310 4269 2455 4341; x_wconf 91' lang='lat' dir='ltr'><strong>quod</strong></span> <span class='ocrx_word' id='word_1_635' title='bbox 2508 4285 2577 4323; x_wconf 80' lang='lat' dir='ltr'><strong>ex</strong></span> <span class='ocrx_word' id='word_1_636' title='bbox 2631 4269 2786 4321; x_wconf 87' lang='lat' dir='ltr'><strong>beata</strong></span> <span class='ocrx_word' id='word_1_637' title='bbox 2849 4261 3071 4330; x_wconf 80' lang='lat' dir='ltr'><strong>Virgine</strong></span> <span class='ocrx_word' id='word_1_638' title='bbox 3126 4266 3211 4313; x_wconf 90' lang='lat' dir='ltr'><strong>est</strong></span> <span class='ocrx_word' id='word_1_639' title='bbox 3258 4254 3527 4314; x_wconf 87' lang='lat' dir='ltr'><strong>attribuit,</strong></span> <span class='ocrx_word' id='word_1_640' title='bbox 3568 4258 3622 4305; x_wconf 86' lang='lat' dir='ltr'><strong>et</strong></span> 
     </span>
    </p>
   </div>
   <div class='ocr_carea' id='block_1_86' title="bbox 373 4343 1938 4431">
    <p class='ocr_par' dir='ltr' id='par_1_86' title="bbox 373 4343 1938 4417">
     <span class='ocr_line' id='line_1_86' title="bbox 373 4343 1938 4417; baseline -0.003 -17"><span class='ocrx_word' id='word_1_641' title='bbox 373 4348 470 4400; x_wconf 78' lang='grc' dir='ltr'><strong>καὶ</strong></span> <span class='ocrx_word' id='word_1_642' title='bbox 503 4347 650 4417; x_wconf 83' lang='grc' dir='ltr'>μόνῳ</span> <span class='ocrx_word' id='word_1_643' title='bbox 681 4346 961 4417; x_wconf 84' lang='grc' dir='ltr'>πρέποντα</span> <span class='ocrx_word' id='word_1_644' title='bbox 1009 4344 1087 4415; x_wconf 82' lang='grc' dir='ltr'><strong>τῷ</strong></span> <span class='ocrx_word' id='word_1_645' title='bbox 1117 4344 1276 4414; x_wconf 85' lang='grc' dir='ltr'>Λόγῳ</span> <span class='ocrx_word' id='word_1_646' title='bbox 1290 4346 1313 4375; x_wconf 59' lang='grc'><strong>’⁷</strong></span> <span class='ocrx_word' id='word_1_647' title='bbox 1345 4345 1678 4397; x_wconf 84' lang='grc' dir='ltr'>ίδιοποιεῖται</span> <span class='ocrx_word' id='word_1_648' title='bbox 1699 4344 1755 4397; x_wconf 83' lang='grc' dir='ltr'>δὲ</span> <span class='ocrx_word' id='word_1_649' title='bbox 1789 4343 1938 4397; x_wconf 64' lang='grc' dir='ltr'>πάλιι</span> 
     </span>
    </p>
   </div>
   <div class='ocr_carea' id='block_1_87' title="bbox 2040 4343 3624 4431">
    <p class='ocr_par' dir='ltr' id='par_1_87' title="bbox 2054 4346 3624 4431">
     <span class='ocr_line' id='line_1_87' title="bbox 2054 4346 3624 4431; baseline -0.013 -14"><span class='ocrx_word' id='word_1_650' title='bbox 2054 4364 2302 4419; x_wconf 80' lang='lat' dir='ltr'><strong>vicissim</strong></span> <span class='ocrx_word' id='word_1_651' title='bbox 2353 4363 2471 4431; x_wconf 87' lang='lat' dir='ltr'><strong>ipse</strong></span> <span class='ocrx_word' id='word_1_652' title='bbox 2515 4358 2621 4414; x_wconf 89' lang='lat' dir='ltr'><strong>sibi</strong></span> <span class='ocrx_word' id='word_1_653' title='bbox 2677 4363 2896 4425; x_wconf 80' lang='lat' dir='ltr'><strong>arrogat</strong></span> <span class='ocrx_word' id='word_1_654' title='bbox 2956 4366 3077 4421; x_wconf 65' lang='lat' dir='ltr'><strong>quae</strong></span> <span class='ocrx_word' id='word_1_655' title='bbox 3139 4349 3240 4404; x_wconf 88' lang='lat' dir='ltr'><strong>soli</strong></span> <span class='ocrx_word' id='word_1_656' title='bbox 3286 4346 3440 4401; x_wconf 88' lang='lat' dir='ltr'><strong>carni</strong></span> <span class='ocrx_word' id='word_1_657' title='bbox 3476 4359 3624 4398; x_wconf 85' lang='lat' dir='ltr'><strong>con—</strong></span> 
     </span>
    </p>
   </div>
   <div class='ocr_carea' id='block_1_88' title="bbox 372 4434 1938 4526">
    <p class='ocr_par' dir='ltr' id='par_1_88' title="bbox 372 4434 1938 4508">
     <span class='ocr_line' id='line_1_88' title="bbox 372 4434 1938 4508; baseline -0.003 -17"><span class='ocrx_word' id='word_1_658' title='bbox 372 4437 535 4501; x_wconf 75' lang='grc' dir='ltr'>αὐτδς</span> <span class='ocrx_word' id='word_1_659' title='bbox 561 4438 630 4490; x_wconf 79' lang='grc' dir='ltr'><strong>τὰ</strong></span> <span class='ocrx_word' id='word_1_660' title='bbox 662 4437 799 4507; x_wconf 80' lang='grc' dir='ltr'>μόνη</span> <span class='ocrx_word' id='word_1_661' title='bbox 829 4435 1105 4508; x_wconf 86' lang='grc' dir='ltr'>πρέποντα</span> <span class='ocrx_word' id='word_1_662' title='bbox 1124 4437 1190 4506; x_wconf 79' lang='grc' dir='ltr'>τῇ</span> <span class='ocrx_word' id='word_1_663' title='bbox 1219 4434 1406 4506; x_wconf 88' lang='grc' dir='ltr'>σαρκί.</span> <span class='ocrx_word' id='word_1_664' title='bbox 1460 4434 1573 4488; x_wconf 77' lang='grc' dir='ltr'>Νῦν</span> <span class='ocrx_word' id='word_1_665' title='bbox 1604 4435 1704 4505; x_wconf 82' lang='grc' dir='ltr'>μὲν</span> <span class='ocrx_word' id='word_1_666' title='bbox 1737 4434 1848 4506; x_wconf 82' lang='grc' dir='ltr'><strong>γὰρ</strong></span> <span class='ocrx_word' id='word_1_667' title='bbox 1894 4434 1938 4497; x_wconf 71' lang='grc' dir='ltr'><strong>ἐξ</strong></span> 
     </span>
    </p>
   </div>
   <div class='ocr_carea' id='block_1_89' title="bbox 2040 4434 3623 4526">
    <p class='ocr_par' dir='ltr' id='par_1_89' title="bbox 2048 4435 3623 4526">
     <span class='ocr_line' id='line_1_89' title="bbox 2048 4435 3623 4526; baseline -0.015 -15"><span class='ocrx_word' id='word_1_668' title='bbox 2048 4463 2281 4526; x_wconf 77' lang='lat' dir='ltr'><strong>gruunt.</strong></span> <span class='ocrx_word' id='word_1_669' title='bbox 2303 4451 2462 4507; x_wconf 81' lang='lat' dir='ltr'><strong>Nune</strong></span> <span class='ocrx_word' id='word_1_670' title='bbox 2492 4449 2638 4505; x_wconf 85' lang='lat' dir='ltr'><strong>enim</strong></span> <span class='ocrx_word' id='word_1_671' title='bbox 2670 4446 3025 4503; x_wconf 86' lang='lat' dir='ltr'><strong>descendisse</strong></span> <span class='ocrx_word' id='word_1_672' title='bbox 3054 4443 3131 4497; x_wconf 86' lang='lat' dir='ltr'><strong>ait</strong></span> <span class='ocrx_word' id='word_1_673' title='bbox 3162 4441 3227 4495; x_wconf 92' lang='lat' dir='ltr'><strong>de</strong></span> <span class='ocrx_word' id='word_1_674' title='bbox 3259 4439 3400 4494; x_wconf 78' lang='lat' dir='ltr'><strong>ecelo</strong></span> <span class='ocrx_word' id='word_1_675' title='bbox 3422 4435 3623 4490; x_wconf 87' lang='lat' dir='ltr'><strong>Filium</strong></span> 
     </span>
    </p>
   </div>
   <div class='ocr_carea' id='block_1_90' title="bbox 372 4526 1938 4605">
    <p class='ocr_par' dir='ltr' id='par_1_90' title="bbox 372 4526 1938 4599">
     <span class='ocr_line' id='line_1_90' title="bbox 372 4526 1938 4599; baseline -0.002 -16"><span class='ocrx_word' id='word_1_676' title='bbox 372 4528 604 4599; x_wconf 75' lang='grc' dir='ltr'>οὐρανοῦ</span> <span class='ocrx_word' id='word_1_677' title='bbox 630 4527 1060 4598; x_wconf 81' lang='grc' dir='ltr'>καταϐεϐηκέναι</span> <span class='ocrx_word' id='word_1_678' title='bbox 1084 4526 1217 4596; x_wconf 71' lang='grc' dir='ltr'>φησὶ</span> <span class='ocrx_word' id='word_1_679' title='bbox 1245 4526 1335 4579; x_wconf 79' lang='grc' dir='ltr'><strong>τὸν</strong></span> <span class='ocrx_word' id='word_1_680' title='bbox 1360 4526 1488 4578; x_wconf 75' lang='grc' dir='ltr'>Υίὺν</span> <span class='ocrx_word' id='word_1_681' title='bbox 1512 4526 1605 4579; x_wconf 85' lang='grc' dir='ltr'><strong>τοῦ</strong></span> <span class='ocrx_word' id='word_1_682' title='bbox 1630 4526 1938 4598; x_wconf 87' lang='grc' dir='ltr'>ἀνθρώπου·</span> 
     </span>
    </p>
   </div>
   <div class='ocr_carea' id='block_1_91' title="bbox 2040 4526 3626 4605">
    <p class='ocr_par' dir='ltr' id='par_1_91' title="bbox 2062 4526 3626 4605">
     <span class='ocr_line' id='line_1_91' title="bbox 2062 4526 3626 4605; baseline -0.015 -2"><span class='ocrx_word' id='word_1_683' title='bbox 2062 4546 2298 4603; x_wconf 84' lang='lat' dir='ltr'><strong>hominis</strong></span> <span class='ocrx_word' id='word_1_684' title='bbox 2328 4562 2341 4598; x_wconf 89' lang='lat'><strong>:</strong></span> <span class='ocrx_word' id='word_1_685' title='bbox 2368 4543 2519 4597; x_wconf 84' lang='lat' dir='ltr'><strong>timet</strong></span> <span class='ocrx_word' id='word_1_686' title='bbox 2551 4547 2756 4601; x_wconf 79' lang='lat' dir='ltr'><strong>autem,</strong></span> <span class='ocrx_word' id='word_1_687' title='bbox 2783 4545 2838 4592; x_wconf 87' lang='lat' dir='ltr'><strong>et</strong></span> <span class='ocrx_word' id='word_1_688' title='bbox 2868 4541 3048 4605; x_wconf 83' lang='lat' dir='ltr'><strong>pavet,</strong></span> <span class='ocrx_word' id='word_1_689' title='bbox 3080 4540 3134 4588; x_wconf 86' lang='lat' dir='ltr'><strong>et</strong></span> <span class='ocrx_word' id='word_1_690' title='bbox 3162 4531 3382 4601; x_wconf 80' lang='lat' dir='ltr'><strong>angitur</strong></span> <span class='ocrx_word' id='word_1_691' title='bbox 3416 4526 3626 4598; x_wconf 80' lang='lat' dir='ltr'><strong>passio-</strong></span> 
     </span>
    </p>
   </div>
   <div class='ocr_carea' id='block_1_92' title="bbox 376 4617 1938 4706">
    <p class='ocr_par' dir='ltr' id='par_1_92' title="bbox 376 4617 1938 4691">
     <span class='ocr_line' id='line_1_92' title="bbox 376 4617 1938 4691; baseline -0.003 -17"><span class='ocrx_word' id='word_1_692' title='bbox 376 4621 624 4691; x_wconf 75' lang='grc' dir='ltr'>φοϐεῖται</span> <span class='ocrx_word' id='word_1_693' title='bbox 644 4622 720 4685; x_wconf 79' lang='grc' dir='ltr'><strong>δὲ,</strong></span> <span class='ocrx_word' id='word_1_694' title='bbox 754 4619 849 4674; x_wconf 73' lang='grc' dir='ltr'>καὶ</span> <span class='ocrx_word' id='word_1_695' title='bbox 888 4621 1157 4681; x_wconf 88' lang='grc' dir='ltr'>πτοεῖται,</span> <span class='ocrx_word' id='word_1_696' title='bbox 1186 4618 1283 4671; x_wconf 76' lang='grc' dir='ltr'>καὶ</span> <span class='ocrx_word' id='word_1_697' title='bbox 1308 4618 1568 4688; x_wconf 84' lang='grc' dir='ltr'>ἀδημονεῖ</span> <span class='ocrx_word' id='word_1_698' title='bbox 1589 4618 1729 4671; x_wconf 87' lang='grc' dir='ltr'><strong>κατά</strong></span> <span class='ocrx_word' id='word_1_699' title='bbox 1754 4617 1843 4670; x_wconf 82' lang='grc' dir='ltr'><strong>τὸν</strong></span> <span class='ocrx_word' id='word_1_700' title='bbox 1860 4618 1938 4670; x_wconf 81' lang='grc' dir='ltr'>τοῐ</span> 
     </span>
    </p>
   </div>
   <div class='ocr_carea' id='block_1_93' title="bbox 2040 4617 3633 4706">
    <p class='ocr_par' dir='ltr' id='par_1_93' title="bbox 2062 4619 3633 4706">
     <span class='ocr_line' id='line_1_93' title="bbox 2062 4619 3633 4706; baseline -0.015 -12"><span class='ocrx_word' id='word_1_701' title='bbox 2062 4641 2148 4694; x_wconf 91' lang='lat' dir='ltr'><strong>nis</strong></span> <span class='ocrx_word' id='word_1_702' title='bbox 2174 4646 2440 4706; x_wconf 88' lang='lat' dir='ltr'><strong>tempore,</strong></span> <span class='ocrx_word' id='word_1_703' title='bbox 2462 4646 2645 4700; x_wconf 81' lang='lat' dir='ltr'><strong>eaque</strong></span> <span class='ocrx_word' id='word_1_704' title='bbox 2674 4630 2750 4683; x_wconf 91' lang='lat' dir='ltr'><strong>illi</strong></span> <span class='ocrx_word' id='word_1_705' title='bbox 2782 4627 3135 4682; x_wconf 83' lang='lat' dir='ltr'><strong>ascribuntur</strong></span> <span class='ocrx_word' id='word_1_706' title='bbox 3161 4638 3281 4692; x_wconf 66' lang='lat' dir='ltr'><strong>quia:</strong></span> <span class='ocrx_word' id='word_1_707' title='bbox 3309 4620 3411 4677; x_wconf 84' lang='lat' dir='ltr'><strong>soli</strong></span> <span class='ocrx_word' id='word_1_708' title='bbox 3445 4619 3633 4673; x_wconf 83' lang='lat' dir='ltr'><strong>buma-</strong></span> 
     </span>
    </p>
   </div>
   <div class='ocr_carea' id='block_1_94' title="bbox 377 4706 1958 4781">
    <p class='ocr_par' dir='ltr' id='par_1_94' title="bbox 377 4706 1958 4781">
     <span class='ocr_line' id='line_1_94' title="bbox 377 4706 1958 4781; baseline -0.005 -14"><span class='ocrx_word' id='word_1_709' title='bbox 377 4711 584 4775; x_wconf 74' lang='grc' dir='ltr'>πάθους</span> <span class='ocrx_word' id='word_1_710' title='bbox 607 4710 817 4781; x_wconf 80' lang='grc' dir='ltr'>καιρὸν,</span> <span class='ocrx_word' id='word_1_711' title='bbox 850 4710 946 4763; x_wconf 78' lang='grc' dir='ltr'>καὶ</span> <span class='ocrx_word' id='word_1_712' title='bbox 970 4710 1046 4773; x_wconf 79' lang='grc' dir='ltr'>ὡς</span> <span class='ocrx_word' id='word_1_713' title='bbox 1069 4709 1230 4771; x_wconf 78' lang='grc' dir='ltr'>αὐτὸς</span> <span class='ocrx_word' id='word_1_714' title='bbox 1254 4706 1441 4761; x_wconf 87' lang='grc' dir='ltr'>παθὼν</span> <span class='ocrx_word' id='word_1_715' title='bbox 1457 4707 1864 4777; x_wconf 82' lang='grc' dir='ltr'>ἀναγέγραπται</span> <span class='ocrx_word' id='word_1_716' title='bbox 1888 4707 1958 4759; x_wconf 72' lang='grc' dir='ltr'>τὰ</span> 
     </span>
    </p>
   </div>
   <div class='ocr_carea' id='block_1_95' title="bbox 381 4801 1534 4876">
    <p class='ocr_par' dir='ltr' id='par_1_95' title="bbox 381 4801 1534 4876">
     <span class='ocr_line' id='line_1_95' title="bbox 381 4801 1534 4876; baseline -0.004 -18"><span class='ocrx_word' id='word_1_717' title='bbox 381 4805 519 4876; x_wconf 83' lang='grc' dir='ltr'>μόνῃ</span> <span class='ocrx_word' id='word_1_718' title='bbox 548 4807 615 4875; x_wconf 78' lang='grc' dir='ltr'>τῇ</span> <span class='ocrx_word' id='word_1_719' title='bbox 649 4802 1028 4873; x_wconf 81' lang='grc' dir='ltr'>ἀνθρωπότητι</span> <span class='ocrx_word' id='word_1_720' title='bbox 1060 4801 1339 4871; x_wconf 79' lang='grc' dir='ltr'>πρέποντα</span> <span class='ocrx_word' id='word_1_721' title='bbox 1361 4801 1534 4870; x_wconf 86' lang='grc' dir='ltr'>πάθη.</span> 
     </span>
    </p>
   </div>
   <div class='ocr_carea' id='block_1_96' title="bbox 447 4890 1957 4961">
    <p class='ocr_par' dir='ltr' id='par_1_96' title="bbox 447 4890 1957 4961">
     <span class='ocr_line' id='line_1_96' title="bbox 447 4890 1957 4961; baseline -0.003 -12"><span class='ocrx_word' id='word_1_722' title='bbox 447 4897 556 4950; x_wconf 73' lang='grc' dir='ltr'><strong>Καὶ</strong></span> <span class='ocrx_word' id='word_1_723' title='bbox 608 4893 801 4960; x_wconf 81' lang='grc' dir='ltr'>καθὼς</span> <span class='ocrx_word' id='word_1_724' title='bbox 840 4893 1101 4959; x_wconf 78' lang='grc' dir='ltr'>Μωῢσῆς</span> <span class='ocrx_word' id='word_1_725' title='bbox 1152 4893 1361 4961; x_wconf 71' lang='grc' dir='ltr'>ὔψωσε</span> <span class='ocrx_word' id='word_1_726' title='bbox 1406 4893 1513 4945; x_wconf 73' lang='grc' dir='ltr'><strong>τὸν</strong></span> <span class='ocrx_word' id='word_1_727' title='bbox 1568 4892 1707 4960; x_wconf 57' lang='grc' dir='ltr'>ὄριν-</span> <span class='ocrx_word' id='word_1_728' title='bbox 1758 4893 1827 4945; x_wconf 76' lang='grc' dir='ltr'><strong>ὲν</strong></span> <span class='ocrx_word' id='word_1_729' title='bbox 1882 4890 1957 4961; x_wconf 76' lang='grc' dir='ltr'>τῇ</span> 
     </span>
    </p>
   </div>
   <div class='ocr_carea' id='block_1_97' title="bbox 376 4984 1957 5056">
    <p class='ocr_par' dir='ltr' id='par_1_97' title="bbox 376 4984 1957 5056">
     <span class='ocr_line' id='line_1_97' title="bbox 376 4984 1957 5056; baseline -0.003 -17"><span class='ocrx_word' id='word_1_730' title='bbox 376 4988 607 5056; x_wconf 77' lang='grc' dir='ltr'>ἐρήμῳ,</span> <span class='ocrx_word' id='word_1_731' title='bbox 654 4986 841 5050; x_wconf 79' lang='grc' dir='ltr'>οὕτως</span> <span class='ocrx_word' id='word_1_732' title='bbox 872 4984 1185 5052; x_wconf 70' lang='grc' dir='ltr'>ὑψωθῆναι</span> <span class='ocrx_word' id='word_1_733' title='bbox 1227 4984 1323 5037; x_wconf 85' lang='grc' dir='ltr'><strong>δεῖ</strong></span> <span class='ocrx_word' id='word_1_734' title='bbox 1375 4984 1481 5037; x_wconf 80' lang='grc' dir='ltr'><strong>τὸν</strong></span> <span class='ocrx_word' id='word_1_735' title='bbox 1527 4985 1667 5037; x_wconf 78' lang='grc' dir='ltr'><strong>Υἱὸν</strong></span> <span class='ocrx_word' id='word_1_736' title='bbox 1714 4984 1819 5037; x_wconf 82' lang='grc' dir='ltr'><strong>τοῦ</strong></span> <span class='ocrx_word' id='word_1_737' title='bbox 1854 4985 1957 5037; x_wconf 76' lang='grc' dir='ltr'><strong>άν-</strong></span> 
     </span>
    </p>
   </div>
   <div class='ocr_carea' id='block_1_98' title="bbox 379 5073 1954 5147">
    <p class='ocr_par' dir='ltr' id='par_1_98' title="bbox 379 5073 1954 5147">
     <span class='ocr_line' id='line_1_98' title="bbox 379 5073 1954 5147; baseline -0.005 -12"><span class='ocrx_word' id='word_1_738' title='bbox 379 5078 648 5147; x_wconf 76' lang='grc' dir='ltr'>ορώπου,</span> <span class='ocrx_word' id='word_1_739' title='bbox 717 5078 818 5130; x_wconf 80' lang='grc' dir='ltr'><strong>ἵνα</strong></span> <span class='ocrx_word' id='word_1_740' title='bbox 870 5075 988 5140; x_wconf 83' lang='grc' dir='ltr'>πᾶς</span> <span class='ocrx_word' id='word_1_741' title='bbox 1042 5077 1075 5128; x_wconf 85' lang='grc' dir='ltr'><em>ὀ</em></span> <span class='ocrx_word' id='word_1_742' title='bbox 1127 5075 1434 5128; x_wconf 78' lang='grc' dir='ltr'>πιστεύων</span> <span class='ocrx_word' id='word_1_743' title='bbox 1482 5076 1569 5140; x_wconf 80' lang='grc' dir='ltr'>εἰς</span> <span class='ocrx_word' id='word_1_744' title='bbox 1629 5073 1818 5128; x_wconf 80' lang='grc' dir='ltr'>αὑτὸν</span> <span class='ocrx_word' id='word_1_745' title='bbox 1866 5074 1954 5143; x_wconf 74' lang='grc' dir='ltr'>μὴ</span> 
     </span>
    </p>
   </div>
   <div class='ocr_carea' id='block_1_99' title="bbox 379 5166 1491 5238">
    <p class='ocr_par' dir='ltr' id='par_1_99' title="bbox 379 5166 1491 5238">
     <span class='ocr_line' id='line_1_99' title="bbox 379 5166 1491 5238; baseline -0.004 -13"><span class='ocrx_word' id='word_1_746' title='bbox 379 5172 702 5238; x_wconf 74' lang='grc' dir='ltr'>ἀπόληται,</span> <span class='ocrx_word' id='word_1_747' title='bbox 734 5168 872 5224; x_wconf 68' lang='grc' dir='ltr'>ἀλλ’</span> <span class='ocrx_word' id='word_1_748' title='bbox 904 5170 1015 5237; x_wconf 79' lang='grc' dir='ltr'><strong>ἔχῃ</strong></span> <span class='ocrx_word' id='word_1_749' title='bbox 1055 5168 1207 5235; x_wconf 78' lang='grc' dir='ltr'><strong>ζωὴν</strong></span> <span class='ocrx_word' id='word_1_750' title='bbox 1230 5166 1491 5222; x_wconf 76' lang='grc' dir='ltr'><strong>αἰώνιον.</strong></span> 
     </span>
    </p>
   </div>
   <div class='ocr_carea' id='block_1_100' title="bbox 464 5259 1959 5332">
    <p class='ocr_par' dir='ltr' id='par_1_100' title="bbox 464 5259 1959 5332">
     <span class='ocr_line' id='line_1_100' title="bbox 464 5259 1959 5332; baseline -0.003 -16"><span class='ocrx_word' id='word_1_751' title='bbox 464 5263 965 5332; x_wconf 81' lang='grc' dir='ltr'>Ἀπολογησάμενος</span> <span class='ocrx_word' id='word_1_752' title='bbox 990 5260 1323 5332; x_wconf 81' lang='grc' dir='ltr'>ἀρκούντως,</span> <span class='ocrx_word' id='word_1_753' title='bbox 1357 5262 1452 5313; x_wconf 76' lang='grc' dir='ltr'><strong>καὶ</strong></span> <span class='ocrx_word' id='word_1_754' title='bbox 1484 5262 1581 5331; x_wconf 80' lang='grc' dir='ltr'><strong>τὴν</strong></span> <span class='ocrx_word' id='word_1_755' title='bbox 1607 5260 1788 5313; x_wconf 74' lang='grc' dir='ltr'>αἰτίαν</span> <span class='ocrx_word' id='word_1_756' title='bbox 1812 5259 1959 5330; x_wconf 81' lang='grc' dir='ltr'>αὐτῷ</span> 
     </span>
    </p>
   </div>
   <div class='ocr_carea' id='block_1_101' title="bbox 381 5351 1960 5424">
    <p class='ocr_par' dir='ltr' id='par_1_101' title="bbox 381 5351 1960 5424">
     <span class='ocr_line' id='line_1_101' title="bbox 381 5351 1960 5424; baseline -0.003 -17"><span class='ocrx_word' id='word_1_757' title='bbox 381 5353 650 5424; x_wconf 74' lang='grc' dir='ltr'>παραθεὶς</span> <span class='ocrx_word' id='word_1_758' title='bbox 672 5394 685 5414; x_wconf 87' lang='grc'><strong>,</strong></span> <span class='ocrx_word' id='word_1_759' title='bbox 730 5353 797 5406; x_wconf 77' lang='grc' dir='ltr'>δι’</span> <span class='ocrx_word' id='word_1_760' title='bbox 835 5353 903 5423; x_wconf 82' lang='grc' dir='ltr'>ἦν</span> <span class='ocrx_word' id='word_1_761' title='bbox 935 5354 1033 5406; x_wconf 78' lang='grc' dir='ltr'><strong>οὐκ</strong></span> <span class='ocrx_word' id='word_1_762' title='bbox 1076 5355 1155 5416; x_wconf 86' lang='grc' dir='ltr'><strong>είς</strong></span> <span class='ocrx_word' id='word_1_763' title='bbox 1189 5352 1424 5423; x_wconf 81' lang='grc' dir='ltr'>ἄμετρόν</span> <span class='ocrx_word' id='word_1_764' title='bbox 1452 5369 1504 5403; x_wconf 92' lang='grc' dir='ltr'><strong>τι</strong></span> <span class='ocrx_word' id='word_1_765' title='bbox 1553 5352 1647 5404; x_wconf 76' lang='grc' dir='ltr'>καὶ</span> <span class='ocrx_word' id='word_1_766' title='bbox 1683 5351 1960 5422; x_wconf 79' lang='grc' dir='ltr'>ὑπερφυὲς</span> 
     </span>
    </p>
   </div>
   <div class='ocr_carea' id='block_1_102' title="bbox 382 5439 1958 5513">
    <p class='ocr_par' dir='ltr' id='par_1_102' title="bbox 382 5439 1958 5513">
     <span class='ocr_line' id='line_1_102' title="bbox 382 5439 1958 5513; baseline -0.003 -18"><span class='ocrx_word' id='word_1_767' title='bbox 382 5445 411 5495; x_wconf 89' lang='grc' dir='ltr'>ὁ</span> <span class='ocrx_word' id='word_1_768' title='bbox 435 5441 535 5511; x_wconf 84' lang='grc' dir='ltr'>τῆς</span> <span class='ocrx_word' id='word_1_769' title='bbox 561 5443 693 5511; x_wconf 75' lang='grc' dir='ltr'>πρὸς</span> <span class='ocrx_word' id='word_1_770' title='bbox 721 5443 882 5495; x_wconf 83' lang='grc' dir='ltr'>αὐτὸν</span> <span class='ocrx_word' id='word_1_771' title='bbox 907 5442 1254 5504; x_wconf 79' lang='grc' dir='ltr'>διδασκαλίας</span> <span class='ocrx_word' id='word_1_772' title='bbox 1276 5440 1565 5513; x_wconf 79' lang='grc' dir='ltr'>ἀνατρέχει</span> <span class='ocrx_word' id='word_1_773' title='bbox 1591 5439 1768 5507; x_wconf 84' lang='grc' dir='ltr'>λόγος,</span> <span class='ocrx_word' id='word_1_774' title='bbox 1793 5456 1958 5493; x_wconf 84' lang='grc' dir='ltr'>κατα-</span> 
     </span>
    </p>
   </div>
   <div class='ocr_carea' id='block_1_103' title="bbox 384 5527 1961 5594">
    <p class='ocr_par' dir='ltr' id='par_1_103' title="bbox 384 5527 1961 5594">
     <span class='ocr_line' id='line_1_103' title="bbox 384 5527 1961 5594; baseline -0.002 -11"><span class='ocrx_word' id='word_1_775' title='bbox 384 5530 560 5584; x_wconf 75' lang='grc' dir='ltr'>ϐαίνει</span> <span class='ocrx_word' id='word_1_776' title='bbox 597 5532 758 5584; x_wconf 77' lang='grc' dir='ltr'>πάλιν</span> <span class='ocrx_word' id='word_1_777' title='bbox 788 5531 879 5584; x_wconf 71' lang='grc' dir='ltr'><strong>ἐπὶ</strong></span> <span class='ocrx_word' id='word_1_778' title='bbox 917 5530 986 5583; x_wconf 69' lang='grc' dir='ltr'>τὰ</span> <span class='ocrx_word' id='word_1_779' title='bbox 1032 5530 1119 5583; x_wconf 69' lang='grc' dir='ltr'><strong>διὰ</strong></span> <span class='ocrx_word' id='word_1_780' title='bbox 1164 5528 1408 5594; x_wconf 86' lang='grc' dir='ltr'>Μωσέως</span> <span class='ocrx_word' id='word_1_781' title='bbox 1467 5528 1713 5592; x_wconf 85' lang='grc' dir='ltr'>τυπικῶς</span> <span class='ocrx_word' id='word_1_782' title='bbox 1756 5527 1961 5582; x_wconf 82' lang='grc' dir='ltr'>ἄνωθεν</span> 
     </span>
    </p>
   </div>
   <div class='ocr_carea' id='block_1_104' title="bbox 382 5618 1957 5692">
    <p class='ocr_par' dir='ltr' id='par_1_104' title="bbox 382 5618 1957 5692">
     <span class='ocr_line' id='line_1_104' title="bbox 382 5618 1957 5692; baseline -0.001 -18"><span class='ocrx_word' id='word_1_783' title='bbox 382 5622 761 5692; x_wconf 75' lang='grc' dir='ltr'>γεγενημένα,</span> <span class='ocrx_word' id='word_1_784' title='bbox 804 5620 1195 5691; x_wconf 83' lang='grc' dir='ltr'>χειραγωγίαις</span> <span class='ocrx_word' id='word_1_785' title='bbox 1245 5621 1443 5692; x_wconf 78' lang='grc' dir='ltr'>μᾶλλον</span> <span class='ocrx_word' id='word_1_786' title='bbox 1490 5621 1652 5675; x_wconf 79' lang='grc' dir='ltr'>αὑτὸν</span> <span class='ocrx_word' id='word_1_787' title='bbox 1697 5620 1817 5683; x_wconf 87' lang='grc' dir='ltr'>ταῖς</span> <span class='ocrx_word' id='word_1_788' title='bbox 1869 5618 1957 5673; x_wconf 64' lang='grc' dir='ltr'>διὰ</span> 
     </span>
    </p>
   </div>
   <div class='ocr_carea' id='block_1_105' title="bbox 461 5798 1151 5864">
    <p class='ocr_par' dir='ltr' id='par_1_105' title="bbox 461 5798 1151 5864">
     <span class='ocr_line' id='line_1_105' title="bbox 461 5798 1151 5864; baseline 0.001 -9"><span class='ocrx_word' id='word_1_789' title='bbox 461 5800 505 5833; x_wconf 80' lang='grc'><strong>⁸⁷</strong></span> <span class='ocrx_word' id='word_1_790' title='bbox 540 5798 732 5855; x_wconf 77' lang='lat' dir='ltr'><strong>Matth.</strong></span> <span class='ocrx_word' id='word_1_791' title='bbox 770 5814 928 5863; x_wconf 61' lang='grc' dir='ltr'>χχιιι,</span> <span class='ocrx_word' id='word_1_792' title='bbox 948 5799 1038 5864; x_wconf 84' lang='grc'>⁸57,</span> <span class='ocrx_word' id='word_1_793' title='bbox 1058 5801 1151 5857; x_wconf 80' lang='lat'><strong>38.</strong></span> 
     </span>
    </p>
   </div>
   <div class='ocr_carea' id='block_1_106' title="bbox 2062 4714 3287 4792">
    <p class='ocr_par' dir='ltr' id='par_1_106' title="bbox 2062 4714 3287 4792">
     <span class='ocr_line' id='line_1_106' title="bbox 2062 4714 3287 4792; baseline -0.014 -6"><span class='ocrx_word' id='word_1_794' title='bbox 2062 4730 2221 4787; x_wconf 81' lang='lat' dir='ltr'><strong>nituti</strong></span> <span class='ocrx_word' id='word_1_795' title='bbox 2251 4726 2608 4786; x_wconf 82' lang='lat' dir='ltr'><strong>conveniunt,</strong></span> <span class='ocrx_word' id='word_1_796' title='bbox 2638 4721 2792 4792; x_wconf 85' lang='lat' dir='ltr'><strong>quasi</strong></span> <span class='ocrx_word' id='word_1_797' title='bbox 2825 4721 2945 4789; x_wconf 89' lang='lat' dir='ltr'><strong>ipse</strong></span> <span class='ocrx_word' id='word_1_798' title='bbox 2974 4731 3171 4787; x_wconf 88' lang='lat' dir='ltr'><strong>passus</strong></span> <span class='ocrx_word' id='word_1_799' title='bbox 3196 4714 3287 4769; x_wconf 89' lang='lat' dir='ltr'><strong>sit.</strong></span> 
     </span>
    </p>
   </div>
   <div class='ocr_carea' id='block_1_107' title="bbox 2135 4873 3630 4948">
    <p class='ocr_par' dir='ltr' id='par_1_107' title="bbox 2135 4873 3630 4948">
     <span class='ocr_line' id='line_1_107' title="bbox 2135 4873 3630 4948; baseline -0.015 -7"><span class='ocrx_word' id='word_1_800' title='bbox 2135 4886 2227 4948; x_wconf 86' lang='lat' dir='ltr'><strong>Ill,</strong></span> <span class='ocrx_word' id='word_1_801' title='bbox 2265 4884 2465 4947; x_wconf 56' lang='lat'><strong>15,15.</strong></span> <span class='ocrx_word' id='word_1_802' title='bbox 2509 4881 2574 4934; x_wconf 78' lang='lat' dir='ltr'><strong>Et</strong></span> <span class='ocrx_word' id='word_1_803' title='bbox 2609 4880 2745 4934; x_wconf 87' lang='lat' dir='ltr'><strong>sicut</strong></span> <span class='ocrx_word' id='word_1_804' title='bbox 2797 4876 3004 4945; x_wconf 81' lang='lat' dir='ltr'><strong>Moyses</strong></span> <span class='ocrx_word' id='word_1_805' title='bbox 3047 4873 3303 4929; x_wconf 72' lang='lat' dir='ltr'><strong>exultavit</strong></span> <span class='ocrx_word' id='word_1_806' title='bbox 3342 4876 3630 4936; x_wconf 79' lang='lat' dir='ltr'><strong>serpentem</strong></span> 
     </span>
    </p>
   </div>
   <div class='ocr_carea' id='block_1_108' title="bbox 2064 4960 3633 5034">
    <p class='ocr_par' dir='ltr' id='par_1_108' title="bbox 2064 4960 3633 5034">
     <span class='ocr_line' id='line_1_108' title="bbox 2064 4960 3633 5034; baseline -0.013 -4"><span class='ocrx_word' id='word_1_807' title='bbox 2064 4979 2116 5031; x_wconf 85' lang='lat' dir='ltr'><strong>in</strong></span> <span class='ocrx_word' id='word_1_808' title='bbox 2155 4975 2378 5033; x_wconf 81' lang='lat' dir='ltr'><strong>deserto.</strong></span> <span class='ocrx_word' id='word_1_809' title='bbox 2406 4973 2481 5024; x_wconf 88' lang='lat' dir='ltr'><strong>ita</strong></span> <span class='ocrx_word' id='word_1_810' title='bbox 2530 4968 2762 5022; x_wconf 75' lang='lat' dir='ltr'><strong>exaltari</strong></span> <span class='ocrx_word' id='word_1_811' title='bbox 2794 4975 2994 5034; x_wconf 82' lang='lat' dir='ltr'><strong>oportet</strong></span> <span class='ocrx_word' id='word_1_812' title='bbox 3029 4963 3227 5016; x_wconf 83' lang='lat' dir='ltr'><strong>Filium</strong></span> <span class='ocrx_word' id='word_1_813' title='bbox 3265 4960 3516 5020; x_wconf 72' lang='lat' dir='ltr'><strong>hominis,</strong></span> <span class='ocrx_word' id='word_1_814' title='bbox 3572 4962 3633 5011; x_wconf 75' lang='lat' dir='ltr'><strong>ut</strong></span> 
     </span>
    </p>
   </div>
   <div class='ocr_carea' id='block_1_109' title="bbox 2064 5048 3630 5134">
    <p class='ocr_par' dir='ltr' id='par_1_109' title="bbox 2064 5048 3630 5134">
     <span class='ocr_line' id='line_1_109' title="bbox 2064 5048 3630 5134; baseline -0.011 -15"><span class='ocrx_word' id='word_1_815' title='bbox 2064 5068 2232 5121; x_wconf 84' lang='lat' dir='ltr'><strong>omnis</strong></span> <span class='ocrx_word' id='word_1_816' title='bbox 2289 5066 2377 5134; x_wconf 83' lang='lat' dir='ltr'><strong>qui</strong></span> <span class='ocrx_word' id='word_1_817' title='bbox 2420 5063 2585 5117; x_wconf 87' lang='lat' dir='ltr'><strong>credit</strong></span> <span class='ocrx_word' id='word_1_818' title='bbox 2621 5063 2674 5115; x_wconf 88' lang='lat' dir='ltr'><strong>in</strong></span> <span class='ocrx_word' id='word_1_819' title='bbox 2717 5061 2888 5129; x_wconf 74' lang='lat' dir='ltr'><strong>ipsum</strong></span> <span class='ocrx_word' id='word_1_820' title='bbox 2941 5074 3043 5110; x_wconf 87' lang='lat' dir='ltr'><strong>non</strong></span> <span class='ocrx_word' id='word_1_821' title='bbox 3087 5061 3281 5120; x_wconf 86' lang='lat' dir='ltr'><strong>pereat,</strong></span> <span class='ocrx_word' id='word_1_822' title='bbox 3319 5049 3408 5104; x_wconf 88' lang='lat' dir='ltr'><strong>sed</strong></span> <span class='ocrx_word' id='word_1_823' title='bbox 3442 5048 3630 5103; x_wconf 84' lang='lat' dir='ltr'><strong>habeat</strong></span> 
     </span>
    </p>
   </div>
   <div class='ocr_carea' id='block_1_110' title="bbox 2062 5162 2521 5216">
    <p class='ocr_par' dir='ltr' id='par_1_110' title="bbox 2062 5162 2521 5216">
     <span class='ocr_line' id='line_1_110' title="bbox 2062 5162 2521 5216; baseline -0.013 0"><span class='ocrx_word' id='word_1_824' title='bbox 2062 5162 2225 5216; x_wconf 79' lang='lat' dir='ltr'><strong>vitam</strong></span> <span class='ocrx_word' id='word_1_825' title='bbox 2251 5169 2521 5214; x_wconf 70' lang='lat' dir='ltr'><strong>cateruam.</strong></span> 
     </span>
    </p>
   </div>
   <div class='ocr_carea' id='block_1_111' title="bbox 2130 5232 3629 5320">
    <p class='ocr_par' dir='ltr' id='par_1_111' title="bbox 2130 5232 3629 5320">
     <span class='ocr_line' id='line_1_111' title="bbox 2130 5232 3629 5320; baseline -0.012 -15"><span class='ocrx_word' id='word_1_826' title='bbox 2130 5251 2430 5320; x_wconf 81' lang='lat' dir='ltr'><strong>Postquam</strong></span> <span class='ocrx_word' id='word_1_827' title='bbox 2476 5248 2730 5303; x_wconf 85' lang='lat' dir='ltr'><strong>idoneam</strong></span> <span class='ocrx_word' id='word_1_828' title='bbox 2781 5256 3004 5298; x_wconf 82' lang='lat' dir='ltr'><strong>causam</strong></span> <span class='ocrx_word' id='word_1_829' title='bbox 3051 5237 3236 5291; x_wconf 87' lang='lat' dir='ltr'><strong>attulit</strong></span> <span class='ocrx_word' id='word_1_830' title='bbox 3275 5235 3344 5290; x_wconf 90' lang='lat' dir='ltr'><strong>ob</strong></span> <span class='ocrx_word' id='word_1_831' title='bbox 3384 5248 3549 5303; x_wconf 89' lang='lat' dir='ltr'><strong>quam</strong></span> <span class='ocrx_word' id='word_1_832' title='bbox 3580 5232 3629 5288; x_wconf 90' lang='lat' dir='ltr'><strong>ei</strong></span> 
     </span>
    </p>
   </div>
   <div class='ocr_carea' id='block_1_112' title="bbox 2061 5322 3634 5410">
    <p class='ocr_par' dir='ltr' id='par_1_112' title="bbox 2061 5322 3634 5410">
     <span class='ocr_line' id='line_1_112' title="bbox 2061 5322 3634 5410; baseline -0.012 -16"><span class='ocrx_word' id='word_1_833' title='bbox 2061 5357 2151 5395; x_wconf 88' lang='lat' dir='ltr'><strong>res</strong></span> <span class='ocrx_word' id='word_1_834' title='bbox 2189 5355 2362 5410; x_wconf 86' lang='lat' dir='ltr'><strong>supra</strong></span> <span class='ocrx_word' id='word_1_835' title='bbox 2410 5346 2631 5405; x_wconf 84' lang='lat' dir='ltr'><strong>captum</strong></span> <span class='ocrx_word' id='word_1_836' title='bbox 2679 5342 2735 5388; x_wconf 89' lang='lat' dir='ltr'><strong>et</strong></span> <span class='ocrx_word' id='word_1_837' title='bbox 2773 5339 3028 5386; x_wconf 87' lang='lat' dir='ltr'><strong>naturam</strong></span> <span class='ocrx_word' id='word_1_838' title='bbox 3076 5340 3183 5380; x_wconf 90' lang='lat' dir='ltr'><strong>non</strong></span> <span class='ocrx_word' id='word_1_839' title='bbox 3223 5323 3487 5393; x_wconf 82' lang='lat' dir='ltr'><strong>exponit,</strong></span> <span class='ocrx_word' id='word_1_840' title='bbox 3538 5322 3634 5376; x_wconf 87' lang='lat' dir='ltr'><strong>de-</strong></span> 
     </span>
    </p>
   </div>
   <div class='ocr_carea' id='block_1_113' title="bbox 2061 5412 3631 5491">
    <p class='ocr_par' dir='ltr' id='par_1_113' title="bbox 2061 5412 3631 5491">
     <span class='ocr_line' id='line_1_113' title="bbox 2061 5412 3631 5491; baseline -0.012 -6"><span class='ocrx_word' id='word_1_841' title='bbox 2061 5430 2277 5486; x_wconf 84' lang='lat' dir='ltr'><strong>scendit</strong></span> <span class='ocrx_word' id='word_1_842' title='bbox 2330 5443 2525 5484; x_wconf 86' lang='lat' dir='ltr'><strong>rursus</strong></span> <span class='ocrx_word' id='word_1_843' title='bbox 2562 5425 2627 5478; x_wconf 87' lang='lat' dir='ltr'><strong>ad</strong></span> <span class='ocrx_word' id='word_1_844' title='bbox 2663 5439 2725 5477; x_wconf 86' lang='lat' dir='ltr'><strong>ea</strong></span> <span class='ocrx_word' id='word_1_845' title='bbox 2774 5435 2894 5491; x_wconf 62' lang='lat' dir='ltr'><strong>quae</strong></span> <span class='ocrx_word' id='word_1_846' title='bbox 2934 5417 3117 5488; x_wconf 85' lang='lat' dir='ltr'><strong>typice</strong></span> <span class='ocrx_word' id='word_1_847' title='bbox 3165 5414 3309 5469; x_wconf 78' lang='lat' dir='ltr'><strong>facta</strong></span> <span class='ocrx_word' id='word_1_848' title='bbox 3340 5421 3469 5469; x_wconf 89' lang='lat' dir='ltr'><strong>sunt</strong></span> <span class='ocrx_word' id='word_1_849' title='bbox 3498 5412 3631 5466; x_wconf 91' lang='lat' dir='ltr'><strong>olim</strong></span> 
     </span>
    </p>
   </div>
   <div class='ocr_carea' id='block_1_114' title="bbox 2063 5505 3634 5594">
    <p class='ocr_par' dir='ltr' id='par_1_114' title="bbox 2063 5505 3634 5594">
     <span class='ocr_line' id='line_1_114' title="bbox 2063 5505 3634 5594; baseline -0.013 -15"><span class='ocrx_word' id='word_1_850' title='bbox 2063 5540 2094 5579; x_wconf 90' lang='lat' dir='ltr'><strong>a</strong></span> <span class='ocrx_word' id='word_1_851' title='bbox 2121 5523 2331 5594; x_wconf 85' lang='lat' dir='ltr'><strong>Moyse.</strong></span> <span class='ocrx_word' id='word_1_852' title='bbox 2359 5537 2482 5577; x_wconf 90' lang='lat' dir='ltr'><strong>cum</strong></span> <span class='ocrx_word' id='word_1_853' title='bbox 2512 5519 2681 5574; x_wconf 82' lang='lat' dir='ltr'><strong>sciret</strong></span> <span class='ocrx_word' id='word_1_854' title='bbox 2714 5517 2892 5584; x_wconf 91' lang='lat' dir='ltr'><strong>ipsum</strong></span> <span class='ocrx_word' id='word_1_855' title='bbox 2922 5508 3191 5581; x_wconf 83' lang='lat' dir='ltr'><strong>exemplis</strong></span> <span class='ocrx_word' id='word_1_856' title='bbox 3220 5509 3403 5579; x_wconf 90' lang='lat' dir='ltr'><strong>potius</strong></span> <span class='ocrx_word' id='word_1_857' title='bbox 3435 5505 3504 5561; x_wconf 87' lang='lat' dir='ltr'><strong>ad</strong></span> <span class='ocrx_word' id='word_1_858' title='bbox 3538 5522 3634 5559; x_wconf 86' lang='lat' dir='ltr'><strong>ve-</strong></span> 
     </span>
    </p>
   </div>
   <div class='ocr_carea' id='block_1_115' title="bbox 2064 5597 3633 5684">
    <p class='ocr_par' dir='ltr' id='par_1_115' title="bbox 2064 5597 3633 5684">
     <span class='ocr_line' id='line_1_115' title="bbox 2064 5597 3633 5684; baseline -0.012 -12"><span class='ocrx_word' id='word_1_859' title='bbox 2064 5615 2250 5672; x_wconf 85' lang='lat' dir='ltr'><strong>ritatis</strong></span> <span class='ocrx_word' id='word_1_860' title='bbox 2277 5611 2608 5684; x_wconf 88' lang='lat' dir='ltr'><strong>agnitionem</strong></span> <span class='ocrx_word' id='word_1_861' title='bbox 2636 5605 2832 5663; x_wconf 71' lang='lat' dir='ltr'><strong>deduci</strong></span> <span class='ocrx_word' id='word_1_862' title='bbox 2881 5618 3066 5676; x_wconf 87' lang='lat' dir='ltr'><strong>posse,</strong></span> <span class='ocrx_word' id='word_1_863' title='bbox 3096 5615 3259 5674; x_wconf 84' lang='lat' dir='ltr'><strong>quam</strong></span> <span class='ocrx_word' id='word_1_864' title='bbox 3304 5597 3633 5670; x_wconf 85' lang='lat' dir='ltr'><strong>spiritalium</strong></span> 
     </span>
    </p>
   </div>
  </div>
