4118 6556
338 430 455 487 εδδ

1423 429 1487 484 ΙΝ
1524 428 1804 485 JOANNIS
1834 426 2282 486 EVANGELIUM
2322 429 2449 486 LIB.
2489 430 2553 487 Π.

3371 436 3577 505 ,956

333 551 439 621 τὴν
464 550 635 613 οὕτως
669 549 995 619 άξιάγαστον
1018 550 1111 603 τοῦ
1146 550 1279 605 Θεοῦ
1304 552 1396 604 καί
1430 552 1643 622 Πάτρὸς
1680 549 1909 622 ποιησά-

2012 567 2171 608 suum
2205 552 2546 624 unigenitum
2574 552 2802 609 dederit.
2838 572 2855 605 ι
2899 552 3099 608 Audiat
3138 568 3339 610 rursus
3375 552 3575 610 Christi

340 657 495 711 μενοι
523 641 701 712 χάριν.
739 661 756 692 ι
795 640 951 694 Οὕτω
980 641 1089 712 γὰρ
1110 683 1124 703 ,
1174 644 1365 712 φησιν,
1408 644 1691 713 ἠγάπησεν
1720 644 1748 696 6
1777 641 1909 705 Θεὸς

334 732 429 784 τὸν
455 732 695 801 κόσμον,
729 730 869 785 ὥστε
908 733 1000 785 τὸν
1036 733 1162 786 Υἱδν
1196 732 1359 786 αὐτοῦ
1390 733 1479 785 τὸν
1512 733 1774 803 μονογενῆ
1820 731 1909 784 δέ-

336 824 535 877 δωκεν.
574 842 590 873 ι
639 824 909 879 Ἀκουέτω
944 826 1103 878 πάλιν
1135 827 1163 878 6
1188 824 1569 896 Χριστομάχος
1609 822 1907 894 αἱρετικδς,

338 915 437 968 καὶ
474 914 681 983 λεγέτω
722 914 1028 986 παρελθὼν,
1057 916 1108 969 τί
1153 915 1213 969 τὸ
1245 916 1386 986 μέγα
1428 915 1529 984 τῆς
1567 914 1787 984 ἀγάπης
1816 911 1911 966 τοῦ

339 1005 477 1059 Θεοῦ
504 1007 598 1060 καὶ
625 1008 835 1078 Πατρὸς
856 1049 870 1073 ,
906 1007 938 1079 ἢ
968 1006 1083 1071 πῶς
1119 1008 1184 1061 ἂν
1219 1007 1388 1078 αὐτὴν
1417 1008 1643 1070 εἰκότως
1671 1005 1913 1072 ἀποθαυ-

343 1096 623 1166 μάσαιμεν
645 1114 657 1125 ·
683 1096 798 1150 ἀλλ’
826 1098 941 1167 ἐρεῖ
970 1097 1032 1167 δὴ
1065 1099 1284 1159 πάντως
1320 1098 1416 1167 τῆς
1440 1096 1663 1167 ἀγάπης
1683 1094 1912 1165 ὁρᾶσθαι

337 1186 401 1238 τὸ
427 1186 778 1254 ἀξιάγαστον,
810 1189 866 1240 ὲν
900 1186 977 1257 τῷ
1011 1186 1257 1239 δεδόσθαι
1281 1186 1372 1240 τὸν
1398 1186 1529 1239 Υἰὸν
1567 1186 1714 1258 ὑπὲρ
1732 1183 1910 1255 ἡμῶν,

340 1279 438 1331 καὶ
470 1279 631 1332 τοῦτο
659 1280 943 1349 μονογενῆ.
981 1279 1190 1332 Οὐκοῦν
1231 1279 1316 1331 ἵνα
1352 1278 1489 1350 μένῃ
1544 1278 1639 1331 καὶ
1668 1276 1908 1347 σώζηται

344 1368 556 1438 μεγάλη
590 1369 683 1422 τοῦ
708 1369 843 1422 Θεοῦ
872 1371 966 1423 καὶ
991 1370 1206 1440 Πατρὸς
1235 1371 1268 1440 ἡ
1293 1370 1591 1438 ἀγάπησις,
1624 1368 1754 1431 Υἱὸς
1776 1366 1915 1420 νοεί-

342 1456 477 1521 σθω,
505 1459 578 1529 μὴ
611 1458 821 1529 ποίημα
838 1475 851 1489 ’
877 1459 1003 1511 Υἱὸν
1031 1458 1086 1511 δέ
1117 1475 1258 1528 φημι
1288 1458 1377 1511 τὸν
1403 1460 1467 1511 ὲκ
1491 1458 1588 1526 τῆς
1612 1456 1799 1520 οὐσίας
1820 1455 1913 1508 τοῦ

342 1546 577 1618 Πατρός,
630 1548 915 1618 ὁμοούσιον
964 1547 1205 1618 δηλονότι
1256 1546 1335 1617 τῷ
1386 1544 1772 1614 γεγεννηκότι,
1823 1545 1917 1596 καὶ

340 1637 475 1690 Θεὸν
502 1638 672 1701 ὅντως
701 1640 795 1691 καὶ
844 1640 966 1692 κατ’
1004 1638 1287 1710 ἀλήθειαν.
1323 1639 1386 1691 El
1424 1636 1480 1689 δὲ
1515 1636 1658 1689 κατά
1687 1635 1778 1689 τὸν
1825 1634 1915 1688 σδν

340 1728 520 1797 λόγον,
547 1723 593 1783 ὧ
616 1723 789 1794 οὗτος,
821 1730 881 1783 τὸ
921 1732 985 1784 ὲκ
1012 1730 1112 1800 τῆς
1135 1730 1323 1791 οὐσίας
1358 1725 1495 1780 εἶναι
1534 1725 1627 1779 τοῦ
1657 1725 1793 1778 Θεοῦ
1823 1726 1918 1779 καὶ¹

341 1820 557 1891 Πατρός
584 1822 684 1875 οὐκ
710 1822 851 1891 ἔχει,
893 1823 986 1875 καὶ
1015 1823 1077 1875 τὸ
1110 1819 1252 1875 εἰναι
1282 1820 1424 1874 κατά
1465 1818 1628 1889 φύσιν
1659 1818 1786 1882 Υἱὸς
1820 1818 1913 1871 καὶ

340 1890 474 1976 Θεὸς
503 1890 900 1980 συναποϐαλεῖ,
942 1914 1037 1968 καὶ
1075 1915 1306 1986 ἀργήσει
1344 1912 1533 1965 λοιπὸν
1574 1911 1630 1964 τὸ
1674 1910 1911 1979 περίπυ-
1945 1890 1986 1943 Β

342 2023 468 2058 στον
507 2005 691 2077 θαῦμα
726 2007 825 2076 τῆς
865 2008 1085 2078 ἀγάπης
1121 2006 1216 2060 τοῦ
1265 2005 1495 2075 Πατρός.
1544 2004 1764 2073 Ποίημα
1804 2001 1913 2073 γὰρ

341 2096 665 2166 ποιημάτων
700 2097 988 2168 ἠλλάξατο,
1022 2098 1116 2151 καὶ
1150 2098 1246 2167 οὐχ
1270 2098 1397 2150 Υἰὺν
1421 2094 1635 2166 ἀληθῶς
1660 2112 1673 2125 ·
1705 2093 1829 2163 εἰκῆ
1858 2091 1914 2145 δὲ

338 2188 491 2256 ἡμᾶς
538 2188 632 2241 καὶ
679 2190 707 2241 6
764 2188 1029 2261 μακάριος
1089 2188 1300 2252 Παῦλος
1355 2187 1645 2260 θορυϐήσει
1701 2186 1909 2254 λέγων’

344 2295 363 2327 ι
399 2275 679 2347 Δθετήσας
728 2295 811 2342 τις
858 2278 1022 2350 νόμον
1076 2280 1353 2345 Μωσέως,
1402 2280 1575 2349 χωρὶς
1613 2275 1914 2347 οἰκτιρμῶν

336 2369 434 2422 ἐπὶ
483 2369 633 2422 δυσὶν
681 2370 713 2440 ἢ
779 2373 957 2443 τρισὶν
1014 2373 1281 2443 μάρτυσιν
1332 2371 1701 2441 ἀποθνήσκει,
1756 2368 1906 2438 πόσῳ

336 2457 549 2511 δοκεῖτε
600 2459 842 2529 χείρονος
889 2459 1250 2532 ἀξιωθήσεται
1288 2461 1556 2532 τιμωρίας
1602 2461 1630 2512 6
1667 2460 1757 2512 τὸν
1785 2458 1912 2512 Υἰδν

335 2548 437 2601 τοῦ
464 2548 601 2602 Θεοῦ
626 2552 1057 2622 καταπατήσας;
1091 2571 1109 2602 ι
1148 2554 1467 2605 Καταπατεῖ
1501 2552 1598 2622 μὲν
1629 2551 1738 2621 γάρ
1775 2551 1908 2619 ὁμο-

336 2640 682 2710 λογουμένως
729 2642 756 2693 6
818 2643 1242 2716 καταφρονήσας
1266 2685 1280 2707 ,
1331 2641 1447 2695 ἀλλ’
1500 2643 1598 2711 οὐχ
1656 2641 1732 2705 ὼς
1785 2642 1912 2694 Υἰὸν

334 2730 592 2800 ἀληθινὸν
612 2771 627 2794 ,
677 2732 812 2785 ἀλλά
846 2733 1092 2797 Μωσέως
1121 2732 1407 2804 ὁμόδουλον
1427 2772 1441 2795 ,
1490 2732 1650 2802 εἴπερ
1683 2731 1800 2783 ἐστὶ
1835 2732 1911 2802 τῷ

335 2821 691 2892 πεποιημένῳ
711 2820 773 2873 τὸ
795 2822 1003 2894 ποίημα
1033 2822 1251 2886 πάντως
1276 2821 1524 2890 ἀδελφὺν,
1563 2820 1704 2875 κατά
1727 2838 1790 2889 γε
1821 2821 1910 2873 τὸν

333 2911 429 2965 τοῦ
454 2913 987 2984 πεποιῆσθαιαλόγον,
1013 2915 1116 2969 κᾶν
1135 2918 1254 2979 ταῖς
1277 2916 1357 2979 εἰς
1381 2915 1442 2968 τὸ
1472 2913 1654 2986 μεῖζον
1686 2914 1718 2984 ἢ
1753 2914 1912 2984 ἄμει-

334 3023 426 3058 νον
475 3009 773 3079 ὑπεροχαῖς
818 3010 916 3081 τὴν
961 3012 1149 3082 ἑτέρου
1199 3010 1357 3075 δόξαν
1405 3009 1737 3079 πλεονεκτῇ’
1793 3008 1908 3062 ἀλλ’

336 3098 481 3151 ἐστιν
513 3099 717 3170 ἀληθὴς
746 3102 773 3153 6
802 3102 895 3155 τοῦ
941 3102 1154 3154 Παύλου
1195 3101 1348 3170 λόγος
1375 3120 1388 3133 ’
1439 3100 1823 3171 χαλεπωτέραν
1853 3099 1909 3152 δὲ

337 3188 584 3243 ἀποτίσει
626 3189 724 3260 τὴν
764 3190 920 3261 δίκην
968 3194 994 3245 ὁ
1042 3193 1436 3263 καταπατήσας
1468 3191 1561 3244 τὸν
1607 3191 1734 3243 Υἰδν
1758 3232 1772 3257 ,
1810 3190 1908 3260 οὐχ

2014 644 2190 700 hostis
2231 644 2539 708 haereticus,
2572 657 2635 697 ac
2684 644 2831 698 dicat
2864 643 3063 709 obiter,
3093 643 3227 715 quid
3271 645 3455 714 magni
3484 645 3574 698 ba-

2012 735 2138 790 beat
2193 735 2282 790 Dei
2326 750 2391 789 ac
2438 733 2618 789 Patris
2656 733 2900 799 dilectio,
2935 744 3029 790 aut
3073 734 3351 805 quomodo
3403 736 3575 806 ipsam

2013 828 2207 882 merito
2240 825 2618 882 admiremur?
2663 824 2768 880 Sed
2820 826 3170 895 respondebit
3197 826 3386 896 utique
3430 827 3481 879 in
3514 841 3574 880 ea

2012 918 2305 974 dilectione
2334 916 2386 969 id
2415 915 2568 970 cerni
2590 915 2951 970 admiratione
2970 915 3218 985 dignum,
3246 915 3390 985 quod
3420 916 3577 970 datus

2013 1012 2087 1067 sit
2120 1024 2217 1081 pro
2248 1008 2405 1065 nobis
2433 1007 2627 1074 Filius,
2669 1008 2912 1077 adeoque
2950 1007 3286 1076 unigenitus.
3328 1004 3495 1078 Igitur
3521 1015 3580 1061 ut

2014 1110 2228 1157 constet
2276 1115 2471 1171 magna
2523 1100 2612 1153 illa
2660 1098 2752 1153 Dei
2801 1113 2866 1151 ac
2910 1096 3087 1153 Patris
3136 1098 3378 1163 dilectio,
3408 1097 3578 1152 Filius

2016 1188 2404 1261 intelligendus
2430 1196 2534 1252 est,
2556 1203 2661 1242 non
2695 1198 2972 1242 creatura.
3003 1186 3202 1241 Filium
3226 1196 3403 1242 autem
3433 1186 3576 1250 dico,

2014 1282 2109 1351 qui
2150 1292 2236 1337 est
2285 1296 2349 1337 ex
2390 1281 2697 1337 substantia
2744 1280 2839 1334 Dei
2873 1295 2937 1334 ac
2984 1279 3163 1334 Patris
3204 1279 3488 1343 nimirum,
3528 1278 3578 1332 ei

2015 1373 2523 1437 consubstantialis,
2572 1382 2625 1428 et
2663 1387 2849 1427 revera
2899 1369 3061 1425 Deus.
3114 1369 3273 1437 Quod
3331 1369 3375 1424 si
3424 1368 3579 1437 juxta

2019 1473 2164 1517 tuam
2187 1464 2517 1527 doctrinam,
2543 1478 2576 1517 ο
2609 1462 2862 1533 quisquis
2887 1477 2969 1527 es,
2989 1477 3094 1515 non
3121 1470 3204 1515 est
3229 1476 3294 1515 ex
3320 1459 3581 1515 substan-

2018 1555 2091 1607 tia
2128 1553 2220 1611 Dei
2263 1570 2327 1609 ac
2375 1554 2573 1617 Patris,
2607 1554 2774 1609 simul
2800 1553 2961 1608 etiam
2999 1551 3267 1607 naturalis
3314 1546 3482 1603 Filius
3516 1564 3582 1601 ac

2019 1644 2160 1698 Deus
2203 1659 2327 1699 esse
2372 1643 2605 1709 desinet,
2640 1647 2694 1697 et
2738 1641 2918 1696 inanis
2961 1641 3065 1695 erit
3116 1640 3335 1695 demum
3380 1636 3578 1692 eximia

2019 1736 2108 1791 illa
2141 1743 2195 1791 et
2224 1734 2385 1805 153
2408 1736 2747 1790 admirabilis
2774 1734 2952 1789 Patris
2977 1734 3216 1788 dilectio.
3256 1732 3579 1785 (treaturam

2017 1828 2161 1881 enim
2195 1840 2294 1895 pro
2328 1825 2621 1889 creaturis,
2643 1840 2751 1879 non
2780 1839 2905 1878 vere
2940 1821 3139 1876 Filium
3166 1820 3336 1876 dedit.
3358 1818 3582 1873 Frustra

2015 1933 2145 1973 vero
2174 1915 2333 1971 nobis
2354 1916 2547 1969 beatus
2572 1914 2777 1968 Paulus
2807 1922 3072 1967 terrorem
3110 1911 3321 1981 injiciet
3348 1910 3539 1964 dicens
3565 1925 3578 1961 :

2020 2029 2039 2063 ι
2077 2009 2294 2063 lrritam
2336 2008 2545 2064 faciens
2583 2007 2754 2077 legem
2806 2004 2997 2077 Moysi,
3038 2005 3159 2059 sine
3212 2002 3320 2056 ulla
3355 2000 3584 2055 misera-

2016 2101 2183 2162 tione,
2216 2099 2430 2153 duobus
2459 2098 2545 2152 vel
2588 2097 2767 2151 tribus
2814 2095 3044 2150 testibus
3070 2093 3342 2146 moritur:
3374 2097 3583 2161 quanto

2014 2191 2189 2261 magis
2212 2190 2417 2260 putatis
2441 2189 2716 2244 deteriora
2741 2186 2940 2241 mereri
2972 2184 3243 2254 supplicia
3267 2182 3364 2252 qui
3386 2181 3581 2235 Filium

2015 2281 2109 2336 Dei
2169 2280 2577 2337 conculcaverit
2616 2278 2705 2332 ιιι
2754 2296 2773 2329 ι
2830 2276 3131 2332 Conculcat
3183 2273 3328 2328 enim
3390 2270 3581 2340 procul

2012 2372 2180 2428 dubio
2222 2373 2267 2427 is
2298 2373 2388 2441 qui
2431 2369 2679 2440 spernit,
2711 2367 2863 2437 atqui
2909 2382 3016 2421 non
3054 2374 3112 2419 ut
3138 2363 3335 2418 Filium
3367 2375 3579 2421 verum.

2013 2464 2107 2519 sed
2140 2461 2342 2534 Moysis
2380 2475 2732 2524 conservum,
2765 2460 2809 2513 si
2837 2458 3058 2528 quidem
3100 2462 3353 2510 creatura
3392 2459 3475 2507 est
3504 2451 3580 2505 rei

2011 2561 2209 2608 creatae
2244 2565 2405 2606 soror
2437 2551 2491 2604 in
2521 2552 2733 2604 ratione
2765 2549 2844 2604 rei
2884 2556 3103 2611 creatae,
3140 2547 3269 2600 licet
3315 2542 3583 2613 dignitate

2012 2656 2104 2700 aut
2130 2644 2450 2700 excellentia
2480 2642 2710 2698 alterius
2746 2642 2977 2711 gloriam
3007 2647 3250 2710 superet.
3283 2639 3352 2692 At
3394 2650 3581 2691 verum

2011 2744 2094 2790 est
2126 2734 2278 2789 Pauli
2327 2732 2532 2787 dictum
2572 2750 2587 2788 :
2629 2738 2684 2786 et
2733 2731 3044 2801 graviorem
3085 2743 3303 2800 plenam
3343 2728 3455 2782 luet
3486 2726 3582 2795 qui

2012 2822 2214 2878 Filium
2246 2820 2802 2884 conculcaverit,non
2819 2830 2878 2875 ut
2899 2820 2955 2873 in
2986 2827 3295 2875 creaturam
3322 2831 3580 2887 peccans,

2013 2930 2114 2970 nec
2157 2914 2211 2967 in
2264 2927 2434 2966 unum
2482 2926 2548 2966 ex
2586 2907 2792 2981 Moysis
2822 2908 3131 2964 conservis.
3172 2905 3366 2977 Magna
3417 2905 3584 2975 igitur

2010 3013 2095 3061 est
2133 3020 2197 3061 ac
2243 3003 2681 3074 supernaturalis
2714 3002 2808 3056 illa
2849 3002 3027 3057 Patris
3059 2999 3304 3066 dilectio,
3335 2998 3429 3070 qui
3485 3012 3583 3068 pro

2012 3096 2201 3152 mundi
2252 3097 2362 3150 vita
2414 3096 2567 3149 illum
2608 3109 2674 3149 ex
2720 3094 3006 3165 seipse-et
3051 3093 3333 3163 proprium
3383 3088 3581 3143 Filium

2012 3188 2187 3244 dedit.

335 3284 409 3346 ὡς
429 3286 510 3348 εἰς
530 3286 740 3357 ποεημα
766 3287 1122 3358 πλημμελῶν,
1154 3290 1274 3343 οὐδὲ
1299 3291 1377 3351 εἰς
1419 3290 1514 3341 ἕνα
1551 3288 1660 3341 τῶν
1688 3288 1931 3350 Μωσέως
1967 3285 2290 3357 ὁμοδούλων.
2326 3283 2555 3353 Μεγάλη
2591 3282 2656 3353 δὴ
2696 3277 2791 3336 οὖν
2854 3279 2950 3334 καὶ
3011 3279 3298 3351 ὑπερφυὴς
3330 3279 3363 3350 ἡ
3393 3277 3580 3347 ἀγάπη

335 3374 426 3427 τοῦ
458 3376 671 3445 Πατρδς
693 3377 834 3447 ὑπὲρ
854 3381 953 3448 τῆς
981 3378 1073 3431 τοῦ
1101 3379 1305 3449 κόσμου
1338 3380 1481 3448 ζωῆς
1510 3379 1601 3432 τὸν
1627 3378 1684 3445 ἐξ
1716 3377 1911 3431 ἑαυτοῦ
1950 3378 2041 3430 καὶ
2072 3377 2202 3430 ῐδιον
2226 3373 2390 3429 αὐτοῦ
2417 3373 2709 3437 δεδωκότος
2731 3371 2878 3425 Υἱόν.

407 3470 492 3521 Οὐ
520 3468 631 3537 γὰρ
659 3470 1015 3525 ἀπέστειλεν
1045 3475 1078 3526 ό
1113 3472 1256 3538 Θεὸς
1294 3474 1400 3525 τὸν
1438 3473 1573 3526 Υἱὸν
1600 3472 1786 3527 αὐτοῦ
1817 3474 1905 3537 εἰς

2078 3468 2165 3533 Ill,
2211 3469 2297 3523 l7.
2348 3467 2469 3522 Non
2518 3468 2657 3522 enim
2702 3466 2848 3519 misit
2888 3464 3027 3518 Deus
3080 3462 3282 3516 Filium
3326 3478 3479 3516 suum
3526 3464 3578 3516 in

336 3556 441 3611 εἷεν
490 3557 758 3626 κόσμον,
797 3559 899 3612 ἵνα
953 3559 1129 3628 κρίνῃ
1173 3560 1278 3613 τὸν
1324 3561 1589 3629 κόσμον,
1638 3560 1776 3614 ἀλλ’
1808 3560 1909 3613 ἵνα

336 3646 504 3715 σωθῇ
534 3650 567 3701 ό
603 3649 829 3718 κόσμος
856 3650 930 3703 δι’
958 3651 1164 3704 αὐτοῦ.

404 3740 533 3792 Υἰδν
584 3742 774 3794 ἑαυτὸν
815 3740 1111 3814 διθρῤήδην
1153 3744 1425 3813 ὀνομάσας
1465 3742 1558 3796 τοῦ
1616 3743 1756 3796 Θεοῦ
1817 3744 1911 3800 καὶ

338 3830 572 3900 Πατρὺς,
599 3831 699 3884 οὐκ
728 3833 1114 3905 ἀμαρτύρητον
1140 3836 1232 3905 ὲᾷν
1265 3834 1434 3888 οἴεται
1471 3835 1580 3889 δεῖν
1614 3837 1701 3890 τὸν
1730 3838 1907 3906 λόγον,

336 3919 450 3971 ἀλλ’
481 3922 546 3972 ἐκ
575 3922 672 3991 τῆς
698 3923 807 3977 τῶν
837 3926 1197 3996 πραγμάτων,
1247 3927 1332 3979 ἵνα
1362 3926 1537 3991 οὕτως
1568 3927 1726 3992 εἴπω,
1760 3930 1910 3983 ποιό-

336 4028 497 4081 τητος
546 4012 795 4085 ἐπιφέρει
846 4016 946 4088 τὴν
992 4016 1304 4083 ἀπόδειξιν,
1351 4018 1781 4091 ἀσφαλεστέρους
1831 4021 1912 4083 εἰς

338 4105 517 4157 πίστιν
537 4103 662 4167 τοὺς
692 4107 1073 4178 ἀκροωμένους
1104 4109 1400 4163 ἀποτελῶν.
1435 4110 1510 4162 Οὐ
1539 4111 1646 4181 γὰρ
1674 4113 1912 4166 ἀπεστά-

338 4200 454 4269 λην,
491 4202 649 4271 φησὶ,
682 4199 821 4253 κατὰ
847 4200 935 4253 τὸν
965 4201 1288 4271 ἱεροφάντην
1318 4204 1545 4265 Μωσέα,
1571 4203 1720 4273 νόμῳ
1742 4221 1911 4257 κατα-

338 4291 535 4360 κρίνων
594 4292 691 4362 τὴν
737 4291 1101 4362 οἰκουμένην,
1166 4292 1285 4346 οὐδὲ
1339 4296 1477 4364 πρδς
1532 4294 1747 4365 ἔλεγχον
1810 4299 1908 4366 τῆς

336 4383 611 4453 ἀμαρτὶας
638 4383 875 4455 εἰσφέρω
896 4383 993 4454 τὴν
1020 4384 1255 4454 ἐντολὴν,
1281 4386 1400 4438 οὐδὲ
1422 4388 1698 4457 οἰκετικὴν
1729 4388 1911 4440 ποιοῦ-

339 4489 435 4541 μαι
466 4472 566 4542 τὴν
602 4472 879 4525 διακονίαν
908 4488 921 4501 ·
975 4472 1110 4525 ἀλλά
1164 4473 1409 4544 Δεσπότῃ
1452 4474 1768 4542 πρέπουσαν
1811 4476 1910 4545 τὴν

337 4561 747 4634 φιλανθρωπίαν
807 4561 1084 4631 εἰσφέρω,
1149 4561 1419 4634 ἐλευθερῶ
1464 4564 1523 4616 τὸ
1568 4564 1786 4627 δοῦλον,
1835 4566 1909 4628 ὼς

338 4652 467 4715 Υἱὸς
488 4653 583 4705 καὶ
611 4652 947 4724 κληρονόμος
983 4650 1075 4704 τοῦ
1112 4650 1344 4722 Πατρὸς,
1393 4654 1783 4723 μετασκευάζω
1817 4655 1909 4707 τὸν

335 4744 767 4809 καταδικάζοντα
806 4744 968 4813 νόμον
1000 4745 1080 4807 εἰς
1117 4743 1436 4799 δικαιοῦσαν
1482 4746 1665 4819 χάριν.
1714 4745 1906 4817 ἀνίημι

2012 3566 2284 3630 mundum,
2321 3573 2379 3618 ut
2400 3565 2608 3636 fruticet
2638 3560 2931 3626 “mundum,
2958 3558 3047 3615 sed
3077 3568 3134 3612 ut
3166 3556 3397 3612 salvetur
3430 3574 3571 3612 muu~

2009 3658 2109 3715 dus
2135 3674 2226 3731 per
2249 3660 2448 3730 ipsum.

2079 3749 2347 3816 Quoniam
2378 3749 2578 3804 Filium
2628 3746 2722 3802 Dei
2770 3761 2834 3801 ac
2872 3744 3051 3801 Patris
3099 3742 3343 3814 seipSum
3396 3750 3583 3812 aperte

2009 3843 2335 3908 nominavit,
2380 3842 2435 3897 id
2465 3842 2604 3896 citra
2654 3840 3036 3910 probationem
3066 3838 3272 3892 dictum
3302 3851 3411 3891 non
3442 3834 3580 3899 vult,

2011 3936 2104 3992 sed
2157 3951 2221 3991 ex
2269 3950 2452 3990 rerum
2498 3934 2780 4004 ipsarum,
2835 3938 2895 3985 ut
2930 3932 3005 3985 ita
3056 3930 3266 3995 dicam,
3317 3928 3583 4000 qualitate

1980 4026 2529 4084 demonstrationem
2576 4022 2761 4088 infert,
2801 4023 3084 4077 auditores
3133 4022 3188 4076 in
3240 4019 3345 4074 fide
3376 4018 3580 4074 confir-

2012 4134 2189 4174 mans.
2223 4117 2343 4172 Non
2374 4117 2519 4172 enim
2554 4115 2761 4171 missus
2790 4130 2935 4177 sum,
2992 4113 3192 4182 inquit,
3227 4110 3580 4181 quemadmo-

2010 4212 2138 4267 dum
2173 4226 2456 4267 sacrorum
2500 4208 2593 4263 ille
2634 4208 2912 4276 interpres
2938 4205 3175 4275 Moyses,
3220 4211 3281 4257 ut
3310 4203 3428 4273 lege
3473 4211 3583 4255 ter—

2014 4318 2197 4359 rarum
2231 4301 2418 4356 orbem
2459 4300 2844 4359 condemnem.
2880 4312 3056 4367 neque
3092 4294 3159 4350 ad
3191 4302 3475 4365 peccatum
3502 4308 3583 4347 re-

2011 4393 2388 4464 darguendum
2437 4389 2754 4444 mandatum
2813 4389 2959 4450 fero.
3012 4401 3114 4441 nec
3155 4385 3341 4442 servili
3387 4385 3584 4455 fungor

2012 4481 2342 4542 ministerio,
2389 4479 2483 4535 sed
2516 4479 2733 4549 qualem
2778 4477 3065 4533 Dominum
3095 4476 3285 4532 deceat
3337 4474 3584 4544 betigni-

2010 4578 2177 4626 tatem
2210 4569 2462 4625 exhibeo.
2496 4566 2568 4623 Ut
2606 4566 2782 4623 Filius
2810 4582 2874 4621 ac
2897 4566 3074 4621 heres
3106 4564 3287 4618 Patris
3317 4562 3585 4617 servitute

2013 4660 2261 4715 homines
2298 4659 2494 4723 libero,
2538 4656 3043 4713 condemuatricem
3080 4655 3251 4726 legem
3293 4654 3348 4708 in
3379 4653 3584 4723 justiti—

2011 4758 2225 4805 cantem
2260 4751 2489 4819 gratiam
2540 4759 2846 4811 commuto,
2883 4762 3110 4803 suorum
3145 4746 3437 4800 criminum
3489 4759 3583 4799 ca-

332 4837 432 4906 τῆς
472 4836 748 4906 ἁμαρτίας
774 4836 864 4889 τὸν
892 4835 1003 4888 τῶν
1025 4836 1240 4889 οἰκείων
1272 4813 1758 4909 πλημμελημάτων
1785 4813 1909 4891 κατ·

2013 4844 2155 4900 tenis
2174 4843 2495 4899 constrictis
2526 4851 2745 4913 peccata
2778 4840 2997 4895 remitto
3020 4857 3033 4893 :
3053 4838 3367 4892 salvaturus
3394 4835 3582 4890 orbem

339 4927 678 4998 εσφιγμένον
723 4929 950 4996 σειραῖς,
980 4927 1277 4980 ἀνασώσων
1320 4928 1419 4999 τὴν
1454 4927 1811 5000 οἰκουμένην,
1844 4931 1905 4983 οὐ

332 5018 678 5089 κατακρίνων
722 5016 973 5088 ἐλήλυθα.
1010 5017 1155 5070 Ἔδει
1201 5016 1330 5088 γὰρ,
1373 5018 1478 5071 ἔδει
1529 5021 1732 5073 Μωσέα
1785 5021 1903 5089 μὲν,

331 5111 518 5180 φησὶν,
559 5109 635 5171 ὡς
661 5109 875 5178 οἰκέτην
901 5109 1067 5178 νόμου
1094 5107 1188 5161 τοῦ
1213 5111 1629 5179 κατακρίνοντος
1654 5112 1906 5178 γενέσθαι

329 5200 597 5263 διάκονον,
639 5199 737 5270 ἐμὲ
777 5199 833 5252 δὲ
880 5199 954 5262 ὡς
993 5199 1125 5251 Υἰὸν
1156 5199 1417 5268 καὶβεὺν
1463 5204 1563 5271 τῆς
1598 5202 1693 5254 τοῦ
1740 5203 1905 5274 νόμου

332 5292 577 5362 κατάρας
625 5291 883 5344 ἀπολύειν
933 5291 1032 5362 τὴν
1080 5291 1443 5361 οἰκουμένην,
1508 5292 1601 5345 καὶ
1657 5296 1776 5357 ταῖς
1829 5296 1908 5358 εἰς

335 5382 745 5452 φιλανθρωπίαν
781 5381 1111 5452 ὑπερϐολαῖς
1162 5382 1497 5453 θεραπεῦσαι
1555 5383 1648 5437 τοῦ
1700 5386 1906 5456 κόσμου

333 5470 427 5541 τὴν
451 5472 760 5525 ἀσθένειαν.
794 5472 854 5524 El
881 5471 936 5524 δὲ
962 5472 1202 5541 ἀμείνων
1237 5475 1268 5543 ἠ
1303 5472 1583 5526 δικαιοῦσα
1618 5475 1776 5543 χάρις
1807 5479 1907 5545 τῆς

336 5562 769 5634 κατακρινούσης
793 5563 1031 5630 ἐντολῆς,
1062 5564 1178 5626 πῶς
1202 5566 1301 5617 οὐκ
1325 5564 1617 5618 ἀκόλουθον
1640 5566 1739 5636 ἤδη
1769 5569 1905 5619 νοεῖν

337 5653 393 5704 τὸ
421 5653 691 5707 οἰκετικὸν
736 5653 1052 5707 ἀναϐαίνειν
1079 5655 1275 5726 μέτρον
1315 5655 1406 5709 τὸν
1448 5655 1590 5709 οὕτω
1628 5655 1906 5727 θεοπρεπῆ

419 5828 460 5858 ’²
487 5826 653 5883 llebr.
696 5845 747 5892 χ,
776 5829 866 5892 ‘28,
898 5830 988 5885 ‘29.

2012 4945 2326 5002 terrarum,
2382 4950 2489 4989 non
2540 4934 3017 4988 condemnaturus
3076 4930 3223 4983 veni.
3286 4926 3583 4997 Oportebat

2013 5027 2181 5092 enim,
2219 5026 2414 5095 inquit,
2446 5024 2663 5095 Moysen
2707 5029 2766 5076 ut
2812 5021 3072 5076 famulum
3127 5017 3405 5078 nimirum,
3451 5030 3581 5068 con-

2008 5117 2366 5173 demnatricis
2396 5116 2531 5185 legis
2571 5114 2884 5169 ministrum
2919 5126 3064 5174 esse,
3099 5125 3183 5163 me
3224 5122 3377 5167 vero,
3399 5112 3459 5159 ut
3501 5103 3583 5159 Fi-

2009 5209 2143 5263 lium
2181 5222 2244 5261 ac
2280 5206 2471 5271 Deum,
2504 5204 2888 5260 exsecratione
2916 5200 3054 5270 legis
3084 5198 3273 5252 orbem
3310 5204 3581 5251 terrarum

2010 5299 2310 5361 vindicare,
2329 5307 2384 5351 et
2407 5294 2757 5365 benignitatis
2786 5289 3177 5359 exsuperantia
3205 5286 3580 5343 infirmitatem

2012 5389 2201 5445 mundi
2231 5403 2445 5443 curare.
2471 5384 2629 5451 Quod
2666 5384 2711 5440 si
2739 5380 3052 5450 justifieans
3084 5380 3260 5451 gratia
3294 5379 3475 5451 potior
3500 5389 3580 5434 est

2012 5478 2271 5532 mandato
2328 5472 2801 5534 condemnatorio,
2846 5470 2938 5541 qui
2986 5485 3093 5524 non
3148 5478 3579 5527 consentaneum

2011 5578 2098 5624 est
2137 5567 2393 5624 arbitrari
2418 5565 2669 5621 servilem
2703 5562 3080 5618 conditionem
3104 5562 3258 5617 illum
3297 5560 3578 5623 excedere.

2012 5659 2104 5730 qui
2141 5664 2467 5731 potestatem
2505 5670 2616 5727 pra:
2663 5670 2721 5711 se
2761 5652 2866 5710 fert
2909 5652 3049 5709 adeo
3081 5653 3343 5719 divinam,
3365 5659 3420 5707 et
3454 5666 3580 5721 pee-
