4118 6536
1662 374 1719 431 S.
1762 377 2039 437 CYRILLI
2076 384 2542 446 ALEXANDRINI
2574 394 2888 453 ARClllEP.

633 477 742 531 cati
779 476 1013 537 vinculis
1043 481 1319 543 hominem
1352 488 1587 548 liberat?
1629 492 1747 551 Una
1779 499 1893 557 haec
1921 503 2091 574 igitur
2114 522 2150 562 e;

636 565 784 599 πει
827 585 926 599 νυν.
969 570 1174 599 :......t-..
1232 586 1288 599 --Α
1324 580 1469 599 ,ωεη
1661 588 1675 599 .
2098 598 2101 599 ,

2250 511 2399 581 ιτὴν
2443 512 2691 579 ἐξουσίαν
2737 518 3089 589 εἰσφέροντα.
3152 523 3245 576 καὶ
3290 524 3401 577 τῶν
3453 526 3553 597 τῆς
3602 528 3881 599 ἁμαρτίας

635 565 794 638 154I
825 585 927 624 nec
966 570 1198 643 insulsa,
1232 586 1290 633 ut
1317 580 1535 651 opinor,
1564 588 1854 645 verborum
1886 598 2150 666 propositi

635 673 749 688 ιιι-Μ
786 663 922 688 -ηιέη
991 665 1158 688 ΔΙιΑ..-
1189 684 1307 688 ___._-
1354 687 1358 688 ,
1424 675 1439 688 ι
1889 686 1897 688 _

2250 565 2506 673 -δεσμῶν
2974 565 3298 681 ἀνθρωπον;
3353 610 3447 678 Εἷς
3488 565 3590 685 μέν
3643 565 3877 688 Κδὴμτῶζ

630 673 752 713 rum
786 663 945 718 ratio.
979 665 1163 721 Altera
1188 684 1316 726 vero
1339 675 1529 730 eadem
1558 694 1696 748 pene
1723 686 2150 756 coniplectens,t

630 750 896 778 nllnn-:An:
926 752 1181 778 .l..-n..:_~_
1217 760 1295 778 ,Μ
1345 763 1355 774 ι
1454 766 1493 778 κ-
1591 777 1595 778 ,
1733 771 1763 778 _
1806 774 1818 778 -

2390 663 2404 673 .
2600 663 2612 675 .
2982 663 2988 664 ί
3079 663 3147 681 ιη
3283 663 3298 678 ν
3353 663 3445 678 -εν
3488 663 3582 685 r"
3650 663 3713 688 τί
3778 663 3872 672 ⁷-⁷

2294 694 2671 764 προκειμένων
2707 698 2926 763 οὑτοσὶ,
2972 700 3069 755 καὶ
3099 703 3199 757 ούκ
3244 705 3527 774 ἄκομψος,
3574 707 3654 771 ὡς
3698 704 3874 778 οἶμαι,

625 750 899 819 superiori
923 752 1185 812 doctrinm
1211 760 1389 819 aﬂinis
1414 766 1694 827 aﬂ‘eretur.
1727 771 1981 832 Salvator
2001 794 2150 836 cerne

628 837 714 863 an
751 838 1005 863 ‘12--..I---
1038 862 1043 863 ,
1076 862 1081 863 ,
1148 846 1197 863 Il
1304 853 1315 863 α
1358 854 1368 863 .
1463 856 1506 863 .-
1674 862 1683 863 κ

2752 750 2757 751 ν
2879 750 2926 763 τ,
3105 750 3199 757 πη
3245 750 3342 758 νην
3436 750 3527 771 *τ’
3576 750 3651 771 -τ
3699 750 3874 778 ν-τ--σν

2291 750 2446 851 λόγος
2468 750 2765 859 ⁸’δεύτερος
2809 789 2867 842 δέ
2912 790 3007 844 ἐπὶ
3036 792 3211 863 τούτῳ
3258 750 3493 849 statim
3528 798 3713 851 αύτῶν
3746 800 3877 853 ἀνα-

626 837 720 891 bat
750 838 1108 901 Nicodemum
1146 846 1404 909 Mosaicis
1425 856 1641 913 aﬂixum
1672 862 1907 934 legibus,
1940 875 1993 922 et
2019 873 2189 926 veteri

624 930 841 997 quidem
875 936 1133 993 mandato
1163 943 1443 1002 mordicus
1472 949 1767 1018 adhaerere,
1792 964 1851 1011 et
1880 960 1947 1013 ad
1973 976 2190 1032 regene-

623 1022 887 1077 rationem
942 1025 1242 1095 spiritalem
1307 1039 1708 1107 quodammodo
1772 1048 2184 1122 exhorrescere,

620 1116 785 1180 alque
814 1114 882 1169 ad
909 1131 1105 1175 novam
1137 1132 1191 1178 et
1220 1130 1588 1199 evangelicam
1627 1135 1792 1192 vitam
1823 1148 2063 1211 torpere,
2098 1161 2187 1201 ra-

621 1204 758 1265 tum,
789 1210 848 1256 ut
879 1207 1139 1267 credibile
1164 1223 1273 1282 est,
1300 1217 1442 1274 hanc
1467 1221 1733 1293 legalibus
1767 1204 2185 1294 mandatis'fore

617 1287 1000 1352 diﬂiciliorem.
1021 1300 1155 1356 Cum
1186 1320 1316 1376 ergo
1336 1324 1445 1364 non
1472 1287 1773 1385 ignoraret,
1798 1328 1986 1390 utpote
2012 1323 2180 1394 Deus,

619 1376 873 1437 timorem
908 1400 976 1440 ex
1014 1387 1287 1460 imperitia
1316 1396 1496 1467 ipsum
1540 1402 1831 1475 invasisse,
1863 1411 2026 1468 unica
2058 1416 2184 1473 bre-

615 1469 778 1541 vique
808 1474 1019 1534 ratione
1041 1485 1508 1551 perturbationem
1536 1492 1684 1551 illam
1720 1499 1932 1567 adimit,
1958 1516 2012 1562 et
2042 1524 2181 1578 prae-

613 1570 829 1629 ceptum
862 1566 1079 1635 quidem
1115 1572 1414 1634 Mosaicum
1442 1597 1509 1636 ex
1539 1599 1605 1639 eo
1641 1590 1790 1657 quod
1833 1595 2024 1651 orbem
2052 1614 2181 1656 con-

607 1741 891 1812 nignitatis
924 1749 1237 1820 largitorem
1277 1758 1518 1826 exhibet,
1549 1764 1770 1825 dicens:
1876 1741 1995 1831 Ndn
2027 1782 2173 1837 enim

606 1832 759 1888 misit
802 1834 950 1895 Deus
999 1840 1194 1898 Filium
1236 1862 1399 1903 suum
1444 1851 1501 1906 in
1540 1858 1825 1925 mundum,
1871 1872 1928 1918 ut
1963 1832 2174 1937 judicet

1810 1902 1825 1925 9

603 1925 890 1994 mundum,
929 1932 1025 1987 sed
1056 1942 1111 1987 ut
1136 1936 1378 1994 salvetur
1408 1945 1649 2002 mundus
1677 1965 1774 2019 per
1800 1925 1997 2024 ipsum.
2037 1979 2056 2013 ι

2290 870 2661 943 κυκλημάτων
2712 878 3106 949 στρεφόμενος,
3151 883 3247 936 κα)⁴
3298 887 3535 957 συγγενῆ
3584 905 3707 951 πως
3758 892 3873 953 τοῖς

2289 962 2403 1018 ἄνω
2424 965 2522 1035 τὴν
2554 965 2786 1037 θεωρίαν
2807 971 3094 1043 εἰσφέρων,
3125 975 3189 1027 ἐκ
3211 974 3540 1047 φιλομαθίας
3564 981 3867 1051 εἰρήσεται.

2300 1054 2559 1127 Ἐθεώρει
2592 1058 2682 1111 τὸν
2728 1060 3037 1133 Νικόδημον
3081 1066 3109 1118 ό
3153 1066 3341 1138 Σωτὴρ
3388 1071 3505 1133 τοῖς
3551 1072 3871 1139 Μωσαῖκοῖς

2285 1145 2647 1218 ἐμπεπηγότα
2671 1150 2876 1221 νόμοις,
2912 1154 3131 1226 καὶτῆς
3167 1158 3266 1228 μὲν
3296 1161 3660 1236 ἀρχαιοτέρας
3695 1166 3870 1237 ἀπρὶξ

2284 1236 2542 1309 ἐχόμενον
2589 1241 2847 1312 ἐντολῆς,
2889 1245 3286 1319 ἀποφρίττοντα
3323 1252 3382 1305 δέ
3426 1272 3546 1319 πως
3583 1257 3725 1327 πρὸς
3766 1236 3867 1329 τὴν

2282 1327 2373 1383 διὰ
2411 1330 2731 1402 Πνεύματος
2756 1336 3135 1410 ἀναγέννησιν,
3170 1342 3266 1396 καὶ
3304 1344 3443 1416 πρὸς
3479 1345 3578 1417 τὴν
3608 1348 3737 1403 νέαν
3768 1327 3865 1405 καὶ

2282 1423 2643 1499 εὐαγγελικὴν
2672 1431 3039 1487 κατοκνούντα
3079 1435 3381 1505 πολιτείαν,
3409 1439 3689 1523 οἰηθέντα,
3720 1443 3863 1495 κατά

2279 1515 2341 1567 τὸ
2394 1517 2577 1583 εἰκὸς,
2618 1523 3030 1596 φορτικωτέραν
3080 1526 3297 1581 ἔσεσθαι
3344 1520 3559 1601 ταύτην
3594 1532 3706 1585 τῶν
3758 1533 3861 1604 ήδη

2279 1604 2735 1678 διατεταγμένων.
2771 1614 2885 1668 Οὐκ
2928 1617 3203 1689 ἀγνοήσας
3243 1622 3558 1693 τοιγαροῦν,
3592 1623 3670 1686 ὡς
3702 1623 3856 1689 Θεὸς,

2152 1722 2173 1733 -
2277 1696 2369 1749 τὸν
2394 1699 2454 1764 ἐξ
2474 1700 2713 1771 ἀμαθίας
2743 1705 3221 1779 ἐπεισπηδήσαντα
3249 1712 3435 1781 φόϐον,
3466 1714 3548 1767 ἐνὶ
3594 1714 3693 1768 καὶ
3722 1715 3860 1768 ἀπο-

2276 1788 2429 1860 τόμῳ
2458 1793 2804 1864 χρησάμενος
2832 1797 3098 1870 λογισμῷ,
3135 1801 3248 1856 τῶν
3278 1804 3371 1858 ἐπὶ
3403 1804 3579 1875 τούτῳ
3608 1805 3857 1876 θορύϐων

2273 1879 2568 1953 ἐλευθεροῖ,
2598 1886 2693 1941 καὶ
2716 1886 2814 1959 τὴν
2846 1889 2942 1959 μὲν
2970 1891 3069 1967 διάν
3093 1893 3338 1958 Μωσέως
3364 1896 3607 1967 ἐντολὴν,
3638 1898 3730 1952 διὰ
3762 1897 3853 1951 τοῦ

2271 1975 2622 2043 κατακρίνειν
2648 1978 2739 2033 τὸν
2764 1981 3441 2057 κόσμον,δυσαχθεστέραν
3465 1984 3634 2042 οὖσαν
3650 1989 3855 2042 ἐπιδει-

1677 2012 1694 2019 -
1818 2012 1834 2024 .
1988 2012 1993 2013 γ
2274 2012 2621 2043 ..πυαηρηςιν
2658 2012 2738 2033 ..υν
2765 2012 3441 2057 ιιυυμυν,υυσαχυεστεραν
3465 2012 3634 2042 ουσαν
3650 2012 3854 2042 επιοει-

602 2012 790 2082 κνύει’
838 2018 1174 2095 ἡμερότητος
1222 2027 1280 2080 δὲ
1316 2028 1620 2107 βραϐευτὴν
1662 2040 1854 2095 ἑαυτὸν
1883 2047 2147 2121 είσφέρεεν
2188 2054 2381 2128 λέγων’
2420 2082 2438 2114 ι
2470 2066 2543 2118 Οὐ
2576 2066 2684 2137 γὰρ
2725 2068 3043 2125 ἀπέστειλεν
3076 2072 3258 2136 ceae;
3286 2074 3378 2129 τὸν
3449 2076 3570 2129 re»
3615 2079 3698 2141 εἰς
3761 2079 3854 2131 τὸν

603 2104 807 2141 animum
865 2108 947 2141 γ..-
983 2113 1141 2141 υλι..-
1194 2117 1285 2141 ,ιη
1316 2120 1414 2141 --ι-
1586 2126 1688 2141 η..
1723 2131 1744 2141 ..
1922 2136 1939 2141 -
1970 2140 1975 2141 ,

603 2104 827 2175 κόσμον,
865 2108 952 2163 ἵνα
983 2113 1145 2189 κρίνῃ
1193 2117 1286 2171 τὸν
1314 2120 1542 2193 κόσμον,
1574 2104 1688 2181 ἀλλ’
1723 2131 1808 2186 ἵνα
1837 2104 1996 2208 σωθῇ⁵
2016 2104 2055 2192 ὁ⁸
2083 2104 2391 2217 κόσμος-,δι’
2417 2104 2675 2211 edaci“:

670 2193 759 2260 Ill,
785 2197 873 2252 18.
924 2199 1030 2266 Qui
1071 2205 1233 2260 credit
1263 2209 1317 2263 in
1354 2209 1555 2268 Filium
1583 2234 1685 2273 non
1710 2193 1996 2290 judicatur
2019 2245 2037 2282 :

600 2295 775 2341 autem
808 2306 912 2345 non
938 2295 1124 2361 credit,
1156 2298 1277 2368 jam
1303 2302 1581 2371 judicatus
1618 2321 1716 2377 est,
1754 2316 1878 2384 quia
1908 2335 2012 2374 non
2050 2339 2165 2380 cre-

596 2376 736 2434 didit
771 2381 826 2436 in
853 2387 1063 2443 nomine
1091 2393 1349 2462 unigeniti
1383 2396 1517 2453 Filii
1545 2402 1664 2457 Dei.

668 2466 966 2544 Postquam
1011 2478 1177 2536 rebus
1210 2483 1345 2553 ipsis
1377 2489 1629 2556 probavit
1670 2510 1731 2551 se
1763 2495 1860 2553 Dei
1886 2514 1951 2556 ac
1983 2501 2164 2562 Patris

595 2556 794 2617 Filium
824 2568 1113 2636 exsistere,
1142 2581 1197 2629 et
1232 2575 1436 2649 Moysis
1462 2583 1770 2642 ministerio
1797 2596 2162 2660 praestabilio-

593 2663 709 2704 rem
741 2656 944 2711 mundo
972 2661 1203 2730 gratiam
1238 2665 1517 2737 invehere,
1557 2674 1673 2745 (qui
1701 2656 1846 2736 enim
1874 2688 2163 2752 praestabi-

590 2737 698 2795 lius
724 2757 832 2799 non
872 2755 956 2803 est
983 2748 1275 2819 justiﬁcari
1314 2767 1515 2830 gratia,
1548 2737 1713 2833 quam
1746 2737 2163 2838 legeucondem-

586 2834 780 2906 nari?)
811 2839 973 2897 aliam
1017 2847 1290 2905 rationem
1324 2856 1602 2926 excogitat
1643 2834 1890 2931 utDe'us,
1926 2883 2032 2937 qua
2065 2871 2161 2927 de-

585 2926 856 2986 ducamur
905 2935 973 2989 ad
1022 2937 1219 3009 ﬁdem,
1266 2954 1539 3017 quotquot
1588 2926 1887 3022 perierant
1917 2926 2159 3032 u-ndique

584 3034 926 3094 congregans
960 3029 1029 3083 ad
1065 3032 1319 3091 salutem.
1371 3037 1635 3109 PrOponit
1680 3044 1845 3113 igitur
1875 3049 1982 3103 hoc
2017 3029 2156 3121 prae-

583 3113 754 3168 mium
803 3119 1068 3188 credenti,
1099 3126 1243 3193 quod
1276 3143 1382 3183 non
1431 3135 1714 3191 vocandus
1766 3139 1841 3193 sit
1883 3142 1949 3195 ad
2001 3113 2150 3213 j-udi-

580 3201 751 3272 cium,
791 3221 901 3262 non
937 3211 1181 3269 credenti
1232 3228 1416 3273 autem
1464 3225 1792 3293 supplicium
1819 3269 1835 3294 ,
1883 3230 1939 3285 in
1984 3249 2147 3288 unam

579 3295 937 3368 eamdemque
969 3303 1108 3359 viam
1136 3308 1394 3380 utrinque
1429 3315 1676 3381 tendens,
1713 3331 1766 3375 et
1793 3321 1895 3377 hos
1928 3327 2145 3394 quidem

580 3386 942 3452 promissione
967 3395 1175 3464 gratiae,
1211 3399 1335 3457 illos
1356 3412 1565 3460 terrore
1586 3411 1866 3468 cruciatus
1893 3416 1961 3469 ad
1987 3415 2145 3471 fidem

576 3472 810 3548 benigne
849 3497 1186 3546 convocans.
1213 3490 1389 3550 Grave
1414 3505 1598 3555 autem
1634 3511 1689 3558 et
1727 3521 1986 3575 magnum
2022 3526 2147 3566 esse

575 3564 786 3621 crimen
823 3569 1166 3634 inﬁdelitatis
1198 3586 1463 3653 ostendit,
1493 3564 1937 3665 quandoquidem
1971 3564 2153 3655 Filius

573 3662 658 3710 est
704 3666 867 3728 atque
900 3661 1253 3736 Unigenitus.
1284 3673 1508 3741 Quanto
1545 3684 1692 3738 enim
1735 3661 1969 3754 praestat
2001 3691 2137 3746 illud

571 3745 718 3829 quod
748 3755 1135 3811 contumeliam
1168 3761 1390 3833 accipit,
1422 3775 1585 3826 tanta
1606 3745 1831 3841 gravius
1855 3778 1900 3833 is
1932 3779 2025 3848 qui
2060 3780 2144 3835 in-

570 3825 701 3887 tulit
731 3838 1209 3904 condemnabitur.
1242 3825 1526 3915 Jam'vero
1566 3825 1874 3932 jddicatum
1910 3825 2033 3925 esse
2066 3873 2142 3927 ait

571 3921 939 4025 incredulum,
989 3947 1117 4005 puta
1156 3945 1302 4011 quod
1333 3946 1450 4017 ipse
1498 3921 1615 4021 jam
1654 3954 1707 4009 in
1744 3921 2144 4026 δείρειιῶ

569 4014 793 4070 tentiam
846 4022 1055 4091 tulerit,
1087 4044 1211 4084 cum
1250 4033 1355 4089 sibi
1407 4042 1667 4099 conscius
1700 4045 1772 4100 sit
1820 4050 2140 4117 repudiasse

565 4119 690 4160 eum
714 4124 814 4178 per
838 4128 1000 4183 quem
1035 4117 1094 4173 ﬁt
1121 4129 1179 4176 ut
1207 4139 1318 4181 non
1345 4129 1796 4193 condemnemur.

633 4278 721 4346 Ill,
756 4284 842 4340 l9.
893 4286 1009 4344 Hoc
1056 4305 1230 4351 autem
1262 4310 1339 4354 est
1360 4302 1649 4373 judicium,
1692 4314 1817 4381 quia
1861 4319 1954 4369 tua:
1996 4322 2141 4375 venit

560 4369 616 4423 in
652 4377 923 4445 mundum,
967 4392 1017 4436 et
1070 4386 1372 4447 dilexerunt
1423 4396 1657 4457 homines
1693 4406 1932 4464 tenebras
1964 4414 2133 4483 magis

559 4477 719 4529 quam
750 4464 937 4525 lucem.

625 4550 746 4609 Non
796 4559 928 4613 sinit
978 4562 1348 4629 indiscussum
1381 4593 1666 4639 remanere
1720 4586 2135 4650 incredulorum

563 4640 720 4713 155
744 4646 1035 4714 judicium.
1059 4658 1224 4715 Addit
1260 4680 1387 4721 vero
1420 4683 1615 4747 causas
1650 4683 1704 4730 et
1735 4690 1920 4748 aperte
1950 4696 2129 4740 osten-

555 4730 659 4794 dit,
693 4739 861 4805 quod,
890 4742 1045 4810 juxta
1081 4747 1213 4806 illud
1249 4745 1696 4831 Proverbidrum,
1745 4730 1908 4825 {Non
1939 4774 2124 4844 inique

558 4824 857 4881 tenduntur
889 4834 1024 4888 retia
1070 4840 1386 4902 volucribus
1416 4848 1483 4903 ³³.
1520 4870 1540 4902 ι
1587 4853 1689 4919 Qui
1722 4856 1890 4924 enim,
1923 4824 2121 4932 inqdit,

1597 4912 1631 4919 .-
1878 4912 1889 4924 .
1924 4912 2121 4932 -ητ---ν

555 4912 692 4971 lucis
732 4922 1027 4993 participes
1061 4944 1185 4986 esse
1232 4949 1357 4991 cum
1407 4942 1642 5008 possint,
1672 4945 1725 4998 in
1771 4950 2016 5009 tenebris
2041 4954 2131 5023 ja-

551 5019 677 5060 cere
728 5011 959 5080 malunt,
1009 5024 1287 5087 quomodo
1336 5043 1446 5084 non
1499 5034 1644 5087 mala
1692 5037 1796 5090 sibi
1839 5055 2119 5100 arcessere

551 5096 865 5166 credentur,
900 5121 1023 5161 cum
1060 5126 1156 5165 sua
1190 5128 1382 5185 sponte
1410 5137 1474 5175 ea
1504 5127 1805 5193 patiantur,
1834 5146 1961 5200 qua»
1985 5135 2117 5191 eﬂ‘u—

550 5201 675 5254 gere
711 5190 915 5262 liceret,
959 5199 1003 5253 si
1035 5208 1175 5272 arqui
1217 5223 1397 5263 rerum
1449 5216 1810 5276 aestimatores
1836 5239 1960 5280 csse
2005 5229 2115 5282 vel-

551 5276 678 5340 lent,
707 5291 758 5333 et
786 5288 1027 5345 tenebris
1060 5293 1237 5349 lucent
1268 5308 1431 5370 atque
1478 5304 1706 5362 honesta
1738 5314 1991 5380 turpibus
2018 5332 2114 5370 an-

551 5365 793 5424 teferre?
830 5373 1091 5435 Praeterea
1143 5384 1366 5444 liberam
1417 5406 1446 5444 a
1494 5398 1841 5455 necessitatis
1884 5403 2113 5461 vinculis

550 5454 790 5516 hominis
838 5468 1175 5528 voluntatem
1225 5482 1490 5547 servavit,
1537 5494 1592 5539 ct
1636 5497 1833 5557 suopte
1884 5502 2018 5549 nutu
2058 5500 2109 5551 in

443 5565 446 5570 ·
550 5558 835 5621 ull‘mnque
861 5566 1074 5627 pastum
1113 5570 1426 5630 tendentem
1479 5586 1535 5630 ut
1562 5594 1628 5634 ex
1657 5579 1796 5637 bene
1831 5586 1967 5642 actis
1999 5587 2111 5645 lau-

621 5728 667 5758 ³³
703 5723 922 5788 PrOV-i.
962 5731 1041 5783 l7.
2092 5808 2098 5827 ἰ

2092 5834 2101 5867 l

2357 2241 2418 2295 '0
2460 2247 2758 2301 πιστεύων
2799 2250 2888 2315 εἰς
2925 2249 3031 2304 τὸν
3070 2251 3206 2307 Υίόν
3242 2255 3314 2307 οὐ
3363 2255 3627 2323 κρίνεται
3652 2275 3666 2287 ·
3703 2263 3737 2314 ό
3780 2256 3851 2316 δὲ

2266 2332 2353 2401 μὴ
2390 2337 2708 2401 πιστεύων,
2744 2338 2860 2407 ἤδη
2900 2341 3176 2410 κέκριται,
3206 2344 3295 2398 ὅτι
3318 2347 3407 2416 μὴ
3442 2351 3849 2409 πεπίστευκεν

2267 2424 2355 2487 εις
2385 2423 2449 2477 τὸ
2476 2425 2663 2495 ὄνομα
2699 2429 2803 2484 τοῦ
2829 2433 3197 2502 μονογενοῦς
3239 2436 3376 2491 Υίοῦ
3406 2438 3514 2491 τοῦ
3548 2442 3720 2495 Θεοῦ.

2338 2515 2450 2586 Πλη
2461 2519 2764 2590 ροφορήσας
2797 2521 2885 2575 διὰ
2912 2525 3271 2595 πραγμάτων,
3294 2528 3376 2581 ὄτι
3405 2529 3498 2582 καὶ
3519 2530 3648 2594 Υἱὸς
3673 2533 3844 2605 ὑπάρ-

2263 2617 2351 2670 χει
2375 2605 2469 2657 τοῦ
2497 2605 2630 2659 Θεοῦ
2663 2609 2757 2660 καὶ
2786 2609 3019 2679 Πατρὸς,
3051 2613 3266 2683 καὶτῆς
3289 2614 3535 2679 Μωσέως
3560 2616 3841 2683 διακονίας

2265 2695 2695 2765 ἀξιολογωτέραν
2726 2701 2969 2771 εἰσφέρει
2996 2703 3074 2773 τῷ
3103 2703 3292 2775 κόσμῳ
3329 2706 3429 2776 τὴν
3475 2707 3670 2777 χάριν,
3701 2707 3839 2779 (πῶς

2261 2788 2370 2861 γὰρ
2389 2790 2487 2844 οὐκ
2507 2792 2730 2862 ἄμεινον
2757 2795 2849 2848 τοῦ
2874 2798 3296 2868 κατακρίνεσθαι
3321 2800 3492 2870 νόμῳ,
3521 2800 3583 2853 τὸ
3600 2802 3837 2855 δικαιοῦ-

2248 2879 2384 2932 σθαι
2419 2881 2678 2955 χάριτις)
2706 2885 2908 2956 τρόπον
2949 2889 3081 2957 ἡμῖν
3133 2889 3324 2961 ἕτερον
3375 2890 3676 2961 ἐπενόησεν
3700 2934 3715 2956 ,
3761 2892 3834 2955 ὠς

2260 2972 2412 3037 Θεὸς,
2446 2976 2525 3039 είς
2560 2976 2743 3029 πίστιν
2764 2978 3073 3047 ἐπαγωγὸν,
3103 2981 3439 3052 πανταχόθεν
3458 2984 3586 3046 τοὺς
3610 2984 3827 3038 ἀπολω-

2256 3063 2417 3126 λότας
2448 3066 2787 3121 συνελαύνων
2830 3071 2910 3133 εἰς
2963 3071 3273 3142 σωτηρίαν*
3316 3074 3605 3145 προτίθησι
3653 3076 3829 3130 τοίνυν

2252 3150 2332 3221 τῷ
2362 3151 2462 3221 μὲν
2495 3155 2801 3210 πιστεύοντι
2832 3158 2999 3228 γέρας
3028 3159 3089 3213 τὸ
3115 3160 3189 3231 μὴ
3219 3161 3507 3217 καλεῖσθαι
3536 3165 3676 3235 πρὸς
3712 3168 3827 3238 κρί-

2255 3258 2360 3304 σιν,
2396 3241 2473 3312 τῷ
2520 3244 2569 3297 δ’
2600 3246 2915 3302 ἀπειθοῦντι
2953 3250 3197 3319 κόλασιν,
3253 3255 3333 3318 εἰς
3377 3256 3478 3326 τὴν
3522 3257 3695 3329 αὐτὴν
3736 3259 3825 3312 καὶ

2253 3332 2380 3403 μίαν
2420 3333 2487 3386 δι’
2529 3336 2732 3406 ἀμφοῖν
2772 3339 2969 3394 ὁδεύων
3009 3342 3154 3407 ὁδὸν,
3194 3345 3290 3398 καὶ
3335 3348 3464 3409 τοὺς
3514 3348 3616 3418 μὲν
3645 3348 3827 3417 ἐφέσει

2248 3426 2314 3494 τῇ
2344 3427 2474 3495 περὶ
2506 3427 2604 3499 τὴν
2636 3430 2819 3501 χάριν,
2844 3433 2970 3496 τοὺς
2996 3433 3053 3486 δέ
3083 3435 3232 3506 φόϐῳ
3252 3436 3347 3490 τοῦ
3384 3440 3599 3506 παθεῖν,
3633 3443 3729 3495 ἐπὶ
3753 3443 3827 3512 τῷ

2248 3517 2526 3571 πιστεύειν
2565 3520 2698 3574 ἱέναι
2739 3523 3110 3594 μακροθύμως
3146 3528 3455 3595 συγκαλῶν.
3485 3533 3739 3585 Χαλεπὸν
3770 3535 3823 3587 δὲ

2246 3608 2338 3660 καὶ
2374 3610 2516 3678 μέγα
2546 3612 2645 3682 τῆς
2666 3613 2920 3677 ἀπιστίας
2939 3615 3173 3671 δεικνύει
3201 3620 3261 3672 τὸ
3286 3619 3563 3693 ἔγκλημα,
3593 3626 3822 3695 ἐπείπερ

2245 3693 2392 3745 ἐστὶν
2419 3695 2547 3760 Υἱὸς
2572 3698 2667 3750 καὶ
2693 3700 3023 3773 Μονογενής.
3064 3705 3214 3775 Ὄσῳ
3238 3707 3365 3779 (γὰρ
3402 3710 3469 3762 ἂν
3510 3693 3822 3777 ἀξιόπιστον

2244 3782 2478 3853 ύπάρχοι
2511 3784 2571 3837 τὸ
2594 3788 3045 3860 παροινούμενον,
3069 3794 3323 3849 τοσοῦτον
3350 3801 3613 3867 μειζόνως
3646 3806 3728 3865 εἰς
3764 3803 3819 3856 τὸ

2244 3872 2631 3946 πλημμελῆσαι
2659 3877 2808 3933 δεινά
2850 3882 2911 3934 τὸ
2954 3885 3219 3952 ἁτιμάζον
3261 3890 3814 3964 καταδικασθήσεται.

2246 3964 2381 4034 Ἤδη
2414 3964 2471 4017 δὲ
2512 3968 2797 4039 κεκρίσθαι
2830 3972 2921 4026 τὸν
2951 3975 3285 4032 ἀπιστοῦντά
3325 3998 3510 4051 φησιν,
3552 3985 3629 4048 ὼς
3659 3987 3817 4041 αὑτὸν

2240 4054 2339 4125 ἤδη
2387 4054 2506 4109 καθ’
2553 4058 2746 4113 ἐαυτοῦ
2782 4060 2878 4132 τὴν
2915 4064 3007 4117 τοῦ
3060 4067 3382 4133 κολάζεσθαι
3422 4072 3531 4126 δεῖν
3559 4076 3813 4146 ὁρίσαντα

2239 4142 2440 4214 ψῆφον,
2466 4145 2534 4198 δι’
2562 4140 2637 4201 ὧν
2682 4149 2824 4218 ἔγνω
2855 4157 3240 4223 παραιτεῖσθαι
3271 4159 3363 4215 τὸν
3396 4161 3490 4216 τοῦ
3519 4140 3602 4236 μη
3632 4166 3810 4237 κρίνε-

2241 4234 2363 4288 σθαι
2403 4239 2656 4309 χορηγόν.

2305 4327 2467 4397 Αὕτη
2506 4330 2575 4384 δέ
2598 4332 2769 4386 ἐστιν
2791 4332 2828 4400 ἡ
2859 4336 3077 4403 κρίσις,
3104 4336 3193 4392 ὅτι
3226 4340 3354 4408 φῶς
3383 4343 3692 4410 ἐλήλυθεν
3724 4352 3807 4416 sl;-

2235 4416 2342 4470 τὸν
2356 4421 2607 4490 κόσμον,
2633 4422 2731 4477 καὶ
2753 4423 3079 4494 ἠγάπησαν
3097 4430 3151 4483 οἰ
3174 4428 3471 4500 ἅνθρωποι
3495 4437 3563 4490 τὸ
3591 4443 3806 4507 σκότος

2228 4506 2491 4576 μᾶλλον,
2524 4513 2563 4580 ἢ
2597 4513 2661 4566 τὸ
2691 4515 2836 4583 φῶς.

2305 4600 2419 4653 Ούκ
2452 4603 2720 4674 ἀζήτητον
2758 4607 3054 4677 ἀπομένειν
3084 4610 3147 4681 ἐᾷ
3187 4610 3296 4663 τῶν
3343 4613 3719 4673 ἀπειθούντων
3747 4624 3804 4675 τὸ

2235 4687 2433 4754 κρῖμα.
2477 4688 2749 4759 Ἐπιλέγει
2774 4694 2829 4747 δὲ
2859 4695 2956 4759 τὰς
2986 4699 3184 4762 αἰτίας,
3212 4700 3303 4752 καί¹
3329 4701 3563 4759 δεικνύει
3596 4712 3801 4779 σαφῶς,

2226 4774 2337 4836 ὅτι,
2374 4777 2516 4831 κατά
2546 4780 2637 4833 τὸν
2668 4784 3012 4857 Παροιμιώδη
3043 4790 3231 4858 λόγον,
3270 4814 3289 4845 ι
3327 4796 3441 4849 Οὐκ
3463 4774 3690 4863 ἀδίκως*
3710 4804 3799 4855 ἐκ·

2224 4865 2463 4921 τείνεται
2490 4870 2679 4926 δίκτυα
2708 4882 3061 4947 πτερωτοῖς.»
3085 4884 3146 4935 Oi
3177 4883 3305 4955 γὰρ,
3338 4888 3457 4954 ἐξὸν
3488 4895 3799 4962 καταφωτί-

2227 4955 2434 5021 ζεσθαιλ,
2465 4962 2617 5031 φησὶ,
2648 4964 2709 5017 τὸ
2736 4967 2795 5019 ὲν
2827 4968 3002 5041 σκότῳ
3036 4973 3246 5027 κεῖσθαι
3284 4955 3658 5051 τιμήσαντες..
3686 4988 3800 5051 πῶς

2220 5049 2323 5103 οὐκ
2370 5051 2435 5104 ἂν
2469 5049 2581 5106 εἷεν
2610 5058 2838 5122 εἰκότως
2863 5062 3017 5115 αὐτοὶ
3060 5064 3183 5116 καθ’
3217 5067 3427 5122 ἐαυτῶν
3471 5073 3581 5125 τῶν
3610 5076 3796 5129 δεινῶν

2217 5141 2450 5211 ὁρισταὶ,
2490 5145 2583 5198 καὶ
2631 5149 2920 5219 αὐτόμολοι
2976 5154 3109 5224 πρὸς
3149 5158 3210 5209 τὸ
3246 5160 3440 5213 παθεῖν
3480 5163 3515 5217 ἃ
3552 5168 3647 5219 καὶ
3687 5168 3795 5220 δια-

2217 5231 2437 5300 φεύγειν
2484 5234 2640 5306 ἐξῆν,
2692 5242 2849 5311 εἴπερ
2896 5239 3035 5313 ἦσαν
3078 5248 3228 5317 ὀρθοὶ
3277 5253 3386 5305 τῶν
3445 5260 3793 5326 πραγμάτιον

2216 5321 2537 5389 ἐξετασταὶ,
2590 5329 2649 5381 τὸ
2689 5333 3019 5397 φωτίζεσθαι
3069 5339 3272 5407 μᾶλλον
3330 5321 3537 5399 ἐθέλειν
3575 5321 3673 5401 τοῦ
3718 5351 3790 5420 μὴ

2220 5415 2461 5468 τοιούτου
2507 5420 2909 5489 προκρίνοντες,
2940 5429 3034 5479 καὶ
3071 5430 3178 5481 τῶν
3216 5433 3518 5497 ἀμεινόνων
3562 5437 3791 5509 δεύτερα

2222 5504 2489 5559 ποιεῖσθαι
2532 5508 2859 5577 μελετῶντες
2903 5516 2970 5566 τά
3009 5518 3288 5587 αἰσχίονα;
3353 5523 3681 5595 Ἐλευθέραν
3728 5530 3782 5580 δὲ

2222 5595 2383 5652 πάλιν
2423 5599 2531 5653 τῶν
2573 5600 2630 5665 ἐξ
2680 5603 2923 5677 ἀνάγκης
2963 5607 3177 5680 δεσμῶν
3221 5612 3318 5682 τὴν
3363 5614 3459 5667 τοῦ
3502 5617 3784 5689 ἀνθρώπου
