4118 6528
236 382 345 438 257

1332 344 1402 438 tu
1439 383 1724 439 tosNNts
1762 383 2210 441 cunam.qu
2251 386 2379 441 LIB.
2420 388 2485 441 ιι.

3305 470 3308 474 Α
3384 396 3488 449 ⁸238

237 498 525 567 διετήρησε
562 494 822 567 γνώμην,
860 499 954 551 καὶ
1003 500 1195 569 ῥοπαῖς
1235 501 1465 563 οίκείαις
1510 503 1597 553 ἐπ’
1642 501 1790 569 ἄμφι.

1913 499 2035 552 dem
2068 500 2192 568 jure
2228 503 2517 571 suscipiat,
2549 510 2602 557 et
2648 518 2713 558 ex
2764 504 3060 561 contrariis
3114 507 3362 577 punition
3380 526 3483 563 em.

200 626 205 631 ς
240 589 581 661 βαδίζουσαν,
626 589 713 641 ἵνα
743 589 964 660 δέχηται
1008 592 1232 654 δικαίως
1266 591 1485 645 ἔπαινόν
1518 610 1576 645 τε
1609 593 1699 644 τδν
1724 594 1808 644 ἐπ’

238 681 479 750 ἀγαθοῖς,
512 680 607 733 καὶ
642 679 740 751 τὴν
774 683 866 734 ἐπὶ
890 684 1003 745 τοῖς
1041 683 1304 746 ἐναντίοις
1327 685 1545 737 κόλασιν
1568 700 1581 715 ο
1620 682 1810 755 ὥσπερ

238 770 330 827 οὗν
375 770 563 841 ἀμέλει
610 772 706 823 καὶ
755 770 812 822 ὲν
856 770 1063 841 ἑτέροις
1101 770 1258 824 τοῦτο
1300 771 1554 842 δέδειχεν,
1603 771 1805 824 εἰπών’

245 882 265 915 ι
311 863 434 915 Ἐὰν
468 861 682 930 θέλητε,
719 860 813 914 καὶ⁹
848 860 1200 932 είσακούσητέ
1235 879 1358 932 μου,
1386 861 1455 915 τὰ
1493 862 1672 930 ἀγαθά
1708 864 1809 933 τῆς

238 958 338 1026 γῆς
369 953 607 1024 φάγεσθε
628 969 643 983 θ
676 952 772 1005 ἐὰν
804 952 860 1005 δὲ
895 952 968 1023 μὴ
1014 952 1238 1023 θέλητε,
1277 953 1415 1025 μηδὲ
1455 955 1807 1026 είσακούσητέ

240 1061 363 1116 μου.
404 1044 646 1115 μάχαιρα
680 1042 825 1114 ὑμᾶς
856 1041 1154 1096 κατέδεται.
1194 1062 1212 1093 ι

303 1134 431 1201 Πᾶς
465 1134 573 1204 γὰρ
606 1137 638 1189 ό
664 1134 870 1203 φαῦλα
901 1132 1197 1201 πράσσων
1230 1134 1404 1202 μισεῖ
1428 1134 1494 1188 τὸ
1527 1133 1671 1203 φῶς,
1706 1136 1807 1189 καὶ

235 1228 344 1281 οὐκ
366 1226 602 1296 ἔρχεται
630 1224 779 1294 πρὸς
805 1224 872 1278 τὸ
890 1224 1038 1293 φῶς,
1062 1224 1163 1277 ἵνα
1187 1223 1272 1294 μὴ
1293 1224 1551 1294 ἐλεγχθῇ
1573 1225 1645 1279 τὰ
1663 1226 1807 1296 ἔργα

235 1319 440 1374 αὑτοῦ.

315 1407 771 1480 Ἐπεξεργάζεται
802 1406 1089 1480 χρησίμως
1118 1408 1180 1463 τὸ
1224 1409 1535 1482 εἰρημένον,
1578 1410 1672 1463 καὶ
1713 1409 1805 1463 τὸν

236 1502 324 1556 ἐπὶ
348 1503 465 1564 τοῖς
492 1500 861 1574 συμφέρουσιν
892 1500 1053 1554 ὄκνον
1091 1501 1150 1566 ἐξ
1180 1502 1401 1575 ἀγάπης
1438 1504 1569 1557 ὄντα
1595 1504 1695 1574 τῆς
1723 1507 1803 1568 είς

234 1596 290 1649 τὸ
313 1592 517 1663 φαῦλον
547 1592 778 1663 ἐλέγχει,
808 1592 903 1645 καὶ
935 1592 1092 1663 ῥίζαν
1112 1592 1307 1664 ἔχοντα
1332 1595 1391 1649 τὸ
1417 1596 1490 1666 μὴ
1519 1595 1800 1664 βούλεσθαι

235 1683 447 1753 μαθεῖν,
476 1683 542 1736 δι’
573 1675 647 1736 ὧν
679 1682 745 1735 ἀν
778 1682 985 1751 γένοιτό
1026 1700 1109 1747 τις
1151 1683 1311 1752 σοφός
1347 1701 1405 1737 τε
1438 1686 1530 1737 καὶ
1576 1685 1796 1754 ἀγαθός.

232 1773 423 1844 Φεύγει
480 1773 580 1846 μὲν
630 1773 741 1844 γὰρ
790 1775 887 1828 καὶ
939 1777 1322 1847 παραιτεῖται,
1369 1779 1569 1847 φησὶν,
1619 1780 1647 1830 ὁ
1691 1778 1797 1831 τῶν

1910 590 2066 656 Quod
2099 592 2227 645 alibi
2260 609 2478 663 quoque
2508 596 2768 661 ostendit,
2796 599 3017 654 dicens:
3058 618 3076 651 ι
3118 598 3172 653 Si
3200 602 3405 656 volueri
3423 607 3457 656 ti

1909 691 1962 735 et
1996 683 2279 750 audieritis
2320 700 2426 749 me,
2470 685 2609 740 bona
2650 697 2808 743 terra;
2853 690 3195 746 comedetis:
3245 693 3391 762 quod
3447 710 3463 746 ι

1910 774 2201 831 nolueritis
2225 791 2402 846 neque
2431 778 2790 834 exaudieritis
2821 796 2925 847 me,
2946 782 3164 851 gladius
3195 782 3396 838 devora
3414 784 3463 836 ll!

1911 879 2008 919 vos
2036 865 2103 918 “.
2139 883 2158 917 ι

1986 1124 2086 1189 lll,
2121 1126 2212 1181 20.
2257 1127 2444 1181 Omnis
2496 1129 2631 1181 enim
2675 1130 2765 1199 qui
2799 1131 2937 1184 male
2967 1134 3101 1201 agit,
3147 1134 3255 1187 odit
3290 1136 3475 1193 lucem.

1904 1227 1955 1272 ct
2005 1234 2107 1271 non
2156 1219 2291 1273 venit
2343 1218 2411 1271 ad
2458 1219 2646 1284 lucem,
2704 1229 2762 1273 ut
2818 1238 2918 1275 non
2969 1234 3262 1292 arguantur
3322 1242 3463 1293 open

1906 1313 2041 1381 ejus.

1977 1402 2195 1458 Utiliter
2236 1406 2413 1474 pergit
2452 1406 2508 1460 in
2542 1408 2887 1478 expositione
2918 1407 3037 1477 ejus
3078 1410 3222 1479 quod
3268 1410 3475 1465 dictum

1904 1505 2007 1559 est,
2038 1504 2092 1551 et
2129 1496 2183 1551 in
2226 1497 2388 1552 bonis
2419 1502 2777 1570 capessendis
2803 1502 3086 1572 segnitiem
3118 1518 3180 1556 ex
3213 1504 3476 1574 improbi-

1904 1589 2034 1642 tatis
2094 1589 2283 1643 studio
2337 1590 2639 1659 profectam
2696 1594 2894 1662 arguit,
2954 1608 3182 1664 eamque
3239 1596 3474 1650 radicem

1905 1681 2125 1742 habere.
2174 1683 2319 1752 quod
2357 1683 2617 1738 nimirum
2653 1701 2715 1740 ea
2752 1687 2973 1741 discere
3026 1688 3186 1749 nolit,
3225 1704 3319 1757 per
3356 1704 3477 1757 qua:

1905 1772 2028 1839 quis
2060 1772 2278 1839 sapiens
2308 1773 2504 1826 eradat
2547 1789 2612 1828 ac
2646 1775 2846 1831 bonus.
2895 1774 3058 1845 Fugit
3103 1777 3249 1831 enim
3298 1792 3360 1830 ac
3390 1793 3476 1831 re-

230 1864 484 1938 πονηρῶν
517 1866 755 1937 ἐργάτης
784 1866 844 1919 τὸ
874 1866 932 1918 ὲν
961 1867 1101 1935 φωτὶ
1128 1867 1381 1936 γενέσθαι
1417 1868 1494 1938 τῷ
1524 1869 1670 1939 θείῳ,
1699 1870 1790 1922 οὐκ

1905 1862 2025 1915 nuit
2048 1862 2317 1915 malorum
2348 1861 2566 1924 artifex,
2590 1863 2989 1932 inquit,diviua
3015 1866 3068 1918 in
3092 1866 3212 1919 luce
3241 1867 3472 1930 versari,

229 1958 368 2010 αἰδοῖ
413 1960 483 2029 τῇ
527 1956 615 2011 διά
652 1957 714 2010 τὸ
760 1956 961 2026 φαῦλον
993 1958 1466 2028 ἐγκαλυπτόμενος
1503 1959 1557 2031 (ἦ
1592 1960 1700 2031 γὰρ
1731 1961 1797 2013 ἂν

230 2048 403 2120 ἐσώθη
442 2048 602 2103 τοῦτο
648 2048 899 2121 παθὼν),
933 2048 1047 2103 ἀλλ’
1100 2050 1159 2103 ὲν
1213 2051 1406 2122 ἀγνοίᾳ
1469 2052 1649 2122 μένειν
1704 2051 1796 2105 τοῦ

230 2141 530 2213 πρέποντος
562 2140 824 2209 ἀγαπῶν,
868 2141 954 2195 ῖνα
987 2140 1061 2213 μὴ
1099 2141 1400 2213 πλήττηται
1441 2143 1794 2214 πλημμελῶν,

227 2234 570 2304 πικροτέροις
601 2232 702 2305 ἥδη
747 2234 864 2297 τοῖς
915 2233 1022 2286 ἀπὸ
1063 2232 1158 2286 τοῦ
1210 2235 1511 2299 συνειδότος
1555 2236 1798 2307 ἐλέγχοις

229 2323 583 2395 προσϐαλὼν,
631 2324 724 2376 καὶ
790 2323 880 2378 διά
930 2324 1026 2377 τοῦ
1073 2325 1257 2379 λοιπὸν
1305 2325 1690 2390 ὲξεπίστασθαι
1736 2329 1797 2381 τὸ

225 2416 452 2484 ἀγαθὸν,
493 2414 926 2486 δυσαχθεστέραν
964 2416 1174 2486 ὑφέξων
1221 2417 1298 2489 τῷ
1330 2420 1571 2490 κρίνοντι
1616 2421 1792 2492 δίκην,

227 2507 273 2559 εί
300 2508 371 2577 μὴ
409 2507 656 2577 βούλοιτο
686 2510 838 2579 δρᾷν,
874 2508 1014 2579 ἀπερ
1044 2510 1108 2562 ἂν
1138 2510 1345 2581 ἀρέσκῃ
1375 2512 1514 2583 Θεῷ.

302 2598 353 2651 Ὀ
381 2599 460 2652 δὲ
490 2600 672 2653 ποιῶν
700 2600 1022 2667 deludetur,
1064 2600 1208 2654 τοῦτ’
1245 2600 1428 2665 ἔστιν,
1477 2607 1505 2657 ὁ
1550 2606 1658 2660 τῶν
1699 2607 1798 2677 τῆς

225 2689 483 2758 ἀληθείας
520 2690 696 2762 ἔργων
735 2692 972 2763 ἐραστής
1015 2710 1075 2744 τε
1122 2692 1216 2745 καὶ
1260 2697 1523 2765 ποιητὴς,
1562 2697 1794 2766 ἔρχεται

217 2782 364 2848 ,πρὸς
391 2782 464 2834 τὸ
506 2781 651 2850 φῶς,
693 2783 792 2835 ἵνα
822 2783 1132 2852 φανερωθῇ
1166 2783 1237 2837 τὰ
1277 2785 1423 2854 ἔργα
1454 2788 1662 2853 αὐτοῦ,
1707 2789 1795 2842 ὅτι

222 2872 286 2924 ἐν
314 2869 440 2935 Θεῷ
474 2872 642 2924 ἐστιν
666 2872 1041 2941 εἰργασμένα.

288 2964 360 3016 υὺ
389 2964 507 3033 γὰρ
537 2967 883 3033 παραιτεῖται
911 2966 1002 3017 τὸν
1027 2967 1084 3018 ὲν
1112 2965 1382 3035 πνεύματι
1410 2971 1709 3041 φωτισμὸν,
1735 2972 1792 3039 ἐξ

223 3053 379 3108 αὐτοῦ
406 3054 480 3126 δὴ
511 3054 743 3123 μάλιστα
770 3058 905 3125 πρὸς
929 3055 990 3109 τὸ
1017 3054 1273 3112 δύνασθαι
1303 3062 1440 3113 νοεῖν
1478 3063 1795 3135 άσυναρπάα

223 3160 355 3206 ctu);
392 3144 927 3215 χειραγωγούμενος,
965 3147 1015 3198 εί
1059 3146 1132 3217 μὴ
1172 3147 1269 3219 τὴν
1310 3148 1457 3202 θείαν
1492 3153 1789 3221 ἐκϐέϐηκεν

222 3236 461 3305 ἐντολὴν,
504 3237 598 3288 καὶ
633 3237 682 3288 εί
717 3237 894 3289 πάντα
924 3237 1066 3290 κατὰ
1108 3238 1272 3308 νόμον
1305 3241 1589 3311 εἴργασται
1627 3244 1782 3298 Θεοῦ.

224 3324 371 3376 Ἐστι
396 3325 584 3377 τοίνυν
605 3324 878 3389 ἀπόδειξις
899 3326 1133 3397 ἐναργὴς
1159 3327 1256 3397 τῆς
1284 3329 1380 3398 μὲν
1405 3333 1484 3393 εἰς
1505 3334 1565 3385 τ’)
1586 3333 1787 3400 φαῦλον

219 3412 472 3481 ἀχαλίνου
509 3413 700 3483 ῥοπῆς,
729 3415 823 3466 καὶ
847 3415 1084 3487 ἀκράτου
1116 3415 1253 3485 πρὸς
1277 3418 1337 3469 τὸ
1362 3423 1540 3488 χεῖρον
1569 3422 1785 3492 ἡδονῆς,

217 3516 275 3557 το
304 3504 375 3574 μὴ
403 3503 664 3566 ἐθελῆσαι
690 3506 901 3575 μαθεῖν,
933 3507 1001 3560 τὰ
1032 3507 1099 3560 δι’
1125 3501 1201 3561 ὧν
1224 3510 1287 3563 ἄν
1308 3526 1393 3573 τις
1423 3511 1607 3581 ἴσχυσε
1651 3514 1787 3585 πρὸς

218 3594 275 3647 τὸ
319 3597 549 3666 ἄμεινον
594 3597 930 3667 ἀναδραμεῖν
955 3614 969 3629 ·
1006 3598 1106 3668 τῆς
1150 3599 1207 3652 δὲ
1249 3601 1340 3653 ἐπὶ
1389 3606 1500 3664 τοῖς
1546 3604 1787 3675 ἀρίστοις

219 3683 515 3752 ἐπιθυμίας
541 3723 556 3747 ,
600 3685 661 3737 τὸ
711 3685 1040 3754 φωτίζεσθαι
1073 3686 1261 3756 διψῇν,
1301 3690 1396 3741 καὶ
1437 3690 1623 3762 ὥσπερ
1666 3693 1787 3747 τινὰ

218 3776 408 3830 κανόνα
450 3778 545 3830 καὶ
570 3777 954 3849 ἀπευθυντῆρα
982 3778 1118 3849 πρὸς
1140 3779 1239 3849 τὴν
1270 3780 1608 3852 ἀρέσκουσαν
1645 3785 1790 3838 πολι-

235 3864 368 3919 ηίιαν
407 3866 495 3936 τῷ
539 3865 677 3935 Θεῷ,
725 3866 816 3920 τὸν
871 3866 1033 3921 αὑτοῦ
1087 3870 1359 3923 ποιεῖσθαι
1412 3872 1604 3942 νόμον·
1651 3876 1788 3947 ὅπερ

217 3956 365 4020 εἰδὼς
423 3956 603 4021 οὕτως
646 3958 812 4028 ἔχειν,
867 3959 962 4012 καὶ
1004 3960 1034 4011 ὁ
1067 3960 1350 4025 θεσπέσιος
1404 3962 1598 4031 ἔψαλλε
1643 3966 1787 4019 Μελ-

217 4050 366 4113 ψδόςο
404 4070 422 4101 ι
451 4050 509 4103 '0
532 4051 695 4120 νόμος
724 4051 929 4121 Κυρίου
953 4052 1204 4122 ἄμωμος,
1224 4056 1567 4126 ἐπιστρέφων
1589 4057 1785 4127 ψυχὰς,

222 4142 253 4209 ὴ
298 4141 578 4212 μαρτυρία
622 4142 823 4213 Κυρίου
878 4144 1067 4214 πιστὴ,
1124 4146 1417 4214 σοφίζουσα
1472 4150 1678 4219 νήπια⁸
1719 4150 1789 4203 τὰ

216 4232 559 4303 δικαιώματα
592 4234 798 4305 Κυρίου
844 4234 1029 4299 εὐθέα,
1062 4237 1424 4305 εὐφραίνοντα
1455 4241 1708 4311 καρδίαν,
1753 4243 1785 4312 ή

217 4322 400 4395 ἐντολὴ
453 4326 658 4395 Κυρίου
688 4326 993 4397 τηλαυγὴς,
1039 4329 1351 4396 φωτίζουσα
1393 4330 1725 4403 ὀφθαλμούς.
1763 4354 1781 4388 ι

278 4416 389 4470 Καὶ
418 4418 577 4485 μετὰ
607 4417 795 4474 ταῦτα
832 4415 1018 4487 ἦλθεν
1047 4423 1080 4473 ὁ
1114 4420 1345 4488 Ἰησοῦς
1370 4426 1458 4487 εἰς
1487 4424 1603 4491 τὴν
1640 4427 1786 4481 Ἰου-

1903 1966 2013 2005 non
2041 1952 2154 2005 vitii
2198 1951 2411 2022 pudore
2451 1953 2602 2021 (nam
2638 1953 2682 2006 si
2714 1951 2827 2007 hoc
2870 1954 2919 2008 ei
2955 1955 3320 2024 contingeret,
3357 1970 3473 2009 ser-

1901 2046 2167 2110 varetur),
2201 2043 2295 2098 sed
2338 2043 2481 2112 quod
2522 2043 2577 2097 in
2626 2043 2849 2099 virtutis
2880 2044 3221 2114 ignoratione
3250 2060 3474 2100 manere

1900 2135 2054 2201 velit,
2090 2150 2181 2200 ne,
2216 2135 2262 2189 si
2281 2142 2495 2204 peccet,
2526 2135 2581 2189 in
2606 2136 2847 2192 acriores
2879 2137 3095 2192 demum
3122 2138 3476 2192 conscientiae

1900 2226 2158 2281 stimulos
2210 2227 2478 2291 incurrat,
2542 2236 2597 2281 et
2646 2229 2958 2297 cegu‘itione
3003 2228 3130 2283 boni
3196 2230 3473 2296 graviores

1898 2316 2127 2373 daturus
2158 2318 2228 2372 sit
2253 2316 2426 2386 judici
2456 2331 2667 2388 pmnas,
2702 2319 2849 2389 quod
2876 2320 3011 2374 nolit
3038 2333 3099 2374 ea
3133 2318 3311 2375 facere
3354 2335 3474 2390 qua:

1900 2406 2009 2463 Deo
2039 2416 2166 2464 sunt
2196 2410 2418 2480 placita.

1968 2614 2079 2675 lll,
2122 2614 2213 2667 2|.
2256 2613 2361 2678 Qui
2402 2621 2575 2668 autem
2628 2613 2758 2683 facit
2805 2613 3073 2667 veritatem
3110 2612 3347 2685 (hocest
3379 2613 3469 2681 qui

1897 2704 2075 2775 diligit
2109 2720 2275 2774 opera
2316 2706 2583 2773 veritatis,
2624 2714 2680 2760 et
2711 2720 2774 2759 ea
2814 2703 2995 2773 facit),
3030 2707 3165 2759 venit
3196 2705 3265 2758 ad
3308 2706 3469 2758 lucem

1906 2805 1963 2848 ut
2022 2797 2434 2867 manifestentur
2477 2807 2633 2867 opera
2683 2796 2829 2867 ejus,
2898 2798 3021 2869 quia
3082 2799 3136 2850 in
3183 2796 3290 2851 Deo
3350 2809 3470 2850 sunt

1894 2885 2061 2952 facta.

1978 2982 2096 3039 Non
2143 2986 2289 3041 enim
2350 2984 2651 3055 spiritalem
2709 2982 2921 3053 spernit
2981 2973 3467 3048 illuminationem,

1894 3095 1991 3150 per
2019 3078 2192 3149 ipsam
2230 3091 2296 3131 eo
2340 3076 2579 3129 maxime
2628 3074 2950 3144 perductus,
3002 3082 3058 3127 ut
3109 3091 3217 3128 non
3269 3084 3469 3131 temere

1895 3171 2202 3238 intelligere
2258 3167 2453 3237 possit,
2516 3181 2647 3219 num
2708 3164 2953 3219 divinum
3019 3166 3343 3220 mandatum
3399 3170 3468 3221 sit

1891 3272 2341 3334 pratergressus,
2380 3270 2432 3313 et
2461 3272 2528 3311 an
2556 3257 2740 3311 omnia
2775 3257 2931 3327 juxta
2978 3257 3068 3313 Dei
3121 3259 3291 3327 legem
3346 3276 3467 3328 per-

1886 3352 2076 3423 egerit.
2111 3347 2457 3403 Manifestum
2489 3348 2659 3416 igitur
2694 3355 3075 3415 argumentum
3109 3358 3191 3402 est
3221 3348 3466 3420 effrenati

1890 3444 1956 3496 ad
2018 3442 2233 3505 vitium,
2273 3441 2531 3509 impetus,
2585 3447 2639 3492 et
2692 3438 3114 3507 intemperantis
3177 3438 3465 3503 libidinis,

1888 3534 2103 3590 discere
2130 3533 2275 3586 nolle
2307 3546 2371 3585 ea
2403 3544 2498 3599 per
2528 3545 2649 3599 qua:
2672 3528 2829 3599 156
2855 3528 2920 3582 ad
2946 3527 3225 3582 meliorem
3261 3528 3465 3599 frugem

1890 3625 2089 3680 reverti
2136 3623 2359 3693 possis:
2424 3621 2716 3691 probitatis
2745 3629 2925 3674 autem
2962 3634 3026 3673 ac
3075 3620 3320 3683 virtutis,
3371 3637 3464 3673 ru-

1891 3730 2023 3786 pere
2083 3722 2143 3767 ut
2200 3714 2341 3767 lucis
2375 3725 2601 3780 compos
2633 3710 2852 3774 evadas,
2900 3720 2953 3764 et
3009 3711 3251 3780 regulam
3298 3711 3463 3764 veluti

1888 3803 2176 3873 quamdam
2200 3809 2253 3857 et
2274 3800 2537 3856 amussim
2562 3800 2688 3854 vitae
2712 3797 2822 3853 Deo
2850 3798 3120 3867 placentis
3139 3798 3259 3866 ejus
3288 3799 3463 3868 legem

1890 3896 2093 3951 facere.
2127 3894 2280 3962 Quod
2316 3909 2440 3947 cum
2474 3895 2548 3946 ita
2591 3907 2715 3947 esse
2744 3891 2964 3945 divinus
2992 3890 3204 3946 Psaltes
3249 3901 3463 3954 nosset,

1887 3989 2120 4044 canebat
2157 4006 2171 4041 :
2216 4005 2235 4037 ι
2294 3985 2403 4039 Lex
2448 3984 2667 4038 Domini
2703 3983 3075 4046 immaculata,
3134 3990 3461 4038 convertens

1888 4079 2153 4145 animas;
2206 4077 2580 4133 testimonium
2634 4074 2851 4129 Domini
2900 4073 3080 4138 ﬁdele,
3135 4074 3460 4143 sapientiam

1888 4178 2156 4241 prastans
2186 4167 2446 4238 parvulis.
2470 4165 2710 4221 Justitite
2734 4164 2944 4219 Domini
2974 4170 3157 4222 rectae.
3183 4163 3458 4216 la‘tiﬁcan-

1887 4272 1970 4318 tes
1996 4262 2184 4324 corda,
2229 4268 2564 4331 praeceptum
2600 4257 2816 4312 Domini
2848 4256 3111 4318 lucidum,
3140 4256 3458 4310 illuminans

1887 4355 2080 4411 oculos
2114 4354 2178 4406 ’³.
2222 4370 2240 4403 ι
2676 4422 2685 4430 ⁸

1958 4445 2059 4507 lll,
2096 4442 2305 4498 22-24.
2363 4440 2428 4494 Et
2469 4450 2585 4511 post
2619 4440 2729 4494 htrc
2754 4438 2890 4493 venit
2931 4436 3087 4491 Iesus
3123 4448 3172 4492 et
3208 4437 3457 4507 discipuli

215 4504 386 4561 δαίαν
417 4507 541 4577 γῆν
569 4509 721 4577 μετὰ
753 4508 871 4561 τῶν
894 4509 1176 4578 μαθητῶν
1197 4512 1382 4566 αὐτοῦ
1406 4530 1420 4544 ⁸
1464 4510 1543 4584 ἦν
1577 4516 1647 4569 δὲ
1679 4520 1779 4571 καὶ

1893 4539 2002 4608 ejus
2028 4504 2083 4591 in
2106 4534 2355 4589 Judteam
2386 4504 2600 4586 terram.
2638 4530 2772 4585 Erat
2809 4538 2984 4582 autem
3016 4537 3065 4582 et
3088 4527 3321 4583 Joannes
3345 4504 3451 4583 iba-

227 4597 496 4664 Ἰωάννης
530 4598 833 4662 ,βαπτίζων
871 4600 941 4652 ἐν
979 4600 1174 4654 Αίνῶν
1203 4602 1383 4672 ἐγγὺς
1421 4606 1528 4660 τοῦ
1552 4608 1781 4677 Σαλὴμ,

215 4687 297 4740 ὅτι
326 4689 519 4743 ὕδατα
560 4690 760 4745 πολλὰ
800 4687 880 4761 ἦν
910 4692 1052 4756 ἐκεῖ,
1101 4695 1198 4749 καί
1237 4698 1654 4765 παρεγένοντο.
1684 4702 1783 4754 καὶ

213 4781 609 4843 ἐϐαπτίζοντο.
656 4785 832 4837 Οὔπω
868 4785 979 4854 γὰρ
1015 4782 1094 4855 ἦν
1131 4787 1509 4857 βεϐλημένος
1548 4795 1634 4857 εἰς
1668 4793 1785 4863 τὴν

213 4872 496 4939 φυλακὴν
516 4875 550 4926 ὁ
596 4872 885 4940 Ἰωάννης.

275 4962 457 5032 Πέρας
485 4961 585 5033 ἤδη
614 4962 883 5034 λαϐούσης
912 4966 1010 5035 τῆς
1043 4964 1180 5036 πρὸς
1210 4966 1519 5037 Νικόδημον
1540 4970 1777 5038 ὁμιλίας,

213 5051 391 5122 ἕτερόν
414 5070 467 5106 τι
500 5053 665 5107 πάλιν
697 5052 951 5125 ὲξαρτύει
986 5053 1402 5126 χρησιμώτατον
1430 5060 1459 5110 ὁ
1494 5059 1780 5125 θεσπέσιος

212 5143 613 5215 εὐαγγελιστής.
647 5145 926 5216 Πνεύματι
970 5145 1079 5216 γὰρ
1124 5146 1201 5216 τῷ
1251 5146 1380 5217 θείῳ
1410 5152 1778 5219 φωταγωγοῦ-

215 5250 365 5301 μενος
393 5236 531 5307 πρὸς
556 5235 654 5307 τὴν
689 5236 798 5289 τῶν
824 5237 1269 5305 ἀναγκαιοτάτων
1292 5238 1569 5310 ἐξήγησιν,
1599 5248 1776 5297 συνεῖ-

210 5323 291 5376 δεν
345 5328 427 5379 ὅτι
466 5328 805 5398 λυσιτελήσει
865 5329 1070 5398 σφόδρα
1120 5329 1246 5393 τοὺς
1274 5332 1685 5402 ἐντευξομένους
1714 5335 1775 5388 τὸ

209 5417 493 5487 διαγνῶναι
524 5421 731 5491 σαφῶς,
772 5420 947 5493 πόσην
988 5422 1099 5492 ἔχει
1140 5423 1239 5491 τὴν
1286 5424 1579 5496 ὑπεροχὴν,
1618 5427 1773 5497 ἢκαὶ

208 5504 345 5569 ὅσοις
371 5510 688 5580 ὑπέρκειται
726 5512 963 5583 μέτροις,
993 5515 1067 5577 ὡς
1109 5515 1248 5585 πρὸς
1281 5518 1343 5572 τὸ
1383 5522 1628 5576 Ἰωάννου
1674 5526 1771 5593 βά-

210 5613 412 5655 πτισμα
464 5602 526 5652 τὸ
567 5602 655 5657 διὰ
686 5605 944 5674 Χριστοῦ.
977 5601 1084 5661 Ἦν
1122 5610 1231 5670 γὰο
1263 5610 1431 5676 δντως
1470 5614 1680 5681 ἐλπίδος
1711 5622 1772 5674 οὐ

272 5773 315 5803 ³⁵
344 5773 448 5830 lsa.
472 5793 509 5842 ι,
533 5777 619 5843 19,
645 5778 733 5832 20.
811 5780 857 5813 ’⁸
883 5778 1028 5837 Psal.
1058 5798 1213 5847 xviii,
1239 5783 1292 5852 8,
1322 5784 1375 5839 9.

1882 4632 2091 4698 ptizans
2146 4628 2200 4680 in
2244 4625 2424 4679 xEnon
2447 4624 2609 4692 juxta
2657 4621 2868 4684 Salim;
2910 4622 3033 4689 quia
3082 4638 3232 4692 aqua:
3275 4623 3456 4676 multm

1883 4727 2037 4774 erant
2074 4717 2205 4780 illic,
2244 4724 2293 4769 et
2320 4713 2616 4777 veniebant,
2650 4722 2698 4766 et
2738 4711 3171 4777 baptizabantur.
3204 4711 3453 4766 Nondum

1883 4810 2021 4864 enim
2052 4809 2248 4861 missus
2279 4805 2454 4875 fuerat
2481 4801 2716 4858 Joannes
2744 4803 2797 4856 in
2819 4818 3101 4863 carcerem.

1954 4982 2135 5038 Finito
2164 4980 2374 5036 Christi
2417 4994 2542 5035 cum
2598 4978 2896 5034 Nicodemo
2948 4978 3241 5046 colloquio,
3298 4976 3446 5030 aliud

1883 5076 2144 5145 quiddam
2178 5074 2541 5129 utilissimum
2582 5072 2780 5126 iterum
2830 5070 2993 5125 struit
3027 5070 3244 5123 divinus
3285 5083 3449 5122 evan-

1882 5169 2098 5236 gelista.
2150 5165 2345 5219 Divino
2378 5166 2579 5233 quippe
2612 5162 2950 5217 illuminatus
2992 5158 3198 5227 Spiritu
3249 5158 3312 5212 ad
3358 5174 3447 5213 res

1880 5258 2222 5314 necessarias
2254 5257 2624 5327 exponendas,
2675 5254 2885 5310 sciebat
2930 5266 3127 5321 magno
3157 5250 3280 5305 usui
3332 5250 3447 5304 fore

1880 5350 2245 5412 auditoribus,
2284 5351 2328 5404 si
2364 5351 2511 5403 clare
2534 5352 2891 5415 agnoscerent
2922 5352 3125 5413 quanto
3157 5344 3444 5399 intervallo

1877 5442 2104 5497 Joannis
2165 5442 2431 5510 baptisma
2486 5440 2689 5494 Christi
2746 5438 3071 5506 baptismate
3133 5444 3436 5505 superetur.

1878 5531 2053 5585 Metus
2092 5531 2235 5585 enim
2266 5539 2387 5585 erat
2443 5529 2683 5599 profecto
2732 5542 2835 5581 nou
2879 5527 3104 5590 dubius,
3134 5528 3439 5581 exorituros

1881 5625 2114 5695 aliquos,
2150 5625 2243 5694 qui
2276 5638 2384 5694 pne
2439 5622 2635 5675 mentis
2680 5621 2863 5690 inopia
2922 5620 3106 5675 dicere
3155 5617 3437 5683 auderent,
