4118 6534
605 357 713 412 259

1596 353 1653 406 S.
1694 347 1973 407 CYRILL!
2012 344 2487 404 ALEXANDRINI
2530 344 2845 402 ARClllEP.

3754 348 3855 404 260

603 470 685 523 rel
750 466 959 522 nullum
1009 479 1135 522 esse
1185 479 1419 536 prorsus
1454 478 1647 520 eorum
1701 462 2025 529 discrimen,
2076 462 2172 517 sed

2285 458 2495 529 μακρὰν
2543 455 3025 528 ἀναδειχθήσεσθαί
3084 473 3213 509 ποτε
3263 455 3388 519 τοὺς
3438 455 3856 528 ἀποτολμῶντας

603 560 719 630 pari
750 567 1040 629 utrumque
1067 558 1123 612 in
1158 556 1334 627 pretio
1377 555 1713 621 habendum,
1750 555 1837 609 vel
1878 570 1946 609 ex
1988 554 2091 608 hac
2120 557 2175 608 in

601 652 958 722 agrestiorem
1021 650 1295 704 inscitiam
1335 647 1590 718 delapsos
1642 648 1851 703 Christi
1905 648 2175 718 baptisma

603 753 947 811 postponere,
1000 740 1235 809 priorem
1289 746 1471 792 autem
1520 741 1699 794 locum
1757 738 2033 809 baptismo
2081 738 2174 808 qui

604 848 697 900 per
734 848 931 902 aquam
968 832 1024 883 lit
1073 830 1418 900 impudenter
1454 841 1507 885 et
1536 830 1836 886 insolenter
1875 830 2173 886 ascribere.

601 924 756 989 Quod
789 924 933 978 enim
982 922 1225 976 audaciae
1278 938 1450 993 genus
1486 923 1811 978 intentatum
1859 922 2177 991 relinquunt

603 1015 861 1084 imperiti.
907 1022 1001 1067 aut
1036 1028 1200 1084 quant
1257 1013 1646 1082 Llasphemiam
1706 1028 1815 1067 non
1874 1012 2175 1082 arripiunt,

601 1109 948 1176 insurgentes
980 1105 1245 1161 adversus
1272 1103 1531 1160 Ecclesiae.
1563 1104 1837 1173 dogmata,
1871 1114 1925 1158 et
1963 1104 2173 1165 omnia,

602 1203 662 1247 ut
690 1194 959 1263 scriptum
987 1202 1071 1248 est
1103 1192 1148 1223 “
1170 1232 1184 1257 ,
1224 1200 1374 1247 recta
1416 1194 1776 1263 pervertunt?
1826 1189 1894 1246 Ut
1924 1207 2055 1262 ergo
2086 1208 2179 1247 sa-

603 1285 758 1354 piens
816 1284 1150 1355 evangelista
1202 1296 1465 1353 procaces
1522 1282 1743 1336 illorum
1804 1298 1965 1339 voces
2021 1284 2177 1354 prius

602 1384 892 1442 everteret,
927 1376 1103 1445 ipsum
1140 1374 1298 1430 nobis
1344 1373 1557 1429 inducit
1586 1387 1836 1428 sanctum
1872 1374 2170 1445 Baptistam

602 1485 720 1523 SlllS
748 1469 1031 1538 discipulis
1057 1468 1130 1522 rei
1164 1467 1408 1536 quaesitae
1433 1467 1761 1523 solutionem
1791 1477 2175 1538 exponentem.

603 1560 847 1630 llaptizat
910 1561 1090 1628 itaque
1150 1560 1406 1616 Christus
1475 1574 1571 1630 per
1631 1574 1763 1615 suos
1820 1560 2177 1632 discipulos:

600 1651 838 1705 Joannes
870 1652 1142 1715 similiter,
1178 1665 1288 1705 non
1314 1660 1497 1706 tamen
1538 1651 1785 1723 profecto
1827 1668 1922 1723 per
1943 1652 2176 1725 aliorum

601 1758 822 1806 manus,
860 1742 955 1796 sed
990 1757 1166 1811 neque
1200 1741 1253 1796 in
1278 1742 1387 1797 illis
1407 1741 1544 1812 ipsis
1563 1740 1812 1797 fontibus
1839 1742 2177 1813 baptizabat,

2282 550 2341 613 ἐξ
2368 550 2552 612 ἀνοίας
2588 551 2792 611 εἰπεῖν,
2831 548 2864 620 ἢ
2915 547 3184 619 μηδεμίαν
3216 548 3353 612 ὅλως
3383 548 3441 601 ὲν
3469 550 3654 613 αὐτοῖς
3685 550 3857 623 ὑπάρο

2296 659 2417 711 χειν
2467 643 2568 711 τὴν
2624 642 2922 713 διαφορὰν,
2984 640 3289 713 ἰσομέτροις
3341 640 3399 694 δὲ
3458 642 3600 695 αύτά
3662 642 3858 713 χρῆναι

2280 733 2675 802 στεφανοῦσθαι
2716 735 2933 804 τιμαῖς,
2978 732 3011 804 ἢ
3046 734 3140 786 καὶ
3173 732 3376 802 ταύτης
3410 734 3490 795 εἰς
3518 734 3860 805 ἀγριωτέραν

2280 824 2633 878 ἀπαιδευσίαν
2661 824 3151 891 ὲξολισθαίνοντας,
3182 825 3281 896 τὴν
3310 825 3408 896 μὲν
3442 825 3534 877 ἐπὶ
3565 828 3677 889 τοῖς
3706 826 3861 896 ἀμεί-

2280 932 2396 969 νοσι
2433 915 2614 987 ψῆφον
2657 915 2953 985 ἀφελέσθαι
2986 916 3080 970 τοῦ
3117 918 3208 971 διὰ
3235 915 3495 988 Χριστοῦ,
3527 916 3587 968 τὸ
3614 916 3671 969 δὲ
3705 919 3861 987 νικᾷν

2279 1008 2357 1079 τῷ
2385 1008 2451 1062 δι’
2473 1008 2663 1072 ὓδατος
2687 1008 3059 1079 ἀναισχύντως
3082 1008 3550 1064 ὲπασωτεύεσθαι.
3572 1011 3731 1063 Ιιοῖον
3753 1008 3862 1081 γὰρ

2280 1100 2480 1172 θράσος
2519 1102 2631 1165 τοῖς
2659 1100 3008 1163 ἀπαιδεύτοις
3050 1101 3112 1153 ού
3156 1100 3339 1170 βατδν,
3374 1101 3407 1171 ἢ
3458 1100 3542 1153 διὰ
3576 1100 3738 1164 mla;
3763 1100 3865 1154 οὐκ

2278 1192 2562 1247 ἐλαύνουσι
2607 1194 2941 1265 δυσφημίας,
2984 1193 3035 1245 oi
3069 1191 3208 1246 κατά
3234 1192 3343 1246 τῶν
3392 1192 3553 1264 ιερῶν
3585 1195 3685 1264 τῆς
3737 1192 3863 1246 Ἐκ-

2280 1284 2508 1356 κλησίας
2530 1285 2814 1356 δογμάτων
2841 1285 3273 1355 ἐξανιστάμενοι,
3308 1285 3399 1338 καὶ
3426 1286 3602 1338 πάντα
3630 1284 3700 1337 τὰ
3726 1282 3864 1356 ὀρθὰ

2279 1375 2724 1449 διαστρέφονται,
2782 1378 2927 1431 καθά
2968 1378 3314 1448 γέγραπται;
3367 1378 3486 1431 Ἵνα
3535 1377 3713 1430 τοίνυν
3764 1377 3863 1446 τῆς

2280 1467 2508 1520 ἐκείνων
2540 1466 2983 1539 ἀθυρογλωττίας
3008 1467 3277 1539 προανέλῃ
3304 1467 3402 1530 τὰς
3429 1468 3606 1528 αἰτίας
3626 1469 3655 1520 δ
3688 1465 3863 1535 σοφώ-

2279 1575 2440 1623 τατος
2473 1560 2885 1630 εύαγγελιστὴς,
2928 1559 3089 1612 αὑτὸν
3123 1562 3254 1630 ἡμῖν
3296 1558 3539 1630 εἰσφέρει
3590 1559 3681 1611 τὸν
3709 1558 3863 1627 ᾶγιον

2281 1650 2592 1720 Βαπτιστὴν
2634 1654 2747 1714 τοῖς
2786 1650 3008 1714 οἰκείοις
3051 1650 3421 1722 παρατιθέντα
3468 1650 3738 1722 μαθηταῖς
3769 1650 3863 1704 τοῦ

2283 1742 2618 1813 ζητουμένου
2646 1741 2746 1813 τὴν
2771 1741 2945 1796 λύσιν.
2976 1742 3235 1807 Βαπτίζει
3255 1741 3544 1814 τοιγαροῦν
3575 1742 3603 1792 ὁ
3626 1742 3866 1813 Χριστὸς

600 1837 654 1890 in
677 1836 877 1906 quibus
907 1834 1161 1890 Christus
1192 1834 1297 1889 hoc
1316 1833 1500 1890 facere
1524 1835 1872 1898 cernebatur,
1899 1834 1992 1892 sed
2011 1850 2179 1906 prope

2285 1835 2375 1889 διὰ
2420 1835 2527 1888 τῶν
2562 1834 2758 1889 ἑαυτοῦ
2798 1835 3057 1906 μαθητῶν
3079 1850 3092 1864 ⁸
3129 1835 3333 1906 ὁμοίως
3360 1834 3418 1887 δὲ
3455 1833 3552 1887 καὶ
3588 1834 3865 1905 Ἰωάννης,

602 1925 805 1988 Salem,
840 1933 898 1980 ut
932 1928 1200 1997 scriptum
1232 1933 1340 1990 est,
1399 1934 1454 1981 et
1498 1925 1554 1980 in
1612 1925 1763 1981 fonte
1808 1925 2047 1996 quodam
2084 1925 2180 1997 qui

602 2019 819 2073 vicinus
849 2025 989 2081 erat,
1021 2030 1075 2073 et
1103 2018 1199 2072 illo
1226 2015 1581 2073 Judaicorum
1609 2017 1841 2073 fontium
1863 2016 2182 2074 discrimine

602 2110 857 2180 baptismi
890 2110 1188 2166 discrimen
1222 2110 1627 2182 quodammodo
1662 2112 1981 2177 ostendens,
2022 2110 2180 2181 157

600 2210 655 2255 et
680 2201 917 2255 obscure
939 2200 1194 2265 innuens,
1228 2200 1369 2255 idem
1403 2215 1513 2255 non
1546 2216 1673 2257 esse
1700 2201 1971 2271 baptisma
2007 2200 2180 2255 Joan-

603 2292 689 2347 nis
727 2306 852 2345 eum
882 2306 950 2346 eo
976 2291 1121 2361 quod
1148 2306 1177 2344 a
1202 2292 1482 2347 Salvatore
1505 2300 1695 2346 nostro
1722 2290 1947 2347 Christo
1973 2290 2178 2346 factum

600 2393 723 2441 est:
756 2385 1067 2455 proximum
1096 2392 1279 2438 tamen
1326 2399 1451 2440 esse
1479 2392 1533 2440 et
1556 2383 1721 2445 circa
1748 2384 1952 2454 ipsum,
1991 2394 2050 2439 ut
2083 2384 2181 2437 do-

601 2484 756 2533 ceret
776 2478 1231 2548 przeparationem
1250 2477 1545 2548 quamdam
1572 2486 1625 2534 et
1656 2480 2027 2534 rudimentum
2055 2493 2180 2534 esse

603 2569 969 2640 perfectioris.
1006 2568 1479 2635 Quemadmodum
1516 2584 1647 2639 ergo
1678 2570 1763 2626 lex
1801 2569 2041 2625 Mosaiea
2062 2585 2181 2624 um-

603 2663 755 2717 bram
779 2662 980 2718 haberc
1001 2663 1206 2718 dicitur
1228 2662 1538 2719 futurorum
1556 2664 1849 2725 bonorum,
1870 2677 1979 2717 non
1998 2677 2181 2718 veram

602 2755 775 2825 ipsam
822 2770 1004 2811 rerum
1058 2757 1346 2826 imaginem
1396 2757 1505 2827 (est
1548 2756 1693 2810 enim
1741 2756 2182 2826 pmexercitatio

600 2849 873 2921 quaedam,
903 2857 958 2904 et
980 2849 1162 2904 cultus
1183 2849 1449 2919 spiritalis
1483 2848 1879 2913 rudimentum,
1906 2846 2181 2902 occultam

602 2943 939 2999 intrinsecus
1000 2943 1280 2997 veritatem
1335 2939 1699 3012 parturiens).
1730 2939 1804 2993 ita
1856 2953 2076 3009 quoque
2114 2938 2182 2994 de

604 3034 875 3103 baptismo
911 3033 1005 3088 illo
1034 3033 1088 3086 in
1125 3032 1506 3102 paenitentiam
1535 3032 1871 3086 censendum
1899 3037 2006 3088 est.

2287 1927 2379 1979 καὶ
2399 1926 2460 1979 οὐ
2485 1927 2702 1990 πάντως
2724 1926 2811 1980 διὰ
2841 1926 3019 1998 χειρὸς
3044 1926 3268 1998 ἐτέρων,
3294 1926 3409 1981 ἀλλ’
3436 1926 3562 1979 οὐδὲ
3586 1926 3648 1979 ὲν
3674 1925 3867 1991 αὑταῖς

2286 2016 2523 2081 ἐκείναις
2548 2016 2808 2081 ὲδάπτιζε
2840 2019 2961 2080 ταῖς
2985 2020 3210 2089 πηγαῖς,
3238 2018 3296 2072 ὲν
3320 2011 3405 2081 αἷς
3429 2017 3588 2071 τοῦτο
3610 2020 3868 2091 πράττων

2289 2108 2539 2177 ἐφαίνετο
2576 2109 2840 2179 Χριστὸς,
2890 2108 3029 2163 ἀλλὰ
3058 2108 3285 2179 πλησίον
3323 2108 3418 2162 τοῦ
3459 2109 3680 2181 Σαλὴμ,
3722 2110 3870 2165 καθὰ

2286 2201 2629 2271 γέγραπται,
2669 2202 2764 2255 καὶ⁵
2813 2202 2892 2265 είς
2948 2202 3077 2272 μίαν
3126 2200 3236 2254 τῶν
3282 2200 3467 2272 κύκλῳ
3518 2203 3609 2255 καὶ
3649 2203 3871 2271 γείτονα

2290 2291 2510 2363 πηγὴν,
2546 2293 2642 2346 καὶ
2691 2293 2758 2346 δι’
2806 2292 2973 2346 αὑτοῦ
3009 2293 3211 2365 τρόπον
3244 2293 3368 2347 τινὰ
3416 2294 3509 2347 τοῦ
3556 2293 3866 2363 διωρίσθαι,

2288 2388 2453 2458 φημὶ,
2487 2391 2606 2452 ταῖς
2625 2387 2734 2441 τῶν
2775 2388 3042 2442 Ἰουδαίων
3075 2390 3414 2461 πηγαῖς,τὴν
3445 2390 3537 2443 ἐπὶ
3563 2388 3640 2459 τῷ
3673 2388 3871 2459 βαπτί-

2288 2496 2455 2550 σματι
2484 2478 2746 2533 δεικνύων
2771 2479 3056 2550 διαφοράν,
3091 2481 3186 2533 καὶ
3220 2481 3670 2552 κατασημαίνων,
3695 2480 3773 2544 ώς
3801 2476 3870 2535 δι’

2286 2571 2640 2643 αἰνίγματος,
2688 2573 2767 2636 ὼς
2796 2572 2995 2626 ταυτὸν
3032 2574 3131 2644 μὲν
3176 2574 3278 2627 οὐκ
3315 2573 3431 2627 ἔστι
3470 2573 3548 2644 τῷ
3586 2572 3736 2645 παρά
3774 2570 3870 2625 τοῦ

2279 2663 2532 2736 Σωτῆρος
2574 2663 2733 2737 ἡμῶν
2784 2665 3022 2736 Χριστοῦ
3074 2666 3136 2719 τὸ
3176 2666 3244 2719 δι’
3292 2664 3495 2719 αὑτοῦ·
3547 2662 3776 2735 πλησίον
3824 2664 3871 2717 δ’

2278 2751 2371 2808 οὖν
2404 2755 2590 2826 ὅμως,
2640 2756 2734 2809 καὶ
2784 2756 2913 2827 περὶ
2947 2755 3114 2821 αὐτὸ,
3146 2757 3548 2828 προμελέτησίν
3605 2774 3727 2810 τινα
3776 2759 3872 2810 καὶ

2279 2850 2589 2922 εἰσαγωγὴν
2636 2849 2910 2921 εἰσφέρων
2963 2849 3059 2903 τοῦ
3106 2851 3464 2922 τελειοτέρου.
3518 2852 3728 2921 ’Ὠσπερ
3775 2844 3873 2903 οῦν

2281 2942 2374 2996 καὶ
2396 2943 2424 2994 ὁ
2452 2940 2615 3012 νόμος
2656 2942 2685 2994 ό
2722 2940 2811 2994 διὰ
2856 2940 3099 3005 Μωσέως
3144 2942 3303 2994 σκιὰν
3332 2942 3476 3011 ἔχειν
3520 2941 3733 3010 λέγεται
3761 2940 3873 2993 τῶν

2283 3034 2586 3105 μελλόντων
2615 3034 2855 3102 ἀγαθῶν,
2882 3034 2981 3086 οὐκ
3014 3034 3185 3105 αὐτὴν
3212 3038 3312 3104 τὴν
3344 3035 3527 3089 εἰκόνα
3554 3035 3668 3089 τῶν
3692 3050 3871 3104 πραγο

606 3127 827 3197 μάτωνο
880 3124 1287 3197 προγύμνασμα
1330 3125 1437 3195 γάρ
1477 3141 1529 3176 τι
1570 3125 1664 3177 καὶ
1708 3127 2121 3198 προκατήχησις
2158 3127 2258 3199 τῆς
2300 3131 2357 3182 ὲν
2392 3129 2664 3200 πνεύματι
2710 3128 2964 3199 λατρείας
3006 3127 3068 3181 τὸ
3110 3128 3344 3200 γράμμα
3376 3128 3493 3182 ἐστὶ
3550 3130 3613 3185 τὸ
3649 3131 3875 3184 Minoa?-

604 3217 720 3280 κὲν,
750 3215 1137 3288 κεκρυμμένην
1163 3215 1366 3268 ἔσωθεν
1387 3215 1572 3269 ώδίνον
1597 3214 1697 3287 τὴν
1715 3214 1972 3287 ἀλήθειαν
1995 3234 2009 3249 ο
2041 3216 2184 3271 οὕτω
2222 3220 2435 3291 νοήσεις
2464 3221 2559 3274 καὶ
2586 3221 2647 3274 τὸ
2676 3221 2757 3284 εἰς
2787 3222 3077 3292 μετάνοιαν
3117 3221 3422 3291 βάπτισμα.

677 3307 765 3373 Ill,
800 3309 985 3363 25-26.
1014 3307 1186 3362 Facta
1218 3318 1293 3363 est
1330 3324 1504 3365 autem
1533 3313 1757 3383 quaestio
1794 3329 1861 3367 ea:
1887 3314 2173 3384 discipulis

2327 3317 2600 3387 Ἐγένετο
2630 3315 2743 3373 οὖν
2770 3317 3017 3384 ζήτησις
3056 3316 3125 3370 ἐκ
3156 3314 3275 3370 τῶν
3284 3316 3570 3386 μαθητῶν
3588 3317 3875 3375 Ἰωάννου

602 3402 831 3458 Joannis
865 3419 984 3457 cum
1024 3400 1231 3457 Judwis
1266 3404 1329 3458 de
1367 3406 1742 3475 puriﬁcatione
1790 3422 1809 3461 :
1838 3416 1890 3462 et
1927 3420 2181 3465 venerunt

604 3497 675 3551 ad
708 3494 995 3562 Joannem,
1032 3505 1082 3549 et
1113 3496 1362 3551 dixerunt
1394 3498 1463 3553 ei.

676 3591 812 3645 Cum
841 3588 1013 3645 Judaei
1057 3590 1258 3659 legales
1320 3590 1676 3650 lustrationes
1727 3594 2018 3652 defendere
2071 3612 2181 3652 non

606 3692 853 3753 possent,
887 3697 988 3739 nec
1016 3682 1378 3753 purificationi
1408 3685 1621 3742 buculas
1646 3687 1833 3744 cinere
1865 3688 1983 3744 fieri
2006 3690 2183 3746 solitae.

608 3772 967 3842 patrocinari,
1002 3771 1263 3842 quiddam
1293 3775 1347 3828 in
1368 3772 1595 3831 Joannis
1625 3776 1927 3847 discipulos
1951 3780 2184 3835 ordiun-

608 3876 719 3931 tur,
756 3879 870 3936 quo
910 3866 1207 3934 sperabant
1232 3881 1292 3921 se
1325 3868 1528 3938 negotii
1559 3884 1667 3924 non
1704 3884 1897 3941 parum
1934 3872 2017 3928 eis
2050 3873 2187 3927 alla-

605 3967 783 4022 turos,
816 3956 1065 4027 quamvis
1120 3956 1175 4011 in
1216 3957 1335 4015 suis
1367 3957 1527 4015 facile
1577 3970 1993 4032 superarentur.
2044 3962 2183 4018 Nam

604 4048 868 4119 quoniam
913 4048 1052 4103 beati
1084 4046 1340 4119 Baptistae
1372 4049 1653 4121 discipuli,
1683 4053 1932 4125 magistri
1972 4056 2057 4110 sui
2086 4055 2183 4111 ba-

607 4142 806 4213 ptisma
833 4140 1225 4210 suspicientes,
1250 4148 1305 4196 et
1333 4141 1742 4211 purificationes
1774 4144 1973 4216 legales
2003 4146 2185 4218 impu-

605 4243 857 4304 gnantes,
895 4241 1158 4304 praestare
1179 4232 1293 4301 jam
1323 4230 1620 4291 Pharisaeis
1652 4235 1854 4292 virtute
1891 4244 1947 4293 et
1996 4238 2180 4294 erudi-

605 4325 751 4380 tiutte
798 4324 1147 4387 videbantur,
1208 4323 1331 4379 ideo
1374 4325 1614 4396 graviter
1666 4335 1721 4381 et
1772 4326 1959 4399 inique
1990 4328 2043 4384 id
2103 4329 2181 4384 illi

606 4418 811 4482 ferunt,
848 4418 901 4471 in
948 4416 1317 4472 conviciando
1362 4417 1539 4472 solum
1574 4419 1948 4490 vehementes,
2007 4430 2063 4477 et
2113 4422 2182 4477 ad

604 4525 820 4564 omnem
861 4509 1121 4563 malitiam
1154 4510 1415 4580 expediti.
1454 4509 1519 4566 Et
1547 4521 1699 4569 certe
1732 4514 1843 4569 alio
1888 4516 2185 4586 respicien-

606 4605 711 4661 tes,
748 4596 974 4667 laudant
996 4597 1197 4653 Christi
1231 4599 1586 4670 baptismum,
1617 4618 1728 4658 nou
1765 4605 1912 4674 quod
1944 4606 2017 4660 ita
2052 4622 2181 4662 sen-

607 4689 797 4750 tirent,
832 4703 1008 4757 neque
1033 4687 1181 4759 quod
1210 4704 1366 4745 veras
1394 4689 1444 4745 ei
1482 4690 1672 4749 laudes
1701 4691 2062 4763 all‘underent,
2084 4695 2181 4752 sed
2215 4695 2258 4751 D
2286 4696 2410 4766 γίαν
2458 4711 2473 4726 ο

605 4780 793 4835 animo
828 4787 1041 4835 tantum
1083 4780 1411 4847 lacessendi,
1440 4790 1495 4838 et
1525 4792 1721 4854 prseter
1756 4787 2080 4841 sententiam
2127 4787 2180 4843 id

608 4871 895 4935 facientes,
928 4872 1105 4927 donec
1132 4873 1197 4927 ad
1217 4874 1422 4929 exitum
1454 4876 1748 4931 consilium
1782 4892 1943 4932 suum
1977 4877 2181 4948 perdu-

604 4975 807 5022 cerent.
823 4965 1055 5021 Ratione
1070 4981 1200 5036 ergo
1221 4966 1537 5023 nullatenus
1554 4967 1930 5024 demonstrare
1947 4976 2179 5038 queunt,

604 5061 803 5117 nedum
825 5061 1156 5116 testimoniis
1181 5059 1480 5131 Scriptura:
1505 5060 1723 5117 Christo
1743 5062 2180 5132 patrocinantur,

608 5154 789 5223 (unde
828 5156 975 5209 enim
1010 5152 1162 5209 istud
1212 5152 1416 5225 ingenii
1465 5154 1781 5210 hominibus
1821 5154 2180 5226 imperitis?)

606 5244 703 5299 sed
733 5244 799 5298 ad
823 5244 1194 5301 confirmanda
1234 5260 1333 5299 sua
1352 5245 1499 5300 dicta
1529 5245 1662 5299 illud
1691 5246 1947 5316 allegant,
1975 5262 2181 5316 paucos

607 5334 897 5389 admodum
933 5336 999 5389 ad
1032 5336 1321 5403 Joannem,
1364 5338 1567 5391 multos
1623 5353 1755 5393 vero
1787 5340 2052 5410 gregatim
2110 5341 2179 5395 ad

605 5425 883 5481 Christum
938 5428 1239 5483 confluere.
1300 5429 1608 5499 Sperabant
1660 5431 1807 5485 enim
1868 5430 2049 5486 forsan
2091 5432 2181 5487 isti

604 5513 807 5584 oppido
832 5515 1093 5570 vecordes
1114 5517 1358 5573 victoriae
1388 5520 1661 5575 calculum
1694 5536 1753 5577 se
1776 5529 2178 5593 reportaturos,

603 5611 656 5657 et
690 5604 953 5675 legalibus
1000 5606 1422 5662 lustrationibus
1456 5610 1695 5677 potiores
1747 5618 1932 5679 partes
1992 5610 2178 5667 datum

678 5785 722 5817 "
758 5783 918 5841 Mitlt.
952 5800 1037 5849 Iit,
1072 5786 1124 5839 9.

2285 3410 2434 3481 μετὰ
2488 3408 2797 3464 Ἰουδαίων
2849 3409 2985 3478 περί
3043 3409 3416 3479 καθαρισμοῦ
3435 3451 3450 3475 ,
3519 3410 3622 3464 καί
3680 3407 3876 3482 ἦλθον

2288 3496 2440 3564 πρὸς
2466 3499 2571 3551 τὸν
2602 3496 2900 3565 Ἰωάννην,
2932 3493 3227 3552 καίεῖπον
3265 3498 3429 3564 αὐτῷ

2375 3588 2711 3653 ’Δτονοῦντες
2753 3589 2993 3644 Ἰουδαῖοι
3022 3592 3133 3655 τοῖς
3157 3590 3299 3644 κατά
3336 3591 3428 3645 τὸν
3473 3592 3639 3664 νόμον
3681 3596 3878 3665 περιρ-

2291 3679 2601 3751 ραντηρίοις
2625 3679 2996 3746 συνίστασθαι,
3024 3680 3120 3735 καὶ
3158 3682 3545 3754 συναγορεύειν
3581 3685 3684 3737 οὐκ
3719 3685 3874 3756 ἔχονο

2288 3787 2378 3833 τες
2411 3769 2489 3841 τῷ
2533 3770 2622 3824 διὰ
2660 3769 2859 3824 σποδοῦ
2906 3769 3196 3841 δαμάλεως
3248 3770 3598 3843 καθαρισμῷ,
3646 3772 3875 3844 ἐξυφαί-

2290 3864 2440 3919 νουσί
2473 3882 2525 3917 τι
2545 3866 2657 3929 τοῖς
2680 3864 2935 3917 Ἰωάννου
2966 3863 3259 3936 μαθηταῖς,
3288 3864 3356 3918 δι’
3394 3858 3568 3937 οὗπερ
3622 3867 3875 3938 ἐνόμιζον

2289 3957 2351 4011 ού
2378 3956 2611 4028 μετρίως
2662 3957 2905 4012 ἀνιάσειν
2932 3958 3153 4021 αὐτοὺς,
3186 3956 3363 4011 καίτοι
3393 3956 3514 4011 λίαν
3543 3958 3774 4030 ἑτοίμως
3818 3962 3875 4014 ἑν

2287 4050 2402 4113 τοῖς
2438 4047 2561 4102 καθ’
2587 4049 2816 4113 ἑαυτοὺς
2834 4047 3159 4121 ἡττώμενοι.
3190 4047 3409 4121 Ἐπειδὴ
3438 4048 3549 4120 γὰρ
3575 4052 3624 4104 οἰ
3662 4050 3740 4122 τῷ
3769 4069 3874 4123 μα-

2290 4140 2468 4214 καρίῳ
2522 4141 2979 4213 προσεδρεύοντες
3036 4140 3316 4213 Βαπτιστῇ
3342 4180 3357 4207 ,
3421 4141 3703 4213 κρείττους
3767 4144 3869 4216 ἤδη

2289 4233 2386 4287 καὶ
2425 4231 2778 4304 συνετώτεροι
2804 4232 2912 4286 τῶν
2939 4231 3249 4304 Φαρισαίων
3299 4233 3604 4301 ἐφαίνοντο,
3655 4235 3718 4289 τὸ
3764 4251 3871 4289 πα-

2293 4324 2363 4399 ρά
2391 4324 2471 4396 τῷ
2485 4325 2669 4396 οἰκείῳ
2692 4325 3000 4397 διδασκάλῳ
3027 4324 3400 4397 θαυμάζοντες
3432 4324 3739 4398 βάπτισμα.
3772 4329 3869 4382 καὶ

2287 4419 2415 4482 τοὺς
2462 4416 2605 4471 κατὰ
2654 4417 2817 4489 νόμον
2876 4416 3372 4487 καταγωνιζόμενοι
3431 4417 3812 4489 καθαρισμούς
3850 4434 3867 4448 ο

2287 4509 2649 4583 δυσφοροῦσιν
2678 4511 2771 4564 ἐπὶ
2802 4510 3011 4574 τούτοις
3052 4510 3103 4563 oi
3136 4510 3271 4578 πρὸς
3312 4510 3474 4580 μόνον
3508 4510 3570 4563 τὸ
3620 4510 3871 4565 διαλοιδο-

2294 4603 2504 4677 ρείσθαι
2531 4602 2741 4675 γοργοὶ,
2778 4602 2873 4655 καὶ
2922 4600 3005 4663 είς
3036 4600 3217 4653 πᾶσαν
3246 4598 3586 4670 ἑτοιμότατοι
3631 4618 3870 4672 κακουρ-

2532 4693 2627 4747 καὶ
2677 4692 2742 4765 δὴ
2789 4692 2882 4746 τὸν
2946 4694 3146 4745 οἰκεῖον
3205 4691 3660 4761 παρατρέψαντες
3715 4692 3871 4760 λόγον

2288 4786 2575 4843 ἐπαινοῦσι
2599 4786 2661 4840 τὸ
2687 4785 2972 4857 βάπτισμα
2999 4784 3062 4837 τὸ
3088 4783 3179 4837 διὰ
3215 4784 3475 4856 Χριστοῦ,
3534 4784 3868 4857 διακείμενοι

2290 4882 2390 4952 μὲν
2438 4881 2540 4934 οὐκ
2565 4879 2741 4953 ὀρθῶς
2764 4920 2779 4943 ,
2827 4878 2947 4932 οὐδὲ
2984 4878 3205 4950 ἀληθεῖς
3240 4875 3497 4941 ἐπαίνους
3539 4877 3635 4931 τοῦ
3686 4879 3865 4949 πράγ-

2297 4990 2465 5044 ματος
2510 4970 2895 5039 καταχέοντες,
2934 4969 3014 5033 εἰς
3051 4968 3109 5022 δὲ
3153 4968 3315 5038 μόνον
3355 4968 3418 5021 τὸ
3448 4968 3692 5039 λυπῆσαι
3729 4987 3869 5040 παρ-

2288 5062 2623 5134 ωξυμμένοι,
2655 5060 2748 5114 καὶ
2780 5058 2876 5130 τὴν
2900 5057 3051 5129 παρὰ
3085 5056 3313 5128 γνώμην
3335 5055 3703 5127 δανειζόμενοι
3735 5057 3867 5127 πρό-

2289 5156 2457 5219 θεσιν,
2490 5154 2592 5217 ἓως
2620 5153 2685 5207 ἂν
2719 5152 2901 5214 αὐτοῖς
2943 5151 3024 5213 εἰς
3076 5149 3238 5221 ἔργον
3278 5148 3512 5221 ὲκτρέχῃ
3545 5148 3606 5202 τὸ
3640 5149 3867 5203 σπούδαο

2292 5263 2426 5317 σμα.
2481 5242 2719 5314 Λογικὴν
2785 5240 2884 5312 μὲν
2933 5235 3027 5295 οὖν
3065 5238 3321 5310 οὐδεμίαν
3362 5238 3544 5308 έχουσι
3598 5239 3864 5293 ποιεῖσθαι

2288 5337 2387 5408 τὴν
2445 5334 2755 5399 ἀπόδειξιν,
2797 5331 2912 5386 ἀλλ’
2950 5330 3074 5384 οὐδὲ
3128 5331 3194 5383 ὲκ
3245 5328 3354 5382 τῶν
3407 5328 3567 5399 ἱερῶν
3616 5330 3863 5395 λαδὸντες

2289 5429 2645 5501 Γραμμάτων
2676 5422 3035 5498 συνηγοροῦσι
3073 5419 3295 5492 Χριστῷ
3327 5434 3341 5449 ⁶
3376 5420 3542 5475 πόθεν
3569 5421 3677 5493 γὰρ
3702 5424 3734 5493 ἡ
3759 5438 3866 5474 τοι·

2290 5520 2429 5592 αύτη
2468 5522 2581 5583 τοῖς
2610 5515 2961 5578 ἀπαιδεύτοις
3004 5512 3259 5575 σύνεσις;
3295 5512 3473 5565 έκεῖνο
3500 5511 3556 5565 δὲ
3592 5513 3752 5582 μόνον
3786 5514 3863 5574 εἰς

2292 5610 2582 5681 βεϐαίωσιν
2609 5608 2718 5664 τῶν
2748 5606 2963 5662 οἰκείων
2987 5605 3336 5675 προΐσχονται
3364 5604 3559 5675 λόγων,
3582 5606 3645 5661 τὸ
3672 5604 3860 5677 κομιδῇ
