4118 6526
256 367 355 421 261
1308 365 1373 422 IN
1411 363 1696 421 JOANNIS
1734 362 2181 422 EVANCELlUM
2220 367 2348 423 UB.
2391 370 2454 426 ll.
3384 377 3490 435 289,

249 481 350 550 μὲν
384 474 522 531 εἶναι
586 478 809 550 βραχεῖς
854 480 1074 553 ἀριθμῷ
1107 481 1235 543 τοὺς
1292 479 1514 553 Ἰωάννῃ
1557 477 1792 550 προστρέ

1925 478 2014 544 irt,
2044 496 2220 551 eoque
2261 486 2482 542 nomine
2511 503 2571 544 se
2599 489 2954 559 gloriaturos,
2988 491 3036 547 si
3073 492 3281 548 Christi
3314 482 3492 568 bapti-

245 589 457 642 χοντας,
505 571 766 644 ἀγεληδὸν
795 573 852 627 δὲ
898 573 1136 643 βαδίζειν
1183 574 1275 626 ἐπὶ
1319 573 1553 644 Χριστόν
1589 587 1604 600 ’
1644 569 1795 641 -ᾣοντι

1919 588 2096 628 sutum
2119 577 2175 630 ei
2202 578 2296 648 qui
2332 594 2496 633 manu
2521 578 2748 639 Joannis
2789 585 3108 641 tradebatur
3129 585 3490 655 anteferrent,

245 664 355 735 γὰρ
383 665 510 727 ἴσως
539 664 674 718 πολὺ
702 663 823 718 λίαν
845 665 1201 736 ἀφραίνοντες
1222 665 1321 736 τὴν
1341 665 1434 716 ἐπὶ
1455 662 1532 732 τῷ
1559 659 1795 716 δύνασθα

1919 670 1974 716 et
2006 665 2307 722 molestiam
2338 670 2586 740 proiecto
2627 682 2910 731 creaturos
2955 676 3024 733 iis
3052 677 3119 733 ad
3153 693 3294 750 quos
3327 681 3492 738 verba

245 758 397 826 νικᾷν
441 756 860 828 ἀποκομιεῖσθαι
901 756 1100 827 ψῆφον,
1149 756 1242 811 καὶ
1287 757 1400 820 τοῖς
1447 754 1687 824 νομικοῖς
1718 769 1795 806 πε

1917 751 2208 811 faciebant.
2239 755 2354 814 Sed
2378 758 2674 817 discedunt
2705 766 2947 830 tandem,
2978 776 3033 821 et
3065 783 3131 824 ex
3174 769 3491 826 inconside-

247 848 672 920 ριρραντηρίοις,
695 849 770 914 ὡς
801 849 906 919 ἢδη
928 845 1794 921 κεκρατηκόσιν,ἀπαυθαδίζεσθα

1917 851 2035 897 rata
2065 845 2439 917 disputatione
2473 853 2648 906 multo
2679 854 2853 925 magis
2904 857 3036 911 victi
3085 859 3492 930 digrediuntur.

243 942 340 1011 τῆς
389 940 635 1003 Ἰωάννου
663 941 864 1014 χειρὸς,
900 942 958 994 ὲν
991 941 1238 1010 ἀμείνοσι
1271 941 1455 1003 θέντες
1482 937 1650 992 τὸδιά
1674 939 1795 1010 Χρι-

1921 933 2210 994 Dominum
2251 940 2411 1013 158
2435 944 2639 1015 quippe
2663 947 2812 1001 velut
2841 964 2907 1003 ex
2945 951 3274 1008 necessitate
3314 953 3499 1009 laudis

245 1026 370 1081 στού
399 1031 513 1092 τοῖς
543 1028 858 1100 προσιοῦσιν
888 1029 1038 1102 αύτῷ
1069 1029 1478 1102 ,χορηγούμενον
1509 1026 1788 1098 βάπτισμα

1921 1025 2025 1082 bus
2048 1041 2339 1098 coronant,
2370 1034 2532 1090 etiam
2567 1036 2742 1092 inviti.

241 1125 337 1178 καὶ
392 1125 657 1196 λυπήσειν
708 1125 807 1196 μὲν
856 1127 1024 1192 ὅντως
1054 1127 1202 1192 τοὺς,
1231 1126 1486 1200 πρδςηῦς
1513 1121 1582 1197 ἦν
1618 1127 1649 1178 6
1682 1123 1860 1192 λόγος.
1912 1123 2372 1183 Ἀπαλλάττονται
2417 1130 2475 1185 δὲ
2532 1133 2687 1202 μόλις
2725 1134 2818 1188 ἐπὶ
2854 1135 3084 1203 τούτοις,
3147 1138 3240 1191 καὶ
3278 1141 3490 1211 ἀναχω-

244 1221 396 1292 ροῦσι
438 1221 546 1276 τῶν
613 1222 862 1278 Ἰωάννου
936 1223 1210 1295 μαθητῶν.
1272 1223 1331 1291 ἐξ
1405 1221 1816 1294 ἀπερισκέπτου
1859 1217 2195 1293 λογομαχίας
2255 1226 2391 1282 πολὺ
2453 1228 2714 1300 μειζόνως
2757 1230 3080 1304 ἡττώμενοι.
3135 1234 3492 1307 Καταστεφα-

239 1315 390 1369 νούσι
424 1316 534 1387 γὰρ
558 1320 671 1381 τοῖς
693 1317 754 1383 ἐξ
780 1319 1025 1390 ἀνάγκης
1054 1318 1315 1382 ἐπαίνοις,
1349 1318 1445 1373 καὶ
1481 1318 1579 1387 οὐχ
1600 1315 1817 1377 ἑκόντες
1852 1313 1944 1368 τὸν
1971 1315 2197 1390 Κύριον.

319 1404 540 1472 Ῥασϐί,
583 1406 652 1474 ὃς
669 1403 749 1478 ἦν
770 1410 922 1478 μετὰ
949 1409 1068 1465 σοῦ
1111 1409 1300 1480 πέραν
1335 1410 1442 1465 τοῦ
1492 1405 1811 1476 Ἰορδάνου.

236 1487 284 1561 ᾧ
321 1495 406 1549 σὺ
446 1499 903 1566 μεμαρτύρηκας
925 1538 940 1560 ,
992 1498 1083 1553 ιδε
1139 1495 1319 1566 οὗτος
1363 1498 1673 1564 βαπτίζει,
1713 1499 1814 1553 καὶ

237 1586 462 1654 πάντες
487 1588 763 1656 ἔρχονται
799 1591 949 1658 πρὸς
988 1591 1194 1646 αὐτόν.
1258 1591 1574 1660 Ἀπεκρίθη
1610 1590 1812 1648 Ἰωάν-

234 1696 371 1746 νης,
407 1680 504 1734 καὶ
531 1677 720 1736 εἷπεν.

305 1774 436 1836 Τοῖς
460 1774 569 1827 τῶν
601 1775 905 1846 Φαρισαίων
931 1775 1109 1844 λόγοις
1155 1776 1580 1848 καταδηχθέντες
1609 1775 1660 1830 oi
1707 1794 1812 1848 μα-

1992 1406 2078 1475 ΙΙΙ,
2108 1409 2198 1466 26.
2231 1410 2423 1476 Rabbi,
2453 1415 2544 1486 qui
2588 1426 2706 1471 erat
2753 1427 2921 1472 tecum
2970 1426 3121 1475 trans
3172 1420 3488 1489 Iordanem,

1916 1501 2003 1554 cui
2035 1511 2091 1554 tu
2124 1505 2478 1559 testimonium
2509 1507 2846 1576 perhibnisti,
2876 1527 3027 1576 ecce,
3085 1513 3169 1568 hic
3223 1513 3485 1584 baptizat,

1911 1601 1964 1646 et
1999 1610 2190 1649 cntnes
2247 1598 2458 1652 veniunt
2519 1599 2589 1652 ad
2631 1617 2772 1656 eum.
2814 1600 3098 1671 Respondit
3144 1604 3401 1672 Joannes,
3435 1618 3485 1664 et

1912 1683 2070 1741 dixit.

1989 1775 2279 1848 Discipuli,
2306 1779 2707 1840 Pharismorum
2731 1785 2893 1843 dente
2917 1789 3177 1856 lacessiti,
3199 1791 3485 1864 ipsamque

236 1867 423 1936 θηται,
449 1866 543 1920 καὶ
571 1869 651 1931 εἰς
686 1869 857 1938 αὐτὴν
895 1868 952 1923 δὲ
986 1869 1080 1924 τοῦ
1128 1871 1452 1944 πράγματος
1501 1871 1795 1942 ἀφορῶντες

1913 1868 1992 1922 rei
2031 1881 2282 1925 naturam
2307 1873 2607 1941 intuentes,
2638 1893 2826 1933 eorum
2884 1881 3105 1950 quidem
3138 1884 3484 1940 mendacium

230 1956 332 2027 τὴν
357 1957 542 2027 φύσιν,
567 1957 926 2030 ψευδομένους
949 1962 1049 2033 μὲν
1064 1961 1308 2034 ἐλέγχειν
1324 1959 1464 2036 ἦσαν
1489 1964 1586 2036 οὐχ
1608 1959 1809 2030 οἷοίτε,

231 2049 560 2120 διαποροῦσι
616 2051 673 2103 δὲ
721 2053 968 2120 εἰκότως,
1008 2056 1107 2108 καὶ
1157 2056 1217 2108 τὸ
1263 2056 1405 2127 μέγα
1429 2056 1524 2110 τοῦ
1561 2058 1812 2130 Σωτῆρος

229 2138 396 2209 ἡμῶν
416 2142 516 2195 οὒκ
561 2142 765 2208 εἰδότες
795 2144 1036 2217 ἀξίωμα,
1076 2148 1509 2202 καταποοῦνται
1555 2149 1675 2204 λίαν
1719 2151 1811 2204 ἐπὶ

230 2233 344 2294 τοῖς
385 2231 634 2286 Ἰωάννου
671 2239 1147 2308 μειονεκτήμασιν,
1183 2240 1322 2294 αἰδοῖ
1350 2257 1410 2293 τε
1445 2242 1540 2294 καὶ
1568 2240 1810 2312 θαύματι

228 2323 319 2377 τὸν
360 2323 425 2388 ἐξ
451 2325 672 2396 ἀγάπης
704 2328 1038 2399 κεράσαντες
1062 2329 1241 2400 λόγον,
1279 2332 1522 2399 ἀξιοῦσιν
1565 2333 1666 2406 ῆδη
1715 2351 1812 2405 μαι

228 2414 364 2483 θεῖν,
404 2418 526 2471 ὅτου
558 2417 621 2490 δὴ
666 2419 824 2492 χάριν
871 2424 900 2475 6
941 2425 1061 2486 ταῖς
1095 2425 1224 2495 παρ’
1248 2424 1414 2478 αὐτοῦ
1457 2441 1812 2498 μεμαρτυρη-

230 2505 400 2576 μένος
433 2511 640 2576 φωναῖς
675 2512 872 2580 φθάνει
911 2514 1008 2583 μὲν
1041 2514 1202 2568 αὑτὸν
1230 2517 1288 2569 ὲν
1324 2516 1619 2583 εύκλείαις,
1673 2537 1810 2592 προ-

225 2595 378 2667 πηδᾷ
407 2597 464 2650 δὲ
491 2599 556 2668 τῇ
590 2599 795 2670 χάριτι,
837 2601 932 2654 καὶ
966 2603 1254 2674 σαγηνεύει
1290 2605 1567 2676 βαπτίζων
1603 2609 1664 2662 ού
1709 2609 1806 2679 μέ-

229 2704 318 2759 ρος
360 2689 464 2756 τῆς
521 2690 739 2761 ἀπάσης
789 2693 1028 2763 πληθύος
1074 2697 1392 2769 Ἰουδαϊκῆς,
1425 2699 1541 2752 ἀλλ’
1579 2700 1691 2771 ἢδη
1713 2701 1807 2755 καὶ

224 2780 462 2843 πάντας.
493 2783 803 2837 Ἐποιοῦντο
839 2785 916 2848 δὲ,
951 2788 1090 2842 κατὰ
1117 2788 1179 2842 τὺ
1203 2791 1370 2858 είκδς,
1395 2793 1494 2846 ούκ
1520 2792 1672 2847 ἀθεεὶ
1705 2794 1804 2866 τὴν

223 2868 456 2940 ζήτησιν
483 2889 498 2904 ο
556 2873 799 2929 καλεῖται
851 2876 960 2949 γάρ
998 2878 1247 2934 ἐντεῦθεν
1297 2883 1326 2936 6
1371 2883 1683 2955 Βαπτιστὴς
1725 2887 1806 2950 είς

221 2961 431 3034 ἀκριϐῆ
489 2965 584 3018 καὶ
620 2967 849 3037 μακρὰν
897 2969 1024 3039 περὶ
1075 2969 1168 3023 τοῦ
1223 2971 1472 3044 Σωτῆρος
1523 2973 1802 3048 ἐξήγησιν,

219 3052 314 3105 καὶ
351 3053 787 3130 διαφανεστάτην
829 3058 938 3112 τῶν
992 3059 1381 3130 βαπτισυάτων
1416 3066 1659 3140 εἰσφέρει
1705 3068 1803 3141 τὴν

216 3141 533 3215 διαφοράν..

291 3236 382 3288 οὐ
427 3235 675 3291 δύναται
709 3239 1020 3310 ἄνθρωπος
1067 3244 1398 3314 λαιῶάνειν
1443 3247 1645 3315 οὐδὲν,
1691 3249 1800 3305 ἐὰν

211 3325 297 3394 μὴ
332 3321 385 3397 ᾖ
405 3326 728 3398 δεδομένον
756 3331 916 3398 αὐτῷ
936 3334 1004 3388 ἐκ
1020 3335 1127 3390 τοῦ
1157 3338 1437 3404 οὐρανοῦ.

284 3419 463 3472 Οὐδέν
490 3437 654 3491 φησιν
687 3423 746 3476 ὲν
771 3423 1079 3498 ἀνθρώποις
1116 3426 1340 3496 ἀγαθον,
1376 3429 1406 3482 ὃ
1453 3429 1527 3502 μὴ
1578 3430 1798 3496 πάντως

216 3503 360 3562 εἶναι
401 3510 494 3563 καὶ
519 3510 815 3569 θεόσδοτον.
863 3515 960 3569 «Τί
988 3515 1097 3588 γάρ
1129 3516 1294 3587 ἔχεις,
1324 3517 1353 3572 δ
1374 3519 1480 3573 οὐκ
1504 3520 1730 3586 ἐλαῦεςς
1773 3540 1791 3574 ι

215 3599 444 3655 ἀκούειν
475 3602 544 3657 ἀν
576 3604 777 3674 πρέποι
812 3608 879 3678 τῇ
911 3606 1109 3662 κτίσει.
1138 3608 1353 3679 Χρῆναι
1393 3611 1450 3665 δὲ
1492 3609 1644 3682 οῐμαι
1682 3615 1796 3677 τοῖς

216 3687 316 3758 μὲν
347 3689 782 3764 ἀπονεμηθεῖσιν
825 3694 1114 3766 ἀρκεῖσθαι
1159 3697 1399 3770 μέτροις,
1425 3700 1520 3754 καὶ
1556 3702 1678 3764 ταῖς
1704 3701 1796 3754 ού-

216 3778 448 3834 ρανόθεν
477 3781 860 3854 διωρισμέναις
884 3786 1178 3858 ἐφήδεσθαι
1209 3793 1416 3860 τιμαῖς,
1456 3792 1793 3847 ἐκτείνεσθαι

211 3869 268 3924 ἑὲ
309 3871 630 3944 περαιτέρω
669 3875 960 3947 μηδαμῶς,
995 3878 1130 3950 μηδὲ
1175 3879 1486 3953 ἀχαρίστως
1534 3885 1602 3955 τῇ
1659 3884 1794 3956 πρὸς

208 3962 271 4016 «ιδ
289 3965 483 4034 μεῖζον
509 3967 598 4021 ἀεὶ
625 3971 997 4040 κεχρημένους
1034 3972 1240 4041 ἐφέσει,
1266 3974 1366 4046 τὴν
1413 3976 1621 4031 ἀνωθεν
1671 3979 1792 4031 ἀτι-

212 4053 414 4122 μάζειν
451 4053 650 4127 ψῆφον,
683 4059 778 4112 καὶ
811 4059 1152 4128 δεσποτικοῐς
1173 4064 1556 4136 ἀπομάχεσθαι
1585 4067 1788 4140 κρίμα·

211 4161 319 4209 σιν,
360 4146 504 4200 αἰδοῖ
550 4149 757 4223 τοῦμὴ
808 4151 984 4222 δοκεῖν
1027 4154 1122 4208 τοῦ
1155 4156 1492 4230 τελειοτέρου
1530 4158 1591 4213 τὸ
1636 4159 1789 4214 ἔλατ⁴

205 4254 300 4291 τον
331 4239 712 4312 ἀποφέρεσθαι
744 4260 759 4275 ο
787 4241 1014 4311 ἀλλὀῖς
1042 4264 1149 4319 περ
1181 4247 1248 4302 ἂν
1274 4249 1534 4322 ἐθελήσας
1558 4253 1786 4324 τιμήσῃ,

205 4326 390 4380 ταῦτα
412 4328 475 4400 δὴ
491 4330 586 4384 καὶ
624 4331 767 4401 μάλα
796 4335 1064 4389 ποιεῖσθαι
1089 4337 1215 4408 περὶ
1236 4337 1453 4393 πολλοῦ.
1475 4341 1568 4412 Μή
1590 4341 1790 4412 ἀσχαλ-

205 4416 348 4472 λέτω
401 4423 692 4493 τοιγαροῦν
735 4424 765 4476 6
813 4425 974 4497 ἐμὸς,
1022 4430 1177 4499 φησὶ,
1222 4430 1489 4502 μαθητὴς,
1531 4435 1581 4486 ει
1623 4433 1787 4505 μὴτὸ

1913 1977 2211 2032 coarguere
2239 1981 2347 2022 non
2372 1975 2646 2039 poterant,
2668 1973 2902 2042 sedjure
2927 1974 3221 2043 dubitant;
3249 1993 3485 2049 cumque

1911 2055 2166 2110 criudam
2210 2057 2356 2112 illam
2396 2060 2570 2115 nostri
2612 2059 2912 2119 Salvatoris
2982 2065 3299 2135 dignitatem
3330 2067 3486 2140 igno-

1911 2155 2054 2207 rent,
2097 2147 2450 2205 vehementer
2476 2151 2755 2208 miranttrr
2782 2156 3014 2210 minoris
3043 2155 3162 2212 ﬁeri
3193 2158 3479 2226 Joannem,

1911 2247 1963 2291 et
1981 2238 2200 2308 pudore
2239 2248 2405 2311 atque
2436 2242 2804 2302 admiratione
2831 2262 3140 2304 sermonem
3175 2266 3241 2306 ex
3299 2265 3484 2306 amore

1912 2329 2216 2396 profectum
2247 2340 2634 2404 temperantes,
2672 2338 3034 2394 sciscitantur
3056 2341 3273 2395 demum
3309 2357 3478 2412 quam

1911 2420 1982 2473 oh
2011 2435 2236 2477 causam
2264 2421 2519 2480 Christus
2547 2427 2597 2481 ei
2629 2427 2801 2499 gloria
2829 2431 3147 2494 antecellat,
3171 2432 3328 2502 cujus
3351 2450 3484 2490 voce

1911 2511 2282 2568 testimonium
2313 2515 2545 2586 accepit,
2571 2518 2730 2587 eique
2747 2523 2927 2591 gratia
2957 2531 3196 2592 praestet,
3224 2539 3322 2579 nec
3353 2541 3483 2595 par-

1911 2611 2014 2657 tem
2054 2605 2231 2660 solum
2269 2607 2512 2664 Judaicae
2549 2611 2939 2677 tnultitudinis,
3000 2615 3094 2670 sed
3148 2631 3346 2672 omnes
3387 2618 3483 2673 ba-

1909 2696 2166 2764 pt’zando
2196 2697 2263 2751 ad
2290 2714 2350 2754 se
2378 2701 2684 2770 pert-raltat.
2710 2702 2846 2758 Illud
2883 2720 3048 2775 porro
3077 2721 3186 2762 non
3216 2707 3336 2763 sine
3381 2725 3482 2763 nu-

1907 2789 2072 2852 mine,
2131 2797 2192 2842 ut
2239 2791 2491 2860 videtur,
2535 2795 2907 2864 quaesierunt:
2966 2809 3301 2867 provocatur
3333 2801 3479 2855 enim

1905 2874 2035 2931 hinc
2063 2877 2308 2949 Baptista
2337 2882 2403 2936 ad
2435 2891 2685 2938 exactam
2739 2893 2794 2939 et
2825 2886 3041 2956 longam
3096 2888 3163 2943 de
3195 2886 3481 2946 Salvatore

1904 2971 2277 3026 narrationem
2300 2973 2699 3042 faciendam,et
2717 2978 3068 3034 manifestum
3093 2979 3478 3052 baptismatum

1906 3059 2123 3115 illorum
2153 3060 2450 3119 discrimen
2477 3063 2656 3121 aﬂ'ert.

1974 3237 2062 3301 Ill,
2093 3239 2186 3296 27.
2227 3239 2351 3296 Non
2375 3252 2544 3312 potest
2567 3243 2726 3298 homo
2751 3247 2985 3316 accipere
3019 3249 3332 3321 quidquam,
3369 3252 3478 3309 nisi

1899 3328 2061 3398 fuerit
2084 3332 2136 3385 ei
2168 3331 2353 3386 datum
2390 3333 2458 3388 de
2483 3334 2635 3390 (telo.

1970 3421 2114 3477 Nihil
2183 3425 2366 3495 inquit
2414 3425 2469 3480 in
2530 3426 2850 3486 hominibus
2899 3430 3102 3486 bonum
3142 3449 3286 3501 esse,
3328 3437 3475 3506 quod

1899 3516 2058 3584 plane
2086 3529 2116 3568 a
2164 3513 2275 3570 Deo
2322 3517 2508 3572 datum
2558 3535 2668 3576 non
2710 3522 2802 3577 sit.
2847 3542 2867 3574 ι
2903 3523 3042 3590 Quid
3091 3528 3235 3581 enim
3283 3528 3472 3598 habes,

1897 3606 2037 3670 quod
2069 3620 2174 3660 non
2223 3607 2481 3677 accepisti
2506 3609 2594 3663 "l
2625 3631 2643 3663 ι
2686 3621 2995 3668 creaturam
3047 3617 3240 3674 audire
3291 3621 3472 3676 decet.

1895 3695 2150 3751 Arbitror
2186 3705 2366 3753 autem
2404 3715 2503 3754 sua
2533 3709 2684 3757 sorte
2725 3712 3016 3761 contentos
3055 3722 3180 3764 esse
3236 3710 3467 3780 debere,

1893 3796 1946 3841 et
1977 3788 2281 3845 honoribus
2314 3790 2534 3847 caelitus
2589 3797 2875 3852 concessis
2935 3800 3317 3868 acquiescere,
3369 3819 3472 3860 nec

1895 3881 2124 3936 ulterius
2177 3883 2477 3953 quidquam
2539 3884 2816 3950 affectare,
2869 3904 2970 3943 nec
3004 3890 3221 3962 ingrato
3273 3895 3464 3950 animo

1893 3971 2136 4025 divinum
2163 3977 2445 4044 aspernari
2471 3975 2778 4040 decretum,
2805 3981 2984 4047 majus
3007 3997 3229 4054 semper
3255 3984 3466 4055 aliquid

1891 4065 2204 4128 ambiendo,
2233 4074 2288 4121 et
2311 4066 2521 4122 ltomini
2547 4070 3063 4140 pugnarejndiciis,
3116 4076 3262 4145 quod
3316 4093 3470 4133 asse-

1890 4156 1982 4219 qui
2012 4156 2214 4226 pudeat
2238 4158 2385 4228 quod
2425 4159 2668 4230 perfecto
2716 4162 2789 4216 sit
2835 4165 3039 4228 minus,
3075 4166 3168 4221 scd
3201 4181 3468 4237 quaecun-

1889 4261 1997 4313 que
2025 4245 2295 4303 honorare
2318 4249 2576 4316 voluerit,
2613 4265 2676 4307 ea
2709 4259 2861 4306 certe
2881 4253 3063 4323 magni
3095 4252 3365 4310 facienda.
3389 4257 3468 4314 Ne

1889 4338 2105 4407 angitor
2133 4340 2320 4409 itaque
2346 4356 2520 4404 meus,
2553 4342 2753 4413 inquit,
2810 4343 3141 4413 discipulus,
3196 4346 3244 4400 si
3286 4363 3462 4404 meam

1888 4439 2092 4485 sortem
2146 4447 2256 4485 non
2298 4433 2525 4495 excedo,
2581 4436 2629 4490 si
2685 4435 2952 4505 majorem
2988 4453 3098 4493 non
3154 4439 3370 4509 ignoro,
3410 4452 3466 4499 et

205 4508 338 4578 ἐμὸν
362 4509 658 4582 ὲξάλλομαι
685 4513 900 4587 μέτρον,
932 4517 980 4570 εί
1008 4517 1069 4570 τὸ
1109 4519 1294 4590 μεῖζον
1321 4522 1423 4575 οὐκ
1458 4521 1656 4590 ἀγνοῶ,
1693 4524 1787 4577 καὶ

1898 4523 2033 4578 intra
2063 4525 2292 4595 gloriam
2321 4526 2648 4583 humanitati
2675 4538 3070 4600 congruentem
3111 4545 3395 4591 coerceor.

205 4600 284 4662 εἰς
311 4598 477 4666 δόξαν
504 4601 946 4677 ἀνθρωποπρεπῆ
974 4607 1358 4680 συστέλλομαι.

263 4691 448 4746 Αὐτοὶ
467 4693 638 4762 ὑμεῖς
657 4712 759 4764 μοι
785 4699 1148 4766 μαρτυρεῖτε,
1178 4699 1268 4754 ὄτι
1289 4696 1480 4756 εἶπον·
1507 4701 1652 4774 Ἐγὼ
1671 4707 1782 4760 οὐκ

202 4780 318 4848 ειμι
348 4781 386 4834 ὁ
414 4783 689 4849 Χριστὸς,
720 4785 859 4839 ἀλλ’
903 4785 991 4840 ὅτι
1022 4787 1478 4860 ἀπεσταλμένος
1512 4794 1627 4863 είμί
1679 4795 1783 4865 ἐμ-

203 4873 478 4938 προσθεν
496 4873 754 4930 ἐκείνου.

271 4962 374 5026 Εἰς
397 4963 700 5034 ἀνάμνησιν
729 4965 851 5033 ἄγει
880 4968 1008 5031 τοὺς
1048 4968 1244 5025 ἑαυτοῦ
1270 4970 1518 5045 μαθητάς
1564 4969 1640 5029 ὧν
1679 4977 1778 5051 ήδη

203 5058 472 5121 πολλάκις
491 5061 759 5132 ἀκηκόασι
788 5064 984 5132 λόγων,
1001 5063 1136 5134 ὁμοῦ
1160 5066 1260 5136 μὲν
1279 5066 1518 5139 ἐλέγχων
1545 5071 1776 5141 εὐφυῶς,

204 5153 278 5215 ὡς
310 5155 382 5223 τῇ
407 5153 515 5207 τῶν
540 5154 828 5226 χρησίμων
857 5156 994 5229 λήθῃ
1039 5159 1483 5230 κεκαρωμένους,
1521 5163 1614 5217 καὶ
1653 5165 1779 5234 περὶ

201 5244 303 5314 τὴν
333 5243 482 5297 οὕτω
507 5245 842 5317 σεμνοτάτην
883 5245 1232 5303 διδασκαλίαν
1280 5250 1776 5320 ἀπονυστάζοντας,

201 5336 339 5406 όμοῦ
371 5336 429 5390 δὲ
449 5337 754 5392 ἀναπείθων
777 5339 879 5410 τῆς
913 5339 1062 5403 θείας
1088 5342 1395 5413 μεμνῆσθαι
1418 5344 1660 5416 Γραφῆς,
1684 5346 1779 5400 ἀτε

201 5427 266 5498 δὴ
287 5430 357 5500 τῇ
387 5429 482 5482 ἐπὶ
500 5429 676 5501 τούτῳ
704 5430 1029 5503 φιλομαθείᾳ
1066 5433 1575 5506 συντεθραμμένους
1596 5452 1612 5468 ·
1658 5438 1778 5492 τίνα

204 5520 307 5589 μὲν
362 5521 581 5576 ἔσεσθαι
623 5524 885 5595 κηρύττει
940 5525 1175 5592 Χριστόν
1205 5540 1222 5558 ⁶
1269 5527 1391 5580 τίνα
1423 5527 1481 5582 δὲ
1516 5522 1585 5582 αὖ
1615 5529 1778 5584 πάλιν

201 5615 292 5665 τὸν
318 5615 652 5686 προκήρυκα
696 5617 1012 5691 Βαπτιστήν
1042 5617 1223 5702 ’,οὕτω
1261 5619 1370 5692 γὰρ
1409 5619 1633 5692 ἔμελλον
1675 5622 1776 5694 τὴν

310 5791 357 5828 ’τ
389 5789 407 5842 1
445 5791 572 5848 Cor.
597 5809 670 5858 tv,
701 5795 755 5848 7.

1964 4697 2050 4760 Ill,
2079 4699 2172 4756 28.
2207 4698 2322 4769 Ipsi
2344 4718 2434 4756 vos
2458 4702 2585 4756 mihi
2610 4702 2965 4756 testimonium
2986 4702 3290 4770 perhibetis,
3323 4709 3463 4776 quod

1887 4791 2157 4846 dixerim:
2198 4791 2321 4848 Non
2353 4811 2469 4848 sum
2501 4811 2594 4865 ego
2632 4793 2878 4850 Christus
2909 4813 2923 4862 ;
2962 4794 3054 4849 sed
3099 4798 3226 4866 quia
3264 4800 3457 4855 missus

1887 4901 2004 4937 sum
2041 4894 2162 4939 ante
2191 4886 2368 4940 illum.

1962 4977 2254 5047 ltiscipulis
2303 4978 2420 5033 suis
2471 4978 2526 5032 in
2587 4979 2908 5035 memoriam
2964 4985 3179 5039 reducit
3234 4999 3298 5038 ea
3337 4998 3459 5053 quae

1887 5084 2030 5140 srcpe
2061 5070 2171 5140 jam
2204 5069 2517 5133 audierant,
2549 5071 2750 5140 partim
2780 5073 2999 5142 quidem
3032 5091 3127 5131 eos
3185 5075 3323 5131 scite
3368 5091 3456 5130 ar-

1886 5180 2080 5234 guens,
2112 5163 2272 5234 quasi
2307 5177 2493 5217 rerum
2522 5163 2736 5218 utilium
2774 5164 2936 5234 159
2966 5166 3242 5223 oblivione
3267 5183 3460 5240 grava-

1887 5268 1992 5323 tos,
2051 5266 2106 5314 et
2153 5257 2221 5312 ad
2275 5265 2386 5311 tam
2439 5270 2662 5328 gravem
2701 5256 3010 5311 doctrinam
3065 5257 3454 5324 dormitantes,

1887 5349 2084 5418 partim
2113 5361 2241 5402 vero
2268 5347 2507 5402 suadens
2541 5347 2743 5402 divina:
2784 5344 3084 5416 Scriptura:
3116 5349 3453 5410 meminisse.

1886 5438 2137 5493 homines
2172 5437 2228 5492 in
2257 5437 2377 5506 ejus
2419 5439 2605 5493 studio
2638 5437 2944 5504 prasertim
2980 5438 3262 5504 educatos,
3293 5455 3456 5511 quem

1886 5531 1982 5584 illa
2035 5529 2280 5584 futurum
2320 5529 2601 5585 Christum
2661 5529 2952 5600 praedicet,
3003 5539 3059 5585 et
3111 5547 3274 5603 quem
3327 5532 3456 5586 item

1885 5633 2190 5692 praeconem
2233 5619 2557 5691 Baptistam.
2615 5619 2708 5676 Sic
2745 5621 3184 5707 enimutroque
3235 5621 3454 5692 cognite
