4118 6538
676 362 782 421 265

1652 364 1713 421 S.
1732 361 2000 420 (ΣΥΜιίλί
2039 360 2505 422 ALEXANDRINI
2534 360 2851 424 ARCIHEP.

3784 377 3873 435 281

674 481 917 554 graviter
944 480 1107 537 laturi
1134 497 1242 537 non
1267 490 1443 547 crant,
1467 482 1611 553 quod
1634 499 1729 540 eos
1751 486 2101 541 convenienti
2124 486 2224 541 sibi

2332 488 2419 557 ἐφ’
2447 487 2664 557 ἑκάστῳ
2691 486 2895 555 γνῶσιν
2928 484 3321 555 ἀναδεξάμενοι
3356 484 3693 555 χαλεπαίνειν
3742 492 3873 546 οὐδαο

675 582 826 629 sorte
853 574 1111 644 pneditos
1137 574 1408 630 viderent.
1436 575 1573 629 Aliis
1598 589 1729 646 ergo
1753 577 2008 641 testibus,
2034 577 2233 648 inquit,

680 669 742 723 Id
779 668 831 722 id
859 668 1289 722 conﬁrmandum
1329 682 1467 738 opus
1500 668 1634 722 mihi
1670 683 1779 723 non
1813 670 1939 734 erit,
1975 684 2098 723 cum
2132 668 2237 722 mei

681 759 931 831 discipuli
962 760 1178 830 ipsimet
1212 760 1506 814 audierint.
1527 759 1756 814 Servum
1779 775 1865 814 me
1889 774 2010 814 esse
2027 757 2237 829 profes-

678 865 769 906 sus
802 866 943 916 sum,
973 850 1178 907 missus
1202 867 1321 906 sum
1351 858 1410 906 ut
1438 851 1967 922 prtedicarem,cEgo
1987 866 2093 905 non
2115 865 2237 904 sum

678 942 945 998 Christus.
989 962 1010 995 ι
1043 942 1260 1011 Vincat,
1300 953 1540 1014 superet,
1569 945 1875 1000 celebretur
1908 944 2000 998 ille
2034 942 2238 1012 glorio-

674 1035 789 1089 sius
832 1045 891 1088 ut
924 1035 1191 1090 Dominus
1226 1053 1288 1091 ac
1322 1037 1484 1092 Deus.

743 1123 830 1187 Ill,
857 1123 948 1179 29.
988 1125 1091 1190 Qui
1118 1126 1272 1179 habet
1304 1142 1571 1193 sponsam,
1620 1140 1846 1192 sponsus
1886 1131 2001 1178 est:
2033 1122 2235 1175 amicus

673 1222 851 1267 autent
885 1216 1086 1283 sponsi,
1123 1216 1212 1283 qui
1245 1224 1371 1279 stat,
1403 1225 1449 1267 et
1488 1214 1637 1266 audit
1668 1230 1806 1279 eum,
1832 1213 2023 1283 gaudio
2044 1209 2238 1281 gaudet

671 1319 887 1375 propter
915 1323 1086 1361 vocem
1117 1307 1320 1375 sponsi.
1359 1306 1471 1359 Hoc
1496 1322 1617 1375 ergo
1655 1305 1907 1375 gaudium
1942 1320 2114 1356 meum
2138 1304 2239 1356 im-

670 1402 867 1469 pletum
906 1406 1008 1455 est.

745 1490 958 1546 Rursus
992 1488 1156 1543 ducta
1185 1486 1585 1558 quodammodo
1612 1500 1642 1539 a
1672 1484 1833 1540 nobis
1882 1481 2239 1539 similitudine

673 1585 740 1639 ad
799 1583 1163 1653 cognitionem
1224 1580 1509 1635 subtilium
1561 1576 2088 1647 contemplationum
2133 1590 2238 1631 nos

670 1673 911 1730 deducit.
982 1671 1196 1743 Figura:
1256 1685 1492 1741 namque
1548 1685 1730 1724 rerum
1784 1666 2235 1723 intellectualium

669 1772 796 1821 sunt
820 1779 883 1819 ea
905 1778 1027 1834 qua:
1056 1777 1221 1817 manu
1247 1762 1635 1833 palpantur,et
1660 1760 2030 1831 corporalium
2058 1772 2237 1812 exem-

2341 579 2480 650 μῶς,
2503 580 2559 631 ὲν
2578 581 2690 641 τοῖς
2714 579 2928 648 ἑκάστῳ
2954 577 3253 647 πρέπουσιν
3272 578 3507 649 ὁρῶντες
3534 580 3741 644 αὐτούς.
3763 586 3875 654 Δεή-

2338 684 2502 738 σομαι
2524 668 2816 739 τοιγαροῦν
2839 669 2939 738 οὐχ
2961 668 3184 738 ἑτέρων,
3221 670 3408 738 φησὶν,
3457 671 3534 733 εἰς
3574 668 3724 723 τοῦτο
3755 690 3873 744 μαρ-

2336 759 2535 828 τύρων,
2569 760 2869 829 αὐτηκόους
2891 758 3029 829 ἔχων
3049 760 3175 823 τοὺς
3200 759 3440 829 ἐμαυτοῦ
3467 759 3731 830 μαθητάςο
3753 763 3879 833 ὡμο-

2336 849 2544 921 λόγηκα
2564 850 2663 921 τὴν
2684 850 2946 914 δουλείαν,
2964 850 3213 921 προκηριὸ
3223 851 3327 914 ξων
3350 851 3661 922 ἀπεστάλην
3676 868 3689 880 ·
3717 872 3734 904 ι
3756 854 3876 921 Ἐγὼ

2334 941 2435 995 οὐκ
2462 942 2579 1012 εἰμὶ
2607 944 2635 995 6
2665 940 2924 1012 Χριστός.
2961 959 2981 993 ι
3027 940 3271 1003 Νικάτω,
3301 941 3591 1012 κρατείτω,
3620 943 3874 1014 καταλαμο

2337 1032 2625 1105 πρυνέσθω
2658 1032 2941 1102 μειζόνως,
2970 1033 3048 1096 ὠς
3082 1034 3356 1103 Δεσπότης
3378 1033 3473 1085 καὶ
3495 1033 3649 1097 Θεός.

2418 1125 2472 1178 '0
2511 1124 2667 1194 ἔχων
2711 1124 2827 1194 τὴν
2878 1127 3154 1194 νύμφην,
3209 1126 3468 1194 νυμφίος
3518 1126 3722 1191 ἐστίν,
3766 1130 3796 1181 d
3822 1128 3878 1183 δὲ

2335 1216 2516 1285 φίλος
2572 1217 2678 1271 τοῦ
2740 1216 3003 1285 νυμφίου
3067 1219 3102 1270 ὀ
3150 1216 3457 1284 ἑστηκὼς,
3518 1217 3616 1269 καὶ
3670 1219 3878 1275 ἀκούων

2337 1307 2542 1374 αὐτοῦ,
2563 1306 2715 1376 χαρᾷ
2748 1308 2941 1376 χαίρει
2968 1307 3067 1361 διὰ
3094 1307 3208 1375 τὴν
3234 1308 3445 1376 φωνὴν
3462 1308 3569 1363 τοῦ
3600 1312 3856 1379 νυμφίου.

2335 1396 2497 1464 Αὕτη
2524 1393 2637 1452 οὖν
2667 1398 2705 1465 ἡ
2740 1398 2893 1466 χαρὰ
2926 1396 2959 1463 ἡ
2994 1395 3107 1465 ἐμὴ
3141 1396 3542 1465 πεπλήρωται.

2420 1487 2692 1555 Ἐγεγόνει
2739 1487 2837 1558 μὲν
2882 1487 3043 1541 πάλιν
3074 1488 3151 1551 ὼς
3193 1488 3252 1554 ἐξ
3299 1488 3613 1559 ὁμοιώσεως
3654 1490 3745 1560 τῆς
3774 1493 3875 1547 καθ’

2338 1578 2483 1647 ἡμᾶς
2508 1580 2536 1631 6
2569 1579 2743 1643 λόγος,
2801 1581 2925 1648 άγει
2961 1580 3019 1632 δὲ
3068 1580 3148 1644 εἰς
3201 1581 3496 1648 ἐπίγνωσιν
3538 1580 3876 1653 θεωρημάτων

2336 1667 2584 1721 λεπτῶν*
2637 1670 2797 1723 τύποι
2846 1670 2956 1741 γὰρ
2998 1671 3106 1725 τῶν
3150 1672 3386 1742 νοητῶν,
3443 1672 3512 1726 τὰ
3546 1675 3721 1745 χειρὸς
3756 1678 3876 1748 ἁφήν

2337 1761 2702 1834 ὑπομένοντα,
2747 1765 2841 1818 καὶ
2870 1764 3198 1836 σωματικῶν
3238 1765 3697 1836 παραδειγμάτων
3726 1769 3877 1837 παχύ-

668 1857 884 1926 plorum
917 1855 1187 1917 crassitie,
1212 1854 1627 1908 accuratissime
1656 1867 1800 1923 saepe
1826 1866 1917 1907 res
1949 1850 2224 1919 spiritales

2332 1869 2464 1924 της,
2499 1855 2903 1926 ἀκριϐεστάτην
2941 1856 3186 1926 εἰσφέρει
3229 1855 3489 1919 πολλάκις
3522 1856 3627 1907 τῶν
3667 1872 3877 1927 πνευμαο

668 1948 1139 2003 demonstrantur.
1182 1942 1430 2013 Sponsus
1475 1950 1560 1997 est
1591 1942 1779 2011 igitur,
1818 1940 2017 2010 inquit,
2056 1947 2111 1993 et
2140 1952 2235 1992 ce-

670 2037 939 2093 lebritatis
963 2035 1215 2091 Christus
1252 2041 1339 2091 est
1376 2037 1631 2104 princeps
1665 2050 1678 2086 :
1719 2046 1823 2103 ego
1852 2046 1982 2085 vero
2009 2037 2236 2084 vocator

668 2137 724 2185 ct
762 2144 990 2198 auspex,
1036 2128 1127 2183 cui
1175 2143 1405 2183 summa:
1437 2126 1737 2197 voluptatis
1776 2134 1830 2181 et
1881 2123 2116 2179 illustris
2149 2121 2236 2175 di-

668 2222 893 2292 gnitatis
934 2222 1056 2276 loco
1108 2228 1192 2276 est
1247 2219 1302 2273 in
1350 2218 1653 2273 amicorum
1718 2216 1913 2271 ordine
1966 2214 2235 2267 duntaxat

665 2315 948 2377 collocari,
1009 2321 1063 2367 et
1126 2328 1313 2367 vocem
1361 2309 1735 2366 convivatoris
1774 2307 1986 2362 audire.
2048 2304 2233 2359 llabeo

666 2408 854 2477 itaque
882 2406 1099 2461 demum
1135 2404 1280 2474 quod
1308 2403 1586 2474 optabam,
1640 2408 1695 2456 et
1743 2397 1891 2469 quod
1950 2398 2003 2451 in
2047 2397 2233 2450 animo

664 2509 784 2555 erat
813 2499 946 2553 mihi
990 2498 1292 2568 perfectum
1318 2505 1429 2551 est.
1464 2493 1765 2549 Prmdicavi
1804 2491 1953 2547 enim
2000 2504 2109 2544 non
2142 2502 2233 2543 so-

665 2593 776 2647 lum
809 2590 1088 2646 Christum
1120 2597 1432 2649 venturum,
1471 2585 1565 2642 sed
1602 2585 1784 2654 ipsum
1838 2596 2060 2651 quoque
2116 2579 2231 2649 jam

663 2692 850 2755 specto
888 2690 1231 2753 praesentem,
1253 2688 1308 2736 et
1336 2679 1458 2749 ejus
1486 2692 1674 2732 vocem
1709 2674 1936 2730 auribus
1964 2671 2227 2743 percipio.

662 2774 772 2831 Vos
792 2789 945 2839 vero,
988 2772 1387 2842 sapientissimi
1422 2769 1707 2839 discipuli,
1741 2780 1867 2821 cum
1917 2764 2231 2819 humanita-

661 2875 766 2921 tem
797 2864 1024 2919 Christo
1047 2862 1434 2933 desponsatam
1458 2860 1527 2915 ad
1557 2874 1681 2915 eum
1712 2855 1978 2912 accedere
2007 2852 2225 2917 videtis,

658 2968 715 3015 et
744 2965 1001 3013 naturam
1048 2958 1198 3011 illam
1241 2954 1525 3024 reiectam,
1572 2958 1734 3020 atque
1764 2948 1834 3003 ab
1885 2947 2005 3014 ejus
2041 2958 2227 2998 amore

659 3049 932 3104 divulsam
958 3048 1025 3100 atl
1048 3046 1349 3117 spiritalem
1374 3041 1821 3111 coniunctionem
1848 3053 1944 3107 per
1974 3046 2224 3091 sanctum

656 3140 932 3211 baptisma
980 3137 1163 3192 redire
1222 3134 1565 3205 conspicitis,
1606 3147 1677 3186 ne
1741 3129 1972 3184 moleste
2010 3126 2222 3186 feratis,

2336 1946 2503 1999 τικῶν
2530 1946 2629 2019 τὴν
2659 1947 2931 2011 ἀπόδειξιν
2954 1963 2969 1979 ⁸
3004 1948 3122 2001 ἐστι
3144 1947 3345 2013 τοίνυν,
3369 1946 3524 2017 φησὶ,
3556 1948 3771 2017 νυμφίος
3797 1950 3876 2019 μὲν

2338 2038 2432 2091 καὶ
2481 2039 2933 2111 πανηγυριάρχης
2981 2041 3011 2095 6
3059 2039 3328 2110 Χριστὸς,
3389 2037 3786 2110 δειπνοκλήτωρ
3831 2040 3876 2092 δὲ

2340 2128 2451 2197 ἐγὼ
2497 2130 2592 2183 καὶ
2643 2130 3043 2201 νυμφαγωγὸς,
3086 2130 3354 2201 θυμηδίαν
3396 2130 3536 2200 ἔχων
3582 2130 3873 2201 ἀκροτάτην,

2334 2218 2427 2271 καὶ
2476 2219 2690 2290 ἀξίωμα
2739 2220 3065 2291 περιφανὲς,
3103 2219 3164 2273 τὸ
3204 2221 3264 2272 εν
3300 2219 3474 2288 φίλοις
3509 2218 3875 2287 κατατετάχθαι

2337 2310 2517 2380 μόνον,
2565 2311 2786 2381 καὶτῆς
2828 2311 2922 2364 τοῦ
2962 2310 3248 2374 ἑστιῶντος
3284 2308 3662 2381 ἐπακροᾶσθαι
3698 2311 3874 2379 φωνῆς.

2337 2402 2485 2472 "Exte
2532 2401 2633 2472 μὲν
2687 2397 2781 2457 οὖν
2835 2402 2934 2473 ήδη
2974 2402 3035 2455 τὸ
3110 2401 3441 2473 ποθούμενον
3484 2400 3628 2469 ἐγὼ,
3679 2402 3764 2453 καὶ
3797 2417 3875 2453 πε·

2334 2492 2617 2563 πλήρωταί
2662 2511 2751 2564 μοι
2790 2493 2850 2546 τὸ
2880 2492 3201 2563 σπούδασμα
3232 2510 3246 2524 ο
3296 2492 3541 2563 ὲκήρυξα
3570 2492 3675 2563 γὰρ
3702 2492 3757 2544 οὐ
3796 2492 3874 2561 μὸ-

2338 2598 2451 2648 νον,
2491 2583 2567 2646 ὡς
2592 2582 2711 2653 ἥξει
2752 2582 2986 2654 Χριστὸς
3024 2582 3138 2636 ἀλλ’
3167 2583 3268 2654 ήδη
3314 2583 3407 2635 καὶ
3439 2582 3681 2652 παρόντα
3710 2581 3873 2635 τεθέα-

2335 2688 2434 2742 μαι
2458 2711 2475 2737 ,
2527 2673 2624 2727 καὶ
2669 2674 2841 2746 αὐτὴν
2883 2676 2939 2727 ἐν
2980 2673 3114 2727 ὠσὶν
3166 2674 3531 2746 εἰσοικίζομαι
3572 2674 3666 2745 τὴν
3696 2676 3869 2745 φωνήν.

2342 2764 2532 2836 Ὑμεῖς
2559 2766 2639 2831 δὲ,
2670 2759 2715 2819 ὦ
2750 2765 3051 2835 σοφώτατοι
3080 2766 3339 2836 μαθηταὶ,
3368 2766 3466 2837 τὴν
3490 2768 3872 2837 νυμφευομένην

2329 2856 2723 2927 ἀνθρωπότητα
2750 2855 2826 2927 τῷ
2850 2856 3069 2927 Χριστῷ
3093 2856 3228 2928 πρὸς
3249 2855 3410 2909 αὐτὸν
3437 2855 3623 2910 ἰοῦσαν
3648 2856 3869 2925 ὁρῶντες,

2329 2948 2425 3001 καὶ
2466 2950 2546 3011 εἰς
2588 2948 2689 3018 τὴν
2737 2948 3115 3019 πνευματικὴν
3156 2947 3554 3003 ἀναϐαίνουσαν
3599 2948 3872 3015 οἰκειότητα

2326 3039 2416 3094 διὰ
2446 3039 2538 3092 τοῦ
2566 3040 2720 3108 ἁγίου
2750 3038 3127 3109 βαπτίσματος
3160 3040 3259 3110 τὴν
3293 3038 3765 3109 ἀποκεκομμένην,
3794 3040 3871 3089 καὶ

2326 3131 2769 3202 δραπετεύσασαν
2802 3132 2900 3203 τῆς
2928 3134 3009 3192 εἰς
3048 3132 3210 3185 αὐτὸν
3244 3131 3465 3200 ἀγάπης
3497 3130 3871 3199 καταθεώμενοι

657 3196 857 3302 inquit,
890 3229 1037 3301 quod
1058 3245 1165 3284 non
1194 3228 1261 3282 ad
1292 3196 1399 3291 me,
1427 3225 1520 3283 sed
1540 3196 1607 3278 ad
1637 3223 1937 3294 spiritalem
1961 3233 2223 3291 sponsum

2329 3196 2490 3289 φύσιν
2512 3259 2527 3284 ,
2564 3220 2641 3292 μὴ
2682 3196 2979 3289 ἀσχάλλετε
3006 3262 3023 3288 ,
3065 3220 3230 3292 φησιν
3254 3260 3269 3284 ,
3294 3196 3385 3272 *ὅτι
3421 3196 3497 3289 μὴ
3534 3219 3727 3289 μᾶλλον
3748 3196 3869 3288 ἐμοὶ,

656 3324 918 3379 accurrit.
958 3321 1071 3375 Hoc
1107 3319 1250 3375 enim
1277 3318 1490 3389 aequius
1526 3323 1647 3371 erat
1684 3323 1845 3387 atque
1894 3310 2225 3367 convenien-

656 3414 786 3469 tius.
821 3411 956 3467 Nam
982 3412 1073 3481 qui
1102 3424 1361 3480 sponsam
1419 3407 1605 3471 habet,
1641 3418 1878 3476 sponsus
1926 3409 2012 3457 est
2041 3419 2054 3455 :
2120 3400 2224 3454 hoc

652 3515 761 3567 est,
793 3503 962 3557 nolite
992 3502 1047 3555 in
1096 3517 1181 3555 me
1216 3499 1403 3568 sponsi
1458 3512 1721 3553 coronam
1774 3508 2059 3565 quaerere:
2112 3506 2222 3545 non

654 3595 787 3650 mihi
816 3595 986 3649 saltat
1014 3592 1330 3657 Psalmista,
1356 3591 1548 3645 dicens
1573 3608 1588 3645 :
1620 3587 1819 3651 «Audi,
1850 3586 2054 3650 lilia,et
2074 3584 2219 3647 vide,

652 3692 708 3739 ει
739 3684 945 3738 inclina
1004 3695 1195 3735 aurem
1246 3688 1419 3743 tuam,
1470 3687 1526 3733 et
1572 3677 1901 3732 obliviscere
1955 3674 2219 3745 populum

655 3788 831 3840 tuum,
861 3785 917 3831 et
965 3774 1187 3829 domum
1226 3772 1403 3844 patris
1432 3771 1532 3837 tui,
1585 3770 1714 3839 quia
1766 3766 2086 3837 concupivit
2123 3780 2219 3820 rex

651 3865 905 3920 decorem
942 3872 1093 3918 tuum
1112 3860 1157 3893 ⁸⁸
1183 3878 1199 3930 ;
1227 3879 1247 3912 ι
1275 3874 1455 3930 neque
1484 3874 1663 3914 meum
1690 3857 1991 3913 thalamum
2016 3868 2218 3924 sponsa

651 3955 870 4024 qumrit,
913 3969 1040 4009 cum
1068 3953 1179 4008 ait:
1229 3971 1248 4004 ι
1300 3951 1577 4007 chuntia
1632 3950 1767 4005 mihi
1824 3965 1990 4019 quem
2043 3947 2221 4018 diligit

655 4045 815 4116 160
847 4044 1028 4100 anima
1070 4058 1213 4109 mea,
1252 4044 1344 4099 ubi
1378 4058 1594 4113 pascas,
1626 4042 1722 4097 ubi
1757 4042 1929 4098 cubes
1954 4043 2010 4096 in
2050 4041 2220 4096 meri-

651 4138 738 4193 die
755 4138 823 4193 ”.
882 4156 901 4189 ι
952 4137 1125 4192 liabet
1163 4136 1255 4191 illa
1294 4137 1575 4192 cmlestem
1616 4148 1919 4204 sponsum:
1952 4148 2055 4205 ego
2087 4147 2219 4188 vero

649 4230 993 4297 oblectabar,
1047 4246 1172 4286 cum
1219 4230 1366 4285 servi
1434 4227 1808 4283 conditionem
1854 4224 2215 4290 excesserim,

648 4320 870 4377 nomine
905 4329 959 4376 et
991 4337 1050 4376 re
1090 4321 1365 4377 amicitia}.
1396 4320 1598 4374 Rerum
1635 4333 1767 4389 ergo
1805 4319 2217 4390 propositarum

649 4414 973 4468 sententiam
1006 4421 1155 4469 recte
1192 4412 1463 4483 imprimis
1490 4410 1836 4481 explanatam
1894 4424 2017 4465 esse
2060 4417 2213 4479 puto.

2330 3309 2653 3381 προστρέχει
2675 3310 2729 3363 δὲ
2750 3311 2866 3363 λίαν
2893 3311 3134 3374 εὐπετῶς
3156 3309 3233 3381 τῷ
3260 3309 3400 3363 κατὰ
3422 3309 3642 3380 πνεῦμα
3663 3308 3868 3378 νυμφίῳ·

2326 3397 2484 3452 τοῦτο
2508 3399 2615 3469 γάρ
2646 3395 2713 3470 ἦν
2754 3399 2922 3462 ὅντως
2954 3397 3160 3452 δίκαιόν
3191 3414 3250 3451 τε
3285 3399 3382 3451 καὶ
3429 3398 3867 3468 πρεπωδέστερον.

2338 3488 2396 3541 '0
2419 3489 2524 3559 γάρ
2558 3488 2695 3559 ἔχων
2722 3490 2821 3559 τὴν
2857 3489 3098 3559 νύμφην,
3134 3488 3370 3559 νυμφίος
3395 3488 3547 3539 ἐστί’
3584 3486 3721 3539 τοῦτ’
3755 3485 3867 3545 ἔστι,

2330 3578 2405 3649 μὴ
2432 3580 2489 3633 ὲν
2536 3580 2660 3649 ἐμοὶ
2690 3580 2899 3650 ζητεῖτε
2931 3580 3026 3633 τοῦ
3071 3580 3307 3650 νυμφίου
3354 3578 3445 3631 τὸν
3481 3578 3755 3647 στέφανον,
3788 3578 3869 3628 οὐκ

2325 3672 2450 3740 ἐμοὶ
2474 3670 2687 3741 χορεύει
2719 3671 2893 3740 λέγων
2915 3672 2944 3724 6
2972 3670 3243 3741 Μελῳδός⁶
3282 3670 3603 3730 ιἈκουσον,
3640 3668 3865 3737 θύγατερ,

2324 3760 2419 3813 καὶ
2476 3761 2571 3824 ίδε,
2617 3762 2711 3815 καὶ
2759 3761 2935 3816 κλῖνον
2968 3762 3028 3815 τὸ
3070 3758 3162 3826 οὖς
3212 3778 3343 3827 σου,
3386 3759 3484 3813 καὶ
3511 3758 3758 3814 ἐπιλάθου
3790 3755 3866 3809 τοῦ

2323 3852 2453 3906 λαοῦ
2477 3870 2593 3914 σου,
2625 3854 2718 3907 καὶ
2746 3854 2839 3907 τοῦ
2898 3854 3049 3907 οἴκου
3076 3852 3170 3907 τοῦ
3202 3853 3408 3924 πατρός
3440 3869 3565 3916 σου,
3594 3853 3673 3905 ὅτι
3700 3849 3867 3904 Emed-

2326 3960 2496 4013 μησεν
2527 3945 2555 3996 6
2584 3943 2836 4014 βασιλεὺς
2868 3945 2963 3998 τοῦ
3006 3945 3233 4009 κάλλους
3283 3961 3401 3998 σου·
3427 3963 3446 3996 ι
3485 3945 3607 3998 οὐδὲ
3640 3944 3724 3997 τὸν
3758 3941 3867 4012 ἐμὸν

2322 4032 2559 4103 ζητοῦσα
2588 4034 2880 4106 θάλαμονή
2909 4033 3094 4106 νύμφη
3126 4035 3319 4105 φησίνο
3359 4054 3377 4085 ι
3401 4032 3751 4104 Ἀπάγγειλόν
3772 4048 3863 4101 μοι,

2322 4126 2381 4181 ὃν
2412 4126 2697 4198 ἠγάπησεν
2726 4128 2759 4198 ὴ
2787 4128 2933 4198 ψυχή
2968 4144 3070 4198 μου
3090 4166 3107 4192 ,
3139 4126 3241 4179 ποῦ
3278 4127 3555 4191 κοιτάζεις
3574 4167 3590 4193 ,
3637 4126 3735 4179 ποῦ
3765 4140 3863 4176 ποια

2323 4216 2534 4286 μαίνεις
2562 4218 2620 4269 ὲν
2652 4217 2990 4288 μεσημϐρίᾳ.
3028 4234 3047 4269 ι
3086 4217 3241 4287 Ἔχει
3278 4216 3369 4269 τὸν
3397 4217 3455 4283 ἐξ
3494 4214 3723 4287 οὐρανοῦ
3753 4232 3863 4281 νυμ-

2319 4309 2477 4379 φίον’
2519 4309 2631 4378 ἐγὼ
2658 4310 2716 4363 δὲ
2756 4310 3064 4381 ἡσθήσομαι
3100 4312 3193 4363 καὶ
3219 4308 3319 4380 τὴν
3361 4307 3533 4378 δούλῳ
3578 4307 3862 4378 πρέπουσαν

2317 4401 2676 4473 ἀναπηδήσας
2707 4399 2894 4472 τιμὴν,
2930 4401 2986 4453 ὲν
3015 4400 3093 4471 τῷ
3116 4400 3216 4470 τῆς
3249 4400 3429 4469 φιλίας
3462 4398 3682 4469 ὀνόματί
3708 4414 3761 4449 τε
3786 4397 3862 4447 καὶ

648 4502 783 4557 Cum
821 4521 952 4560 vero
985 4504 1052 4559 dc
1082 4506 1425 4576 spiritalibus
1465 4504 1673 4574 nuptiis
1714 4504 1932 4558 abunde
1958 4502 2074 4573 jam
2101 4503 2216 4556 dis-

2318 4494 2625 4565 πράγματι.
2667 4493 2778 4565 Τὴν
2821 4493 2919 4563 μὲν
2954 4487 3046 4545 οὖν
3079 4491 3187 4545 τῶν
3235 4490 3614 4563 προκειμένων
3652 4488 3859 4541 διάνοιαν

649 4595 945 4662 seruerim,
982 4598 1126 4651 ultra
1157 4597 1225 4652 de
1265 4597 1401 4667 ipsis
1424 4598 1671 4653 scribere
1704 4596 1991 4651 molestum
2058 4603 2211 4666 puto.

716 4859 802 4927 111,
841 4859 933 4916 30.
960 4859 1129 4915 Illum
1172 4871 1371 4932 oportet
1403 4880 1654 4928 crescere,
1681 4880 1762 4919 me
1798 4872 1973 4919 autem
1998 4865 2185 4920 minui.

714 4948 1027 5023 Discipulos
1050 4954 1426 5025 reprehendit,
1465 4956 1619 5021 quasi
1655 4956 1841 5026 parvis
1886 4958 2052 5014 rebus
2091 4966 2209 5012 tur-

642 5040 858 5109 bentur,
889 5053 944 5101 et
981 5046 1182 5116 quibus
1224 5046 1449 5103 minime
1479 5062 1579 5118 par
1629 5054 1735 5112 est,
1770 5058 2097 5119 pramature
2125 5050 2209 5104 of-

643 5131 955 5199 fettdantur,
1002 5137 1093 5204 qui
1147 5134 1380 5191 necdum
1415 5144 1674 5192 accurate
1731 5136 1929 5204 sciant,
1983 5138 2112 5209 quis
2155 5145 2209 5193 et

640 5221 913 5277 undenam
941 5224 1015 5280 sit
1036 5224 1379 5282 Emmanuel.
1404 5224 1523 5282 Non
1544 5228 1690 5282 enim
1714 5237 1944 5284 eatenus
1967 5237 2203 5292 tantum,

642 5310 835 5381 inquit,
868 5312 1215 5370 admirationi
1245 5316 1371 5383 erit,
1402 5331 1507 5371 nec
1542 5316 1803 5386 quoniam
1830 5318 2016 5388 plures
2040 5318 2110 5372 ab
2141 5333 2206 5372 eo

640 5401 1010 5472 baptizantur,
1046 5421 1164 5461 eam
1189 5409 1260 5463 ob
1289 5423 1402 5464 rem
1427 5409 1696 5464 duntaxat
1727 5409 1994 5464 honorem
2021 5424 2201 5464 meum

636 5493 881 5560 excedet,
915 5497 1011 5551 sed
1052 5498 1107 5552 in
1158 5507 1373 5553 tantum
1429 5500 1617 5569 gloria:
1660 5499 1880 5554 modum
1915 5499 2199 5566 evehetur,

634 5590 874 5653 quantus
906 5583 1075 5641 Deum
1121 5588 1297 5644 decet.
1327 5588 1554 5661 Oportet
1593 5590 1740 5646 enim
1780 5590 1962 5661 ipsum
2011 5590 2199 5661 gloriae

702 5764 748 5797 "
784 5762 928 5820 Psal.
957 5780 1102 5831 κων,
1134 5766 1221 5831 ll,
1252 5765 1339 5819 12.
1416 5768 1460 5800 "
1485 5766 1651 5822 Catil-
1687 5781 1725 5833 1,
1753 5767 1807 5820 6-

2318 4581 2472 4657 οἶμαι
2492 4585 2556 4657 δὴ
2584 4586 2679 4638 καὶ
2707 4585 2852 4655 μάλα
2872 4582 3322 4656 διερμηνεύεσθαι
3342 4581 3550 4645 καλῶς·
3580 4577 3861 4650 ἀρκούντως

2316 4679 2374 4732 δὲ
2406 4679 2506 4750 ήδη
2536 4678 2665 4749 περ)⁸
2695 4677 2788 4730 τοῦ
2823 4678 3195 4747 πνευματικοῦ
3227 4672 3517 4746 διειληφὼς
3560 4672 3761 4742 γάμου,
3808 4666 3861 4718 τὸ

2316 4771 2548 4842 γράφειν
2578 4769 2659 4822 ἔτι
2685 4768 2814 4840 περὶ
2847 4768 3010 4821 αὑτοῦ
3047 4767 3302 4839 φορτικὸν
3340 4764 3606 4836 ήγοῦμαι.

2398 4860 2667 4915 Ἐκεῖνον
2689 4860 2784 4914 δεῖ
2809 4859 3115 4925 αὐξάνειν,
3146 4858 3250 4927 ἐμὲ
3270 4858 3338 4911 δὲ
3359 4856 3767 4911 ἐλαττοῦσθαι.

2402 4953 2491 5016 Ὣς
2521 4953 2615 5006 ἐπὶ
2645 4956 2859 5024 μικροῖς
2890 4954 2990 5023 ήδη
3025 4951 3457 5023 θορυϐουμένους
3500 4949 3708 5016 ἐλέγχει
3751 4943 3856 5003 τοὺς

2321 5043 2568 5115 μαθητὰς
2592 5086 2607 5111 ,
2659 5044 2754 5098 καὶ
2791 5045 3040 5114 πρόωρον
3090 5043 3188 5113 μὲν
3243 5042 3327 5109 ἐφ’
3371 5036 3452 5103 οἷς
3494 5041 3689 5112 ἥκιστα
3740 5034 3857 5105 χρῆν

2316 5135 2716 5206 ὑπομείναντας
2754 5134 3071 5195 σκάνδαλον.
3113 5133 3266 5187 οὔπω
3292 5133 3348 5186 δὲ
3382 5132 3586 5194 εἰδότας
3619 5126 3853 5201 ἀκριϐῶς.

2312 5230 2395 5291 τίς
2432 5245 2488 5281 τε
2516 5227 2612 5280 καὶ
2641 5226 2805 5281 πόθεν
2835 5227 2982 5279 ἐστὶν
3010 5228 3038 5280 6
3078 5225 3450 5296 Ἐμμανουήλ.
3476 5223 3549 5276 Οὐ
3578 5223 3683 5293 γὰρ
3714 5218 3855 5289 μέχρι

2310 5319 2536 5382 τούτων,
2570 5320 2724 5390 φησι,
2758 5318 2828 5371 τά
2856 5318 2940 5371 ἐπ’
2968 5317 3117 5389 αὑτῷ
3154 5315 3619 5386 θαυμασθήσεται,
3648 5309 3757 5363 οὐδὲ
3785 5306 3854 5358 ὅτι

2312 5408 2526 5471 πλείους
2554 5409 2901 5478 βαπτίζονται
2939 5406 3067 5479 παρ’
3111 5405 3291 5459 αὐτῶν
3346 5403 3459 5478 [χρ.
3498 5398 3733 5473 αὑτοῦι,
3779 5393 3855 5448 διὰ

2309 5499 2466 5552 τοῦτο
2512 5500 2607 5553 καὶ
2646 5499 2804 5571 μόνον
2833 5498 2933 5569 τὴν
2972 5498 3109 5570 ἐμὴν
3160 5495 3517 5569 ὑπεραλείται
3545 5491 3727 5562 τιμὴν,
3752 5479 3853 5537 ἀλλ’

2310 5592 2391 5656 εἰς
2438 5590 2635 5662 μέτρον
2684 5592 3016 5663 ἀναϐήσεται
3074 5588 3232 5659 δόξης
3298 5586 3583 5649 τοσοῦτον,
3636 5582 3749 5636 ὅσον
3798 5570 3851 5626 ἀν
