4118 6584
225 358 332 416 265

1306 354 1377 410 IN
1395 353 1684 414 JOANNIS
1707 352 2167 415 'EVANGELIUM
2212 354 2342 409 LIB.
2377 354 2438 408 ll.

3375 361 3482 418 266

226 469 425 542 πρέποι
447 466 568 537 Θεῷ
586 482 599 497 ο
631 466 711 519 δεῖ
734 466 843 537 γάρ
866 467 1034 521 αὑτὸν
1063 468 1162 539 μὲν
1182 469 1263 533 εἰς
1286 468 1515 541 αὔξησιν
1548 473 1799 534 εὐκλείας

1905 471 2308 525 incrementum
2345 485 2564 540 capere,
2596 481 2646 527 et
2705 471 3041 542 qu0tidianis
3091 474 3483 531 miraculorum

228 562 383 625 ἰέναι,
418 559 511 612 καὶ
535 558 666 620 ’ταῖς
711 557 833 611 καθ’
860 558 1076 630 ἡμέραν
1108 559 1219 613 τῶν
1267 562 1511 632 σημείων
1555 563 1799 634 προσθή-

224 669 347 715 καις
374 650 461 704 ἀεὶ
484 649 620 720 πρὸς
647 648 710 702 τὸ
738 647 923 720 μέῖζον
962 652 1267 723 ἁναπηδᾷν,
1296 653 1391 705 καὶ
1418 652 1801 725 λαμπρότερον

221 742 616 809 ἀναφαίνεσθαι
663 740 741 812 τῷ
780 741 971 812 κόσμῳ
996 759 1009 773 ·
1064 745 1165 814 ἐμὲ
1191 743 1247 796 δὲ
1272 744 1664 810 ἐλαττοῦσθαι,
1705 747 1802 816 μέ-

223 851 381 888 νοντα
416 833 515 902 μὲν
544 834 603 886 ἐν
646 827 729 895 οἷς
769 833 1029 905 ὑπάρχων
1070 834 1284 907 ὁρῶμαι
1308 876 1323 899 ,
1371 838 1466 889 καί⁷
1513 838 1620 890 τῶν
1655 838 1803 904 ἆπαξ

222 924 481 979 δοθέντων
509 922 608 992 οὐχ
638 921 967 992 ὑφιζάνοντα
992 924 1227 996 μέτρων,
1260 925 1352 979 τοῦ
1382 926 1439 981 δὲ
1477 927 1613 998 πρὸς
1632 927 1803 999 αύξην

227 1015 604 1078 ἀναόαίνοντος
638 1014 796 1085 δόξης
842 1015 957 1080 ἀεὶ,
1008 1017 1261 1070 τοσοῦτον
1296 1017 1608 1089 ἡττώμενον
1629 1059 1643 1085 ,
1677 1020 1802 1073 ὅσον

226 1105 288 1158 ἂν
318 1106 490 1176 τρέχῃ
518 1105 613 1159 καὶ
644 1105 897 1175 φέρηται.
925 1107 1036 1161 Καὶ
1062 1106 1237 1162 ταῦτα
1270 1109 1367 1179 μὲν
1404 1111 1539 1180 ἡμῖν
1569 1113 1598 1163 6
1628 1111 1804 1181 μακὰ-

226 1211 337 1264 ριος
366 1194 720 1265 διερμηνεύει
759 1196 1094 1267 Βαπτιστήςο
1140 1197 1259 1267 ἥξει
1300 1197 1357 1251 δὲ
1395 1199 1680 1269 χρησίμως
1715 1199 1807 1254 διά

224 1286 681 1357 παραδειγμάτων
706 1287 734 1339 6
760 1286 938 1355 λόγος,
962 1289 1365 1360 ἐναργεστέραν
1396 1291 1667 1362 παριστὰς
1693 1291 1802 1345 τῶν

223 1378 527 1448 εἰρημένων
581 1377 681 1448 τὴν
737 1377 989 1449 δύναμιν·
1058 1380 1271 1451 Δίπηχυ
1337 1383 1500 1451 τυχὸν
1556 1382 1650 1437 ἐπὶ
1700 1385 1803 1454 γῆς

220 1468 431 1522 ἑστάτω
464 1466 641 1534 ξύλον.
678 1468 1017 1541 Περικείσθω
1057 1470 1114 1523 δὲ
1159 1472 1253 1524 καὶ
1298 1473 1497 1540 φυτὸν,
1528 1473 1653 1546 ἀρτι
1704 1474 1803 1545 μὲν

219 1559 321 1629 γῆς
341 1560 712 1631 ύπερκύπτον,
738 1560 981 1632 χλωροὺς
1000 1561 1060 1616 δὲ
1080 1563 1356 1617 ἀνατεῖνον
1377 1566 1502 1630 τοὺς
1525 1566 1798 1636 ὄρπηκας,

220 1655 314 1710 καὶ
343 1657 445 1727 τῆς
475 1655 583 1709 ἀπὸ
612 1654 769 1727 ῥίζης
798 1656 881 1709 ἔτι
906 1656 1055 1727 ὥρας
1085 1657 1174 1710 ἀεὶ
1204 1657 1342 1729 πρὸς
1371 1657 1507 1728 ὕψος
1530 1659 1591 1712 τὸ
1617 1660 1801 1730 μεῖζον

215 1746 593 1817 ἀνωθούμενον
609 1762 623 1778 ⁸
649 1742 739 1819 ἄρ’
759 1741 852 1800 οὖν
879 1749 932 1801 sl!
948 1765 1033 1811 τις
1053 1748 1302 1820 περιθείη
1329 1749 1406 1820 τῷ
1428 1749 1567 1821 ξύλῳ
1593 1751 1799 1822 φωνὴν,

214 1835 332 1893 εῐτα
369 1839 530 1892 τοῦτο
558 1838 711 1907 λέγοι
761 1839 891 1911 περί
920 1857 979 1893 τε
1005 1840 1203 1895 ἑαυτοῦ
1235 1842 1330 1894 καὶ
1357 1842 1526 1911 φυτοῦ
1553 1844 1647 1896 τοῦ
1684 1844 1802 1913 γεί-

213 1949 387 1996 τονος,
423 1949 443 1983 t
482 1930 654 1985 Τοῦτο
701 1932 783 1984 δεῖ
820 1930 1071 1995 αὐξάνειν
1097 1972 1113 1997 ,
1151 1933 1252 2003 ἐμὲ
1282 1933 1339 1985 δὲ
1372 1933 1748 2000 ἐλαττοῦσθαι,
1779 1954 1796 1986 ι

210 2024 314 2079 οὐκ
343 2022 414 2077 ἂν
461 2024 687 2088 εἰκότως
726 2026 899 2077 νοοῖτο
932 2023 1130 2094 βλάϐος
1176 2027 1275 2096 μέν
1319 2044 1381 2080 τι
1415 2028 1473 2079 ἐν
1520 2029 1633 2090 τοῖς
1680 2028 1802 2081 καθ’

211 2112 376 2169 ἑαυτὸ
409 2113 694 2182 σημαίνειν
738 2113 916 2176 ούδέν,
958 2114 1073 2167 ἀλλ’
1115 2115 1238 2169 οὐδὲ
1289 2118 1370 2179 είς
1401 2116 1699 2170 κολόόωσιν
1741 2118 1803 2170 τὸ

212 2201 365 2273 αὐτῷ
423 2203 624 2272 προσὸν
673 2204 991 2273 οἰχήσεσθαι
1042 2205 1277 2275 μέτρον,
1330 2207 1682 2262 ἐλαττοῦσθαι
1743 2208 1801 2261 δὲ

211 2296 357 2350 κατά
390 2296 549 2349 τοῦτο
593 2296 752 2366 μόνον
776 2296 1207 2367 διισχυρίζεσθαι
1233 2296 1294 2350 τὸ
1318 2294 1481 2361 εἶδος,
1503 2300 1629 2352 καθ’
1655 2299 1683 2352 ὅ
1704 2300 1798 2352 τοῦ

212 2388 352 2459 πρὸς
385 2387 613 2457 αὔξησιν
649 2387 815 2451 ἰόντος
863 2388 949 2440 ἀεὶ
992 2388 1052 2441 τὸ
1089 2390 1238 2459 μεῖον
1272 2388 1392 2458 ἔχον
1445 2390 1798 2461 εύρίσκεται;

210 2478 499 2546 Συγγενὲς
533 2478 589 2531 δὲ
621 2476 794 2547 τούτῳ
820 2479 967 2553 λήψῃ
996 2478 1159 2534 πάλιν
1186 2481 1537 2553 παράδειγμα
1557 2524 1571 2547 ,
1603 2483 1698 2537 καὶ
1740 2482 1803 2535 τὸ

210 2569 322 2621 τῶν
346 2568 594 2639 ἀστέρων
635 2570 1059 2640 ἐπισημότατον,
1090 2572 1220 2642 περὶ
1248 2572 1344 2625 τοῦ
1377 2572 1533 2642 ἡλίου
1572 2572 1801 2643 λέγοντα

213 2658 368 2728 βοᾷν·
408 2677 428 2709 ι
487 2658 722 2711 Ἐκεῖνον
746 2658 828 2711 δεῖ
861 2657 1131 2725 αὐξάνειν,
1161 2660 1260 2730 ἐμὲ
1292 2660 1347 2712 δὲ
1372 2661 1746 2716 ἐλαττοῦσθαι.
1781 2682 1801 2713 ι

217 2751 368 2815 Ἕως
395 2751 494 2821 μὲν
509 2751 616 2823 γὰρ
632 2752 697 2823 τῇ
709 2752 809 2822 τῆς
830 2751 1023 2814 νυκτὸς
1042 2750 1203 2822 ἀχλύῖ
1220 2752 1281 2805 τὸ
1307 2752 1546 2824 αἰθέριον
1563 2771 1805 2824 καταμε-

207 2843 454 2896 λαίνεται
483 2842 664 2912 βάθος,
694 2843 904 2913 χρυσῆν
924 2844 1388 2915 ἀπαστράπτοντα
1412 2845 1503 2898 τὸν
1527 2846 1801 2916 ἑωσφόρον

206 2934 412 3005 αὐγήν,
444 2936 538 2987 καὶ
576 2933 853 3004 ὁλοκλήρῳ
883 2933 1255 3005 διαπρέποντα
1282 2934 1428 3007 δόξῃ,
1458 2936 1793 3005 θαυμάσειεν

206 3024 271 3078 ἄν
305 3043 396 3089 τις
426 3026 649 3090 εἰκότως
668 3043 682 3057 ο
718 3025 869 3095 ἡλίου
893 3024 948 3078 δὲ
982 3025 1223 3097 ἀνίσχειν
1250 3027 1644 3097 ἀπειλήσαντος
1668 3028 1795 3099 ἤδη,

206 3118 300 3171 καὶ
331 3117 542 3189 μετρίῳ
562 3117 653 3169 τὸν
677 3117 882 3183 κόσμον
906 3119 1046 3187 φωτὶ
1071 3119 1549 3191 καταρραίνοντος,
1608 3123 1825 3175 νικᾶται

1906 561 2321 615 accessionibus
2363 577 2582 632 semper
2614 565 2669 617 in
2703 564 2882 633 majus
2928 563 3132 627 efferri,
3196 572 3251 621 et
3279 569 3485 623 mundo

1905 653 2195 709 clariorem
2232 669 2519 724 apparere,
2570 672 2657 710 me
2699 665 2884 712 autem
2940 658 3137 723 minui,
3174 669 3483 716 manentem

1906 743 1959 796 in
1981 757 2091 812 quo
2117 757 2266 797 nunc
2295 756 2495 797 cernor
2539 750 2708 810 statu,
2750 762 2851 800 nec
2882 746 3029 801 infra
3093 757 3297 803 sortem
3354 750 3486 805 mihi

1905 835 2071 888 semel
2107 834 2290 888 datam
2325 835 2730 900 subsidentem,
2754 836 2849 891 illo
2878 838 2947 892 ad
2968 839 3232 908 majorem
3255 841 3486 911 gloriam

1905 942 2123 997 semper
2188 938 2494 994 crescente,
2555 936 2714 984 tanto
2773 930 3069 997 minorem,
3125 942 3335 1002 quanto
3397 934 3489 988 ille

1905 1025 2231 1087 praecurret.
2259 1020 2438 1089 Atque
2473 1020 2587 1074 haec
2615 1019 2839 1090 quidem
2886 1023 3046 1077 nobis
3080 1022 3326 1103 paptista
3353 1025 3488 1080 bea-

1906 1118 1996 1165 tus
2023 1109 2271 1179 exponit.
2309 1109 2413 1165 Sed
2446 1111 2695 1182 exempla
2718 1124 2821 1166 nos
2848 1112 3057 1166 utiliter
3080 1113 3483 1178 adhibebimus,

1905 1200 2107 1270 quibus
2145 1199 2418 1255 dictorum
2468 1200 2582 1255 vim
2644 1208 2699 1256 et
2759 1203 3092 1257 sententiam
3139 1204 3347 1259 clarius
3417 1206 3488 1260 ob

1905 1294 2096 1348 oculos
2154 1308 2449 1363 ponamus.
2509 1293 2820 1349 Bicuhitale
2896 1294 2952 1349 in
3011 1303 3212 1349 terram
3291 1297 3490 1366 ﬁgatur

1904 1384 2149 1456 lignum:
2181 1384 2335 1454 juxta
2372 1385 2441 1440 sit
2476 1385 2660 1456 planta
2692 1400 2890 1441 recens
2922 1393 3106 1450 enata,
3129 1401 3251 1457 qua:
3278 1388 3486 1443 virides

1904 1491 2088 1533 ramos
2119 1477 2414 1547 expandat,
2450 1484 2506 1531 et
2539 1476 2717 1531 adhuc
2755 1492 2786 1530 a
2825 1477 3013 1532 radice
3044 1478 3098 1531 in
3133 1478 3482 1534 altitudinem

1906 1567 2167 1637 majorem
2201 1567 2583 1623 subvehatur:
2616 1583 2685 1621 an
2710 1583 2842 1638 ergo
2879 1569 2927 1622 si
2962 1569 3088 1639 quis
3118 1569 3265 1639 ligno
3297 1585 3486 1625 vocem

1905 1658 2194 1724 aliinxerit,
2232 1666 2348 1712 tum
2400 1658 2469 1714 de
2503 1659 2687 1730 seipso
2720 1668 2775 1714 et
2825 1659 3009 1714 vicina
3078 1660 3260 1730 planta
3317 1661 3484 1724 dicat,

1911 1772 1929 1805 ι
1958 1752 2111 1807 Hanc
2154 1760 2367 1823 oportet
2398 1768 2668 1816 crescere,
2699 1768 2787 1808 me
2841 1763 3025 1807 autem
3055 1753 3251 1817 minui,
3290 1772 3309 1803 ι
3375 1769 3485 1806 non

1876 1832 1879 1849 ³
1898 1844 2025 1915 jure
2044 1851 2366 1897 censeretur
2387 1842 2703 1913 significare
2723 1842 2828 1897 sibi
2856 1842 2991 1895 nihil
3015 1842 3325 1898 detrimenti
3351 1843 3486 1899 fore.

1900 1934 1997 1990 sed
2015 1948 2117 1989 nec
2141 1949 2459 1989 mensuram
2488 1949 2645 1989 suam
2667 1934 2980 1988 mutilatum
3007 1934 3098 1997 iri,
3118 1934 3214 1988 sed
3238 1950 3489 1990 asserere

1902 2044 1961 2083 se
2000 2027 2171 2081 minui
2213 2029 2400 2098 specie
2432 2028 2550 2083 sola
2592 2035 2776 2089 tenus,
2823 2037 3099 2097 quatenus
3142 2027 3328 2096 planta
3361 2044 3488 2083 cre~

1901 2127 2090 2174 scente
2117 2118 2301 2175 minus
2332 2134 2550 2190 semper
2582 2134 2705 2175 esse
2743 2119 3104 2189 comperitur.
3142 2118 3285 2173 Huic
3328 2120 3489 2175 aliine

1899 2225 2119 2265 rursum
2153 2211 2301 2265 aliud
2333 2211 2644 2281 exemplum
2684 2210 2889 2280 capito.
2935 2209 3107 2279 Finge
3156 2210 3255 2265 tibi
3314 2227 3488 2266 unum

1899 2302 2047 2356 inter
2076 2310 2225 2356 astra
2262 2302 2665 2358 lucidissimum
2719 2302 2787 2358 de
2821 2302 2938 2357 sole
3006 2302 3223 2358 dicere:
3268 2322 3287 2354 ι
3325 2302 3484 2358 Illum

1898 2404 2114 2466 oportet
2147 2410 2422 2461 crescere,
2450 2410 2537 2451 me
2569 2402 2753 2451 autem
2782 2393 3013 2449 minui.»
3044 2394 3300 2460 Quandiu
3337 2395 3482 2449 enim

1899 2485 2080 2540 noctis
2122 2484 2370 2539 tenebris
2398 2491 2591 2539 vastus
2625 2498 2719 2538 aer
2773 2483 3127 2544 obscuratur,
3190 2482 3482 2537 luciferum

1872 2592 2068 2631 .aureo
2099 2575 2309 2648 fulgore
2343 2577 2619 2631 lucentem
2671 2588 2728 2630 ct
2775 2575 2923 2629 omni
2965 2590 3030 2631 ex
3069 2584 3223 2645 parte
3267 2577 3487 2645 conspi-

1898 2684 2060 2723 cuum
2086 2669 2214 2739 jure
2262 2668 2517 2725 mireris:
2552 2683 2743 2723 verum
2805 2667 2898 2722 ubi
2951 2668 3032 2722 sol
3082 2674 3263 2721 ortum
3323 2682 3484 2721 suum

1901 2760 2058 2832 161
2085 2747 2393 2823 dienuntiat,
2421 2767 2475 2815 et
2499 2760 2713 2813 modica
2744 2760 2864 2814 luce
2886 2759 3151 2812 mundum
3182 2758 3484 2829 aspergit,a

1896 2851 2108 2919 majore
2137 2851 2400 2915 vincitur,
2433 2857 2488 2904 et
2512 2850 2885 2918 praestantiori
2927 2849 3133 2904 sensim
3169 2848 3366 2903 lucifer
3394 2863 3483 2902 ce-

1900 2940 2000 3005 dit,
2058 2954 2233 3010 eaque
2269 2939 2498 2995 Joannis
2552 2940 2719 2994 verba
2771 2939 2895 3009 jure
2949 2940 3323 3008 usurpaverit,
3360 2952 3484 2994 cum

1904 3031 2143 3101 idipsum
2168 3033 2313 3101 quod
2350 3032 2442 3087 ille
2470 3032 2732 3101 patiatur.

1906 3124 1983 3196 τῷ
2035 3125 2278 3196 μείζονι,
2328 3126 2422 3179 καὶ
2486 3125 2807 3194 παραχωρεί
2870 3123 3281 3177 πλεονεκτοῦντι
3345 3121 3486 3178 κατά

208 3210 409 3282 βραχύ.
445 3210 606 3279 Λέγοι
638 3211 682 3265 δ’
726 3212 792 3267 ἂν
838 3212 932 3266 καὶ
963 3212 1123 3277 αὐτὸς
1151 3213 1376 3279 εἰκότως
1411 3214 1512 3285 τὴν
1552 3214 1798 3269 Ἰωάννου
1840 3217 2045 3291 φωνὴν,
2082 3219 2213 3272 αὐτὸ
2244 3218 2309 3288 δὴ
2357 3216 2516 3271 τοῦτο
2544 3215 2755 3277 παθὼν,
2809 3215 2945 3285 ὅπερ
2986 3216 3193 3279 ἐκεῖνος
3258 3214 3487 3284 ὑπομεί-

206 3323 303 3369 νας
333 3306 524 3378 φησίν.

823 3400 1074 3454 ΚΕΦΑΛ.
1114 3400 1190 3454 Β’.

209 3488 340 3541 Ὀτι
359 3490 475 3542 οὐκ
492 3489 561 3543 ἐν
584 3488 704 3552 τοῖς
722 3488 997 3557 γενητοῖς
1016 3487 1189 3541 ἐστιν
1209 3489 1241 3541 ό
1270 3487 1424 3553 Υἱός,
1440 3487 1578 3542 ἀλλ’
1598 3485 1801 3540 ἐπάνω

588 3559 853 3622 πάντων,
868 3558 949 3624 ὡς
979 3559 1125 3625 Θεὸς
1149 3558 1221 3611 ἐκ
1250 3557 1424 3613 Θεοῦ.

287 3652 356 3705 '0
382 3650 616 3705 ἄνωθεν
631 3650 975 3719 ἐρχόμενος,
1000 3648 1202 3704 ἐπάνω
1236 3648 1481 3704 πάντων
1499 3649 1693 3703 ἐστίν.

279 3738 362 3790 Οὐ
411 3737 576 3806 μέγα,
624 3737 807 3806 φησιν,
853 3734 975 3787 οὐδὲ
1014 3734 1133 3788 λίαν
1166 3734 1313 3788 ἐστὶν
1345 3734 1694 3803 άξιάγαστον.
1751 3736 1801 3789 εἰ

205 3828 308 3901 τὴν
355 3828 460 3897 τῆς
500 3827 920 3899 ἁνθρωπότητος
958 3827 1119 3894 δόξαν
1167 3827 1495 3898 ὑπερτρέχει
1541 3827 1797 3897 Χριστός·

206 3923 268 3976 ού
293 3920 410 3991 γὰρ
434 3920 596 3992 μέχρι
622 3918 829 3975 τούτων
855 3921 981 3985 τοὺς
1008 3920 1106 3990 τῆς
1136 3919 1270 3983 ἰδίας
1297 3918 1547 3983 εὐκλείας
1587 3918 1803 3990 ἵστησιν

206 4012 395 4083 ὄρους,
425 4009 518 4064 ἐπὶ
540 4012 721 4064 πᾶσαν
748 4010 805 4064 δέ
829 4012 945 4065 ἐστι
966 4012 1067 4082 τὴν
1088 4012 1283 4078 κτίσιν,
1318 4010 1393 4074 ὡς
1420 4010 1575 4075 Θεὸς,
1617 4011 1803 4065 ἐπάνω

208 4103 437 4158 πάντων
465 4102 582 4155 ἐστὶ⁵
608 4102 719 4156 τῶν
750 4104 1157 4174 πεποιημένων,
1189 4102 1288 4173 ούχ
1315 4102 1392 4167 ὠς
1422 4104 1482 4157 ἐν
1501 4104 1635 4156 πᾶσι
1666 4120 1800 4157 κατ-

207 4192 642 4265 αριθμούμενος,
703 4193 819 4248 ἀλλ’
848 4195 924 4258 ὡς
954 4196 1046 4250 καί⁵
1068 4195 1285 4249 πάντων
1307 4194 1642 4266 ἐξῃρημένος
1660 4235 1673 4258 ,
1707 4194 1804 4247 καὶ⁸

207 4290 324 4345 τοῖς
359 4287 496 4340 πᾶσι
537 4286 858 4357 θεοπρεπῶς
887 4286 1272 4357 ἐποχούμενος.
1318 4287 1590 4355 Ἐπιλέγει
1620 4287 1677 4339 δὲ
1704 4286 1802 4357 τὴν

209 4377 423 4441 αἰτίαν,
448 4377 537 4431 τὸν
568 4377 936 4431 ἀντιτείνοντα
969 4379 1261 4443 δυσωπῶν,
1294 4380 1389 4432 καί
1417 4377 1803 4446 κατασιγάζων

209 4470 306 4523 τὸν
350 4468 765 4540 ἀνθιστάμενον.
819 4487 838 4521 ι
894 4470 952 4524 '0
979 4470 1187 4525 ἀνωθεν
1244 4472 1557 4542 ἐρχόμενος,
1584 4490 1601 4522 ι
1648 4472 1800 4542 φησι,

210 4559 364 4613 τοῦτ’
411 4560 592 4625 ἐστιν,
644 4563 674 4614 6
714 4561 818 4632 τῆς
860 4562 1067 4617 ἄνωθεν
1113 4562 1270 4636 ῥίζης
1315 4562 1664 4632 ἐκπεφυκὼς,
1705 4563 1804 4632 τὴν

2569 3389 2723 3445 CAP.
2764 3388 2829 3443 ΙΙ.

1905 3484 2060 3553 Quod
2106 3486 2160 3538 in
2204 3492 2574 3536 creaturarum
2628 3498 2843 3553 numero
2891 3484 3107 3553 noitksit
3158 3482 3357 3553 Filius,
3398 3491 3490 3543 sed

2258 3568 2418 3621 supra
2439 3568 2638 3615 omnes,
2658 3562 2717 3605 ut
2739 3552 2880 3605 Deus
2912 3552 2976 3606 de
3004 3551 3133 3607 Deo.
3270 3552 3275 3555 ⁷

1973 3644 2063 3711 111,
2089 3647 2177 3701 51.
2211 3645 2312 3710 Qui
2338 3644 2618 3699 desursum
2646 3646 2805 3705 venit,
2841 3661 3001 3715 super
3027 3662 3205 3701 omnes
3233 3658 3333 3701 est.

1973 3735 2123 3792 Nihil
2152 3737 2335 3809 magni
2375 3743 2481 3802 est,
2514 3744 2609 3789 aut
2638 3735 2869 3788 multum
2902 3737 3180 3806 stupendi,
3210 3737 3406 3807 inquit,
3439 3737 3488 3794 si

1905 3826 2265 3882 humanitatis
2316 3827 2543 3897 gloriam
2595 3825 2852 3881 Christus
2900 3826 3134 3882 excedit.
3172 3826 3290 3881 Non
3341 3829 3488 3885 enim

1905 3927 2135 3975 eatenus
2170 3917 2290 3987 ejus
2318 3917 2495 3988 gloria
2538 3918 2887 3983 terminatur,
2918 3918 3013 3972 sed
3054 3934 3220 3989 supra
3262 3920 3485 3976 univer-

1905 4025 2023 4065 sam
2079 4016 2391 4067 creaturam
2446 4015 2553 4073 est,
2602 4016 2665 4062 ut
2716 4006 2882 4073 Deus,
2940 4022 3107 4078 supra
3154 4024 3246 4063 res
3296 4025 3491 4068 omnes

1904 4110 2138 4166 creatas,
2162 4116 2274 4156 non
2315 4111 2375 4155 ut
2400 4100 2456 4154 in
2483 4100 2728 4155 omnium
2758 4113 2990 4154 numero
3035 4100 3486 4169 comprehensus,

1903 4196 1997 4251 sed
2028 4202 2088 4248 ut
2123 4193 2191 4249 ab
2224 4191 2482 4247 omnibus
2513 4198 2823 4261 exemptus,
2855 4198 2909 4245 et
2933 4191 3118 4245 divina
3151 4191 3367 4245 ratione
3397 4208 3487 4247 se-

1905 4288 2041 4342 deus
2079 4300 2246 4355 supra
2276 4284 2556 4339 universa.
2602 4283 2835 4338 Causam
2870 4282 3076 4346 subdit,
3108 4298 3215 4351 qua
3250 4282 3489 4336 confun-

1905 4380 1985 4433 dit
2012 4379 2408 4439 adversarium,
2450 4383 2504 4430 et
2544 4374 2610 4429 ad
2655 4374 2935 4428 silentium
2965 4374 3153 4443 adigit.
3189 4392 3209 4425 ι
3241 4373 3344 4440 Qui
3392 4374 3487 4429 de-

1907 4486 2130 4527 sursum
2178 4470 2348 4535 venit,
2395 4488 2414 4520 »
2455 4467 2659 4535 inquit,
2706 4467 2809 4520 hoc
2848 4473 2953 4530 est,
2990 4467 3085 4536 qui
3128 4467 3195 4522 de
3251 4482 3489 4537 superna

1906 4561 2092 4614 radice
2132 4557 2357 4629 prodiit,
2381 4566 2665 4628 paternam
2696 4555 2750 4609 in
2776 4554 2961 4624 seipso
2990 4557 3318 4611 naturaliter
3354 4572 3489 4612 con-

213 4648 483 4721 πατρῴαν
512 4650 596 4719 ἐφ’
640 4649 818 4721 ἑαυτῷ
850 4650 1098 4719 φυσικῶς
1125 4650 1427 4714 ἀποσώζων
1460 4652 1711 4719 εὐφυΐαν,
1743 4650 1801 4704 τὸ

1909 4664 2137 4706 servans
2200 4648 2575 4711 nobilitatem,
2626 4662 2789 4717 supra
2859 4662 3052 4703 omnes
3122 4652 3229 4705 erit
3295 4654 3489 4721 procul

212 4741 409 4794 ἐπάνω
442 4742 660 4795 πάντων
693 4743 958 4814 ὑπάρχειν
977 4743 1426 4814 ὁμολογουμένως
1453 4747 1799 4813 κεκτήσεταιο

1908 4743 2096 4799 dubio.
2131 4740 2243 4797 Nec
2273 4742 2418 4796 enim
2464 4741 2577 4796 fieri
2619 4756 2852 4809 usquam
2906 4751 3083 4809 potest
3113 4749 3171 4797 ut
3208 4758 3317 4798 non
3365 4747 3491 4801 talis

212 4829 284 4902 ἦν
312 4833 426 4904 γὰρ
459 4832 524 4902 δὴ
554 4834 650 4887 καὶ
683 4835 989 4905 ἀμήχανον,
1033 4836 1108 4909 μὴ
1150 4837 1272 4906 οὐχὶ
1311 4836 1532 4900 πάντως
1562 4835 1801 4889 τοιοῦτον

1906 4842 2169 4907 appareat
2213 4833 2408 4900 Filius,
2448 4832 2627 4903 qualis
2670 4841 2926 4887 censetur
2964 4850 3108 4899 esse,
3142 4833 3307 4905 idque
3368 4836 3493 4905 jure

212 4926 453 4997 ὁρᾶσθαι
475 4926 569 4978 τὸν
591 4926 740 4991 Υίὸν,
776 4927 958 4991 ὁποῖός
986 4945 1094 4999 περ
1122 4928 1203 4996 ἂνξ
1224 4930 1395 4981 νοοῖτο
1424 4928 1519 4981 καὶ
1548 4928 1687 4982 κατὰ
1711 4932 1801 4999 τὴν

1904 4928 2123 4994 merito,
2153 4926 2245 4997 qui
2278 4926 2458 4996 ipsum
2485 4925 2693 4996 genuit.
2727 4924 2901 4981 Filius
2935 4928 3137 4998 quippe
3166 4928 3256 4980 ille
3290 4926 3491 4980 identi-

214 5017 385 5083 ἀξίαν
413 5019 441 5071 ὁ
475 5019 744 5088 γεννήσας
785 5019 966 5072 αὐτόν.
1018 5020 1076 5071 '0
1116 5018 1225 5091 γὰρ
1270 5023 1335 5091 τῇ
1383 5021 1671 5090 ταυτότητι
1710 5021 1801 5089 τῆς

1906 5030 2014 5076 tate
2085 5031 2295 5075 naturae
2358 5018 2712 5087 conspicuus,
2777 5018 3036 5087 splendor
3097 5027 3152 5072 et
3205 5016 3494 5071 character

216 5108 443 5178 φύσεως
488 5109 804 5180 διαπρέπων
842 5110 994 5174 Υἰὸς.
1031 5111 1093 5166 τὸ
1134 5112 1477 5182 ἀπαύγασμα
1519 5113 1614 5164 καὶ
1645 5115 1674 5166 6
1712 5129 1801 5183 χα-

1908 5112 2110 5174 Patris,
2133 5109 2411 5180 quomodo
2444 5108 2616 5177 gloria
2647 5108 2827 5161 minor
2861 5107 3062 5160 fuerit?
3094 5107 3175 5159 An
3202 5122 3310 5161 non
3345 5108 3493 5162 enim

220 5203 444 5273 ρακτὴρ
470 5203 566 5255 τοῦ
598 5203 833 5274 Πατρὸς,
867 5202 987 5266 πῶς
1012 5203 1079 5257 ἂν
1109 5204 1321 5273 γένοιτο
1346 5203 1489 5257 κατά
1524 5206 1620 5275 τὴν
1652 5204 1801 5270 δόξαν

1908 5204 1961 5256 in
2012 5201 2153 5255 Filio
2197 5200 2379 5256 Patris
2434 5202 2741 5270 proprietas
2780 5198 3225 5261 dedccorabitur,
3266 5208 3320 5253 et
3361 5190 3495 5255 cha-

218 5294 467 5351 ἐλάττων
508 5295 710 5358 αὐτοῠ;
744 5297 813 5348 Ἦ
844 5296 952 5366 γὰρ
1000 5296 1099 5349 οὐκ
1128 5297 1186 5348 ἐν
1209 5296 1324 5368 Υίῷ
1369 5296 1431 5349 τὸ
1462 5295 1555 5349 τοῦ
1596 5296 1801 5367 Πατρδς

1911 5292 2111 5348 racteri
2137 5292 2403 5364 genitoris
2439 5292 2701 5361 injuriam
2733 5289 3028 5353 faciemus,
3057 5288 3103 5343 si
3155 5305 3282 5345 eum
3317 5291 3496 5345 mino-

220 5386 360 5440 ῐδιον
381 5387 834 5460 ἀτιμασθήσεται,
861 5387 956 5442 καὶ
995 5388 1088 5442 τὸν
1112 5388 1209 5443 τοῦ
1231 5389 1488 5452 τεκόντος
1513 5388 1801 5459 ὑϐριοῦμει

1912 5401 2028 5442 rem
2064 5385 2406 5440 statuamus?
2433 5385 2502 5436 At
2529 5382 2757 5446 nemini,
2795 5389 2855 5434 ut
2911 5395 3057 5446 reor,
3087 5380 3315 5437 dubium
3348 5382 3495 5437 istud

219 5481 573 5551 χαρακτῆρα,
603 5482 660 5533 ἐν
682 5480 928 5536 ἐλάττοσι
951 5479 1192 5545 τιθέντες
1216 5482 1412 5549 αύτόν;
1450 5481 1610 5545 ⁹Αλλ’,
1636 5478 1801 5551 οἶμαι

1913 5484 2017 5534 σει.
2066 5474 2275 5531 Idcirco
2329 5474 2595 5544 scriptum
2664 5485 2885 5541 quoque
2942 5480 3026 5527 est
3071 5490 3085 5525 :
3132 5490 3150 5522 ι
3188 5470 3259 5525 Ut
3303 5487 3495 5526 omnes

220 5570 397 5623 πᾶσιν
429 5570 583 5624 ἔσται
609 5570 767 5632 τοῦτο
794 5572 1108 5642 καταφανές
1135 5589 1148 5603 ⁸
1178 5573 1265 5627 διά
1292 5591 1373 5626 τοι
1403 5573 1561 5626 τοῦτο
1603 5574 1698 5626 καὶ
1726 5572 1801 5641 γέι

1916 5570 2277 5627 honorificent
2304 5567 2684 5632 Filium,sicut
2713 5566 3080 5621 honorificam
3113 5566 3327 5621 Patrem
3353 5584 3366 5631 ;
3404 5566 3494 5635 qui

218 5676 494 5732 γραπται’
524 5680 543 5712 ι
560 5663 678 5716 Ἵνα
698 5664 896 5728 πάντες
912 5664 1111 5734 τιμῶσι
1124 5665 1216 5717 τὸν
1241 5665 1388 5727 Υἱδν,
1406 5666 1587 5731 καθὼς
1608 5664 1801 5739 τιμῶσι

1921 5680 2029 5720 non
2057 5662 2381 5719 honorificat
2408 5659 2632 5726 Filium,
2655 5675 2762 5714 non
2790 5659 3120 5714 lionorilicat
3154 5657 3446 5711 Patrem”.
3475 5677 3494 5708 ι

301 5774 344 5805 ³ο
370 5774 535 5829 Joan.
568 5792 619 5839 v,
648 5776 741 5832 93.

556 5868 827 5930 PATROL.
871 5870 966 5931 Ga
1027 5869 1286 5932 LXXIII.
2980 5869 3014 5928 9
