4118 6554
631 350 736 405 267

1621 338 1679 393 S.
1716 338 1996 395 CYRILLI
2037 337 2505 395 ALEXANDRINI
2540 338 2864 407 ARCHIEP.

3772 334 3876 389 268

631 461 735 529 Qui
763 469 942 514 autem
977 455 1273 527 aequalibus
1301 454 1604 509 honoribus
1632 470 1757 509 cum
1792 454 1900 510 Deo
1937 469 2002 510 ac
2034 454 2194 511 Patre

2305 457 2384 511 τὸν
2413 455 2632 525 Πατέρα
2661 470 2676 485 ο
2709 454 2738 507 ό
2763 453 2841 524 μὴ
2862 453 3036 523 τιμῶν
3080 452 3172 505 τὸν
3206 450 3354 515 Υίὸν,
3390 447 3509 502 οὐδὲ
3542 448 3633 502 τὸν
3660 450 3873 520 Πατέρα

631 552 916 623 gloriatur,
947 556 1231 618 propterea
1284 543 1429 616 quod
1471 562 1535 599 cx
1594 546 1715 616 ipso
1761 554 1847 601 est
1897 547 2199 602 secundum

632 651 905 709 naturam,
949 637 1221 711 quomodo
1255 653 1363 693 non
1405 637 1725 692 censebitur
1753 637 1973 692 demum
2014 651 2199 692 rerum

631 742 941 790 creatarum
973 728 1237 787 excedere
1269 728 1678 785 substantiam?
1710 728 1815 783 hoc
1853 727 1999 782 enim
2035 726 2203 797 signi-

633 825 794 879 ticant
841 823 931 877 illa
994 821 1181 884 verba,
1245 839 1263 871 ι
1310 835 1474 889 super
1527 834 1721 875 omnes
1778 826 1883 875 est.
1924 837 1943 872 ι
2002 816 2201 885 Verum

631 917 807 974 sentio
856 928 1052 969 rursus
1097 912 1322 967 minime
1373 911 1657 981 quieturos
1705 909 1913 966 Christi
1960 908 2201 965 hostium

630 1008 863 1070 animos,
894 1004 989 1059 sed
1017 1002 1351 1073 oreprocaei
1377 1010 1431 1057 et
1457 1002 1719 1058 eﬂrenato
1745 1003 1989 1059 dicturos
2017 1017 2032 1056 :
2066 1002 2201 1058 Cum

629 1099 820 1152 beatus
864 1095 1112 1165 Baptista
1166 1095 1456 1150 desursum
1510 1094 1692 1149 venire
1726 1093 1923 1147 Filium
1969 1100 2201 1157 asserat,

630 1202 879 1257 quamam
926 1186 1067 1239 ratio
1095 1198 1197 1239 nos
1244 1183 1427 1252 adiget
1470 1191 1528 1235 ut
1565 1198 1634 1237 ex
1673 1182 1974 1237 substantia
2026 1180 2205 1236 Patris

632 1277 811 1346 ipsum
860 1276 1052 1331 venire
1103 1273 1470 1343 suspicemur,
1496 1280 1735 1342 propter
1782 1271 1913 1326 illud
1955 1288 1975 1323 ι
2011 1271 2203 1327 ἀθευτο

632 1383 776 1431 sum,
802 1385 820 1419 ι
856 1382 919 1421 ac
942 1381 1050 1421 non
1086 1366 1267 1435 potius
1297 1379 1327 1417 e
1356 1363 1532 1429 caalis,
1560 1371 1652 1416 ant
1680 1362 1842 1417 etiam
1874 1378 1938 1417 ex
1976 1362 2066 1416 illa
2095 1377 2204 1433 qua

633 1467 854 1529 praestat
888 1472 1053 1527 supra
1087 1471 1280 1511 omnes
1336 1454 1654 1519 eminentia,
1710 1462 1770 1507 nt
1802 1454 1945 1509 ideo
1985 1470 2206 1524 quoque

632 1565 795 1620 supra
827 1548 1009 1603 omnia
1038 1546 1378 1616 intelligatur
1409 1559 1533 1599 esse
1574 1560 1635 1598 ac
1659 1546 1826 1615 .162
1865 1545 2117 1599 dicatur?
2148 1546 2203 1600 Si

630 1640 852 1711 quando
880 1654 980 1692 nos
1006 1637 1171 1707 igitur
1193 1635 1510 1689 istiusmodi
1545 1637 1893 1690 sermonibus
1926 1644 2203 1706 appetant,

2302 550 2492 619 τιμᾷ.»
2536 548 2592 600 Ὀ
2611 546 2666 599 δὲ
2712 546 3036 617 ἰσομέτροις,
3074 544 3150 607 ὼς
3180 543 3314 615 πρὸς
3342 541 3474 594 Θεὸν
3515 541 3608 594 καὶ
3635 542 3873 613 Πατέρα.

2301 640 2487 709 τιμαῖς
2519 637 3003 708 ὲπαγλαῖζόμενος,
3037 630 3125 688 διὰ
3151 635 3213 687 τὸ
3244 633 3303 698 ἐξ
3328 632 3495 687 αὐτοῦ
3542 633 3689 686 κατὰ
3722 633 3876 701 φύσιν

2304 728 2591 798 ὑπάρχειν,
2616 727 2734 791 πῶς
2757 728 2857 781 οὐκ
2881 728 2948 781 ἂν
2976 728 3148 781 νοοῖτο
3166 723 3351 778 λοιπὸν
3376 725 3475 795 τὴν
3499 723 3608 775 τῶν
3638 724 3878 791 γενητῶν

2301 820 2611 874 ἀναϐαίνειν
2643 819 2866 884 οὐσίαν;
2908 817 3069 871 τοῦτο
3099 816 3207 888 γὰρ
3235 816 3328 881 τὸ,
3362 835 3381 867 ι
3424 816 3638 869 Ἐπάνω
3663 814 3877 869 πάντων

2302 909 2469 965 ἐστίν.
2513 928 2532 962 ι
2586 909 2727 963 Ἀλλ’
2769 909 3097 979 αἰσθάνομαι
3153 907 3337 972 πάλιν,
3375 906 3451 969 ὡς
3481 906 3755 976 ὴρεμήσει
3785 904 3881 975 μὲν

2304 1000 2551 1072 οὐδαμῶς
2571 1001 2679 1056 τῶν
2701 1001 3099 1074 Χριστομάχων
3116 1000 3144 1051 ό
3163 999 3504 1070 νοῦς,ἦξουσι
3525 998 3593 1065 δ’,
3615 997 3691 1061 ὡς
3715 998 3880 1061 είκὺς,

2302 1092 2820 1164 ἀθυροσωμοῦντες,
2860 1094 2954 1145 καὶ
2999 1093 3269 1161 λέγοντες·
3315 1092 3486 1145 Ὅταν
3526 1090 3555 1142 ό
3611 1088 3883 1159 μακάριος

2304 1183 2611 1255 Βαπτιστὴς
2637 1183 2843 1237 ἀνωθεν
2874 1183 3148 1255 ὁρμᾶσθαι
3180 1181 3319 1255 λέγῃ
3341 1181 3431 1235 τὸν
3472 1180 3698 1251 Κύριον,
3734 1183 3881 1242 ποῖος

2304 1275 2451 1344 ἡμᾶς
2492 1274 2793 1342 ἀναγκάσει
2836 1274 2992 1343 λόγος
3032 1276 3095 1327 ὲκ
3148 1274 3249 1345 τῆς
3293 1273 3384 1326 τοῦ
3439 1271 3653 1342 Πατρός
3698 1270 3885 1333 οὐσίας

2304 1365 2657 1434 ἣκεινυαύτδν
2714 1366 3059 1435 ὑποτοπῆσαι
3113 1366 3203 1419 διὰ
3265 1365 3328 1418 τὸ
3371 1383 3389 1416 ι
3426 1362 3654 1427 ἀνωθεν,
3723 1380 3742 1413 ι
3792 1362 3883 1415 καὶ

2304 1454 2423 1526 οὐχὶ
2453 1456 2652 1527 μᾶλλον
2683 1456 2742 1520 ea
2770 1456 3033 1528 οὐρανῶν,
3068 1456 3101 1527 ἢ
3129 1458 3221 1511 καὶ
3242 1458 3305 1510 ὲκ
3332 1456 3449 1526 ξτῆς
3480 1454 3711 1523 ἐνούσης
3737 1452 3887 1521 αὐτῷ

2306 1544 2448 1597 κατὰ
2475 1547 2691 1600 πάντων
2730 1546 3021 1617 ὑπεροχῆς,
3054 1546 3130 1609 ὡς
3172 1546 3261 1599 διὰ
3282 1543 3440 1598 τοῦτο
3464 1544 3560 1598 καί
3589 1543 3683 1596 ἐπὶ
3710 1542 3887 1595 πάντα

2306 1637 2495 1701 νοοῖτο,
2521 1637 2613 1689 καὶ
2639 1637 2878 1706 λέγοιτο;
2905 1638 3072 1690 Ὅταν
3099 1636 3277 1689 τοίνυν
3301 1637 3452 1706 ἡμᾶς
3475 1636 3590 1698 τοῖς
3622 1633 3886 1695 τοιούτοις

634 1733 701 1785 iis
738 1743 1061 1800 reponemus
1104 1744 1118 1779 ι
1152 1725 1271 1781 Non
1322 1742 1521 1796 sequar
1571 1726 1951 1796 putidissimas
1993 1735 2203 1783 vestras

2307 1729 2778 1797 κατασφενδονῶσι
2800 1729 2999 1798 λόγοις,
3014 1728 3437 1782 ἀντακοὺσονται
3459 1727 3621 1780 πάλιν
3638 1743 3651 1754 ’
3677 1726 3751 1778 υύ
3777 1727 3888 1785 τοῖς

634 1821 893 1882 rationes,
932 1832 966 1874 ο
1018 1818 1177 1882 boni,
1203 1817 1300 1873 sed
1333 1817 1577 1871 divinam
1621 1816 1802 1887 potius
1842 1816 2202 1888 Scripturam,

631 1913 885 1981 solasque
916 1923 1104 1964 sacras
1134 1909 1391 1965 Litteras.
1426 1905 1795 1962 Scrntandnm
1829 1915 1914 1963 est
1948 1909 2113 1978 igitur
2149 1907 2207 1962 in

632 2003 778 2069 illis,
828 2017 936 2072 quo
989 2007 1150 2071 pacto
1196 2001 1306 2055 vim
1366 1999 1529 2069 hujus
1573 1998 1723 2055 vocis
1789 2017 1807 2050 ι
1849 2000 2140 2056 desursum
2184 2021 2202 2053 ›

631 2092 925 2162 accipiant.
958 2090 1202 2145 Audiant
1237 2090 1422 2160 itaque
1456 2104 1623 2144 unum
1655 2104 1721 2143 ex
1758 2088 1864 2143 illis
1898 2089 2095 2160 spiritu
2122 2090 2207 2144 af-

632 2182 775 2238 ﬂatis
823 2182 1089 2253 apostolis
1132 2182 1458 2237 clamantem
1503 2200 1515 2235 :
1558 2199 1575 2231 ι
1619 2180 1796 2235 Omne
1837 2183 2024 2236 datum
2067 2183 2209 2253 opti-

632 2294 802 2344 mum,
820 2285 874 2330 et
901 2290 1063 2331 omne
1092 2275 1295 2330 donum
1322 2274 1625 2344 perfectum
1651 2275 1943 2331 desursum
1969 2284 2083 2342 est,
2114 2277 2209 2332 de-

636 2367 912 2423 scendens
934 2382 963 2421 a
982 2366 1143 2421 Patre
1159 2365 1423 2420 luminum
1445 2366 1508 2419 ³¹.
1537 2384 1556 2417 ι
1578 2364 1721 2420 Ecce
1736 2374 1925 2435 aperte
1939 2365 2072 2421 illud
2094 2366 2210 2421 ide-

633 2474 852 2515 sursum
878 2478 896 2510 ι
935 2458 1170 2527 explicat
1202 2455 1503 2527 Scriptura,
1546 2475 1565 2508 ι
1590 2471 1620 2510 a
1644 2455 1857 2512 Patre.»
1898 2456 2033 2512 Cum
2064 2459 2207 2513 enim

633 2549 799 2603 sciret
822 2547 956 2601 nihil
974 2546 1121 2600 aliud
1148 2560 1235 2600 res
1257 2552 1471 2600 creatas
1493 2545 1777 2601 excedere
1788 2554 1985 2616 prazter
2017 2545 2209 2601 inetia-

631 2638 793 2694 bilem
828 2638 975 2693 illam
999 2636 1092 2692 Dei
1123 2646 1397 2704 naturam,
1430 2636 1639 2691 idcirco
1671 2637 1722 2692 ei
1760 2636 1980 2708 proprie
2019 2652 2209 2692 vocem

631 2730 775 2784 hanc
836 2749 854 2781 ι
891 2728 1185 2785 desursum
1220 2748 1238 2781 ι
1282 2729 1556 2782 attribuit.
1601 2728 1722 2783 Alia
1769 2728 2207 2799 quippe°omnia

631 2821 911 2878 servitutis
958 2821 1091 2892 jugo
1133 2819 1379 2890 subjecta
1410 2827 1539 2873 sunt
1567 2835 1582 2885 ;
1615 2817 1768 2874 solus
1793 2824 1975 2873 autem
2001 2816 2211 2873 servire

629 2912 831 2978 nescit,
868 2920 925 2967 et
977 2921 1171 2982 regnat
1232 2911 1398 2974 Dens,
1430 2910 1574 2965 unde
1630 2912 1750 2980 ipse
1796 2924 1990 2966 revera
2040 2923 2208 2979 supra

630 3017 820 3059 omnes
848 3016 1066 3073 quoque
1103 3008 1209 3056 est.
1246 3000 1388 3056 Deus
1432 3008 1633 3064 autem,
1664 3008 1720 3056 et
1752 3015 1818 3055 ex
1853 3000 1964 3056 Deo
2010 3016 2209 3056 secun-

2311 1821 2440 1890 παρ’
2470 1820 2597 1891 ὑμῖν
2616 1821 2993 1893 ’σαθροτάτοις,
3023 1814 3068 1874 ὧ
3100 1820 3390 1891 βέλτιστοι,
3418 1819 3728 1889 λογισμοῖς,
3755 1817 3888 1870 ἀλλά

2312 1911 2509 1981 μᾶλλον
2529 1914 2594 1983 τῇ
2624 1911 2748 1984 θείᾳ
2767 1914 2955 1986 Γραφῇ
2986 1913 3080 1966 καὶ
3116 1913 3299 1984 μόνοις
3320 1913 3433 1974 τοῖς
3462 1911 3630 1980 ἱεροῖς
3670 1908 3890 1961 ἀκολου-

2310 2002 2550 2073 θήσομεν
2572 2003 2923 2074 Γράμμασιν.
2968 2001 3316 2074 Ἐρευνητέον
3340 2001 3404 2071 δὴ
3425 1997 3518 2053 οὐν
3541 2001 3600 2054 ὲν
3634 1999 3886 2062 ἐκείνοις,

2308 2094 2456 2158 ὅπως
2486 2095 2620 2164 ἡμῖν
2659 2093 2759 2164 τὴν
2809 2094 2964 2147 τοῦ·‹
3010 2094 3214 2147 ἄνωθεν
3250 2112 3269 2145 ι
3312 2092 3584 2162 ὁρίζονται
3634 2089 3885 2159 δύναμιν.

2322 2183 2692 2236 Ἀκουέτωσαν
2719 2183 2901 2236 τοίνυν
2928 2182 3369 2253 ἀνακεκραγότος
3401 2181 3548 2245 τινὸς
3575 2180 3691 2233 τῶν
3724 2196 3891 2232 πνευ-

2313 2273 2655 2344 ματοφόρων·
2692 2293 2710 2326 ι
2761 2275 2916 2327 Πᾶσα
2950 2274 3096 2338 δόσις
3127 2273 3329 2343 ἀγαθὴ,
3371 2273 3469 2326 καὶ
3509 2274 3617 2324 πᾶν
3659 2272 3889 2341 δώρημα

2310 2363 2531 2429 τέλειον,
2563 2363 2772 2419 ἄνωθέν
2811 2366 2927 2417 ἐστι
2956 2351 3283 2420 καταϐαῖνον
3311 2365 3374 2418 ὲκ
3406 2362 3501 2418 τοῦ
3542 2362 3750 2435 Πατρός
3780 2362 3889 2415 τῶν

2312 2454 2524 2524 φώτωνο
2576 2475 2596 2509 ι
2639 2439 2749 2510 ίδού
2784 2457 3080 2529 διαρρήδην
3122 2440 3184 2510 τύ
3234 2474 3254 2507 ι
3294 2457 3522 2521 ἄνωθεν,
3554 2470 3581 2506 ἰ
3621 2472 3639 2505 ι
3680 2456 3743 2507 ἐκ
3795 2452 3890 2507 τοῦ

2312 2548 2525 2618 Πατρὸς
2562 2568 2580 2600 ι
2612 2546 2751 2601 εἷναί
2781 2566 2965 2620 φησιν·
2998 2549 3182 2620 ἕτερον
3212 2549 3319 2620 γὰρ
3357 2549 3507 2601 οὐδὲν
3533 2546 3888 2617 ὑπερκεῖσθαι

2310 2636 2594 2706 γινώσκων
2622 2638 2689 2692 τὰ
2718 2638 2922 2709 γενητὰ
2950 2638 3099 2709 παρά
3129 2639 3228 2710 τὴν
3245 2638 3482 2711 ἄρρητον
3506 2636 3602 2692 τοῦ
3623 2637 3758 2690 Θεοῦ
3790 2636 3890 2704 φύς

2313 2746 2417 2793 σιν,
2454 2730 2594 2800 αὐτῇ
2630 2730 2835 2800 κυρίως
2877 2730 3125 2801 προσῆψε
3168 2730 3230 2783 τὸ
3274 2748 3293 2781 ι
3340 2728 3563 2782 ἀνωθεν.
3608 2747 3633 2779 ν»
3669 2727 3748 2780 Τὰ
3790 2728 3889 2796 μὲν

2311 2818 2418 2889 γὰρ
2437 2818 2572 2873 ἀλλα
2604 2819 2893 2890 σύμπαντα
2908 2820 2983 2890 τῷ
3000 2820 3099 2890 τῆς
3120 2819 3366 2882 δουλείας
3392 2818 3691 2871 ὑποπίπτει
3714 2817 3779 2881 ζυ
3791 2816 3888 2886 τῷ,

2316 2910 2473 2979 μόνος
2516 2910 2575 2962 δὲ
2616 2911 2729 2965 ἀνω
2774 2910 2869 2965 τοῦ
2916 2911 3232 2981 κρατεῖσθαι
3286 2910 3433 2980 πηδᾷ
3476 2910 3569 2963 καί¹
3617 2906 3889 2977 βασιλεύει

2312 3000 2463 3063 Θεός·
2498 3000 2619 3054 ὅθεν
2648 3002 2864 3072 ἀληθῶς
2914 3003 3077 3065 αὐτὸς
3126 3003 3223 3055 καὶ
3262 3002 3447 3055 ἐπάνω
3483 3002 3702 3055 πάντων
3750 3001 3883 3052 ἐστι.

629 3092 761 3148 dum
812 3100 1067 3146 naturam
1127 3105 1250 3144 cum
1297 3091 1369 3145 sit
1412 3089 1606 3153 Filius,
1654 3090 1989 3159 ejuscemodi
2035 3091 2203 3160 gloria

2315 3091 2445 3154 Θεὸς
2470 3091 2527 3144 δὲ
2552 3093 2643 3145 καὶ
2659 3094 2725 3145 ὲκ
2747 3092 2883 3146 Θεοῦ
2918 3094 3058 3146 κατά
3081 3092 3241 3163 φύσιν
3271 3094 3530 3165 ὑπάρχων
3548 3095 3575 3145 ό
3610 3092 3757 3156 Υἱὸς,
3788 3090 3887 3160 τῆς

630 3198 741 3239 non
787 3182 1127 3238 excludetur.
1164 3180 1319 3247 Quod
1365 3180 1412 3236 si
1459 3179 1591 3234 illud
1623 3200 1641 3232 ι
1674 3153 1969 3239 desursum
2006 3153 2203 3237 i'acci-

2314 3181 2405 3235 ἐπὶ
2451 3182 2625 3254 τούτῳ
2675 3184 3058 3255 λαμπρότητος
3092 3153 3200 3239 ὀὐκ
3233 3153 3564 3239 ἐκκείσεται.
3600 3184 3662 3238 Εἰ

629 3272 888 3345 piendum
930 3272 1134 3342 putatis
1168 3287 1266 3341 pro
1306 3288 1325 3322 ι
1364 3271 1605 3334 caelitus,
1652 3291 1672 3323 ι
1708 3271 1944 3341 idip’snm
1989 3286 2209 3343 quoque

628 3366 698 3421 de
756 3364 954 3435 quovis
1012 3364 1206 3434 angelo
1284 3372 1339 3417 et
1395 3363 1651 3417 rationali
1711 3364 1917 3419 virtute
1968 3364 2203 3419 dicatur.

630 3454 871 3511 Veniunt
899 3454 1045 3510 enim
1083 3454 1148 3507 ad
1184 3469 1281 3508 nos
1311 3453 1379 3508 de
1408 3453 1587 3518 caelis,
1620 3463 1675 3508 et
1702 3454 2011 3509 ascendunt
2040 3464 2207 3526 atque

629 3545 994 3608 descendunt,
1020 3552 1078 3597 ut
1126 3544 1328 3599 alicubi
1372 3542 1447 3597 ait
1477 3560 1491 3595 :
1522 3562 1542 3595 ι
1590 3543 1769 3614 Supra
1794 3542 1999 3599 Filium
2029 3546 2204 3600 homi-

632 3636 721 3692 nis
742 3637 808 3691 ³³.
853 3654 872 3686 ι
917 3633 1056 3700 Quid
1112 3649 1242 3705 ergo
1284 3634 1501 3689 beatum
1549 3633 1851 3705 Baptistam
1900 3636 2205 3706 impulit‘ut

584 3786 589 3793 ,
630 3726 778 3799 quod
830 3742 1003 3796 penes
1036 3725 1237 3780 multos
1282 3733 1386 3789 est,
1422 3724 1559 3779 illud
1604 3726 1758 3780 velut
1789 3727 2050 3781 eximium
2101 3728 2203 3782 soli

632 3817 769 3873 Filio
798 3818 1023 3879 tribuat,
1045 3831 1109 3869 ac
1137 3827 1393 3886 tanquam
1417 3816 1485 3871 de
1517 3817 1681 3871 unico
1705 3832 1944 3887 superne
1972 3818 2205 3873 descen-

629 3908 792 3962 dente
844 3907 993 3960 dicat
1044 3924 1057 3959 :
1109 3924 1127 3955 ι
1161 3904 1261 3970 Qui
1293 3905 1588 3959 desursum
1644 3905 1829 3960 venit?
1868 3925 1887 3958 ι
1927 3905 2201 3962 Honorem

629 3998 831 4069 quippe
876 3997 1029 4050 illum
1068 4010 1412 4049 communem
1454 3996 1578 4050 aliis
1627 3994 1810 4052 facere
1864 4011 1961 4066 par
2005 4006 2197 4053 esset:

635 4109 654 4142 ι
698 4088 803 4155 Qui
830 4086 1117 4143 desursum
1153 4085 1402 4149 veniunt,
1430 4101 1599 4155 super
1631 4101 1823 4142 omnes
1849 4095 1997 4141 sunt.
2031 4106 2049 4140 ι
2091 4086 2201 4143 Sed

627 4179 779 4234 novit
831 4176 927 4231 uni
972 4176 1115 4231 Filio
1150 4190 1339 4231 vocem
1381 4176 1529 4230 illam
1579 4176 1789 4242 deberi,
1826 4184 2089 4247 tanquam
2134 4194 2200 4235 ex

628 4279 880 4338 suprema
906 4266 1088 4320 radice
1128 4263 1294 4319 edito.
1318 4262 1436 4319 Non
1476 4280 1606 4335 ergo
1646 4264 1779 4319 illud
1813 4284 1832 4317 ι
1858 4265 2144 4323 desursum
2176 4289 2195 4322 ο

627 4356 902 4428 signiﬁcat
949 4373 967 4407 ι
1002 4355 1255 4419 etelitus,
1298 4372 1316 4406 ι
1364 4353 1462 4409 sed
1512 4354 1675 4409 modo
1726 4369 1837 4425 quo
1891 4354 2003 4426 jam
2052 4357 2199 4411 dixi-

626 4464 749 4504 mus
783 4449 869 4517 pie
899 4455 955 4502 et
993 4461 1122 4503 vere
1167 4445 1436 4518 capietur.
1470 4444 1761 4513 Quomodo
1791 4447 1958 4514 enim,
1990 4463 2197 4519 quaeso,

624 4538 728 4593 erit
772 4550 937 4606 super
989 4549 1207 4603 omnes,
1247 4535 1294 4591 si
1340 4550 1449 4591 non
1498 4536 1589 4589 illa
1631 4551 1734 4593 vox
1775 4554 1795 4587 ι
1838 4536 2129 4593 desursum
2174 4558 2194 4591 ι

626 4624 925 4697 signiticet,
956 4638 988 4679 a
1017 4624 1198 4690 Patre,
1234 4623 1329 4680 sed
1360 4626 1541 4694 potius
1571 4625 1639 4681 de
1673 4627 1850 4681 coelo?
1877 4626 2014 4683 Nam
2046 4630 2090 4685 si
2128 4630 2202 4685 ita

626 4731 714 4770 res
744 4722 850 4779 est,
881 4714 990 4771 erit
1041 4715 1204 4771 etiam
1258 4714 1579 4785 angelorum
1616 4717 1851 4789 quisque
1880 4734 2047 4790 super
2076 4736 2201 4775 om-

625 4808 738 4870 nia,
771 4813 961 4877 utpote
999 4819 1124 4861 cum
1170 4806 1298 4861 inde
1327 4807 1530 4862 veniat.
1565 4806 1621 4862 Si
1657 4824 1785 4863 vero
1821 4811 2202 4882 unusquisque

624 4898 1009 4953 universorum
1062 4912 1292 4952 numero
1360 4912 1473 4952 non
1533 4900 2067 4968 comprehendatur,
2134 4918 2201 4957 ex

622 4990 952 5059 quibusnam
1013 4990 1230 5044 demum
1301 4990 1432 5044 illud
1495 5008 1513 5041 ι
1569 4992 1752 5045 omnia
1789 5012 1807 5043 ι
1872 4994 2211 5064 colligetur?

623 5090 718 5138 aut
757 5082 1035 5153 quomodo
1080 5098 1183 5137 vox
1223 5082 1315 5136 illa
1350 5100 1368 5134 ι
1404 5084 1585 5137 omnia
1612 5103 1630 5135 ι
1670 5084 1879 5155 integra
1922 5100 2211 5155 permane-

624 5173 722 5238 bit,
750 5188 981 5231 servans
1007 5184 1206 5230 exacte
1252 5190 1412 5229 suum
1442 5176 1834 5246 signiﬁcatum,
1867 5193 1992 5232 cum
2032 5192 2201 5249 ange-

624 5266 802 5320 lorum
856 5272 1008 5321 tanta
1056 5267 1351 5322 multitudo
1400 5267 1750 5333 excludatur,
1777 5277 1832 5324 et
1882 5270 1992 5324 vim
2036 5270 2204 5341 hujus

622 5356 775 5414 vocis
807 5377 825 5410 ι
855 5360 1038 5414 omnia
1074 5379 1093 5413 ι
1126 5359 1372 5416 evertat?
1395 5358 1513 5415 Non
1548 5361 1693 5417 enim
1734 5361 1975 5433 amplius
2015 5364 2203 5419 omnia

623 5455 772 5511 sunt,
800 5448 847 5503 si
874 5457 1031 5504 extra
1066 5456 1323 5505 maneant
1351 5450 1390 5505 ii
1417 5450 1509 5520 qui
1544 5458 1700 5504 erant
1732 5451 1787 5506 in
1816 5452 2062 5508 omnium
2097 5470 2203 5509 nu-

620 5552 791 5597 mero.
824 5539 1065 5598 Verbum
1122 5550 1301 5598 autem
1338 5544 1486 5613 quod
1544 5543 1804 5601 ineffabili
1864 5546 2078 5603 ratione
2129 5564 2197 5604 ex

648 5682 651 5687 P
695 5714 739 5750 ³³
767 5712 887 5772 Jac.
924 5732 962 5783 ι,
996 5717 1081 5774 17.
1160 5720 1201 5751 η
1236 5716 1393 5774 Joan.
1426 5736 1466 5785 ι,
1493 5720 1581 5777 5|.

2318 3292 2337 3324 ‹
2377 3271 2581 3327 ἀνωθεν
2621 3293 2640 3327 ι
2674 3274 2851 3329 οἴεσθε
2882 3276 2990 3329 δεῖν
3026 3294 3044 3327 ι
3078 3276 3137 3341 ἐξ
3169 3276 3400 3346 οὐρανοῦ
3440 3295 3458 3329 ι
3492 3274 3891 3346 λαμϐάνεσθαι,

2309 3362 2550 3431 λεγέσθω
2581 3365 2676 3418 καὶ
2724 3365 2817 3418 ἐπὶ
2847 3366 3046 3430 παντὸς
3093 3367 3323 3435 ἀγγέλου
3356 3369 3452 3420 καὶ
3483 3367 3766 3438 δυνάμεως
3804 3365 3893 3417 λο·

2308 3456 2472 3527 γικῆς
2506 3457 2539 3527 ὴ
2582 3456 2750 3522 λέξις·
2796 3457 3045 3530 ἔρχονται
3086 3460 3196 3532 γὰρ
3241 3461 3316 3524 ὡς
3348 3460 3497 3531 ἡμᾶς
3523 3458 3583 3523 ἐξ
3624 3457 3889 3529 οὐρανῶν,

2308 3547 2404 3600 καὶ
2422 3547 2797 3611 ἀναϐαίνουσι,
2834 3551 2930 3603 καὶ
2970 3551 3415 3615 καταϐαίνουσιν,
3452 3550 3529 3613 ῶς
3571 3550 3673 3601 πού
3704 3566 3889 3619 φησιν·

2346 3654 2367 3688 ι
2410 3638 2537 3692 Ἐπὶ
2577 3639 2669 3692 τὸν
2708 3640 2837 3694 Υίδν
2864 3641 2957 3694 τοῦ
2998 3642 3307 3713 ἀνθρώπου.
3343 3661 3361 3694 ι
3403 3643 3468 3695 Τί
3499 3638 3594 3694 οὖν
3634 3642 3743 3712 ἄρα
3775 3643 3891 3694 ἐστὶ

2304 3728 2367 3781 τὺ
2416 3730 2509 3783 τὸν
2548 3732 2823 3803 μακάριον
2878 3733 3189 3804 Βαπτιστὴν
3243 3734 3531 3798 πεπεικδς,
3578 3735 3639 3786 τὸ
3676 3734 3892 3796 πολλοῖς

2306 3819 2522 3893 ἕτοιμον
2588 3825 2667 3886 είς
2724 3824 2972 3889 ἐξουσίαν
3026 3827 3303 3880 ἀναθεῖναι
3362 3826 3509 3897 μόνῳ
3561 3826 3684 3879 κατ’
3740 3825 3891 3891 ἐξαί-

2306 3927 2462 3981 ρετον
2506 3912 2584 3983 τῷ
2626 3913 2761 3984 Υίῷ,
2804 3916 2901 3967 καὶ
2942 3915 3017 3978 ὡς
3050 3918 3134 3984 ἐφ’
3192 3916 3309 3979 ἑνὸς
3349 3915 3443 3969 τοῦ
3490 3916 3700 3969 ἀνωθεν
3723 3932 3889 3969 καταο

2304 4000 2578 4067 ϐαίνοντος
2601 4005 2794 4066 εἰπεῖν,
2827 4024 2845 4055 ι
2888 4006 2944 4058 '0
2965 4005 3168 4059 ἀνωθεν
3198 4006 3523 4077 ἑρχόμενος;
3559 4024 3576 4057 ι
3610 4007 3761 4076 Χρῆν
3780 4006 3892 4077 γὰρ

2303 4094 2473 4165 δήπου
2502 4097 2919 4151 κοινοπιεῖσθαι
2941 4100 3053 4162 τοῖς
3079 4098 3256 4160 ἄλλοις
3280 4099 3341 4151 τὸ
3366 4098 3581 4169 ἀξίωμα
3606 4140 3619 4163 ,
3640 4098 3883 4167 λέγοντα⁶

2310 4206 2329 4239 ι
2362 4189 2431 4240 Oi
2465 4189 2672 4242 ἄνωθεν
2694 4190 3003 4261 ἐρχόμενοι,
3035 4190 3219 4244 ἐπάνω
3249 4190 3465 4243 πάντων
3493 4189 3649 4244 είσίν.
3687 4209 3706 4242 ι
3746 4189 3885 4242 Ἀλλ’

2302 4275 2446 4333 οἶδεν
2491 4281 2570 4333 ἑνὶ
2602 4282 2679 4351 τῷ
2711 4281 2826 4352 Υίῷ
2850 4282 2912 4335 τὸ
2960 4285 3109 4353 ῥῆμα
3143 4281 3617 4354 χρεωστούμενον,
3668 4282 3745 4345 ὡς
3790 4282 3888 4346 τῆς

2302 4370 2561 4424 ἀνωτάτω
2600 4372 2755 4442 ῥίζης
2788 4373 3140 4441 ἐκπεφυκότι.
3175 4373 3289 4425 Οὐκ
3331 4372 3438 4442 ἄρα
3474 4370 3536 4425 τὸ
3570 4389 3589 4422 ι
3628 4370 3836 4423 ἀνωθεν
3865 4388 3884 4419 ι

2231 4492 2276 4547 D
2306 4460 2559 4529 σημαίνει
2588 4460 2646 4514 τὸ
2683 4479 2701 4510 ι
2739 4458 2798 4523 ἐξ
2825 4460 3077 4531 οὐρανοῦ’
3126 4480 3145 4512 ι
3180 4460 3502 4530 νοηθήσεται
3530 4459 3608 4526 δὲ,
3636 4458 3890 4529 καθάπερ

2304 4549 2404 4620 ἤδη
2442 4550 2794 4621 προείπομεν,
2829 4552 3066 4616 εὐσεϐῶς
3090 4570 3149 4605 τε
3192 4552 3286 4605 καὶ
3326 4550 3561 4623 ἀληθῶς.
3613 4551 3738 4614 Πῶς
3778 4550 3890 4620 γὰρ

2303 4642 2438 4705 ὅλως
2471 4642 2623 4695 ἔσται
2652 4643 2745 4695 καὶ
2770 4644 2956 4697 ἐπάνω
2995 4646 3236 4709 πάντων,
3268 4646 3315 4696 εί
3354 4643 3429 4713 μὴ
3466 4642 3526 4694 τὸ
3568 4641 3634 4695 ὲκ
3673 4641 3890 4711 Πατρδς

2306 4731 2559 4802 σημαίνει
2589 4733 2649 4785 τὸ
2687 4750 2707 4784 ι
2751 4734 2976 4799 ἀνωθεν,
3011 4754 3028 4784 ι
3063 4734 3199 4788 ἀλλά
3224 4733 3423 4805 μᾶλλον
3442 4733 3503 4786 τδ
3524 4733 3582 4799 ἐξ
3616 4731 3886 4803 οὐρανοῦ;

2310 4824 2502 4877 Ἔσται
2532 4823 2661 4895 γὰρ,
2690 4824 2757 4878 ἂν
2780 4825 2954 4889 οὑτως
2977 4826 3093 4898 ἔχῃ,
3121 4827 3212 4879 καὶ
3245 4826 3474 4888 ἕκαστος
3500 4824 3611 4877 τῶν
3637 4824 3888 4891 ἀγγέλων

2307 4913 2494 4967 ὲπάνω
2541 4916 2779 4979 πάντων,
2821 4916 2897 4980 ὡς
2942 4918 3150 4970 ἐκεῖθεν
3193 4916 3506 4986 ἐρχόμενος·
3558 4914 3794 4968 ἑκάστου
3829 4913 3887 4967 δὲ

2304 5004 2687 5075 διαφεύγοντος
2736 5007 2797 5060 τὸ
2852 5009 3264 5080 ὲναριθμεῖσθαι
3325 5012 3438 5073 τοῖς
3502 5009 3669 5061 πᾶσιν
3698 5047 3713 5072 ,
3777 5007 3887 5060 ἀπο

2303 5096 2464 5150 τίνων
2494 5097 2575 5151 ἔτι
2609 5098 2669 5152 τό
2709 5119 2728 5151 ι
2760 5100 2939 5153 πάντα
2981 5121 2999 5143 ι
3048 5100 3480 5170 συναχθήσεταις
3514 5101 3583 5153 Ἦ
3621 5098 3739 5163 πῶς
3762 5100 3829 5151 ἂν
3858 5100 3885 5149 ό

2302 5187 2395 5241 τοῦ
2423 5208 2441 5240 ι
2480 5190 2656 5244 πάντα
2693 5210 2711 5242 ι
2758 5191 2916 5257 λόγος
2964 5192 3220 5263 ἀκέραιος
3252 5191 3559 5261 διαμείναι,
3604 5190 3879 5252 διασὼζων

2302 5279 2565 5350 ἀκριϐῶς,
2605 5281 2636 5334 ὃ
2674 5283 2962 5353 σημαίνειν
3003 5284 3273 5353 βούλεται,
3321 5280 3588 5350 τοσαύτης
3640 5279 3871 5347 ἀγγέλων

2300 5370 2687 5443 ἁποφοιτώσης
2719 5373 2980 5444 πληθύος,
3011 5375 3104 5428 καὶ
3132 5393 3202 5427 πα
3214 5372 3518 5443 ραλυούσης
3548 5369 3644 5423 τοῦ
3688 5388 3709 5421 ι
3749 5369 3879 5421 πάν·

2298 5476 2366 5512 τα
2400 5478 2419 5512 ι
2461 5460 2554 5513 τὸν
2584 5462 2741 5532 ὅρον;
2774 5464 2973 5518 Οὐκέτι
2998 5464 3104 5534 γὰρ
3160 5463 3356 5526 πάντα,
3398 5463 3668 5533 μενόντων
3704 5456 3897 5518 ὲκτδςο’

2297 5549 2459 5619 οἵπερ
2493 5545 2634 5622 ἦσαν
2667 5554 2725 5606 ὲν
2772 5556 2958 5610 πᾶσιν.
3020 5554 3079 5605 Ὀ
3126 5553 3179 5606 δέ
3228 5570 3290 5621 γε
3336 5552 3592 5623 ἀρρήτως
3640 5551 3705 5604 ὲκ
3741 5541 3867 5600 Θεοῦ
