4118 6564
289 441 393 499 269

1364 440 1429 497 lN
1454 439 1740 498 JOANNIS
1763 434 2204 497 EVANGELIUM
2230 428 2372 496 "Lm.
2412 434 2475 497 ιι.

3437 446 3543 504 270

289 557 500 628 Πατρὸς
538 548 848 629 διαλάμψας
878 557 1057 627 λόγος,
1091 558 1401 622 ἰδιάζουσαν
1430 559 1569 629 ἔχων
1596 559 1696 629 τὴν
1718 558 1846 612 am.

1968 556 2079 613 Deo
2099 554 2260 611 Patre
2284 555 2507 625 effulsit,
2528 557 2858 627 peculiarem
2888 558 3101 615 habens
3130 559 3278 615 illam
3308 575 3542 632 superne

287 651 377 703 θεν
415 648 693 721 γέννησιν,
728 650 821 703 καὶ
852 650 1106 723 καθάπερ
1145 650 1252 704 ἀπὸ
1285 651 1467 723 πηγῆς
1494 650 1592 721 τῆς
1622 649 1717 703 τοῦ
1752 649 1865 703 Πα-

284 736 413 810 τρὸς
482 739 671 803 οὐσίας
737 739 1024 811 ὑπάρχων,
1080 740 1376 812 ἐρχόμενος
1439 740 1543 794 οὐκ
1617 739 1864 810 ἀδικήσει

284 831 362 895 τὸ,
400 831 602 898 πάντα,
622 831 685 883 τὸ
707 831 765 884 ἐν
787 833 953 886 πᾶσιν
969 818 1045 895 ὥς
1077 832 1245 905 μέρος
1270 831 1526 902 τετάχθαι
1551 830 1833 900 διαφυγών
1848 845 1861 859 ·

283 918 436 972 ἔσται
492 919 549 972 δὲ
595 920 797 990 μᾶλλον
848 920 1034 974 ἐπάνω
1087 922 1323 985 πάντων,
1377 921 1455 984 ὡς
1494 921 1681 992 ἕτερος
1732 919 1864 991 παρ’

282 1011 443 1076 αὐτὰ,
478 1008 575 1065 καὶ¹
615 1011 799 1082 φύσει,
838 1013 933 1066 καὶ
977 1012 1203 1083 δυνάμει
1242 1012 1556 1082 θεοπρεπεϊ,
1606 1011 1703 1065 καὶ
1752 1014 1866 1076 τοῖς

281 1105 464 1170 ἀλλοις
486 1106 579 1160 τοῦ
609 1108 965 1178 γεννήσαντος
989 1106 1292 1177 ίδιώμασιν.
1311 1105 1450 1159 Ἀλλ’
1468 1106 1653 1178 ἐροῦσι
1677 1105 1861 1176 τυχὸν,

279 1196 380 1260 τὰς
413 1200 479 1252 ἐκ
522 1200 624 1269 τῆς
663 1197 894 1269 ἐρεύνης
936 1199 1167 1261 ἀτοπίας
1194 1197 1625 1271 δυσωπούμενον
1665 1198 1729 1253 Εἰ
1763 1217 1861 1267 ση-

280 1289 466 1359 μαίνει
487 1289 549 1342 τὸ
577 1307 597 1341 ι
637 1288 843 1344 ἄνωθεν
891 1308 909 1342 ι
951 1290 1011 1344 τὸ
1043 1290 1108 1355 ἐξ
1138 1291 1404 1363 οὐρανῶν,
1428 1289 1535 1344 ἀπὸ
1579 1291 1681 1360 τῆς
1709 1291 1861 1344 ἐνού-

280 1384 384 1452 σης
409 1380 556 1453 αὐτῷ
576 1381 716 1435 κατά
748 1383 967 1437 πάντων
996 1384 1289 1454 ὑπεροχῆς.
1314 1382 1449 1455 Φέρε
1477 1383 1540 1455 δὴ
1562 1378 1675 1447 οῦν,
1701 1384 1860 1454 ἀκρι-

278 1470 539 1542 ϐέστερον
584 1471 971 1541 βασανίζοντες
1019 1471 1116 1525 τοῦ
1147 1472 1443 1544 λεγομένου
1476 1471 1575 1543 τὴν
1612 1470 1858 1542 δύναμιν,

279 1561 479 1632 ἴδωμεν
510 1562 669 1615 πάλιν
704 1565 783 1629 είς
812 1550 963 1617 ποῖον
992 1563 1177 1627 αὐτοῖς
1217 1563 1579 1636 καταστρέψει
1620 1563 1773 1626 τέλος
1798 1564 1860 1615 τὸ

275 1651 430 1720 ἐγχεῖ
438 1669 503 1721 ρη
512 1669 607 1721 μα.
638 1652 862 1723 Πρῶτον
883 1653 982 1724 μὲν
995 1648 1089 1708 οὖν
1109 1653 1321 1724 ἀμαθές
1348 1670 1406 1706 τε
1423 1652 1517 1706 καὶ
1544 1652 1859 1722 ἀδιανόητον

274 1743 495 1813 κομιδῇ,
541 1743 601 1796 τὸ
647 1743 809 1797 αὑτὸν
853 1745 918 1797 ἐκ
962 1743 1055 1797 τοῦ
1085 1744 1288 1797 οἰκείου
1327 1743 1507 1813 λέγειν
1550 1742 1859 1813 ἀξιώματος

274 1834 532 1904 ἔρχεσθαι
564 1835 655 1887 τὸν
677 1824 825 1900 Υῒὸν,
858 1837 951 1889 καὶ¹
976 1835 1166 1908 ὥσπερ
1187 1836 1296 1891 ἀπό
1323 1852 1468 1900 τινος
1491 1836 1680 1900 τόπου,
1709 1836 1741 1908 ἦ
1765 1836 1859 1890 καὶ

1970 648 2408 718 generationem,
2436 658 2489 704 et
2518 664 2582 704 ex
2614 648 2798 705 Patris
2836 652 3144 707 substantia
3184 660 3445 725 tanquam
3476 671 3541 709 ex

1969 739 2117 795 fonte
2162 750 2414 806 manans,
2443 742 2579 796 nihil
2610 742 2921 800 detrimenti
2980 745 3137 818 163
3168 747 3427 804 omnibus
3460 747 3543 802 af-

1970 831 2124 898 feret,
2161 839 2287 888 cut‘n
2320 834 2375 890 in
2414 834 2661 889 omnium
2717 846 2949 892 numero
2986 845 3247 910 tanquam
3288 854 3416 910 pars
3448 855 3543 895 eo-

1965 936 2089 975 rum
2128 936 2255 978 esse
2301 932 2579 993 nequeat:
2611 924 2704 978 sed
2745 926 2850 979 erit
2886 926 3069 995 potius
3108 942 3275 997 supra
3330 942 3536 993 omnia,

1966 1022 2225 1085 tanquam
2276 1015 2421 1071 aliud
2469 1017 2537 1071 ab
2568 1016 2727 1086 ipsis,
2760 1032 2881 1071 cum
2929 1029 3147 1084 natura,
3177 1031 3293 1076 tum
3336 1021 3540 1075 virtute

1964 1104 2171 1172 divina,
2192 1104 2428 1176 aliisque
2453 1107 2721 1175 genitoris
2744 1109 3192 1178 proprietatibus.
3213 1110 3320 1167 Sed
3345 1128 3539 1167 earum

1964 1195 2367 1253 absurditatum
2404 1199 2617 1268 pudore
2659 1199 2876 1257 confusi
2909 1200 3097 1256 forsan
3136 1202 3400 1271 objicient
3432 1224 3446 1260 :
3480 1203 3535 1257 Si

1970 1304 1987 1336 ι
2026 1284 2318 1341 desursum
2358 1304 2376 1338 ι
2417 1286 2558 1341 idem
2610 1298 2697 1343 est
2742 1302 2807 1343 ac
2856 1289 2921 1343 de
2974 1290 3144 1355 «celo,
3181 1304 3247 1345 ex
3292 1306 3359 1346 eo
3391 1294 3539 1363 quod

1962 1377 2236 1432 universis
2266 1377 2659 1447 supereminet,
2697 1379 2751 1433 id
2785 1380 3077 1452 signiﬁcat.
3116 1380 3361 1452 Agedum
3401 1398 3538 1455 ergo

1960 1468 2073 1523 vim
2121 1467 2270 1525 illius
2316 1467 2446 1523 dicti
2500 1472 2813 1524 accuratius
2862 1472 3282 1542 perpendentes,
3315 1490 3536 1530 rursum

1959 1559 2245 1615 videamus
2284 1572 2446 1631 quem
2495 1562 2700 1616 e‘xitum
2756 1562 2997 1618 habituri
3043 1565 3154 1619 sint
3205 1581 3395 1621 eorum
3438 1584 3535 1624 co-

1958 1656 2143 1705 natus.
2174 1649 2422 1706 Primum
2454 1652 2641 1723 itaque
2668 1653 2906 1724 imperiti
2955 1670 3021 1709 ac
3061 1657 3223 1726 plane
3266 1659 3536 1715 dementis
3606 1654 3611 1657 “

1957 1744 2043 1797 est
2074 1740 2279 1809 dicere,
2315 1741 2516 1797 Filium
2548 1745 2726 1814 ipsum
2763 1761 2794 1800 a
2830 1760 2926 1800 sua
2959 1748 3227 1817 dignitate
3251 1750 3455 1816 venire,
3480 1762 3536 1806 et

1960 1832 2110 1887 velut
2143 1838 2210 1887 ex
2240 1832 2423 1902 aliquo
2447 1832 2588 1899 loco,
2617 1834 2733 1887 sive
2761 1835 2927 1888 etiam
2952 1835 3097 1890 velut
3126 1851 3193 1892 ex
3224 1853 3331 1892 uno
3362 1854 3531 1894 unum

270 1923 353 1985 ὼς
380 1925 437 1989 ἐξ
460 1924 595 1988 ἐνὸς,
620 1923 715 1976 ἕνα
741 1924 832 1977 τὸν
861 1924 1024 1979 αὐτὸν
1052 1925 1117 1978 ἐκ
1144 1926 1245 1996 τῆς
1290 1925 1426 1988 ἰδίας
1460 1925 1735 1997 ὑπεροχῆς
1778 1927 1846 1989 είς

1958 1920 2209 1977 eumdem
2267 1936 2334 1977 ex
2384 1937 2483 1977 sua
2541 1923 2839 1977 eminentia
2877 1925 3085 1991 venire,
3125 1937 3183 1980 ut
3235 1930 3309 1983 sit
3363 1946 3532 2000 supra

268 2015 334 2067 τὸ
366 2016 551 2069 ἐπάνω
582 2015 799 2069 πάντων
824 2011 963 2070 εἶναι
1017 2015 1274 2086 βαδίζειν.
1316 2016 1463 2087 Πρὸς
1487 2016 1542 2069 δέ
1582 2032 1647 2085 γε
1678 2015 1854 2085 τούτῳ

269 2102 431 2171 κάγὼ
472 2102 745 2175 πυθοίμην
804 2104 871 2157 ἂν
921 2104 1113 2175 ἥδιστα
1158 2105 1278 2159 λίαν
1313 2104 1515 2171 αὐτῶν,
1554 2105 1653 2178 τὴν
1712 2106 1852 2158 κατά

275 2197 500 2248 πάντων
536 2195 811 2268 ὑπεροχὴν
836 2234 852 2258 ,
885 2195 1115 2267 πότερόν
1150 2214 1281 2250 ποτε
1325 2196 1589 2251 δώσουσιν
1620 2196 1850 2268 οὐσιώδη

264 2284 369 2335 καὶ
424 2285 792 2355 ἀναφαίρετον
853 2282 932 2354 τῷ
984 2283 1139 2355 Υίῷ,
1203 2285 1237 2356 ἢ
1296 2285 1852 2357 προσπεπορισμένην

264 2372 472 2438 ἔξωθεν
495 2375 637 2429 κατὰ
684 2374 843 2443 λόγον
886 2375 979 2429 τοῦ
1030 2376 1456 2447 συμϐεϐηκότος.
1499 2379 1561 2431 Εί
1615 2377 1715 2447 μὲν
1758 2373 1851 2431 οῦν

262 2466 563 2539 ἐπίκτητον
606 2467 750 2538 ἔχειν
800 2466 1016 2539 ἐροῦσιν
1054 2468 1216 2523 αὐτὸν
1272 2468 1370 2540 τὴν
1421 2469 1715 2541 ὑπεροχὴν,
1756 2471 1851 2523 καὶ

259 2557 529 2621 ἐπακτοῖς
590 2558 1042 2629 ἐπισεμνύνεσθαι
1089 2561 1203 2622 τοῖς
1263 2557 1589 2630 ἀξιώμασιν,
1635 2561 1849 2628 ἀνάγκὴ

259 2649 693 2720 προσομολογεὼ
720 2649 925 2722 ἔρημόν
952 2667 1083 2703 ποτε
1114 2650 1272 2719 δόξης
1304 2648 1441 2704 εῖναι
1470 2650 1729 2704 δύνασθαι
1757 2652 1848 2704 τὸν

258 2739 571 2809 Μονογενῆ,
620 2741 716 2795 καὶ
758 2742 858 2813 τὴν
895 2742 1215 2812 ἐπίκτητον,
1273 2741 1349 2803 ὡς
1400 2742 1600 2795 ἐκεῖνοί
1658 2756 1843 2811 φασιν,

254 2830 635 2885 ἀποδύσασθαι
660 2831 840 2903 χάριν,
865 2832 960 2885 καὶ
990 2832 1053 2884 τὸ
1093 2830 1278 2886 ἐπάνω
1316 2832 1534 2886 πάντων
1567 2827 1706 2887 εἶναι
1752 2832 1847 2903 ζη-

256 2921 563 2990 μιωθέντα,
612 2922 901 2992 φαίνεσθαι
930 2922 1135 2993 γυμνὸν
1159 2911 1247 2993 ’ἦς
1300 2922 1425 2993 ἄρτι
1476 2922 1846 2992 θαυμάζουσιν

254 3013 559 3082 ὑπεροχῆς,
582 3013 739 3084 εἴπερ
776 3014 897 3066 ἐστὶ
922 3013 983 3067 τὸ
1028 3012 1377 3084 συμϐεϐηκὸς
1398 3012 1727 3082 ἀπόϐλητον,
1757 3013 1845 3067 ὅτε

255 3102 339 3171 μὴ
357 3102 456 3172 τῆς
467 3101 655 3165 οὐσίας
673 3101 907 3156 ἅπτεται
922 3101 1017 3155 τοῦ
1031 3101 1412 3172 ὑποκειμένου·
1423 3101 1615 3153 Ἔσται
1626 3117 1846 3171 τοιγαρο

251 3191 359 3244 οὖν
391 3191 665 3262 μεταϐολὴ
708 3192 804 3245 καὶ
841 3191 1127 3255 ἀλλοίωσις
1150 3191 1280 3262 περὶ
1310 3190 1401 3245 τὸν
1422 3191 1569 3244 Υίόν·
1600 3190 1698 3245 καὶ
1727 3190 1844 3243 δια-

1954 2013 2161 2067 omnia.
2192 2012 2454 2069 Praeterea
2478 2022 2580 2085 ego
2615 2015 2813 2070 lubens
2844 2015 2914 2070 ab
2936 2017 3070 2087 ipsis
3102 2019 3312 2088 petiero
3345 2029 3530 2075 utrum

1955 2097 2108 2152 illam
2160 2114 2331 2169 supra
2389 2103 2573 2155 omnia
2605 2102 2959 2158 eminentiam
2991 2105 3171 2160 daturi
3228 2109 3343 2164 sint
3396 2111 3533 2166 sub-

1953 2189 2291 2254 stantialem,
2327 2200 2381 2246 et
2421 2206 2543 2261 quae
2599 2191 2799 2248 auferri
2859 2209 2969 2249 non
3026 2197 3201 2265 possit
3244 2196 3405 2263 Filio,
3458 2214 3530 2255 an

1953 2279 2127 2336 instar
2181 2280 2480 2338 accidentis
2536 2285 2885 2340 extrinsecus
2946 2287 3240 2343 invectam.
3286 2286 3345 2345 Si
3397 2305 3531 2363 ergo

1951 2370 2186 2425 ascititia
2216 2371 2503 2441 praeditum
2534 2372 2714 2443 ipsum
2756 2390 2879 2429 esse
2906 2375 3101 2443 dicent
3127 2378 3445 2445 eminentia,
3472 2390 3531 2436 et

1950 2460 2266 2517 adventitiis
2311 2462 2617 2519 honoribus
2654 2464 2902 2533 gloriari,
2936 2480 3164 2523 necesse
3214 2470 3324 2526 erit
3364 2486 3528 2541 porro

1951 2549 2107 2608 fateri
2140 2551 2499 2623 Uni'genilum
2560 2555 2732 2624 gloria
2760 2557 3093 2628 quandoque
3121 2574 3283 2629 posse
3312 2576 3526 2625 carere.

1948 2649 2003 2696 et
2035 2643 2384 2712 acquisitam,
2419 2652 2480 2699 ut
2516 2646 2619 2715 ipsi
2672 2646 2999 2716 loquuntur,
3028 2664 3235 2707 exuere
3263 2650 3523 2721 gratiam,

1946 2740 2001 2787 et
2034 2733 2126 2787 illa
2163 2735 2483 2791 excellentia
2519 2752 2685 2807 supra
2717 2752 2805 2793 res
2839 2754 3031 2795 omnes
3085 2741 3361 2807 orbatum,
3398 2759 3529 2813 spo-

1950 2824 2069 2879 liari
2091 2838 2156 2881 ea
2184 2839 2348 2895 quam
2375 2826 2536 2882 modo
2575 2828 2847 2884 mirantur
2880 2832 3523 2903 excellentia,siquidem

1948 2915 2205 2972 accidens
2238 2917 2417 2971 amitti
2462 2926 2644 2986 potest
2679 2920 2904 2989 quando
2935 2936 2965 2975 e
3000 2924 3235 2991 subjecti
3285 2939 3393 2979 non
3425 2924 3524 2979 de-

1945 3005 2147 3076 pendet
2180 3008 2441 3062 essentia.
2487 3006 2715 3061 Mutatio
2757 3008 2927 3078 igitur
2971 3016 3026 3063 et
3077 3009 3330 3066 alteratio
3362 3012 3525 3067 cadet

1947 3098 2001 3151 in
2046 3094 2265 3162 Filium,
2297 3104 2354 3151 ct
2394 3098 2657 3152 mentitur
2680 3096 2975 3153 Psalmista
3017 3100 3149 3154 dum
3195 3103 3350 3157 vanis
3396 3119 3522 3158 eum

1946 3196 2111 3242 ornat
2141 3188 2397 3243 laudibus
2422 3190 2475 3242 iu
2521 3188 2668 3242 hunc
2703 3187 2924 3242 modum
2959 3207 2972 3242 :
3011 3208 3030 3239 ι
3072 3190 3211 3245 (ἴαιιί
3240 3194 3518 3261 peribunt,

247 3259 521 3349 ψεύσεται
564 3259 664 3349 μέν
697 3279 927 3344 είκαίοις
966 3279 1130 3334 αὑτὸν
1176 3259 1506 3349 ἀναμέλπων
1546 3280 1785 3352 ῥήμασιν
1812 3280 1841 3331 ὁ

1948 3285 2004 3333 ιιι
2043 3286 2225 3334 autem
2260 3292 2572 3348 permanes,
2611 3285 2667 3334 et
2703 3294 2896 3334 omnes
2944 3280 3091 3333 sicut
3132 3284 3521 3338 vestimentum

248 3370 535 3438 Μελῳδός·
570 3388 589 3423 ι
614 3367 679 3424 Οί
700 3370 923 3441 οὐρανοὶ
960 3370 1305 3436 ἀπολοῦνται,
1346 3370 1410 3423 σὺ
1432 3370 1491 3424 δὲ
1540 3369 1836 3441 διαμένεις,

248 3463 356 3515 καὶ
398 3462 599 3527 πάντες
646 3463 722 3525 ὡς
763 3462 976 3533 ἱμάτιον
1024 3461 1522 3533 παλαιωθήσονται,
1569 3461 1664 3515 καὶ
1708 3463 1841 3515 ὡσεὶ

250 3548 607 3619 περιϐόλαιον
650 3549 845 3616 ἑλίξεις
883 3550 1101 3614 αὐτοὺς,
1148 3552 1244 3604 καὶ
1294 3551 1693 3621 ἀλλαγήσονται
1725 3569 1743 3583 ·
1775 3553 1839 3605 σὺ

246 3641 309 3695 δὲ
344 3643 378 3694 ὁ
401 3641 566 3705 αὐτὸς
592 3638 661 3706 εἴ,
690 3644 785 3697 καὶ
810 3642 881 3696 τὰ
925 3642 1021 3714 ἐτη
1051 3661 1146 3697 σου
1176 3644 1277 3697 οὐκ
1300 3643 1626 3713 ἐκλείψουσι.
1673 3662 1693 3695 ι
1727 3643 1838 3697 Ποῦ

247 3731 372 3801 γὰρ
398 3733 427 3783 ό
452 3730 635 3797 αὐτὸς,
673 3733 721 3784 εί
750 3731 1080 3802 μεταπίπτει
1113 3733 1210 3786 σὺν
1234 3733 1388 3803 ἡμῖν,
1413 3732 1508 3786 καὶ
1536 3732 1694 3786 τοῦτο
1716 3734 1840 3797 ταῖς

250 3823 340 3884 είς
392 3821 462 3873 τὰ
495 3821 666 3891 χείρω
707 3821 1032 3890 μεταϐολαῖς
1062 3841 1076 3888 ;
1110 3823 1305 3894 Μάτην
1340 3823 1419 3886 δέ,
1449 3823 1525 3887 ὡς
1547 3824 1711 3887 είκὸς,
1743 3824 1838 3877 καὶ

248 3910 425 3972 αὐτὸς
466 3911 550 3978 ἐφ’
599 3910 776 3979 ἑαυτῴ
818 3910 1291 3981 κατασεμνύνεται
1339 3911 1533 3981 λέγων’
1592 3932 1609 3963 ι
1644 3912 1833 3975 Ἴδετε,

246 4001 420 4065 ίδετε,
448 4000 528 4053 ὅτι
558 3998 668 4069 ἐγώ
688 4001 825 4069 είμι,
862 4000 957 4055 καὶ
995 4002 1095 4055 οὐκ
1119 4001 1235 4055 ἐστι
1266 4002 1397 4065 Θεὸς
1439 4002 1577 4073 πλὴν
1610 4002 1766 4074 ἐμοῦ.
1810 4022 1829 4053 ι

245 4090 385 4155 Πῶς
422 4092 479 4145 δὲ
514 4092 635 4163 οὐχὶ
662 4094 759 4145 καὶ
797 4094 879 4157 είς
928 4094 1088 4148 αὐτὸν
1128 4095 1461 4167 ἀναϐήσεται
1496 4098 1589 4150 τὸν
1620 4099 1837 4169 Πατέρα

244 4183 321 4237 τὰ
357 4184 452 4237 τοῦ
481 4185 823 4255 Γεννήματπ
863 4186 1036 4256 πάθη,
1086 4188 1377 4260 χαρακτὴρ
1412 4188 1569 4260 εἴπερ
1593 4190 1711 4243 ἐστὶ
1743 4190 1838 4242 καὶ

242 4274 426 4329 είκὼν
461 4276 879 4347 ἀπαράλλακτος
910 4278 1117 4344 αὐτοῦ;
1173 4281 1365 4333 Ἔσται
1397 4278 1461 4350 δὴ
1498 4273 1591 4332 οὖν
1612 4279 1838 4333 ἀλλοιω-

240 4367 347 4429 τὸς
387 4368 484 4435 μὲν
511 4369 643 4437 ἡμῖν
683 4370 711 4420 ὁ
739 4368 870 4431 Θεὸς
918 4371 1012 4422 καὶ
1066 4369 1276 4440 Πατὴρ,
1300 4369 1412 4439 ἔχει
1441 4369 1496 4422 δὲ
1535 4384 1839 4440 προσγεγο-

244 4461 430 4522 νότως
483 4460 583 4529 τὴν
625 4460 766 4514 κατὰ
802 4461 1019 4514 πάντων
1060 4460 1353 4532 ὑπεροχὴν,
1395 4461 1491 4514 καὶ¹
1541 4460 1729 4513 σιωπῶ
1776 4460 1838 4512 τὸ

245 4552 599 4620 λειπόμενον.
633 4552 989 4606 Οίκειὼσεται
1040 4553 1151 4623 γὰρ
1181 4552 1258 4616 ὼς
1297 4554 1355 4618 ἐξ
1385 4552 1630 4621 ἀνάγκης
1677 4551 1746 4604 τὰ
1774 4553 1833 4637 ἐν
1866 4583 1910 4637 D

242 4643 317 4711 τῇ
371 4640 540 4693 είκόνι
592 4639 654 4693 τὸ
694 4641 1018 4711 ἀρχέτυπον.
1066 4640 1205 4693 Ἀλλ’
1252 4639 1547 4710 ἐπίκτητον
1594 4639 1693 4709 μὲν
1733 4635 1835 4690 οὐκ

244 4730 481 4803 ἐροῦσιν
508 4731 651 4801 ἔχειν
674 4732 835 4784 αὑτὸν
866 4733 963 4803 τὴν
990 4731 1264 4802 ὑπεροχὴν
1290 4730 1426 4800 πρὸς
1455 4729 1554 4793 τὰς
1583 4726 1836 4791 τοιαύτας

240 4821 369 4876 τῶν
424 4821 698 4892 λογισμῶν
752 4822 1066 4894 δυσχερείας
1127 4838 1186 4873 τε
1240 4820 1377 4891 ὁμοῦ
1448 4819 1543 4872 καὶ
1605 4818 1838 4879 ἀτοπίας

241 4913 704 4984 ἀποφρίττοντες,
738 4913 969 4983 ούσιώδη
992 4914 1049 4966 δὲ
1090 4912 1288 4984 μᾶλλον
1325 4912 1419 4964 καὶ
1453 4910 1833 4980 ἀναφαίρετον.

242 5002 394 5059 Εἶτα
414 5004 597 5069 πάλιν,
616 4997 662 5057 ὦ
693 5004 980 5074 βέλτιστοι,
1012 5004 1129 5067 πῶς
1154 5005 1285 5074 ἡμῖν
1312 5003 1373 5056 οὐ
1406 5003 1700 5073 συνερεῖτε,
1733 5000 1833 5054 καὶ

242 5096 505 5160 ἄκοντες,
528 5096 609 5148 ὅτι
634 5095 767 5159 Θεὸς
798 5095 939 5148 κατά
965 5096 1125 5163 φύσιν
1148 5095 1403 5163 ὑπάρχων
1423 5095 1452 5146 δ
1483 5092 1610 5155 Υίὸς
1647 5091 1831 5145 ἐπάνω

243 5187 478 5240 πάντων
500 5187 644 5250 ἐστὶ,
672 5186 760 5239 διὰ
776 5186 934 5240 τοῦτο
959 5186 1055 5239 καὶ
1082 5188 1145 5238 ἐκ
1176 5185 1343 5255 μόνης
1375 5183 1589 5254 ἔρχεται
1613 5181 1712 5252 τῆς
1737 5183 1831 5235 οὐ·

244 5278 383 5340 σίας
411 5276 505 5330 τοῦ
528 5276 663 5331 Θεοῦ
711 5278 807 5330 καὶ
834 5277 1047 5346 Πατρός
1077 5293 1091 5340 ;
1124 5276 1186 5328 Ei
1228 5276 1337 5345 γὰρ
1363 5274 1515 5328 οὐδέν
1562 5275 1676 5327 ἐστι
1721 5273 1833 5327 τῶν

242 5367 523 5439 γενητῶν,
544 5368 573 5421 δ
587 5368 662 5438 μὴ
682 5370 746 5438 τῇ
767 5366 860 5420 τοῦ
886 5367 1084 5429 παντὸς
1104 5366 1328 5437 δυνάμει
1351 5365 1827 5436 περισχοινίζεται,

241 5462 444 5516 ἐπάνω
472 5461 528 5514 δὲ
573 5460 790 5515 πάντων
827 5461 975 5514 ἐστὶν
1023 5462 1050 5512 ὁ
1078 5460 1222 5525 Υἱὸς,
1262 5460 1338 5521 ὡς
1384 5458 1569 5529 ἕτερος
1593 5457 1830 5528 δηλονότι

242 5551 409 5623 παρὰ
446 5554 648 5617 πάντα,
691 5556 784 5606 καὶ
836 5551 1065 5622 οὐσιώδη
1106 5552 1247 5605 κατὰ
1288 5550 1503 5604 πάντων
1550 5549 1689 5619 ἔχων
1732 5549 1830 5618 τὴν

241 5645 557 5715 ὑπεροχὴν,
587 5645 681 5698 καὶ
712 5645 809 5714 οὐχ
831 5648 859 5697 ό
881 5643 1041 5706 αὐτὸς
1067 5641 1209 5696 κατά
1235 5642 1399 5711 φύσιν
1420 5640 1678 5710 ὑπάρχων
1718 5639 1830 5701 τοῖς

325 5826 379 5860 ⁸³
403 5824 551 5879 Psal.
581 5840 658 5889 ct,
695 5824 784 5890 ‘27,
815 5825 906 5878 98.
1009 5826 1050 5855 ³³
1077 5824 1183 5878 lsa.
1211 5838 1331 5889 xu,
1355 5824 1407 5877 5.

1496 5821 1740 5876 "lCor.
1779 5837 1851 5884 xi,
1890 5820 1941 5875 Ἰ.

1945 3376 2313 3435 veterascent,
2340 3377 2395 3422 et
2421 3369 2567 3424 sicut
2590 3369 2932 3438 opertorium
2958 3369 3145 3425 volves
3175 3385 3293 3437 eos,
3315 3381 3368 3427 et
3395 3388 3520 3427 mu-

1945 3462 2208 3517 tabuntur
2237 3479 2253 3518 :
2283 3468 2339 3514 tu
2381 3468 2565 3516 autem
2597 3460 2740 3515 idem
2774 3476 2857 3522 es,
2886 3468 2940 3515 et
2969 3463 3098 3517 anni
3134 3464 3212 3517 tui
3243 3479 3354 3518 non
3380 3465 3521 3520 deli-

1943 3552 2090 3608 cient
2123 3552 2189 3608 ³³.
2229 3572 2247 3605 ι
2292 3552 2579 3620 Quomodo
2628 3551 2775 3606 enim
2822 3552 2963 3606 idem
3007 3553 3133 3617 erit,
3180 3553 3226 3607 si
3277 3554 3521 3609 concidit

1944 3643 2254 3709 nobiscum,
2278 3644 2444 3714 idque
2473 3642 2875 3697 mutationibus
2910 3642 2965 3696 in
2986 3641 3266 3698 deterius?
3290 3642 3520 3701 Frustra

1942 3743 2151 3799 autem,
2178 3742 2238 3787 ιιι
2268 3740 2512 3803 apparet,
2554 3732 2621 3787 de
2664 3748 2722 3788 se
2750 3733 2916 3787 etiam
2957 3732 3072 3801 ipse
3109 3734 3396 3802 gloriatur,
3430 3735 3517 3789 di-

1943 3842 2117 3881 cens:
2152 3844 2171 3878 ‹
2209 3824 2422 3889 Videte,
2465 3824 2667 3888 videte,
2698 3824 2824 3894 quia
2869 3838 2972 3894 ego
3018 3839 3164 3890 sum,
3201 3832 3255 3880 et
3288 3840 3396 3878 non
3432 3834 3517 3880 est

1945 3917 2089 3975 Deus
2113 3925 2312 3988 praeter
2334 3932 2419 3972 me
2440 3915 2506 3970 ⁸⁸.
2550 3936 2568 3969 ι
2605 3914 2897 3983 Quomodo
2933 3931 3062 3970 vero
3094 3931 3201 3971 non
3232 3919 3296 3969 ad
3334 3918 3514 3987 ipsum

1942 4023 2162 4079 quoque
2188 4008 2403 4063 Patrem
2432 4006 2558 4064 Filii
2593 4005 2929 4062 mutationes
2951 4007 3324 4075 pertinebunt,
3344 4009 3519 4077 siqui-

1940 4102 2063 4155 dem
2106 4109 2193 4155 est
2212 4099 2502 4154 character
2523 4106 2578 4154 et
2610 4097 2792 4168 imago
2828 4096 2950 4165 ejus
2995 4112 3093 4165 per
3132 4098 3313 4151 omnia
3361 4099 3515 4151 simi-

1943 4190 2009 4245 lis
2037 4190 2120 4244 "?
2144 4188 2260 4244 Erit
2293 4187 2466 4258 igitur
2495 4186 2780 4242 mutabilis
2802 4187 2962 4241 nobis
2996 4185 3138 4240 Deus
3162 4201 3224 4241 ac
3249 4184 3429 4249 Pater,
3457 4194 3515 4239 et

1941 4282 2292 4337 adventitiam
2317 4279 2541 4335 habebit
2570 4292 2736 4349 supra
2758 4292 2847 4333 res
2871 4292 3064 4333 omnes
3086 4277 3468 4332 excellentiam
3495 4297 3510 4332 :

1943 4374 2152 4441 reliqua
2180 4379 2358 4426 taceo.
2382 4370 2674 4439 Exemplar
2697 4368 2901 4438 quippe
2928 4367 3033 4422 sibi
3063 4381 3183 4437 qua
3212 4374 3339 4421 sunt
3372 4368 3516 4420 ima-

1941 4462 2085 4532 ginis
2114 4457 2429 4515 necessario
2471 4457 2798 4512 vindicabit.
2827 4454 2934 4511 Sed
2967 4462 3242 4510 tantarum
3274 4455 3515 4526 indigni-

1941 4559 2113 4606 tatum
2146 4556 2201 4605 et
2229 4547 2633 4603 absurditatum
2667 4546 2899 4600 horrore
2938 4543 3068 4598 tacti
3102 4541 3516 4613 respondebunt

1939 4640 2230 4697 ascititiam
2257 4640 2308 4694 ei
2344 4650 2453 4692 non
2491 4650 2618 4692 esse
2644 4635 3024 4699 eminentiam,
3052 4633 3148 4689 sed
3169 4632 3512 4690 substantia-

1934 4732 2038 4785 lem
2098 4728 2310 4799 potius,
2334 4740 2458 4798 quae
2497 4724 2702 4780 auferri
2752 4730 3013 4793 nequeat.
3044 4720 3269 4783 Verum,
3294 4729 3328 4775 0
3360 4722 3509 4783 boni,

1935 4820 2211 4891 quomodo
2239 4818 2534 4873 nobiscum
2556 4817 2640 4872 vel
2673 4816 2831 4888 16h
2859 4814 3014 4871 inviti
3035 4828 3147 4868 non
3177 4812 3508 4874 fatebimiui.

1933 4911 2160 4979 Filium,
2185 4925 2314 4966 cum
2358 4909 2507 4964 Deus
2554 4908 2628 4963 sit
2672 4907 2975 4963 secundum
3014 4912 3294 4966 naturam,
3340 4916 3512 4970 supra

1936 5006 2122 5063 omnia
2167 5017 2317 5069 esse,
2362 4999 2597 5070 ideoque
2641 5014 2710 5053 ex
2756 4999 2875 5052 sola
2910 4995 3002 5051 Dei
3051 5010 3117 5050 ac
3168 4993 3350 5047 Patris
3381 4992 3516 5047 sub-

1939 5098 2142 5154 stantia
2172 5092 2509 5166 procedere?
2530 5090 2666 5144 Nam
2696 5090 2742 5144 si
2774 5087 2915 5143 nihil
2954 5094 3041 5141 est
3067 5090 3313 5139 creatum
3361 5082 3512 5152 quod

1938 5189 2183 5246 universi
2212 5187 2432 5243 ratione
2466 5192 2521 5239 et
2566 5182 2877 5255 significatu
2923 5194 3033 5234 non
3072 5175 3511 5245 constringatur,

1936 5293 2103 5349 supra
2139 5276 2396 5332 universa
2426 5281 2610 5329 autem
2640 5281 2726 5327 est
2755 5269 2949 5331 Filius,
2988 5274 3047 5320 ιιι
3078 5265 3220 5319 alius
3248 5265 3511 5319 nimirum

1939 5367 2009 5422 ab
2041 5364 2312 5425 universis
2347 5372 2403 5420 et
2442 5360 2791 5418 substantiali
2844 5369 3009 5427 supra
3063 5352 3317 5408 universa
3367 5352 3509 5407 emi-

1938 5456 2124 5512 nentia
2181 5454 2463 5527 praeditus,
2519 5465 2620 5506 nec
2666 5449 2810 5503 idem
2870 5444 3149 5501 exsistens
3200 5440 3508 5498 secundum

1936 5553 2189 5601 naturam
2223 5560 2348 5601 cum
2376 5541 2674 5606 universis,
2703 5536 2981 5609 quomodo
3013 5549 3124 5591 non
3156 5533 3262 5588 erit
3286 5530 3505 5586 tandem

1928 5638 2083 5695 Deus
2124 5637 2318 5695 verus?
2348 5634 2450 5701 Qui
2481 5634 2626 5687 enim
2657 5637 2810 5685 extra
2843 5634 3222 5683 creaturarum
3256 5618 3507 5676 multitu-
