4118 6576
547 421 647 475 2⁸2⁸1

1541 408 1600 461 S.
1632 403 1902 459 CYRlLLl
1940 397 2411 457 ALEXANDBINI
2449 397 2767 454 ARCHIEP.

3700 397 3805 454 272

550 530 734 593 (linem
782 523 1213 583 substantialiter
1256 528 1338 576 est
1371 520 1610 590 positus,
1642 534 1746 574 nec
1788 528 1981 573 natura
2025 532 2124 573 sua

2232 519 2380 581 πᾶσι,
2418 516 2532 580 πῶς
2556 517 2658 570 οὐκ
2690 515 2755 570 ἂν
2784 516 2867 587 εἴη
2912 515 3094 570 λοιπὸν
3119 514 3249 579 Θεὸς
3290 515 3578 585 άληθινός;
3615 516 3675 571 '0
3698 518 3804 589 γὰρ

551 628 732 694 potest
773 621 828 675 in
862 633 1048 673 earum
1093 613 1285 670 ordine
1337 611 1623 677 collocari,
1654 610 1916 681 quidnam
1975 608 2121 663 aliud

551 716 770 772 demum
818 712 923 765 erit
965 708 1065 763 nisi
1108 704 1283 763 Deus?
1322 703 1468 758 Nihil
1515 702 1720 773 quippe
1773 700 2123 770 interjectum

552 808 818 869 videmus,
855 808 1119 873 quantum
1152 798 1220 853 ad
1271 796 1626 852 subsistentis
1665 795 1921 851 essentia:
1955 793 2123 847 ratio-

554 915 676 961 nem
726 896 939 951 attinet.
964 891 1229 947 Creatura
1276 890 1421 944 enim
1462 888 1691 958 imperio
1726 886 1995 955 subjacel,
2031 900 2125 940 su-

552 1007 757 1063 praque
818 1003 939 1044 eam
991 985 1207 1056 positus
1260 980 1407 1037 Deus
1460 978 1806 1048 intelligitur.
1848 975 2020 1046 igitur
2076 972 2124 1027 si

552 1084 694 1139 Deus
731 1079 1036 1137 secundum
1080 1086 1336 1130 naturam
1376 1080 1459 1128 est
1490 1070 1688 1136 Filius,
1726 1077 1781 1121 et
1817 1083 1883 1123 ex
1920 1065 2028 1121 Deo
2061 1078 2126 1118 ac

551 1174 711 1243 Patre
770 1169 1119 1226 ineﬂ‘abiliter
1172 1173 1255 1221 est
1287 1164 1526 1235 genitus,
1574 1158 1840 1231 genitoris
1872 1164 2122 1210 naturam

553 1266 647 1320 illa
696 1278 802 1317 vox
850 1279 869 1312 ι
914 1261 1204 1315 desursum
1248 1275 1265 1306 ι
1310 1253 1614 1325 signiﬁcat,
1672 1250 1904 1315 ideoque
1961 1258 2125 1313 supra

555 1356 810 1409 universa
841 1360 926 1408 est
952 1350 1299 1421 Unigenitus,
1325 1345 1558 1399 maxime
1588 1356 1711 1397 cum
1747 1354 1813 1394 ex
1852 1337 1972 1407 ipsa
2006 1349 2128 1389 esse

552 1447 823 1500 videatur.

624 1535 714 1601 ΙΙΙ,
751 1536 837 1590 51.
880 1532 981 1597 Qui
1003 1539 1080 1587 est
1113 1530 1176 1584 de
1206 1538 1370 1592 terra,
1406 1526 1468 1580 de
1497 1535 1639 1577 terra
1674 1532 1776 1587 est,
1805 1531 1851 1576 et
1886 1521 1949 1575 de
1984 1531 2127 1575 terra

552 1628 801 1697 loquitur.

621 1717 742 1772 Non
781 1714 968 1772 eadem
1000 1721 1086 1769 est
1115 1708 1482 1783 persuadendi
1508 1708 1591 1763 vis
1619 1716 1674 1761 et
1700 1706 1934 1760 facultas
1958 1702 2125 1758 terri-

553 1826 724 1882 genae,
761 1823 885 1882 qua:
921 1820 1178 1877 supremo
1208 1803 1453 1859 universi
1496 1802 1627 1854 Deo.
1659 1799 1929 1867 Loquitur
1978 1796 2123 1850 enim

552 1879 619 1959 de
653 1879 821 1969 terra,
850 1914 957 1970 qua
992 1899 1180 1961 homo,
1212 1904 1267 1951 et
1315 1892 1646 1951 consultoris
1692 1891 1874 1949 locum
1909 1895 2123 1942 tantum

553 1995 787 2059 obtinet,
834 1999 979 2046 totas
1015 1988 1276 2044 credendi
1326 1987 1568 2041 habenas
1602 1981 1949 2036 auditeribus
1998 1994 2122 2048 per-

554 2088 779 2142 mittens
810 2102 826 2138 :
857 2083 954 2138 sed
985 2080 1081 2150 qui
1135 2093 1371 2149 superne
1413 2076 1562 2131 venit
1618 2082 1678 2128 ut
1726 2071 1892 2134 Deus,
1936 2070 2125 2124 divina

561 2179 797 2249 quadam
830 2186 887 2232 et
913 2172 1172 2230 ineﬂ‘abili
1206 2170 1382 2242 gratia
1419 2169 1649 2223 tinctum
1699 2177 2005 2220 sermonem
2042 2160 2127 2217 di-

556 2270 898 2340 scipulorum
941 2264 1168 2320 auribus
1206 2261 1402 2331 injicit.
1426 2260 1642 2326 Quanto
1674 2271 1806 2310 vero
1833 2254 2012 2324 potior
2043 2258 2127 2307 est

555 2370 777 2424 natura,
822 2365 978 2413 tanto
1026 2363 1172 2411 certe
1216 2353 1325 2408 erit
1361 2349 1655 2407 eﬂicacior.
1685 2344 1995 2401 Admodum
2028 2356 2126 2395 au-

555 2464 665 2511 tem
715 2453 928 2509 utiliter
968 2453 1163 2507 beatus
1201 2447 1448 2517 Baptista
1499 2444 1616 2500 suis
1665 2440 1957 2511 discipulis
2011 2439 2126 2495 haec

557 2546 812 2602 inculcat.
863 2542 997 2599 Nam
1067 2557 1194 2598 cum
1262 2539 1513 2593 viderent
1575 2537 1757 2605 ipsum
1827 2530 2126 2587 Salvatoris

556 2636 745 2706 gloria:
773 2634 987 2698 cedere,
1019 2636 1195 2707 eoque
1238 2630 1463 2686 nomine
1510 2643 1617 2682 non
1648 2640 1838 2697 parum
1879 2623 2125 2679 oﬂende-

556 2736 771 2793 rentur,
831 2727 1064 2796 ideoque
1121 2722 1405 2779 venissent
1476 2719 1545 2774 ad
1611 2733 1759 2781 eum,
1825 2716 2122 2771 dicentes:

563 2840 582 2874 ι
621 2819 820 2884 Rabbi,
846 2818 939 2889 qui
981 2822 1101 2872 erat
1142 2822 1329 2871 tecum
1364 2819 1520 2868 trans
1568 2809 1885 2872 Jordanem,
1931 2807 2021 2861 cui
2067 2816 2126 2860 tu

555 2911 935 2969 testimonium
1000 2905 1356 2978 perhibuisti,
1411 2918 1559 2967 ecce,
1616 2901 1711 2956 hic
1758 2900 2029 2970 baptizat,
2072 2906 2128 2953 et

553 3019 747 3060 omnes
776 3002 1005 3058 veniunt
1048 3000 1116 3053 ad
1148 3012 1273 3053 eum
1297 2997 1373 3061 ³⁶;
1416 3014 1435 3047 ι
1468 2994 1785 3049 necessario
1815 2994 1899 3046 vir
1939 2991 2125 3044 divino

561 3095 770 3166 Spiritu
800 3092 1019 3148 amatus
1043 3088 1401 3144 offensionem
1437 3093 1672 3148 amovet,
1703 3085 1930 3153 suisque
1954 3083 2124 3136 disci-

555 3182 698 3253 pulis
727 3194 910 3235 rerum
937 3175 1384 3232 necessariarum
1428 3171 1819 3241 cogitationem
1852 3168 2127 3235 injiciens,
2158 3189 2202 3249 ο

553 3272 777 3345 exponit
809 3269 1031 3343 quidem
1057 3265 1362 3321 Salvatoris
1386 3278 1554 3332 supra
1589 3262 1849 3317 universa
1877 3261 2129 3315 eminen-

554 3367 709 3428 tiam,
751 3359 1111 3418 nihilominus
1154 3371 1286 3412 vero
1340 3368 1567 3411 causam
1616 3352 1809 3408 edocet
1848 3352 1922 3406 ob
1966 3365 2130 3421 quam

553 3456 626 3511 ad
659 3454 812 3509 illum
845 3453 958 3522 jam
987 3463 1179 3503 omnes
1207 3445 1568 3509 conﬂuerent,
1594 3452 1649 3500 et
1675 3458 1831 3514 aquae
1860 3444 2132 3513 baptismo

554 3544 747 3599 relicto
799 3543 869 3597 ad
928 3539 1255 3595 diviniorem
1310 3546 1366 3593 et
1422 3536 1834 3606 perfectiorem,
1885 3535 1981 3605 qui
2034 3548 2134 3605 per

557 3634 820 3707 Spiritum
850 3638 1106 3689 sanctum
1137 3628 1301 3685 ﬁebat
1332 3628 1618 3696 nimirum,
1642 3643 1703 3684 se
1728 3628 2059 3698 reciperent.

631 3893 788 3965 165
824 3890 890 3945 lll
916 3931 930 3957 ,
983 3890 1074 3946 3L
1128 3888 1234 3955 Qui
1279 3888 1342 3943 de
1378 3888 1508 3943 caelo
1556 3887 1728 3953 venit,
1768 3903 1925 3956 super
1956 3905 2133 3943 omnes

553 3994 655 4039 εει.

625 4072 741 4128 Hoc
770 4079 1032 4135 testatur,
1073 4070 1285 4141 inquit,
1322 4070 1591 4139 plurimos
1624 4079 1679 4125 et
1711 4069 2135 4139 incomparabili

556 4162 848 4221 intervallo
883 4170 1135 4218 terrenos
1190 4159 1442 4216 homines
1480 4173 1512 4212 a
1564 4158 1679 4215 Deo
1729 4158 1947 4222 Verbo,
1989 4160 2136 4229 quod

556 4270 793 4327 superne
828 4261 887 4309 et
918 4253 1139 4309 cmlitus
1187 4249 1500 4314 descendit,
1552 4251 1824 4320 superari.
1856 4250 1958 4305 Cui
1998 4266 2133 4306 con-

556 4346 823 4403 ﬁrmando
851 4345 959 4400 nisi
988 4344 1093 4399 sim
1125 4342 1378 4407 idoneus,
1416 4349 1472 4397 et
1502 4342 1549 4397 si
1583 4357 1707 4412 quae
1739 4336 1988 4399 dicturus
2012 4359 2133 4400 sum

558 4438 676 4493 sola
702 4450 813 4491 non
848 4433 1147 4497 sufﬁciant,
1194 4431 1316 4501 ipse
1367 4430 1528 4487 testis
1558 4432 1780 4487 accedet
1826 4431 2037 4496 Filius,
2078 4441 2135 4488 et

2224 609 2322 679 τῆς
2354 608 2463 662 τῶν
2509 608 2835 679 ποιημάτων
2889 606 3126 677 πληθύος
3159 607 3428 670 οὐσιωδῶς
3468 609 3803 679 ἐκκείμενος,

2224 700 2321 753 καὶ
2356 700 2418 752 τὸ
2451 703 2509 753 ἐν
2535 703 2784 771 γενητοῖς
2813 700 3075 770 τετάχθαι
3121 700 3261 753 κατά
3293 700 3453 768 φύσιν
3491 700 3787 772 ἐκδραμὼν

2223 788 2277 839 τί
2309 787 2374 841 ἂν
2404 789 2587 857 ἕτερον
2627 789 2713 860 εἴη
2744 790 2951 854 λοιπὸν,
3004 790 3035 859 ἤ
3086 790 3264 857 Θεός;
3306 791 3656 844 Μεσολαϐοῦν
3702 793 3799 862 γὰρ

2221 880 2437 951 ’ὁρῶμεν
2462 881 2633 947 οὐδὲν,
2667 882 2791 935 ὅσον
2812 876 2945 952 ἧκεν
2970 883 3050 945 είς
3073 882 3259 945 οὐσίας
3280 881 3600 953 ὑφεστώσης
3627 883 3805 951 λόγον.

2225 972 2417 1036 Κτίσις
2470 973 2579 1043 γάρ
2638 974 2673 1043 η
2705 973 3114 1044 βασιλευομένη,
3151 975 3245 1028 καὶ
3278 976 3362 1026 ἐπ’
3415 975 3556 1046 αὐτῇ
3608 979 3804 1029 νοεῖται

2226 1065 2377 1128 Θεός.
2419 1065 2627 1119 Οὐκοῦν
2648 1068 2696 1119 εί
2724 1065 2854 1129 Θεὸς
2882 1066 3025 1120 κατὰ
3067 1067 3229 1136 φύσιν
3257 1068 3401 1120 ἐστὶν
3427 1068 3457 1118 6
3480 1068 3629 1131 Υἱὸς.
3653 1071 3807 1135 ἐγεν-

2226 1155 2447 1226 νήθηδὲ
2500 1156 2754 1226 ἀρρήτως
2792 1158 2857 1209 ἑκ
2885 1156 2980 1209 τοῦ
3017 1157 3151 1210 Θεοῦ
3187 1159 3289 1210 καὶ
3324 1158 3555 1228 Πατρὺς,
3586 1159 3685 1229 τὴν
3714 1158 3807 1212 τοῦ

2228 1249 2583 1317 γεννήσαντος
2614 1248 2772 1315 φύσιν
2799 1249 2860 1301 τὸ
2895 1266 2913 1297 ι
2942 1249 3147 1303 ἄνωθεν
3174 1268 3191 1299 ι
3231 1252 3504 1320 σημαίνει,
3534 1251 3624 1304 διὰ
3653 1250 3810 1303 τοῦτό

2226 1354 2286 1389 τε
2319 1338 2502 1392 ἐπάνω
2537 1340 2756 1393 πάντων
2785 1340 2933 1393 ἐστὶν
2970 1341 2999 1393 6
3035 1341 3379 1413 Μονογενὴς,
3417 1343 3513 1397 an
3538 1343 3601 1413 δὴ
3633 1343 3729 1397 καὶ
3751 1344 3808 1410 ἐξ

2227 1427 2396 1496 αὐτῆς
2415 1426 2805 1500 ὁρ[μ]ώμενος.

2309 1518 2371 1571 '0
2404 1515 2488 1571 ὢν
2512 1519 2581 1573 ἐκ
2610 1520 2721 1589 τῆς
2751 1519 2884 1590 γῆς,
2909 1520 2978 1574 ἐκ
3001 1520 3113 1590 τῆς
3144 1521 3254 1592 γῆς
3281 1524 3434 1589 ἐστι,
3462 1524 3564 1579 καὶ
3592 1524 3666 1578 ἐκ
3698 1522 3809 1592 τῆς

2227 1607 2337 1679 τῆς
2360 1611 2553 1664 λαλεῖ.

2296 1702 2409 1755 Ούκ
2446 1702 2745 1773 ίσομέτρως
2778 1704 3095 1775 ἐνεργῆσαι,
3132 1706 3321 1773 φησὶν,
3354 1708 3434 1771 είς
3458 1707 3517 1761 τὸ
3543 1708 3801 1763 δύνασθαι

2228 1792 2435 1844 πείθειν
2477 1794 2504 1845 ὁ
2536 1793 2773 1865 γηγενὴς
2828 1794 2906 1865 τῷ
2942 1794 3039 1847 ἐπὶ
3083 1796 3290 1859 πάντας
3343 1797 3457 1849 ὄντι
3503 1798 3642 1868 Θεῷ.
3696 1801 3807 1853 Λα-

2227 1885 2381 1953 λήσει
2437 1885 2533 1955 μὲν
2562 1884 2670 1955 γὰρ
2717 1887 2793 1949 ὼς
2836 1885 3123 1958 ἄνθρωπος
3177 1886 3287 1939 ἀπὸ
3336 1888 3434 1956 τῆς
3460 1889 3586 1957 γῆς,
3633 1890 3727 1941 καὶ
3752 1892 3808 1942 ἐν

2230 1976 2365 2046 μόνη
2400 1977 2704 2047 συμϐούλου
2732 1978 2972 2031 κείσεται
2992 1978 3166 2043 τάξει,
3200 1978 3326 2041 ὅλας
3345 1982 3457 2041 τοῖς
3485 1980 3781 2048 παιδευομέ
3797 2010 3810 2021 -

2226 2086 2336 2132 νοις
2367 2068 2665 2138 ἐπιτρέψας
2684 2069 2783 2133 τὰς
2803 2069 2897 2122 τοῦ
2954 2069 3236 2139 βούλεσθαι
3283 2069 3597 2124 πιστεύσειν
3629 2072 3803 2141 ἡνίας·

2227 2165 2255 2215 6
2275 2162 2332 2215 δὲ
2354 2161 2558 2215 ἄνωθεν
2584 2163 2895 2233 ἐρχόμενος,
2918 2163 2994 2225 ὡς
3019 2162 3173 2227 Θεὸς,
3206 2162 3446 2234 θείᾳτινὶ
3468 2161 3562 2215 καὶ
3583 2162 3808 2232 ἀρρήτῳ

2226 2253 2408 2323 χάριτι
2443 2252 2803 2323 καταχρώσας
2829 2253 2920 2308 τὸν
2950 2253 3108 2321 λόγον
3128 2294 3143 2318 ,
3167 2256 3287 2315 ταῖς
3315 2253 3424 2308 τῶν
3475 2253 3808 2323 προσιόντων

2229 2345 2433 2415 ἐνίησιν
2467 2347 2677 2407 ἀκοαῖς.
2713 2347 2861 2415 Ὅσῳ
2910 2345 2968 2399 δὲ
2996 2347 3233 2417 ἀμείνων
3266 2345 3386 2397 ἐστὶ
3425 2345 3569 2398 κατά
3619 2344 3806 2413 φύσιν,

2228 2439 2464 2506 τοσούτῳ
2489 2436 2554 2505 δὴ
2587 2437 2801 2500 πάντως
2826 2437 3110 2507 ἐνεργήσει
3132 2436 3483 2507 γοργότερον.
3508 2437 3809 2506 Χρησίμως

2226 2526 2283 2579 δὲ
2312 2526 2430 2580 λίαν
2458 2530 2485 2579 ὁ
2517 2528 2786 2599 μακάριος
2808 2529 3120 2599 Βαπτιστὴς
3152 2528 3288 2599 πρὸς
3312 2529 3437 2592 τοὺς
3467 2528 3663 2581 ἑαυτοῦ
3704 2546 3809 2597 μαο

2228 2616 2395 2686 θητάς
2422 2617 2489 2671 τὰ
2520 2618 2747 2673 τοιαῦτά
2773 2636 2960 2688 φησιν.
2998 2620 3215 2690 Ἐπειδὴ
3266 2619 3375 2691 γὰρ
3402 2620 3566 2673 αὐτὸν
3591 2620 3691 2689 τῆς
3714 2619 3809 2672 τοῦ

2228 2709 2476 2779 Σωτῆρος
2519 2709 2679 2779 δόξης
2718 2710 2985 2780 ἐθεώρουν
3018 2710 3348 2782 ἡττώμενον,
3397 2711 3489 2764 ἐπί
3534 2729 3595 2764 τε.
3639 2711 3812 2780 τούτῳ

2226 2797 2414 2854 λοιπὸν
2456 2801 2515 2852 οὐ
2546 2801 2781 2872 μετρίως
2804 2803 3269 2866 ἐσκανδαλίζοντο,
3303 2803 3402 2872 (διὸ
3429 2803 3495 2872 δὴ
3526 2803 3620 2856 καὶ
3648 2819 3813 2872 προσ·

2226 2890 2392 2960 ῄεσαν
2443 2889 2689 2959 λέγοντες
2712 2909 2725 2923 ·
2762 2910 2782 2944 ι
2829 2894 3043 2957 Ῥα66ὶ,
3076 2895 3136 2957 ὃς
3155 2891 3223 2965 ἦν
3248 2895 3387 2965 μετά
3416 2895 3509 2949 σοῦ
3534 2896 3594 2948 ἐν
3614 2894 3694 2964 τῷ
3715 2894 3814 2946 πέ-

2233 2996 2332 3052 ραν
2385 2982 2479 3035 τοῦ
2527 2983 2812 3054 Ἰορδάνου,
2858 2978 2903 3052 ᾧ
2960 2986 3024 3039 σὺ
3059 2987 3509 3057 μεμαρτύρηκας,
3544 2986 3621 3040 ι’δε
3660 2981 3811 3049 οὗτος

2230 3071 2528 3141 βαπτίζει,
2584 3076 2678 3129 καὶ
2733 3075 2937 3140 πάντες
2988 3077 3242 3148 ἔρχονται
3295 3078 3432 3149 πρὸς
3488 3078 3653 3132 αὐτόν
3711 3096 3731 3131 ι
3769 3079 3807 3146 )·

2231 3164 2546 3233 ἀναγκαίως
2566 3167 2594 3217 6
2616 3167 3088 3237 msupacopépo;,
3117 3168 3179 3221 τὸ
3200 3166 3294 3220 τοῦ
3322 3169 3617 3222 σκανδάλου
3643 3168 3813 3227 πάθος

2234 3255 2690 3325 ὑποτεμνόμενος,
2726 3257 2855 3325 ὑγιᾶ
2907 3275 2966 3311 τε
3010 3261 3122 3322 τοῖς
3155 3259 3351 3313 ἐαυτοῦ
3412 3260 3684 3330 μαθηταῖς
3715 3262 3814 3329 τὴν

2232 3345 2325 3399 ἐπὶ
2355 3348 2474 3409 τοῖς
2511 3347 2964 3414 ἀναγκαιοτάτοις
2987 3349 3238 3419 διάληψιν
3278 3351 3814 3422 ἐντιθεὶς,ὲξηγεϊται

2235 3436 2335 3507 μὲν
2371 3436 2465 3490 τοῦ
2492 3438 2744 3509 Σωτῆρος
2789 3439 2889 3509 τὴν
2916 3440 3057 3494 κατά
3088 3442 3302 3495 πάντων
3339 3443 3633 3515 ὑπεροχὴν,
3670 3444 3815 3497 διδά-

2234 3538 2353 3574 σκει
2385 3521 2444 3573 δὲ
2491 3523 2644 3576 οὐδὲν
2688 3520 2851 3596 ἦττον
2891 3528 2990 3596 τὴν
3019 3529 3217 3591 αἰτίαν,
3250 3528 3317 3583 δι’
3350 3530 3427 3602 κῆν
3471 3532 3569 3602 ἤδη
3616 3531 3815 3595 πάντες

2232 3610 2320 3664 ἐπ’
2350 3612 2554 3666 ἐκεῖνον
2581 3612 2851 3679 ἐϐάδιζον,
2884 3617 2980 3670 καὶ
3010 3617 3069 3670 τὸ
3090 3617 3159 3670 δι’
3209 3618 3404 3681 ὓδατος
3434 3620 3596 3690 μόνου
3634 3637 3811 3691 παραυ

2232 3700 2519 3772 τρέχοντες
2567 3703 2872 3776 βάπτισμα,
2926 3705 3003 3777 τῷ
3059 3708 3314 3780 θειοτέρῳ
3347 3710 3442 3763 κα)⁸
3502 3711 3815 3783 τελειοτέρῳ

2238 3792 2570 3862 προσῄεσαν,
2602 3795 2677 3865 τῷ
2714 3795 2804 3849 διὰ
2829 3797 3146 3867 Πνεύματος
3171 3799 3324 3867 ἁγίου
3355 3801 3577 3872 δηλαδή.

2316 3881 2380 3933 '0
2411 3883 2479 3936 ἐκ
2521 3884 2625 3939 τοῦ
2658 3885 2921 3953 οὐρανοῦ
2958 3888 3303 3957 ἐρχόμενος,
3341 3891 3540 3944 ἐπάνω
3577 3892 3815 3946 πάντων

2235 3971 2429 4027 ἐστίν.

2307 4062 2479 4117 Τοῦτο
2505 4069 2791 4136 μαρτυρεῖ,
2819 4068 2901 4120 ὅτι
2926 4068 3173 4140 πλείστη,
3210 4071 3392 4141 φησὶν,
3430 4074 3520 4126 καὶ
3546 4072 3804 4144 ἀσύγκρι-

2235 4156 2387 4225 τοςή
2424 4154 2657 4226 διαφορὰ
2706 4161 2816 4220 τοῖς
2855 4159 2963 4213 ἀπὸ
3006 4162 3107 4230 τῆς
3152 4162 3252 4230 γῆς
3297 4164 3431 4233 πρὸς
3478 4164 3571 4219 τὸν
3612 4166 3813 4220 ἀνωθεν

2238 4245 2332 4297 καὶ
2354 4244 2415 4309 ἐξ
2439 4245 2669 4315 ούρανοῦ
2705 4250 3109 4307 καταϐαίνοντα
3138 4252 3273 4305 Θεὸν
3297 4255 3491 4322 Λόγον.
3540 4257 3604 4310 Et
3634 4257 3707 4327 μὴ
3737 4258 3809 4310 δι-

2236 4335 2453 4391 δάσκειν
2488 4337 2787 4409 ἀξιόχρεως
2821 4340 2931 4406 ἐγὼ
2956 4385 2972 4407 ,
3015 4343 3109 4396 καὶ
3157 4345 3205 4397 εἰ
3256 4345 3415 4415 μόνος
3456 4348 3585 4415 ὑμῖν
3629 4349 3659 4399 6
3688 4348 3813 4416 ἐμὸς

2237 4428 2337 4481 οὐκ
2362 4428 2648 4500 ἐξαρκέσει
2670 4430 2827 4498 λόγος
2846 4471 2860 4493 ,
2915 4433 3076 4496 αὐτὸς
3103 4435 3487 4489 ἐπιϐεϐαιώσει
3524 4437 3815 4508 μαρτυρῶν

558 4523 1103 4597 incomprehensibili
1141 4522 1322 4593 spatio
1373 4522 1583 4578 distare
1633 4528 1910 4577 terrenum
1944 4522 2016 4576 ab
2042 4523 2130 4577 illo

2239 4519 2267 4571 6
2297 4520 2447 4583 Υἱὸς,
2473 4521 2841 4593 ἀκαταλήπτῳ
2863 4524 3049 4595 μέτρῳ
3071 4524 3346 4581 διεστάναι
3378 4528 3439 4580 τὸ
3468 4530 3700 4600 γηγενὲς
3720 4529 3815 4598 τῆς

560 4634 776 4678 summo
826 4630 1013 4672 rerum
1047 4615 1295 4670 omnium
1337 4614 1587 4683 principe
1642 4612 1881 4669 docebit.
1919 4613 2133 4684 Quippe

558 4710 761 4766 alicubi
799 4707 1051 4763 Salvator
1085 4706 1283 4777 impios
1324 4705 1546 4761 Judznos
1589 4704 1878 4775 alloquens
1913 4723 1928 4761 :
1964 4724 1983 4758 ι
2021 4704 2132 4761 Vos

556 4804 625 4858 de
653 4802 923 4857 deorsum
949 4799 1107 4863 estis,
1140 4813 1242 4868 ego
1266 4798 1334 4853 de
1364 4798 1621 4869 supernis
1658 4812 1780 4853 sum
1800 4798 1867 4851 ³⁷.
1896 4816 1915 4849 ι
1959 4796 2130 4851 Deor-

560 4911 684 4950 sum
726 4892 876 4949 enim
928 4905 1113 4947 rerum
1169 4898 1487 4945 creatarum
1535 4898 1792 4944 naturam
1848 4889 1926 4943 ait
1974 4902 2128 4954 esse,

561 4993 621 5040 ut
668 4983 1008 5052 subiectam,
1036 4989 1092 5035 et
1123 4986 1182 5033 ut
1224 4995 1288 5034 ex
1349 4980 1680 5035 necessitate
1728 4978 1839 5037 Deo
1898 4979 1966 5033 ad
2007 4994 2134 5037 esse

558 5077 778 5134 vocanti
805 5074 1158 5130 servientem.
1200 5070 1432 5126 Sursum
1464 5086 1616 5136 vero,
1646 5070 1890 5126 divinam
1921 5079 1977 5125 et
1997 5070 2138 5127 inef-

564 5166 780 5223 fabilem
811 5165 1238 5221 dominatricem
1282 5163 1434 5218 illam
1468 5170 1747 5227 naturam,
1773 5169 1966 5233 utpote
2011 5179 2137 5235 quae

562 5275 655 5316 res
691 5266 907 5314 creatas
960 5256 1189 5327 pedibus
1237 5258 1357 5311 suis
1397 5255 1676 5325 subiectas
1708 5254 1905 5320 habet,
1936 5264 1990 5312 et
2035 5271 2138 5327 po-

561 5350 782 5408 testatis
814 5363 931 5404 suae
956 5348 1094 5418 jugo
1120 5348 1391 5404 subditas.
1418 5345 1539 5401 Non
1568 5345 1773 5402 frustra
1805 5357 1986 5403 autem
2020 5349 2136 5404 haec

563 5439 758 5496 beatus
787 5437 1031 5508 Baptista
1061 5436 1442 5507 superioribus
1471 5434 1693 5505 adjecit.
1732 5433 1810 5491 Ne
1838 5436 1954 5492 suis
1989 5437 2136 5493 enim

566 5528 854 5600 discipulis
872 5542 1040 5584 vanas
1060 5528 1305 5583 rationes
1341 5525 1545 5596 ﬁngere
1577 5534 1889 5595 putaretur,
1921 5538 1974 5583 et
1997 5543 2139 5598 qua-

568 5621 615 5676 si
648 5620 879 5692 puderet
930 5619 1053 5675 sine
1096 5633 1263 5674 causa
1306 5617 1529 5679 Christo
1567 5616 1887 5675 inferiorem
1934 5621 2133 5689 videri,

639 5793 687 5828 ⁸⁶
714 5792 874 5848 Joan.
916 5808 998 5856 ιιι,
1032 5790 1127 5847 26.
1204 5793 1245 5824 ³⁷
1283 5791 1441 5847 Joan.
1467 5807 1590 5855 vm,
1631 5792 1723 5845 25.

2236 4612 2422 4667 ἐπάνω
2451 4613 2668 4668 πάντων
2694 4617 2867 4688 ἀρχῆς
2889 4633 2904 4649 ο
2933 4617 3313 4689 διαλεγόμενος
3331 4620 3388 4673 δέ
3408 4636 3510 4673 που
3538 4620 3675 4691 πρὸς
3694 4622 3816 4684 τοὺς

2239 4703 2486 4767 ἀνοσίους
2528 4705 2833 4770 Ἰουδαίους,
2883 4705 3124 4777 ἔφασκεν
3153 4711 3181 4762 6
3205 4710 3425 4781 Σωτήρο
3472 4729 3492 4763 ι
3535 4711 3725 4783 Ὑμεῖς
3755 4715 3818 4766 ἐκ

2238 4793 2347 4847 τῶν
2376 4794 2530 4848 κάτω
2563 4796 2687 4849 ἐστέ
2712 4814 2724 4826 ο
2764 4797 2876 4865 ἐγὼ
2913 4800 2978 4852 ἐκ
3021 4799 3130 4853 τῶν
3159 4800 3270 4855 άνω
3301 4803 3437 4872 εἰμί.
3464 4821 3483 4852 ι
3513 4804 3683 4858 Κάτω
3721 4805 3820 4875 μὲν

2236 4886 2345 4956 γὰρ
2373 4886 2473 4956 τὴν
2497 4887 2606 4939 τῶν
2635 4888 2878 4957 γενητῶν
2909 4888 3067 4959 φύσιν
3097 4887 3236 4944 εῖναι
3275 4910 3441 4963 φησιν
3460 4933 3474 4957 ,
3506 4895 3582 4957 ὡς
3603 4896 3823 4949 ὑποκει-

2246 4977 2413 5048 μένην
2453 4978 2547 5031 καὶ
2580 4978 2655 5041 ὡς
2696 4979 2756 5043 ἐξ
2784 4980 3029 5051 ἀνάγκης
3072 4980 3429 5038 δουλεύουσαν
3467 4966 3549 5054 τῷ
3578 4986 3718 5055 πρὸς
3762 4987 3821 5039 τὸ

2242 5064 2380 5123 εἶναι
2406 5068 2659 5123 καλοῦντι
2692 5070 2809 5141 Θεῷ
2828 5085 2841 5098 ·
2868 5070 2982 5125 άνω
3017 5072 3075 5126 δὲ
3101 5072 3261 5128 πάλιν
3281 5076 3379 5145 τὴν
3408 5076 3556 5130 θείαν
3603 5078 3699 5131 καὶ
3727 5080 3825 5149 dp-

2246 5159 2405 5227 ῥητόν
2437 5156 2800 5221 δεσπόζουσαν
2834 5159 3016 5228 φύσιν,
3038 5160 3114 5225 ὡς
3144 5162 3322 5217 πάντα
3354 5164 3459 5217 ὑπὸ
3483 5164 3650 5228 πόδας
3673 5166 3825 5236 ἐχου-

2246 5266 2344 5303 σαν
2363 5248 2433 5303 τά
2456 5250 2680 5321 γενητὰ,
2698 5252 2791 5304 καὶ
2816 5250 2891 5321 τῷ
2916 5253 3011 5323 τῆς
3056 5254 3302 5319 ἐξουσίας
3330 5255 3624 5311 ὑποθεῖσαν
3653 5257 3820 5327 ζυγῷ.

2247 5342 2321 5394 Οὐ
2353 5342 2528 5412 μάτην
2542 5343 2597 5395 δὲ
2622 5342 2797 5397 ταῦτα
2821 5347 2934 5406 τοῖς
2962 5345 3220 5416 ἀνωτέρω
3242 5347 3630 5418 προστέθεικεν
3658 5352 3689 5403 6
3724 5366 3824 5419 μα⁴

2246 5434 2438 5504 κάριος
2465 5435 2805 5504 Βαπτιστήςο
2855 5436 2943 5489 ἵνα
2972 5435 3080 5507 γὰρ
3112 5437 3187 5508 μὴ
3222 5438 3508 5509 νομίζηται
3537 5440 3690 5511 παρά
3714 5442 3823 5502 τοῖς

2248 5523 2441 5579 ἐαυτοῦ
2469 5525 2757 5596 μαθηταῖς,
2786 5527 3027 5591 εἰκαίους
3049 5528 3483 5583 ἀναπλάττεσθαι
3509 5530 3820 5601 λογισμοὺς,

2250 5617 2388 5671 αἰδοῖ
2427 5617 2484 5671 δὲ
2531 5618 2626 5671 τοῦ
2662 5617 2737 5688 μὴ
2783 5618 2958 5673 δοκεῖν
2998 5619 3234 5687 εὐλόγως
3271 5619 3535 5690 ἡττῆσθαι
3561 5618 3821 5691 Χριστοῦ,
