  <div class='ocr_page' id='page_1' title='image "/cluster/home/n/w/nwhite01/storage/ocr_20150623/73/hvd.32044019207877/158.png"; bbox 0 0 4118 6540; ppageno 0'>
   <div class='ocr_carea' id='block_1_1' title="bbox 382 387 493 445">
    <p class='ocr_par' dir='ltr' id='par_1_1' title="bbox 382 387 493 445">
     <span class='ocr_line' id='line_1_1' title="bbox 382 387 493 445; baseline 0 -1"><span class='ocrx_word' id='word_1_1' title='bbox 382 387 493 445; x_wconf 76' lang='lat'><strong>273</strong></span> 
     </span>
    </p>
   </div>
   <div class='ocr_carea' id='block_1_2' title="bbox 1445 382 2580 451">
    <p class='ocr_par' dir='ltr' id='par_1_2' title="bbox 1445 382 2580 451">
     <span class='ocr_line' id='line_1_2' title="bbox 1445 382 2580 451; baseline 0.004 -13"><span class='ocrx_word' id='word_1_2' title='bbox 1445 384 1511 440; x_wconf 87' lang='lat' dir='ltr'><strong>IN</strong></span> <span class='ocrx_word' id='word_1_3' title='bbox 1536 383 1820 441; x_wconf 77' lang='lat' dir='ltr'><strong>JOANNIS</strong></span> <span class='ocrx_word' id='word_1_4' title='bbox 1856 382 2311 444; x_wconf 73' lang='lat' dir='ltr'><strong>EVANGELIUM</strong></span> <span class='ocrx_word' id='word_1_5' title='bbox 2344 388 2472 451; x_wconf 81' lang='lat' dir='ltr'><strong>LIB,</strong></span> <span class='ocrx_word' id='word_1_6' title='bbox 2516 387 2580 443; x_wconf 84' lang='lat' dir='ltr'><strong>ll.</strong></span> 
     </span>
    </p>
   </div>
   <div class='ocr_carea' id='block_1_3' title="bbox 3538 392 3645 449">
    <p class='ocr_par' dir='ltr' id='par_1_3' title="bbox 3538 392 3645 449">
     <span class='ocr_line' id='line_1_3' title="bbox 3538 392 3645 449; baseline 0 0"><span class='ocrx_word' id='word_1_7' title='bbox 3538 392 3645 449; x_wconf 70' lang='grc' dir='ltr'><strong>ετι</strong></span> 
     </span>
    </p>
   </div>
   <div class='ocr_carea' id='block_1_4' title="bbox 384 498 1969 574">
    <p class='ocr_par' dir='ltr' id='par_1_4' title="bbox 384 499 1965 573">
     <span class='ocr_line' id='line_1_4' title="bbox 384 499 1965 573; baseline 0 -20"><span class='ocrx_word' id='word_1_8' title='bbox 384 499 608 573; x_wconf 77' lang='grc' dir='ltr'>μείζονα</span> <span class='ocrx_word' id='word_1_9' title='bbox 643 501 741 571; x_wconf 79' lang='grc' dir='ltr'>μὲν</span> <span class='ocrx_word' id='word_1_10' title='bbox 770 500 950 569; x_wconf 80' lang='grc' dir='ltr'>λέγειν</span> <span class='ocrx_word' id='word_1_11' title='bbox 991 500 1083 553; x_wconf 73' lang='grc' dir='ltr'><strong>καὶ</strong></span> <span class='ocrx_word' id='word_1_12' title='bbox 1116 499 1320 554; x_wconf 79' lang='grc' dir='ltr'>ἄνωθεν</span> <span class='ocrx_word' id='word_1_13' title='bbox 1350 500 1746 565; x_wconf 78' lang='grc' dir='ltr'>αύτδν,ἐαυτὸν</span> <span class='ocrx_word' id='word_1_14' title='bbox 1778 502 1834 554; x_wconf 83' lang='grc' dir='ltr'><strong>δὲ</strong></span> <span class='ocrx_word' id='word_1_15' title='bbox 1864 500 1965 554; x_wconf 85' lang='grc' dir='ltr'>κά·</span> 
     </span>
    </p>
   </div>
   <div class='ocr_carea' id='block_1_5' title="bbox 2071 498 3644 574">
    <p class='ocr_par' dir='ltr' id='par_1_5' title="bbox 2073 498 3644 574">
     <span class='ocr_line' id='line_1_5' title="bbox 2073 498 3644 574; baseline 0.006 -18"><span class='ocrx_word' id='word_1_16' title='bbox 2073 503 2251 574; x_wconf 90' lang='lat' dir='ltr'><strong>ipsum</strong></span> <span class='ocrx_word' id='word_1_17' title='bbox 2318 505 2584 574; x_wconf 78' lang='lat' dir='ltr'><strong>majorem</strong></span> <span class='ocrx_word' id='word_1_18' title='bbox 2653 511 2709 559; x_wconf 81' lang='lat' dir='ltr'><strong>et</strong></span> <span class='ocrx_word' id='word_1_19' title='bbox 2770 503 3065 560; x_wconf 74' lang='lat' dir='ltr'><strong>desursum</strong></span> <span class='ocrx_word' id='word_1_20' title='bbox 3122 502 3345 570; x_wconf 79' lang='lat' dir='ltr'><strong>dicere,</strong></span> <span class='ocrx_word' id='word_1_21' title='bbox 3404 498 3464 563; x_wconf 72' lang='lat' dir='ltr'><strong>se</strong></span> <span class='ocrx_word' id='word_1_22' title='bbox 3512 524 3644 565; x_wconf 88' lang='lat' dir='ltr'><strong>vero</strong></span> 
     </span>
    </p>
   </div>
   <div class='ocr_carea' id='block_1_6' title="bbox 381 586 1963 662">
    <p class='ocr_par' dir='ltr' id='par_1_6' title="bbox 381 586 1963 662">
     <span class='ocr_line' id='line_1_6' title="bbox 381 586 1963 662; baseline 0 -17"><span class='ocrx_word' id='word_1_23' title='bbox 381 593 552 646; x_wconf 88' lang='grc' dir='ltr'>τωθεν</span> <span class='ocrx_word' id='word_1_24' title='bbox 614 593 708 645; x_wconf 75' lang='grc' dir='ltr'><strong>καὶ</strong></span> <span class='ocrx_word' id='word_1_25' title='bbox 740 593 847 644; x_wconf 80' lang='grc' dir='ltr'><strong>άπὸ</strong></span> <span class='ocrx_word' id='word_1_26' title='bbox 878 592 976 662; x_wconf 79' lang='grc' dir='ltr'>τῆς</span> <span class='ocrx_word' id='word_1_27' title='bbox 1014 591 1147 662; x_wconf 78' lang='grc' dir='ltr'>γῆς’</span> <span class='ocrx_word' id='word_1_28' title='bbox 1191 593 1503 660; x_wconf 75' lang='grc' dir='ltr'><strong>ἀναγκαίως</strong></span> <span class='ocrx_word' id='word_1_29' title='bbox 1543 595 1635 662; x_wconf 77' lang='grc' dir='ltr'><strong>ἀφ’</strong></span> <span class='ocrx_word' id='word_1_30' title='bbox 1674 586 1748 646; x_wconf 80' lang='grc' dir='ltr'>ὧν</span> <span class='ocrx_word' id='word_1_31' title='bbox 1802 593 1963 656; x_wconf 76' lang='grc' dir='ltr'>αὐτὸς</span> 
     </span>
    </p>
   </div>
   <div class='ocr_carea' id='block_1_7' title="bbox 382 683 1967 756">
    <p class='ocr_par' dir='ltr' id='par_1_7' title="bbox 382 683 1967 756">
     <span class='ocr_line' id='line_1_7' title="bbox 382 683 1967 756; baseline 0.001 -20"><span class='ocrx_word' id='word_1_32' title='bbox 382 686 620 755; x_wconf 73' lang='grc' dir='ltr'>ἔφασκεν</span> <span class='ocrx_word' id='word_1_33' title='bbox 648 686 677 737; x_wconf 99' lang='lat'><strong>6</strong></span> <span class='ocrx_word' id='word_1_34' title='bbox 716 683 905 756; x_wconf 80' lang='grc' dir='ltr'>Σωτὴρ</span> <span class='ocrx_word' id='word_1_35' title='bbox 927 727 939 751; x_wconf 88' lang='grc'><strong>,</strong></span> <span class='ocrx_word' id='word_1_36' title='bbox 973 684 1070 756; x_wconf 82' lang='grc' dir='ltr'><strong>τὴν</strong></span> <span class='ocrx_word' id='word_1_37' title='bbox 1101 684 1210 737; x_wconf 82' lang='grc' dir='ltr'>τῶν</span> <span class='ocrx_word' id='word_1_38' title='bbox 1243 686 1547 756; x_wconf 77' lang='grc' dir='ltr'>εἰρημένων</span> <span class='ocrx_word' id='word_1_39' title='bbox 1580 685 1967 756; x_wconf 80' lang='grc' dir='ltr'>ἐπισφραγίζει</span> 
     </span>
    </p>
   </div>
   <div class='ocr_carea' id='block_1_8' title="bbox 379 775 1964 848">
    <p class='ocr_par' dir='ltr' id='par_1_8' title="bbox 379 775 1964 848">
     <span class='ocr_line' id='line_1_8' title="bbox 379 775 1964 848; baseline 0.001 -21"><span class='ocrx_word' id='word_1_40' title='bbox 379 776 630 846; x_wconf 84' lang='grc' dir='ltr'>δύναμιν,</span> <span class='ocrx_word' id='word_1_41' title='bbox 653 776 746 829; x_wconf 71' lang='grc' dir='ltr'><strong>καὶ</strong></span> <span class='ocrx_word' id='word_1_42' title='bbox 774 775 1047 846; x_wconf 84' lang='grc' dir='ltr'>πρόφασιν</span> <span class='ocrx_word' id='word_1_43' title='bbox 1072 778 1191 847; x_wconf 82' lang='grc' dir='ltr'>μὲν,</span> <span class='ocrx_word' id='word_1_44' title='bbox 1218 777 1277 828; x_wconf 81' lang='grc' dir='ltr'><strong>ού</strong></span> <span class='ocrx_word' id='word_1_45' title='bbox 1303 776 1554 848; x_wconf 86' lang='grc' dir='ltr'>καθάπερ</span> <span class='ocrx_word' id='word_1_46' title='bbox 1584 775 1747 847; x_wconf 73' lang='grc' dir='ltr'>ᾤοντο</span> <span class='ocrx_word' id='word_1_47' title='bbox 1780 776 1964 846; x_wconf 83' lang='grc' dir='ltr'>κενὴν,</span> 
     </span>
    </p>
   </div>
   <div class='ocr_carea' id='block_1_9' title="bbox 382 867 1969 940">
    <p class='ocr_par' dir='ltr' id='par_1_9' title="bbox 382 867 1969 940">
     <span class='ocr_line' id='line_1_9' title="bbox 382 867 1969 940; baseline 0.002 -21"><span class='ocrx_word' id='word_1_48' title='bbox 382 868 639 939; x_wconf 74' lang='grc' dir='ltr'><strong>ἀληθείας</strong></span> <span class='ocrx_word' id='word_1_49' title='bbox 671 868 728 922; x_wconf 83' lang='grc' dir='ltr'><strong>δέ</strong></span> <span class='ocrx_word' id='word_1_50' title='bbox 782 868 982 939; x_wconf 80' lang='grc' dir='ltr'>μᾶλλον</span> <span class='ocrx_word' id='word_1_51' title='bbox 1034 867 1307 932; x_wconf 79' lang='grc' dir='ltr'>ἀπόδειξιν</span> <span class='ocrx_word' id='word_1_52' title='bbox 1330 908 1345 934; x_wconf 96' lang='grc'><strong>,</strong></span> <span class='ocrx_word' id='word_1_53' title='bbox 1395 868 1719 922; x_wconf 75' lang='grc' dir='ltr'><strong>ἐπιδεικνύει</strong></span> <span class='ocrx_word' id='word_1_54' title='bbox 1752 869 1849 940; x_wconf 83' lang='grc' dir='ltr'>τὴν</span> <span class='ocrx_word' id='word_1_55' title='bbox 1883 868 1969 933; x_wconf 81' lang='grc' dir='ltr'><strong>ἐξ·</strong></span> 
     </span>
    </p>
   </div>
   <div class='ocr_carea' id='block_1_10' title="bbox 382 957 1968 1029">
    <p class='ocr_par' dir='ltr' id='par_1_10' title="bbox 382 957 1968 1029">
     <span class='ocr_line' id='line_1_10' title="bbox 382 957 1968 1029; baseline -0.001 -18"><span class='ocrx_word' id='word_1_56' title='bbox 382 961 603 1029; x_wconf 74' lang='grc' dir='ltr'>ήγησιν.</span> <span class='ocrx_word' id='word_1_57' title='bbox 668 957 888 1029; x_wconf 84' lang='grc' dir='ltr'><strong>Ἐπειδὴ</strong></span> <span class='ocrx_word' id='word_1_58' title='bbox 920 957 978 1012; x_wconf 79' lang='grc' dir='ltr'><strong>δὲ</strong></span> <span class='ocrx_word' id='word_1_59' title='bbox 1019 959 1115 1013; x_wconf 67' lang='grc' dir='ltr'><strong>καλ⁸</strong></span> <span class='ocrx_word' id='word_1_60' title='bbox 1150 959 1312 1029; x_wconf 79' lang='grc' dir='ltr'>ἑτέρα</span> <span class='ocrx_word' id='word_1_61' title='bbox 1344 958 1591 1026; x_wconf 71' lang='grc' dir='ltr'>φαίνεται</span> <span class='ocrx_word' id='word_1_62' title='bbox 1643 958 1739 1012; x_wconf 75' lang='grc' dir='ltr'>τοῦ</span> <span class='ocrx_word' id='word_1_63' title='bbox 1783 958 1968 1028; x_wconf 84' lang='grc' dir='ltr'>στίχου</span> 
     </span>
    </p>
   </div>
   <div class='ocr_carea' id='block_1_11' title="bbox 382 1050 1883 1122">
    <p class='ocr_par' dir='ltr' id='par_1_11' title="bbox 382 1050 1883 1122">
     <span class='ocr_line' id='line_1_11' title="bbox 382 1050 1883 1122; baseline 0.003 -4"><span class='ocrx_word' id='word_1_64' title='bbox 382 1052 570 1122; x_wconf 74' lang='grc' dir='ltr'>γραφή</span> <span class='ocrx_word' id='word_1_65' title='bbox 607 1068 621 1083; x_wconf 80' lang='lat'><strong><em>°</em></strong></span> <span class='ocrx_word' id='word_1_66' title='bbox 820 1050 827 1059; x_wconf 87' lang='grc'><em>’</em></span> <span class='ocrx_word' id='word_1_67' title='bbox 1880 1070 1883 1073; x_wconf 72' lang='lat'>&#39;</span> 
     </span>
    </p>
   </div>
   <div class='ocr_carea' id='block_1_12' title="bbox 461 1140 1972 1217">
    <p class='ocr_par' dir='ltr' id='par_1_12' title="bbox 461 1140 1972 1217">
     <span class='ocr_line' id='line_1_12' title="bbox 461 1140 1972 1217; baseline 0.002 -22"><span class='ocrx_word' id='word_1_68' title='bbox 461 1146 523 1195; x_wconf 87' lang='grc' dir='ltr'><em>Ὃ</em></span> <span class='ocrx_word' id='word_1_69' title='bbox 553 1143 664 1212; x_wconf 75' lang='grc' dir='ltr'>γὰρ</span> <span class='ocrx_word' id='word_1_70' title='bbox 697 1144 949 1213; x_wconf 77' lang='grc' dir='ltr'>ἑώρακε,</span> <span class='ocrx_word' id='word_1_71' title='bbox 995 1143 1163 1217; x_wconf 68' lang='grc' dir='ltr'>φησι,</span> <span class='ocrx_word' id='word_1_72' title='bbox 1194 1143 1292 1198; x_wconf 78' lang='grc' dir='ltr'>καὶ</span> <span class='ocrx_word' id='word_1_73' title='bbox 1321 1140 1551 1212; x_wconf 80' lang='grc' dir='ltr'>ἤκουσε</span> <span class='ocrx_word' id='word_1_74' title='bbox 1570 1183 1585 1210; x_wconf 94' lang='grc'><strong>,</strong></span> <span class='ocrx_word' id='word_1_75' title='bbox 1630 1144 1806 1198; x_wconf 85' lang='grc' dir='ltr'>τοῦτο</span> <span class='ocrx_word' id='word_1_76' title='bbox 1823 1159 1972 1214; x_wconf 68' lang='lat' dir='ltr'><strong>pap-</strong></span> 
     </span>
    </p>
   </div>
   <div class='ocr_carea' id='block_1_13' title="bbox 381 1251 577 1305">
    <p class='ocr_par' dir='ltr' id='par_1_13' title="bbox 381 1251 577 1305">
     <span class='ocr_line' id='line_1_13' title="bbox 381 1251 577 1305; baseline -0.015 -15"><span class='ocrx_word' id='word_1_77' title='bbox 381 1253 543 1305; x_wconf 82' lang='grc' dir='ltr'>τυρει</span> <span class='ocrx_word' id='word_1_78' title='bbox 565 1251 577 1264; x_wconf 78' lang='grc'><em>’</em></span> 
     </span>
    </p>
   </div>
   <div class='ocr_carea' id='block_1_14' title="bbox 453 1324 1970 1398">
    <p class='ocr_par' dir='ltr' id='par_1_14' title="bbox 453 1324 1970 1398">
     <span class='ocr_line' id='line_1_14' title="bbox 453 1324 1970 1398; baseline -0.002 -18"><span class='ocrx_word' id='word_1_79' title='bbox 453 1327 591 1397; x_wconf 81' lang='grc' dir='ltr'>Φέρε</span> <span class='ocrx_word' id='word_1_80' title='bbox 622 1328 716 1381; x_wconf 75' lang='grc' dir='ltr'><strong>καὶ</strong></span> <span class='ocrx_word' id='word_1_81' title='bbox 757 1327 838 1390; x_wconf 84' lang='grc' dir='ltr'><strong>είς</strong></span> <span class='ocrx_word' id='word_1_82' title='bbox 888 1326 1059 1398; x_wconf 77' lang='grc' dir='ltr'>αὐτὴν</span> <span class='ocrx_word' id='word_1_83' title='bbox 1087 1326 1246 1395; x_wconf 81' lang='grc' dir='ltr'>ὀλίγα</span> <span class='ocrx_word' id='word_1_84' title='bbox 1288 1324 1666 1394; x_wconf 80' lang='grc' dir='ltr'>διαλεξόμεθα.</span> <span class='ocrx_word' id='word_1_85' title='bbox 1728 1325 1836 1387; x_wconf 76' lang='grc' dir='ltr'>Τὰς</span> <span class='ocrx_word' id='word_1_86' title='bbox 1886 1325 1970 1393; x_wconf 80' lang='grc' dir='ltr'><strong>ἐφ’</strong></span> 
     </span>
    </p>
   </div>
   <div class='ocr_carea' id='block_1_15' title="bbox 383 1416 1973 1492">
    <p class='ocr_par' dir='ltr' id='par_1_15' title="bbox 383 1416 1973 1492">
     <span class='ocr_line' id='line_1_15' title="bbox 383 1416 1973 1492; baseline -0.001 -20"><span class='ocrx_word' id='word_1_87' title='bbox 383 1421 600 1492; x_wconf 77' lang='grc' dir='ltr'>ἑκάστῳ</span> <span class='ocrx_word' id='word_1_88' title='bbox 619 1419 730 1473; x_wconf 83' lang='grc' dir='ltr'>τῶν</span> <span class='ocrx_word' id='word_1_89' title='bbox 753 1420 1093 1491; x_wconf 82' lang='grc' dir='ltr'><strong>πραγμάτων</strong></span> <span class='ocrx_word' id='word_1_90' title='bbox 1108 1418 1501 1488; x_wconf 75' lang='grc' dir='ltr'>πληροφορίας,</span> <span class='ocrx_word' id='word_1_91' title='bbox 1518 1417 1606 1471; x_wconf 82' lang='grc' dir='ltr'><strong>διὰ</strong></span> <span class='ocrx_word' id='word_1_92' title='bbox 1625 1416 1717 1470; x_wconf 88' lang='grc' dir='ltr'><strong>δύο</strong></span> <span class='ocrx_word' id='word_1_93' title='bbox 1737 1418 1973 1487; x_wconf 88' lang='grc' dir='ltr'>μάλιστα</span> 
     </span>
    </p>
   </div>
   <div class='ocr_carea' id='block_1_16' title="bbox 383 1508 1971 1584">
    <p class='ocr_par' dir='ltr' id='par_1_16' title="bbox 383 1508 1971 1584">
     <span class='ocr_line' id='line_1_16' title="bbox 383 1508 1971 1584; baseline -0.004 -17"><span class='ocrx_word' id='word_1_94' title='bbox 383 1514 494 1567; x_wconf 82' lang='grc' dir='ltr'><strong>τῶν</strong></span> <span class='ocrx_word' id='word_1_95' title='bbox 522 1512 871 1584; x_wconf 79' lang='grc' dir='ltr'><strong>κυριωτέρων</strong></span> <span class='ocrx_word' id='word_1_96' title='bbox 902 1511 1207 1583; x_wconf 72' lang='grc' dir='ltr'>αἰσθήσεων</span> <span class='ocrx_word' id='word_1_97' title='bbox 1244 1510 1541 1580; x_wconf 74' lang='grc' dir='ltr'>λαμϐάνειν</span> <span class='ocrx_word' id='word_1_98' title='bbox 1566 1508 1890 1579; x_wconf 81' lang='grc' dir='ltr'>πεφύκαμέν</span> <span class='ocrx_word' id='word_1_99' title='bbox 1913 1525 1971 1562; x_wconf 82' lang='grc' dir='ltr'><strong>τε</strong></span> 
     </span>
    </p>
   </div>
   <div class='ocr_carea' id='block_1_17' title="bbox 385 1596 1973 1672">
    <p class='ocr_par' dir='ltr' id='par_1_17' title="bbox 385 1596 1973 1672">
     <span class='ocr_line' id='line_1_17' title="bbox 385 1596 1973 1672; baseline -0.005 -16"><span class='ocrx_word' id='word_1_100' title='bbox 385 1604 482 1657; x_wconf 75' lang='grc' dir='ltr'><strong>καὶ</strong></span> <span class='ocrx_word' id='word_1_101' title='bbox 516 1601 937 1672; x_wconf 86' lang='grc' dir='ltr'>κατειθίσμεθα,</span> <span class='ocrx_word' id='word_1_102' title='bbox 969 1600 1143 1669; x_wconf 71' lang='grc' dir='ltr'>ὅψεως</span> <span class='ocrx_word' id='word_1_103' title='bbox 1180 1600 1243 1657; x_wconf 79' lang='grc' dir='ltr'><strong>δὴ</strong></span> <span class='ocrx_word' id='word_1_104' title='bbox 1273 1599 1416 1666; x_wconf 85' lang='grc' dir='ltr'>λέγω</span> <span class='ocrx_word' id='word_1_105' title='bbox 1460 1598 1555 1651; x_wconf 75' lang='grc' dir='ltr'><strong>καὶ</strong></span> <span class='ocrx_word' id='word_1_106' title='bbox 1583 1596 1762 1666; x_wconf 82' lang='grc' dir='ltr'>ἀκοῆς</span> <span class='ocrx_word' id='word_1_107' title='bbox 1784 1614 1797 1625; x_wconf 70' lang='grc'><strong><em>⁸</em></strong></span> <span class='ocrx_word' id='word_1_108' title='bbox 1841 1597 1973 1650; x_wconf 82' lang='grc' dir='ltr'>αὺτ-</span> 
     </span>
    </p>
   </div>
   <div class='ocr_carea' id='block_1_18' title="bbox 383 1686 1970 1764">
    <p class='ocr_par' dir='ltr' id='par_1_18' title="bbox 383 1686 1970 1764">
     <span class='ocr_line' id='line_1_18' title="bbox 383 1686 1970 1764; baseline -0.005 -19"><span class='ocrx_word' id='word_1_109' title='bbox 383 1692 543 1764; x_wconf 79' lang='grc' dir='ltr'>ήκοοί</span> <span class='ocrx_word' id='word_1_110' title='bbox 571 1709 631 1745; x_wconf 87' lang='grc' dir='ltr'><strong>τε</strong></span> <span class='ocrx_word' id='word_1_111' title='bbox 671 1690 780 1762; x_wconf 84' lang='grc' dir='ltr'>γὰρ</span> <span class='ocrx_word' id='word_1_112' title='bbox 820 1690 914 1744; x_wconf 75' lang='grc' dir='ltr'><strong>καὶ</strong></span> <span class='ocrx_word' id='word_1_113' title='bbox 947 1690 1340 1743; x_wconf 64' lang='grc' dir='ltr'>αὐτεπίσκοτιοι</span> <span class='ocrx_word' id='word_1_114' title='bbox 1385 1686 1745 1757; x_wconf 82' lang='grc' dir='ltr'>γεγενημένοι</span> <span class='ocrx_word' id='word_1_115' title='bbox 1787 1686 1970 1751; x_wconf 84' lang='grc' dir='ltr'>τινῶν,</span> 
     </span>
    </p>
   </div>
   <div class='ocr_carea' id='block_1_19' title="bbox 382 1776 1969 1851">
    <p class='ocr_par' dir='ltr' id='par_1_19' title="bbox 382 1776 1969 1851">
     <span class='ocr_line' id='line_1_19' title="bbox 382 1776 1969 1851; baseline -0.004 -14"><span class='ocrx_word' id='word_1_116' title='bbox 382 1784 477 1837; x_wconf 74' lang='grc' dir='ltr'><strong>ἐπὶ</strong></span> <span class='ocrx_word' id='word_1_117' title='bbox 522 1783 582 1836; x_wconf 86' lang='grc' dir='ltr'>τὸ</span> <span class='ocrx_word' id='word_1_118' title='bbox 627 1783 806 1851; x_wconf 86' lang='grc' dir='ltr'>λέγειν</span> <span class='ocrx_word' id='word_1_119' title='bbox 852 1781 1241 1842; x_wconf 83' lang='grc' dir='ltr'>ἀνενδοιάστως</span> <span class='ocrx_word' id='word_1_120' title='bbox 1291 1781 1420 1850; x_wconf 77' lang='grc' dir='ltr'>περὶ</span> <span class='ocrx_word' id='word_1_121' title='bbox 1454 1778 1632 1831; x_wconf 79' lang='grc' dir='ltr'>αὐτῶν</span> <span class='ocrx_word' id='word_1_122' title='bbox 1681 1776 1969 1847; x_wconf 86' lang='grc' dir='ltr'>ἐρχόμεθα.</span> 
     </span>
    </p>
   </div>
   <div class='ocr_carea' id='block_1_20' title="bbox 398 1846 2045 1941">
    <p class='ocr_par' dir='ltr' id='par_1_20' title="bbox 398 1846 2045 1941">
     <span class='ocr_line' id='line_1_20' title="bbox 398 1846 2045 1941; baseline -0.002 -17"><span class='ocrx_word' id='word_1_123' title='bbox 398 1872 729 1925; x_wconf 82' lang='grc' dir='ltr'>Ἀναπείθων</span> <span class='ocrx_word' id='word_1_124' title='bbox 763 1870 1051 1941; x_wconf 74' lang='grc' dir='ltr'>τοιγαροῦν</span> <span class='ocrx_word' id='word_1_125' title='bbox 1073 1908 1088 1931; x_wconf 92' lang='grc'><strong>,</strong></span> <span class='ocrx_word' id='word_1_126' title='bbox 1120 1868 1393 1938; x_wconf 76' lang='grc' dir='ltr'>δρομαίως</span> <span class='ocrx_word' id='word_1_127' title='bbox 1422 1868 1620 1931; x_wconf 76' lang='grc' dir='ltr'>αὐτοὺς</span> <span class='ocrx_word' id='word_1_128' title='bbox 1662 1867 1754 1920; x_wconf 71' lang='grc' dir='ltr'>ἐπὶ</span> <span class='ocrx_word' id='word_1_129' title='bbox 1779 1867 1841 1919; x_wconf 83' lang='grc' dir='ltr'><strong>τὸ</strong></span> <span class='ocrx_word' id='word_1_130' title='bbox 1881 1886 1971 1920; x_wconf 84' lang='grc' dir='ltr'>πι-</span> <span class='ocrx_word' id='word_1_131' title='bbox 2004 1846 2045 1900; x_wconf 74' lang='grc' dir='ltr'><strong>Β</strong></span> 
     </span>
    </p>
   </div>
   <div class='ocr_carea' id='block_1_21' title="bbox 389 1957 1967 2033">
    <p class='ocr_par' dir='ltr' id='par_1_21' title="bbox 389 1957 1967 2033">
     <span class='ocr_line' id='line_1_21' title="bbox 389 1957 1967 2033; baseline -0.004 -15"><span class='ocrx_word' id='word_1_132' title='bbox 389 1964 600 2018; x_wconf 80' lang='grc' dir='ltr'>στεύειν</span> <span class='ocrx_word' id='word_1_133' title='bbox 652 1964 786 2017; x_wconf 77' lang='grc' dir='ltr'>ίέναι</span> <span class='ocrx_word' id='word_1_134' title='bbox 854 1962 933 2032; x_wconf 85' lang='grc' dir='ltr'><strong>τῷ</strong></span> <span class='ocrx_word' id='word_1_135' title='bbox 982 1963 1222 2033; x_wconf 80' lang='grc' dir='ltr'>Χριστῷ,</span> <span class='ocrx_word' id='word_1_136' title='bbox 1278 1960 1426 2013; x_wconf 88' lang='grc' dir='ltr'>λαλεῖ</span> <span class='ocrx_word' id='word_1_137' title='bbox 1459 1958 1603 2030; x_wconf 82' lang='grc' dir='ltr'>γὰρ,</span> <span class='ocrx_word' id='word_1_138' title='bbox 1652 1960 1789 2031; x_wconf 83' lang='grc' dir='ltr'>ὅπερ</span> <span class='ocrx_word' id='word_1_139' title='bbox 1838 1957 1967 2024; x_wconf 77' lang='grc' dir='ltr'>οῐόε,</span> 
     </span>
    </p>
   </div>
   <div class='ocr_carea' id='block_1_22' title="bbox 386 2054 1970 2128">
    <p class='ocr_par' dir='ltr' id='par_1_22' title="bbox 386 2054 1970 2128">
     <span class='ocr_line' id='line_1_22' title="bbox 386 2054 1970 2128; baseline -0.001 -18"><span class='ocrx_word' id='word_1_140' title='bbox 386 2058 575 2128; x_wconf 63' lang='grc' dir='ltr'>φησὶν,</span> <span class='ocrx_word' id='word_1_141' title='bbox 606 2056 878 2127; x_wconf 77' lang='grc' dir='ltr'>άκριὸὦςο</span> <span class='ocrx_word' id='word_1_142' title='bbox 916 2055 1182 2126; x_wconf 79' lang='grc' dir='ltr'>λαμϐάνει</span> <span class='ocrx_word' id='word_1_143' title='bbox 1217 2055 1275 2108; x_wconf 79' lang='grc' dir='ltr'>δὲ</span> <span class='ocrx_word' id='word_1_144' title='bbox 1310 2055 1482 2109; x_wconf 85' lang='grc' dir='ltr'>πάλιν</span> <span class='ocrx_word' id='word_1_145' title='bbox 1517 2054 1592 2117; x_wconf 83' lang='grc' dir='ltr'><strong>ὡς</strong></span> <span class='ocrx_word' id='word_1_146' title='bbox 1622 2055 1681 2119; x_wconf 79' lang='grc' dir='ltr'><strong>ἐξ</strong></span> <span class='ocrx_word' id='word_1_147' title='bbox 1716 2055 1970 2126; x_wconf 80' lang='grc' dir='ltr'>ὁμοιότη-</span> 
     </span>
    </p>
   </div>
   <div class='ocr_carea' id='block_1_23' title="bbox 382 2145 1970 2219">
    <p class='ocr_par' dir='ltr' id='par_1_23' title="bbox 382 2145 1970 2219">
     <span class='ocr_line' id='line_1_23' title="bbox 382 2145 1970 2219; baseline -0.001 -17"><span class='ocrx_word' id='word_1_148' title='bbox 382 2165 476 2212; x_wconf 81' lang='grc' dir='ltr'><strong>τος</strong></span> <span class='ocrx_word' id='word_1_149' title='bbox 506 2149 603 2217; x_wconf 79' lang='grc' dir='ltr'>τῆς</span> <span class='ocrx_word' id='word_1_150' title='bbox 625 2148 747 2201; x_wconf 81' lang='grc' dir='ltr'>καθ’</span> <span class='ocrx_word' id='word_1_151' title='bbox 780 2149 926 2218; x_wconf 75' lang='grc' dir='ltr'>ἡμᾶς</span> <span class='ocrx_word' id='word_1_152' title='bbox 947 2189 963 2211; x_wconf 92' lang='grc'><strong>,</strong></span> <span class='ocrx_word' id='word_1_153' title='bbox 995 2146 1082 2200; x_wconf 82' lang='grc' dir='ltr'>ἵνα</span> <span class='ocrx_word' id='word_1_154' title='bbox 1112 2147 1321 2217; x_wconf 84' lang='grc' dir='ltr'>νοῶμεν</span> <span class='ocrx_word' id='word_1_155' title='bbox 1345 2145 1838 2219; x_wconf 81' lang='grc' dir='ltr'>θεοπρεπέστερον,</span> <span class='ocrx_word' id='word_1_156' title='bbox 1874 2148 1970 2201; x_wconf 82' lang='grc' dir='ltr'><strong>καί</strong></span> 
     </span>
    </p>
   </div>
   <div class='ocr_carea' id='block_1_24' title="bbox 385 2238 1917 2311">
    <p class='ocr_par' dir='ltr' id='par_1_24' title="bbox 385 2238 1917 2311">
     <span class='ocr_line' id='line_1_24' title="bbox 385 2238 1917 2311; baseline -0.001 -18"><span class='ocrx_word' id='word_1_157' title='bbox 385 2256 575 2311; x_wconf 82' lang='grc' dir='ltr'>φησιν·</span> <span class='ocrx_word' id='word_1_158' title='bbox 614 2259 631 2290; x_wconf 79' lang='grc' dir='ltr'><strong>ι</strong></span> <span class='ocrx_word' id='word_1_159' title='bbox 666 2242 729 2293; x_wconf 88' lang='grc' dir='ltr'><strong>Ὃ</strong></span> <span class='ocrx_word' id='word_1_160' title='bbox 758 2238 970 2310; x_wconf 80' lang='grc' dir='ltr'>ἑώρακε</span> <span class='ocrx_word' id='word_1_161' title='bbox 1018 2239 1112 2291; x_wconf 82' lang='grc' dir='ltr'><strong>καὶ</strong></span> <span class='ocrx_word' id='word_1_162' title='bbox 1145 2239 1367 2308; x_wconf 70' lang='grc' dir='ltr'>ἤκουσε,</span> <span class='ocrx_word' id='word_1_163' title='bbox 1394 2238 1552 2291; x_wconf 80' lang='grc' dir='ltr'>τοῦτο</span> <span class='ocrx_word' id='word_1_164' title='bbox 1581 2242 1867 2308; x_wconf 87' lang='grc' dir='ltr'>μαρτυρεῖ.</span> <span class='ocrx_word' id='word_1_165' title='bbox 1899 2258 1917 2291; x_wconf 84' lang='grc'>›</span> 
     </span>
    </p>
   </div>
   <div class='ocr_carea' id='block_1_25' title="bbox 464 2329 1830 2401">
    <p class='ocr_par' dir='ltr' id='par_1_25' title="bbox 464 2329 1830 2401">
     <span class='ocr_line' id='line_1_25' title="bbox 464 2329 1830 2401; baseline -0.001 -15"><span class='ocrx_word' id='word_1_166' title='bbox 464 2332 570 2387; x_wconf 78' lang='grc' dir='ltr'><strong>Καὶ</strong></span> <span class='ocrx_word' id='word_1_167' title='bbox 594 2332 707 2400; x_wconf 83' lang='grc' dir='ltr'>τὴν</span> <span class='ocrx_word' id='word_1_168' title='bbox 724 2332 1058 2401; x_wconf 77' lang='grc' dir='ltr'>μαρτυρίαν</span> <span class='ocrx_word' id='word_1_169' title='bbox 1083 2330 1269 2385; x_wconf 81' lang='grc' dir='ltr'>αὐτοῦ</span> <span class='ocrx_word' id='word_1_170' title='bbox 1303 2329 1499 2396; x_wconf 69' lang='grc' dir='ltr'>οὐδεὶς</span> <span class='ocrx_word' id='word_1_171' title='bbox 1516 2330 1830 2400; x_wconf 79' lang='grc' dir='ltr'>λαμϐάνει.</span> 
     </span>
    </p>
   </div>
   <div class='ocr_carea' id='block_1_26' title="bbox 457 2418 1967 2493">
    <p class='ocr_par' dir='ltr' id='par_1_26' title="bbox 457 2418 1967 2493">
     <span class='ocr_line' id='line_1_26' title="bbox 457 2418 1967 2493; baseline -0.001 -17"><span class='ocrx_word' id='word_1_172' title='bbox 457 2424 570 2493; x_wconf 82' lang='grc' dir='ltr'>Οὐχ</span> <span class='ocrx_word' id='word_1_173' title='bbox 599 2423 673 2486; x_wconf 83' lang='grc' dir='ltr'>ὡς</span> <span class='ocrx_word' id='word_1_174' title='bbox 703 2421 934 2493; x_wconf 79' lang='grc' dir='ltr'>μηδενὸς</span> <span class='ocrx_word' id='word_1_175' title='bbox 964 2420 1255 2491; x_wconf 86' lang='grc' dir='ltr'>δεχομένου</span> <span class='ocrx_word' id='word_1_176' title='bbox 1287 2420 1386 2489; x_wconf 84' lang='grc' dir='ltr'>τὴν</span> <span class='ocrx_word' id='word_1_177' title='bbox 1416 2418 1721 2492; x_wconf 82' lang='grc' dir='ltr'>μαρτυρίαν</span> <span class='ocrx_word' id='word_1_178' title='bbox 1766 2420 1869 2490; x_wconf 81' lang='grc' dir='ltr'>(ὅτι</span> <span class='ocrx_word' id='word_1_179' title='bbox 1903 2421 1967 2490; x_wconf 80' lang='grc' dir='ltr'><strong>δὴ</strong></span> 
     </span>
    </p>
   </div>
   <div class='ocr_carea' id='block_1_27' title="bbox 388 2511 1969 2585">
    <p class='ocr_par' dir='ltr' id='par_1_27' title="bbox 388 2511 1969 2585">
     <span class='ocr_line' id='line_1_27' title="bbox 388 2511 1969 2585; baseline -0.001 -18"><span class='ocrx_word' id='word_1_180' title='bbox 388 2515 484 2567; x_wconf 79' lang='grc' dir='ltr'>καὶ</span> <span class='ocrx_word' id='word_1_181' title='bbox 520 2513 658 2576; x_wconf 78' lang='grc' dir='ltr'>Θεὸς</span> <span class='ocrx_word' id='word_1_182' title='bbox 697 2513 838 2567; x_wconf 74' lang='grc' dir='ltr'>κατὰ</span> <span class='ocrx_word' id='word_1_183' title='bbox 870 2511 1031 2581; x_wconf 83' lang='grc' dir='ltr'>φύσιν</span> <span class='ocrx_word' id='word_1_184' title='bbox 1084 2513 1317 2585; x_wconf 82' lang='grc' dir='ltr'>ὑπάρχει</span> <span class='ocrx_word' id='word_1_185' title='bbox 1351 2513 1616 2584; x_wconf 85' lang='grc' dir='ltr'>Χριστὸς,</span> <span class='ocrx_word' id='word_1_186' title='bbox 1662 2513 1872 2567; x_wconf 80' lang='grc' dir='ltr'>ἄνωθέν</span> <span class='ocrx_word' id='word_1_187' title='bbox 1909 2527 1969 2565; x_wconf 83' lang='grc' dir='ltr'><strong>τε</strong></span> 
     </span>
    </p>
   </div>
   <div class='ocr_carea' id='block_1_28' title="bbox 384 2600 1971 2672">
    <p class='ocr_par' dir='ltr' id='par_1_28' title="bbox 384 2600 1971 2672">
     <span class='ocr_line' id='line_1_28' title="bbox 384 2600 1971 2672; baseline 0.001 -18"><span class='ocrx_word' id='word_1_188' title='bbox 384 2602 480 2655; x_wconf 77' lang='grc' dir='ltr'><strong>καὶ</strong></span> <span class='ocrx_word' id='word_1_189' title='bbox 514 2604 577 2655; x_wconf 84' lang='grc' dir='ltr'><strong>ἐκ</strong></span> <span class='ocrx_word' id='word_1_190' title='bbox 622 2601 835 2672; x_wconf 65' lang='grc' dir='ltr'>Πατρός</span> <span class='ocrx_word' id='word_1_191' title='bbox 859 2600 1179 2671; x_wconf 81' lang='grc' dir='ltr'>ὁρμώμενος</span> <span class='ocrx_word' id='word_1_192' title='bbox 1200 2642 1214 2665; x_wconf 95' lang='grc'><strong>,</strong></span> <span class='ocrx_word' id='word_1_193' title='bbox 1248 2602 1432 2656; x_wconf 84' lang='grc' dir='ltr'>ἐπάνω</span> <span class='ocrx_word' id='word_1_194' title='bbox 1462 2603 1679 2655; x_wconf 86' lang='grc' dir='ltr'>πάντων</span> <span class='ocrx_word' id='word_1_195' title='bbox 1714 2604 1872 2670; x_wconf 76' lang='grc' dir='ltr'>ἐστὶ),</span> <span class='ocrx_word' id='word_1_196' title='bbox 1901 2600 1971 2655; x_wconf 82' lang='grc' dir='ltr'><strong>τά</strong></span> 
     </span>
    </p>
   </div>
   <div class='ocr_carea' id='block_1_29' title="bbox 383 2692 1969 2766">
    <p class='ocr_par' dir='ltr' id='par_1_29' title="bbox 383 2692 1969 2766">
     <span class='ocr_line' id='line_1_29' title="bbox 383 2692 1969 2766; baseline 0.002 -22"><span class='ocrx_word' id='word_1_197' title='bbox 383 2692 608 2746; x_wconf 81' lang='grc' dir='ltr'>τοιαῦτά</span> <span class='ocrx_word' id='word_1_198' title='bbox 650 2710 813 2763; x_wconf 83' lang='grc' dir='ltr'>φησιν</span> <span class='ocrx_word' id='word_1_199' title='bbox 854 2695 881 2746; x_wconf 92' lang='lat'><strong>6</strong></span> <span class='ocrx_word' id='word_1_200' title='bbox 930 2694 1198 2763; x_wconf 82' lang='grc' dir='ltr'>μακάριος</span> <span class='ocrx_word' id='word_1_201' title='bbox 1243 2695 1553 2763; x_wconf 69' lang='grc' dir='ltr'>Βαπτιστὴς</span> <span class='ocrx_word' id='word_1_202' title='bbox 1608 2694 1829 2765; x_wconf 77' lang='grc' dir='ltr'>(πολλοὶ</span> <span class='ocrx_word' id='word_1_203' title='bbox 1860 2694 1969 2766; x_wconf 83' lang='grc' dir='ltr'><strong>γάρ</strong></span> 
     </span>
    </p>
   </div>
   <div class='ocr_carea' id='block_1_30' title="bbox 384 2784 1969 2856">
    <p class='ocr_par' dir='ltr' id='par_1_30' title="bbox 384 2784 1969 2856">
     <span class='ocr_line' id='line_1_30' title="bbox 384 2784 1969 2856; baseline 0.003 -21"><span class='ocrx_word' id='word_1_204' title='bbox 384 2784 633 2850; x_wconf 77' lang='grc' dir='ltr'>ἐδέξαντο</span> <span class='ocrx_word' id='word_1_205' title='bbox 673 2785 767 2837; x_wconf 73' lang='grc' dir='ltr'>καὶ</span> <span class='ocrx_word' id='word_1_206' title='bbox 812 2785 1247 2848; x_wconf 84' lang='grc' dir='ltr'>πεπισκεύκασι,</span> <span class='ocrx_word' id='word_1_207' title='bbox 1296 2787 1390 2839; x_wconf 81' lang='grc' dir='ltr'><strong>καὶ</strong></span> <span class='ocrx_word' id='word_1_208' title='bbox 1422 2786 1527 2856; x_wconf 87' lang='grc' dir='ltr'><strong>πρό</strong></span> <span class='ocrx_word' id='word_1_209' title='bbox 1574 2804 1637 2854; x_wconf 87' lang='grc' dir='ltr'><strong>γε</strong></span> <span class='ocrx_word' id='word_1_210' title='bbox 1684 2787 1901 2840; x_wconf 89' lang='grc' dir='ltr'>πάντων</span> <span class='ocrx_word' id='word_1_211' title='bbox 1940 2790 1969 2840; x_wconf 87' lang='lat'><strong>6</strong></span> 
     </span>
    </p>
   </div>
   <div class='ocr_carea' id='block_1_31' title="bbox 387 2874 1968 2949">
    <p class='ocr_par' dir='ltr' id='par_1_31' title="bbox 387 2874 1968 2949">
     <span class='ocr_line' id='line_1_31' title="bbox 387 2874 1968 2949; baseline 0.003 -21"><span class='ocrx_word' id='word_1_212' title='bbox 387 2876 615 2948; x_wconf 79' lang='grc' dir='ltr'>Πέτρος,</span> <span class='ocrx_word' id='word_1_213' title='bbox 652 2876 842 2929; x_wconf 74' lang='grc' dir='ltr'>εἰπών’</span> <span class='ocrx_word' id='word_1_214' title='bbox 888 2896 905 2929; x_wconf 74' lang='grc' dir='ltr'><strong>ι</strong></span> <span class='ocrx_word' id='word_1_215' title='bbox 944 2878 1015 2931; x_wconf 78' lang='grc' dir='ltr'><strong>Σὺ</strong></span> <span class='ocrx_word' id='word_1_216' title='bbox 1060 2874 1111 2931; x_wconf 80' lang='grc' dir='ltr'>εἶ</span> <span class='ocrx_word' id='word_1_217' title='bbox 1152 2880 1178 2931; x_wconf 89' lang='grc' dir='ltr'>ὁ</span> <span class='ocrx_word' id='word_1_218' title='bbox 1212 2879 1440 2949; x_wconf 80' lang='grc' dir='ltr'>Χριστὸς</span> <span class='ocrx_word' id='word_1_219' title='bbox 1485 2881 1512 2932; x_wconf 94' lang='lat'><strong>6</strong></span> <span class='ocrx_word' id='word_1_220' title='bbox 1547 2880 1676 2942; x_wconf 74' lang='grc' dir='ltr'>Υἱὸς</span> <span class='ocrx_word' id='word_1_221' title='bbox 1706 2880 1798 2933; x_wconf 82' lang='grc' dir='ltr'>τοῦ</span> <span class='ocrx_word' id='word_1_222' title='bbox 1832 2880 1968 2934; x_wconf 80' lang='grc' dir='ltr'>Θεοῦ</span> 
     </span>
    </p>
   </div>
   <div class='ocr_carea' id='block_1_32' title="bbox 383 2967 1969 3042">
    <p class='ocr_par' dir='ltr' id='par_1_32' title="bbox 383 2967 1969 3042">
     <span class='ocr_line' id='line_1_32' title="bbox 383 2967 1969 3042; baseline 0.003 -22"><span class='ocrx_word' id='word_1_223' title='bbox 383 2967 481 3022; x_wconf 75' lang='grc' dir='ltr'>τοῦ</span> <span class='ocrx_word' id='word_1_224' title='bbox 515 2968 716 3032; x_wconf 76' lang='grc' dir='ltr'>ζῶντος</span> <span class='ocrx_word' id='word_1_225' title='bbox 742 2988 758 3029; x_wconf 65' lang='grc' dir='ltr'><strong>ι</strong></span> <span class='ocrx_word' id='word_1_226' title='bbox 787 2970 827 3039; x_wconf 85' lang='grc'><strong>)·</strong></span> <span class='ocrx_word' id='word_1_227' title='bbox 859 2969 972 3023; x_wconf 82' lang='grc' dir='ltr'>ἀλλ’</span> <span class='ocrx_word' id='word_1_228' title='bbox 1007 2969 1081 3032; x_wconf 85' lang='grc' dir='ltr'>ὼς</span> <span class='ocrx_word' id='word_1_229' title='bbox 1107 2969 1216 3022; x_wconf 83' lang='grc' dir='ltr'><strong>τῶν</strong></span> <span class='ocrx_word' id='word_1_230' title='bbox 1258 2969 1511 3023; x_wconf 81' lang='grc' dir='ltr'>ἁπάντων</span> <span class='ocrx_word' id='word_1_231' title='bbox 1539 2971 1703 3033; x_wconf 63' lang='lat' dir='ltr'><strong>a616,;</strong></span> <span class='ocrx_word' id='word_1_232' title='bbox 1745 2971 1969 3042; x_wconf 78' lang='grc' dir='ltr'>ἀκριϐέ-</span> 
     </span>
    </p>
   </div>
   <div class='ocr_carea' id='block_1_33' title="bbox 389 3060 1969 3133">
    <p class='ocr_par' dir='ltr' id='par_1_33' title="bbox 389 3060 1969 3133">
     <span class='ocr_line' id='line_1_33' title="bbox 389 3060 1969 3133; baseline 0.003 -21"><span class='ocrx_word' id='word_1_233' title='bbox 389 3077 580 3131; x_wconf 81' lang='grc' dir='ltr'>στερον</span> <span class='ocrx_word' id='word_1_234' title='bbox 607 3060 665 3113; x_wconf 78' lang='grc' dir='ltr'>τὸ</span> <span class='ocrx_word' id='word_1_235' title='bbox 697 3061 841 3131; x_wconf 86' lang='grc' dir='ltr'>μέγα</span> <span class='ocrx_word' id='word_1_236' title='bbox 875 3060 967 3114; x_wconf 76' lang='grc' dir='ltr'><strong>τοῦ</strong></span> <span class='ocrx_word' id='word_1_237' title='bbox 1000 3060 1287 3124; x_wconf 82' lang='grc' dir='ltr'>λαλοῦντος</span> <span class='ocrx_word' id='word_1_238' title='bbox 1313 3062 1571 3133; x_wconf 80' lang='grc' dir='ltr'>ἐννοήσας</span> <span class='ocrx_word' id='word_1_239' title='bbox 1594 3062 1807 3133; x_wconf 76' lang='grc' dir='ltr'>ἀξίωμα</span> <span class='ocrx_word' id='word_1_240' title='bbox 1826 3103 1839 3125; x_wconf 92' lang='grc'><strong>,</strong></span> <span class='ocrx_word' id='word_1_241' title='bbox 1872 3080 1969 3132; x_wconf 90' lang='grc' dir='ltr'>μο-</span> 
     </span>
    </p>
   </div>
   <div class='ocr_carea' id='block_1_34' title="bbox 2068 594 3643 665">
    <p class='ocr_par' dir='ltr' id='par_1_34' title="bbox 2068 594 3643 665">
     <span class='ocr_line' id='line_1_34' title="bbox 2068 594 3643 665; baseline 0.006 -17"><span class='ocrx_word' id='word_1_242' title='bbox 2068 595 2358 660; x_wconf 84' lang='lat' dir='ltr'><strong>deorsum,</strong></span> <span class='ocrx_word' id='word_1_243' title='bbox 2413 603 2467 650; x_wconf 92' lang='lat' dir='ltr'><strong>et</strong></span> <span class='ocrx_word' id='word_1_244' title='bbox 2517 595 2584 651; x_wconf 87' lang='lat' dir='ltr'><strong>de</strong></span> <span class='ocrx_word' id='word_1_245' title='bbox 2631 603 2812 665; x_wconf 88' lang='lat' dir='ltr'><strong>terra,</strong></span> <span class='ocrx_word' id='word_1_246' title='bbox 2863 594 3180 652; x_wconf 86' lang='lat' dir='ltr'><strong>necessario</strong></span> <span class='ocrx_word' id='word_1_247' title='bbox 3224 610 3285 650; x_wconf 80' lang='lat' dir='ltr'><strong>ex</strong></span> <span class='ocrx_word' id='word_1_248' title='bbox 3340 595 3643 657; x_wconf 76' lang='lat' dir='ltr'><strong>Salvatoris</strong></span> 
     </span>
    </p>
   </div>
   <div class='ocr_carea' id='block_1_35' title="bbox 2068 686 3645 758">
    <p class='ocr_par' dir='ltr' id='par_1_35' title="bbox 2068 686 3645 758">
     <span class='ocr_line' id='line_1_35' title="bbox 2068 686 3645 758; baseline 0.005 -20"><span class='ocrx_word' id='word_1_249' title='bbox 2068 686 2247 755; x_wconf 86' lang='lat' dir='ltr'><strong>ipsius</strong></span> <span class='ocrx_word' id='word_1_250' title='bbox 2289 688 2478 743; x_wconf 83' lang='lat' dir='ltr'><strong>verbis</strong></span> <span class='ocrx_word' id='word_1_251' title='bbox 2500 688 2778 743; x_wconf 88' lang='lat' dir='ltr'><strong>dictorum</strong></span> <span class='ocrx_word' id='word_1_252' title='bbox 2817 687 3145 743; x_wconf 87' lang='lat' dir='ltr'><strong>sententiam</strong></span> <span class='ocrx_word' id='word_1_253' title='bbox 3173 690 3535 758; x_wconf 83' lang='lat' dir='ltr'><strong>comprobat,</strong></span> <span class='ocrx_word' id='word_1_254' title='bbox 3590 700 3645 746; x_wconf 83' lang='lat' dir='ltr'><strong>et</strong></span> 
     </span>
    </p>
   </div>
   <div class='ocr_carea' id='block_1_36' title="bbox 2068 778 3645 850">
    <p class='ocr_par' dir='ltr' id='par_1_36' title="bbox 2068 778 3645 850">
     <span class='ocr_line' id='line_1_36' title="bbox 2068 778 3645 850; baseline 0.003 -19"><span class='ocrx_word' id='word_1_255' title='bbox 2068 778 2307 832; x_wconf 74' lang='lat' dir='ltr'><strong>ostendit</strong></span> <span class='ocrx_word' id='word_1_256' title='bbox 2334 793 2455 833; x_wconf 90' lang='lat' dir='ltr'><strong>eam</strong></span> <span class='ocrx_word' id='word_1_257' title='bbox 2492 779 2898 850; x_wconf 76' lang='lat' dir='ltr'><strong>expositionem</strong></span> <span class='ocrx_word' id='word_1_258' title='bbox 2932 794 3042 834; x_wconf 86' lang='lat' dir='ltr'><strong>non</strong></span> <span class='ocrx_word' id='word_1_259' title='bbox 3080 793 3237 845; x_wconf 89' lang='lat' dir='ltr'><strong>csse,</strong></span> <span class='ocrx_word' id='word_1_260' title='bbox 3268 786 3331 833; x_wconf 88' lang='lat' dir='ltr'><strong>ut</strong></span> <span class='ocrx_word' id='word_1_261' title='bbox 3354 780 3645 837; x_wconf 78' lang='lat' dir='ltr'><strong>existima-</strong></span> 
     </span>
    </p>
   </div>
   <div class='ocr_carea' id='block_1_37' title="bbox 2068 870 3643 942">
    <p class='ocr_par' dir='ltr' id='par_1_37' title="bbox 2068 870 3643 942">
     <span class='ocr_line' id='line_1_37' title="bbox 2068 870 3643 942; baseline -0.001 -16"><span class='ocrx_word' id='word_1_262' title='bbox 2068 873 2222 938; x_wconf 83' lang='lat' dir='ltr'><strong>bant,</strong></span> <span class='ocrx_word' id='word_1_263' title='bbox 2251 870 2496 936; x_wconf 86' lang='lat' dir='ltr'><strong>inanem,</strong></span> <span class='ocrx_word' id='word_1_264' title='bbox 2525 872 2625 927; x_wconf 84' lang='lat' dir='ltr'><strong>sed</strong></span> <span class='ocrx_word' id='word_1_265' title='bbox 2651 872 2862 927; x_wconf 88' lang='lat' dir='ltr'><strong>claram</strong></span> <span class='ocrx_word' id='word_1_266' title='bbox 2902 872 3089 942; x_wconf 89' lang='lat' dir='ltr'><strong>potius</strong></span> <span class='ocrx_word' id='word_1_267' title='bbox 3115 871 3643 928; x_wconf 75' lang='lat' dir='ltr'><strong>demonstrationem</strong></span> 
     </span>
    </p>
   </div>
   <div class='ocr_carea' id='block_1_38' title="bbox 2070 963 3646 1037">
    <p class='ocr_par' dir='ltr' id='par_1_38' title="bbox 2070 963 3646 1037">
     <span class='ocr_line' id='line_1_38' title="bbox 2070 963 3646 1037; baseline 0.003 -22"><span class='ocrx_word' id='word_1_268' title='bbox 2070 964 2340 1019; x_wconf 82' lang='lat' dir='ltr'><strong>veritatis.</strong></span> <span class='ocrx_word' id='word_1_269' title='bbox 2379 964 2652 1030; x_wconf 88' lang='lat' dir='ltr'><strong>Quoniam</strong></span> <span class='ocrx_word' id='word_1_270' title='bbox 2697 973 2881 1021; x_wconf 88' lang='lat' dir='ltr'><strong>autem</strong></span> <span class='ocrx_word' id='word_1_271' title='bbox 2911 966 2970 1023; x_wconf 89' lang='lat' dir='ltr'><strong>in</strong></span> <span class='ocrx_word' id='word_1_272' title='bbox 3007 963 3285 1021; x_wconf 82' lang='lat' dir='ltr'><strong>versiculo</strong></span> <span class='ocrx_word' id='word_1_273' title='bbox 3313 964 3476 1021; x_wconf 79' lang='lat' dir='ltr'><strong>aliter</strong></span> <span class='ocrx_word' id='word_1_274' title='bbox 3504 980 3646 1037; x_wconf 86' lang='lat' dir='ltr'><strong>quo-</strong></span> 
     </span>
    </p>
   </div>
   <div class='ocr_carea' id='block_1_39' title="bbox 2068 1056 2760 1126">
    <p class='ocr_par' dir='ltr' id='par_1_39' title="bbox 2068 1056 2760 1126">
     <span class='ocr_line' id='line_1_39' title="bbox 2068 1056 2760 1126; baseline 0.006 -17"><span class='ocrx_word' id='word_1_275' title='bbox 2068 1071 2176 1124; x_wconf 90' lang='lat' dir='ltr'><strong>que</strong></span> <span class='ocrx_word' id='word_1_276' title='bbox 2204 1056 2474 1126; x_wconf 90' lang='lat' dir='ltr'><strong>scriptum</strong></span> <span class='ocrx_word' id='word_1_277' title='bbox 2504 1056 2721 1113; x_wconf 90' lang='lat' dir='ltr'><strong>videtur</strong></span> <span class='ocrx_word' id='word_1_278' title='bbox 2746 1076 2760 1113; x_wconf 90' lang='lat'><strong>:</strong></span> 
     </span>
    </p>
   </div>
   <div class='ocr_carea' id='block_1_40' title="bbox 2144 1145 3647 1219">
    <p class='ocr_par' dir='ltr' id='par_1_40' title="bbox 2144 1145 3647 1219">
     <span class='ocr_line' id='line_1_40' title="bbox 2144 1145 3647 1219; baseline 0.002 -21"><span class='ocrx_word' id='word_1_279' title='bbox 2144 1145 2236 1210; x_wconf 89' lang='lat' dir='ltr'><strong>Ill,</strong></span> <span class='ocrx_word' id='word_1_280' title='bbox 2265 1148 2355 1202; x_wconf 74' lang='grc'><strong>52.</strong></span> <span class='ocrx_word' id='word_1_281' title='bbox 2398 1147 2552 1214; x_wconf 78' lang='lat' dir='ltr'><strong>Quod</strong></span> <span class='ocrx_word' id='word_1_282' title='bbox 2583 1147 2905 1215; x_wconf 73' lang='lat' dir='ltr'><strong>enimuidit,</strong></span> <span class='ocrx_word' id='word_1_283' title='bbox 2937 1147 3139 1219; x_wconf 87' lang='lat' dir='ltr'><strong>inquit,</strong></span> <span class='ocrx_word' id='word_1_284' title='bbox 3172 1160 3222 1204; x_wconf 71' lang='lat' dir='ltr'><strong>ct</strong></span> <span class='ocrx_word' id='word_1_285' title='bbox 3284 1148 3511 1216; x_wconf 77' lang='lat' dir='ltr'><strong>audivit,</strong></span> <span class='ocrx_word' id='word_1_286' title='bbox 3550 1147 3647 1202; x_wconf 78' lang='lat' dir='ltr'><strong>hoc</strong></span> 
     </span>
    </p>
   </div>
   <div class='ocr_carea' id='block_1_41' title="bbox 2075 1246 2335 1301">
    <p class='ocr_par' dir='ltr' id='par_1_41' title="bbox 2075 1246 2335 1301">
     <span class='ocr_line' id='line_1_41' title="bbox 2075 1246 2335 1301; baseline -0.004 -10"><span class='ocrx_word' id='word_1_287' title='bbox 2075 1246 2297 1292; x_wconf 74' lang='lat' dir='ltr'><strong>testatur</strong></span> <span class='ocrx_word' id='word_1_288' title='bbox 2314 1255 2335 1301; x_wconf 87' lang='lat'><strong><em>;</em></strong></span> 
     </span>
    </p>
   </div>
   <div class='ocr_carea' id='block_1_42' title="bbox 2154 1329 3648 1402">
    <p class='ocr_par' dir='ltr' id='par_1_42' title="bbox 2154 1329 3648 1402">
     <span class='ocr_line' id='line_1_42' title="bbox 2154 1329 3648 1402; baseline 0 -19"><span class='ocrx_word' id='word_1_289' title='bbox 2154 1331 2388 1400; x_wconf 66' lang='lat' dir='ltr'><strong>Agedum</strong></span> <span class='ocrx_word' id='word_1_290' title='bbox 2425 1346 2595 1401; x_wconf 90' lang='lat' dir='ltr'><strong>pauca</strong></span> <span class='ocrx_word' id='word_1_291' title='bbox 2610 1333 2859 1402; x_wconf 69' lang='lat' dir='ltr'><strong>quaedam</strong></span> <span class='ocrx_word' id='word_1_292' title='bbox 2888 1333 2945 1386; x_wconf 92' lang='lat' dir='ltr'><strong>in</strong></span> <span class='ocrx_word' id='word_1_293' title='bbox 2981 1332 3116 1386; x_wconf 84' lang='lat' dir='ltr'><strong>illud</strong></span> <span class='ocrx_word' id='word_1_294' title='bbox 3137 1332 3501 1388; x_wconf 74' lang='lat' dir='ltr'><strong>disseramus.</strong></span> <span class='ocrx_word' id='word_1_295' title='bbox 3530 1329 3648 1384; x_wconf 81' lang='lat' dir='ltr'><strong>Duo</strong></span> 
     </span>
    </p>
   </div>
   <div class='ocr_carea' id='block_1_43' title="bbox 2074 1421 3647 1494">
    <p class='ocr_par' dir='ltr' id='par_1_43' title="bbox 2074 1421 3647 1494">
     <span class='ocr_line' id='line_1_43' title="bbox 2074 1421 3647 1494; baseline -0.001 -19"><span class='ocrx_word' id='word_1_296' title='bbox 2074 1421 2239 1476; x_wconf 89' lang='lat' dir='ltr'><strong>nobis</strong></span> <span class='ocrx_word' id='word_1_297' title='bbox 2279 1429 2410 1477; x_wconf 87' lang='lat' dir='ltr'><strong>sunt</strong></span> <span class='ocrx_word' id='word_1_298' title='bbox 2458 1438 2682 1488; x_wconf 86' lang='lat' dir='ltr'><strong>sensus,</strong></span> <span class='ocrx_word' id='word_1_299' title='bbox 2743 1424 2949 1494; x_wconf 87' lang='lat' dir='ltr'><strong>quibus</strong></span> <span class='ocrx_word' id='word_1_300' title='bbox 2999 1424 3350 1493; x_wconf 84' lang='lat' dir='ltr'><strong>potissimum</strong></span> <span class='ocrx_word' id='word_1_301' title='bbox 3402 1422 3647 1479; x_wconf 86' lang='lat' dir='ltr'><strong>solemus</strong></span> 
     </span>
    </p>
   </div>
   <div class='ocr_carea' id='block_1_44' title="bbox 2074 1513 3643 1575">
    <p class='ocr_par' dir='ltr' id='par_1_44' title="bbox 2074 1513 3643 1575">
     <span class='ocr_line' id='line_1_44' title="bbox 2074 1513 3643 1575; baseline -0.001 -8"><span class='ocrx_word' id='word_1_302' title='bbox 2074 1513 2141 1567; x_wconf 86' lang='lat' dir='ltr'><strong>de</strong></span> <span class='ocrx_word' id='word_1_303' title='bbox 2167 1527 2351 1567; x_wconf 88' lang='lat' dir='ltr'><strong>rerum</strong></span> <span class='ocrx_word' id='word_1_304' title='bbox 2387 1516 2614 1569; x_wconf 84' lang='lat' dir='ltr'><strong>veritate</strong></span> <span class='ocrx_word' id='word_1_305' title='bbox 2665 1514 2779 1570; x_wconf 82' lang='lat' dir='ltr'><strong>ﬁeri</strong></span> <span class='ocrx_word' id='word_1_306' title='bbox 2832 1515 3101 1570; x_wconf 88' lang='lat' dir='ltr'><strong>certiores</strong></span> <span class='ocrx_word' id='word_1_307' title='bbox 3124 1553 3139 1575; x_wconf 88' lang='lat'><strong>.</strong></span> <span class='ocrx_word' id='word_1_308' title='bbox 3175 1515 3329 1569; x_wconf 87' lang='lat' dir='ltr'><strong>visus</strong></span> <span class='ocrx_word' id='word_1_309' title='bbox 3380 1513 3643 1567; x_wconf 84' lang='lat' dir='ltr'><strong>nimirum</strong></span> 
     </span>
    </p>
   </div>
   <div class='ocr_carea' id='block_1_45' title="bbox 2075 1603 3645 1675">
    <p class='ocr_par' dir='ltr' id='par_1_45' title="bbox 2075 1603 3645 1675">
     <span class='ocr_line' id='line_1_45' title="bbox 2075 1603 3645 1675; baseline 0.001 -18"><span class='ocrx_word' id='word_1_310' title='bbox 2075 1612 2128 1657; x_wconf 91' lang='lat' dir='ltr'><strong>et</strong></span> <span class='ocrx_word' id='word_1_311' title='bbox 2157 1604 2400 1659; x_wconf 88' lang='lat' dir='ltr'><strong>auditus.</strong></span> <span class='ocrx_word' id='word_1_312' title='bbox 2436 1605 2568 1671; x_wconf 84' lang='lat' dir='ltr'><strong>Quae</strong></span> <span class='ocrx_word' id='word_1_313' title='bbox 2596 1607 2745 1661; x_wconf 89' lang='lat' dir='ltr'><strong>enim</strong></span> <span class='ocrx_word' id='word_1_314' title='bbox 2786 1604 3105 1660; x_wconf 85' lang='lat' dir='ltr'><strong>audivimus</strong></span> <span class='ocrx_word' id='word_1_315' title='bbox 3131 1604 3261 1675; x_wconf 88' lang='lat' dir='ltr'><strong>ipsi,</strong></span> <span class='ocrx_word' id='word_1_316' title='bbox 3292 1619 3359 1658; x_wconf 83' lang='lat' dir='ltr'><strong>ac</strong></span> <span class='ocrx_word' id='word_1_317' title='bbox 3387 1603 3645 1669; x_wconf 80' lang='lat' dir='ltr'><strong>vidimus,</strong></span> 
     </span>
    </p>
   </div>
   <div class='ocr_carea' id='block_1_46' title="bbox 2075 1693 3649 1766">
    <p class='ocr_par' dir='ltr' id='par_1_46' title="bbox 2075 1693 3649 1766">
     <span class='ocr_line' id='line_1_46' title="bbox 2075 1693 3649 1766; baseline 0 -18"><span class='ocrx_word' id='word_1_318' title='bbox 2075 1693 2144 1748; x_wconf 90' lang='lat' dir='ltr'><strong>de</strong></span> <span class='ocrx_word' id='word_1_319' title='bbox 2194 1694 2266 1749; x_wconf 88' lang='lat' dir='ltr'><strong>iis</strong></span> <span class='ocrx_word' id='word_1_320' title='bbox 2299 1705 2452 1750; x_wconf 91' lang='lat' dir='ltr'><strong>certo</strong></span> <span class='ocrx_word' id='word_1_321' title='bbox 2475 1704 2531 1751; x_wconf 91' lang='lat' dir='ltr'><strong>et</strong></span> <span class='ocrx_word' id='word_1_322' title='bbox 2580 1697 2888 1753; x_wconf 84' lang='lat' dir='ltr'><strong>indubitate</strong></span> <span class='ocrx_word' id='word_1_323' title='bbox 2940 1698 3238 1766; x_wconf 88' lang='lat' dir='ltr'><strong>loquimur.</strong></span> <span class='ocrx_word' id='word_1_324' title='bbox 3293 1694 3429 1752; x_wconf 82' lang='lat' dir='ltr'><strong>Cum</strong></span> <span class='ocrx_word' id='word_1_325' title='bbox 3482 1695 3649 1766; x_wconf 84' lang='lat' dir='ltr'><strong>igitur</strong></span> 
     </span>
    </p>
   </div>
   <div class='ocr_carea' id='block_1_47' title="bbox 2075 1784 3649 1858">
    <p class='ocr_par' dir='ltr' id='par_1_47' title="bbox 2075 1784 3649 1858">
     <span class='ocr_line' id='line_1_47' title="bbox 2075 1784 3649 1858; baseline 0 -17"><span class='ocrx_word' id='word_1_326' title='bbox 2075 1800 2173 1841; x_wconf 90' lang='lat' dir='ltr'><strong>eos</strong></span> <span class='ocrx_word' id='word_1_327' title='bbox 2207 1784 2273 1839; x_wconf 89' lang='lat' dir='ltr'><strong>ad</strong></span> <span class='ocrx_word' id='word_1_328' title='bbox 2325 1785 2531 1843; x_wconf 86' lang='lat' dir='ltr'><strong>Christi</strong></span> <span class='ocrx_word' id='word_1_329' title='bbox 2573 1788 2733 1843; x_wconf 80' lang='lat' dir='ltr'><strong>ﬁdem</strong></span> <span class='ocrx_word' id='word_1_330' title='bbox 2773 1789 3145 1858; x_wconf 88' lang='lat' dir='ltr'><strong>arripiendam</strong></span> <span class='ocrx_word' id='word_1_331' title='bbox 3198 1788 3532 1851; x_wconf 77' lang='lat' dir='ltr'><strong>hortaretur,</strong></span> <span class='ocrx_word' id='word_1_332' title='bbox 3569 1786 3649 1841; x_wconf 84' lang='lat' dir='ltr'><strong>lo-</strong></span> 
     </span>
    </p>
   </div>
   <div class='ocr_carea' id='block_1_48' title="bbox 2074 1877 3648 1949">
    <p class='ocr_par' dir='ltr' id='par_1_48' title="bbox 2074 1877 3648 1949">
     <span class='ocr_line' id='line_1_48' title="bbox 2074 1877 3648 1949; baseline -0.001 -18"><span class='ocrx_word' id='word_1_333' title='bbox 2074 1878 2264 1946; x_wconf 88' lang='lat' dir='ltr'><strong>quitur</strong></span> <span class='ocrx_word' id='word_1_334' title='bbox 2301 1878 2473 1941; x_wconf 90' lang='lat' dir='ltr'><strong>enim,</strong></span> <span class='ocrx_word' id='word_1_335' title='bbox 2509 1880 2687 1948; x_wconf 88' lang='lat' dir='ltr'><strong>inquit.</strong></span> <span class='ocrx_word' id='word_1_336' title='bbox 2710 1920 2724 1945; x_wconf 88' lang='lat'><strong>,</strong></span> <span class='ocrx_word' id='word_1_337' title='bbox 2751 1880 2896 1948; x_wconf 85' lang='lat' dir='ltr'><strong>quod</strong></span> <span class='ocrx_word' id='word_1_338' title='bbox 2930 1879 3179 1949; x_wconf 84' lang='lat' dir='ltr'><strong>apprime</strong></span> <span class='ocrx_word' id='word_1_339' title='bbox 3209 1878 3380 1932; x_wconf 86' lang='lat' dir='ltr'><strong>novit.</strong></span> <span class='ocrx_word' id='word_1_340' title='bbox 3406 1877 3648 1932; x_wconf 80' lang='lat' dir='ltr'><strong>Rursum</strong></span> 
     </span>
    </p>
   </div>
   <div class='ocr_carea' id='block_1_49' title="bbox 2074 1968 3649 2038">
    <p class='ocr_par' dir='ltr' id='par_1_49' title="bbox 2074 1968 3649 2038">
     <span class='ocr_line' id='line_1_49' title="bbox 2074 1968 3649 2038; baseline -0.002 -16"><span class='ocrx_word' id='word_1_341' title='bbox 2074 1984 2105 2022; x_wconf 86' lang='lat' dir='ltr'><strong>a</strong></span> <span class='ocrx_word' id='word_1_342' title='bbox 2138 1969 2300 2024; x_wconf 87' lang='lat' dir='ltr'><strong>nobis</strong></span> <span class='ocrx_word' id='word_1_343' title='bbox 2332 1969 2751 2025; x_wconf 89' lang='lat' dir='ltr'><strong>similitudinem</strong></span> <span class='ocrx_word' id='word_1_344' title='bbox 2787 1970 2960 2036; x_wconf 90' lang='lat' dir='ltr'><strong>ducit,</strong></span> <span class='ocrx_word' id='word_1_345' title='bbox 3000 1977 3058 2025; x_wconf 89' lang='lat' dir='ltr'><strong>ut</strong></span> <span class='ocrx_word' id='word_1_346' title='bbox 3102 1969 3251 2038; x_wconf 92' lang='lat' dir='ltr'><strong>quod</strong></span> <span class='ocrx_word' id='word_1_347' title='bbox 3286 1968 3536 2023; x_wconf 83' lang='lat' dir='ltr'><strong>divinum</strong></span> <span class='ocrx_word' id='word_1_348' title='bbox 3562 1975 3649 2022; x_wconf 88' lang='lat' dir='ltr'><strong>est</strong></span> 
     </span>
    </p>
   </div>
   <div class='ocr_carea' id='block_1_50' title="bbox 2074 2058 3648 2131">
    <p class='ocr_par' dir='ltr' id='par_1_50' title="bbox 2074 2058 3648 2131">
     <span class='ocr_line' id='line_1_50' title="bbox 2074 2058 3648 2131; baseline -0.001 -16"><span class='ocrx_word' id='word_1_349' title='bbox 2074 2061 2464 2131; x_wconf 83' lang='lat' dir='ltr'><strong>intelligamus,</strong></span> <span class='ocrx_word' id='word_1_350' title='bbox 2496 2068 2551 2117; x_wconf 91' lang='lat' dir='ltr'><strong>et</strong></span> <span class='ocrx_word' id='word_1_351' title='bbox 2569 2062 2648 2116; x_wconf 88' lang='lat' dir='ltr'><strong>ait</strong></span> <span class='ocrx_word' id='word_1_352' title='bbox 2686 2080 2699 2116; x_wconf 77' lang='grc' dir='ltr'><strong>ι</strong></span> <span class='ocrx_word' id='word_1_353' title='bbox 2738 2080 2756 2113; x_wconf 79' lang='grc' dir='ltr'><strong>ι</strong></span> <span class='ocrx_word' id='word_1_354' title='bbox 2803 2061 2961 2129; x_wconf 85' lang='lat' dir='ltr'><strong>Quod</strong></span> <span class='ocrx_word' id='word_1_355' title='bbox 2991 2061 3129 2116; x_wconf 83' lang='lat' dir='ltr'><strong>vidit</strong></span> <span class='ocrx_word' id='word_1_356' title='bbox 3172 2069 3225 2116; x_wconf 91' lang='lat' dir='ltr'><strong>et</strong></span> <span class='ocrx_word' id='word_1_357' title='bbox 3264 2060 3510 2125; x_wconf 83' lang='lat' dir='ltr'><strong>audivit,</strong></span> <span class='ocrx_word' id='word_1_358' title='bbox 3541 2058 3648 2114; x_wconf 87' lang='lat' dir='ltr'><strong>hoc</strong></span> 
     </span>
    </p>
   </div>
   <div class='ocr_carea' id='block_1_51' title="bbox 2075 2162 2401 2209">
    <p class='ocr_par' dir='ltr' id='par_1_51' title="bbox 2075 2162 2401 2209">
     <span class='ocr_line' id='line_1_51' title="bbox 2075 2162 2401 2209; baseline 0.003 -3"><span class='ocrx_word' id='word_1_359' title='bbox 2075 2162 2329 2209; x_wconf 84' lang='lat' dir='ltr'><strong>testatur.</strong></span> <span class='ocrx_word' id='word_1_360' title='bbox 2382 2173 2401 2206; x_wconf 76' lang='grc' dir='ltr'><strong>ι</strong></span> 
     </span>
    </p>
   </div>
   <div class='ocr_carea' id='block_1_52' title="bbox 2144 2332 3376 2405">
    <p class='ocr_par' dir='ltr' id='par_1_52' title="bbox 2144 2332 3376 2405">
     <span class='ocr_line' id='line_1_52' title="bbox 2144 2332 3376 2405; baseline 0.001 -16"><span class='ocrx_word' id='word_1_361' title='bbox 2144 2333 2232 2399; x_wconf 82' lang='lat' dir='ltr'><strong>Ill,</strong></span> <span class='ocrx_word' id='word_1_362' title='bbox 2269 2334 2354 2388; x_wconf 69' lang='lat'><strong>&#39;52.</strong></span> <span class='ocrx_word' id='word_1_363' title='bbox 2394 2332 2464 2387; x_wconf 79' lang='lat' dir='ltr'><strong>Et</strong></span> <span class='ocrx_word' id='word_1_364' title='bbox 2484 2335 2836 2389; x_wconf 78' lang='lat' dir='ltr'><strong>testimonium</strong></span> <span class='ocrx_word' id='word_1_365' title='bbox 2862 2335 2975 2405; x_wconf 82' lang='lat' dir='ltr'><strong>ejus</strong></span> <span class='ocrx_word' id='word_1_366' title='bbox 2993 2352 3140 2390; x_wconf 84' lang='lat' dir='ltr'><strong>nemo</strong></span> <span class='ocrx_word' id='word_1_367' title='bbox 3165 2337 3376 2405; x_wconf 78' lang='lat' dir='ltr'><strong>accipit.</strong></span> 
     </span>
    </p>
   </div>
   <div class='ocr_carea' id='block_1_53' title="bbox 2145 2425 3646 2498">
    <p class='ocr_par' dir='ltr' id='par_1_53' title="bbox 2145 2425 3646 2498">
     <span class='ocr_line' id='line_1_53' title="bbox 2145 2425 3646 2498; baseline 0.002 -18"><span class='ocrx_word' id='word_1_368' title='bbox 2145 2427 2262 2481; x_wconf 79' lang='lat' dir='ltr'><strong>Non</strong></span> <span class='ocrx_word' id='word_1_369' title='bbox 2283 2427 2396 2483; x_wconf 63' lang='lat' dir='ltr'><strong>haec</strong></span> <span class='ocrx_word' id='word_1_370' title='bbox 2424 2430 2503 2480; x_wconf 91' lang='lat' dir='ltr'><strong>ait</strong></span> <span class='ocrx_word' id='word_1_371' title='bbox 2534 2428 2728 2484; x_wconf 88' lang='lat' dir='ltr'><strong>beatus</strong></span> <span class='ocrx_word' id='word_1_372' title='bbox 2767 2425 3013 2498; x_wconf 85' lang='lat' dir='ltr'><strong>Baptista</strong></span> <span class='ocrx_word' id='word_1_373' title='bbox 3038 2471 3051 2491; x_wconf 90' lang='lat'><strong>,</strong></span> <span class='ocrx_word' id='word_1_374' title='bbox 3080 2429 3237 2493; x_wconf 88' lang='lat' dir='ltr'><strong>quasi</strong></span> <span class='ocrx_word' id='word_1_375' title='bbox 3288 2443 3449 2483; x_wconf 89' lang='lat' dir='ltr'><strong>nemo</strong></span> <span class='ocrx_word' id='word_1_376' title='bbox 3494 2428 3646 2483; x_wconf 83' lang='lat' dir='ltr'><strong>testi-</strong></span> 
     </span>
    </p>
   </div>
   <div class='ocr_carea' id='block_1_54' title="bbox 2073 2519 3648 2589">
    <p class='ocr_par' dir='ltr' id='par_1_54' title="bbox 2073 2519 3648 2589">
     <span class='ocr_line' id='line_1_54' title="bbox 2073 2519 3648 2589; baseline 0.001 -18"><span class='ocrx_word' id='word_1_377' title='bbox 2073 2519 2315 2574; x_wconf 80' lang='lat' dir='ltr'><strong>monium</strong></span> <span class='ocrx_word' id='word_1_378' title='bbox 2340 2519 2473 2573; x_wconf 89' lang='lat' dir='ltr'><strong>illud</strong></span> <span class='ocrx_word' id='word_1_379' title='bbox 2506 2519 2764 2589; x_wconf 86' lang='lat' dir='ltr'><strong>accipiat,</strong></span> <span class='ocrx_word' id='word_1_380' title='bbox 2800 2521 2944 2589; x_wconf 85' lang='lat' dir='ltr'><strong>quod</strong></span> <span class='ocrx_word' id='word_1_381' title='bbox 2975 2520 3234 2576; x_wconf 86' lang='lat' dir='ltr'><strong>Christus</strong></span> <span class='ocrx_word' id='word_1_382' title='bbox 3285 2520 3542 2573; x_wconf 89' lang='lat' dir='ltr'><strong>nimirum</strong></span> <span class='ocrx_word' id='word_1_383' title='bbox 3575 2521 3648 2573; x_wconf 91' lang='lat' dir='ltr'><strong>sit</strong></span> 
     </span>
    </p>
   </div>
   <div class='ocr_carea' id='block_1_55' title="bbox 2073 2609 3646 2682">
    <p class='ocr_par' dir='ltr' id='par_1_55' title="bbox 2073 2609 3646 2682">
     <span class='ocr_line' id='line_1_55' title="bbox 2073 2609 3646 2682; baseline 0 -19"><span class='ocrx_word' id='word_1_384' title='bbox 2073 2611 2218 2665; x_wconf 86' lang='lat' dir='ltr'><strong>Deus</strong></span> <span class='ocrx_word' id='word_1_385' title='bbox 2248 2612 2552 2665; x_wconf 89' lang='lat' dir='ltr'><strong>secundum</strong></span> <span class='ocrx_word' id='word_1_386' title='bbox 2588 2621 2861 2678; x_wconf 82' lang='lat' dir='ltr'><strong>naturam,</strong></span> <span class='ocrx_word' id='word_1_387' title='bbox 2896 2621 2950 2666; x_wconf 88' lang='lat' dir='ltr'><strong>et</strong></span> <span class='ocrx_word' id='word_1_388' title='bbox 2985 2628 3227 2682; x_wconf 84' lang='lat' dir='ltr'><strong>superne</strong></span> <span class='ocrx_word' id='word_1_389' title='bbox 3261 2620 3427 2680; x_wconf 85' lang='lat' dir='ltr'><strong>atque</strong></span> <span class='ocrx_word' id='word_1_390' title='bbox 3454 2628 3518 2665; x_wconf 84' lang='lat' dir='ltr'><strong>ex</strong></span> <span class='ocrx_word' id='word_1_391' title='bbox 3542 2609 3646 2664; x_wconf 85' lang='lat' dir='ltr'><strong>Pa-</strong></span> 
     </span>
    </p>
   </div>
   <div class='ocr_carea' id='block_1_56' title="bbox 2072 2703 3641 2773">
    <p class='ocr_par' dir='ltr' id='par_1_56' title="bbox 2072 2703 3641 2773">
     <span class='ocr_line' id='line_1_56' title="bbox 2072 2703 3641 2773; baseline -0.004 -15"><span class='ocrx_word' id='word_1_392' title='bbox 2072 2714 2156 2759; x_wconf 91' lang='lat' dir='ltr'><strong>tre</strong></span> <span class='ocrx_word' id='word_1_393' title='bbox 2218 2704 2479 2773; x_wconf 85' lang='lat' dir='ltr'><strong>delapsus</strong></span> <span class='ocrx_word' id='word_1_394' title='bbox 2514 2717 2684 2772; x_wconf 89' lang='lat' dir='ltr'><strong>super</strong></span> <span class='ocrx_word' id='word_1_395' title='bbox 2716 2703 2901 2760; x_wconf 84' lang='lat' dir='ltr'><strong>omnia</strong></span> <span class='ocrx_word' id='word_1_396' title='bbox 2936 2703 3009 2757; x_wconf 90' lang='lat' dir='ltr'><strong>sit</strong></span> <span class='ocrx_word' id='word_1_397' title='bbox 3034 2704 3376 2758; x_wconf 85' lang='lat' dir='ltr'><strong>constitutus</strong></span> <span class='ocrx_word' id='word_1_398' title='bbox 3413 2721 3425 2756; x_wconf 86' lang='lat'><strong>:</strong></span> <span class='ocrx_word' id='word_1_399' title='bbox 3484 2703 3641 2755; x_wconf 85' lang='lat' dir='ltr'><strong>multi</strong></span> 
     </span>
    </p>
   </div>
   <div class='ocr_carea' id='block_1_57' title="bbox 2071 2793 3646 2863">
    <p class='ocr_par' dir='ltr' id='par_1_57' title="bbox 2071 2793 3646 2863">
     <span class='ocr_line' id='line_1_57' title="bbox 2071 2793 3646 2863; baseline -0.002 -14"><span class='ocrx_word' id='word_1_400' title='bbox 2071 2794 2215 2850; x_wconf 90' lang='lat' dir='ltr'><strong>enim</strong></span> <span class='ocrx_word' id='word_1_401' title='bbox 2267 2793 2426 2863; x_wconf 79' lang='lat'><strong>166</strong></span> <span class='ocrx_word' id='word_1_402' title='bbox 2461 2803 2855 2863; x_wconf 87' lang='lat' dir='ltr'><strong>susceperunt,</strong></span> <span class='ocrx_word' id='word_1_403' title='bbox 2908 2804 2963 2848; x_wconf 83' lang='lat' dir='ltr'><strong>et</strong></span> <span class='ocrx_word' id='word_1_404' title='bbox 3000 2793 3375 2858; x_wconf 88' lang='lat' dir='ltr'><strong>crediderunt,</strong></span> <span class='ocrx_word' id='word_1_405' title='bbox 3427 2802 3481 2847; x_wconf 89' lang='lat' dir='ltr'><strong>et</strong></span> <span class='ocrx_word' id='word_1_406' title='bbox 3526 2793 3646 2861; x_wconf 88' lang='lat' dir='ltr'><strong>ipse</strong></span> 
     </span>
    </p>
   </div>
   <div class='ocr_carea' id='block_1_58' title="bbox 2070 2883 3641 2956">
    <p class='ocr_par' dir='ltr' id='par_1_58' title="bbox 2070 2883 3641 2956">
     <span class='ocr_line' id='line_1_58' title="bbox 2070 2883 3641 2956; baseline -0.003 -16"><span class='ocrx_word' id='word_1_407' title='bbox 2070 2887 2342 2956; x_wconf 87' lang='lat' dir='ltr'><strong>imprimis</strong></span> <span class='ocrx_word' id='word_1_408' title='bbox 2392 2885 2624 2952; x_wconf 88' lang='lat' dir='ltr'><strong>Petrus,</strong></span> <span class='ocrx_word' id='word_1_409' title='bbox 2681 2900 2803 2939; x_wconf 89' lang='lat' dir='ltr'><strong>cum</strong></span> <span class='ocrx_word' id='word_1_410' title='bbox 2841 2886 2980 2940; x_wconf 77' lang='lat' dir='ltr'><strong>dixit</strong></span> <span class='ocrx_word' id='word_1_411' title='bbox 3018 2904 3031 2940; x_wconf 87' lang='lat'><strong>:</strong></span> <span class='ocrx_word' id='word_1_412' title='bbox 3073 2902 3092 2936; x_wconf 71' lang='grc' dir='ltr'><strong>ι</strong></span> <span class='ocrx_word' id='word_1_413' title='bbox 3127 2884 3210 2937; x_wconf 87' lang='lat' dir='ltr'><strong>Tu</strong></span> <span class='ocrx_word' id='word_1_414' title='bbox 3259 2901 3319 2940; x_wconf 87' lang='lat' dir='ltr'><strong>cs</strong></span> <span class='ocrx_word' id='word_1_415' title='bbox 3385 2883 3641 2939; x_wconf 84' lang='lat' dir='ltr'><strong>Christus</strong></span> 
     </span>
    </p>
   </div>
   <div class='ocr_carea' id='block_1_59' title="bbox 2070 2976 3642 3046">
    <p class='ocr_par' dir='ltr' id='par_1_59' title="bbox 2070 2976 3642 3046">
     <span class='ocr_line' id='line_1_59' title="bbox 2070 2976 3642 3046; baseline -0.003 -15"><span class='ocrx_word' id='word_1_416' title='bbox 2070 2977 2240 3033; x_wconf 88' lang='lat' dir='ltr'><strong>Filius</strong></span> <span class='ocrx_word' id='word_1_417' title='bbox 2274 2978 2366 3032; x_wconf 87' lang='lat' dir='ltr'><strong>Dei</strong></span> <span class='ocrx_word' id='word_1_418' title='bbox 2393 2978 2499 3031; x_wconf 88' lang='lat' dir='ltr'><strong>vivi</strong></span> <span class='ocrx_word' id='word_1_419' title='bbox 2520 2979 2604 3031; x_wconf 82' lang='grc'><strong>³⁸;</strong></span> <span class='ocrx_word' id='word_1_420' title='bbox 2647 2997 2664 3029; x_wconf 76' lang='grc' dir='ltr'><strong>ι</strong></span> <span class='ocrx_word' id='word_1_421' title='bbox 2708 2977 2805 3032; x_wconf 90' lang='lat' dir='ltr'><strong>sed</strong></span> <span class='ocrx_word' id='word_1_422' title='bbox 2833 2991 2958 3030; x_wconf 90' lang='lat' dir='ltr'><strong>cum</strong></span> <span class='ocrx_word' id='word_1_423' title='bbox 2995 2978 3111 3046; x_wconf 88' lang='lat' dir='ltr'><strong>ipse</strong></span> <span class='ocrx_word' id='word_1_424' title='bbox 3141 2976 3458 3030; x_wconf 83' lang='lat' dir='ltr'><strong>accuratius</strong></span> <span class='ocrx_word' id='word_1_425' title='bbox 3478 2991 3642 3045; x_wconf 81' lang='lat' dir='ltr'><strong>quam</strong></span> 
     </span>
    </p>
   </div>
   <div class='ocr_carea' id='block_1_60' title="bbox 2071 3067 3645 3139">
    <p class='ocr_par' dir='ltr' id='par_1_60' title="bbox 2071 3067 3645 3139">
     <span class='ocr_line' id='line_1_60' title="bbox 2071 3067 3645 3139; baseline -0.004 -15"><span class='ocrx_word' id='word_1_426' title='bbox 2071 3070 2252 3124; x_wconf 83' lang='lat' dir='ltr'><strong>carteri</strong></span> <span class='ocrx_word' id='word_1_427' title='bbox 2283 3084 2477 3124; x_wconf 89' lang='lat' dir='ltr'><strong>omnes</strong></span> <span class='ocrx_word' id='word_1_428' title='bbox 2506 3083 2757 3139; x_wconf 86' lang='lat' dir='ltr'><strong>magnam</strong></span> <span class='ocrx_word' id='word_1_429' title='bbox 2784 3068 3061 3137; x_wconf 81' lang='lat' dir='ltr'><strong>loquentis</strong></span> <span class='ocrx_word' id='word_1_430' title='bbox 3108 3067 3429 3136; x_wconf 87' lang='lat' dir='ltr'><strong>dignitatem</strong></span> <span class='ocrx_word' id='word_1_431' title='bbox 3462 3067 3645 3121; x_wconf 73' lang='lat' dir='ltr'><strong>animo</strong></span> 
     </span>
    </p>
   </div>
   <div class='ocr_carea' id='block_1_61' title="bbox 385 3152 1969 3231">
    <p class='ocr_par' dir='ltr' id='par_1_61' title="bbox 385 3152 1960 3226">
     <span class='ocr_line' id='line_1_61' title="bbox 385 3152 1960 3226; baseline 0.002 -20"><span class='ocrx_word' id='word_1_432' title='bbox 385 3154 599 3224; x_wconf 71' lang='grc' dir='ltr'>νονουχὶ</span> <span class='ocrx_word' id='word_1_433' title='bbox 629 3152 959 3218; x_wconf 83' lang='grc' dir='ltr'>κατασείσας</span> <span class='ocrx_word' id='word_1_434' title='bbox 1000 3155 1097 3223; x_wconf 86' lang='grc' dir='ltr'>τὴν</span> <span class='ocrx_word' id='word_1_435' title='bbox 1127 3155 1368 3225; x_wconf 80' lang='grc' dir='ltr'>κεφαλὴν</span> <span class='ocrx_word' id='word_1_436' title='bbox 1389 3196 1401 3218; x_wconf 93' lang='grc'><strong>,</strong></span> <span class='ocrx_word' id='word_1_437' title='bbox 1431 3156 1526 3207; x_wconf 79' lang='grc' dir='ltr'><strong>καὶ</strong></span> <span class='ocrx_word' id='word_1_438' title='bbox 1559 3154 1718 3226; x_wconf 83' lang='grc' dir='ltr'>μηρῴ</span> <span class='ocrx_word' id='word_1_439' title='bbox 1746 3156 1841 3225; x_wconf 81' lang='grc' dir='ltr'>τὴν</span> <span class='ocrx_word' id='word_1_440' title='bbox 1874 3156 1960 3209; x_wconf 87' lang='grc' dir='ltr'>δε-</span> 
     </span>
    </p>
   </div>
   <div class='ocr_carea' id='block_1_62' title="bbox 2071 3152 3638 3231">
    <p class='ocr_par' dir='ltr' id='par_1_62' title="bbox 2071 3156 3638 3229">
     <span class='ocr_line' id='line_1_62' title="bbox 2071 3156 3638 3229; baseline -0.003 -14"><span class='ocrx_word' id='word_1_441' title='bbox 2071 3161 2435 3229; x_wconf 84' lang='lat' dir='ltr'><strong>concepissct,</strong></span> <span class='ocrx_word' id='word_1_442' title='bbox 2488 3168 2708 3215; x_wconf 90' lang='lat' dir='ltr'><strong>tantum</strong></span> <span class='ocrx_word' id='word_1_443' title='bbox 2741 3175 2852 3213; x_wconf 86' lang='lat' dir='ltr'><strong>non</strong></span> <span class='ocrx_word' id='word_1_444' title='bbox 2910 3168 3061 3212; x_wconf 89' lang='lat' dir='ltr'><strong>moto</strong></span> <span class='ocrx_word' id='word_1_445' title='bbox 3090 3159 3290 3228; x_wconf 86' lang='lat' dir='ltr'><strong>capite,</strong></span> <span class='ocrx_word' id='word_1_446' title='bbox 3336 3164 3389 3210; x_wconf 87' lang='lat' dir='ltr'><strong>et</strong></span> <span class='ocrx_word' id='word_1_447' title='bbox 3431 3156 3638 3212; x_wconf 83' lang='lat' dir='ltr'><strong>femore</strong></span> 
     </span>
    </p>
   </div>
   <div class='ocr_carea' id='block_1_63' title="bbox 388 3243 1968 3317">
    <p class='ocr_par' dir='ltr' id='par_1_63' title="bbox 388 3243 1968 3317">
     <span class='ocr_line' id='line_1_63' title="bbox 388 3243 1968 3317; baseline 0.004 -21"><span class='ocrx_word' id='word_1_448' title='bbox 388 3243 510 3307; x_wconf 82' lang='grc' dir='ltr'>ξιὰν</span> <span class='ocrx_word' id='word_1_449' title='bbox 563 3247 966 3317; x_wconf 84' lang='grc' dir='ltr'>ἐπικροτήσας,</span> <span class='ocrx_word' id='word_1_450' title='bbox 1014 3246 1389 3316; x_wconf 69' lang='grc' dir='ltr'>ἀποθαυμάζει</span> <span class='ocrx_word' id='word_1_451' title='bbox 1444 3247 1552 3301; x_wconf 83' lang='grc' dir='ltr'><strong>τῶν</strong></span> <span class='ocrx_word' id='word_1_452' title='bbox 1601 3248 1968 3303; x_wconf 79' lang='grc' dir='ltr'>ἀπειθούντων</span> 
     </span>
    </p>
   </div>
   <div class='ocr_carea' id='block_1_64' title="bbox 388 3339 966 3410">
    <p class='ocr_par' dir='ltr' id='par_1_64' title="bbox 388 3339 966 3410">
     <span class='ocr_line' id='line_1_64' title="bbox 388 3339 966 3410; baseline 0.007 -19"><span class='ocrx_word' id='word_1_453' title='bbox 388 3339 536 3410; x_wconf 77' lang='grc' dir='ltr'>αὐτῷ</span> <span class='ocrx_word' id='word_1_454' title='bbox 560 3341 657 3410; x_wconf 84' lang='grc' dir='ltr'>τὴν</span> <span class='ocrx_word' id='word_1_455' title='bbox 688 3341 966 3395; x_wconf 86' lang='grc' dir='ltr'>ἀπόνοιαν.</span> 
     </span>
    </p>
   </div>
   <div class='ocr_carea' id='block_1_65' title="bbox 996 3474 1362 3529">
    <p class='ocr_par' dir='ltr' id='par_1_65' title="bbox 996 3474 1362 3529">
     <span class='ocr_line' id='line_1_65' title="bbox 996 3474 1362 3529; baseline 0.003 -2"><span class='ocrx_word' id='word_1_456' title='bbox 996 3476 1250 3528; x_wconf 78' lang='grc' dir='ltr'><strong>ΚΕΦᾹΛ.</strong></span> <span class='ocrx_word' id='word_1_457' title='bbox 1289 3474 1362 3529; x_wconf 73' lang='grc' dir='ltr'><strong>ῐ“’.</strong></span> 
     </span>
    </p>
   </div>
   <div class='ocr_carea' id='block_1_66' title="bbox 390 3563 1897 3635">
    <p class='ocr_par' dir='ltr' id='par_1_66' title="bbox 390 3563 1897 3635">
     <span class='ocr_line' id='line_1_66' title="bbox 390 3563 1897 3635; baseline 0.005 -20"><span class='ocrx_word' id='word_1_458' title='bbox 390 3563 511 3616; x_wconf 77' lang='grc' dir='ltr'><strong>Ὅτι</strong></span> <span class='ocrx_word' id='word_1_459' title='bbox 551 3564 716 3630; x_wconf 85' lang='grc' dir='ltr'>Θεὸς,</span> <span class='ocrx_word' id='word_1_460' title='bbox 761 3564 857 3617; x_wconf 75' lang='grc' dir='ltr'><strong>καί</strong></span> <span class='ocrx_word' id='word_1_461' title='bbox 895 3566 963 3619; x_wconf 81' lang='grc' dir='ltr'><strong>ἐκ</strong></span> <span class='ocrx_word' id='word_1_462' title='bbox 1000 3566 1147 3620; x_wconf 76' lang='grc' dir='ltr'>Θεοῦ</span> <span class='ocrx_word' id='word_1_463' title='bbox 1173 3564 1322 3620; x_wconf 80' lang='grc' dir='ltr'>κατὰ</span> <span class='ocrx_word' id='word_1_464' title='bbox 1347 3565 1535 3634; x_wconf 64' lang='grc' dir='ltr'>φύσιν</span> <span class='ocrx_word' id='word_1_465' title='bbox 1566 3569 1598 3621; x_wconf 87' lang='lat' dir='ltr'><strong>o&#39;</strong></span> <span class='ocrx_word' id='word_1_466' title='bbox 1624 3568 1897 3635; x_wconf 78' lang='grc' dir='ltr'>Χριστός.</span> 
     </span>
    </p>
   </div>
   <div class='ocr_carea' id='block_1_67' title="bbox 475 3698 1972 3773">
    <p class='ocr_par' dir='ltr' id='par_1_67' title="bbox 475 3698 1972 3773">
     <span class='ocr_line' id='line_1_67' title="bbox 475 3698 1972 3773; baseline 0.005 -23"><span class='ocrx_word' id='word_1_467' title='bbox 475 3699 529 3749; x_wconf 89' lang='grc' dir='ltr'><strong><em>Ὁ</em></strong></span> <span class='ocrx_word' id='word_1_468' title='bbox 552 3698 872 3768; x_wconf 76' lang='grc' dir='ltr'>λαμϐάνων</span> <span class='ocrx_word' id='word_1_469' title='bbox 895 3701 1081 3755; x_wconf 81' lang='grc' dir='ltr'>αὑτοῦ</span> <span class='ocrx_word' id='word_1_470' title='bbox 1104 3700 1219 3769; x_wconf 74' lang='grc' dir='ltr'><strong>τὴν</strong></span> <span class='ocrx_word' id='word_1_471' title='bbox 1236 3703 1587 3771; x_wconf 74' lang='grc' dir='ltr'>μαρτυρίαν,</span> <span class='ocrx_word' id='word_1_472' title='bbox 1605 3703 1972 3773; x_wconf 72' lang='grc' dir='ltr'>ἐσφράγισεν</span> 
     </span>
    </p>
   </div>
   <div class='ocr_carea' id='block_1_68' title="bbox 389 3790 1200 3858">
    <p class='ocr_par' dir='ltr' id='par_1_68' title="bbox 389 3790 1200 3858">
     <span class='ocr_line' id='line_1_68' title="bbox 389 3790 1200 3858; baseline 0.002 -14"><span class='ocrx_word' id='word_1_473' title='bbox 389 3791 479 3844; x_wconf 86' lang='grc' dir='ltr'>ὅτι</span> <span class='ocrx_word' id='word_1_474' title='bbox 515 3792 547 3844; x_wconf 83' lang='grc' dir='ltr'><em>ὁ</em></span> <span class='ocrx_word' id='word_1_475' title='bbox 582 3790 725 3855; x_wconf 79' lang='grc' dir='ltr'>Θεὸς</span> <span class='ocrx_word' id='word_1_476' title='bbox 750 3791 983 3858; x_wconf 76' lang='grc' dir='ltr'><strong>ἀληθής</strong></span> <span class='ocrx_word' id='word_1_477' title='bbox 1012 3794 1200 3846; x_wconf 73' lang='grc' dir='ltr'>ἐστιν.</span> 
     </span>
    </p>
   </div>
   <div class='ocr_carea' id='block_1_69' title="bbox 462 3880 1969 3955">
    <p class='ocr_par' dir='ltr' id='par_1_69' title="bbox 462 3880 1969 3955">
     <span class='ocr_line' id='line_1_69' title="bbox 462 3880 1969 3955; baseline 0.003 -20"><span class='ocrx_word' id='word_1_478' title='bbox 462 3881 575 3951; x_wconf 82' lang='grc' dir='ltr'>Οὐχ</span> <span class='ocrx_word' id='word_1_479' title='bbox 628 3883 830 3953; x_wconf 80' lang='grc' dir='ltr'>ἑτέρως</span> <span class='ocrx_word' id='word_1_480' title='bbox 880 3880 948 3955; x_wconf 83' lang='grc' dir='ltr'>ἦν</span> <span class='ocrx_word' id='word_1_481' title='bbox 988 3884 1251 3949; x_wconf 82' lang='grc' dir='ltr'>ἐπιδεῖξαι</span> <span class='ocrx_word' id='word_1_482' title='bbox 1294 3884 1391 3953; x_wconf 82' lang='grc' dir='ltr'><strong>τὴν</strong></span> <span class='ocrx_word' id='word_1_483' title='bbox 1444 3882 1551 3937; x_wconf 79' lang='grc' dir='ltr'>τῶν</span> <span class='ocrx_word' id='word_1_484' title='bbox 1599 3886 1969 3942; x_wconf 82' lang='grc' dir='ltr'>ἀπειθούντων</span> 
     </span>
    </p>
   </div>
   <div class='ocr_carea' id='block_1_70' title="bbox 390 3973 1972 4050">
    <p class='ocr_par' dir='ltr' id='par_1_70' title="bbox 390 3973 1972 4050">
     <span class='ocr_line' id='line_1_70' title="bbox 390 3973 1972 4050; baseline 0.006 -23"><span class='ocrx_word' id='word_1_485' title='bbox 390 3973 668 4037; x_wconf 78' lang='grc' dir='ltr'>άσέὁειαν,</span> <span class='ocrx_word' id='word_1_486' title='bbox 704 3978 751 4028; x_wconf 83' lang='grc' dir='ltr'><strong>εί</strong></span> <span class='ocrx_word' id='word_1_487' title='bbox 783 3977 856 4046; x_wconf 84' lang='grc' dir='ltr'>μὴ</span> <span class='ocrx_word' id='word_1_488' title='bbox 892 3977 999 4030; x_wconf 84' lang='grc' dir='ltr'>τῶν</span> <span class='ocrx_word' id='word_1_489' title='bbox 1025 3978 1390 4031; x_wconf 85' lang='grc' dir='ltr'>πιστευόντων</span> <span class='ocrx_word' id='word_1_490' title='bbox 1417 3979 1477 4030; x_wconf 84' lang='grc' dir='ltr'><strong>τὸ</strong></span> <span class='ocrx_word' id='word_1_491' title='bbox 1500 3978 1753 4050; x_wconf 85' lang='grc' dir='ltr'>λαμπρὸν</span> <span class='ocrx_word' id='word_1_492' title='bbox 1783 3980 1972 4045; x_wconf 82' lang='grc' dir='ltr'>ἐξεκα-</span> 
     </span>
    </p>
   </div>
   <div class='ocr_carea' id='block_1_71' title="bbox 392 4065 1979 4144">
    <p class='ocr_par' dir='ltr' id='par_1_71' title="bbox 392 4065 1979 4144">
     <span class='ocr_line' id='line_1_71' title="bbox 392 4065 1979 4144; baseline 0.006 -27"><span class='ocrx_word' id='word_1_493' title='bbox 392 4065 569 4137; x_wconf 79' lang='grc' dir='ltr'>λύφθη</span> <span class='ocrx_word' id='word_1_494' title='bbox 609 4068 942 4137; x_wconf 84' lang='grc' dir='ltr'>κατόρθωμα</span> <span class='ocrx_word' id='word_1_495' title='bbox 967 4083 982 4098; x_wconf 82' lang='lat'><strong><em>°</em></strong></span> <span class='ocrx_word' id='word_1_496' title='bbox 1029 4072 1096 4138; x_wconf 80' lang='grc' dir='ltr'>τῇ</span> <span class='ocrx_word' id='word_1_497' title='bbox 1140 4069 1248 4137; x_wconf 82' lang='grc' dir='ltr'><strong>γὰρ</strong></span> <span class='ocrx_word' id='word_1_498' title='bbox 1279 4068 1387 4121; x_wconf 85' lang='grc' dir='ltr'><strong>τῶν</strong></span> <span class='ocrx_word' id='word_1_499' title='bbox 1421 4070 1642 4137; x_wconf 81' lang='grc' dir='ltr'>ἀγαθῶν</span> <span class='ocrx_word' id='word_1_500' title='bbox 1670 4074 1979 4144; x_wconf 76' lang='grc' dir='ltr'>ἀντιπαρα-</span> 
     </span>
    </p>
   </div>
   <div class='ocr_carea' id='block_1_72' title="bbox 391 4157 1972 4228">
    <p class='ocr_par' dir='ltr' id='par_1_72' title="bbox 391 4157 1972 4228">
     <span class='ocr_line' id='line_1_72' title="bbox 391 4157 1972 4228; baseline 0.005 -19"><span class='ocrx_word' id='word_1_501' title='bbox 391 4157 536 4211; x_wconf 86' lang='grc' dir='ltr'>θέσει</span> <span class='ocrx_word' id='word_1_502' title='bbox 579 4159 638 4211; x_wconf 87' lang='grc' dir='ltr'>τὸ</span> <span class='ocrx_word' id='word_1_503' title='bbox 686 4160 888 4227; x_wconf 79' lang='grc' dir='ltr'>φαῦλον</span> <span class='ocrx_word' id='word_1_504' title='bbox 936 4161 1173 4224; x_wconf 85' lang='grc' dir='ltr'>εὐκόλως</span> <span class='ocrx_word' id='word_1_505' title='bbox 1219 4162 1672 4228; x_wconf 84' lang='grc' dir='ltr'>διαγινώσκεται,</span> <span class='ocrx_word' id='word_1_506' title='bbox 1730 4164 1826 4217; x_wconf 80' lang='grc' dir='ltr'>καὶ</span> <span class='ocrx_word' id='word_1_507' title='bbox 1862 4164 1972 4218; x_wconf 86' lang='grc' dir='ltr'><strong>τῶν</strong></span> 
     </span>
    </p>
   </div>
   <div class='ocr_carea' id='block_1_73' title="bbox 386 4250 1969 4325">
    <p class='ocr_par' dir='ltr' id='par_1_73' title="bbox 386 4250 1969 4325">
     <span class='ocr_line' id='line_1_73' title="bbox 386 4250 1969 4325; baseline 0.004 -22"><span class='ocrx_word' id='word_1_508' title='bbox 386 4250 685 4319; x_wconf 80' lang='grc' dir='ltr'>ἀμεινόνων</span> <span class='ocrx_word' id='word_1_509' title='bbox 713 4252 743 4320; x_wconf 87' lang='grc' dir='ltr'><strong>ἠ</strong></span> <span class='ocrx_word' id='word_1_510' title='bbox 776 4252 974 4318; x_wconf 80' lang='grc' dir='ltr'>γνῶσις</span> <span class='ocrx_word' id='word_1_511' title='bbox 996 4252 1207 4322; x_wconf 76' lang='grc' dir='ltr'>ἐλέγχει</span> <span class='ocrx_word' id='word_1_512' title='bbox 1236 4255 1303 4306; x_wconf 72' lang='grc' dir='ltr'>τὰ</span> <span class='ocrx_word' id='word_1_513' title='bbox 1344 4254 1619 4325; x_wconf 74' lang='grc' dir='ltr'>αἰσχίονα.</span> <span class='ocrx_word' id='word_1_514' title='bbox 1672 4254 1820 4320; x_wconf 82' lang='grc' dir='ltr'>Εἴτις</span> <span class='ocrx_word' id='word_1_515' title='bbox 1846 4253 1969 4321; x_wconf 73' lang='grc' dir='ltr'>οὖν,</span> 
     </span>
    </p>
   </div>
   <div class='ocr_carea' id='block_1_74' title="bbox 388 4343 1973 4415">
    <p class='ocr_par' dir='ltr' id='par_1_74' title="bbox 388 4343 1973 4415">
     <span class='ocr_line' id='line_1_74' title="bbox 388 4343 1973 4415; baseline 0.005 -22"><span class='ocrx_word' id='word_1_516' title='bbox 388 4343 542 4410; x_wconf 59' lang='lat' dir='ltr'><strong>gandi,</strong></span> <span class='ocrx_word' id='word_1_517' title='bbox 560 4346 670 4405; x_wconf 82' lang='grc' dir='ltr'>τοῖς</span> <span class='ocrx_word' id='word_1_518' title='bbox 685 4344 778 4395; x_wconf 80' lang='grc' dir='ltr'>τοῦ</span> <span class='ocrx_word' id='word_1_519' title='bbox 806 4344 1010 4397; x_wconf 82' lang='grc' dir='ltr'>ἄνωθεν</span> <span class='ocrx_word' id='word_1_520' title='bbox 1029 4344 1255 4414; x_wconf 80' lang='grc' dir='ltr'>ἥκοντος</span> <span class='ocrx_word' id='word_1_521' title='bbox 1276 4346 1581 4399; x_wconf 83' lang='grc' dir='ltr'>ἐπινεύσειε</span> <span class='ocrx_word' id='word_1_522' title='bbox 1604 4347 1803 4415; x_wconf 85' lang='grc' dir='ltr'>λόγοις,</span> <span class='ocrx_word' id='word_1_523' title='bbox 1837 4365 1973 4402; x_wconf 81' lang='grc' dir='ltr'>κατ-</span> 
     </span>
    </p>
   </div>
   <div class='ocr_carea' id='block_1_75' title="bbox 386 4435 1963 4509">
    <p class='ocr_par' dir='ltr' id='par_1_75' title="bbox 386 4435 1963 4509">
     <span class='ocr_line' id='line_1_75' title="bbox 386 4435 1963 4509; baseline 0.005 -25"><span class='ocrx_word' id='word_1_524' title='bbox 386 4435 688 4505; x_wconf 78' lang='grc' dir='ltr'>εσφράγισέ</span> <span class='ocrx_word' id='word_1_525' title='bbox 708 4452 763 4487; x_wconf 87' lang='grc' dir='ltr'><strong>τε</strong></span> <span class='ocrx_word' id='word_1_526' title='bbox 789 4435 1291 4505; x_wconf 77' lang='grc' dir='ltr'>καὶέξησφαλίσατο</span> <span class='ocrx_word' id='word_1_527' title='bbox 1306 4438 1391 4490; x_wconf 76' lang='grc' dir='ltr'><strong>διὰ</strong></span> <span class='ocrx_word' id='word_1_528' title='bbox 1408 4439 1507 4508; x_wconf 78' lang='grc' dir='ltr'>τῆς</span> <span class='ocrx_word' id='word_1_529' title='bbox 1529 4437 1963 4509; x_wconf 81' lang='grc' dir='ltr'>συν[αιν]ἑσεως,</span> 
     </span>
    </p>
   </div>
   <div class='ocr_carea' id='block_1_76' title="bbox 2072 3246 3643 3318">
    <p class='ocr_par' dir='ltr' id='par_1_76' title="bbox 2072 3246 3643 3318">
     <span class='ocr_line' id='line_1_76' title="bbox 2072 3246 3643 3318; baseline -0.004 -15"><span class='ocrx_word' id='word_1_530' title='bbox 2072 3250 2261 3303; x_wconf 77' lang='lat' dir='ltr'><strong>dextra</strong></span> <span class='ocrx_word' id='word_1_531' title='bbox 2292 3263 2581 3318; x_wconf 90' lang='lat' dir='ltr'><strong>percusso,</strong></span> <span class='ocrx_word' id='word_1_532' title='bbox 2620 3263 2809 3303; x_wconf 86' lang='lat' dir='ltr'><strong>eorum</strong></span> <span class='ocrx_word' id='word_1_533' title='bbox 2865 3247 3172 3302; x_wconf 84' lang='lat' dir='ltr'><strong>demiratur</strong></span> <span class='ocrx_word' id='word_1_534' title='bbox 3223 3246 3512 3300; x_wconf 83' lang='lat' dir='ltr'><strong>amentiam</strong></span> <span class='ocrx_word' id='word_1_535' title='bbox 3552 3246 3643 3314; x_wconf 89' lang='lat' dir='ltr'><strong>qui</strong></span> 
     </span>
    </p>
   </div>
   <div class='ocr_carea' id='block_1_77' title="bbox 2072 3341 2534 3396">
    <p class='ocr_par' dir='ltr' id='par_1_77' title="bbox 2072 3341 2534 3396">
     <span class='ocr_line' id='line_1_77' title="bbox 2072 3341 2534 3396; baseline -0.004 0"><span class='ocrx_word' id='word_1_536' title='bbox 2072 3341 2121 3396; x_wconf 89' lang='lat' dir='ltr'><strong>ei</strong></span> <span class='ocrx_word' id='word_1_537' title='bbox 2152 3356 2262 3396; x_wconf 92' lang='lat' dir='ltr'><strong>non</strong></span> <span class='ocrx_word' id='word_1_538' title='bbox 2283 3341 2534 3395; x_wconf 88' lang='lat' dir='ltr'><strong>credunt.</strong></span> 
     </span>
    </p>
   </div>
   <div class='ocr_carea' id='block_1_78' title="bbox 2723 3471 2991 3528">
    <p class='ocr_par' dir='ltr' id='par_1_78' title="bbox 2723 3471 2991 3528">
     <span class='ocr_line' id='line_1_78' title="bbox 2723 3471 2991 3528; baseline -0.007 0"><span class='ocrx_word' id='word_1_539' title='bbox 2723 3472 2876 3528; x_wconf 82' lang='lat' dir='ltr'><strong>CAP.</strong></span> <span class='ocrx_word' id='word_1_540' title='bbox 2908 3471 2991 3526; x_wconf 86' lang='lat' dir='ltr'><strong>Ill.</strong></span> 
     </span>
    </p>
   </div>
   <div class='ocr_carea' id='block_1_79' title="bbox 2076 3560 3643 3633">
    <p class='ocr_par' dir='ltr' id='par_1_79' title="bbox 2076 3560 3643 3633">
     <span class='ocr_line' id='line_1_79' title="bbox 2076 3560 3643 3633; baseline -0.004 -15"><span class='ocrx_word' id='word_1_541' title='bbox 2076 3564 2227 3633; x_wconf 84' lang='lat' dir='ltr'><strong>Quod</strong></span> <span class='ocrx_word' id='word_1_542' title='bbox 2252 3563 2411 3624; x_wconf 79' lang='lat' dir='ltr'><strong>Deus.</strong></span> <span class='ocrx_word' id='word_1_543' title='bbox 2436 3576 2482 3618; x_wconf 82' lang='lat' dir='ltr'><strong>et</strong></span> <span class='ocrx_word' id='word_1_544' title='bbox 2499 3580 2561 3617; x_wconf 69' lang='lat' dir='ltr'><strong>ex</strong></span> <span class='ocrx_word' id='word_1_545' title='bbox 2584 3563 2693 3617; x_wconf 87' lang='lat' dir='ltr'><strong>Deo</strong></span> <span class='ocrx_word' id='word_1_546' title='bbox 2715 3562 2996 3616; x_wconf 80' lang='lat' dir='ltr'><strong>secundum</strong></span> <span class='ocrx_word' id='word_1_547' title='bbox 3016 3571 3260 3615; x_wconf 84' lang='lat' dir='ltr'><strong>naturam</strong></span> <span class='ocrx_word' id='word_1_548' title='bbox 3283 3562 3353 3615; x_wconf 81' lang='lat' dir='ltr'><strong>sit</strong></span> <span class='ocrx_word' id='word_1_549' title='bbox 3382 3560 3643 3614; x_wconf 81' lang='lat' dir='ltr'><strong>Christus.</strong></span> 
     </span>
    </p>
   </div>
   <div class='ocr_carea' id='block_1_80' title="bbox 2144 3698 3647 3773">
    <p class='ocr_par' dir='ltr' id='par_1_80' title="bbox 2144 3698 3647 3773">
     <span class='ocr_line' id='line_1_80' title="bbox 2144 3698 3647 3773; baseline -0.007 -13"><span class='ocrx_word' id='word_1_550' title='bbox 2144 3705 2232 3760; x_wconf 85' lang='lat' dir='ltr'><strong>Ill.</strong></span> <span class='ocrx_word' id='word_1_551' title='bbox 2275 3706 2364 3760; x_wconf 81' lang='grc'><strong>55.</strong></span> <span class='ocrx_word' id='word_1_552' title='bbox 2419 3705 2524 3770; x_wconf 76' lang='lat' dir='ltr'><strong>Qui</strong></span> <span class='ocrx_word' id='word_1_553' title='bbox 2579 3704 2769 3773; x_wconf 79' lang='lat' dir='ltr'><strong>accipit</strong></span> <span class='ocrx_word' id='word_1_554' title='bbox 2815 3702 2937 3771; x_wconf 82' lang='lat' dir='ltr'><strong>ejus</strong></span> <span class='ocrx_word' id='word_1_555' title='bbox 2987 3701 3369 3763; x_wconf 79' lang='lat' dir='ltr'><strong>testimonium,</strong></span> <span class='ocrx_word' id='word_1_556' title='bbox 3422 3698 3647 3769; x_wconf 71' lang='lat' dir='ltr'><strong>signavit</strong></span> 
     </span>
    </p>
   </div>
   <div class='ocr_carea' id='block_1_81' title="bbox 2071 3796 2685 3867">
    <p class='ocr_par' dir='ltr' id='par_1_81' title="bbox 2071 3796 2685 3867">
     <span class='ocr_line' id='line_1_81' title="bbox 2071 3796 2685 3867; baseline -0.002 -17"><span class='ocrx_word' id='word_1_557' title='bbox 2071 3798 2199 3867; x_wconf 79' lang='lat' dir='ltr'><strong>quia</strong></span> <span class='ocrx_word' id='word_1_558' title='bbox 2219 3796 2358 3851; x_wconf 74' lang='lat' dir='ltr'><strong>Deus</strong></span> <span class='ocrx_word' id='word_1_559' title='bbox 2392 3811 2559 3849; x_wconf 62' lang='lat' dir='ltr'><strong>verax</strong></span> <span class='ocrx_word' id='word_1_560' title='bbox 2583 3806 2685 3849; x_wconf 75' lang='lat' dir='ltr'><strong>est.</strong></span> 
     </span>
    </p>
   </div>
   <div class='ocr_carea' id='block_1_82' title="bbox 2143 3883 3644 3956">
    <p class='ocr_par' dir='ltr' id='par_1_82' title="bbox 2143 3883 3644 3956">
     <span class='ocr_line' id='line_1_82' title="bbox 2143 3883 3644 3956; baseline -0.003 -16"><span class='ocrx_word' id='word_1_561' title='bbox 2143 3886 2262 3942; x_wconf 83' lang='lat' dir='ltr'><strong>Non</strong></span> <span class='ocrx_word' id='word_1_562' title='bbox 2302 3887 2462 3941; x_wconf 87' lang='lat' dir='ltr'><strong>aliter</strong></span> <span class='ocrx_word' id='word_1_563' title='bbox 2500 3884 2792 3942; x_wconf 82' lang='lat' dir='ltr'><strong>ostendere</strong></span> <span class='ocrx_word' id='word_1_564' title='bbox 2830 3892 3046 3956; x_wconf 79' lang='lat' dir='ltr'><strong>poterat</strong></span> <span class='ocrx_word' id='word_1_565' title='bbox 3091 3884 3508 3940; x_wconf 86' lang='lat' dir='ltr'><strong>incredulorum</strong></span> <span class='ocrx_word' id='word_1_566' title='bbox 3538 3883 3644 3936; x_wconf 80' lang='lat' dir='ltr'><strong>im-</strong></span> 
     </span>
    </p>
   </div>
   <div class='ocr_carea' id='block_1_83' title="bbox 2074 3975 3647 4049">
    <p class='ocr_par' dir='ltr' id='par_1_83' title="bbox 2074 3975 3647 4049">
     <span class='ocr_line' id='line_1_83' title="bbox 2074 3975 3647 4049; baseline -0.006 -16"><span class='ocrx_word' id='word_1_567' title='bbox 2074 3980 2355 4049; x_wconf 82' lang='lat' dir='ltr'><strong>pietatem,</strong></span> <span class='ocrx_word' id='word_1_568' title='bbox 2384 3978 2491 4033; x_wconf 90' lang='lat' dir='ltr'><strong>nisi</strong></span> <span class='ocrx_word' id='word_1_569' title='bbox 2527 3977 2875 4032; x_wconf 85' lang='lat' dir='ltr'><strong>credentium</strong></span> <span class='ocrx_word' id='word_1_570' title='bbox 2914 3975 3233 4046; x_wconf 67' lang='lat' dir='ltr'><strong>praeclaram</strong></span> <span class='ocrx_word' id='word_1_571' title='bbox 3265 3975 3525 4031; x_wconf 79' lang='lat' dir='ltr'><strong>virtutem</strong></span> <span class='ocrx_word' id='word_1_572' title='bbox 3549 3989 3647 4044; x_wconf 81' lang='lat' dir='ltr'><strong>pa-</strong></span> 
     </span>
    </p>
   </div>
   <div class='ocr_carea' id='block_1_84' title="bbox 2075 4067 3653 4124">
    <p class='ocr_par' dir='ltr' id='par_1_84' title="bbox 2075 4067 3653 4124">
     <span class='ocr_line' id='line_1_84' title="bbox 2075 4067 3653 4124; baseline -0.003 -2"><span class='ocrx_word' id='word_1_573' title='bbox 2075 4070 2181 4123; x_wconf 85' lang='lat' dir='ltr'><strong>lam</strong></span> <span class='ocrx_word' id='word_1_574' title='bbox 2229 4070 2455 4124; x_wconf 68' lang='lat' dir='ltr'><strong>t’aceret.</strong></span> <span class='ocrx_word' id='word_1_575' title='bbox 2516 4068 2792 4122; x_wconf 89' lang='lat' dir='ltr'><strong>Bonorum</strong></span> <span class='ocrx_word' id='word_1_576' title='bbox 2852 4068 3052 4123; x_wconf 87' lang='lat' dir='ltr'><strong>etenim</strong></span> <span class='ocrx_word' id='word_1_577' title='bbox 3108 4068 3401 4121; x_wconf 86' lang='lat' dir='ltr'><strong>collatione</strong></span> <span class='ocrx_word' id='word_1_578' title='bbox 3451 4067 3653 4121; x_wconf 21' lang='lat' dir='ltr'><strong>vitium,</strong></span> 
     </span>
    </p>
   </div>
   <div class='ocr_carea' id='block_1_85' title="bbox 2076 4157 3645 4228">
    <p class='ocr_par' dir='ltr' id='par_1_85' title="bbox 2076 4157 3645 4228">
     <span class='ocr_line' id='line_1_85' title="bbox 2076 4157 3645 4228; baseline -0.004 -14"><span class='ocrx_word' id='word_1_579' title='bbox 2076 4159 2236 4215; x_wconf 77' lang='lat' dir='ltr'><strong>facile</strong></span> <span class='ocrx_word' id='word_1_580' title='bbox 2285 4159 2675 4228; x_wconf 70' lang='lat' dir='ltr'><strong>dignoscitur,</strong></span> <span class='ocrx_word' id='word_1_581' title='bbox 2709 4167 2765 4213; x_wconf 87' lang='lat' dir='ltr'><strong>et</strong></span> <span class='ocrx_word' id='word_1_582' title='bbox 2814 4158 3035 4211; x_wconf 77' lang='lat' dir='ltr'><strong>honesti</strong></span> <span class='ocrx_word' id='word_1_583' title='bbox 3089 4157 3405 4227; x_wconf 82' lang='lat' dir='ltr'><strong>cognitione</strong></span> <span class='ocrx_word' id='word_1_584' title='bbox 3468 4158 3645 4225; x_wconf 82' lang='lat' dir='ltr'><strong>turpia</strong></span> 
     </span>
    </p>
   </div>
   <div class='ocr_carea' id='block_1_86' title="bbox 2074 4248 3653 4322">
    <p class='ocr_par' dir='ltr' id='par_1_86' title="bbox 2074 4248 3653 4322">
     <span class='ocr_line' id='line_1_86' title="bbox 2074 4248 3653 4322; baseline -0.003 -17"><span class='ocrx_word' id='word_1_585' title='bbox 2074 4252 2404 4322; x_wconf 84' lang='lat' dir='ltr'><strong>produntur.</strong></span> <span class='ocrx_word' id='word_1_586' title='bbox 2439 4250 2496 4304; x_wconf 89' lang='lat' dir='ltr'><strong>Si</strong></span> <span class='ocrx_word' id='word_1_587' title='bbox 2533 4251 2661 4319; x_wconf 85' lang='lat' dir='ltr'><strong>quis</strong></span> <span class='ocrx_word' id='word_1_588' title='bbox 2692 4264 2860 4319; x_wconf 86' lang='lat' dir='ltr'><strong>ergo,</strong></span> <span class='ocrx_word' id='word_1_589' title='bbox 2910 4250 3111 4318; x_wconf 87' lang='lat' dir='ltr'><strong>inquit,</strong></span> <span class='ocrx_word' id='word_1_590' title='bbox 3139 4248 3260 4316; x_wconf 88' lang='lat' dir='ltr'><strong>ejus</strong></span> <span class='ocrx_word' id='word_1_591' title='bbox 3293 4249 3383 4317; x_wconf 90' lang='lat' dir='ltr'><strong>qui</strong></span> <span class='ocrx_word' id='word_1_592' title='bbox 3407 4262 3653 4316; x_wconf 82' lang='lat' dir='ltr'><strong>superne</strong></span> 
     </span>
    </p>
   </div>
   <div class='ocr_carea' id='block_1_87' title="bbox 2075 4339 3645 4410">
    <p class='ocr_par' dir='ltr' id='par_1_87' title="bbox 2075 4339 3645 4410">
     <span class='ocr_line' id='line_1_87' title="bbox 2075 4339 3645 4410; baseline -0.005 -11"><span class='ocrx_word' id='word_1_593' title='bbox 2075 4346 2223 4399; x_wconf 79' lang='lat' dir='ltr'><strong>venit</strong></span> <span class='ocrx_word' id='word_1_594' title='bbox 2236 4359 2545 4399; x_wconf 87' lang='lat' dir='ltr'><strong>sermonem</strong></span> <span class='ocrx_word' id='word_1_595' title='bbox 2564 4342 2888 4410; x_wconf 77' lang='lat' dir='ltr'><strong>susceperit,</strong></span> <span class='ocrx_word' id='word_1_596' title='bbox 2904 4340 3236 4408; x_wconf 80' lang='lat' dir='ltr'><strong>obsignavit,</strong></span> <span class='ocrx_word' id='word_1_597' title='bbox 3261 4346 3315 4394; x_wconf 91' lang='lat' dir='ltr'><strong>et</strong></span> <span class='ocrx_word' id='word_1_598' title='bbox 3332 4339 3645 4407; x_wconf 77' lang='lat' dir='ltr'><strong>cognitione</strong></span> 
     </span>
    </p>
   </div>
   <div class='ocr_carea' id='block_1_88' title="bbox 2076 4431 3645 4506">
    <p class='ocr_par' dir='ltr' id='par_1_88' title="bbox 2076 4431 3645 4506">
     <span class='ocr_line' id='line_1_88' title="bbox 2076 4431 3645 4506; baseline -0.006 -15"><span class='ocrx_word' id='word_1_599' title='bbox 2076 4438 2173 4492; x_wconf 79' lang='lat' dir='ltr'><strong>illa</strong></span> <span class='ocrx_word' id='word_1_600' title='bbox 2202 4437 2626 4506; x_wconf 74' lang='lat' dir='ltr'><strong>comprobavit,</strong></span> <span class='ocrx_word' id='word_1_601' title='bbox 2670 4442 2927 4488; x_wconf 89' lang='lat' dir='ltr'><strong>naturam</strong></span> <span class='ocrx_word' id='word_1_602' title='bbox 2980 4433 3222 4486; x_wconf 84' lang='lat' dir='ltr'><strong>divinam</strong></span> <span class='ocrx_word' id='word_1_603' title='bbox 3274 4446 3305 4484; x_wconf 86' lang='lat' dir='ltr'><strong>a</strong></span> <span class='ocrx_word' id='word_1_604' title='bbox 3358 4431 3645 4485; x_wconf 88' lang='lat' dir='ltr'><strong>mendacio</strong></span> 
     </span>
    </p>
   </div>
   <div class='ocr_carea' id='block_1_89' title="bbox 385 4518 1969 4598">
    <p class='ocr_par' dir='ltr' id='par_1_89' title="bbox 385 4524 1964 4598">
     <span class='ocr_line' id='line_1_89' title="bbox 385 4524 1964 4598; baseline 0.004 -21"><span class='ocrx_word' id='word_1_605' title='bbox 385 4524 469 4577; x_wconf 77' lang='grc' dir='ltr'>ὅτι</span> <span class='ocrx_word' id='word_1_606' title='bbox 499 4526 562 4577; x_wconf 79' lang='grc' dir='ltr'>τὸ</span> <span class='ocrx_word' id='word_1_607' title='bbox 591 4524 840 4595; x_wconf 77' lang='grc' dir='ltr'>ἀψευδεῖν</span> <span class='ocrx_word' id='word_1_608' title='bbox 870 4527 958 4579; x_wconf 78' lang='grc' dir='ltr'>ἀεὶ</span> <span class='ocrx_word' id='word_1_609' title='bbox 991 4530 1055 4598; x_wconf 84' lang='grc' dir='ltr'>τῇ</span> <span class='ocrx_word' id='word_1_610' title='bbox 1087 4527 1206 4596; x_wconf 85' lang='grc' dir='ltr'>θείᾳ</span> <span class='ocrx_word' id='word_1_611' title='bbox 1233 4527 1467 4598; x_wconf 83' lang='grc' dir='ltr'>σύνηθές</span> <span class='ocrx_word' id='word_1_612' title='bbox 1497 4546 1556 4580; x_wconf 88' lang='grc' dir='ltr'><strong>τε</strong></span> <span class='ocrx_word' id='word_1_613' title='bbox 1588 4530 1681 4582; x_wconf 82' lang='grc' dir='ltr'><strong>καὶ</strong></span> <span class='ocrx_word' id='word_1_614' title='bbox 1714 4529 1964 4597; x_wconf 85' lang='grc' dir='ltr'>φιλαίτα-</span> 
     </span>
    </p>
   </div>
   <div class='ocr_carea' id='block_1_90' title="bbox 2071 4518 3643 4598">
    <p class='ocr_par' dir='ltr' id='par_1_90' title="bbox 2072 4519 3643 4595">
     <span class='ocr_line' id='line_1_90' title="bbox 2072 4519 3643 4595; baseline -0.007 -12"><span class='ocrx_word' id='word_1_615' title='bbox 2072 4530 2393 4584; x_wconf 79' lang='lat' dir='ltr'><strong>abhorrere.</strong></span> <span class='ocrx_word' id='word_1_616' title='bbox 2444 4526 2585 4581; x_wconf 78' lang='lat' dir='ltr'><strong>Hinc</strong></span> <span class='ocrx_word' id='word_1_617' title='bbox 2634 4534 2781 4595; x_wconf 86' lang='lat' dir='ltr'><strong>patet</strong></span> <span class='ocrx_word' id='word_1_618' title='bbox 2829 4526 3049 4580; x_wconf 89' lang='lat' dir='ltr'><strong>demum</strong></span> <span class='ocrx_word' id='word_1_619' title='bbox 3098 4525 3459 4577; x_wconf 84' lang='lat' dir='ltr'><strong>contrarium.</strong></span> <span class='ocrx_word' id='word_1_620' title='bbox 3508 4519 3643 4574; x_wconf 85' lang='lat' dir='ltr'><strong>Nam</strong></span> 
     </span>
    </p>
   </div>
   <div class='ocr_carea' id='block_1_91' title="bbox 385 4615 1967 4692">
    <p class='ocr_par' dir='ltr' id='par_1_91' title="bbox 385 4615 1967 4692">
     <span class='ocr_line' id='line_1_91' title="bbox 385 4615 1967 4692; baseline 0.006 -26"><span class='ocrx_word' id='word_1_621' title='bbox 385 4632 478 4667; x_wconf 82' lang='grc' dir='ltr'><strong>τον</strong></span> <span class='ocrx_word' id='word_1_622' title='bbox 504 4615 681 4683; x_wconf 83' lang='grc' dir='ltr'>φύσει.</span> <span class='ocrx_word' id='word_1_623' title='bbox 718 4617 850 4669; x_wconf 82' lang='grc' dir='ltr'>Ἀπὸ</span> <span class='ocrx_word' id='word_1_624' title='bbox 875 4617 939 4687; x_wconf 79' lang='grc' dir='ltr'><strong>δὴ</strong></span> <span class='ocrx_word' id='word_1_625' title='bbox 962 4616 1151 4670; x_wconf 86' lang='grc' dir='ltr'>τούτου</span> <span class='ocrx_word' id='word_1_626' title='bbox 1170 4618 1435 4690; x_wconf 82' lang='grc' dir='ltr'>πρόδηλον</span> <span class='ocrx_word' id='word_1_627' title='bbox 1461 4618 1646 4672; x_wconf 76' lang='grc' dir='ltr'>λοιπὸν</span> <span class='ocrx_word' id='word_1_628' title='bbox 1666 4621 1777 4683; x_wconf 79' lang='grc' dir='ltr'>τοῖς</span> <span class='ocrx_word' id='word_1_629' title='bbox 1796 4620 1967 4692; x_wconf 83' lang='grc' dir='ltr'>ὁρῶσι</span> 
     </span>
    </p>
   </div>
   <div class='ocr_carea' id='block_1_92' title="bbox 384 4709 1971 4783">
    <p class='ocr_par' dir='ltr' id='par_1_92' title="bbox 384 4709 1971 4783">
     <span class='ocr_line' id='line_1_92' title="bbox 384 4709 1971 4783; baseline 0.005 -23"><span class='ocrx_word' id='word_1_630' title='bbox 384 4710 446 4760; x_wconf 77' lang='grc' dir='ltr'><strong>τὸ</strong></span> <span class='ocrx_word' id='word_1_631' title='bbox 468 4709 706 4761; x_wconf 80' lang='grc' dir='ltr'>ἐναντίον</span> <span class='ocrx_word' id='word_1_632' title='bbox 734 4725 747 4739; x_wconf 83' lang='lat'><strong><em>°</em></strong></span> <span class='ocrx_word' id='word_1_633' title='bbox 784 4710 1271 4780; x_wconf 81' lang='grc' dir='ltr'>καταμαρτυρήσει</span> <span class='ocrx_word' id='word_1_634' title='bbox 1305 4709 1415 4781; x_wconf 84' lang='grc' dir='ltr'><strong>γὰρ</strong></span> <span class='ocrx_word' id='word_1_635' title='bbox 1452 4712 1668 4775; x_wconf 88' lang='grc' dir='ltr'>πάντως</span> <span class='ocrx_word' id='word_1_636' title='bbox 1696 4714 1725 4764; x_wconf 90' lang='lat'><strong>6</strong></span> <span class='ocrx_word' id='word_1_637' title='bbox 1752 4714 1851 4783; x_wconf 84' lang='grc' dir='ltr'>τὴν</span> <span class='ocrx_word' id='word_1_638' title='bbox 1881 4714 1971 4767; x_wconf 86' lang='grc' dir='ltr'>πί·-</span> 
     </span>
    </p>
   </div>
   <div class='ocr_carea' id='block_1_93' title="bbox 386 4799 1965 4875">
    <p class='ocr_par' dir='ltr' id='par_1_93' title="bbox 386 4799 1965 4875">
     <span class='ocr_line' id='line_1_93' title="bbox 386 4799 1965 4875; baseline 0.007 -26"><span class='ocrx_word' id='word_1_639' title='bbox 386 4813 504 4850; x_wconf 80' lang='grc' dir='ltr'>στιν</span> <span class='ocrx_word' id='word_1_640' title='bbox 538 4799 1007 4869; x_wconf 82' lang='grc' dir='ltr'>ἀποκρουόμενος,</span> <span class='ocrx_word' id='word_1_641' title='bbox 1052 4800 1135 4854; x_wconf 86' lang='grc' dir='ltr'><strong>ὅτι</strong></span> <span class='ocrx_word' id='word_1_642' title='bbox 1162 4801 1347 4864; x_wconf 79' lang='grc' dir='ltr'>ὁΘεὸς</span> <span class='ocrx_word' id='word_1_643' title='bbox 1393 4802 1494 4855; x_wconf 81' lang='grc' dir='ltr'><strong>οὐκ</strong></span> <span class='ocrx_word' id='word_1_644' title='bbox 1549 4802 1695 4856; x_wconf 76' lang='grc' dir='ltr'>ἔστιν</span> <span class='ocrx_word' id='word_1_645' title='bbox 1737 4805 1965 4875; x_wconf 82' lang='grc' dir='ltr'>ἀληθής.</span> 
     </span>
    </p>
   </div>
   <div class='ocr_carea' id='block_1_94' title="bbox 398 4890 1965 4966">
    <p class='ocr_par' dir='ltr' id='par_1_94' title="bbox 398 4890 1965 4966">
     <span class='ocr_line' id='line_1_94' title="bbox 398 4890 1965 4966; baseline 0.006 -26"><span class='ocrx_word' id='word_1_646' title='bbox 398 4890 785 4959; x_wconf 75' lang='grc' dir='ltr'>Ἐπιτηρητέον</span> <span class='ocrx_word' id='word_1_647' title='bbox 819 4891 873 4942; x_wconf 81' lang='grc' dir='ltr'><strong>δὲ</strong></span> <span class='ocrx_word' id='word_1_648' title='bbox 902 4891 1083 4957; x_wconf 86' lang='grc' dir='ltr'>πάλιν,</span> <span class='ocrx_word' id='word_1_649' title='bbox 1108 4892 1190 4945; x_wconf 78' lang='grc' dir='ltr'>ὅτι</span> <span class='ocrx_word' id='word_1_650' title='bbox 1223 4893 1323 4963; x_wconf 84' lang='grc' dir='ltr'>τῆς</span> <span class='ocrx_word' id='word_1_651' title='bbox 1350 4895 1483 4963; x_wconf 85' lang='grc' dir='ltr'>πρὸς</span> <span class='ocrx_word' id='word_1_652' title='bbox 1513 4895 1612 4962; x_wconf 87' lang='grc' dir='ltr'><strong>τὴν</strong></span> <span class='ocrx_word' id='word_1_653' title='bbox 1638 4894 1815 4949; x_wconf 89' lang='grc' dir='ltr'>κτίσιν</span> <span class='ocrx_word' id='word_1_654' title='bbox 1832 4897 1965 4966; x_wconf 74' lang='grc' dir='ltr'><strong>ὁμο⁹</strong></span> 
     </span>
    </p>
   </div>
   <div class='ocr_carea' id='block_1_95' title="bbox 383 4982 1965 5050">
    <p class='ocr_par' dir='ltr' id='par_1_95' title="bbox 383 4982 1965 5050">
     <span class='ocr_line' id='line_1_95' title="bbox 383 4982 1965 5050; baseline 0.006 -19"><span class='ocrx_word' id='word_1_655' title='bbox 383 4982 692 5050; x_wconf 81' lang='grc' dir='ltr'>ουσιότητος</span> <span class='ocrx_word' id='word_1_656' title='bbox 725 4983 930 5047; x_wconf 80' lang='grc' dir='ltr'>ἐξέλκει</span> <span class='ocrx_word' id='word_1_657' title='bbox 973 4982 1062 5036; x_wconf 77' lang='grc' dir='ltr'>τὸν</span> <span class='ocrx_word' id='word_1_658' title='bbox 1110 4984 1278 5050; x_wconf 78' lang='grc' dir='ltr'>Υίδν,</span> <span class='ocrx_word' id='word_1_659' title='bbox 1331 4986 1425 5039; x_wconf 78' lang='grc' dir='ltr'>καὶ</span> <span class='ocrx_word' id='word_1_660' title='bbox 1477 4987 1608 5039; x_wconf 83' lang='grc' dir='ltr'>Θεὸν</span> <span class='ocrx_word' id='word_1_661' title='bbox 1638 4988 1767 5041; x_wconf 79' lang='grc' dir='ltr'>ὄντα</span> <span class='ocrx_word' id='word_1_662' title='bbox 1822 4988 1965 5040; x_wconf 75' lang='grc' dir='ltr'>κατὰ</span> 
     </span>
    </p>
   </div>
   <div class='ocr_carea' id='block_1_96' title="bbox 384 5073 1967 5150">
    <p class='ocr_par' dir='ltr' id='par_1_96' title="bbox 384 5073 1967 5150">
     <span class='ocr_line' id='line_1_96' title="bbox 384 5073 1967 5150; baseline 0.004 -25"><span class='ocrx_word' id='word_1_663' title='bbox 384 5074 547 5141; x_wconf 79' lang='grc' dir='ltr'>φύσιν</span> <span class='ocrx_word' id='word_1_664' title='bbox 573 5073 659 5127; x_wconf 79' lang='grc' dir='ltr'><strong>διὰ</strong></span> <span class='ocrx_word' id='word_1_665' title='bbox 702 5074 809 5126; x_wconf 86' lang='grc' dir='ltr'><strong>τῶν</strong></span> <span class='ocrx_word' id='word_1_666' title='bbox 841 5076 1146 5146; x_wconf 78' lang='grc' dir='ltr'>εἰρημένων</span> <span class='ocrx_word' id='word_1_667' title='bbox 1177 5078 1525 5133; x_wconf 85' lang='grc' dir='ltr'>ἐπιδεικνύει.</span> <span class='ocrx_word' id='word_1_668' title='bbox 1573 5082 1636 5134; x_wconf 87' lang='grc' dir='ltr'><strong>Εἰ</strong></span> <span class='ocrx_word' id='word_1_669' title='bbox 1658 5079 1765 5150; x_wconf 79' lang='grc' dir='ltr'>γὰρ</span> <span class='ocrx_word' id='word_1_670' title='bbox 1794 5082 1822 5133; x_wconf 93' lang='lat'><strong>6</strong></span> <span class='ocrx_word' id='word_1_671' title='bbox 1855 5081 1967 5142; x_wconf 79' lang='grc' dir='ltr'>τοῖς</span> 
     </span>
    </p>
   </div>
   <div class='ocr_carea' id='block_1_97' title="bbox 384 5165 1963 5241">
    <p class='ocr_par' dir='ltr' id='par_1_97' title="bbox 384 5165 1963 5241">
     <span class='ocr_line' id='line_1_97' title="bbox 384 5165 1963 5241; baseline 0.004 -25"><span class='ocrx_word' id='word_1_672' title='bbox 384 5166 514 5235; x_wconf 76' lang='grc' dir='ltr'>παρ’</span> <span class='ocrx_word' id='word_1_673' title='bbox 539 5165 711 5217; x_wconf 74' lang='grc' dir='ltr'>αὑτοῦ</span> <span class='ocrx_word' id='word_1_674' title='bbox 726 5165 1078 5235; x_wconf 76' lang='grc' dir='ltr'>λαλουμένοις</span> <span class='ocrx_word' id='word_1_675' title='bbox 1102 5167 1443 5239; x_wconf 81' lang='grc' dir='ltr'>πειθόμενος,</span> <span class='ocrx_word' id='word_1_676' title='bbox 1469 5170 1758 5241; x_wconf 84' lang='grc' dir='ltr'>δεχόμενος</span> <span class='ocrx_word' id='word_1_677' title='bbox 1785 5171 1842 5223; x_wconf 80' lang='grc' dir='ltr'><strong>δὲ</strong></span> <span class='ocrx_word' id='word_1_678' title='bbox 1864 5171 1963 5239; x_wconf 79' lang='grc' dir='ltr'><strong>τὴν</strong></span> 
     </span>
    </p>
   </div>
   <div class='ocr_carea' id='block_1_98' title="bbox 386 5255 1960 5331">
    <p class='ocr_par' dir='ltr' id='par_1_98' title="bbox 386 5255 1960 5331">
     <span class='ocr_line' id='line_1_98' title="bbox 386 5255 1960 5331; baseline 0.006 -25"><span class='ocrx_word' id='word_1_679' title='bbox 386 5255 725 5324; x_wconf 84' lang='grc' dir='ltr'>μαρτυρίαν,</span> <span class='ocrx_word' id='word_1_680' title='bbox 789 5258 966 5328; x_wconf 78' lang='grc' dir='ltr'>ἥνπερ</span> <span class='ocrx_word' id='word_1_681' title='bbox 1012 5258 1078 5311; x_wconf 84' lang='grc' dir='ltr'><strong>ἂν</strong></span> <span class='ocrx_word' id='word_1_682' title='bbox 1122 5260 1283 5323; x_wconf 76' lang='grc' dir='ltr'>αὐτὸς</span> <span class='ocrx_word' id='word_1_683' title='bbox 1326 5265 1533 5315; x_wconf 86' lang='grc' dir='ltr'>ποιοῖτο</span> <span class='ocrx_word' id='word_1_684' title='bbox 1574 5264 1701 5331; x_wconf 74' lang='grc' dir='ltr'>περὶ</span> <span class='ocrx_word' id='word_1_685' title='bbox 1744 5262 1960 5327; x_wconf 77' lang='grc' dir='ltr'>ἑαυτοῦ,</span> 
     </span>
    </p>
   </div>
   <div class='ocr_carea' id='block_1_99' title="bbox 384 5349 1962 5427">
    <p class='ocr_par' dir='ltr' id='par_1_99' title="bbox 384 5349 1962 5427">
     <span class='ocr_line' id='line_1_99' title="bbox 384 5349 1962 5427; baseline 0.006 -29"><span class='ocrx_word' id='word_1_686' title='bbox 384 5349 790 5418; x_wconf 76' lang='grc' dir='ltr'>κατεσφράγισέ</span> <span class='ocrx_word' id='word_1_687' title='bbox 822 5367 881 5401; x_wconf 79' lang='grc' dir='ltr'><strong>τε</strong></span> <span class='ocrx_word' id='word_1_688' title='bbox 915 5352 1008 5403; x_wconf 74' lang='grc' dir='ltr'><strong>καὶ</strong></span> <span class='ocrx_word' id='word_1_689' title='bbox 1055 5353 1431 5423; x_wconf 71' lang='grc' dir='ltr'>ἐπεψηφίσατο</span> <span class='ocrx_word' id='word_1_690' title='bbox 1462 5355 1671 5418; x_wconf 79' lang='grc' dir='ltr'>καλῶς,</span> <span class='ocrx_word' id='word_1_691' title='bbox 1721 5357 1803 5409; x_wconf 84' lang='grc' dir='ltr'><strong>ὅτι</strong></span> <span class='ocrx_word' id='word_1_692' title='bbox 1842 5356 1905 5427; x_wconf 84' lang='grc' dir='ltr'><strong>δὴ</strong></span> <span class='ocrx_word' id='word_1_693' title='bbox 1933 5355 1962 5407; x_wconf 91' lang='lat'><strong>6</strong></span> 
     </span>
    </p>
   </div>
   <div class='ocr_carea' id='block_1_100' title="bbox 382 5439 1962 5520">
    <p class='ocr_par' dir='ltr' id='par_1_100' title="bbox 382 5439 1962 5520">
     <span class='ocr_line' id='line_1_100' title="bbox 382 5439 1962 5520; baseline 0.01 -31"><span class='ocrx_word' id='word_1_694' title='bbox 382 5439 515 5502; x_wconf 78' lang='grc' dir='ltr'>Θεὸς</span> <span class='ocrx_word' id='word_1_695' title='bbox 561 5440 766 5511; x_wconf 83' lang='grc' dir='ltr'>ἀληθής</span> <span class='ocrx_word' id='word_1_696' title='bbox 795 5445 948 5497; x_wconf 83' lang='grc' dir='ltr'>ἐστι·</span> <span class='ocrx_word' id='word_1_697' title='bbox 992 5445 1109 5509; x_wconf 83' lang='grc' dir='ltr'><strong>πῶς</strong></span> <span class='ocrx_word' id='word_1_698' title='bbox 1152 5448 1251 5501; x_wconf 87' lang='grc' dir='ltr'><strong>ούκ</strong></span> <span class='ocrx_word' id='word_1_699' title='bbox 1298 5448 1363 5501; x_wconf 81' lang='grc' dir='ltr'><strong>ἂν</strong></span> <span class='ocrx_word' id='word_1_700' title='bbox 1397 5451 1567 5503; x_wconf 81' lang='grc' dir='ltr'>νοοῖτο</span> <span class='ocrx_word' id='word_1_701' title='bbox 1614 5450 1756 5503; x_wconf 78' lang='grc' dir='ltr'>κατὰ</span> <span class='ocrx_word' id='word_1_702' title='bbox 1800 5450 1962 5520; x_wconf 79' lang='grc' dir='ltr'>φύσιν</span> 
     </span>
    </p>
   </div>
   <div class='ocr_carea' id='block_1_101' title="bbox 382 5527 1961 5612">
    <p class='ocr_par' dir='ltr' id='par_1_101' title="bbox 382 5527 1961 5612">
     <span class='ocr_line' id='line_1_101' title="bbox 382 5527 1961 5612; baseline 0.011 -34"><span class='ocrx_word' id='word_1_703' title='bbox 382 5527 515 5591; x_wconf 84' lang='grc' dir='ltr'>Θεὸς</span> <span class='ocrx_word' id='word_1_704' title='bbox 540 5530 567 5581; x_wconf 89' lang='grc' dir='ltr'>ὁ</span> <span class='ocrx_word' id='word_1_705' title='bbox 596 5531 858 5601; x_wconf 86' lang='grc' dir='ltr'>Χριστὸς,</span> <span class='ocrx_word' id='word_1_706' title='bbox 906 5534 934 5585; x_wconf 94' lang='lat'><strong>6</strong></span> <span class='ocrx_word' id='word_1_707' title='bbox 962 5537 1052 5589; x_wconf 71' lang='grc' dir='ltr'><strong>καὶ</strong></span> <span class='ocrx_word' id='word_1_708' title='bbox 1076 5536 1163 5590; x_wconf 84' lang='grc' dir='ltr'>διὰ</span> <span class='ocrx_word' id='word_1_709' title='bbox 1202 5538 1302 5608; x_wconf 81' lang='grc' dir='ltr'>τῆς</span> <span class='ocrx_word' id='word_1_710' title='bbox 1332 5540 1567 5605; x_wconf 85' lang='grc' dir='ltr'>πίστεως</span> <span class='ocrx_word' id='word_1_711' title='bbox 1605 5541 1713 5594; x_wconf 85' lang='grc' dir='ltr'>τῶν</span> <span class='ocrx_word' id='word_1_712' title='bbox 1734 5541 1961 5612; x_wconf 76' lang='grc' dir='ltr'>ἔναγχος</span> 
     </span>
    </p>
   </div>
   <div class='ocr_carea' id='block_1_102' title="bbox 382 5621 1959 5703">
    <p class='ocr_par' dir='ltr' id='par_1_102' title="bbox 382 5621 1959 5703">
     <span class='ocr_line' id='line_1_102' title="bbox 382 5621 1959 5703; baseline 0.011 -33"><span class='ocrx_word' id='word_1_713' title='bbox 382 5621 688 5690; x_wconf 74' lang='grc' dir='ltr'>εἰρημένων</span> <span class='ocrx_word' id='word_1_714' title='bbox 736 5623 939 5696; x_wconf 66' lang='grc' dir='ltr'>ἀλτθὴς</span> <span class='ocrx_word' id='word_1_715' title='bbox 985 5630 1556 5703; x_wconf 75' lang='grc' dir='ltr'>ἐπιμαρτυρούμενοςς</span> <span class='ocrx_word' id='word_1_716' title='bbox 1621 5634 1692 5687; x_wconf 83' lang='grc' dir='ltr'><strong><em>Ἢ</em></strong></span> <span class='ocrx_word' id='word_1_717' title='bbox 1756 5633 1959 5702; x_wconf 82' lang='grc' dir='ltr'>λεγέτω</span> 
     </span>
    </p>
   </div>
   <div class='ocr_carea' id='block_1_103' title="bbox 456 5796 990 5865">
    <p class='ocr_par' dir='ltr' id='par_1_103' title="bbox 456 5796 990 5865">
     <span class='ocr_line' id='line_1_103' title="bbox 456 5796 990 5865; baseline 0.009 -15"><span class='ocrx_word' id='word_1_718' title='bbox 456 5796 499 5827; x_wconf 68' lang='grc'><strong>³³</strong></span> <span class='ocrx_word' id='word_1_719' title='bbox 533 5796 721 5854; x_wconf 74' lang='lat' dir='ltr'><strong>Matth.</strong></span> <span class='ocrx_word' id='word_1_720' title='bbox 760 5816 871 5865; x_wconf 76' lang='lat' dir='ltr'><strong>xw,</strong></span> <span class='ocrx_word' id='word_1_721' title='bbox 906 5800 990 5855; x_wconf 75' lang='grc'><strong>16.</strong></span> 
     </span>
    </p>
   </div>
   <div class='ocr_carea' id='block_1_104' title="bbox 2070 4612 3647 4694">
    <p class='ocr_par' dir='ltr' id='par_1_104' title="bbox 2070 4612 3647 4694">
     <span class='ocr_line' id='line_1_104' title="bbox 2070 4612 3647 4694; baseline -0.007 -19"><span class='ocrx_word' id='word_1_722' title='bbox 2070 4622 2326 4694; x_wconf 88' lang='lat' dir='ltr'><strong>quisquis</strong></span> <span class='ocrx_word' id='word_1_723' title='bbox 2364 4619 2490 4675; x_wconf 80' lang='lat' dir='ltr'><strong>ﬁdei</strong></span> <span class='ocrx_word' id='word_1_724' title='bbox 2555 4617 2817 4673; x_wconf 87' lang='lat' dir='ltr'><strong>nuntium</strong></span> <span class='ocrx_word' id='word_1_725' title='bbox 2874 4616 3118 4678; x_wconf 90' lang='lat' dir='ltr'><strong>remisit,</strong></span> <span class='ocrx_word' id='word_1_726' title='bbox 3179 4623 3413 4669; x_wconf 88' lang='lat' dir='ltr'><strong>testatur</strong></span> <span class='ocrx_word' id='word_1_727' title='bbox 3456 4612 3647 4681; x_wconf 81' lang='lat' dir='ltr'><strong>utique</strong></span> 
     </span>
    </p>
   </div>
   <div class='ocr_carea' id='block_1_105' title="bbox 2070 4708 3645 4769">
    <p class='ocr_par' dir='ltr' id='par_1_105' title="bbox 2070 4708 3645 4769">
     <span class='ocr_line' id='line_1_105' title="bbox 2070 4708 3645 4769; baseline -0.007 -2"><span class='ocrx_word' id='word_1_728' title='bbox 2070 4712 2242 4769; x_wconf 89' lang='lat' dir='ltr'><strong>Deum</strong></span> <span class='ocrx_word' id='word_1_729' title='bbox 2274 4726 2527 4767; x_wconf 86' lang='lat' dir='ltr'><strong>veracem</strong></span> <span class='ocrx_word' id='word_1_730' title='bbox 2560 4725 2669 4764; x_wconf 92' lang='lat' dir='ltr'><strong>non</strong></span> <span class='ocrx_word' id='word_1_731' title='bbox 2703 4725 2851 4765; x_wconf 88' lang='lat' dir='ltr'><strong>esse.</strong></span> <span class='ocrx_word' id='word_1_732' title='bbox 2885 4708 3302 4763; x_wconf 88' lang='lat' dir='ltr'><strong>Observandum</strong></span> <span class='ocrx_word' id='word_1_733' title='bbox 3352 4713 3534 4759; x_wconf 87' lang='lat' dir='ltr'><strong>autem</strong></span> <span class='ocrx_word' id='word_1_734' title='bbox 3561 4711 3645 4758; x_wconf 90' lang='lat' dir='ltr'><strong>est</strong></span> 
     </span>
    </p>
   </div>
   <div class='ocr_carea' id='block_1_106' title="bbox 2071 4800 3644 4874">
    <p class='ocr_par' dir='ltr' id='par_1_106' title="bbox 2071 4800 3644 4874">
     <span class='ocr_line' id='line_1_106' title="bbox 2071 4800 3644 4874; baseline -0.008 -14"><span class='ocrx_word' id='word_1_735' title='bbox 2071 4820 2240 4874; x_wconf 85' lang='lat' dir='ltr'><strong>porro</strong></span> <span class='ocrx_word' id='word_1_736' title='bbox 2260 4844 2275 4868; x_wconf 95' lang='lat'><strong>,</strong></span> <span class='ocrx_word' id='word_1_737' title='bbox 2305 4804 2392 4859; x_wconf 87' lang='lat' dir='ltr'><strong>his</strong></span> <span class='ocrx_word' id='word_1_738' title='bbox 2450 4802 2637 4857; x_wconf 87' lang='lat' dir='ltr'><strong>verbis</strong></span> <span class='ocrx_word' id='word_1_739' title='bbox 2666 4817 2697 4856; x_wconf 89' lang='lat' dir='ltr'><strong>a</strong></span> <span class='ocrx_word' id='word_1_740' title='bbox 2732 4800 3316 4856; x_wconf 88' lang='lat' dir='ltr'><strong>consubstantialitate</strong></span> <span class='ocrx_word' id='word_1_741' title='bbox 3373 4803 3644 4851; x_wconf 62' lang='lat' dir='ltr'><strong>creatura!</strong></span> 
     </span>
    </p>
   </div>
   <div class='ocr_carea' id='block_1_107' title="bbox 2073 4890 3644 4958">
    <p class='ocr_par' dir='ltr' id='par_1_107' title="bbox 2073 4890 3644 4958">
     <span class='ocr_line' id='line_1_107' title="bbox 2073 4890 3644 4958; baseline -0.009 -7"><span class='ocrx_word' id='word_1_742' title='bbox 2073 4897 2272 4951; x_wconf 86' lang='lat' dir='ltr'><strong>Filium</strong></span> <span class='ocrx_word' id='word_1_743' title='bbox 2307 4894 2594 4958; x_wconf 87' lang='lat' dir='ltr'><strong>removeri,</strong></span> <span class='ocrx_word' id='word_1_744' title='bbox 2618 4906 2672 4949; x_wconf 88' lang='lat' dir='ltr'><strong>et</strong></span> <span class='ocrx_word' id='word_1_745' title='bbox 2703 4892 2871 4948; x_wconf 90' lang='lat' dir='ltr'><strong>Deum</strong></span> <span class='ocrx_word' id='word_1_746' title='bbox 2908 4890 3210 4948; x_wconf 91' lang='lat' dir='ltr'><strong>secundum</strong></span> <span class='ocrx_word' id='word_1_747' title='bbox 3244 4895 3496 4943; x_wconf 88' lang='lat' dir='ltr'><strong>naturam</strong></span> <span class='ocrx_word' id='word_1_748' title='bbox 3519 4900 3644 4939; x_wconf 87' lang='lat' dir='ltr'><strong>esse</strong></span> 
     </span>
    </p>
   </div>
   <div class='ocr_carea' id='block_1_108' title="bbox 2075 4976 3642 5053">
    <p class='ocr_par' dir='ltr' id='par_1_108' title="bbox 2075 4976 3642 5053">
     <span class='ocr_line' id='line_1_108' title="bbox 2075 4976 3642 5053; baseline -0.012 -8"><span class='ocrx_word' id='word_1_749' title='bbox 2075 4986 2315 5045; x_wconf 88' lang='lat' dir='ltr'><strong>ostendi.</strong></span> <span class='ocrx_word' id='word_1_750' title='bbox 2350 4984 2410 5040; x_wconf 89' lang='lat' dir='ltr'><strong>Si</strong></span> <span class='ocrx_word' id='word_1_751' title='bbox 2459 4985 2604 5040; x_wconf 92' lang='lat' dir='ltr'><strong>enim</strong></span> <span class='ocrx_word' id='word_1_752' title='bbox 2652 4983 2747 5053; x_wconf 90' lang='lat' dir='ltr'><strong>qui</strong></span> <span class='ocrx_word' id='word_1_753' title='bbox 2783 4982 2909 5051; x_wconf 89' lang='lat' dir='ltr'><strong>ejus</strong></span> <span class='ocrx_word' id='word_1_754' title='bbox 2951 4980 3301 5036; x_wconf 88' lang='lat' dir='ltr'><strong>sermonibus</strong></span> <span class='ocrx_word' id='word_1_755' title='bbox 3348 4976 3543 5037; x_wconf 84' lang='lat' dir='ltr'><strong>credit,</strong></span> <span class='ocrx_word' id='word_1_756' title='bbox 3591 4983 3642 5027; x_wconf 88' lang='lat' dir='ltr'><strong>et</strong></span> 
     </span>
    </p>
   </div>
   <div class='ocr_carea' id='block_1_109' title="bbox 2070 5066 3639 5147">
    <p class='ocr_par' dir='ltr' id='par_1_109' title="bbox 2070 5066 3639 5147">
     <span class='ocr_line' id='line_1_109' title="bbox 2070 5066 3639 5147; baseline -0.011 -12"><span class='ocrx_word' id='word_1_757' title='bbox 2070 5079 2445 5136; x_wconf 85' lang='lat' dir='ltr'><strong>testimonium</strong></span> <span class='ocrx_word' id='word_1_758' title='bbox 2473 5076 2621 5147; x_wconf 87' lang='lat' dir='ltr'><strong>quod</strong></span> <span class='ocrx_word' id='word_1_759' title='bbox 2649 5077 2765 5146; x_wconf 91' lang='lat' dir='ltr'><strong>ipse</strong></span> <span class='ocrx_word' id='word_1_760' title='bbox 2809 5075 2878 5128; x_wconf 89' lang='lat' dir='ltr'><strong>de</strong></span> <span class='ocrx_word' id='word_1_761' title='bbox 2911 5074 3096 5142; x_wconf 90' lang='lat' dir='ltr'><strong>seipso</strong></span> <span class='ocrx_word' id='word_1_762' title='bbox 3123 5068 3371 5140; x_wconf 86' lang='lat' dir='ltr'><strong>perhibet</strong></span> <span class='ocrx_word' id='word_1_763' title='bbox 3417 5066 3639 5135; x_wconf 84' lang='lat' dir='ltr'><strong>accipit,</strong></span> 
     </span>
    </p>
   </div>
   <div class='ocr_carea' id='block_1_110' title="bbox 2071 5158 3638 5244">
    <p class='ocr_par' dir='ltr' id='par_1_110' title="bbox 2071 5158 3638 5244">
     <span class='ocr_line' id='line_1_110' title="bbox 2071 5158 3638 5244; baseline -0.011 -17"><span class='ocrx_word' id='word_1_764' title='bbox 2071 5172 2309 5244; x_wconf 84' lang='lat' dir='ltr'><strong>signavit</strong></span> <span class='ocrx_word' id='word_1_765' title='bbox 2353 5185 2418 5225; x_wconf 87' lang='lat' dir='ltr'><strong>ac</strong></span> <span class='ocrx_word' id='word_1_766' title='bbox 2477 5170 2650 5240; x_wconf 86' lang='lat' dir='ltr'><strong>probe</strong></span> <span class='ocrx_word' id='word_1_767' title='bbox 2701 5164 3049 5221; x_wconf 79' lang='lat' dir='ltr'><strong>conﬁrmavit</strong></span> <span class='ocrx_word' id='word_1_768' title='bbox 3103 5160 3245 5230; x_wconf 91' lang='lat' dir='ltr'><strong>quod</strong></span> <span class='ocrx_word' id='word_1_769' title='bbox 3282 5158 3426 5213; x_wconf 90' lang='lat' dir='ltr'><strong>Deus</strong></span> <span class='ocrx_word' id='word_1_770' title='bbox 3475 5173 3638 5212; x_wconf 81' lang='lat' dir='ltr'><strong>verax</strong></span> 
     </span>
    </p>
   </div>
   <div class='ocr_carea' id='block_1_111' title="bbox 2068 5248 3638 5334">
    <p class='ocr_par' dir='ltr' id='par_1_111' title="bbox 2068 5248 3638 5334">
     <span class='ocr_line' id='line_1_111' title="bbox 2068 5248 3638 5334; baseline -0.014 -13"><span class='ocrx_word' id='word_1_771' title='bbox 2068 5274 2175 5332; x_wconf 88' lang='lat' dir='ltr'><strong>est,</strong></span> <span class='ocrx_word' id='word_1_772' title='bbox 2207 5261 2487 5334; x_wconf 89' lang='lat' dir='ltr'><strong>quomodo</strong></span> <span class='ocrx_word' id='word_1_773' title='bbox 2518 5260 2776 5315; x_wconf 87' lang='lat' dir='ltr'><strong>Christus</strong></span> <span class='ocrx_word' id='word_1_774' title='bbox 2809 5272 2919 5311; x_wconf 91' lang='lat' dir='ltr'><strong>non</strong></span> <span class='ocrx_word' id='word_1_775' title='bbox 2957 5253 3293 5322; x_wconf 84' lang='lat' dir='ltr'><strong>intelligetur</strong></span> <span class='ocrx_word' id='word_1_776' title='bbox 3338 5248 3638 5305; x_wconf 82' lang='lat' dir='ltr'><strong>secundum</strong></span> 
     </span>
    </p>
   </div>
   <div class='ocr_carea' id='block_1_112' title="bbox 2064 5342 3639 5423">
    <p class='ocr_par' dir='ltr' id='par_1_112' title="bbox 2064 5342 3639 5423">
     <span class='ocr_line' id='line_1_112' title="bbox 2064 5342 3639 5423; baseline -0.013 -11"><span class='ocrx_word' id='word_1_777' title='bbox 2064 5365 2319 5412; x_wconf 88' lang='lat' dir='ltr'><strong>naturam</strong></span> <span class='ocrx_word' id='word_1_778' title='bbox 2349 5355 2530 5416; x_wconf 86' lang='lat' dir='ltr'><strong>Deus,</strong></span> <span class='ocrx_word' id='word_1_779' title='bbox 2565 5352 2659 5423; x_wconf 91' lang='lat' dir='ltr'><strong>qui</strong></span> <span class='ocrx_word' id='word_1_780' title='bbox 2705 5365 2894 5404; x_wconf 87' lang='lat' dir='ltr'><strong>eorum</strong></span> <span class='ocrx_word' id='word_1_781' title='bbox 2932 5350 3065 5418; x_wconf 78' lang='lat' dir='ltr'><strong>qua:</strong></span> <span class='ocrx_word' id='word_1_782' title='bbox 3106 5344 3270 5416; x_wconf 91' lang='lat' dir='ltr'><strong>paulo</strong></span> <span class='ocrx_word' id='word_1_783' title='bbox 3316 5351 3443 5397; x_wconf 88' lang='lat' dir='ltr'><strong>ante</strong></span> <span class='ocrx_word' id='word_1_784' title='bbox 3498 5342 3639 5395; x_wconf 80' lang='lat' dir='ltr'><strong>dicta</strong></span> 
     </span>
    </p>
   </div>
   <div class='ocr_carea' id='block_1_113' title="bbox 2064 5433 3637 5518">
    <p class='ocr_par' dir='ltr' id='par_1_113' title="bbox 2064 5433 3637 5518">
     <span class='ocr_line' id='line_1_113' title="bbox 2064 5433 3637 5518; baseline -0.013 -14"><span class='ocrx_word' id='word_1_785' title='bbox 2064 5454 2204 5518; x_wconf 71' lang='lat' dir='ltr'><strong>suntf</strong></span> <span class='ocrx_word' id='word_1_786' title='bbox 2233 5448 2563 5503; x_wconf 84' lang='lat' dir='ltr'><strong>auctoritate</strong></span> <span class='ocrx_word' id='word_1_787' title='bbox 2610 5460 2775 5500; x_wconf 79' lang='lat' dir='ltr'><strong>verax</strong></span> <span class='ocrx_word' id='word_1_788' title='bbox 2807 5456 2932 5497; x_wconf 90' lang='lat' dir='ltr'><strong>esse</strong></span> <span class='ocrx_word' id='word_1_789' title='bbox 2962 5437 3390 5508; x_wconf 79' lang='lat' dir='ltr'><strong>comprobatur?</strong></span> <span class='ocrx_word' id='word_1_790' title='bbox 3419 5433 3637 5502; x_wconf 79' lang='lat' dir='ltr'><strong>Alioqui</strong></span> 
     </span>
    </p>
   </div>
   <div class='ocr_carea' id='block_1_114' title="bbox 2068 5528 3639 5602">
    <p class='ocr_par' dir='ltr' id='par_1_114' title="bbox 2068 5528 3639 5602">
     <span class='ocr_line' id='line_1_114' title="bbox 2068 5528 3639 5602; baseline -0.015 -5"><span class='ocrx_word' id='word_1_791' title='bbox 2068 5543 2216 5597; x_wconf 88' lang='lat' dir='ltr'><strong>dicat</strong></span> <span class='ocrx_word' id='word_1_792' title='bbox 2257 5554 2479 5596; x_wconf 90' lang='lat' dir='ltr'><strong>rursum</strong></span> <span class='ocrx_word' id='word_1_793' title='bbox 2508 5537 2669 5592; x_wconf 88' lang='lat' dir='ltr'><strong>nobis</strong></span> <span class='ocrx_word' id='word_1_794' title='bbox 2722 5533 3076 5591; x_wconf 87' lang='lat' dir='ltr'><strong>adversarius</strong></span> <span class='ocrx_word' id='word_1_795' title='bbox 3130 5528 3407 5602; x_wconf 88' lang='lat' dir='ltr'><strong>quomodo</strong></span> <span class='ocrx_word' id='word_1_796' title='bbox 3446 5532 3639 5579; x_wconf 75' lang='lat' dir='ltr'><strong>natura</strong></span> 
     </span>
    </p>
   </div>
   <div class='ocr_carea' id='block_1_115' title="bbox 2069 5614 3641 5691">
    <p class='ocr_par' dir='ltr' id='par_1_115' title="bbox 2069 5614 3641 5691">
     <span class='ocr_line' id='line_1_115' title="bbox 2069 5614 3641 5691; baseline -0.013 -4"><span class='ocrx_word' id='word_1_797' title='bbox 2069 5632 2252 5687; x_wconf 81' lang='lat' dir='ltr'><strong>divina</strong></span> <span class='ocrx_word' id='word_1_798' title='bbox 2306 5632 2609 5686; x_wconf 85' lang='lat' dir='ltr'><strong>honoratur</strong></span> <span class='ocrx_word' id='word_1_799' title='bbox 2678 5635 2736 5682; x_wconf 90' lang='lat' dir='ltr'><strong>ut</strong></span> <span class='ocrx_word' id='word_1_800' title='bbox 2792 5640 2958 5682; x_wconf 82' lang='lat' dir='ltr'><strong>verax</strong></span> <span class='ocrx_word' id='word_1_801' title='bbox 3016 5628 3281 5691; x_wconf 82' lang='lat' dir='ltr'><strong>suscepto</strong></span> <span class='ocrx_word' id='word_1_802' title='bbox 3336 5614 3641 5672; x_wconf 87' lang='lat' dir='ltr'><strong>Salvatoris</strong></span> 
     </span>
    </p>
   </div>
  </div>
