4118 6556
485 413 593 469 275

1473 405 1534 463 s.
1574 405 1855 464 evntLLt
1890 405 2356 468 ALEXANDRINI
2394 405 2712 479 Αιιωιιειι.

3628 420 3737 474 276

480 525 658 583 nostri
688 522 1024 580 testimonio.
1069 524 1127 579 Si
1158 523 1304 579 enim
1343 522 1503 593 plane
1532 522 1837 580 secundum
1886 532 2051 579 natu-

2170 523 2319 579 πάλιν
2342 525 2473 593 ἡμῖν
2500 523 2614 577 όδιν
2638 524 2911 598 ἐναντίας,
2938 523 3055 588 πῶς
3085 527 3117 596 ή
3141 526 3260 580 θεία
3293 531 3518 601 τιμᾶται
3550 534 3735 603 φύσις,

477 628 600 671 rant
629 629 737 669 non
770 623 853 669 est
886 613 1049 678 Deus,
1081 612 1380 684 religiosus
1408 628 1521 669 non
1562 614 1668 668 erit
1713 628 1844 683 erga
1886 622 2052 668 natu-

479 721 599 760 ram
628 705 867 761 divinam
913 705 961 759 is
988 704 1079 774 qui
1118 704 1313 770 credit,
1368 711 1428 759 ut
1456 705 1663 768 veraci,
1722 702 1820 758 sed
1869 704 2051 774 potius

480 811 610 866 erga
635 804 942 851 creaturam
979 809 1162 860 unam,
1190 803 1247 849 ut
1287 795 1365 850 illi
1402 795 1612 860 volunt,
1649 794 2050 865 praestantissi-

483 899 649 938 tnant.
680 884 814 938 Cum
850 890 1031 938 autem
1083 884 1426 940 asseveratio
1468 884 1562 938 illa
1616 884 1934 939 veracitatis
1985 884 2051 938 ad

484 976 653 1030 Deum
706 975 1002 1045 pertineat,
1042 977 1265 1046 quando
1303 977 1437 1037 fides
1484 977 1709 1032 Christo,
1740 983 2052 1048 praestatur,

485 1068 671 1137 utique
711 1066 1063 1123 manifestum
1098 1079 1181 1124 est
1228 1069 1377 1138 quod
1427 1084 1593 1124 verus
1634 1068 1912 1124 exsistens
1948 1083 2055 1121 non

485 1156 607 1212 falsi
638 1157 879 1213 nominis
916 1157 1061 1214 Deus
1112 1159 1227 1228 ipse
1276 1158 1383 1215 sibi
1429 1159 1697 1216 honorent
1739 1158 1890 1213 illum
1939 1174 2058 1212 cre-

481 1250 731 1305 dentium
768 1260 1012 1318 arrogat.
1076 1247 1182 1304 Sed
1236 1266 1348 1305 non
1402 1249 1817 1321 astipulabitnr,
1850 1255 1909 1303 ut
1962 1263 2053 1318 apo

480 1347 667 1409 paret,
707 1339 836 1393 huic
915 1348 1118 1393 nostrae
1183 1339 1481 1395 sententia:
1554 1339 1807 1394 veritatis
1869 1338 2053 1392 inimi-

482 1447 617 1497 cus;
682 1430 930 1500 quinimo
998 1429 1170 1485 Deum
1235 1428 1542 1487 secundum
1602 1438 1859 1484 naturam
1928 1443 2051 1483 esse

484 1521 643 1579 fateri
686 1524 905 1588 nolens,
945 1538 1111 1591 supra
1153 1522 1375 1577 modum
1419 1537 1618 1591 procax
1666 1536 1771 1576 nos
1830 1535 2048 1575 rursum

482 1616 572 1672 his
595 1615 780 1672 verbis
808 1615 1151 1686 aggredietur
1174 1633 1188 1670 :
1212 1614 1523 1680 Cuvillaris,
1541 1630 1574 1666 ο
1604 1615 1765 1681 bone,
1784 1622 1841 1669 et
1861 1628 2053 1668 versu-

482 1711 661 1761 tarum
737 1706 1014 1762 rationum
1087 1706 1345 1775 strepbas
1403 1704 1862 1769 comminisceris,
1902 1704 2056 1774 167

482 1793 793 1865 simplicem
854 1794 1266 1867 quodammodo
1336 1804 1389 1848 et
1446 1802 1656 1849 rectam
1727 1793 2060 1849 sententiam

2157 615 2234 678 ὡς
2267 614 2636 686 ἀληθεύουσα,
2683 615 2785 685 τῆς
2824 614 2920 668 τοῦ
2950 617 3202 689 Σωτῆρος
3244 620 3402 691 ήμῶν
3435 627 3743 696 μαρτυρίας

2160 705 2661 779 παραδεδεγμένης.
2697 707 2761 759 Εἰ
2805 706 2915 778 γὰρ
2945 708 3081 772 ὅλως
3121 696 3264 764 κατά
3297 710 3458 780 φύσιν
3495 715 3594 768 οὐκ
3627 717 3743 771 ἔστι

2158 796 2319 862 Θεὸς,
2355 797 2456 851 οὐκ
2479 799 2559 861 είς
2579 797 2678 870 τὴν
2712 797 2865 853 Θείαν
2898 799 3188 871 εὐσεϐήσει
3209 801 3368 870 φύσιν
3392 806 3430 869 ό,
3448 806 3741 877 πιστεύων,

2158 888 2232 953 ὥς
2259 889 2598 961 ἀληθεύοντι,
2630 884 2833 960 μᾶλλον
2860 892 2917 962 δὲ
2949 893 3030 962 είς
3059 892 3117 945 ἒν
3140 893 3248 969 τῶν
3281 896 3597 967 κτισμάτων
3620 899 3744 951 κατ’

2159 975 2401 1039 ἐκείνους
2433 976 2496 1029 τὸ
2541 976 2849 1032 κάλλιστον.
2902 979 3120 1049 Ἐπειδὴ
3163 980 3221 1035 δὲ
3252 981 3347 1035 τοῦ
3388 983 3675 1054 ἀληθεύειν
3703 988 3739 1056 ἡ

2157 1064 2339 1134 ψῆφος
2376 1067 2455 1128 είς
2494 1063 2629 1118 Θεὸν
2666 1065 3007 1121 ἀνατείνεται
3038 1071 3427 1140 πιστευομένου
3477 1074 3742 1144 Χριστοῦ,

2162 1154 2427 1227 πρόδηλον
2460 1157 2634 1228 δήπου
2676 1159 2894 1224 πάντως
2918 1161 3065 1214 ἐστὶν
3085 1201 3099 1226 ,
3152 1162 3234 1214 ὅτι
3272 1153 3405 1227 Θεὸς
3439 1153 3742 1236 ὑπάρχων,

2160 1247 2222 1298 οὺ
2262 1245 2611 1318 ψευδώνυμος
2647 1248 2809 1313 αὐτὸς
2848 1250 2934 1319 ἐφ’
2963 1250 3142 1320 ἐαυτῷ
3178 1250 3278 1322 τήν
3307 1252 3415 1306 ἀπὸ
3464 1253 3576 1307 τῶν
3606 1242 3745 1308 ’συνο

2163 1335 2457 1391 αινούντων
2493 1337 2731 1410 ἁρπάζει
2776 1341 2962 1411 τιμήν.
3010 1340 3148 1393 Ἀλλ’
3173 1342 3233 1395 οὐ
3260 1344 3585 1410 συνθήσεται
3619 1345 3740 1415 μὲν,

2168 1425 2307 1480 κατά
2332 1427 2393 1481 τὸ
2412 1429 2582 1495 εἰκὸς,
2598 1430 2811 1495 τούτοις
2834 1433 2964 1503 ἡμῖν
2987 1436 3102 1497 τοῖς
3120 1433 3295 1504 λόγοις
3320 1436 3348 1487 6
3366 1436 3464 1506 τῆς
3484 1435 3744 1507 ἀληθείας

2168 1516 2381 1587 ἐχθρόςο
2413 1519 2805 1591 ἀνασκιρτήσει
2821 1520 2876 1574 δὲ
2910 1522 3073 1592 μέγα,
3098 1522 3229 1577 Θεὸν
3245 1520 3385 1579 εἶναι
3412 1527 3555 1579 κατά
3579 1526 3743 1594 φύσιν

2168 1608 2227 1660 οὐ
2254 1608 2692 1680 παραδεχόμενος
2715 1611 2807 1665 τὸν
2830 1609 2976 1666 Υίόν.
2995 1613 3144 1685 Ἐρεέ
3156 1614 3213 1667 δέ
3241 1614 3304 1685 δὴ
3336 1615 3499 1669 πάλιν
3516 1633 3530 1647 ο
3559 1617 3742 1669 Κατα-

2168 1700 2363 1774 σοφίζῃ
2394 1702 2486 1756 τὸν
2525 1702 2711 1771 λόγον,
2756 1698 2800 1757 ὦ
2845 1696 3035 1769 οὗτος,
3076 1704 3184 1758 ’καὶ
3232 1706 3473 1778 στροφὰς
3508 1709 3743 1777 ἐπινοεῖς

2167 1790 2522 1845 πολυπλόκων
2556 1792 2958 1865 θεωρημάτων,
3010 1794 3111 1866 τὴν
3157 1795 3336 1867 ἁπλῆν
3386 1790 3588 1867 τρόπον
3620 1797 3743 1866 τινά

484 1887 773 1943 amoliens.
805 1887 941 1943 Cum
978 1887 1124 1946 enim
1158 1886 1378 1943 caelitus
1417 1886 1509 1941 Dei
1547 1884 1789 1943 Verbum
1821 1886 2052 1942 descen-

2170 1881 2256 1936 καὶ
2289 1882 2500 1937 εὐθεῖαν
2522 1884 2611 1938 ἀεὶ
2631 1885 2869 1940 διάνοιαν
2893 1885 3344 1961 παραιτούμενος.
3392 1888 3608 1960 Ἐπειδὴ
3636 1888 3704 1956 γά
3714 1905 3745 1957 ρ

483 1976 650 2043 derit,
696 1986 886 2047 aperte
925 1978 1211 2038 clamans:
1244 1997 1263 2032 ι
1293 1978 1374 2033 Ex
1417 1978 1639 2048 meipso
1687 1994 1800 2033 non
1838 1977 2056 2047 loquor,

483 2068 580 2123 sed
615 2066 709 2138 qui
748 2068 901 2124 misit
937 2084 1022 2124 tne
1051 2069 1240 2136 Pater,
1266 2070 1389 2141 ipse
1430 2068 1566 2122 mihi
1610 2068 1935 2123 mandatum
1965 2065 2061 2121 de-

489 2162 572 2215 dit
624 2161 761 2232 quid
805 2162 983 2216 dicam
1038 2168 1093 2217 et
1142 2161 1278 2232 quid
1330 2162 1526 2232 loquar
1549 2160 1629 2226 "-;
1659 2179 1677 2212 ι
1720 2168 1777 2215 et
1824 2174 2056 2215 rursus:

490 2270 511 2306 ι
546 2248 745 2305 Omnia
785 2265 1137 2321 quaecunque
1172 2250 1359 2306 audivi
1400 2266 1429 2304 a
1466 2248 1630 2305 Patre
1656 2255 1785 2303 nota
1825 2247 1929 2304 feci
1961 2262 2060 2303 vo-

485 2343 575 2398 bis
594 2342 639 2374 "
669 2359 683 2394 :
713 2361 732 2395 ι
766 2342 1008 2409 tametsi,
1055 2350 1115 2397 ttt
1149 2342 1271 2413 ipse
1312 2341 1368 2396 itt
1415 2339 1780 2410 sequentibus
1834 2345 2062 2395 sanctus

484 2433 733 2503 Baptista
768 2438 1004 2487 testatur
1031 2447 1044 2483 :
1075 2448 1093 2483 ι
1134 2432 1310 2498 Quem
1332 2431 1480 2487 enim
1511 2429 1663 2486 misit
1697 2427 1870 2495 Deus,
1894 2428 2062 2484 verba

484 2523 581 2579 Dei
610 2524 887 2595 loquitur;
913 2524 957 2555 δι
985 2542 1003 2575 ι
1026 2522 1239 2578 idcirco
1268 2523 1336 2579 de
1367 2538 1436 2578 eo
1464 2521 1603 2597 dicit
1634 2538 1648 2575 :
1675 2539 1693 2571 ι
1724 2519 1830 2586 Qui
1860 2517 2063 2589 accipit

485 2615 609 2683 ejus
642 2612 1049 2679 testimonium,
1082 2613 1323 2685 signavit
1358 2613 1489 2684 quia
1522 2612 1667 2667 Deus
1692 2626 1856 2666 verax
1889 2617 1974 2667 est
1992 2609 2059 2663 ⁸⁸.

486 2703 670 2760 Verax
702 2706 849 2759 enim
883 2712 970 2759 est
992 2703 1137 2759 Deus
1165 2718 1230 2758 ac
1258 2702 1421 2769 Pater
1459 2722 1472 2759 :
1508 2710 1567 2756 tu
1607 2718 1739 2757 vero
1776 2701 1831 2755 in
1865 2701 2064 2755 Filiutn

485 2794 780 2861 deflectere
811 2794 1031 2857 conaris
1068 2793 1221 2863 quod
1255 2793 1421 2851 alteri
1469 2793 1722 2849 debetur.
1769 2792 1909 2860 Quid
1962 2792 2065 2864 igi-

486 2897 579 2941 tur
608 2885 676 2939 ad
718 2885 834 2948 haec
867 2900 971 2947 nos
1002 2900 1223 2957 quoque
1275 2884 1774 2955 respondebimus?
1805 2883 1889 2939 An
1934 2896 2066 2952 ergo

487 2980 632 3046 inter
653 2977 954 3047 prophetas
974 2974 1337 3047 Unigenitum
1369 2974 1746 3046 ministerium
1779 2973 2065 3044 prophetis

486 3067 822 3131 conveniens
878 3065 1142 3136 implere,
1200 3064 1448 3132 nihilque
1504 3072 1705 3134 praeter
1757 3064 1865 3119 hoc
1918 3063 2069 3119 aliud

488 3160 673 3214 facere
718 3156 1011 3212 dicemus?
1058 3156 1195 3221 Quis
1248 3156 1392 3219 enim
1436 3171 1547 3218 non
1608 3157 1771 3225 plane
1829 3154 2069 3213 fateatur

2167 1970 2227 2037 ἐξ
2250 1973 2483 2045 ούρανοῦ
2507 1975 2878 2046 καταϐέϐηκεν
2911 1975 2941 2029 6
2961 1976 3055 2029 τοῦ
3081 1976 3217 2030 Θεοῦ
3239 1977 3431 2053 Λόγος,
3450 1970 3746 2054 διαρρήδην

2167 2062 2410 2121 ἀναϐοῶν
2429 2105 2446 2133 ,
2483 2084 2503 2119 ι
2540 2068 2659 2121 Ἀπ’
2691 2068 2929 2139 ἐμαυτοῦ
2954 2069 3016 2121 οὐ
3044 2069 3209 2136 λαλῶ,
3239 2064 3354 2124 ἀλλ’
3384 2070 3657 2145 πέμψας
3675 2064 3743 2139 με

2169 2156 2379 2230 Πατὴρ,
2432 2158 2596 2222 αὐτός
2641 2176 2731 2230 μοι
2760 2160 2979 2231 ἐντολὴν
3019 2160 3219 2215 δέδωκε
3265 2163 3322 2215 τί
3346 2144 3484 2215 εἴπω
3504 2205 3518 2228 ,
3561 2155 3655 2215 καὶ
3690 2146 3744 2214 τί

2168 2247 2385 2320 λαλήσω
2410 2267 2424 2281 ·
2458 2270 2477 2301 ι
2511 2250 2606 2303 καὶ
2638 2250 2799 2304 πάλιν
2823 2292 2836 2315 ,
2879 2270 2896 2302 ι
2925 2252 3110 2304 Πάντα
3141 2251 3176 2304 ἃ
3209 2252 3419 2323 ἤκουσα
3466 2251 3614 2322 παρὰ
3646 2250 3740 2304 τοῦ

2169 2339 2404 2411 Πατρὸς,
2438 2340 2739 2409 ἀπαγγελῶ
2767 2339 2943 2411 ῘυιιΙρ.
2980 2340 3287 2412 ἐγνώρισα]
3323 2342 3472 2413 ὑμῖν,
3500 2360 3518 2393 ι
3553 2344 3602 2395 εί
3624 2342 3741 2397 καὶ.

2168 2430 2245 2493 ὡς
2271 2430 2433 2494 αὐτὸς
2460 2432 2517 2484 ἐν
2544 2434 2655 2495 τοῖς
2676 2432 2876 2503 ἐφεξῆς
2893 2433 2921 2485 6
2941 2431 3095 2501 ἆγιος
3118 2432 3519 2503 διεμαρτύρατο
3544 2431 3742 2485 Βαπτι-

2174 2522 2305 2592 στής
2329 2538 2345 2553 ’
2385 2540 2405 2574 ι
2441 2524 2537 2578 ’ον
2565 2523 2674 2595 γὰρ
2710 2523 3033 2579 ἀπέστειλεν
3064 2525 3093 2577 6
3122 2522 3274 2587 Θεὸς,
3302 2522 3371 2575 τὰ
3400 2523 3621 2593 ῥήματα
3647 2519 3741 2573 τοῦ

2171 2612 2309 2667 Θεοῦ
2342 2614 2524 2668 λαλεῖ·
2552 2635 2569 2667 ι
2605 2617 2693 2670 διὰ
2714 2615 2873 2669 τοῦτο
2904 2614 3049 2683 λέγει
3070 2614 3199 2685 περὶ
3224 2614 3411 2668 αὐτοῦ·
3448 2634 3466 2663 ι
3509 2614 3570 2667 Ὀ
3601 2612 3740 2682 λαμ-

2173 2705 2352 2760 ϐάνων
2383 2706 2549 2759 αὐτοῦ
2583 2706 2681 2777 τὴν
2716 2708 3042 2779 μαρτυρίαν,
3073 2706 3423 2777 ἐσφράγισεν,
3455 2705 3535 2758 ὅτι
3564 2706 3592 2756 6
3612 2704 3743 2767 Θεὸς

2172 2800 2379 2872 ἀληθής
2404 2802 2551 2854 ἐστιν
2573 2818 2586 2831 ·
2617 2819 2637 2852 ι
2667 2800 2873 2872 ἀληθὴς
2887 2800 2997 2873 γάρ
3027 2801 3174 2873 ἐστιν
3198 2795 3229 2853 ’ὁ
3248 2798 3378 2873 Θεὸς
3403 2798 3498 2874 καὶ
3521 2798 3740 2867 Πατήρο

2176 2892 2239 2944 σὺ
2265 2892 2321 2945 δὲ
2349 2895 2483 2963 ἡμῖν
2513 2894 2593 2956 εἰς
2623 2893 2715 2946 τὸν
2744 2893 2869 2946 Υίὸν
2910 2892 3262 2965 περιτρέπειν
3290 2893 3454 2961 πειρᾷ
3487 2891 3547 2943 τὸ
3574 2880 3745 2960 ἐτέρὶμ

2174 2985 2640 3056 χρεωστούμενον.
2703 2986 2768 3038 Τί
2807 2980 2900 3040 οὖν
2940 2986 3080 3055 πρὸς
3106 2985 3281 3039 ταῦτα
3310 2985 3405 3055 καὶ.
3432 2982 3565 3058 map"
3589 2976 3745 3053 ἡμῶν

2174 3076 2453 3147 είρήσεται
2482 3092 2496 3141 ;
2530 3070 2655 3146 Ἆρ’
2677 3069 2770 3128 οῦν
2798 3075 2856 3127 ἐν
2880 3075 3185 3146 προφήταις
3219 3075 3349 3144 ἡμῖν
3380 3075 3408 3125 6
3438 3071 3747 3139 Μονογενὴς

2175 3166 2476 3233 τετάξεται,
2501 3168 2600 3238 τὴν
2626 3167 2932 3239 προφήταις
2963 3166 3280 3237 πρέπουσαν
3306 3163 3579 3217 διακονίαν
3610 3163 3745 3215 ἀπο-

492 3247 588 3308 Dci
644 3247 713 3301 ad
771 3261 872 3302 nos
904 3261 1071 3314 voces
1124 3243 1423 3316 prophetas
1464 3245 1778 3307 detulisse?
1823 3246 1894 3321 ᾼι
1941 3244 2065 3314 quid

2177 3259 2420 3331 πληρῶν,
2449 3260 2543 3312 καὶ
2572 3259 2758 3329 ἕτερον
2794 3259 2887 3311 ἐπὶ
2914 3256 3089 3327 τούτῳ
3117 3257 3372 3327 πράττων
3407 3255 3557 3307 οὐδέν
3584 3271 3599 3319 ;
3630 3253 3746 3305 Τίνι

488 3340 677 3394 eximii
713 3339 879 3395 habet
927 3338 1126 3402 Filius,
1166 3338 1214 3392 'si
1265 3338 1370 3393 hoc
1428 3336 1610 3408 ipsum
1647 3335 1919 3393 duntaxat
1966 3335 2069 3397 im—

490 3432 678 3504 pleat?
711 3416 1004 3498 Quomodo
1027 3446 1160 3486 vero
1191 3445 1361 3507 supra
1400 3444 1594 3507 omnes
1622 3438 1730 3492 est,
1763 3428 1811 3483 si
1837 3427 2070 3498 prophe-

490 3502 672 3587 tarum
711 3524 765 3589 in
793 3523 989 3577 ordine
1014 3502 1305 3599 censetur,
1334 3530 1391 3577 et
1413 3502 1617 3588 servili
1636 3518 1957 3599 conditione
1988 3528 2071 3599 est

492 3615 796 3685 praeditus?
841 3596 1120 3683 quomodo
1150 3599 1252 3668 ceu
1289 3595 1399 3667 illis
1426 3611 1603 3683 gloria
1635 3595 1988 3681 praestantior
2014 3595 2067 3664 in

493 3707 806 3778 Evangeliis
838 3707 915 3766 ait
943 3722 956 3759 :
995 3723 1016 3765 ι
1048 3703 1109 3759 Si
1140 3704 1271 3767 illos
1316 3702 1455 3775 dixit
1481 3702 1636 3767 deos,
1666 3702 1735 3772 ad
1763 3715 1904 3771 quos
1951 3714 2070 3755 ser-

494 3814 584 3853 mo
618 3798 711 3854 Dei
750 3798 932 3854 factus
958 3806 1065 3860 est,
1103 3804 1159 3851 et
1187 3810 1295 3850 non
1343 3801 1528 3865 potest
1565 3793 1706 3851 solvi
1746 3793 2072 3864 Scriptura;

494 3905 656 3961 quem
696 3890 863 3949 Pater
882 3888 1273 3954 sanctiﬂeavit,
1307 3895 1363 3943 et
1395 3887 1546 3944 misit
1570 3888 1627 3945 in
1657 3885 1949 3953 mundum,
1972 3900 2072 3941 vos

494 3982 685 4037 dicitis
728 3980 857 4052 quia
912 3979 1266 4050 blasphemas
1324 3996 1339 4035 :
1391 3979 1522 4049 quia
1563 3979 1703 4042 dixi,
1746 3978 1922 4033 Filius
1976 3974 2071 4032 Dei

494 4090 616 4134 sum
638 4074 721 4128 ".1
746 4092 764 4124 ι
786 4072 884 4131 His
917 4072 1064 4131 enim
1104 4073 1291 4128 verbis
1323 4078 1517 4142 aperte
1545 4070 1791 4140 seipsum
1821 4067 2016 4125 eximit
2041 4082 2074 4123 a

493 4166 891 4234 prophetarum
938 4176 1124 4233 grege,
1160 4176 1370 4231 eosque
1413 4160 1548 4216 deos
1569 4166 1797 4214 vocatos
1829 4156 2070 4218 esse.div

492 4255 593 4318 cit,
625 4261 915 4323 propterea
942 4250 1086 4319 quod
1120 4250 1307 4317 factus
1320 4256 1404 4305 est
1437 4247 1507 4303 ad
1534 4248 1690 4319 ipsos
1715 4248 1811 4307 Dei
1844 4261 2032 4303 sermo
2056 4264 2075 4309 ι

491 4346 741 4416 seipsum
770 4359 905 4398 vero
926 4341 1019 4397 Dei
1050 4341 1249 4419 Filium
1292 4343 1515 4411 asserit.
1542 4341 1677 4397 Nam
1709 4341 1924 4398 sanctis
1949 4356 2075 4411 pro-

492 4439 676 4510 phetis
730 4436 1100 4507 particularis
1125 4436 1375 4506 quaedam
1429 4451 1527 4507 per
1563 4434 1834 4506 Spiritum
1873 4435 2075 4493 collata

494 4538 581 4587 est
606 4531 778 4601 gratia
808 4543 822 4580 :
852 4529 906 4583 in
938 4527 1163 4586 Christo
1193 4543 1324 4595 vero
1358 4528 1667 4597 salvatore,
1701 4528 1912 4599 placuit
1944 4542 2065 4583 om-
2101 4570 2151 4631 Ι)

494 4638 620 4678 nem
669 4620 1070 4692 plenitudinem
1106 4620 1335 4677 deitatis
1383 4621 1636 4681 habitare
1678 4621 2066 4691 corporaliter,

493 4724 556 4771 ιιι
578 4713 783 4768 Paulus
809 4713 884 4766 ait
906 4714 970 4768 δ’.
1000 4712 1240 4784 Ideoque
1259 4713 1326 4773 de
1355 4713 1701 4784 plenitudine
1728 4714 1852 4784 ejus
1877 4730 2072 4771 omnes

495 4805 834 4873 accepimus.
862 4812 918 4859 ut
940 4803 1182 4863 Joannes
1212 4806 1556 4860 asseruit‘“.
1581 4806 1871 4873 Quomodo
1906 4807 2083 4877 igitur,

492 4896 726 4967 aqualis
763 4897 872 4951 erit
924 4896 1328 4967 accipientibus
1368 4896 1623 4968 iargitor,
1658 4907 1754 4953 aut
1795 4898 2074 4968 quomodo.

493 4988 550 5044 in
587 4988 785 5044 ordine
838 4988 1080 5044 ministri
1127 4988 1234 5044 erit
1277 4988 1505 5045 deitatis
1561 4988 1886 5060 plenitudo?
1932 4988 2074 5045 Hinc

493 5094 623 5149 ergo
652 5080 1097 5137 animadvertant
1120 5086 1326 5150 quanta
1352 5095 1414 5135 se
1440 5080 1795 5154 obstringunt
1812 5080 2068 5151 blasphe:

491 5168 606 5222 mia
642 5169 963 5240 quicunque
990 5169 1096 5225 ista
1131 5170 1454 5240 loquuntur.
1487 5170 1609 5237 Quo
1653 5180 1816 5242 pacto
1839 5187 1971 5228 vero
1998 5168 2072 5238 sit

2171 3348 2279 3421 γὰρ
2309 3349 2417 3402 τῶν
2459 3350 2628 3403 ὄντων
2675 3351 2775 3401 οὐκ
2819 3348 3209 3410 ἀνενδοιάστως
3254 3345 3623 3419 παραδεκτὸν,
3666 3344 3747 3395 ὅτι

2170 3438 2270 3501 τὰς
2311 3437 2494 3492 θεόθεν
2528 3438 2603 3501 ὡς
2642 3437 2788 3508 ἡμᾶς
2808 3436 3115 3508 διεκόμιζον
3146 3438 3194 3488 oi.
3223 3434 3497 3503 προφῆται
3527 3432 3745 3501 φωνάς;

2172 3526 2307 3584 Εἶτα
2336 3530 2387 3593 τί
2437 3531 2499 3597 τὸ
2539 3514 2813 3603 ἐξαίρετον
2842 3526 3063 3596 ἐνΥἱῴ,
3102 3525 3259 3581 τοῦτο
3298 3525 3429 3578 αὐτὸ
3453 3523 3747 3593 πληροῦντι

2175 3603 2371 3692 μόνον,
2427 3621 2548 3684 Πῶς
2577 3620 2633 3673 δὲ
2680 3619 2864 3673 ἐπάνω
2898 3619 3115 3673 πάντων
3136 3619 3312 3681 ἐστὶν,
3366 3619 3416 3670 εἰ
3444 3616 3748 3687 προφήταις

2174 3712 2255 3766 ἔτι
2289 3714 2644 3772 συντάττεται
2665 3752 2678 3775 ,
2708 3714 2802 3764 καὶ
2841 3693 3204 3782 δουλοπρεπεῖ
3230 3708 3621 3780 περιϐέϐληται
3651 3707 3747 3777 μέ-

2173 3822 2327 3876 τρῳ;
2380 3804 2497 3867 πῶς
2539 3802 2596 3856 δέ
2642 3803 2719 3865 ὡς
2768 3801 3008 3865 ἐκείνους
3049 3803 3108 3855 ἐν
3152 3800 3278 3870 δόξη
3305 3797 3665 3863 πλεονεκτῶν,
3692 3800 3749 3852 ὲν

2174 3895 2527 3964 Εὑαγγελίοις
2556 3894 2722 3964 φησὶν
2746 3933 2760 3956 ,
2810 3911 2828 3944 ι
2861 3894 2925 3946 Et
2954 3892 3194 3954 ἐκείνους
3231 3886 3350 3942 εἷπε
3383 3889 3568 3952 θεοὺς,
3615 3886 3749 3958 πρὸς

2175 3988 2268 4052 οὓς
2291 3984 2321 4041 6
2342 3987 2498 4055 λόγος
2525 3985 2619 4039 τοῦ
2646 3984 2782 4038 Θεοῦ
2811 3972 3047 4053 ἐγένετο,
3077 3984 3170 4036 καὶ
3193 3982 3253 4036 οὐ
3278 3981 3499 4035 δύναται
3525 3979 3748 4049 λυθῆναι

2176 4081 2210 4151 ή
2244 4078 2453 4151 Γραφὴ,
2486 4077 2547 4131 ὃν
2582 4078 2611 4130 6
2633 4077 2821 4148 Πατὴρ
2845 4075 3061 4146 ἡγίασε,
3090 4074 3183 4127 καὶ
3214 4072 3532 4125 ἀπέστειλεν
3554 4073 3633 4134 είς
3662 4071 3750 4123 τὸν

2176 4172 2400 4241 κόσμον,
2419 4172 2576 4239 ὑμεῖς
2590 4169 2797 4236 λέγετε,
2818 4164 3293 4236 ὅτιΒλασφημεῖς,
3314 4167 3396 4219 ὅτι
3415 4161 3569 4217 εἷπον
3587 4182 3600 4195 ο
3626 4163 3750 4225 Υἱός

2176 4264 2291 4334 ειμι
2317 4261 2411 4317 τοῦ
2434 4260 2568 4315 Θεοῦ
2598 4278 2611 4325 ;
2652 4281 2670 4313 ι
2706 4260 2930 4314 Ἑαυτὸν
2963 4259 3072 4330 γὰρ
3102 4261 3159 4311 ἐν
3180 4257 3392 4320 τούτοις
3420 4256 3749 4326 ἀποδιορίζει

2179 4354 2369 4424 σαφῶς
2409 4354 2510 4423 τῆς
2545 4352 2654 4406 τῶν
2700 4350 2995 4421 προφητῶν
3037 4351 3274 4420 ἀγέλης,
3306 4350 3399 4401 καὶ
3445 4347 3601 4411 θεοὺς
3656 4348 3752 4415 μὲν

2178 4446 2376 4508 αὐτοὺς
2405 4436 2839 4512 κατωνομάσθαι’
2874 4440 3042 4511 φησι,
3088 4440 3179 4494 διὰ.
3208 4440 3269 4493 τὸ
3312 4438 3565 4508 γενέσθαι
3618 4437 3751 4509 πρὸς

2179 4532 2376 4596 αὐτοὺς
2402 4531 2495 4586 τὸν
2513 4531 2607 4584 τοῦ
2621 4530 2755 4583 Θεοῦ
2777 4531 2931 4600 λόγον
2950 4570 2965 4593 ,
2986 4530 3175 4584 ἐαυτὸν
3192 4530 3248 4583 δὲ
3267 4530 3395 4583 Υίὸν
3414 4528 3553 4582 Θεοῦ
3583 4529 3747 4596 λέγει.

2179 4625 2305 4687 Τοῖς
2337 4624 2436 4694 μὲν
2464 4623 2573 4693 γὰρ
2599 4622 2772 4689 ἁγίοις
2806 4622 3113 4692 προφήταις
3138 4638 3201 4692 με
3210 4621 3334 4693 ρικὴ
3360 4622 3447 4675 διὰ
3472 4622 3563 4674 τοῦ
3589 4620 3754 4673 Πνεύ-

2183 4732 2354 4786 ματος
2404 4713 2697 4784 διενεμήθη
2731 4713 2890 4783 χάρις
2916 4729 2933 4746 ⁸
2983 4714 3041 4767 ἐν
3079 4713 3136 4765 δὲ
3182 4712 3262 4781 τῷ
3295 4714 3505 4783 Σωτῆρι
3536 4712 3752 4782 Χριστῷ

2180 4809 2288 4870 πᾶν
2319 4807 2381 4859 τὸ
2419 4806 2692 4876 πλήρωμα
2729 4808 2829 4876 τῆς
2865 4804 3116 4875 θεότητος
3145 4806 3404 4873 εύδόκησε
3436 4804 3751 4873 κατοικῆσαι

2181 4898 2507 4969 σωματικῶς
2526 4938 2541 4962 ,
2577 4897 2652 4961 ὡς
2681 4899 2709 4950 6
2734 4896 2946 4960 Παῦλός
2979 4914 3111 4968 φησι
3136 4914 3150 4929 ο
3180 4896 3260 4950 διὸ
3291 4897 3384 4949 καὶ
3411 4898 3475 4949 ἐκ
3492 4895 3586 4948 τοῦ
3616 4895 3751 4965 πλη-

2180 4989 2433 5060 ρώματος
2476 4986 2641 5042 αὐτοῦ
2689 4988 2891 5050 πάντες
2930 4987 3225 5059 ἐλάϐομεν,
3270 4987 3346 5050 ὡς
3385 4988 3638 5057 Ἰωάννης
3680 4988 3753 5040 δι-

2179 5081 2515 5151 ισχυρίσατο.
2566 5081 2692 5144 Πῶς
2719 5076 2813 5135 οῦν
2854 5083 2913 5135 ἐν
2951 5081 3221 5151 ίσομέτρῳ
3249 5082 3360 5145 τοῖς
3389 5081 3752 5151 λαμϐάνουσιν

2171 5176 2201 5228 6
2216 5174 2421 5239 διδούς;
2451 5175 2483 5243 ἦ
2507 5174 2625 5238 πῶς
2652 5175 2710 5226 ἐν
2733 5178 2797 5246 τῇ
2826 5174 2920 5227 τοῦ
2946 5174 3320 5239 διακονοῦντος
3335 5175 3749 5241 κατατετάξεται

493 5261 913 5331 intelligendum
948 5261 1085 5317 illud
1115 5279 1130 5316 :
1157 5281 1175 5313 ι
1217 5262 1293 5318 Ειι
1328 5264 1536 5333 meipso
1568 5280 1675 5318 non
1713 5265 1934 5335 loquor,
1973 5266 2065 5321 sed

2178 5264 2341 5334 μοίρᾳ
2380 5263 2587 5333 τὸετῆς
2627 5262 2881 5333 θεότητος
2922 5263 3233 5333 πλήρωμα;
3280 5264 3752 5335 Περιαθρείτωσαν

494 5352 586 5419 qui
628 5352 784 5407 misit
824 5369 913 5408 me
952 5353 1134 5418 Pater,
1176 5355 1298 5425 ipse
1349 5355 1483 5409 milti
1542 5355 1866 5410 mandatum
1920 5358 2065 5413 dedit

2174 5355 2352 5419 τοίνυν
2378 5355 2648 5421 ἐντεῦθεν,
2683 5356 2764 5418 εἰς
2786 5355 2918 5426 ὅσην
2943 5354 3130 5417 αὐτοῖς
3161 5355 3605 5409 ἀποκινδυνεύσει
3634 5356 3752 5408 δυσ-

493 5443 626 5513 quid
674 5444 877 5512 dicam,
911 5456 1006 5509 aut
1050 5447 1183 5517 quid
1214 5446 1410 5517 loquar
1434 5448 1501 5510 ",
1530 5468 1548 5501 ι
1593 5463 1695 5503 suo
1727 5456 1976 5518 tempore
2011 5464 2065 5504 ac

2178 5445 2390 5514 φημίαν
2408 5446 2436 5498 6
2460 5445 2619 5514 λόγος
2639 5486 2654 5511 ,
2691 5444 2784 5498 καὶ
2815 5443 2938 5499 τίνα
2965 5444 3064 5513 μὲν
3093 5443 3295 5514 τρόπον
3328 5445 3596 5513 προσήκει
3622 5446 3751 5497 νοεῖ-

460 5533 623 5602 _loco
681 5532 861 5592 fusius
890 5537 1308 5607 explicabitur?
1354 5537 1835 5609 lnpraesentiarum
1889 5547 2065 5595 autem

2178 5537 2410 5602 σθαιτδ,
2448 5556 2466 5588 ι
2515 5538 2635 5591 Ἀπ’
2664 5535 2909 5608 ἐμαυτοῦ»
2934 5537 2994 5590 οὐ
3022 5537 3188 5601 λαλῶ,
3222 5536 3336 5590 ἀλλ’
3375 5537 3403 5587 6
3435 5536 3657 5606 πέμψας
3691 5552 3753 5606 με

496 5624 735 5685 arbitror
792 5625 1241 5691 adversariorum
1293 5628 1636 5698 objectiones
1689 5626 1763 5685 ad.
1811 5628 2065 5698 pietatem

2179 5629 2391 5702 Πατήρ,
2424 5629 2585 5693 αὐτός
2619 5646 2709 5699 μοι
2737 5629 2956 5700 ἐντολὴν
2978 5629 3176 5684 δέδωκε
3204 5628 3257 5681 τί
3283 5629 3417 5682 εἴπω
3436 5670 3449 5693 ,
3476 5629 3570 5681 καὶ
3592 5628 3646 5681 τί
3668 5628 3753 5681 λα-

570 5743 615 5814 "_
645 5741 804 5799 Joatt.
848 5746 1053 5809 xtt,49.
1134 5746 1177 5777 ³⁸
1205 5744 1363 5801 Joan.
1406 5761 1511 5806 xv.
1549 5746 1633 5799 15.
1718 5747 1757 5778 δι
1790 5744 1947 5803 Joan.
1987 5761 2044 5803 ιιι

2170 5747 2203 5802 ι.
2284 5745 2328 5777 ⁸³
2360 5746 2517 5800 lltid..
2556 5748 2642 5801 33.
2724 5748 2768 5778 "
2798 5746 2955 5802 Joan.
2992 5763 3057 5811 ιι,
3095 5746 3186 5812 35,
3215 5745 3302 5799 56.
3384 5744 3425 5774 ⁸⁸
3455 5743 3567 5798 (Iol.
3606 5758 3663 5806 II,
3696 5740 3746 5797 9.

506 5812 561 5855 W
588 5811 744 5878 Joan.
783 5832 823 5885 ι,
864 5814 941 5869 ιθ.
1020 5818 1065 5848 ⁸⁸
1100 5814 1256 5881 ειυεηι.
1295 5833 1364 5869 xu
1393 5855 1409 5887 ι
1444 5816 1531 5881 49.
