  <div class='ocr_page' id='page_1' title='image "/cluster/home/n/w/nwhite01/storage/ocr_20150623/73/hvd.32044019207877/160.png"; bbox 0 0 4118 6520; ppageno 0'>
   <div class='ocr_carea' id='block_1_1' title="bbox 242 413 343 465">
    <p class='ocr_par' dir='ltr' id='par_1_1' title="bbox 242 413 343 465">
     <span class='ocr_line' id='line_1_1' title="bbox 242 413 343 465; baseline -0.01 0"><span class='ocrx_word' id='word_1_1' title='bbox 242 413 343 465; x_wconf 67' lang='grc'><strong>977</strong></span> 
     </span>
    </p>
   </div>
   <div class='ocr_carea' id='block_1_2' title="bbox 1311 400 2436 466">
    <p class='ocr_par' dir='ltr' id='par_1_2' title="bbox 1311 400 2436 466">
     <span class='ocr_line' id='line_1_2' title="bbox 1311 400 2436 466; baseline 0.002 -5"><span class='ocrx_word' id='word_1_2' title='bbox 1311 406 1378 462; x_wconf 80' lang='lat' dir='ltr'><strong>IN</strong></span> <span class='ocrx_word' id='word_1_3' title='bbox 1413 400 1699 463; x_wconf 79' lang='lat' dir='ltr'><strong>.IOANNIS</strong></span> <span class='ocrx_word' id='word_1_4' title='bbox 1726 404 2175 466; x_wconf 76' lang='lat' dir='ltr'><strong>EVANGELIUM</strong></span> <span class='ocrx_word' id='word_1_5' title='bbox 2211 404 2339 463; x_wconf 85' lang='lat' dir='ltr'><strong>LIB.</strong></span> <span class='ocrx_word' id='word_1_6' title='bbox 2373 407 2436 463; x_wconf 77' lang='lat' dir='ltr'><strong>II;</strong></span> 
     </span>
    </p>
   </div>
   <div class='ocr_carea' id='block_1_3' title="bbox 3366 415 3485 477">
    <p class='ocr_par' dir='ltr' id='par_1_3' title="bbox 3366 415 3485 477">
     <span class='ocr_line' id='line_1_3' title="bbox 3366 415 3485 477; baseline -0.025 -4"><span class='ocrx_word' id='word_1_7' title='bbox 3366 415 3485 477; x_wconf 70' lang='grc'><strong>,278</strong></span> 
     </span>
    </p>
   </div>
   <div class='ocr_carea' id='block_1_4' title="bbox 239 522 1824 607">
    <p class='ocr_par' dir='ltr' id='par_1_4' title="bbox 239 522 1823 601">
     <span class='ocr_line' id='line_1_4' title="bbox 239 522 1823 601; baseline -0.012 -18"><span class='ocrx_word' id='word_1_8' title='bbox 239 532 409 601; x_wconf 80' lang='grc' dir='ltr'>λήσω,</span> <span class='ocrx_word' id='word_1_9' title='bbox 441 550 460 579; x_wconf 74' lang='grc' dir='ltr'><strong>ι</strong></span> <span class='ocrx_word' id='word_1_10' title='bbox 496 526 832 597; x_wconf 76' lang='grc' dir='ltr'><strong>πλατύτερον</strong></span> <span class='ocrx_word' id='word_1_11' title='bbox 860 525 919 578; x_wconf 82' lang='grc' dir='ltr'>ὲν</span> <span class='ocrx_word' id='word_1_12' title='bbox 947 523 1063 594; x_wconf 83' lang='grc' dir='ltr'>ίδίῳ</span> <span class='ocrx_word' id='word_1_13' title='bbox 1089 522 1269 594; x_wconf 76' lang='grc' dir='ltr'>καιρῷ</span> <span class='ocrx_word' id='word_1_14' title='bbox 1301 526 1396 581; x_wconf 75' lang='grc' dir='ltr'><strong>καὶ</strong></span> <span class='ocrx_word' id='word_1_15' title='bbox 1422 525 1574 596; x_wconf 80' lang='grc' dir='ltr'>τόπῳ</span> <span class='ocrx_word' id='word_1_16' title='bbox 1603 526 1823 595; x_wconf 79' lang='grc' dir='ltr'>διερμη-</span> 
     </span>
    </p>
   </div>
   <div class='ocr_carea' id='block_1_5' title="bbox 1924 522 3491 607">
    <p class='ocr_par' dir='ltr' id='par_1_5' title="bbox 1924 526 3491 607">
     <span class='ocr_line' id='line_1_5' title="bbox 1924 526 3491 607; baseline 0.007 -26"><span class='ocrx_word' id='word_1_17' title='bbox 1924 540 2047 581; x_wconf 90' lang='lat' dir='ltr'><strong>esse</strong></span> <span class='ocrx_word' id='word_1_18' title='bbox 2095 526 2536 593; x_wconf 86' lang='lat' dir='ltr'><strong>transt‘erendas,</strong></span> <span class='ocrx_word' id='word_1_19' title='bbox 2578 534 2643 583; x_wconf 74' lang='lat' dir='ltr'><strong>et</strong></span> <span class='ocrx_word' id='word_1_20' title='bbox 2672 544 2737 583; x_wconf 83' lang='lat' dir='ltr'><strong>ex</strong></span> <span class='ocrx_word' id='word_1_21' title='bbox 2777 529 2937 601; x_wconf 74' lang='lat'><strong>168</strong></span> <span class='ocrx_word' id='word_1_22' title='bbox 2966 528 3036 585; x_wconf 90' lang='lat' dir='ltr'><strong>iis</strong></span> <span class='ocrx_word' id='word_1_23' title='bbox 3084 544 3207 607; x_wconf 69' lang='lat' dir='ltr'><strong>quae</strong></span> <span class='ocrx_word' id='word_1_24' title='bbox 3256 529 3335 585; x_wconf 88' lang='lat' dir='ltr'><strong>illi</strong></span> <span class='ocrx_word' id='word_1_25' title='bbox 3378 541 3491 592; x_wconf 63' lang='lat' dir='ltr'><strong>star</strong></span> 
     </span>
    </p>
   </div>
   <div class='ocr_carea' id='block_1_6' title="bbox 238 614 1822 689">
    <p class='ocr_par' dir='ltr' id='par_1_6' title="bbox 238 614 1822 689">
     <span class='ocr_line' id='line_1_6' title="bbox 238 614 1822 689; baseline -0.003 -17"><span class='ocrx_word' id='word_1_26' title='bbox 238 620 581 689; x_wconf 61' lang='lat' dir='ltr'><strong>vsubﬁoemt.</strong></span> <span class='ocrx_word' id='word_1_27' title='bbox 611 616 825 687; x_wconf 78' lang='grc' dir='ltr'>Χρῆνᾳι</span> <span class='ocrx_word' id='word_1_28' title='bbox 849 615 907 669; x_wconf 88' lang='grc' dir='ltr'>δὲ</span> <span class='ocrx_word' id='word_1_29' title='bbox 929 614 1080 685; x_wconf 65' lang='grc' dir='ltr'>οἶμαι</span> <span class='ocrx_word' id='word_1_30' title='bbox 1108 614 1244 685; x_wconf 69' lang='grc' dir='ltr'>πρὸς,</span> <span class='ocrx_word' id='word_1_31' title='bbox 1268 615 1328 669; x_wconf 84' lang='grc' dir='ltr'>τὸ</span> <span class='ocrx_word' id='word_1_32' title='bbox 1350 615 1543 686; x_wconf 83' lang='grc' dir='ltr'>παρὸν,</span> <span class='ocrx_word' id='word_1_33' title='bbox 1566 614 1822 668; x_wconf 84' lang='grc' dir='ltr'>ὑπόθεσιν</span> 
     </span>
    </p>
   </div>
   <div class='ocr_carea' id='block_1_7' title="bbox 240 706 1818 778">
    <p class='ocr_par' dir='ltr' id='par_1_7' title="bbox 240 706 1818 778">
     <span class='ocr_line' id='line_1_7' title="bbox 240 706 1818 778; baseline -0.003 -14"><span class='ocrx_word' id='word_1_34' title='bbox 240 710 521 773; x_wconf 68' lang='grc' dir='ltr'>εὐσεϐείαις</span> <span class='ocrx_word' id='word_1_35' title='bbox 554 709 625 773; x_wconf 78' lang='grc' dir='ltr'><strong>τὰ</strong></span> <span class='ocrx_word' id='word_1_36' title='bbox 669 708 779 771; x_wconf 64' lang='grc' dir='ltr'><strong>τῶν</strong></span> <span class='ocrx_word' id='word_1_37' title='bbox 818 708 1075 761; x_wconf 76' lang='grc' dir='ltr'><strong>ἐναντίων</strong></span> <span class='ocrx_word' id='word_1_38' title='bbox 1114 707 1386 761; x_wconf 82' lang='grc' dir='ltr'>ποιεῖσθαι</span> <span class='ocrx_word' id='word_1_39' title='bbox 1431 706 1818 778; x_wconf 84' lang='grc' dir='ltr'>προϐλήματα,</span> 
     </span>
    </p>
   </div>
   <div class='ocr_carea' id='block_1_8' title="bbox 239 792 1821 869">
    <p class='ocr_par' dir='ltr' id='par_1_8' title="bbox 239 792 1821 869">
     <span class='ocr_line' id='line_1_8' title="bbox 239 792 1821 869; baseline -0.001 -18"><span class='ocrx_word' id='word_1_40' title='bbox 239 800 335 851; x_wconf 71' lang='grc' dir='ltr'>καὶ</span> <span class='ocrx_word' id='word_1_41' title='bbox 368 800 427 863; x_wconf 74' lang='grc' dir='ltr'>ἐξ</span> <span class='ocrx_word' id='word_1_42' title='bbox 560 800 756 865; x_wconf 72' lang='grc' dir='ltr'>ἐκεῖνοι</span> <span class='ocrx_word' id='word_1_43' title='bbox 781 796 1174 869; x_wconf 71' lang='grc' dir='ltr'>πρεσϐεύουσι,</span> <span class='ocrx_word' id='word_1_44' title='bbox 1212 799 1325 861; x_wconf 84' lang='grc' dir='ltr'>τοῖς</span> <span class='ocrx_word' id='word_1_45' title='bbox 1349 797 1449 867; x_wconf 83' lang='grc' dir='ltr'>τῆς</span> <span class='ocrx_word' id='word_1_46' title='bbox 1491 797 1821 869; x_wconf 83' lang='grc' dir='ltr'>Ἐκκλησίας</span> 
     </span>
    </p>
   </div>
   <div class='ocr_carea' id='block_1_9' title="bbox 239 886 1821 959">
    <p class='ocr_par' dir='ltr' id='par_1_9' title="bbox 239 886 1821 959">
     <span class='ocr_line' id='line_1_9' title="bbox 239 886 1821 959; baseline -0.001 -17"><span class='ocrx_word' id='word_1_47' title='bbox 239 890 687 957; x_wconf 78' lang='grc' dir='ltr'>ἐπαγωνίσασθαι</span> <span class='ocrx_word' id='word_1_48' title='bbox 710 889 995 959; x_wconf 76' lang='grc' dir='ltr'><strong>δόγμασιν.</strong></span> <span class='ocrx_word' id='word_1_49' title='bbox 1045 886 1254 942; x_wconf 90' lang='grc' dir='ltr'>Ούκοῦν</span> <span class='ocrx_word' id='word_1_50' title='bbox 1288 887 1509 951; x_wconf 80' lang='grc' dir='ltr'>ἐντολάς</span> <span class='ocrx_word' id='word_1_51' title='bbox 1537 888 1637 959; x_wconf 88' lang='grc' dir='ltr'>μὲν</span> <span class='ocrx_word' id='word_1_52' title='bbox 1672 888 1821 958; x_wconf 82' lang='grc' dir='ltr'>εἰλη-</span> 
     </span>
    </p>
   </div>
   <div class='ocr_carea' id='block_1_10' title="bbox 239 977 1820 1051">
    <p class='ocr_par' dir='ltr' id='par_1_10' title="bbox 239 977 1820 1051">
     <span class='ocr_line' id='line_1_10' title="bbox 239 977 1820 1051; baseline 0 -19"><span class='ocrx_word' id='word_1_53' title='bbox 239 980 397 1047; x_wconf 81' lang='grc' dir='ltr'>φέναι</span> <span class='ocrx_word' id='word_1_54' title='bbox 424 980 575 1051; x_wconf 88' lang='grc' dir='ltr'><strong>παρά</strong></span> <span class='ocrx_word' id='word_1_55' title='bbox 595 980 688 1032; x_wconf 87' lang='grc' dir='ltr'><strong>τοῦ</strong></span> <span class='ocrx_word' id='word_1_56' title='bbox 706 979 939 1050; x_wconf 83' lang='grc' dir='ltr'>Πατρδς,</span> <span class='ocrx_word' id='word_1_57' title='bbox 972 978 1069 1031; x_wconf 72' lang='grc' dir='ltr'>καὶ</span> <span class='ocrx_word' id='word_1_58' title='bbox 1098 977 1278 1031; x_wconf 78' lang='grc' dir='ltr'>λαλεῖν</span> <span class='ocrx_word' id='word_1_59' title='bbox 1296 979 1389 1046; x_wconf 84' lang='grc' dir='ltr'>ἀφ’</span> <span class='ocrx_word' id='word_1_60' title='bbox 1416 978 1612 1033; x_wconf 74' lang='grc' dir='ltr'>ἑαυτοῦ</span> <span class='ocrx_word' id='word_1_61' title='bbox 1634 978 1820 1049; x_wconf 82' lang='grc' dir='ltr'>μηδὲν,</span> 
     </span>
    </p>
   </div>
   <div class='ocr_carea' id='block_1_11' title="bbox 236 1068 1823 1140">
    <p class='ocr_par' dir='ltr' id='par_1_11' title="bbox 236 1068 1823 1140">
     <span class='ocr_line' id='line_1_11' title="bbox 236 1068 1823 1140; baseline -0.001 -18"><span class='ocrx_word' id='word_1_62' title='bbox 236 1069 664 1140; x_wconf 77' lang='grc' dir='ltr'>διισχυρίζονται</span> <span class='ocrx_word' id='word_1_63' title='bbox 699 1069 792 1124; x_wconf 81' lang='grc' dir='ltr'>τὸν</span> <span class='ocrx_word' id='word_1_64' title='bbox 826 1068 953 1123; x_wconf 87' lang='grc' dir='ltr'>Υίόν</span> <span class='ocrx_word' id='word_1_65' title='bbox 974 1083 988 1098; x_wconf 89' lang='grc'><strong>·</strong></span> <span class='ocrx_word' id='word_1_66' title='bbox 1033 1069 1133 1122; x_wconf 79' lang='grc' dir='ltr'>ὅσα</span> <span class='ocrx_word' id='word_1_67' title='bbox 1160 1068 1217 1130; x_wconf 66' lang='grc' dir='ltr'>δὲ</span> <span class='ocrx_word' id='word_1_68' title='bbox 1246 1069 1479 1139; x_wconf 74' lang='grc' dir='ltr'>ἧκουσεν</span> <span class='ocrx_word' id='word_1_69' title='bbox 1501 1108 1517 1136; x_wconf 87' lang='grc'><strong>,</strong></span> <span class='ocrx_word' id='word_1_70' title='bbox 1555 1068 1631 1132; x_wconf 79' lang='grc' dir='ltr'><strong>ὡς</strong></span> <span class='ocrx_word' id='word_1_71' title='bbox 1662 1068 1823 1132; x_wconf 83' lang='grc' dir='ltr'>αὑτός</span> 
     </span>
    </p>
   </div>
   <div class='ocr_carea' id='block_1_12' title="bbox 240 1160 1821 1237">
    <p class='ocr_par' dir='ltr' id='par_1_12' title="bbox 240 1160 1821 1237">
     <span class='ocr_line' id='line_1_12' title="bbox 240 1160 1821 1237; baseline 0.006 -23"><span class='ocrx_word' id='word_1_72' title='bbox 240 1162 345 1214; x_wconf 84' lang='grc' dir='ltr'><strong>πού</strong></span> <span class='ocrx_word' id='word_1_73' title='bbox 371 1180 525 1232; x_wconf 77' lang='grc' dir='ltr'>φησι,</span> <span class='ocrx_word' id='word_1_74' title='bbox 556 1162 729 1217; x_wconf 86' lang='grc' dir='ltr'>ταῦτα</span> <span class='ocrx_word' id='word_1_75' title='bbox 749 1162 844 1217; x_wconf 72' lang='grc' dir='ltr'>καὶ</span> <span class='ocrx_word' id='word_1_76' title='bbox 869 1163 1005 1237; x_wconf 60' lang='grc' dir='ltr'>ἡμῖν</span> <span class='ocrx_word' id='word_1_77' title='bbox 1028 1160 1342 1229; x_wconf 73' lang='grc' dir='ltr'><strong>ἐπείγεσθαι</strong></span> <span class='ocrx_word' id='word_1_78' title='bbox 1371 1161 1569 1229; x_wconf 80' lang='grc' dir='ltr'>λέγειν.</span> <span class='ocrx_word' id='word_1_79' title='bbox 1606 1160 1821 1223; x_wconf 80' lang='grc' dir='ltr'>Καλῶς.</span> 
     </span>
    </p>
   </div>
   <div class='ocr_carea' id='block_1_13' title="bbox 238 1249 1822 1323">
    <p class='ocr_par' dir='ltr' id='par_1_13' title="bbox 238 1249 1822 1323">
     <span class='ocr_line' id='line_1_13' title="bbox 238 1249 1822 1323; baseline -0.003 -18"><span class='ocrx_word' id='word_1_80' title='bbox 238 1252 415 1321; x_wconf 72' lang='grc' dir='ltr'>ἐχέτω</span> <span class='ocrx_word' id='word_1_81' title='bbox 442 1253 536 1305; x_wconf 78' lang='grc' dir='ltr'>καὶ</span> <span class='ocrx_word' id='word_1_82' title='bbox 563 1253 693 1323; x_wconf 84' lang='grc' dir='ltr'>τῇδε</span> <span class='ocrx_word' id='word_1_83' title='bbox 720 1269 735 1282; x_wconf 92' lang='grc'><strong>·</strong></span> <span class='ocrx_word' id='word_1_84' title='bbox 767 1249 1143 1321; x_wconf 84' lang='grc' dir='ltr'>συνθησόμεθα</span> <span class='ocrx_word' id='word_1_85' title='bbox 1162 1249 1291 1321; x_wconf 82' lang='grc' dir='ltr'>γὰρ,</span> <span class='ocrx_word' id='word_1_86' title='bbox 1316 1250 1470 1303; x_wconf 84' lang='grc' dir='ltr'>οὐδὲν</span> <span class='ocrx_word' id='word_1_87' title='bbox 1490 1250 1822 1313; x_wconf 80' lang='grc' dir='ltr'><strong>ἀδικοῦντος,</strong></span> 
     </span>
    </p>
   </div>
   <div class='ocr_carea' id='block_1_14' title="bbox 237 1338 1824 1411">
    <p class='ocr_par' dir='ltr' id='par_1_14' title="bbox 237 1338 1824 1411">
     <span class='ocr_line' id='line_1_14' title="bbox 237 1338 1824 1411; baseline -0.001 -17"><span class='ocrx_word' id='word_1_88' title='bbox 237 1343 384 1397; x_wconf 85' lang='grc' dir='ltr'>κατά</span> <span class='ocrx_word' id='word_1_89' title='bbox 411 1358 473 1411; x_wconf 89' lang='grc' dir='ltr'><strong>γε</strong></span> <span class='ocrx_word' id='word_1_90' title='bbox 504 1342 597 1409; x_wconf 62' lang='lat' dir='ltr'><strong>thy,</strong></span> <span class='ocrx_word' id='word_1_91' title='bbox 616 1342 711 1396; x_wconf 88' lang='grc' dir='ltr'><strong>τοῦ</strong></span> <span class='ocrx_word' id='word_1_92' title='bbox 741 1342 859 1405; x_wconf 80' lang='grc' dir='ltr'>πῶς</span> <span class='ocrx_word' id='word_1_93' title='bbox 891 1338 1028 1396; x_wconf 75' lang='grc' dir='ltr'>εἶναι</span> <span class='ocrx_word' id='word_1_94' title='bbox 1047 1339 1225 1408; x_wconf 87' lang='grc' dir='ltr'>λόγον,</span> <span class='ocrx_word' id='word_1_95' title='bbox 1256 1340 1349 1393; x_wconf 82' lang='grc' dir='ltr'><strong>τοῦ</strong></span> <span class='ocrx_word' id='word_1_96' title='bbox 1384 1342 1709 1411; x_wconf 80' lang='grc' dir='ltr'>πράγματος</span> <span class='ocrx_word' id='word_1_97' title='bbox 1734 1340 1824 1393; x_wconf 71' lang='grc' dir='ltr'><strong>τὸν</strong></span> 
     </span>
    </p>
   </div>
   <div class='ocr_carea' id='block_1_15' title="bbox 237 1431 1829 1505">
    <p class='ocr_par' dir='ltr' id='par_1_15' title="bbox 237 1431 1829 1505">
     <span class='ocr_line' id='line_1_15' title="bbox 237 1431 1829 1505; baseline 0.001 -18"><span class='ocrx_word' id='word_1_98' title='bbox 237 1432 413 1504; x_wconf 75' lang='grc' dir='ltr'><strong>Υίὸν,⁵</strong></span> <span class='ocrx_word' id='word_1_99' title='bbox 439 1433 731 1505; x_wconf 74' lang='grc' dir='ltr'>καλλίστην</span> <span class='ocrx_word' id='word_1_100' title='bbox 759 1434 817 1487; x_wconf 78' lang='grc' dir='ltr'>δὲ</span> <span class='ocrx_word' id='word_1_101' title='bbox 842 1434 1041 1504; x_wconf 81' lang='grc' dir='ltr'>μᾶλλον</span> <span class='ocrx_word' id='word_1_102' title='bbox 1068 1433 1165 1485; x_wconf 75' lang='grc' dir='ltr'><strong>ἐπὶ</strong></span> <span class='ocrx_word' id='word_1_103' title='bbox 1181 1431 1278 1485; x_wconf 86' lang='grc' dir='ltr'><strong>τοῦ</strong></span> <span class='ocrx_word' id='word_1_104' title='bbox 1300 1433 1570 1504; x_wconf 82' lang='grc' dir='ltr'>παρόντος</span> <span class='ocrx_word' id='word_1_105' title='bbox 1594 1432 1829 1502; x_wconf 84' lang='grc' dir='ltr'>μάλιστα</span> 
     </span>
    </p>
   </div>
   <div class='ocr_carea' id='block_1_16' title="bbox 234 1524 1826 1595">
    <p class='ocr_par' dir='ltr' id='par_1_16' title="bbox 234 1524 1826 1595">
     <span class='ocr_line' id='line_1_16' title="bbox 234 1524 1826 1595; baseline 0.001 -18"><span class='ocrx_word' id='word_1_106' title='bbox 234 1524 679 1595; x_wconf 67' lang='grc' dir='ltr'><strong>⁴ξὴνρίκονομίαν</strong></span> <span class='ocrx_word' id='word_1_107' title='bbox 724 1526 1054 1593; x_wconf 79' lang='grc' dir='ltr'>εἰσάγοντος.</span> <span class='ocrx_word' id='word_1_108' title='bbox 1109 1525 1354 1589; x_wconf 81' lang='grc' dir='ltr'>Οὐκοῦν,</span> <span class='ocrx_word' id='word_1_109' title='bbox 1403 1527 1533 1582; x_wconf 72' lang='grc' dir='ltr'>ὅταν</span> <span class='ocrx_word' id='word_1_110' title='bbox 1578 1525 1826 1593; x_wconf 80' lang='grc' dir='ltr'>λέγοντος</span> 
     </span>
    </p>
   </div>
   <div class='ocr_carea' id='block_1_17' title="bbox 234 1614 1826 1691">
    <p class='ocr_par' dir='ltr' id='par_1_17' title="bbox 234 1614 1826 1691">
     <span class='ocr_line' id='line_1_17' title="bbox 234 1614 1826 1691; baseline 0.002 -24"><span class='ocrx_word' id='word_1_111' title='bbox 234 1614 547 1673; x_wconf 83' lang='grc' dir='ltr'>ἀκούσωσιν</span> <span class='ocrx_word' id='word_1_112' title='bbox 574 1616 739 1683; x_wconf 80' lang='grc' dir='ltr'>αὐτοῦ</span> <span class='ocrx_word' id='word_1_113' title='bbox 759 1634 772 1645; x_wconf 83' lang='grc'><em>’</em></span> <span class='ocrx_word' id='word_1_114' title='bbox 804 1636 823 1669; x_wconf 73' lang='grc' dir='ltr'><strong>ι</strong></span> <span class='ocrx_word' id='word_1_115' title='bbox 866 1616 1005 1687; x_wconf 80' lang='grc' dir='ltr'>Ἐγὼ</span> <span class='ocrx_word' id='word_1_116' title='bbox 1036 1617 1134 1671; x_wconf 74' lang='grc' dir='ltr'>καὶ</span> <span class='ocrx_word' id='word_1_117' title='bbox 1155 1615 1404 1691; x_wconf 33' lang='grc' dir='ltr'><strong>ὁιῐιοιτὴρ</strong></span> <span class='ocrx_word' id='word_1_118' title='bbox 1426 1616 1486 1669; x_wconf 78' lang='grc' dir='ltr'>ἓν</span> <span class='ocrx_word' id='word_1_119' title='bbox 1513 1618 1678 1686; x_wconf 85' lang='grc' dir='ltr'>ὲσμεν</span> <span class='ocrx_word' id='word_1_120' title='bbox 1709 1633 1721 1644; x_wconf 89' lang='grc'><strong>·</strong></span> <span class='ocrx_word' id='word_1_121' title='bbox 1768 1616 1826 1670; x_wconf 86' lang='lat'><strong>&#39;0</strong></span> 
     </span>
    </p>
   </div>
   <div class='ocr_carea' id='block_1_18' title="bbox 234 1702 1824 1777">
    <p class='ocr_par' dir='ltr' id='par_1_18' title="bbox 234 1702 1824 1777">
     <span class='ocr_line' id='line_1_18' title="bbox 234 1702 1824 1777; baseline 0.004 -23"><span class='ocrx_word' id='word_1_122' title='bbox 234 1702 503 1774; x_wconf 66' lang='grc' dir='ltr'>ἑωρακὼς</span> <span class='ocrx_word' id='word_1_123' title='bbox 552 1703 685 1776; x_wconf 81' lang='grc' dir='ltr'>ἐμὲ,</span> <span class='ocrx_word' id='word_1_124' title='bbox 726 1704 938 1776; x_wconf 79' lang='grc' dir='ltr'>ἑώρακε</span> <span class='ocrx_word' id='word_1_125' title='bbox 996 1706 1103 1773; x_wconf 47' lang='grc' dir='ltr'><strong>τὸν⁸</strong></span> <span class='ocrx_word' id='word_1_126' title='bbox 1130 1705 1382 1777; x_wconf 78' lang='grc' dir='ltr'>Πατέρα·</span> <span class='ocrx_word' id='word_1_127' title='bbox 1450 1706 1591 1775; x_wconf 85' lang='grc' dir='ltr'><strong>Ἐγὼ</strong></span> <span class='ocrx_word' id='word_1_128' title='bbox 1640 1706 1698 1759; x_wconf 84' lang='grc' dir='ltr'>ὲν</span> <span class='ocrx_word' id='word_1_129' title='bbox 1745 1706 1824 1776; x_wconf 85' lang='grc' dir='ltr'><strong>τῷ</strong></span> 
     </span>
    </p>
   </div>
   <div class='ocr_carea' id='block_1_19' title="bbox 232 1792 1849 1866">
    <p class='ocr_par' dir='ltr' id='par_1_19' title="bbox 232 1792 1849 1866">
     <span class='ocr_line' id='line_1_19' title="bbox 232 1792 1849 1866; baseline 0.002 -23"><span class='ocrx_word' id='word_1_130' title='bbox 232 1792 448 1860; x_wconf 72' lang='grc' dir='ltr'>Πατρὶ,</span> <span class='ocrx_word' id='word_1_131' title='bbox 495 1792 589 1846; x_wconf 76' lang='grc' dir='ltr'>καὶ</span> <span class='ocrx_word' id='word_1_132' title='bbox 624 1794 965 1865; x_wconf 17' lang='grc' dir='ltr'>όνΠατὴρρν</span> <span class='ocrx_word' id='word_1_133' title='bbox 995 1795 1119 1866; x_wconf 83' lang='grc' dir='ltr'>ὲμοί</span> <span class='ocrx_word' id='word_1_134' title='bbox 1145 1813 1157 1825; x_wconf 94' lang='grc'><strong>·</strong></span> <span class='ocrx_word' id='word_1_135' title='bbox 1192 1815 1210 1848; x_wconf 72' lang='grc' dir='ltr'><strong>ι</strong></span> <span class='ocrx_word' id='word_1_136' title='bbox 1250 1794 1675 1866; x_wconf 82' lang='grc' dir='ltr'>λαμϐανέτωσαν</span> <span class='ocrx_word' id='word_1_137' title='bbox 1704 1794 1849 1866; x_wconf 15' lang='grc' dir='ltr'>,τὴνχ</span> 
     </span>
    </p>
   </div>
   <div class='ocr_carea' id='block_1_20' title="bbox 1927 617 3495 694">
    <p class='ocr_par' dir='ltr' id='par_1_20' title="bbox 1927 617 3495 694">
     <span class='ocr_line' id='line_1_20' title="bbox 1927 617 3495 694; baseline 0.007 -24"><span class='ocrx_word' id='word_1_138' title='bbox 1927 624 2112 683; x_wconf 84' lang='grc' dir='ltr'>ιιιυηι,</span> <span class='ocrx_word' id='word_1_139' title='bbox 2148 618 2610 687; x_wconf 87' lang='lat' dir='ltr'><strong>patrocinandum</strong></span> <span class='ocrx_word' id='word_1_140' title='bbox 2638 617 2901 676; x_wconf 69' lang='lat' dir='ltr'><strong>Ecclesiae</strong></span> <span class='ocrx_word' id='word_1_141' title='bbox 2926 620 3294 693; x_wconf 74' lang='lat' dir='ltr'><strong>dogmatibus.</strong></span> <span class='ocrx_word' id='word_1_142' title='bbox 3327 619 3495 694; x_wconf 79' lang='lat' dir='ltr'><strong>Igitur</strong></span> 
     </span>
    </p>
   </div>
   <div class='ocr_carea' id='block_1_21' title="bbox 1926 706 3496 785">
    <p class='ocr_par' dir='ltr' id='par_1_21' title="bbox 1926 706 3496 785">
     <span class='ocr_line' id='line_1_21' title="bbox 1926 706 3496 785; baseline 0.008 -25"><span class='ocrx_word' id='word_1_143' title='bbox 1926 706 2187 761; x_wconf 89' lang='lat' dir='ltr'><strong>mandata</strong></span> <span class='ocrx_word' id='word_1_144' title='bbox 2241 708 2462 779; x_wconf 86' lang='lat' dir='ltr'><strong>quidem</strong></span> <span class='ocrx_word' id='word_1_145' title='bbox 2513 710 2796 781; x_wconf 86' lang='lat' dir='ltr'><strong>accepisse</strong></span> <span class='ocrx_word' id='word_1_146' title='bbox 2842 726 2872 766; x_wconf 89' lang='lat' dir='ltr'><strong>a</strong></span> <span class='ocrx_word' id='word_1_147' title='bbox 2922 712 3107 779; x_wconf 83' lang='lat' dir='ltr'><strong>Patre,</strong></span> <span class='ocrx_word' id='word_1_148' title='bbox 3141 722 3197 770; x_wconf 93' lang='lat' dir='ltr'><strong>et</strong></span> <span class='ocrx_word' id='word_1_149' title='bbox 3238 729 3273 768; x_wconf 84' lang='lat' dir='ltr'><strong>a</strong></span> <span class='ocrx_word' id='word_1_150' title='bbox 3316 716 3496 785; x_wconf 83' lang='lat' dir='ltr'><strong>seipso</strong></span> 
     </span>
    </p>
   </div>
   <div class='ocr_carea' id='block_1_22' title="bbox 1925 785 3496 875">
    <p class='ocr_par' dir='ltr' id='par_1_22' title="bbox 1925 785 3496 875">
     <span class='ocr_line' id='line_1_22' title="bbox 1925 785 3496 875; baseline 0.007 -26"><span class='ocrx_word' id='word_1_151' title='bbox 1925 796 2089 867; x_wconf 35' lang='lat' dir='ltr'><strong>loqui»</strong></span> <span class='ocrx_word' id='word_1_152' title='bbox 2112 798 2255 857; x_wconf 58' lang='lat' dir='ltr'><strong>nihil,</strong></span> <span class='ocrx_word' id='word_1_153' title='bbox 2282 797 2482 853; x_wconf 87' lang='lat' dir='ltr'><strong>Filium</strong></span> <span class='ocrx_word' id='word_1_154' title='bbox 2517 810 2777 856; x_wconf 81' lang='lat' dir='ltr'><strong>asserunt</strong></span> <span class='ocrx_word' id='word_1_155' title='bbox 2814 818 3197 875; x_wconf 79' lang='lat' dir='ltr'><strong>:quaecunque</strong></span> <span class='ocrx_word' id='word_1_156' title='bbox 3231 820 3359 860; x_wconf 88' lang='lat' dir='ltr'><strong>vero</strong></span> <span class='ocrx_word' id='word_1_157' title='bbox 3394 785 3496 860; x_wconf 79' lang='lat' dir='ltr'><strong>au-</strong></span> 
     </span>
    </p>
   </div>
   <div class='ocr_carea' id='block_1_23' title="bbox 1924 888 3494 970">
    <p class='ocr_par' dir='ltr' id='par_1_23' title="bbox 1924 888 3494 970">
     <span class='ocr_line' id='line_1_23' title="bbox 1924 888 3494 970; baseline 0.008 -28"><span class='ocrx_word' id='word_1_158' title='bbox 1924 888 2046 952; x_wconf 89' lang='lat' dir='ltr'><strong>diit,</strong></span> <span class='ocrx_word' id='word_1_159' title='bbox 2082 901 2139 944; x_wconf 92' lang='lat' dir='ltr'><strong>ut</strong></span> <span class='ocrx_word' id='word_1_160' title='bbox 2174 890 2292 959; x_wconf 89' lang='lat' dir='ltr'><strong>ipse</strong></span> <span class='ocrx_word' id='word_1_161' title='bbox 2326 891 2527 947; x_wconf 87' lang='lat' dir='ltr'><strong>alicubi</strong></span> <span class='ocrx_word' id='word_1_162' title='bbox 2574 892 2673 957; x_wconf 89' lang='lat' dir='ltr'><strong>ait,</strong></span> <span class='ocrx_word' id='word_1_163' title='bbox 2725 893 2843 949; x_wconf 85' lang='lat' dir='ltr'><strong>haec</strong></span> <span class='ocrx_word' id='word_1_164' title='bbox 2881 897 3041 952; x_wconf 89' lang='lat' dir='ltr'><strong>nobis</strong></span> <span class='ocrx_word' id='word_1_165' title='bbox 3072 898 3235 953; x_wconf 89' lang='lat' dir='ltr'><strong>etiam</strong></span> <span class='ocrx_word' id='word_1_166' title='bbox 3286 898 3494 970; x_wconf 83' lang='lat' dir='ltr'><strong>eloqui.</strong></span> 
     </span>
    </p>
   </div>
   <div class='ocr_carea' id='block_1_24' title="bbox 1926 980 3497 1061">
    <p class='ocr_par' dir='ltr' id='par_1_24' title="bbox 1926 980 3497 1061">
     <span class='ocr_line' id='line_1_24' title="bbox 1926 980 3497 1061; baseline 0.008 -29"><span class='ocrx_word' id='word_1_167' title='bbox 1926 980 2074 1036; x_wconf 86' lang='lat' dir='ltr'><strong>Bene</strong></span> <span class='ocrx_word' id='word_1_168' title='bbox 2102 980 2268 1037; x_wconf 90' lang='lat' dir='ltr'><strong>habet</strong></span> <span class='ocrx_word' id='word_1_169' title='bbox 2300 998 2312 1034; x_wconf 91' lang='lat'>:</span> <span class='ocrx_word' id='word_1_170' title='bbox 2347 983 2718 1039; x_wconf 87' lang='lat' dir='ltr'><strong>assentiemur</strong></span> <span class='ocrx_word' id='word_1_171' title='bbox 2751 986 2923 1052; x_wconf 89' lang='lat' dir='ltr'><strong>enim,</strong></span> <span class='ocrx_word' id='word_1_172' title='bbox 2957 1002 3081 1041; x_wconf 91' lang='lat' dir='ltr'><strong>cum</strong></span> <span class='ocrx_word' id='word_1_173' title='bbox 3126 987 3271 1044; x_wconf 90' lang='lat' dir='ltr'><strong>istud</strong></span> <span class='ocrx_word' id='word_1_174' title='bbox 3314 987 3497 1061; x_wconf 75' lang='lat' dir='ltr'><strong>quoad</strong></span> 
     </span>
    </p>
   </div>
   <div class='ocr_carea' id='block_1_25' title="bbox 1926 1072 3489 1149">
    <p class='ocr_par' dir='ltr' id='par_1_25' title="bbox 1926 1072 3489 1149">
     <span class='ocr_line' id='line_1_25' title="bbox 1926 1072 3489 1149; baseline 0.004 -22"><span class='ocrx_word' id='word_1_175' title='bbox 1926 1072 2252 1128; x_wconf 78' lang='lat' dir='ltr'><strong>substantize</strong></span> <span class='ocrx_word' id='word_1_176' title='bbox 2287 1072 2507 1129; x_wconf 90' lang='lat' dir='ltr'><strong>modum</strong></span> <span class='ocrx_word' id='word_1_177' title='bbox 2552 1073 2694 1131; x_wconf 86' lang='lat' dir='ltr'><strong>Filio</strong></span> <span class='ocrx_word' id='word_1_178' title='bbox 2728 1074 2867 1130; x_wconf 85' lang='lat' dir='ltr'><strong>nihil</strong></span> <span class='ocrx_word' id='word_1_179' title='bbox 2889 1074 3111 1142; x_wconf 80' lang='lat' dir='ltr'><strong>otiiciat,</strong></span> <span class='ocrx_word' id='word_1_180' title='bbox 3146 1079 3241 1133; x_wconf 90' lang='lat' dir='ltr'><strong>sed</strong></span> <span class='ocrx_word' id='word_1_181' title='bbox 3271 1081 3489 1149; x_wconf 64' lang='lat' dir='ltr'><strong>pracla-</strong></span> 
     </span>
    </p>
   </div>
   <div class='ocr_carea' id='block_1_26' title="bbox 1927 1163 3485 1240">
    <p class='ocr_par' dir='ltr' id='par_1_26' title="bbox 1927 1163 3485 1240">
     <span class='ocr_line' id='line_1_26' title="bbox 1927 1163 3485 1240; baseline 0.005 -24"><span class='ocrx_word' id='word_1_182' title='bbox 1927 1178 2042 1217; x_wconf 91' lang='lat' dir='ltr'><strong>ram</strong></span> <span class='ocrx_word' id='word_1_183' title='bbox 2089 1163 2273 1233; x_wconf 87' lang='lat' dir='ltr'><strong>potius</strong></span> <span class='ocrx_word' id='word_1_184' title='bbox 2308 1165 2468 1219; x_wconf 89' lang='lat' dir='ltr'><strong>nobis</strong></span> <span class='ocrx_word' id='word_1_185' title='bbox 2496 1165 2668 1220; x_wconf 88' lang='lat' dir='ltr'><strong>divini</strong></span> <span class='ocrx_word' id='word_1_186' title='bbox 2729 1166 2951 1223; x_wconf 88' lang='lat' dir='ltr'><strong>consilii</strong></span> <span class='ocrx_word' id='word_1_187' title='bbox 2994 1168 3261 1234; x_wconf 84' lang='lat' dir='ltr'><strong>rationem</strong></span> <span class='ocrx_word' id='word_1_188' title='bbox 3303 1171 3485 1240; x_wconf 72' lang='lat' dir='ltr'><strong>inprae-</strong></span> 
     </span>
    </p>
   </div>
   <div class='ocr_carea' id='block_1_27' title="bbox 1928 1254 3498 1331">
    <p class='ocr_par' dir='ltr' id='par_1_27' title="bbox 1928 1254 3498 1331">
     <span class='ocr_line' id='line_1_27' title="bbox 1928 1254 3498 1331; baseline 0.004 -23"><span class='ocrx_word' id='word_1_189' title='bbox 1928 1254 2580 1326; x_wconf 69' lang='lat' dir='ltr'><strong>seutiarum&#39;siguitlcet.</strong></span> <span class='ocrx_word' id='word_1_190' title='bbox 2638 1259 2827 1330; x_wconf 79' lang='lat' dir='ltr'><strong>Igitur,</strong></span> <span class='ocrx_word' id='word_1_191' title='bbox 2862 1275 2987 1315; x_wconf 91' lang='lat' dir='ltr'><strong>cum</strong></span> <span class='ocrx_word' id='word_1_192' title='bbox 3039 1261 3266 1316; x_wconf 86' lang='lat' dir='ltr'><strong>audiant</strong></span> <span class='ocrx_word' id='word_1_193' title='bbox 3319 1262 3498 1331; x_wconf 75' lang='lat' dir='ltr'><strong>ipsud.</strong></span> 
     </span>
    </p>
   </div>
   <div class='ocr_carea' id='block_1_28' title="bbox 1926 1344 3499 1416">
    <p class='ocr_par' dir='ltr' id='par_1_28' title="bbox 1926 1344 3499 1416">
     <span class='ocr_line' id='line_1_28' title="bbox 1926 1344 3499 1416; baseline 0.004 -18"><span class='ocrx_word' id='word_1_194' title='bbox 1926 1344 2201 1399; x_wconf 87' lang='lat' dir='ltr'><strong>dicentem</strong></span> <span class='ocrx_word' id='word_1_195' title='bbox 2237 1361 2249 1397; x_wconf 93' lang='lat'>:</span> <span class='ocrx_word' id='word_1_196' title='bbox 2289 1363 2307 1395; x_wconf 75' lang='grc' dir='ltr'><strong>ι</strong></span> <span class='ocrx_word' id='word_1_197' title='bbox 2351 1345 2463 1415; x_wconf 86' lang='lat' dir='ltr'><strong>Ego</strong></span> <span class='ocrx_word' id='word_1_198' title='bbox 2509 1355 2565 1402; x_wconf 92' lang='lat' dir='ltr'><strong>et</strong></span> <span class='ocrx_word' id='word_1_199' title='bbox 2618 1347 2782 1403; x_wconf 87' lang='lat' dir='ltr'><strong>Pater</strong></span> <span class='ocrx_word' id='word_1_200' title='bbox 2819 1365 2988 1403; x_wconf 88' lang='lat' dir='ltr'><strong>unum</strong></span> <span class='ocrx_word' id='word_1_201' title='bbox 3034 1365 3229 1406; x_wconf 89' lang='lat' dir='ltr'><strong>sumus</strong></span> <span class='ocrx_word' id='word_1_202' title='bbox 3269 1350 3356 1403; x_wconf 75' lang='lat'><strong>“:</strong></span> <span class='ocrx_word' id='word_1_203' title='bbox 3395 1350 3499 1416; x_wconf 85' lang='lat' dir='ltr'><strong>Qui</strong></span> 
     </span>
    </p>
   </div>
   <div class='ocr_carea' id='block_1_29' title="bbox 1928 1433 3498 1510">
    <p class='ocr_par' dir='ltr' id='par_1_29' title="bbox 1928 1433 3498 1510">
     <span class='ocr_line' id='line_1_29' title="bbox 1928 1433 3498 1510; baseline 0.008 -27"><span class='ocrx_word' id='word_1_204' title='bbox 1928 1433 2065 1487; x_wconf 84' lang='lat' dir='ltr'><strong>vidit</strong></span> <span class='ocrx_word' id='word_1_205' title='bbox 2095 1448 2204 1500; x_wconf 92' lang='lat' dir='ltr'><strong>me,</strong></span> <span class='ocrx_word' id='word_1_206' title='bbox 2243 1434 2381 1489; x_wconf 88' lang='lat' dir='ltr'><strong>vidit</strong></span> <span class='ocrx_word' id='word_1_207' title='bbox 2414 1445 2468 1490; x_wconf 92' lang='lat' dir='ltr'><strong>et</strong></span> <span class='ocrx_word' id='word_1_208' title='bbox 2490 1436 2706 1492; x_wconf 87' lang='lat' dir='ltr'><strong>Patrem</strong></span> <span class='ocrx_word' id='word_1_209' title='bbox 2731 1438 2775 1470; x_wconf 77' lang='lat'><strong>&quot;</strong></span> <span class='ocrx_word' id='word_1_210' title='bbox 2812 1456 2827 1493; x_wconf 91' lang='lat'><strong>:</strong></span> <span class='ocrx_word' id='word_1_211' title='bbox 2857 1440 2972 1510; x_wconf 84' lang='lat' dir='ltr'><strong>Ego</strong></span> <span class='ocrx_word' id='word_1_212' title='bbox 3004 1441 3054 1494; x_wconf 92' lang='lat' dir='ltr'><strong>in</strong></span> <span class='ocrx_word' id='word_1_213' title='bbox 3088 1440 3269 1506; x_wconf 85' lang='lat' dir='ltr'><strong>Patre,</strong></span> <span class='ocrx_word' id='word_1_214' title='bbox 3303 1450 3359 1497; x_wconf 84' lang='lat' dir='ltr'><strong>et</strong></span> <span class='ocrx_word' id='word_1_215' title='bbox 3393 1440 3498 1495; x_wconf 89' lang='lat' dir='ltr'><strong>Pa-</strong></span> 
     </span>
    </p>
   </div>
   <div class='ocr_carea' id='block_1_30' title="bbox 1929 1523 3501 1600">
    <p class='ocr_par' dir='ltr' id='par_1_30' title="bbox 1929 1523 3501 1600">
     <span class='ocr_line' id='line_1_30' title="bbox 1929 1523 3501 1600; baseline 0.005 -24"><span class='ocrx_word' id='word_1_216' title='bbox 1929 1532 2010 1577; x_wconf 84' lang='lat' dir='ltr'><strong>ter</strong></span> <span class='ocrx_word' id='word_1_217' title='bbox 2044 1523 2101 1576; x_wconf 78' lang='lat' dir='ltr'><strong>in</strong></span> <span class='ocrx_word' id='word_1_218' title='bbox 2126 1523 2307 1591; x_wconf 63' lang='lat' dir='ltr'><strong>me“;</strong></span> <span class='ocrx_word' id='word_1_219' title='bbox 2342 1544 2360 1579; x_wconf 72' lang='grc' dir='ltr'><strong>ι</strong></span> <span class='ocrx_word' id='word_1_220' title='bbox 2390 1527 2669 1597; x_wconf 87' lang='lat' dir='ltr'><strong>accipiant</strong></span> <span class='ocrx_word' id='word_1_221' title='bbox 2698 1528 2821 1598; x_wconf 75' lang='lat' dir='ltr'><strong>ejus</strong></span> <span class='ocrx_word' id='word_1_222' title='bbox 2845 1529 3248 1597; x_wconf 86' lang='lat' dir='ltr'><strong>testimonium,</strong></span> <span class='ocrx_word' id='word_1_223' title='bbox 3281 1530 3501 1600; x_wconf 76' lang='lat' dir='ltr'><strong>signent</strong></span> 
     </span>
    </p>
   </div>
   <div class='ocr_carea' id='block_1_31' title="bbox 1923 1612 3495 1690">
    <p class='ocr_par' dir='ltr' id='par_1_31' title="bbox 1923 1612 3495 1690">
     <span class='ocr_line' id='line_1_31' title="bbox 1923 1612 3495 1690; baseline 0.005 -25"><span class='ocrx_word' id='word_1_224' title='bbox 1923 1612 2097 1668; x_wconf 82' lang='lat' dir='ltr'><strong>&#39;Deum</strong></span> <span class='ocrx_word' id='word_1_225' title='bbox 2132 1622 2189 1670; x_wconf 89' lang='lat' dir='ltr'><strong>et.</strong></span> <span class='ocrx_word' id='word_1_226' title='bbox 2225 1614 2442 1671; x_wconf 86' lang='lat' dir='ltr'><strong>Patrem</strong></span> <span class='ocrx_word' id='word_1_227' title='bbox 2471 1633 2600 1673; x_wconf 88' lang='lat' dir='ltr'><strong>esse</strong></span> <span class='ocrx_word' id='word_1_228' title='bbox 2623 1616 2900 1684; x_wconf 88' lang='lat' dir='ltr'><strong>veracem,</strong></span> <span class='ocrx_word' id='word_1_229' title='bbox 2933 1628 2987 1675; x_wconf 93' lang='lat' dir='ltr'><strong>et</strong></span> <span class='ocrx_word' id='word_1_230' title='bbox 3026 1620 3171 1690; x_wconf 92' lang='lat' dir='ltr'><strong>quod</strong></span> <span class='ocrx_word' id='word_1_231' title='bbox 3208 1636 3337 1677; x_wconf 91' lang='lat' dir='ltr'><strong>vere</strong></span> <span class='ocrx_word' id='word_1_232' title='bbox 3368 1620 3495 1683; x_wconf 87' lang='lat' dir='ltr'><strong>scit,</strong></span> 
     </span>
    </p>
   </div>
   <div class='ocr_carea' id='block_1_32' title="bbox 1930 1704 3500 1775">
    <p class='ocr_par' dir='ltr' id='par_1_32' title="bbox 1930 1704 3500 1775">
     <span class='ocr_line' id='line_1_32' title="bbox 1930 1704 3500 1775; baseline 0.005 -17"><span class='ocrx_word' id='word_1_233' title='bbox 1930 1704 1983 1758; x_wconf 91' lang='lat' dir='ltr'><strong>id</strong></span> <span class='ocrx_word' id='word_1_234' title='bbox 2018 1704 2157 1764; x_wconf 83' lang='lat' dir='ltr'><strong>velle</strong></span> <span class='ocrx_word' id='word_1_235' title='bbox 2187 1704 2347 1775; x_wconf 85' lang='lat' dir='ltr'><strong>loqui.</strong></span> <span class='ocrx_word' id='word_1_236' title='bbox 2378 1706 2603 1772; x_wconf 87' lang='lat' dir='ltr'><strong>Filium,</strong></span> <span class='ocrx_word' id='word_1_237' title='bbox 2646 1725 2719 1765; x_wconf 83' lang='lat' dir='ltr'><strong>ne</strong></span> <span class='ocrx_word' id='word_1_238' title='bbox 2743 1707 2989 1765; x_wconf 83' lang='lat' dir='ltr'><strong>ditlidaut</strong></span> <span class='ocrx_word' id='word_1_239' title='bbox 3030 1711 3216 1767; x_wconf 88' lang='lat' dir='ltr'><strong>verbis</strong></span> <span class='ocrx_word' id='word_1_240' title='bbox 3252 1712 3500 1767; x_wconf 85' lang='lat' dir='ltr'><strong>Salvato-</strong></span> 
     </span>
    </p>
   </div>
   <div class='ocr_carea' id='block_1_33' title="bbox 1930 1794 3219 1869">
    <p class='ocr_par' dir='ltr' id='par_1_33' title="bbox 1930 1794 3219 1869">
     <span class='ocr_line' id='line_1_33' title="bbox 1930 1794 3219 1869; baseline 0.005 -22"><span class='ocrx_word' id='word_1_241' title='bbox 1930 1795 2030 1859; x_wconf 86' lang='lat' dir='ltr'><strong>ris,</strong></span> <span class='ocrx_word' id='word_1_242' title='bbox 2067 1794 2166 1864; x_wconf 85' lang='lat' dir='ltr'><strong>qui</strong></span> <span class='ocrx_word' id='word_1_243' title='bbox 2197 1809 2323 1864; x_wconf 71' lang='lat' dir='ltr'><strong>quae</strong></span> <span class='ocrx_word' id='word_1_244' title='bbox 2349 1804 2480 1850; x_wconf 86' lang='lat' dir='ltr'><strong>sunt</strong></span> <span class='ocrx_word' id='word_1_245' title='bbox 2517 1812 2547 1849; x_wconf 89' lang='lat' dir='ltr'><strong>a</strong></span> <span class='ocrx_word' id='word_1_246' title='bbox 2579 1797 2744 1852; x_wconf 85' lang='lat' dir='ltr'><strong>Patre</strong></span> <span class='ocrx_word' id='word_1_247' title='bbox 2778 1799 2939 1856; x_wconf 89' lang='lat' dir='ltr'><strong>nobis</strong></span> <span class='ocrx_word' id='word_1_248' title='bbox 2973 1801 3219 1869; x_wconf 87' lang='lat' dir='ltr'><strong>exponit.</strong></span> 
     </span>
    </p>
   </div>
   <div class='ocr_carea' id='block_1_34' title="bbox 234 1880 3500 1960">
    <p class='ocr_par' dir='ltr' id='par_1_34' title="bbox 234 1880 3500 1960">
     <span class='ocr_line' id='line_1_34' title="bbox 234 1880 3500 1960; baseline 0.003 -30"><span class='ocrx_word' id='word_1_249' title='bbox 234 1880 551 1955; x_wconf 70' lang='grc' dir='ltr'>μαρτυρίαν</span> <span class='ocrx_word' id='word_1_250' title='bbox 593 1880 795 1955; x_wconf 40' lang='grc' dir='ltr'>αὑτοῦ,-</span> <span class='ocrx_word' id='word_1_251' title='bbox 825 1883 1274 1954; x_wconf 61' lang='grc' dir='ltr'>σφμγιζέτωσαν</span> <span class='ocrx_word' id='word_1_252' title='bbox 1296 1924 1310 1949; x_wconf 92' lang='grc'><strong>,</strong></span> <span class='ocrx_word' id='word_1_253' title='bbox 1346 1884 1429 1936; x_wconf 85' lang='grc' dir='ltr'>ὅτι</span> <span class='ocrx_word' id='word_1_254' title='bbox 1468 1886 1497 1936; x_wconf 98' lang='lat'><strong>6</strong></span> <span class='ocrx_word' id='word_1_255' title='bbox 1541 1883 1674 1948; x_wconf 82' lang='grc' dir='ltr'>Θεὸς</span> <span class='ocrx_word' id='word_1_256' title='bbox 1725 1884 1819 1946; x_wconf 65' lang='grc' dir='ltr'>καὶ</span> <span class='ocrx_word' id='word_1_257' title='bbox 1854 1884 2044 1955; x_wconf 84' lang='grc' dir='ltr'>Πατὴρ</span> <span class='ocrx_word' id='word_1_258' title='bbox 2071 1882 2281 1954; x_wconf 80' lang='grc' dir='ltr'>ἀληθής</span> <span class='ocrx_word' id='word_1_259' title='bbox 2307 1885 2487 1951; x_wconf 79' lang='grc' dir='ltr'>ἐστιν,</span> <span class='ocrx_word' id='word_1_260' title='bbox 2526 1887 2662 1957; x_wconf 79' lang='grc' dir='ltr'>ὅπερ</span> <span class='ocrx_word' id='word_1_261' title='bbox 2686 1884 2826 1941; x_wconf 85' lang='grc' dir='ltr'>οἶδεν</span> <span class='ocrx_word' id='word_1_262' title='bbox 2890 1889 3134 1960; x_wconf 83' lang='grc' dir='ltr'>ἀκριϐῶς</span> <span class='ocrx_word' id='word_1_263' title='bbox 3196 1889 3500 1943; x_wconf 83' lang='grc' dir='ltr'>ἀναπείθων</span> 
     </span>
    </p>
   </div>
   <div class='ocr_carea' id='block_1_35' title="bbox 232 1967 3356 2051">
    <p class='ocr_par' dir='ltr' id='par_1_35' title="bbox 232 1967 3356 2051">
     <span class='ocr_line' id='line_1_35' title="bbox 232 1967 3356 2051; baseline 0.004 -32"><span class='ocrx_word' id='word_1_264' title='bbox 232 1967 422 2031; x_wconf 81' lang='grc' dir='ltr'>λαλεῖν</span> <span class='ocrx_word' id='word_1_265' title='bbox 446 1972 537 2027; x_wconf 80' lang='grc' dir='ltr'>τὸν</span> <span class='ocrx_word' id='word_1_266' title='bbox 567 1973 696 2035; x_wconf 84' lang='grc' dir='ltr'>Υίόν</span> <span class='ocrx_word' id='word_1_267' title='bbox 723 1992 736 2005; x_wconf 90' lang='grc'><strong>·</strong></span> <span class='ocrx_word' id='word_1_268' title='bbox 772 1972 848 2045; x_wconf 85' lang='grc' dir='ltr'>μὴ</span> <span class='ocrx_word' id='word_1_269' title='bbox 878 1976 1275 2031; x_wconf 87' lang='grc' dir='ltr'>ἀπιστείτωσαν</span> <span class='ocrx_word' id='word_1_270' title='bbox 1303 1978 1415 2038; x_wconf 85' lang='grc' dir='ltr'>τοῖς</span> <span class='ocrx_word' id='word_1_271' title='bbox 1446 1975 1541 2029; x_wconf 86' lang='grc' dir='ltr'><strong>τοῦ</strong></span> <span class='ocrx_word' id='word_1_272' title='bbox 1574 1976 1821 2046; x_wconf 77' lang='grc' dir='ltr'>Σωτῆρος</span> <span class='ocrx_word' id='word_1_273' title='bbox 1861 1979 2104 2048; x_wconf 78' lang='grc' dir='ltr'>ῥήμασι,</span> <span class='ocrx_word' id='word_1_274' title='bbox 2136 1975 2207 2029; x_wconf 81' lang='grc' dir='ltr'>τὰ</span> <span class='ocrx_word' id='word_1_275' title='bbox 2231 1975 2383 2047; x_wconf 85' lang='grc' dir='ltr'>παρὰ</span> <span class='ocrx_word' id='word_1_276' title='bbox 2414 1976 2508 2031; x_wconf 88' lang='grc' dir='ltr'><strong>τοῦ</strong></span> <span class='ocrx_word' id='word_1_277' title='bbox 2542 1979 2753 2050; x_wconf 85' lang='grc' dir='ltr'>Πατρδς</span> <span class='ocrx_word' id='word_1_278' title='bbox 2782 1981 2914 2050; x_wconf 76' lang='grc' dir='ltr'>ἡμῖν</span> <span class='ocrx_word' id='word_1_279' title='bbox 2945 1979 3356 2051; x_wconf 81' lang='grc' dir='ltr'>ὲρμηνεύοντος.</span> 
     </span>
    </p>
   </div>
   <div class='ocr_carea' id='block_1_36' title="bbox 306 2067 1824 2144">
    <p class='ocr_par' dir='ltr' id='par_1_36' title="bbox 306 2067 1822 2141">
     <span class='ocr_line' id='line_1_36' title="bbox 306 2067 1822 2141; baseline 0.011 -22"><span class='ocrx_word' id='word_1_280' title='bbox 306 2068 414 2119; x_wconf 71' lang='lat' dir='ltr'><strong>“Or</strong></span> <span class='ocrx_word' id='word_1_281' title='bbox 435 2067 542 2137; x_wconf 68' lang='grc' dir='ltr'>γὰρ</span> <span class='ocrx_word' id='word_1_282' title='bbox 565 2068 924 2135; x_wconf 56' lang='grc' dir='ltr'>ἀπέστειλεν</span> <span class='ocrx_word' id='word_1_283' title='bbox 944 2074 978 2126; x_wconf 83' lang='grc' dir='ltr'><strong>ό</strong></span> <span class='ocrx_word' id='word_1_284' title='bbox 994 2072 1139 2139; x_wconf 82' lang='grc' dir='ltr'>Θεὸς</span> <span class='ocrx_word' id='word_1_285' title='bbox 1156 2111 1171 2139; x_wconf 90' lang='grc'><strong>,</strong></span> <span class='ocrx_word' id='word_1_286' title='bbox 1200 2073 1270 2127; x_wconf 87' lang='grc' dir='ltr'>τὰ</span> <span class='ocrx_word' id='word_1_287' title='bbox 1281 2070 1519 2141; x_wconf 76' lang='grc' dir='ltr'>ῥήματα</span> <span class='ocrx_word' id='word_1_288' title='bbox 1549 2072 1653 2127; x_wconf 81' lang='grc' dir='ltr'><strong>τοῦ</strong></span> <span class='ocrx_word' id='word_1_289' title='bbox 1674 2073 1822 2135; x_wconf 85' lang='grc' dir='ltr'>Θεοῦ</span> 
     </span>
    </p>
   </div>
   <div class='ocr_carea' id='block_1_37' title="bbox 1924 2067 3498 2144">
    <p class='ocr_par' dir='ltr' id='par_1_37' title="bbox 1995 2071 3498 2144">
     <span class='ocr_line' id='line_1_37' title="bbox 1995 2071 3498 2144; baseline 0 -17"><span class='ocrx_word' id='word_1_290' title='bbox 1995 2071 2086 2137; x_wconf 82' lang='lat' dir='ltr'><strong>Ill,</strong></span> <span class='ocrx_word' id='word_1_291' title='bbox 2117 2071 2207 2130; x_wconf 77' lang='grc'><strong>54.</strong></span> <span class='ocrx_word' id='word_1_292' title='bbox 2257 2071 2607 2144; x_wconf 73' lang='grc' dir='ltr'>ριιεηι.εηίηι</span> <span class='ocrx_word' id='word_1_293' title='bbox 2644 2074 2791 2139; x_wconf 75' lang='lat' dir='ltr'><strong>misit</strong></span> <span class='ocrx_word' id='word_1_294' title='bbox 2836 2072 3005 2138; x_wconf 65' lang='lat' dir='ltr'><strong>Deus,</strong></span> <span class='ocrx_word' id='word_1_295' title='bbox 3061 2072 3217 2128; x_wconf 77' lang='lat' dir='ltr'><strong>verba</strong></span> <span class='ocrx_word' id='word_1_296' title='bbox 3272 2073 3370 2127; x_wconf 88' lang='lat' dir='ltr'><strong>Dei</strong></span> <span class='ocrx_word' id='word_1_297' title='bbox 3420 2073 3498 2127; x_wconf 90' lang='lat' dir='ltr'><strong>lo-</strong></span> 
     </span>
    </p>
   </div>
   <div class='ocr_carea' id='block_1_38' title="bbox 229 2154 434 2209">
    <p class='ocr_par' dir='ltr' id='par_1_38' title="bbox 229 2154 434 2209">
     <span class='ocr_line' id='line_1_38' title="bbox 229 2154 434 2209; baseline 0.01 -3"><span class='ocrx_word' id='word_1_298' title='bbox 229 2154 434 2209; x_wconf 70' lang='grc' dir='ltr'>λαλεῖ.</span> 
     </span>
    </p>
   </div>
   <div class='ocr_carea' id='block_1_39' title="bbox 307 2244 1820 2329">
    <p class='ocr_par' dir='ltr' id='par_1_39' title="bbox 307 2244 1820 2329">
     <span class='ocr_line' id='line_1_39' title="bbox 307 2244 1820 2329; baseline 0.007 -29"><span class='ocrx_word' id='word_1_299' title='bbox 307 2244 467 2311; x_wconf 76' lang='grc' dir='ltr'>Οἶδεν</span> <span class='ocrx_word' id='word_1_300' title='bbox 497 2244 588 2304; x_wconf 78' lang='grc' dir='ltr'><strong>οῦν</strong></span> <span class='ocrx_word' id='word_1_301' title='bbox 618 2251 725 2322; x_wconf 81' lang='grc' dir='ltr'>ἄρα</span> <span class='ocrx_word' id='word_1_302' title='bbox 753 2254 893 2308; x_wconf 89' lang='grc' dir='ltr'><strong>κατά</strong></span> <span class='ocrx_word' id='word_1_303' title='bbox 918 2255 1078 2324; x_wconf 85' lang='grc' dir='ltr'>φύσιν</span> <span class='ocrx_word' id='word_1_304' title='bbox 1110 2256 1237 2311; x_wconf 80' lang='grc' dir='ltr'>ὄντα</span> <span class='ocrx_word' id='word_1_305' title='bbox 1283 2259 1443 2313; x_wconf 83' lang='grc' dir='ltr'>αὐτὸν</span> <span class='ocrx_word' id='word_1_306' title='bbox 1473 2260 1501 2311; x_wconf 85' lang='grc' dir='ltr'><strong>ό</strong></span> <span class='ocrx_word' id='word_1_307' title='bbox 1547 2257 1736 2329; x_wconf 77' lang='grc' dir='ltr'>Πατὴρ</span> <span class='ocrx_word' id='word_1_308' title='bbox 1764 2258 1820 2311; x_wconf 75' lang='grc' dir='ltr'>ἐν</span> 
     </span>
    </p>
   </div>
   <div class='ocr_carea' id='block_1_40' title="bbox 230 2340 1815 2421">
    <p class='ocr_par' dir='ltr' id='par_1_40' title="bbox 230 2340 1815 2421">
     <span class='ocr_line' id='line_1_40' title="bbox 230 2340 1815 2421; baseline 0.006 -30"><span class='ocrx_word' id='word_1_309' title='bbox 230 2340 419 2410; x_wconf 70' lang='grc' dir='ltr'>ἑαυτῷ</span> <span class='ocrx_word' id='word_1_310' title='bbox 433 2340 535 2394; x_wconf 85' lang='grc' dir='ltr'>τὸν</span> <span class='ocrx_word' id='word_1_311' title='bbox 549 2342 679 2396; x_wconf 87' lang='grc' dir='ltr'>ίδιον</span> <span class='ocrx_word' id='word_1_312' title='bbox 693 2344 839 2397; x_wconf 74' lang='grc' dir='ltr'>Υίόψ</span> <span class='ocrx_word' id='word_1_313' title='bbox 858 2346 1016 2400; x_wconf 88' lang='grc' dir='ltr'>τοῦτο</span> <span class='ocrx_word' id='word_1_314' title='bbox 1033 2347 1140 2420; x_wconf 80' lang='grc' dir='ltr'><strong>γὰρ</strong></span> <span class='ocrx_word' id='word_1_315' title='bbox 1160 2345 1314 2421; x_wconf 73' lang='grc' dir='ltr'>οἶμαι</span> <span class='ocrx_word' id='word_1_316' title='bbox 1336 2350 1418 2417; x_wconf 75' lang='grc' dir='ltr'>τὸ,</span> <span class='ocrx_word' id='word_1_317' title='bbox 1440 2370 1457 2403; x_wconf 82' lang='grc' dir='ltr'><strong>ι</strong></span> <span class='ocrx_word' id='word_1_318' title='bbox 1471 2350 1571 2406; x_wconf 77' lang='grc' dir='ltr'>Ἕν</span> <span class='ocrx_word' id='word_1_319' title='bbox 1584 2352 1773 2421; x_wconf 79' lang='grc' dir='ltr'>ἐσμεν,</span> <span class='ocrx_word' id='word_1_320' title='bbox 1798 2370 1815 2401; x_wconf 77' lang='grc' dir='ltr'><strong>ι</strong></span> 
     </span>
    </p>
   </div>
   <div class='ocr_carea' id='block_1_41' title="bbox 231 2432 1820 2509">
    <p class='ocr_par' dir='ltr' id='par_1_41' title="bbox 231 2432 1820 2509">
     <span class='ocr_line' id='line_1_41' title="bbox 231 2432 1820 2509; baseline 0.007 -26"><span class='ocrx_word' id='word_1_321' title='bbox 231 2432 333 2484; x_wconf 81' lang='grc' dir='ltr'><strong>καὶ</strong></span> <span class='ocrx_word' id='word_1_322' title='bbox 366 2434 465 2503; x_wconf 77' lang='grc' dir='ltr'><strong>οὐχ</strong></span> <span class='ocrx_word' id='word_1_323' title='bbox 502 2435 688 2505; x_wconf 74' lang='grc' dir='ltr'>ἕτερόν</span> <span class='ocrx_word' id='word_1_324' title='bbox 715 2454 767 2489; x_wconf 82' lang='grc' dir='ltr'><strong>τι</strong></span> <span class='ocrx_word' id='word_1_325' title='bbox 814 2439 1273 2509; x_wconf 83' lang='grc' dir='ltr'>κατασημαίνειν,</span> <span class='ocrx_word' id='word_1_326' title='bbox 1302 2441 1430 2497; x_wconf 70' lang='grc' dir='ltr'>ἶῖίὸν</span> <span class='ocrx_word' id='word_1_327' title='bbox 1462 2442 1612 2507; x_wconf 70' lang='grc' dir='ltr'>ὄντα,</span> <span class='ocrx_word' id='word_1_328' title='bbox 1643 2443 1734 2495; x_wconf 79' lang='grc' dir='ltr'>καὶ</span> <span class='ocrx_word' id='word_1_329' title='bbox 1760 2445 1820 2495; x_wconf 74' lang='grc' dir='ltr'>οὐ</span> 
     </span>
    </p>
   </div>
   <div class='ocr_carea' id='block_1_42' title="bbox 229 2522 1821 2602">
    <p class='ocr_par' dir='ltr' id='par_1_42' title="bbox 229 2522 1821 2602">
     <span class='ocr_line' id='line_1_42' title="bbox 229 2522 1821 2602; baseline 0.007 -29"><span class='ocrx_word' id='word_1_330' title='bbox 229 2522 453 2592; x_wconf 83' lang='grc' dir='ltr'>ποίημα</span> <span class='ocrx_word' id='word_1_331' title='bbox 487 2526 781 2593; x_wconf 71' lang='grc' dir='ltr'>γινώσκει*</span> <span class='ocrx_word' id='word_1_332' title='bbox 828 2528 949 2580; x_wconf 83' lang='grc' dir='ltr'><strong>Υἰὸν</strong></span> <span class='ocrx_word' id='word_1_333' title='bbox 981 2528 1038 2582; x_wconf 85' lang='grc' dir='ltr'>δέ</span> <span class='ocrx_word' id='word_1_334' title='bbox 1070 2547 1246 2599; x_wconf 79' lang='grc' dir='ltr'>φημι,</span> <span class='ocrx_word' id='word_1_335' title='bbox 1290 2530 1383 2589; x_wconf 72' lang='grc' dir='ltr'>τὸν</span> <span class='ocrx_word' id='word_1_336' title='bbox 1411 2533 1477 2585; x_wconf 81' lang='grc' dir='ltr'>ὲκ</span> <span class='ocrx_word' id='word_1_337' title='bbox 1505 2532 1605 2602; x_wconf 84' lang='grc' dir='ltr'>τῆς</span> <span class='ocrx_word' id='word_1_338' title='bbox 1636 2531 1821 2595; x_wconf 78' lang='grc' dir='ltr'>οὐσίας</span> 
     </span>
    </p>
   </div>
   <div class='ocr_carea' id='block_1_43' title="bbox 229 2615 1821 2697">
    <p class='ocr_par' dir='ltr' id='par_1_43' title="bbox 229 2615 1821 2697">
     <span class='ocr_line' id='line_1_43' title="bbox 229 2615 1821 2697; baseline 0.006 -31"><span class='ocrx_word' id='word_1_339' title='bbox 229 2615 402 2667; x_wconf 84' lang='grc' dir='ltr'>αὐτοῦ</span> <span class='ocrx_word' id='word_1_340' title='bbox 425 2657 441 2682; x_wconf 84' lang='grc'><strong>,</strong></span> <span class='ocrx_word' id='word_1_341' title='bbox 484 2616 579 2669; x_wconf 71' lang='grc' dir='ltr'>καὶ</span> <span class='ocrx_word' id='word_1_342' title='bbox 610 2618 670 2669; x_wconf 81' lang='grc' dir='ltr'><strong>ού</strong></span> <span class='ocrx_word' id='word_1_343' title='bbox 706 2617 846 2687; x_wconf 75' lang='grc' dir='ltr'>ψιλῷ</span> <span class='ocrx_word' id='word_1_344' title='bbox 890 2620 988 2690; x_wconf 85' lang='grc' dir='ltr'>τῆς</span> <span class='ocrx_word' id='word_1_345' title='bbox 1026 2621 1271 2690; x_wconf 81' lang='grc' dir='ltr'>υἱότητος</span> <span class='ocrx_word' id='word_1_346' title='bbox 1313 2622 1674 2697; x_wconf 74' lang='grc' dir='ltr'>τετιμημένον</span> <span class='ocrx_word' id='word_1_347' title='bbox 1702 2622 1821 2675; x_wconf 81' lang='grc' dir='ltr'>ὀνό-</span> 
     </span>
    </p>
   </div>
   <div class='ocr_carea' id='block_1_44' title="bbox 229 2702 1820 2783">
    <p class='ocr_par' dir='ltr' id='par_1_44' title="bbox 229 2702 1820 2783">
     <span class='ocr_line' id='line_1_44' title="bbox 229 2702 1820 2783; baseline 0.005 -26"><span class='ocrx_word' id='word_1_348' title='bbox 229 2722 405 2777; x_wconf 87' lang='grc' dir='ltr'>ματι·</span> <span class='ocrx_word' id='word_1_349' title='bbox 453 2702 592 2761; x_wconf 75' lang='grc' dir='ltr'>οἶδεν</span> <span class='ocrx_word' id='word_1_350' title='bbox 624 2708 751 2762; x_wconf 74' lang='grc' dir='ltr'>ὄντα</span> <span class='ocrx_word' id='word_1_351' title='bbox 790 2713 889 2781; x_wconf 84' lang='grc' dir='ltr'>τῆς</span> <span class='ocrx_word' id='word_1_352' title='bbox 936 2710 1070 2774; x_wconf 83' lang='grc' dir='ltr'>ἰδίας</span> <span class='ocrx_word' id='word_1_353' title='bbox 1116 2712 1376 2783; x_wconf 80' lang='grc' dir='ltr'>ἰδιότητος</span> <span class='ocrx_word' id='word_1_354' title='bbox 1404 2712 1820 2783; x_wconf 69' lang='grc' dir='ltr'>ἀπαράλλακτον</span> 
     </span>
    </p>
   </div>
   <div class='ocr_carea' id='block_1_45' title="bbox 228 2797 1821 2873">
    <p class='ocr_par' dir='ltr' id='par_1_45' title="bbox 228 2797 1821 2873">
     <span class='ocr_line' id='line_1_45' title="bbox 228 2797 1821 2873; baseline 0.004 -24"><span class='ocrx_word' id='word_1_355' title='bbox 228 2797 424 2851; x_wconf 77' lang='grc' dir='ltr'>εἰκόνα</span> <span class='ocrx_word' id='word_1_356' title='bbox 444 2814 458 2829; x_wconf 74' lang='grc' dir='ltr'><strong>ο</strong></span> <span class='ocrx_word' id='word_1_357' title='bbox 491 2798 564 2862; x_wconf 85' lang='grc' dir='ltr'><strong>ὡς</strong></span> <span class='ocrx_word' id='word_1_358' title='bbox 594 2800 824 2871; x_wconf 85' lang='grc' dir='ltr'>ὁρᾶσθαι</span> <span class='ocrx_word' id='word_1_359' title='bbox 849 2802 947 2867; x_wconf 84' lang='grc' dir='ltr'>μὲν</span> <span class='ocrx_word' id='word_1_360' title='bbox 978 2801 1199 2865; x_wconf 86' lang='grc' dir='ltr'>τελείως</span> <span class='ocrx_word' id='word_1_361' title='bbox 1225 2804 1295 2863; x_wconf 66' lang='grc' dir='ltr'>ὲν</span> <span class='ocrx_word' id='word_1_362' title='bbox 1316 2802 1487 2873; x_wconf 82' lang='grc' dir='ltr'>αὐτῷ,</span> <span class='ocrx_word' id='word_1_363' title='bbox 1510 2802 1821 2873; x_wconf 75' lang='grc' dir='ltr'>ζωγραφεῖν</span> 
     </span>
    </p>
   </div>
   <div class='ocr_carea' id='block_1_46' title="bbox 224 2889 1819 2966">
    <p class='ocr_par' dir='ltr' id='par_1_46' title="bbox 224 2889 1819 2966">
     <span class='ocr_line' id='line_1_46' title="bbox 224 2889 1819 2966; baseline 0.004 -24"><span class='ocrx_word' id='word_1_364' title='bbox 224 2889 286 2942; x_wconf 79' lang='grc' dir='ltr'>δὲ</span> <span class='ocrx_word' id='word_1_365' title='bbox 318 2890 382 2941; x_wconf 79' lang='grc' dir='ltr'>ὲν</span> <span class='ocrx_word' id='word_1_366' title='bbox 412 2889 590 2960; x_wconf 83' lang='grc' dir='ltr'>ἐαυτῷ</span> <span class='ocrx_word' id='word_1_367' title='bbox 628 2890 721 2945; x_wconf 83' lang='grc' dir='ltr'><strong>τὸν</strong></span> <span class='ocrx_word' id='word_1_368' title='bbox 766 2892 824 2957; x_wconf 81' lang='grc' dir='ltr'>ἐξ</span> <span class='ocrx_word' id='word_1_369' title='bbox 860 2892 1026 2946; x_wconf 79' lang='grc' dir='ltr'>αὑτοῦ</span> <span class='ocrx_word' id='word_1_370' title='bbox 1077 2894 1219 2955; x_wconf 84' lang='grc' dir='ltr'><strong>κατά</strong></span> <span class='ocrx_word' id='word_1_371' title='bbox 1251 2893 1413 2963; x_wconf 87' lang='grc' dir='ltr'>φύσιν</span> <span class='ocrx_word' id='word_1_372' title='bbox 1448 2895 1700 2966; x_wconf 71' lang='grc' dir='ltr'>ἀρρήτως</span> <span class='ocrx_word' id='word_1_373' title='bbox 1724 2895 1819 2947; x_wconf 70' lang='grc' dir='ltr'>ὲκ.-</span> 
     </span>
    </p>
   </div>
   <div class='ocr_carea' id='block_1_47' title="bbox 228 2979 1821 3055">
    <p class='ocr_par' dir='ltr' id='par_1_47' title="bbox 228 2979 1821 3055">
     <span class='ocr_line' id='line_1_47' title="bbox 228 2979 1821 3055; baseline 0.004 -23"><span class='ocrx_word' id='word_1_374' title='bbox 228 2980 530 3049; x_wconf 77' lang='grc' dir='ltr'>λάμψαντα</span> <span class='ocrx_word' id='word_1_375' title='bbox 551 2998 564 3011; x_wconf 82' lang='grc'><em>’</em></span> <span class='ocrx_word' id='word_1_376' title='bbox 618 2982 711 3035; x_wconf 69' lang='grc' dir='ltr'>καὶ</span> <span class='ocrx_word' id='word_1_377' title='bbox 744 2981 889 3050; x_wconf 79' lang='grc' dir='ltr'>ἔχειν</span> <span class='ocrx_word' id='word_1_378' title='bbox 932 2983 1029 3053; x_wconf 80' lang='grc' dir='ltr'>μὲν</span> <span class='ocrx_word' id='word_1_379' title='bbox 1069 2987 1126 3037; x_wconf 78' lang='grc' dir='ltr'>ἐν</span> <span class='ocrx_word' id='word_1_380' title='bbox 1160 2984 1337 3055; x_wconf 66' lang='grc' dir='ltr'>ἐαυτῷ</span> <span class='ocrx_word' id='word_1_381' title='bbox 1357 2985 1450 3039; x_wconf 83' lang='grc' dir='ltr'>τὸν</span> <span class='ocrx_word' id='word_1_382' title='bbox 1478 2985 1632 3049; x_wconf 82' lang='grc' dir='ltr'>Υἱὸν,</span> <span class='ocrx_word' id='word_1_383' title='bbox 1682 2979 1821 3043; x_wconf 78' lang='grc' dir='ltr'>εἶναι</span> 
     </span>
    </p>
   </div>
   <div class='ocr_carea' id='block_1_48' title="bbox 224 3068 1817 3146">
    <p class='ocr_par' dir='ltr' id='par_1_48' title="bbox 224 3068 1817 3146">
     <span class='ocr_line' id='line_1_48' title="bbox 224 3068 1817 3146; baseline 0.002 -21"><span class='ocrx_word' id='word_1_384' title='bbox 224 3073 286 3128; x_wconf 77' lang='grc' dir='ltr'>δὲ</span> <span class='ocrx_word' id='word_1_385' title='bbox 311 3068 386 3124; x_wconf 84' lang='grc' dir='ltr'>αὖ</span> <span class='ocrx_word' id='word_1_386' title='bbox 415 3072 573 3126; x_wconf 87' lang='grc' dir='ltr'>πάλιν</span> <span class='ocrx_word' id='word_1_387' title='bbox 608 3075 665 3126; x_wconf 82' lang='grc' dir='ltr'>ὲν</span> <span class='ocrx_word' id='word_1_388' title='bbox 695 3073 840 3145; x_wconf 60' lang='lat' dir='ltr'><strong>mp,</strong></span> <span class='ocrx_word' id='word_1_389' title='bbox 890 3074 979 3128; x_wconf 76' lang='grc' dir='ltr'><strong>διὰ</strong></span> <span class='ocrx_word' id='word_1_390' title='bbox 1019 3074 1118 3145; x_wconf 85' lang='grc' dir='ltr'>τὴν</span> <span class='ocrx_word' id='word_1_391' title='bbox 1145 3075 1247 3146; x_wconf 82' lang='grc' dir='ltr'>τῆς</span> <span class='ocrx_word' id='word_1_392' title='bbox 1280 3075 1467 3139; x_wconf 79' lang='grc' dir='ltr'>οὐσίας</span> <span class='ocrx_word' id='word_1_393' title='bbox 1494 3075 1817 3144; x_wconf 72' lang='grc' dir='ltr'>ταυτότητα,</span> 
     </span>
    </p>
   </div>
   <div class='ocr_carea' id='block_1_49' title="bbox 228 3163 1821 3238">
    <p class='ocr_par' dir='ltr' id='par_1_49' title="bbox 228 3163 1821 3238">
     <span class='ocr_line' id='line_1_49' title="bbox 228 3163 1821 3238; baseline 0.004 -24"><span class='ocrx_word' id='word_1_394' title='bbox 228 3163 430 3215; x_wconf 82' lang='grc' dir='ltr'>Ταῦτα</span> <span class='ocrx_word' id='word_1_395' title='bbox 460 3166 768 3235; x_wconf 80' lang='grc' dir='ltr'>φρονήσας,</span> <span class='ocrx_word' id='word_1_396' title='bbox 806 3166 1047 3237; x_wconf 87' lang='grc' dir='ltr'>αἰρετικὲ</span> <span class='ocrx_word' id='word_1_397' title='bbox 1069 3204 1086 3230; x_wconf 92' lang='grc'><strong>,</strong></span> <span class='ocrx_word' id='word_1_398' title='bbox 1121 3167 1321 3238; x_wconf 81' lang='grc' dir='ltr'>πικροῦ</span> <span class='ocrx_word' id='word_1_399' title='bbox 1358 3166 1681 3237; x_wconf 22' lang='grc' dir='ltr'>μὲνισαυκτὸν</span> <span class='ocrx_word' id='word_1_400' title='bbox 1716 3166 1821 3219; x_wconf 82' lang='grc' dir='ltr'>ἀπ-</span> 
     </span>
    </p>
   </div>
   <div class='ocr_carea' id='block_1_50' title="bbox 226 3253 1821 3327">
    <p class='ocr_par' dir='ltr' id='par_1_50' title="bbox 226 3253 1821 3327">
     <span class='ocr_line' id='line_1_50' title="bbox 226 3253 1821 3327; baseline 0.002 -21"><span class='ocrx_word' id='word_1_401' title='bbox 226 3253 493 3318; x_wconf 80' lang='grc' dir='ltr'>αλλάξεις</span> <span class='ocrx_word' id='word_1_402' title='bbox 535 3256 878 3325; x_wconf 81' lang='grc' dir='ltr'>νοσήματος,</span> <span class='ocrx_word' id='word_1_403' title='bbox 912 3255 1107 3326; x_wconf 82' lang='grc' dir='ltr'>τριϐῆς</span> <span class='ocrx_word' id='word_1_404' title='bbox 1130 3255 1188 3317; x_wconf 73' lang='grc' dir='ltr'>δὲ</span> <span class='ocrx_word' id='word_1_405' title='bbox 1235 3258 1382 3327; x_wconf 70' lang='grc' dir='ltr'>ἡμᾶς</span> <span class='ocrx_word' id='word_1_406' title='bbox 1414 3258 1514 3327; x_wconf 86' lang='grc' dir='ltr'>τῆς</span> <span class='ocrx_word' id='word_1_407' title='bbox 1556 3258 1614 3313; x_wconf 75' lang='grc' dir='ltr'>ὲν</span> <span class='ocrx_word' id='word_1_408' title='bbox 1643 3256 1821 3325; x_wconf 86' lang='grc' dir='ltr'>λόγοις</span> 
     </span>
    </p>
   </div>
   <div class='ocr_carea' id='block_1_51' title="bbox 229 3332 1819 3418">
    <p class='ocr_par' dir='ltr' id='par_1_51' title="bbox 229 3332 1819 3418">
     <span class='ocr_line' id='line_1_51' title="bbox 229 3332 1819 3418; baseline 0.035 -23"><span class='ocrx_word' id='word_1_409' title='bbox 229 3345 333 3396; x_wconf 70' lang='grc' dir='ltr'>καὶ</span> <span class='ocrx_word' id='word_1_410' title='bbox 366 3344 695 3414; x_wconf 72' lang='grc' dir='ltr'>ζητήμασιν.</span> <span class='ocrx_word' id='word_1_411' title='bbox 734 3365 751 3397; x_wconf 77' lang='grc' dir='ltr'><strong>ι</strong></span> <span class='ocrx_word' id='word_1_412' title='bbox 784 3347 879 3398; x_wconf 88' lang='grc' dir='ltr'><strong>Ὃν</strong></span> <span class='ocrx_word' id='word_1_413' title='bbox 908 3345 1022 3417; x_wconf 72' lang='grc' dir='ltr'><strong>γὰρ</strong></span> <span class='ocrx_word' id='word_1_414' title='bbox 1042 3346 1359 3408; x_wconf 65' lang='grc' dir='ltr'><strong>ἀπέστειλεν</strong></span> <span class='ocrx_word' id='word_1_415' title='bbox 1390 3348 1419 3400; x_wconf 70' lang='grc' dir='ltr'><strong>ὁ</strong></span> <span class='ocrx_word' id='word_1_416' title='bbox 1446 3332 1605 3412; x_wconf 46' lang='lat' dir='ltr'><strong>ea“</strong></span> <span class='ocrx_word' id='word_1_417' title='bbox 1624 3347 1695 3400; x_wconf 71' lang='grc' dir='ltr'><strong>τὰ</strong></span> <span class='ocrx_word' id='word_1_418' title='bbox 1724 3348 1819 3418; x_wconf 63' lang='grc' dir='ltr'><strong>ρή’</strong></span> 
     </span>
    </p>
   </div>
   <div class='ocr_carea' id='block_1_52' title="bbox 228 3414 1891 3509">
    <p class='ocr_par' dir='ltr' id='par_1_52' title="bbox 228 3414 1891 3509">
     <span class='ocr_line' id='line_1_52' title="bbox 228 3414 1891 3509; baseline 0.005 -23"><span class='ocrx_word' id='word_1_419' title='bbox 228 3452 390 3505; x_wconf 83' lang='grc' dir='ltr'>ματα</span> <span class='ocrx_word' id='word_1_420' title='bbox 420 3436 511 3488; x_wconf 87' lang='grc' dir='ltr'><strong>τοῦ</strong></span> <span class='ocrx_word' id='word_1_421' title='bbox 540 3435 674 3489; x_wconf 88' lang='grc' dir='ltr'>Θεοῦ</span> <span class='ocrx_word' id='word_1_422' title='bbox 709 3435 877 3489; x_wconf 85' lang='grc' dir='ltr'>λαλεῖ.</span> <span class='ocrx_word' id='word_1_423' title='bbox 904 3455 925 3487; x_wconf 80' lang='grc' dir='ltr'><strong>ι</strong></span> <span class='ocrx_word' id='word_1_424' title='bbox 953 3414 1123 3493; x_wconf 70' lang='grc' dir='ltr'>Ὅταν</span> <span class='ocrx_word' id='word_1_425' title='bbox 1154 3438 1220 3490; x_wconf 80' lang='grc' dir='ltr'>ὲκ</span> <span class='ocrx_word' id='word_1_426' title='bbox 1246 3436 1342 3491; x_wconf 77' lang='grc' dir='ltr'><strong>τοῦ</strong></span> <span class='ocrx_word' id='word_1_427' title='bbox 1374 3437 1665 3509; x_wconf 81' lang='grc' dir='ltr'>προχείρου</span> <span class='ocrx_word' id='word_1_428' title='bbox 1685 3414 1812 3509; x_wconf 50' lang='lat' dir='ltr'><strong>vei};</strong></span> <span class='ocrx_word' id='word_1_429' title='bbox 1848 3414 1891 3473; x_wconf 64' lang='grc' dir='ltr'>Ο</span> 
     </span>
    </p>
   </div>
   <div class='ocr_carea' id='block_1_53' title="bbox 225 3526 1822 3600">
    <p class='ocr_par' dir='ltr' id='par_1_53' title="bbox 225 3526 1822 3600">
     <span class='ocr_line' id='line_1_53' title="bbox 225 3526 1822 3600; baseline 0.004 -23"><span class='ocrx_word' id='word_1_430' title='bbox 225 3543 325 3579; x_wconf 81' lang='grc' dir='ltr'><strong>ται</strong></span> <span class='ocrx_word' id='word_1_431' title='bbox 376 3526 439 3579; x_wconf 79' lang='grc' dir='ltr'><strong>τὸ</strong></span> <span class='ocrx_word' id='word_1_432' title='bbox 480 3527 879 3597; x_wconf 85' lang='grc' dir='ltr'>προκείμενον,</span> <span class='ocrx_word' id='word_1_433' title='bbox 921 3527 977 3581; x_wconf 86' lang='grc' dir='ltr'><strong>τί</strong></span> <span class='ocrx_word' id='word_1_434' title='bbox 1010 3528 1170 3582; x_wconf 88' lang='grc' dir='ltr'>πάλιν</span> <span class='ocrx_word' id='word_1_435' title='bbox 1220 3528 1372 3583; x_wconf 70' lang='grc' dir='ltr'>ἔσται</span> <span class='ocrx_word' id='word_1_436' title='bbox 1412 3528 1724 3600; x_wconf 54' lang='grc' dir='ltr'>θαυμασπὸν</span> <span class='ocrx_word' id='word_1_437' title='bbox 1764 3530 1822 3585; x_wconf 83' lang='grc' dir='ltr'>ὲν</span> 
     </span>
    </p>
   </div>
   <div class='ocr_carea' id='block_1_54' title="bbox 230 3617 1821 3692">
    <p class='ocr_par' dir='ltr' id='par_1_54' title="bbox 230 3617 1821 3692">
     <span class='ocr_line' id='line_1_54' title="bbox 230 3617 1821 3692; baseline 0.033 -61"><span class='ocrx_word' id='word_1_438' title='bbox 230 3617 398 3688; x_wconf 64' lang='grc' dir='ltr'><strong>Υἱῷ;</strong></span> <span class='ocrx_word' id='word_1_439' title='bbox 449 3620 518 3670; x_wconf 75' lang='grc' dir='ltr'><strong>Ἢ</strong></span> <span class='ocrx_word' id='word_1_440' title='bbox 558 3617 667 3691; x_wconf 68' lang='grc' dir='ltr'>γὰρ</span> <span class='ocrx_word' id='word_1_441' title='bbox 706 3618 827 3688; x_wconf 62' lang='grc' dir='ltr'><strong>οὐχ),</strong></span> <span class='ocrx_word' id='word_1_442' title='bbox 863 3619 956 3673; x_wconf 76' lang='grc' dir='ltr'><strong>καὶ</strong></span> <span class='ocrx_word' id='word_1_443' title='bbox 1006 3617 1117 3671; x_wconf 85' lang='grc' dir='ltr'><strong>τῶν</strong></span> <span class='ocrx_word' id='word_1_444' title='bbox 1150 3619 1320 3687; x_wconf 84' lang='grc' dir='ltr'>ἁγίων</span> <span class='ocrx_word' id='word_1_445' title='bbox 1345 3619 1575 3683; x_wconf 71' lang='grc' dir='ltr'>ἕκαστος</span> <span class='ocrx_word' id='word_1_446' title='bbox 1606 3636 1821 3692; x_wconf 80' lang='grc' dir='ltr'>προφη-</span> 
     </span>
    </p>
   </div>
   <div class='ocr_carea' id='block_1_55' title="bbox 227 3709 1822 3781">
    <p class='ocr_par' dir='ltr' id='par_1_55' title="bbox 227 3709 1822 3781">
     <span class='ocr_line' id='line_1_55' title="bbox 227 3709 1822 3781; baseline 0.003 -22"><span class='ocrx_word' id='word_1_447' title='bbox 227 3710 381 3774; x_wconf 77' lang='grc' dir='ltr'>τῶν,</span> <span class='ocrx_word' id='word_1_448' title='bbox 435 3710 529 3763; x_wconf 74' lang='grc' dir='ltr'>καὶ</span> <span class='ocrx_word' id='word_1_449' title='bbox 569 3709 931 3763; x_wconf 81' lang='grc' dir='ltr'>ἀπεστέλλετο</span> <span class='ocrx_word' id='word_1_450' title='bbox 980 3711 1134 3780; x_wconf 85' lang='grc' dir='ltr'><strong>παρά</strong></span> <span class='ocrx_word' id='word_1_451' title='bbox 1164 3710 1339 3776; x_wconf 88' lang='grc' dir='ltr'>Θεοῦ,</span> <span class='ocrx_word' id='word_1_452' title='bbox 1390 3712 1485 3763; x_wconf 71' lang='grc' dir='ltr'>καὶ</span> <span class='ocrx_word' id='word_1_453' title='bbox 1526 3711 1654 3774; x_wconf 76' lang='grc' dir='ltr'>τοὺς</span> <span class='ocrx_word' id='word_1_454' title='bbox 1690 3711 1822 3781; x_wconf 56' lang='grc' dir='ltr'>παρέ</span> 
     </span>
    </p>
   </div>
   <div class='ocr_carea' id='block_1_56' title="bbox 227 3799 1825 3873">
    <p class='ocr_par' dir='ltr' id='par_1_56' title="bbox 227 3799 1825 3873">
     <span class='ocr_line' id='line_1_56' title="bbox 227 3799 1825 3873; baseline 0.001 -22"><span class='ocrx_word' id='word_1_455' title='bbox 227 3799 406 3869; x_wconf 79' lang='grc' dir='ltr'>αὐτοῦ</span> <span class='ocrx_word' id='word_1_456' title='bbox 423 3799 754 3872; x_wconf 79' lang='grc' dir='ltr'>διήγγελ[λ]ε</span> <span class='ocrx_word' id='word_1_457' title='bbox 771 3800 960 3870; x_wconf 89' lang='grc' dir='ltr'>λόγους</span> <span class='ocrx_word' id='word_1_458' title='bbox 976 3816 989 3866; x_wconf 94' lang='grc'><strong>;</strong></span> <span class='ocrx_word' id='word_1_459' title='bbox 1015 3801 1124 3853; x_wconf 81' lang='grc' dir='ltr'><strong>Καὶ</strong></span> <span class='ocrx_word' id='word_1_460' title='bbox 1141 3799 1272 3869; x_wconf 88' lang='grc' dir='ltr'>γοῦν</span> <span class='ocrx_word' id='word_1_461' title='bbox 1291 3800 1429 3872; x_wconf 82' lang='grc' dir='ltr'>πρὸς</span> <span class='ocrx_word' id='word_1_462' title='bbox 1453 3800 1553 3872; x_wconf 85' lang='grc' dir='ltr'>μὲν</span> <span class='ocrx_word' id='word_1_463' title='bbox 1564 3800 1655 3854; x_wconf 82' lang='grc' dir='ltr'>τὸν</span> <span class='ocrx_word' id='word_1_464' title='bbox 1681 3802 1825 3873; x_wconf 75' lang='grc' dir='ltr'>ίερο-</span> 
     </span>
    </p>
   </div>
   <div class='ocr_carea' id='block_1_57' title="bbox 233 3890 1824 3963">
    <p class='ocr_par' dir='ltr' id='par_1_57' title="bbox 233 3890 1824 3963">
     <span class='ocr_line' id='line_1_57' title="bbox 233 3890 1824 3963; baseline 0.002 -21"><span class='ocrx_word' id='word_1_465' title='bbox 233 3890 455 3962; x_wconf 74' lang='grc' dir='ltr'>φάντην</span> <span class='ocrx_word' id='word_1_466' title='bbox 498 3893 703 3951; x_wconf 79' lang='grc' dir='ltr'>Μωσέα</span> <span class='ocrx_word' id='word_1_467' title='bbox 744 3892 957 3963; x_wconf 76' lang='grc' dir='ltr'>εἴρηταί</span> <span class='ocrx_word' id='word_1_468' title='bbox 991 3910 1116 3946; x_wconf 85' lang='grc' dir='ltr'>ποι’</span> <span class='ocrx_word' id='word_1_469' title='bbox 1154 3911 1173 3945; x_wconf 76' lang='grc' dir='ltr'><strong>ι</strong></span> <span class='ocrx_word' id='word_1_470' title='bbox 1214 3892 1327 3947; x_wconf 70' lang='grc' dir='ltr'>Καὶ</span> <span class='ocrx_word' id='word_1_471' title='bbox 1355 3892 1449 3946; x_wconf 91' lang='grc' dir='ltr'><strong>νῦν</strong></span> <span class='ocrx_word' id='word_1_472' title='bbox 1490 3892 1649 3963; x_wconf 86' lang='grc' dir='ltr'>δεῦρο</span> <span class='ocrx_word' id='word_1_473' title='bbox 1690 3893 1824 3947; x_wconf 74' lang='grc' dir='ltr'>ἀποο</span> 
     </span>
    </p>
   </div>
   <div class='ocr_carea' id='block_1_58' title="bbox 226 3982 1823 4057">
    <p class='ocr_par' dir='ltr' id='par_1_58' title="bbox 226 3982 1823 4057">
     <span class='ocr_line' id='line_1_58' title="bbox 226 3982 1823 4057; baseline 0.002 -23"><span class='ocrx_word' id='word_1_474' title='bbox 226 3982 445 4043; x_wconf 64' lang='grc' dir='ltr'>στείλω,</span> <span class='ocrx_word' id='word_1_475' title='bbox 455 4000 511 4035; x_wconf 92' lang='grc' dir='ltr'><strong>σε</strong></span> <span class='ocrx_word' id='word_1_476' title='bbox 547 3984 624 4053; x_wconf 85' lang='grc' dir='ltr'><strong>είς</strong></span> <span class='ocrx_word' id='word_1_477' title='bbox 650 3983 946 4057; x_wconf 36' lang='grc' dir='ltr'>Αζγνυπτον,</span> <span class='ocrx_word' id='word_1_478' title='bbox 966 3986 1059 4041; x_wconf 78' lang='grc' dir='ltr'>καὶ</span> <span class='ocrx_word' id='word_1_479' title='bbox 1084 3987 1227 4055; x_wconf 76' lang='grc' dir='ltr'>ἐρεῖς</span> <span class='ocrx_word' id='word_1_480' title='bbox 1252 3983 1391 4055; x_wconf 86' lang='grc' dir='ltr'>πρὸς</span> <span class='ocrx_word' id='word_1_481' title='bbox 1414 3983 1614 4057; x_wconf 80' lang='grc' dir='ltr'>Φαραώ</span> <span class='ocrx_word' id='word_1_482' title='bbox 1636 4002 1649 4015; x_wconf 93' lang='grc'><strong>·</strong></span> <span class='ocrx_word' id='word_1_483' title='bbox 1681 3984 1823 4038; x_wconf 82' lang='grc' dir='ltr'>Τάδε</span> 
     </span>
    </p>
   </div>
   <div class='ocr_carea' id='block_1_59' title="bbox 224 4055 1823 4148">
    <p class='ocr_par' dir='ltr' id='par_1_59' title="bbox 224 4055 1823 4148">
     <span class='ocr_line' id='line_1_59' title="bbox 224 4055 1823 4148; baseline 0.004 -23"><span class='ocrx_word' id='word_1_484' title='bbox 224 4072 387 4141; x_wconf 66' lang='grc' dir='ltr'>λέγει</span> <span class='ocrx_word' id='word_1_485' title='bbox 406 4073 636 4145; x_wconf 61' lang='grc' dir='ltr'>Κύριος</span> <span class='ocrx_word' id='word_1_486' title='bbox 659 4094 678 4126; x_wconf 77' lang='grc' dir='ltr'><strong>ι</strong></span> <span class='ocrx_word' id='word_1_487' title='bbox 722 4055 859 4145; x_wconf 77' lang='grc' dir='ltr'>πρὸς</span> <span class='ocrx_word' id='word_1_488' title='bbox 888 4077 1159 4148; x_wconf 86' lang='grc' dir='ltr'>Ἰερεμίαν</span> <span class='ocrx_word' id='word_1_489' title='bbox 1192 4077 1249 4129; x_wconf 83' lang='grc' dir='ltr'>δέ</span> <span class='ocrx_word' id='word_1_490' title='bbox 1282 4094 1344 4146; x_wconf 84' lang='grc' dir='ltr'><strong>γε</strong></span> <span class='ocrx_word' id='word_1_491' title='bbox 1371 4076 1461 4131; x_wconf 75' lang='grc' dir='ltr'>τὸν</span> <span class='ocrx_word' id='word_1_492' title='bbox 1492 4055 1787 4147; x_wconf 86' lang='grc' dir='ltr'>ίερώτατον</span> <span class='ocrx_word' id='word_1_493' title='bbox 1808 4093 1823 4108; x_wconf 75' lang='grc' dir='ltr'><strong>ο</strong></span> 
     </span>
    </p>
   </div>
   <div class='ocr_carea' id='block_1_60' title="bbox 231 4164 1823 4239">
    <p class='ocr_par' dir='ltr' id='par_1_60' title="bbox 231 4164 1823 4239">
     <span class='ocr_line' id='line_1_60' title="bbox 231 4164 1823 4239; baseline 0.004 -24"><span class='ocrx_word' id='word_1_494' title='bbox 231 4183 251 4215; x_wconf 76' lang='grc' dir='ltr'><strong>ι</strong></span> <span class='ocrx_word' id='word_1_495' title='bbox 280 4164 385 4235; x_wconf 70' lang='grc' dir='ltr'><strong>Μὴ</strong></span> <span class='ocrx_word' id='word_1_496' title='bbox 411 4164 557 4233; x_wconf 75' lang='grc' dir='ltr'>λέγε,</span> <span class='ocrx_word' id='word_1_497' title='bbox 592 4166 682 4219; x_wconf 78' lang='grc' dir='ltr'>ὅτι.</span> <span class='ocrx_word' id='word_1_498' title='bbox 706 4165 986 4239; x_wconf 85' lang='grc' dir='ltr'>Νεώτερος</span> <span class='ocrx_word' id='word_1_499' title='bbox 1011 4167 1137 4237; x_wconf 63' lang='grc' dir='ltr'><strong>ἐγώ,</strong></span> <span class='ocrx_word' id='word_1_500' title='bbox 1154 4169 1289 4238; x_wconf 81' lang='grc' dir='ltr'>εἰμι·</span> <span class='ocrx_word' id='word_1_501' title='bbox 1311 4168 1394 4221; x_wconf 77' lang='grc' dir='ltr'>ὃτι</span> <span class='ocrx_word' id='word_1_502' title='bbox 1426 4167 1562 4239; x_wconf 83' lang='grc' dir='ltr'>πρὸς</span> <span class='ocrx_word' id='word_1_503' title='bbox 1590 4167 1823 4235; x_wconf 85' lang='grc' dir='ltr'>πάντας,</span> 
     </span>
    </p>
   </div>
   <div class='ocr_carea' id='block_1_61' title="bbox 222 4254 1820 4330">
    <p class='ocr_par' dir='ltr' id='par_1_61' title="bbox 222 4254 1820 4330">
     <span class='ocr_line' id='line_1_61' title="bbox 222 4254 1820 4330; baseline 0.003 -23"><span class='ocrx_word' id='word_1_504' title='bbox 222 4254 329 4321; x_wconf 76' lang='grc' dir='ltr'>οὓς</span> <span class='ocrx_word' id='word_1_505' title='bbox 363 4256 459 4308; x_wconf 78' lang='grc' dir='ltr'>ἐὰν</span> <span class='ocrx_word' id='word_1_506' title='bbox 481 4256 851 4327; x_wconf 27' lang='grc' dir='ltr'>ὲξᾳποστείλων</span> <span class='ocrx_word' id='word_1_507' title='bbox 873 4276 962 4321; x_wconf 89' lang='grc' dir='ltr'><strong>σε,</strong></span> <span class='ocrx_word' id='word_1_508' title='bbox 1006 4260 1278 4330; x_wconf 75' lang='grc' dir='ltr'>πορεύσῃ,</span> <span class='ocrx_word' id='word_1_509' title='bbox 1315 4259 1410 4312; x_wconf 72' lang='grc' dir='ltr'>καὶ</span> <span class='ocrx_word' id='word_1_510' title='bbox 1447 4261 1589 4312; x_wconf 82' lang='grc' dir='ltr'><strong>κατά</strong></span> <span class='ocrx_word' id='word_1_511' title='bbox 1617 4259 1820 4324; x_wconf 85' lang='grc' dir='ltr'>πάντα,</span> 
     </span>
    </p>
   </div>
   <div class='ocr_carea' id='block_1_62' title="bbox 223 4346 1823 4420">
    <p class='ocr_par' dir='ltr' id='par_1_62' title="bbox 223 4346 1823 4420">
     <span class='ocr_line' id='line_1_62' title="bbox 223 4346 1823 4420; baseline 0.003 -22"><span class='ocrx_word' id='word_1_512' title='bbox 223 4348 336 4401; x_wconf 81' lang='grc' dir='ltr'>ὅσα</span> <span class='ocrx_word' id='word_1_513' title='bbox 374 4346 471 4398; x_wconf 84' lang='grc' dir='ltr'><strong>ὲὰν</strong></span> <span class='ocrx_word' id='word_1_514' title='bbox 509 4347 831 4419; x_wconf 74' lang='grc' dir='ltr'>ἐντείλωμαί</span> <span class='ocrx_word' id='word_1_515' title='bbox 868 4366 982 4418; x_wconf 81' lang='grc' dir='ltr'>σοι,</span> <span class='ocrx_word' id='word_1_516' title='bbox 1031 4349 1306 4420; x_wconf 86' lang='grc' dir='ltr'>λαλήσεις.</span> <span class='ocrx_word' id='word_1_517' title='bbox 1338 4369 1357 4402; x_wconf 76' lang='grc' dir='ltr'><strong>ι</strong></span> <span class='ocrx_word' id='word_1_518' title='bbox 1392 4349 1457 4402; x_wconf 90' lang='grc' dir='ltr'>Τί</span> <span class='ocrx_word' id='word_1_519' title='bbox 1495 4346 1586 4402; x_wconf 81' lang='grc' dir='ltr'>οὖν</span> <span class='ocrx_word' id='word_1_520' title='bbox 1620 4351 1729 4419; x_wconf 79' lang='grc' dir='ltr'>ἄρα</span> <span class='ocrx_word' id='word_1_521' title='bbox 1758 4350 1823 4403; x_wconf 84' lang='grc' dir='ltr'>τὸ</span> 
     </span>
    </p>
   </div>
   <div class='ocr_carea' id='block_1_63' title="bbox 225 4436 1820 4510">
    <p class='ocr_par' dir='ltr' id='par_1_63' title="bbox 225 4436 1820 4510">
     <span class='ocr_line' id='line_1_63' title="bbox 225 4436 1820 4510; baseline 0.004 -21"><span class='ocrx_word' id='word_1_522' title='bbox 225 4436 428 4489; x_wconf 80' lang='grc' dir='ltr'>πλεῖον</span> <span class='ocrx_word' id='word_1_523' title='bbox 461 4437 519 4490; x_wconf 80' lang='grc' dir='ltr'>ἐν</span> <span class='ocrx_word' id='word_1_524' title='bbox 539 4437 615 4508; x_wconf 82' lang='grc' dir='ltr'><strong>τῷ</strong></span> <span class='ocrx_word' id='word_1_525' title='bbox 642 4438 784 4497; x_wconf 87' lang='grc' dir='ltr'><strong>κατά</strong></span> <span class='ocrx_word' id='word_1_526' title='bbox 816 4438 978 4509; x_wconf 75' lang='grc' dir='ltr'>φύσιν</span> <span class='ocrx_word' id='word_1_527' title='bbox 1011 4440 1155 4510; x_wconf 64' lang='grc' dir='ltr'><strong>Ἰῖὶῷ,</strong></span> <span class='ocrx_word' id='word_1_528' title='bbox 1180 4439 1428 4493; x_wconf 85' lang='grc' dir='ltr'>λαλοῦντι</span> <span class='ocrx_word' id='word_1_529' title='bbox 1452 4440 1519 4494; x_wconf 83' lang='grc' dir='ltr'><strong>τὰ</strong></span> <span class='ocrx_word' id='word_1_530' title='bbox 1551 4440 1645 4494; x_wconf 87' lang='grc' dir='ltr'><strong>τοῦ</strong></span> <span class='ocrx_word' id='word_1_531' title='bbox 1684 4440 1820 4495; x_wconf 87' lang='grc' dir='ltr'>Θεοῦ</span> 
     </span>
    </p>
   </div>
   <div class='ocr_carea' id='block_1_64' title="bbox 225 4528 1823 4607">
    <p class='ocr_par' dir='ltr' id='par_1_64' title="bbox 225 4528 1823 4607">
     <span class='ocr_line' id='line_1_64' title="bbox 225 4528 1823 4607; baseline 0.004 -30"><span class='ocrx_word' id='word_1_532' title='bbox 225 4529 496 4607; x_wconf 70' lang='grc' dir='ltr'>ῥήματα,</span> <span class='ocrx_word' id='word_1_533' title='bbox 537 4528 711 4607; x_wconf 36' lang='grc' dir='ltr'>διὰ-τὸ</span> <span class='ocrx_word' id='word_1_534' title='bbox 734 4530 1069 4585; x_wconf 75' lang='grc' dir='ltr'>ἀπεστάλθαι</span> <span class='ocrx_word' id='word_1_535' title='bbox 1106 4531 1235 4601; x_wconf 87' lang='grc' dir='ltr'>παρ’</span> <span class='ocrx_word' id='word_1_536' title='bbox 1270 4530 1476 4596; x_wconf 85' lang='grc' dir='ltr'>αύτοῦ;</span> <span class='ocrx_word' id='word_1_537' title='bbox 1526 4531 1823 4602; x_wconf 82' lang='grc' dir='ltr'>Προφήτης</span> 
     </span>
    </p>
   </div>
   <div class='ocr_carea' id='block_1_65' title="bbox 223 4604 1819 4693">
    <p class='ocr_par' dir='ltr' id='par_1_65' title="bbox 223 4604 1819 4693">
     <span class='ocr_line' id='line_1_65' title="bbox 223 4604 1819 4693; baseline 0.003 -22"><span class='ocrx_word' id='word_1_538' title='bbox 223 4604 391 4689; x_wconf 67' lang='grc' dir='ltr'>ἡμῖν,</span> <span class='ocrx_word' id='word_1_539' title='bbox 428 4619 505 4682; x_wconf 82' lang='grc' dir='ltr'>ὡς</span> <span class='ocrx_word' id='word_1_540' title='bbox 529 4604 702 4674; x_wconf 75' lang='grc' dir='ltr'>ἔοικεν</span> <span class='ocrx_word' id='word_1_541' title='bbox 726 4664 738 4685; x_wconf 89' lang='grc'><strong>,</strong></span> <span class='ocrx_word' id='word_1_542' title='bbox 790 4622 1242 4693; x_wconf 80' lang='grc' dir='ltr'>ἀναδειχθήσεται</span> <span class='ocrx_word' id='word_1_543' title='bbox 1268 4622 1431 4677; x_wconf 84' lang='grc' dir='ltr'>πάλιν</span> <span class='ocrx_word' id='word_1_544' title='bbox 1450 4662 1467 4687; x_wconf 91' lang='grc'><strong>,</strong></span> <span class='ocrx_word' id='word_1_545' title='bbox 1509 4623 1603 4677; x_wconf 77' lang='grc' dir='ltr'>καὶ</span> <span class='ocrx_word' id='word_1_546' title='bbox 1633 4622 1819 4692; x_wconf 72' lang='grc' dir='ltr'>ἕτερον</span> 
     </span>
    </p>
   </div>
   <div class='ocr_carea' id='block_1_66' title="bbox 221 4706 1898 4811">
    <p class='ocr_par' dir='ltr' id='par_1_66' title="bbox 221 4706 1898 4811">
     <span class='ocr_line' id='line_1_66' title="bbox 221 4706 1898 4811; baseline 0.004 -49"><span class='ocrx_word' id='word_1_547' title='bbox 221 4710 411 4775; x_wconf 73' lang='grc' dir='ltr'>οὐδὲν,</span> <span class='ocrx_word' id='word_1_548' title='bbox 442 4711 565 4763; x_wconf 80' lang='grc' dir='ltr'>ὅσον</span> <span class='ocrx_word' id='word_1_549' title='bbox 595 4706 1139 4798; x_wconf 31' lang='grc' dir='ltr'>ἧκενείπεῖνείςητὸν</span> <span class='ocrx_word' id='word_1_550' title='bbox 1164 4715 1263 4785; x_wconf 85' lang='grc' dir='ltr'>τῆς</span> <span class='ocrx_word' id='word_1_551' title='bbox 1298 4713 1575 4778; x_wconf 86' lang='grc' dir='ltr'>διακονίας</span> <span class='ocrx_word' id='word_1_552' title='bbox 1595 4714 1817 4784; x_wconf 69' lang='grc' dir='ltr'>τρόπον.</span> <span class='ocrx_word' id='word_1_553' title='bbox 1844 4748 1898 4811; x_wconf 77' lang='lat' dir='ltr'><strong><em>D</em></strong></span> 
     </span>
    </p>
   </div>
   <div class='ocr_carea' id='block_1_67' title="bbox 222 4799 1816 4875">
    <p class='ocr_par' dir='ltr' id='par_1_67' title="bbox 222 4799 1816 4875">
     <span class='ocr_line' id='line_1_67' title="bbox 222 4799 1816 4875; baseline 0.003 -23"><span class='ocrx_word' id='word_1_554' title='bbox 222 4799 453 4871; x_wconf 76' lang='grc' dir='ltr'>Οὐκοῦν</span> <span class='ocrx_word' id='word_1_555' title='bbox 479 4801 539 4853; x_wconf 78' lang='grc' dir='ltr'>τὸ</span> <span class='ocrx_word' id='word_1_556' title='bbox 577 4819 595 4852; x_wconf 75' lang='grc' dir='ltr'><strong>ι</strong></span> <span class='ocrx_word' id='word_1_557' title='bbox 630 4801 915 4856; x_wconf 86' lang='grc' dir='ltr'>ἀπέστειλε</span> <span class='ocrx_word' id='word_1_558' title='bbox 951 4822 969 4854; x_wconf 76' lang='grc' dir='ltr'><strong>ι</strong></span> <span class='ocrx_word' id='word_1_559' title='bbox 1007 4804 1220 4875; x_wconf 86' lang='grc' dir='ltr'>νοήσεις</span> <span class='ocrx_word' id='word_1_560' title='bbox 1250 4805 1307 4857; x_wconf 80' lang='grc' dir='ltr'>ἐν</span> <span class='ocrx_word' id='word_1_561' title='bbox 1330 4803 1566 4868; x_wconf 79' lang='grc' dir='ltr'>τούτοις,</span> <span class='ocrx_word' id='word_1_562' title='bbox 1608 4803 1640 4873; x_wconf 74' lang='grc' dir='ltr'>ἢ</span> <span class='ocrx_word' id='word_1_563' title='bbox 1674 4802 1816 4857; x_wconf 82' lang='grc' dir='ltr'>κατὰ</span> 
     </span>
    </p>
   </div>
   <div class='ocr_carea' id='block_1_68' title="bbox 221 4889 1815 4965">
    <p class='ocr_par' dir='ltr' id='par_1_68' title="bbox 221 4889 1815 4965">
     <span class='ocr_line' id='line_1_68' title="bbox 221 4889 1815 4965; baseline 0.004 -24"><span class='ocrx_word' id='word_1_564' title='bbox 221 4892 321 4943; x_wconf 79' lang='grc' dir='ltr'>τὸν</span> <span class='ocrx_word' id='word_1_565' title='bbox 356 4890 458 4961; x_wconf 82' lang='grc' dir='ltr'>τῆς</span> <span class='ocrx_word' id='word_1_566' title='bbox 490 4889 955 4963; x_wconf 78' lang='grc' dir='ltr'>ὲνανθρωπήσεως</span> <span class='ocrx_word' id='word_1_567' title='bbox 981 4892 1139 4960; x_wconf 86' lang='grc' dir='ltr'>λόγον</span> <span class='ocrx_word' id='word_1_568' title='bbox 1159 4931 1174 4955; x_wconf 84' lang='grc'><strong>,</strong></span> <span class='ocrx_word' id='word_1_569' title='bbox 1224 4894 1319 4947; x_wconf 77' lang='grc' dir='ltr'>καὶ</span> <span class='ocrx_word' id='word_1_570' title='bbox 1341 4895 1440 4964; x_wconf 82' lang='grc' dir='ltr'>τὴν</span> <span class='ocrx_word' id='word_1_571' title='bbox 1477 4895 1534 4947; x_wconf 82' lang='grc' dir='ltr'>ὲν</span> <span class='ocrx_word' id='word_1_572' title='bbox 1560 4893 1696 4965; x_wconf 84' lang='grc' dir='ltr'>τῷδε</span> <span class='ocrx_word' id='word_1_573' title='bbox 1737 4893 1815 4965; x_wconf 86' lang='grc' dir='ltr'>τῷ</span> 
     </span>
    </p>
   </div>
   <div class='ocr_carea' id='block_1_69' title="bbox 222 4974 1814 5054">
    <p class='ocr_par' dir='ltr' id='par_1_69' title="bbox 222 4974 1814 5054">
     <span class='ocr_line' id='line_1_69' title="bbox 222 4974 1814 5054; baseline 0.007 -27"><span class='ocrx_word' id='word_1_574' title='bbox 222 4974 427 5047; x_wconf 83' lang='grc' dir='ltr'>κόσμῳ</span> <span class='ocrx_word' id='word_1_575' title='bbox 472 4977 612 5046; x_wconf 89' lang='grc' dir='ltr'><strong>μετά</strong></span> <span class='ocrx_word' id='word_1_576' title='bbox 656 4980 859 5051; x_wconf 83' lang='grc' dir='ltr'>σαρκὸς</span> <span class='ocrx_word' id='word_1_577' title='bbox 899 4981 1270 5050; x_wconf 72' lang='grc' dir='ltr'>ὲπιφοίτησιψ</span> <span class='ocrx_word' id='word_1_578' title='bbox 1330 4983 1363 5053; x_wconf 83' lang='grc' dir='ltr'>ἢ</span> <span class='ocrx_word' id='word_1_579' title='bbox 1399 4983 1559 5037; x_wconf 87' lang='grc' dir='ltr'>πάλιν</span> <span class='ocrx_word' id='word_1_580' title='bbox 1602 4983 1814 5054; x_wconf 75' lang='grc' dir='ltr'>ὲκλήψῃ</span> 
     </span>
    </p>
   </div>
   <div class='ocr_carea' id='block_1_70' title="bbox 222 5067 1812 5144">
    <p class='ocr_par' dir='ltr' id='par_1_70' title="bbox 222 5067 1812 5144">
     <span class='ocr_line' id='line_1_70' title="bbox 222 5067 1812 5144; baseline 0.004 -25"><span class='ocrx_word' id='word_1_581' title='bbox 222 5067 702 5139; x_wconf 83' lang='grc' dir='ltr'>θεοπρεπέστερον</span> <span class='ocrx_word' id='word_1_582' title='bbox 748 5072 842 5125; x_wconf 72' lang='grc' dir='ltr'><strong>καὶ</strong></span> <span class='ocrx_word' id='word_1_583' title='bbox 881 5070 1318 5144; x_wconf 83' lang='grc' dir='ltr'>ἀξιολογώτερον.</span> <span class='ocrx_word' id='word_1_584' title='bbox 1373 5075 1447 5125; x_wconf 86' lang='grc' dir='ltr'>Ού</span> <span class='ocrx_word' id='word_1_585' title='bbox 1496 5073 1602 5144; x_wconf 82' lang='grc' dir='ltr'>γὰρ</span> <span class='ocrx_word' id='word_1_586' title='bbox 1644 5073 1812 5144; x_wconf 82' lang='grc' dir='ltr'>ἔκρυ-</span> 
     </span>
    </p>
   </div>
   <div class='ocr_carea' id='block_1_71' title="bbox 221 5158 1818 5235">
    <p class='ocr_par' dir='ltr' id='par_1_71' title="bbox 221 5158 1818 5235">
     <span class='ocr_line' id='line_1_71' title="bbox 221 5158 1818 5235; baseline 0.006 -26"><span class='ocrx_word' id='word_1_587' title='bbox 221 5158 332 5227; x_wconf 71' lang='grc' dir='ltr'><strong>ψεν</strong></span> <span class='ocrx_word' id='word_1_588' title='bbox 372 5160 429 5213; x_wconf 81' lang='grc' dir='ltr'>ἐν</span> <span class='ocrx_word' id='word_1_589' title='bbox 468 5159 648 5231; x_wconf 80' lang='grc' dir='ltr'>ἑαυτῷ</span> <span class='ocrx_word' id='word_1_590' title='bbox 692 5160 785 5215; x_wconf 84' lang='grc' dir='ltr'>τὸν</span> <span class='ocrx_word' id='word_1_591' title='bbox 813 5162 941 5215; x_wconf 81' lang='grc' dir='ltr'>Υίὸν</span> <span class='ocrx_word' id='word_1_592' title='bbox 979 5165 1008 5216; x_wconf 87' lang='grc' dir='ltr'><strong>ό</strong></span> <span class='ocrx_word' id='word_1_593' title='bbox 1042 5164 1263 5235; x_wconf 81' lang='grc' dir='ltr'>Πατὴρ,</span> <span class='ocrx_word' id='word_1_594' title='bbox 1306 5164 1418 5217; x_wconf 85' lang='grc' dir='ltr'>ἀλλ’</span> <span class='ocrx_word' id='word_1_595' title='bbox 1446 5168 1509 5217; x_wconf 83' lang='grc' dir='ltr'>ἐκ</span> <span class='ocrx_word' id='word_1_596' title='bbox 1548 5168 1649 5234; x_wconf 83' lang='grc' dir='ltr'>τῆς</span> <span class='ocrx_word' id='word_1_597' title='bbox 1684 5166 1818 5229; x_wconf 82' lang='grc' dir='ltr'>ἰδίας</span> 
     </span>
    </p>
   </div>
   <div class='ocr_carea' id='block_1_72' title="bbox 224 5252 1820 5327">
    <p class='ocr_par' dir='ltr' id='par_1_72' title="bbox 224 5252 1820 5327">
     <span class='ocr_line' id='line_1_72' title="bbox 224 5252 1820 5327; baseline 0.004 -22"><span class='ocrx_word' id='word_1_598' title='bbox 224 5252 509 5323; x_wconf 76' lang='grc' dir='ltr'>ἐξέλαμψε</span> <span class='ocrx_word' id='word_1_599' title='bbox 542 5253 787 5323; x_wconf 83' lang='grc' dir='ltr'>φύσεως,</span> <span class='ocrx_word' id='word_1_600' title='bbox 839 5255 916 5313; x_wconf 84' lang='grc' dir='ltr'>ὡς</span> <span class='ocrx_word' id='word_1_601' title='bbox 958 5257 1020 5309; x_wconf 80' lang='grc' dir='ltr'>ἐκ</span> <span class='ocrx_word' id='word_1_602' title='bbox 1053 5257 1230 5325; x_wconf 81' lang='grc' dir='ltr'>φωτὸς</span> <span class='ocrx_word' id='word_1_603' title='bbox 1269 5256 1608 5327; x_wconf 84' lang='grc' dir='ltr'>ἀπαύγασμα</span> <span class='ocrx_word' id='word_1_604' title='bbox 1630 5297 1643 5320; x_wconf 93' lang='grc'><strong>,</strong></span> <span class='ocrx_word' id='word_1_605' title='bbox 1679 5259 1820 5311; x_wconf 60' lang='grc' dir='ltr'>κατὰ</span> 
     </span>
    </p>
   </div>
   <div class='ocr_carea' id='block_1_73' title="bbox 222 5346 1819 5419">
    <p class='ocr_par' dir='ltr' id='par_1_73' title="bbox 222 5346 1819 5419">
     <span class='ocr_line' id='line_1_73' title="bbox 222 5346 1819 5419; baseline 0.001 -21"><span class='ocrx_word' id='word_1_606' title='bbox 222 5346 321 5413; x_wconf 75' lang='grc' dir='ltr'>τὸν</span> <span class='ocrx_word' id='word_1_607' title='bbox 347 5347 630 5416; x_wconf 79' lang='grc' dir='ltr'>ἀφραστόν</span> <span class='ocrx_word' id='word_1_608' title='bbox 653 5366 712 5401; x_wconf 87' lang='grc' dir='ltr'><strong>τε</strong></span> <span class='ocrx_word' id='word_1_609' title='bbox 744 5350 835 5402; x_wconf 75' lang='grc' dir='ltr'>καὶ</span> <span class='ocrx_word' id='word_1_610' title='bbox 857 5349 1190 5419; x_wconf 77' lang='grc' dir='ltr'>ἀνεξήγητον</span> <span class='ocrx_word' id='word_1_611' title='bbox 1218 5349 1315 5418; x_wconf 79' lang='grc' dir='ltr'>τῆς</span> <span class='ocrx_word' id='word_1_612' title='bbox 1346 5348 1494 5411; x_wconf 87' lang='grc' dir='ltr'>θείας</span> <span class='ocrx_word' id='word_1_613' title='bbox 1516 5349 1819 5417; x_wconf 77' lang='grc' dir='ltr'>γεννήσεως</span> 
     </span>
    </p>
   </div>
   <div class='ocr_carea' id='block_1_74' title="bbox 221 5438 1817 5511">
    <p class='ocr_par' dir='ltr' id='par_1_74' title="bbox 221 5438 1817 5511">
     <span class='ocr_line' id='line_1_74' title="bbox 221 5438 1817 5511; baseline 0.003 -23"><span class='ocrx_word' id='word_1_614' title='bbox 221 5438 473 5507; x_wconf 80' lang='grc' dir='ltr'>τρόπον’</span> <span class='ocrx_word' id='word_1_615' title='bbox 528 5439 557 5491; x_wconf 87' lang='grc' dir='ltr'><strong>ὂ</strong></span> <span class='ocrx_word' id='word_1_616' title='bbox 604 5440 668 5510; x_wconf 88' lang='grc' dir='ltr'>δὴ</span> <span class='ocrx_word' id='word_1_617' title='bbox 717 5441 811 5493; x_wconf 73' lang='grc' dir='ltr'>καὶ</span> <span class='ocrx_word' id='word_1_618' title='bbox 857 5440 1020 5503; x_wconf 82' lang='grc' dir='ltr'>αὐτὸς</span> <span class='ocrx_word' id='word_1_619' title='bbox 1071 5443 1203 5511; x_wconf 78' lang='grc' dir='ltr'>ἡμῖν</span> <span class='ocrx_word' id='word_1_620' title='bbox 1258 5441 1505 5510; x_wconf 83' lang='grc' dir='ltr'>διεσάφει</span> <span class='ocrx_word' id='word_1_621' title='bbox 1562 5440 1738 5507; x_wconf 83' lang='grc' dir='ltr'>λέγων</span> <span class='ocrx_word' id='word_1_622' title='bbox 1789 5441 1817 5493; x_wconf 88' lang='grc' dir='ltr'>ὁ</span> 
     </span>
    </p>
   </div>
   <div class='ocr_carea' id='block_1_75' title="bbox 222 5530 1817 5602">
    <p class='ocr_par' dir='ltr' id='par_1_75' title="bbox 222 5530 1817 5602">
     <span class='ocr_line' id='line_1_75' title="bbox 222 5530 1817 5602; baseline 0.001 -21"><span class='ocrx_word' id='word_1_623' title='bbox 222 5530 584 5600; x_wconf 76' lang='grc' dir='ltr'>Μονογενήςο</span> <span class='ocrx_word' id='word_1_624' title='bbox 641 5549 659 5583; x_wconf 79' lang='grc' dir='ltr'><strong>ι</strong></span> <span class='ocrx_word' id='word_1_625' title='bbox 710 5530 849 5599; x_wconf 87' lang='grc' dir='ltr'><strong>Ἐγὼ</strong></span> <span class='ocrx_word' id='word_1_626' title='bbox 901 5534 965 5585; x_wconf 83' lang='grc' dir='ltr'>ὲκ</span> <span class='ocrx_word' id='word_1_627' title='bbox 1008 5533 1102 5585; x_wconf 83' lang='grc' dir='ltr'><strong>τοῦ</strong></span> <span class='ocrx_word' id='word_1_628' title='bbox 1155 5531 1363 5602; x_wconf 83' lang='grc' dir='ltr'>Πατρὸς</span> <span class='ocrx_word' id='word_1_629' title='bbox 1411 5530 1666 5601; x_wconf 75' lang='grc' dir='ltr'>ἐξῆλθον.</span> <span class='ocrx_word' id='word_1_630' title='bbox 1725 5531 1817 5591; x_wconf 74' lang='grc' dir='ltr'><strong>καί</strong></span> 
     </span>
    </p>
   </div>
   <div class='ocr_carea' id='block_1_76' title="bbox 224 5620 1817 5695">
    <p class='ocr_par' dir='ltr' id='par_1_76' title="bbox 224 5620 1817 5695">
     <span class='ocr_line' id='line_1_76' title="bbox 224 5620 1817 5695; baseline 0.003 -24"><span class='ocrx_word' id='word_1_631' title='bbox 224 5620 368 5691; x_wconf 71' lang='grc' dir='ltr'>ἥκω.</span> <span class='ocrx_word' id='word_1_632' title='bbox 417 5640 435 5670; x_wconf 69' lang='grc' dir='ltr'><strong>ι</strong></span> <span class='ocrx_word' id='word_1_633' title='bbox 492 5620 807 5692; x_wconf 78' lang='grc' dir='ltr'>Ἐξελήλυθε</span> <span class='ocrx_word' id='word_1_634' title='bbox 855 5624 961 5695; x_wconf 80' lang='grc' dir='ltr'><strong>γὰρ</strong></span> <span class='ocrx_word' id='word_1_635' title='bbox 1012 5626 1076 5676; x_wconf 83' lang='grc' dir='ltr'>ὲκ</span> <span class='ocrx_word' id='word_1_636' title='bbox 1128 5623 1221 5677; x_wconf 87' lang='grc' dir='ltr'><strong>τοῦ</strong></span> <span class='ocrx_word' id='word_1_637' title='bbox 1282 5621 1493 5693; x_wconf 71' lang='grc' dir='ltr'>Πατρὸς</span> <span class='ocrx_word' id='word_1_638' title='bbox 1540 5624 1620 5686; x_wconf 73' lang='grc' dir='ltr'>εἰς</span> <span class='ocrx_word' id='word_1_639' title='bbox 1681 5621 1817 5677; x_wconf 77' lang='grc' dir='ltr'>ἰδίαν</span> 
     </span>
    </p>
   </div>
   <div class='ocr_carea' id='block_1_77' title="bbox 298 5793 1306 5868">
    <p class='ocr_par' dir='ltr' id='par_1_77' title="bbox 298 5793 1306 5868">
     <span class='ocr_line' id='line_1_77' title="bbox 298 5793 1306 5868; baseline 0.007 -20"><span class='ocrx_word' id='word_1_640' title='bbox 298 5794 347 5833; x_wconf 56' lang='lat'><strong>‘5</strong></span> <span class='ocrx_word' id='word_1_641' title='bbox 390 5793 547 5851; x_wconf 84' lang='lat' dir='ltr'><strong>Joan.</strong></span> <span class='ocrx_word' id='word_1_642' title='bbox 580 5814 630 5860; x_wconf 78' lang='grc' dir='ltr'>γ,</span> <span class='ocrx_word' id='word_1_643' title='bbox 659 5797 748 5853; x_wconf 84' lang='grc'><strong>50.</strong></span> <span class='ocrx_word' id='word_1_644' title='bbox 826 5799 869 5829; x_wconf 73' lang='grc'><strong>³⁷</strong></span> <span class='ocrx_word' id='word_1_645' title='bbox 897 5793 1181 5855; x_wconf 71' lang='lat' dir='ltr'><strong>loatt.&#39;XIv</strong></span> <span class='ocrx_word' id='word_1_646' title='bbox 1206 5840 1223 5868; x_wconf 89' lang='lat'><strong>,</strong></span> <span class='ocrx_word' id='word_1_647' title='bbox 1252 5799 1306 5856; x_wconf 87' lang='lat'><strong>9.</strong></span> 
     </span>
    </p>
   </div>
   <div class='ocr_carea' id='block_1_78' title="bbox 1922 2162 2123 2233">
    <p class='ocr_par' dir='ltr' id='par_1_78' title="bbox 1922 2162 2123 2233">
     <span class='ocr_line' id='line_1_78' title="bbox 1922 2162 2123 2233; baseline 0.02 -20"><span class='ocrx_word' id='word_1_648' title='bbox 1922 2162 2123 2233; x_wconf 67' lang='lat' dir='ltr'><strong>quitur.</strong></span> 
     </span>
    </p>
   </div>
   <div class='ocr_carea' id='block_1_79' title="bbox 1994 2252 3498 2329">
    <p class='ocr_par' dir='ltr' id='par_1_79' title="bbox 1994 2252 3498 2329">
     <span class='ocr_line' id='line_1_79' title="bbox 1994 2252 3498 2329; baseline 0.001 -22"><span class='ocrx_word' id='word_1_649' title='bbox 1994 2252 2183 2310; x_wconf 54' lang='lat' dir='ltr'><strong>Novit-</strong></span> <span class='ocrx_word' id='word_1_650' title='bbox 2200 2253 2393 2326; x_wconf 85' lang='lat' dir='ltr'><strong>itaque</strong></span> <span class='ocrx_word' id='word_1_651' title='bbox 2418 2255 2583 2313; x_wconf 84' lang='lat' dir='ltr'><strong>Pater</strong></span> <span class='ocrx_word' id='word_1_652' title='bbox 2615 2257 2675 2313; x_wconf 88' lang='lat' dir='ltr'><strong>in</strong></span> <span class='ocrx_word' id='word_1_653' title='bbox 2700 2256 2887 2329; x_wconf 85' lang='lat' dir='ltr'><strong>seipso</strong></span> <span class='ocrx_word' id='word_1_654' title='bbox 2913 2257 3220 2314; x_wconf 89' lang='lat' dir='ltr'><strong>secundum</strong></span> <span class='ocrx_word' id='word_1_655' title='bbox 3245 2265 3498 2311; x_wconf 85' lang='lat' dir='ltr'><strong>naturam</strong></span> 
     </span>
    </p>
   </div>
   <div class='ocr_carea' id='block_1_80' title="bbox 1923 2345 3497 2421">
    <p class='ocr_par' dir='ltr' id='par_1_80' title="bbox 1923 2345 3497 2421">
     <span class='ocr_line' id='line_1_80' title="bbox 1923 2345 3497 2421; baseline 0.003 -23"><span class='ocrx_word' id='word_1_656' title='bbox 1923 2345 2189 2413; x_wconf 77' lang='lat' dir='ltr'><strong>exsistere</strong></span> <span class='ocrx_word' id='word_1_657' title='bbox 2238 2346 2439 2401; x_wconf 86' lang='lat' dir='ltr'><strong>Filium</strong></span> <span class='ocrx_word' id='word_1_658' title='bbox 2482 2364 2678 2415; x_wconf 91' lang='lat' dir='ltr'><strong>suum;</strong></span> <span class='ocrx_word' id='word_1_659' title='bbox 2705 2350 2811 2405; x_wconf 91' lang='lat' dir='ltr'><strong>hoc</strong></span> <span class='ocrx_word' id='word_1_660' title='bbox 2852 2351 3034 2418; x_wconf 89' lang='lat' dir='ltr'><strong>enim,</strong></span> <span class='ocrx_word' id='word_1_661' title='bbox 3065 2350 3287 2421; x_wconf 88' lang='lat' dir='ltr'><strong>opinor,</strong></span> <span class='ocrx_word' id='word_1_662' title='bbox 3336 2348 3497 2411; x_wconf 90' lang='lat' dir='ltr'><strong>illud,</strong></span> 
     </span>
    </p>
   </div>
   <div class='ocr_carea' id='block_1_81' title="bbox 1929 2434 3499 2509">
    <p class='ocr_par' dir='ltr' id='par_1_81' title="bbox 1929 2434 3499 2509">
     <span class='ocr_line' id='line_1_81' title="bbox 1929 2434 3499 2509; baseline 0.004 -22"><span class='ocrx_word' id='word_1_663' title='bbox 1929 2454 1946 2487; x_wconf 74' lang='grc' dir='ltr'><strong>ι</strong></span> <span class='ocrx_word' id='word_1_664' title='bbox 1983 2434 2157 2491; x_wconf 88' lang='lat' dir='ltr'><strong>Unum</strong></span> <span class='ocrx_word' id='word_1_665' title='bbox 2186 2453 2402 2503; x_wconf 90' lang='lat' dir='ltr'><strong>sumus,</strong></span> <span class='ocrx_word' id='word_1_666' title='bbox 2436 2456 2454 2490; x_wconf 77' lang='grc' dir='ltr'><strong>ι</strong></span> <span class='ocrx_word' id='word_1_667' title='bbox 2486 2438 2806 2509; x_wconf 82' lang='lat' dir='ltr'><strong>signiﬁcare</strong></span> <span class='ocrx_word' id='word_1_668' title='bbox 2834 2438 3036 2495; x_wconf 88' lang='lat' dir='ltr'><strong>Filium</strong></span> <span class='ocrx_word' id='word_1_669' title='bbox 3071 2456 3217 2506; x_wconf 89' lang='lat' dir='ltr'><strong>esse,</strong></span> <span class='ocrx_word' id='word_1_670' title='bbox 3251 2454 3362 2494; x_wconf 90' lang='lat' dir='ltr'><strong>non</strong></span> <span class='ocrx_word' id='word_1_671' title='bbox 3401 2455 3499 2493; x_wconf 89' lang='lat' dir='ltr'><strong>au-</strong></span> 
     </span>
    </p>
   </div>
   <div class='ocr_carea' id='block_1_82' title="bbox 1924 2522 3497 2600">
    <p class='ocr_par' dir='ltr' id='par_1_82' title="bbox 1924 2522 3497 2600">
     <span class='ocr_line' id='line_1_82' title="bbox 1924 2522 3497 2600; baseline 0.001 -20"><span class='ocrx_word' id='word_1_672' title='bbox 1924 2534 2032 2581; x_wconf 87' lang='lat' dir='ltr'><strong>tem</strong></span> <span class='ocrx_word' id='word_1_673' title='bbox 2060 2522 2399 2596; x_wconf 73' lang='lat' dir='ltr'><strong>creatui&#39;am,</strong></span> <span class='ocrx_word' id='word_1_674' title='bbox 2434 2529 2713 2599; x_wconf 86' lang='lat' dir='ltr'><strong>agnoscit.</strong></span> <span class='ocrx_word' id='word_1_675' title='bbox 2756 2528 2956 2585; x_wconf 89' lang='lat' dir='ltr'><strong>Filium</strong></span> <span class='ocrx_word' id='word_1_676' title='bbox 2992 2539 3174 2585; x_wconf 88' lang='lat' dir='ltr'><strong>autem</strong></span> <span class='ocrx_word' id='word_1_677' title='bbox 3211 2530 3356 2594; x_wconf 89' lang='lat' dir='ltr'><strong>dico,</strong></span> <span class='ocrx_word' id='word_1_678' title='bbox 3403 2531 3497 2600; x_wconf 90' lang='lat' dir='ltr'><strong>qui</strong></span> 
     </span>
    </p>
   </div>
   <div class='ocr_carea' id='block_1_83' title="bbox 1922 2617 3501 2687">
    <p class='ocr_par' dir='ltr' id='par_1_83' title="bbox 1922 2617 3501 2687">
     <span class='ocr_line' id='line_1_83' title="bbox 1922 2617 3501 2687; baseline 0.001 -16"><span class='ocrx_word' id='word_1_679' title='bbox 1922 2634 1988 2671; x_wconf 83' lang='lat' dir='ltr'><strong>ex</strong></span> <span class='ocrx_word' id='word_1_680' title='bbox 2028 2617 2149 2687; x_wconf 84' lang='lat' dir='ltr'><strong>ejus</strong></span> <span class='ocrx_word' id='word_1_681' title='bbox 2180 2629 2265 2674; x_wconf 88' lang='lat' dir='ltr'><strong>est</strong></span> <span class='ocrx_word' id='word_1_682' title='bbox 2291 2619 2629 2687; x_wconf 75' lang='lat' dir='ltr'><strong>substantia,</strong></span> <span class='ocrx_word' id='word_1_683' title='bbox 2651 2635 2759 2675; x_wconf 92' lang='lat' dir='ltr'><strong>non</strong></span> <span class='ocrx_word' id='word_1_684' title='bbox 2792 2621 2942 2675; x_wconf 89' lang='lat' dir='ltr'><strong>nudo</strong></span> <span class='ocrx_word' id='word_1_685' title='bbox 2967 2620 3249 2674; x_wconf 82' lang='lat' dir='ltr'><strong>ﬁliationis</strong></span> <span class='ocrx_word' id='word_1_686' title='bbox 3281 2619 3501 2674; x_wconf 90' lang='lat' dir='ltr'><strong>nomine</strong></span> 
     </span>
    </p>
   </div>
   <div class='ocr_carea' id='block_1_84' title="bbox 1921 2705 3499 2779">
    <p class='ocr_par' dir='ltr' id='par_1_84' title="bbox 1921 2705 3499 2779">
     <span class='ocr_line' id='line_1_84' title="bbox 1921 2705 3499 2779; baseline 0.001 -20"><span class='ocrx_word' id='word_1_687' title='bbox 1921 2717 2172 2763; x_wconf 80' lang='lat' dir='ltr'><strong>ornatus.</strong></span> <span class='ocrx_word' id='word_1_688' title='bbox 2213 2705 2351 2763; x_wconf 66' lang='lat' dir='ltr'><strong>Scit,</strong></span> <span class='ocrx_word' id='word_1_689' title='bbox 2376 2723 2503 2763; x_wconf 84' lang='lat' dir='ltr'><strong>esse</strong></span> <span class='ocrx_word' id='word_1_690' title='bbox 2520 2724 2648 2764; x_wconf 65' lang='lat' dir='ltr'><strong>suae</strong></span> <span class='ocrx_word' id='word_1_691' title='bbox 2684 2709 3044 2779; x_wconf 86' lang='lat' dir='ltr'><strong>proprietatis</strong></span> <span class='ocrx_word' id='word_1_692' title='bbox 3080 2709 3371 2778; x_wconf 81' lang='lat' dir='ltr'><strong>imaginem</strong></span> <span class='ocrx_word' id='word_1_693' title='bbox 3404 2723 3499 2779; x_wconf 90' lang='lat' dir='ltr'><strong>per</strong></span> 
     </span>
    </p>
   </div>
   <div class='ocr_carea' id='block_1_85' title="bbox 1922 2798 3497 2870">
    <p class='ocr_par' dir='ltr' id='par_1_85' title="bbox 1922 2798 3497 2870">
     <span class='ocr_line' id='line_1_85' title="bbox 1922 2798 3497 2870; baseline 0.001 -18"><span class='ocrx_word' id='word_1_694' title='bbox 1922 2798 2106 2861; x_wconf 78' lang='lat' dir='ltr'><strong>omnia</strong></span> <span class='ocrx_word' id='word_1_695' title='bbox 2140 2800 2399 2865; x_wconf 89' lang='lat' dir='ltr'><strong>similem,</strong></span> <span class='ocrx_word' id='word_1_696' title='bbox 2434 2799 2511 2855; x_wconf 81' lang='lat' dir='ltr'><strong>ita</strong></span> <span class='ocrx_word' id='word_1_697' title='bbox 2542 2807 2601 2856; x_wconf 86' lang='lat' dir='ltr'><strong>ut</strong></span> <span class='ocrx_word' id='word_1_698' title='bbox 2630 2799 2878 2870; x_wconf 73' lang='lat' dir='ltr'><strong>perfecte</strong></span> <span class='ocrx_word' id='word_1_699' title='bbox 2905 2799 3127 2870; x_wconf 89' lang='lat' dir='ltr'><strong>quidem</strong></span> <span class='ocrx_word' id='word_1_700' title='bbox 3161 2799 3497 2854; x_wconf 86' lang='lat' dir='ltr'><strong>cernaturin</strong></span> 
     </span>
    </p>
   </div>
   <div class='ocr_carea' id='block_1_86' title="bbox 1924 2888 3497 2961">
    <p class='ocr_par' dir='ltr' id='par_1_86' title="bbox 1924 2888 3497 2961">
     <span class='ocr_line' id='line_1_86' title="bbox 1924 2888 3497 2961; baseline 0.003 -21"><span class='ocrx_word' id='word_1_701' title='bbox 1924 2888 2063 2957; x_wconf 84' lang='lat' dir='ltr'><strong>ipso,</strong></span> <span class='ocrx_word' id='word_1_702' title='bbox 2106 2890 2223 2958; x_wconf 88' lang='lat' dir='ltr'><strong>ipse</strong></span> <span class='ocrx_word' id='word_1_703' title='bbox 2274 2904 2404 2947; x_wconf 76' lang='lat' dir='ltr'><strong>vero</strong></span> <span class='ocrx_word' id='word_1_704' title='bbox 2443 2890 2507 2945; x_wconf 87' lang='lat' dir='ltr'><strong>in</strong></span> <span class='ocrx_word' id='word_1_705' title='bbox 2550 2890 3045 2961; x_wconf 82' lang='lat' dir='ltr'><strong>seipso..depingat</strong></span> <span class='ocrx_word' id='word_1_706' title='bbox 3095 2905 3220 2945; x_wconf 90' lang='lat' dir='ltr'><strong>eum</strong></span> <span class='ocrx_word' id='word_1_707' title='bbox 3278 2890 3372 2961; x_wconf 92' lang='lat' dir='ltr'><strong>qui</strong></span> <span class='ocrx_word' id='word_1_708' title='bbox 3429 2904 3497 2944; x_wconf 71' lang='lat' dir='ltr'><strong>ex</strong></span> 
     </span>
    </p>
   </div>
   <div class='ocr_carea' id='block_1_87' title="bbox 1923 2978 3497 3047">
    <p class='ocr_par' dir='ltr' id='par_1_87' title="bbox 1923 2978 3497 3047">
     <span class='ocr_line' id='line_1_87' title="bbox 1923 2978 3497 3047; baseline 0 -12"><span class='ocrx_word' id='word_1_709' title='bbox 1923 2978 2415 3047; x_wconf 19' lang='lat' dir='ltr'><strong>ipsoisecuudum.</strong></span> <span class='ocrx_word' id='word_1_710' title='bbox 2451 2989 2706 3038; x_wconf 86' lang='lat' dir='ltr'><strong>naturam</strong></span> <span class='ocrx_word' id='word_1_711' title='bbox 2760 2979 3111 3035; x_wconf 74' lang='lat' dir='ltr'><strong>ineﬂabiliter</strong></span> <span class='ocrx_word' id='word_1_712' title='bbox 3160 2980 3389 3044; x_wconf 69' lang='lat' dir='ltr'><strong>etlulsit,</strong></span> <span class='ocrx_word' id='word_1_713' title='bbox 3443 2989 3497 3037; x_wconf 89' lang='lat' dir='ltr'><strong>et</strong></span> 
     </span>
    </p>
   </div>
   <div class='ocr_carea' id='block_1_88' title="bbox 1924 3070 3495 3141">
    <p class='ocr_par' dir='ltr' id='par_1_88' title="bbox 1924 3070 3495 3141">
     <span class='ocr_line' id='line_1_88' title="bbox 1924 3070 3495 3141; baseline 0.003 -19"><span class='ocrx_word' id='word_1_714' title='bbox 1924 3070 2144 3130; x_wconf 57' lang='lat' dir='ltr'><strong>habeat».</strong></span> <span class='ocrx_word' id='word_1_715' title='bbox 2172 3072 2396 3141; x_wconf 89' lang='lat' dir='ltr'><strong>quidem</strong></span> <span class='ocrx_word' id='word_1_716' title='bbox 2428 3071 2716 3141; x_wconf 54' lang='lat' dir='ltr'><strong>inaseipso</strong></span> <span class='ocrx_word' id='word_1_717' title='bbox 2738 3120 2741 3123; x_wconf 86' lang='lat'><strong>.</strong></span> <span class='ocrx_word' id='word_1_718' title='bbox 2763 3070 2986 3135; x_wconf 77' lang='lat' dir='ltr'><strong>Filium,</strong></span> <span class='ocrx_word' id='word_1_719' title='bbox 3030 3071 3214 3140; x_wconf 86' lang='lat' dir='ltr'><strong>sitque</strong></span> <span class='ocrx_word' id='word_1_720' title='bbox 3254 3071 3495 3127; x_wconf 82' lang='lat' dir='ltr'><strong>vicissim</strong></span> 
     </span>
    </p>
   </div>
   <div class='ocr_carea' id='block_1_89' title="bbox 1924 3158 3496 3230">
    <p class='ocr_par' dir='ltr' id='par_1_89' title="bbox 1924 3158 3496 3230">
     <span class='ocr_line' id='line_1_89' title="bbox 1924 3158 3496 3230; baseline 0.003 -18"><span class='ocrx_word' id='word_1_721' title='bbox 1924 3158 1978 3212; x_wconf 91' lang='lat' dir='ltr'><strong>in</strong></span> <span class='ocrx_word' id='word_1_722' title='bbox 2015 3158 2178 3225; x_wconf 87' lang='lat' dir='ltr'><strong>Filio,</strong></span> <span class='ocrx_word' id='word_1_723' title='bbox 2217 3171 2444 3230; x_wconf 86' lang='lat' dir='ltr'><strong>propter</strong></span> <span class='ocrx_word' id='word_1_724' title='bbox 2486 3160 2834 3217; x_wconf 83' lang='lat' dir='ltr'><strong>identitatem</strong></span> <span class='ocrx_word' id='word_1_725' title='bbox 2880 3161 3227 3216; x_wconf 70' lang='lat' dir='ltr'><strong>substantiae.</strong></span> <span class='ocrx_word' id='word_1_726' title='bbox 3276 3160 3402 3217; x_wconf 69' lang='lat' dir='ltr'><strong>Haec</strong></span> <span class='ocrx_word' id='word_1_727' title='bbox 3450 3164 3496 3219; x_wconf 92' lang='lat' dir='ltr'><strong>si</strong></span> 
     </span>
    </p>
   </div>
   <div class='ocr_carea' id='block_1_90' title="bbox 1922 3250 3494 3326">
    <p class='ocr_par' dir='ltr' id='par_1_90' title="bbox 1922 3250 3494 3326">
     <span class='ocr_line' id='line_1_90' title="bbox 1922 3250 3494 3326; baseline 0.003 -21"><span class='ocrx_word' id='word_1_728' title='bbox 1922 3250 2156 3314; x_wconf 82' lang='lat' dir='ltr'><strong>sentias,</strong></span> <span class='ocrx_word' id='word_1_729' title='bbox 2197 3252 2507 3317; x_wconf 68' lang='lat' dir='ltr'><strong>hazretice,</strong></span> <span class='ocrx_word' id='word_1_730' title='bbox 2544 3261 2601 3307; x_wconf 92' lang='lat' dir='ltr'><strong>et</strong></span> <span class='ocrx_word' id='word_1_731' title='bbox 2640 3253 2878 3322; x_wconf 89' lang='lat' dir='ltr'><strong>teipsum</strong></span> <span class='ocrx_word' id='word_1_732' title='bbox 2908 3254 3494 3326; x_wconf 69' lang='lat' dir='ltr'><strong>morbogravissimo,</strong></span> 
     </span>
    </p>
   </div>
   <div class='ocr_carea' id='block_1_91' title="bbox 1922 3342 3496 3412">
    <p class='ocr_par' dir='ltr' id='par_1_91' title="bbox 1922 3342 3496 3412">
     <span class='ocr_line' id='line_1_91' title="bbox 1922 3342 3496 3412; baseline 0.003 -19"><span class='ocrx_word' id='word_1_733' title='bbox 1922 3348 1976 3394; x_wconf 91' lang='lat' dir='ltr'><strong>et</strong></span> <span class='ocrx_word' id='word_1_734' title='bbox 2034 3356 2137 3397; x_wconf 88' lang='lat' dir='ltr'><strong>nos</strong></span> <span class='ocrx_word' id='word_1_735' title='bbox 2194 3342 2517 3410; x_wconf 85' lang='lat' dir='ltr'><strong>disputandi</strong></span> <span class='ocrx_word' id='word_1_736' title='bbox 2568 3344 2815 3398; x_wconf 86' lang='lat' dir='ltr'><strong>molestia</strong></span> <span class='ocrx_word' id='word_1_737' title='bbox 2872 3344 3216 3402; x_wconf 87' lang='lat' dir='ltr'><strong>liberaveris.</strong></span> <span class='ocrx_word' id='word_1_738' title='bbox 3257 3364 3287 3397; x_wconf 78' lang='grc' dir='ltr'><strong>ι</strong></span> <span class='ocrx_word' id='word_1_739' title='bbox 3323 3345 3496 3412; x_wconf 88' lang='lat' dir='ltr'><strong>Quem</strong></span> 
     </span>
    </p>
   </div>
   <div class='ocr_carea' id='block_1_92' title="bbox 1926 3431 3499 3504">
    <p class='ocr_par' dir='ltr' id='par_1_92' title="bbox 1926 3431 3499 3504">
     <span class='ocr_line' id='line_1_92' title="bbox 1926 3431 3499 3504; baseline 0.003 -20"><span class='ocrx_word' id='word_1_740' title='bbox 1926 3431 2073 3484; x_wconf 91' lang='lat' dir='ltr'><strong>enim</strong></span> <span class='ocrx_word' id='word_1_741' title='bbox 2107 3431 2260 3491; x_wconf 89' lang='lat' dir='ltr'><strong>misit</strong></span> <span class='ocrx_word' id='word_1_742' title='bbox 2290 3431 2463 3497; x_wconf 91' lang='lat' dir='ltr'><strong>Deus,</strong></span> <span class='ocrx_word' id='word_1_743' title='bbox 2496 3431 2785 3495; x_wconf 63' lang='grc' dir='ltr'>τιθείη,ῡεί</span> <span class='ocrx_word' id='word_1_744' title='bbox 2816 3433 3079 3504; x_wconf 84' lang='lat' dir='ltr'><strong>loquitur.</strong></span> <span class='ocrx_word' id='word_1_745' title='bbox 3117 3434 3222 3488; x_wconf 78' lang='grc' dir='ltr'>ι.δὶ</span> <span class='ocrx_word' id='word_1_746' title='bbox 3264 3434 3499 3504; x_wconf 70' lang='grc' dir='ltr'>ιιιρῙιιεει</span> 
     </span>
    </p>
   </div>
   <div class='ocr_carea' id='block_1_93' title="bbox 1926 3519 3498 3593">
    <p class='ocr_par' dir='ltr' id='par_1_93' title="bbox 1926 3519 3498 3593">
     <span class='ocr_line' id='line_1_93' title="bbox 1926 3519 3498 3593; baseline 0.004 -20"><span class='ocrx_word' id='word_1_747' title='bbox 1926 3519 2137 3584; x_wconf 78' lang='lat' dir='ltr'><strong>dictum</strong></span> <span class='ocrx_word' id='word_1_748' title='bbox 2174 3520 2309 3583; x_wconf 82' lang='lat' dir='ltr'><strong>illud</strong></span> <span class='ocrx_word' id='word_1_749' title='bbox 2360 3522 2686 3591; x_wconf 77' lang='lat' dir='ltr'><strong>accipiatur,</strong></span> <span class='ocrx_word' id='word_1_750' title='bbox 2741 3524 2874 3593; x_wconf 81' lang='lat' dir='ltr'><strong>quid</strong></span> <span class='ocrx_word' id='word_1_751' title='bbox 2931 3526 3115 3593; x_wconf 84' lang='lat' dir='ltr'><strong>magni</strong></span> <span class='ocrx_word' id='word_1_752' title='bbox 3173 3525 3391 3580; x_wconf 91' lang='lat' dir='ltr'><strong>demum</strong></span> <span class='ocrx_word' id='word_1_753' title='bbox 3444 3536 3498 3581; x_wconf 91' lang='lat' dir='ltr'><strong>et</strong></span> 
     </span>
    </p>
   </div>
   <div class='ocr_carea' id='block_1_94' title="bbox 1925 3608 3497 3671">
    <p class='ocr_par' dir='ltr' id='par_1_94' title="bbox 1925 3608 3497 3671">
     <span class='ocr_line' id='line_1_94' title="bbox 1925 3608 3497 3671; baseline 0.004 -8"><span class='ocrx_word' id='word_1_754' title='bbox 1925 3608 2408 3671; x_wconf 78' lang='lat' dir='ltr'><strong>admirabilis.th</strong></span> <span class='ocrx_word' id='word_1_755' title='bbox 2445 3612 2501 3665; x_wconf 89' lang='lat' dir='ltr'><strong>in</strong></span> <span class='ocrx_word' id='word_1_756' title='bbox 2544 3611 2720 3669; x_wconf 74' lang='lat' dir='ltr'><strong>Filio?</strong></span> <span class='ocrx_word' id='word_1_757' title='bbox 2751 3614 2833 3667; x_wconf 83' lang='lat' dir='ltr'><strong>An</strong></span> <span class='ocrx_word' id='word_1_758' title='bbox 2861 3628 2970 3667; x_wconf 90' lang='lat' dir='ltr'><strong>non</strong></span> <span class='ocrx_word' id='word_1_759' title='bbox 2996 3616 3141 3669; x_wconf 88' lang='lat' dir='ltr'><strong>enim</strong></span> <span class='ocrx_word' id='word_1_760' title='bbox 3174 3624 3497 3670; x_wconf 88' lang='lat' dir='ltr'><strong>sanctorum</strong></span> 
     </span>
    </p>
   </div>
   <div class='ocr_carea' id='block_1_95' title="bbox 1924 3702 3500 3778">
    <p class='ocr_par' dir='ltr' id='par_1_95' title="bbox 1924 3702 3500 3778">
     <span class='ocr_line' id='line_1_95' title="bbox 1924 3702 3500 3778; baseline 0.006 -24"><span class='ocrx_word' id='word_1_761' title='bbox 1924 3702 2316 3771; x_wconf 70' lang='lat' dir='ltr'><strong>prpphetarum</strong></span> <span class='ocrx_word' id='word_1_762' title='bbox 2340 3703 2576 3772; x_wconf 87' lang='lat' dir='ltr'><strong>quilibet</strong></span> <span class='ocrx_word' id='word_1_763' title='bbox 2601 3705 2767 3759; x_wconf 85' lang='lat' dir='ltr'><strong>etiam</strong></span> <span class='ocrx_word' id='word_1_764' title='bbox 2801 3705 3005 3762; x_wconf 90' lang='lat' dir='ltr'><strong>missus</strong></span> <span class='ocrx_word' id='word_1_765' title='bbox 3033 3712 3119 3761; x_wconf 89' lang='lat' dir='ltr'><strong>est</strong></span> <span class='ocrx_word' id='word_1_766' title='bbox 3143 3722 3175 3760; x_wconf 90' lang='lat' dir='ltr'><strong>a</strong></span> <span class='ocrx_word' id='word_1_767' title='bbox 3194 3705 3330 3774; x_wconf 84' lang='lat' dir='ltr'><strong>Deo,</strong></span> <span class='ocrx_word' id='word_1_768' title='bbox 3355 3707 3500 3778; x_wconf 81' lang='lat' dir='ltr'><strong>ejus-</strong></span> 
     </span>
    </p>
   </div>
   <div class='ocr_carea' id='block_1_96' title="bbox 1925 3795 3500 3863">
    <p class='ocr_par' dir='ltr' id='par_1_96' title="bbox 1925 3795 3500 3863">
     <span class='ocr_line' id='line_1_96' title="bbox 1925 3795 3500 3863; baseline 0.006 -17"><span class='ocrx_word' id='word_1_769' title='bbox 1925 3809 2035 3863; x_wconf 83' lang='lat' dir='ltr'><strong>que</strong></span> <span class='ocrx_word' id='word_1_770' title='bbox 2071 3795 2246 3856; x_wconf 75' lang='lat' dir='ltr'><strong>verba,</strong></span> <span class='ocrx_word' id='word_1_771' title='bbox 2274 3795 2571 3855; x_wconf 78' lang='lat' dir='ltr'><strong>manifesta</strong></span> <span class='ocrx_word' id='word_1_772' title='bbox 2618 3797 2786 3851; x_wconf 82' lang='lat' dir='ltr'><strong>fecit?</strong></span> <span class='ocrx_word' id='word_1_773' title='bbox 2840 3797 2905 3852; x_wconf 86' lang='lat' dir='ltr'><strong>Et</strong></span> <span class='ocrx_word' id='word_1_774' title='bbox 2958 3807 3115 3854; x_wconf 84' lang='lat' dir='ltr'><strong>certe</strong></span> <span class='ocrx_word' id='word_1_775' title='bbox 3154 3800 3359 3855; x_wconf 86' lang='lat' dir='ltr'><strong>alicubi</strong></span> <span class='ocrx_word' id='word_1_776' title='bbox 3411 3800 3500 3855; x_wconf 84' lang='lat' dir='ltr'><strong>di-</strong></span> 
     </span>
    </p>
   </div>
   <div class='ocr_carea' id='block_1_97' title="bbox 1926 3886 3502 3961">
    <p class='ocr_par' dir='ltr' id='par_1_97' title="bbox 1926 3886 3502 3961">
     <span class='ocr_line' id='line_1_97' title="bbox 1926 3886 3502 3961; baseline 0.004 -23"><span class='ocrx_word' id='word_1_777' title='bbox 1926 3894 2076 3944; x_wconf 86' lang='lat' dir='ltr'><strong>ettun</strong></span> <span class='ocrx_word' id='word_1_778' title='bbox 2120 3888 2311 3949; x_wconf 74' lang='lat' dir='ltr'><strong>estad</strong></span> <span class='ocrx_word' id='word_1_779' title='bbox 2352 3886 2579 3959; x_wconf 68' lang='lat' dir='ltr'><strong>Moysen</strong></span> <span class='ocrx_word' id='word_1_780' title='bbox 2613 3904 2901 3945; x_wconf 88' lang='lat' dir='ltr'><strong>sacrorum</strong></span> <span class='ocrx_word' id='word_1_781' title='bbox 2951 3891 3305 3961; x_wconf 86' lang='lat' dir='ltr'><strong>interpretem</strong></span> <span class='ocrx_word' id='word_1_782' title='bbox 3340 3904 3355 3942; x_wconf 87' lang='lat'><strong>:</strong></span> <span class='ocrx_word' id='word_1_783' title='bbox 3388 3890 3502 3944; x_wconf 44' lang='grc' dir='ltr'>ιλΕι</span> 
     </span>
    </p>
   </div>
   <div class='ocr_carea' id='block_1_98' title="bbox 1929 3979 3500 4052">
    <p class='ocr_par' dir='ltr' id='par_1_98' title="bbox 1929 3979 3500 4052">
     <span class='ocr_line' id='line_1_98' title="bbox 1929 3979 3500 4052; baseline 0.004 -20"><span class='ocrx_word' id='word_1_784' title='bbox 1929 3993 2075 4033; x_wconf 89' lang='lat' dir='ltr'><strong>nunc</strong></span> <span class='ocrx_word' id='word_1_785' title='bbox 2108 3979 2399 4035; x_wconf 74' lang='lat' dir='ltr'><strong>mittamte</strong></span> <span class='ocrx_word' id='word_1_786' title='bbox 2425 3980 2483 4034; x_wconf 89' lang='lat' dir='ltr'><strong>in</strong></span> <span class='ocrx_word' id='word_1_787' title='bbox 2517 3979 2845 4052; x_wconf 63' lang='lat' dir='ltr'><strong>Egyptum,</strong></span> <span class='ocrx_word' id='word_1_788' title='bbox 2880 3988 2936 4037; x_wconf 80' lang='lat' dir='ltr'><strong>et</strong></span> <span class='ocrx_word' id='word_1_789' title='bbox 2961 3982 3112 4037; x_wconf 85' lang='lat' dir='ltr'><strong>dices</strong></span> <span class='ocrx_word' id='word_1_790' title='bbox 3150 3982 3217 4038; x_wconf 86' lang='lat' dir='ltr'><strong>ad</strong></span> <span class='ocrx_word' id='word_1_791' title='bbox 3252 3981 3500 4039; x_wconf 77' lang='lat' dir='ltr'><strong>Pharao—</strong></span> 
     </span>
    </p>
   </div>
   <div class='ocr_carea' id='block_1_99' title="bbox 1927 4070 3498 4130">
    <p class='ocr_par' dir='ltr' id='par_1_99' title="bbox 1927 4070 3498 4130">
     <span class='ocr_line' id='line_1_99' title="bbox 1927 4070 3498 4130; baseline 0.002 -7"><span class='ocrx_word' id='word_1_792' title='bbox 1927 4084 2049 4125; x_wconf 92' lang='lat' dir='ltr'><strong>nem</strong></span> <span class='ocrx_word' id='word_1_793' title='bbox 2079 4087 2092 4123; x_wconf 90' lang='lat'><strong>:</strong></span> <span class='ocrx_word' id='word_1_794' title='bbox 2123 4070 2253 4125; x_wconf 69' lang='lat' dir='ltr'><strong>Ilmc</strong></span> <span class='ocrx_word' id='word_1_795' title='bbox 2276 4071 2409 4127; x_wconf 86' lang='lat' dir='ltr'><strong>dicit</strong></span> <span class='ocrx_word' id='word_1_796' title='bbox 2434 4071 2792 4127; x_wconf 81' lang='lat' dir='ltr'><strong>Dominus&quot;.</strong></span> <span class='ocrx_word' id='word_1_797' title='bbox 2830 4091 2858 4123; x_wconf 75' lang='grc' dir='ltr'><strong>ι.</strong></span> <span class='ocrx_word' id='word_1_798' title='bbox 2878 4072 2968 4130; x_wconf 81' lang='lat' dir='ltr'><strong>Ad</strong></span> <span class='ocrx_word' id='word_1_799' title='bbox 2996 4071 3498 4128; x_wconf 76' lang='lat' dir='ltr'><strong>Jeremiamautem</strong></span> 
     </span>
    </p>
   </div>
   <div class='ocr_carea' id='block_1_100' title="bbox 1925 4161 3495 4235">
    <p class='ocr_par' dir='ltr' id='par_1_100' title="bbox 1925 4161 3495 4235">
     <span class='ocr_line' id='line_1_100' title="bbox 1925 4161 3495 4235; baseline 0.002 -19"><span class='ocrx_word' id='word_1_800' title='bbox 1925 4161 2337 4221; x_wconf 83' lang='lat' dir='ltr'><strong>sanctissimum</strong></span> <span class='ocrx_word' id='word_1_801' title='bbox 2365 4178 2377 4211; x_wconf 91' lang='lat'><strong>:</strong></span> <span class='ocrx_word' id='word_1_802' title='bbox 2405 4180 2423 4213; x_wconf 77' lang='grc' dir='ltr'><strong>ι</strong></span> <span class='ocrx_word' id='word_1_803' title='bbox 2449 4162 2790 4222; x_wconf 69' lang='lat' dir='ltr'><strong>.Nolidicere</strong></span> <span class='ocrx_word' id='word_1_804' title='bbox 2834 4164 2973 4230; x_wconf 85' lang='lat' dir='ltr'><strong>Quia</strong></span> <span class='ocrx_word' id='word_1_805' title='bbox 3005 4165 3194 4234; x_wconf 66' lang='lat' dir='ltr'><strong>iunior</strong></span> <span class='ocrx_word' id='word_1_806' title='bbox 3213 4180 3321 4235; x_wconf 84' lang='lat' dir='ltr'><strong>ego</strong></span> <span class='ocrx_word' id='word_1_807' title='bbox 3351 4180 3495 4228; x_wconf 90' lang='lat' dir='ltr'><strong>sum,</strong></span> 
     </span>
    </p>
   </div>
   <div class='ocr_carea' id='block_1_101' title="bbox 1926 4253 3498 4325">
    <p class='ocr_par' dir='ltr' id='par_1_101' title="bbox 1926 4253 3498 4325">
     <span class='ocr_line' id='line_1_101' title="bbox 1926 4253 3498 4325; baseline 0.001 -18"><span class='ocrx_word' id='word_1_808' title='bbox 1926 4253 2056 4323; x_wconf 89' lang='lat' dir='ltr'><strong>quia</strong></span> <span class='ocrx_word' id='word_1_809' title='bbox 2084 4254 2152 4313; x_wconf 86' lang='lat' dir='ltr'><strong>ad</strong></span> <span class='ocrx_word' id='word_1_810' title='bbox 2186 4269 2378 4311; x_wconf 88' lang='lat' dir='ltr'><strong>omnes</strong></span> <span class='ocrx_word' id='word_1_811' title='bbox 2426 4254 2495 4308; x_wconf 92' lang='lat' dir='ltr'><strong>ad</strong></span> <span class='ocrx_word' id='word_1_812' title='bbox 2547 4271 2687 4325; x_wconf 83' lang='lat' dir='ltr'><strong>quos</strong></span> <span class='ocrx_word' id='word_1_813' title='bbox 2733 4254 2942 4311; x_wconf 88' lang='lat' dir='ltr'><strong>misero</strong></span> <span class='ocrx_word' id='word_1_814' title='bbox 2981 4264 3055 4321; x_wconf 83' lang='lat' dir='ltr'><strong>te,</strong></span> <span class='ocrx_word' id='word_1_815' title='bbox 3086 4256 3219 4321; x_wconf 80' lang='lat' dir='ltr'><strong>ibis,</strong></span> <span class='ocrx_word' id='word_1_816' title='bbox 3241 4264 3298 4311; x_wconf 91' lang='lat' dir='ltr'><strong>et</strong></span> <span class='ocrx_word' id='word_1_817' title='bbox 3342 4255 3498 4325; x_wconf 86' lang='lat' dir='ltr'><strong>juxta</strong></span> 
     </span>
    </p>
   </div>
   <div class='ocr_carea' id='block_1_102' title="bbox 1924 4345 3496 4419">
    <p class='ocr_par' dir='ltr' id='par_1_102' title="bbox 1924 4345 3496 4419">
     <span class='ocr_line' id='line_1_102' title="bbox 1924 4345 3496 4419; baseline -0.001 -20"><span class='ocrx_word' id='word_1_818' title='bbox 1924 4345 2110 4399; x_wconf 89' lang='lat' dir='ltr'><strong>omnia</strong></span> <span class='ocrx_word' id='word_1_819' title='bbox 2148 4361 2499 4416; x_wconf 68' lang='lat' dir='ltr'><strong>quaecunque</strong></span> <span class='ocrx_word' id='word_1_820' title='bbox 2555 4348 2889 4400; x_wconf 86' lang='lat' dir='ltr'><strong>mandavero</strong></span> <span class='ocrx_word' id='word_1_821' title='bbox 2934 4347 3069 4409; x_wconf 90' lang='lat' dir='ltr'><strong>tibi,</strong></span> <span class='ocrx_word' id='word_1_822' title='bbox 3111 4346 3442 4419; x_wconf 81' lang='lat' dir='ltr'><strong>loqueris&quot;.</strong></span> <span class='ocrx_word' id='word_1_823' title='bbox 3478 4366 3496 4397; x_wconf 75' lang='grc' dir='ltr'><strong>ι</strong></span> 
     </span>
    </p>
   </div>
   <div class='ocr_carea' id='block_1_103' title="bbox 1924 4434 3497 4509">
    <p class='ocr_par' dir='ltr' id='par_1_103' title="bbox 1924 4434 3497 4509">
     <span class='ocr_line' id='line_1_103' title="bbox 1924 4434 3497 4509; baseline 0 -21"><span class='ocrx_word' id='word_1_824' title='bbox 1924 4434 2068 4501; x_wconf 83' lang='lat' dir='ltr'><strong>Quid</strong></span> <span class='ocrx_word' id='word_1_825' title='bbox 2097 4451 2229 4506; x_wconf 86' lang='lat' dir='ltr'><strong>ergo</strong></span> <span class='ocrx_word' id='word_1_826' title='bbox 2257 4436 2381 4503; x_wconf 81' lang='lat' dir='ltr'><strong>plus</strong></span> <span class='ocrx_word' id='word_1_827' title='bbox 2417 4446 2501 4492; x_wconf 84' lang='lat' dir='ltr'><strong>est</strong></span> <span class='ocrx_word' id='word_1_828' title='bbox 2533 4436 2588 4491; x_wconf 93' lang='lat' dir='ltr'><strong>in</strong></span> <span class='ocrx_word' id='word_1_829' title='bbox 2620 4436 2762 4491; x_wconf 85' lang='lat' dir='ltr'><strong>Filio</strong></span> <span class='ocrx_word' id='word_1_830' title='bbox 2789 4438 3032 4491; x_wconf 85' lang='lat' dir='ltr'><strong>naturali</strong></span> <span class='ocrx_word' id='word_1_831' title='bbox 3077 4439 3173 4509; x_wconf 89' lang='lat' dir='ltr'><strong>qui</strong></span> <span class='ocrx_word' id='word_1_832' title='bbox 3198 4437 3295 4493; x_wconf 90' lang='lat' dir='ltr'><strong>Dei</strong></span> <span class='ocrx_word' id='word_1_833' title='bbox 3331 4439 3497 4493; x_wconf 61' lang='lat' dir='ltr'><strong>verba</strong></span> 
     </span>
    </p>
   </div>
   <div class='ocr_carea' id='block_1_104' title="bbox 1924 4526 3499 4607">
    <p class='ocr_par' dir='ltr' id='par_1_104' title="bbox 1924 4526 3499 4607">
     <span class='ocr_line' id='line_1_104' title="bbox 1924 4526 3499 4607; baseline 0.001 -26"><span class='ocrx_word' id='word_1_834' title='bbox 1924 4526 2191 4597; x_wconf 89' lang='lat' dir='ltr'><strong>loquitur,</strong></span> <span class='ocrx_word' id='word_1_835' title='bbox 2210 4543 2276 4603; x_wconf 83' lang='lat' dir='ltr'><strong>ex</strong></span> <span class='ocrx_word' id='word_1_836' title='bbox 2295 4526 2519 4599; x_wconf 84' lang='lat' dir='ltr'><strong>ecquod</strong></span> <span class='ocrx_word' id='word_1_837' title='bbox 2547 4532 2750 4585; x_wconf 90' lang='lat' dir='ltr'><strong>missus</strong></span> <span class='ocrx_word' id='word_1_838' title='bbox 2789 4539 2870 4586; x_wconf 93' lang='lat' dir='ltr'><strong>est</strong></span> <span class='ocrx_word' id='word_1_839' title='bbox 2891 4530 3149 4607; x_wconf 81' lang='lat' dir='ltr'><strong>abipso?</strong></span> <span class='ocrx_word' id='word_1_840' title='bbox 3170 4529 3319 4585; x_wconf 85' lang='lat' dir='ltr'><strong>Nihil</strong></span> <span class='ocrx_word' id='word_1_841' title='bbox 3350 4530 3499 4585; x_wconf 84' lang='lat' dir='ltr'><strong>aliud</strong></span> 
     </span>
    </p>
   </div>
   <div class='ocr_carea' id='block_1_105' title="bbox 1925 4618 3496 4699">
    <p class='ocr_par' dir='ltr' id='par_1_105' title="bbox 1925 4618 3496 4699">
     <span class='ocr_line' id='line_1_105' title="bbox 1925 4618 3496 4699; baseline 0.005 -28"><span class='ocrx_word' id='word_1_842' title='bbox 1925 4624 2235 4693; x_wconf 53' lang='lat' dir='ltr'><strong>rursus,_ut</strong></span> <span class='ocrx_word' id='word_1_843' title='bbox 2263 4618 2501 4685; x_wconf 76' lang='lat' dir='ltr'><strong>videtur,</strong></span> <span class='ocrx_word' id='word_1_844' title='bbox 2534 4634 2699 4691; x_wconf 73' lang='lat' dir='ltr'><strong>quam</strong></span> <span class='ocrx_word' id='word_1_845' title='bbox 2722 4621 2987 4699; x_wconf 71' lang='lat' dir='ltr'><strong>propheta</strong></span> <span class='ocrx_word' id='word_1_846' title='bbox 3012 4638 3135 4685; x_wconf 85' lang='lat' dir='ltr'><strong>esse</strong></span> <span class='ocrx_word' id='word_1_847' title='bbox 3164 4624 3331 4679; x_wconf 86' lang='lat' dir='ltr'><strong>nobis</strong></span> <span class='ocrx_word' id='word_1_848' title='bbox 3347 4632 3496 4694; x_wconf 79' lang='lat' dir='ltr'><strong>pate-</strong></span> 
     </span>
    </p>
   </div>
   <div class='ocr_carea' id='block_1_106' title="bbox 1923 4708 3504 4786">
    <p class='ocr_par' dir='ltr' id='par_1_106' title="bbox 1923 4708 3504 4786">
     <span class='ocr_line' id='line_1_106' title="bbox 1923 4708 3504 4786; baseline 0.001 -21"><span class='ocrx_word' id='word_1_849' title='bbox 1923 4709 2101 4775; x_wconf 80' lang='lat' dir='ltr'><strong>bit,_si_</strong></span> <span class='ocrx_word' id='word_1_850' title='bbox 2132 4708 2201 4773; x_wconf 79' lang='lat' dir='ltr'><strong>de</strong></span> <span class='ocrx_word' id='word_1_851' title='bbox 2228 4709 2523 4767; x_wconf 84' lang='lat' dir='ltr'><strong>ministerii</strong></span> <span class='ocrx_word' id='word_1_852' title='bbox 2548 4713 2770 4776; x_wconf 68' lang='lat' dir='ltr'><strong>ratione</strong></span> <span class='ocrx_word' id='word_1_853' title='bbox 2799 4714 3504 4786; x_wconf 57' lang='lat' dir='ltr'><strong>loquanmr.-1m.lgitur</strong></span> 
     </span>
    </p>
   </div>
   <div class='ocr_carea' id='block_1_107' title="bbox 1925 4796 3499 4866">
    <p class='ocr_par' dir='ltr' id='par_1_107' title="bbox 1925 4796 3499 4866">
     <span class='ocr_line' id='line_1_107' title="bbox 1925 4796 3499 4866; baseline 0.004 -11"><span class='ocrx_word' id='word_1_854' title='bbox 1925 4799 2015 4856; x_wconf 91' lang='lat' dir='ltr'><strong>hic</strong></span> <span class='ocrx_word' id='word_1_855' title='bbox 2049 4818 2068 4851; x_wconf 77' lang='grc' dir='ltr'><strong>ι</strong></span> <span class='ocrx_word' id='word_1_856' title='bbox 2102 4799 2274 4866; x_wconf 88' lang='lat' dir='ltr'><strong>misit,</strong></span> <span class='ocrx_word' id='word_1_857' title='bbox 2304 4809 2442 4856; x_wconf 50' lang='lat' dir='ltr'><strong>Laut</strong></span> <span class='ocrx_word' id='word_1_858' title='bbox 2473 4803 2692 4863; x_wconf 74' lang='lat' dir='ltr'><strong>ratione</strong></span> <span class='ocrx_word' id='word_1_859' title='bbox 2709 4802 3197 4861; x_wconf 80' lang='lat' dir='ltr'><strong>incarnationiset</strong></span> <span class='ocrx_word' id='word_1_860' title='bbox 3225 4796 3499 4861; x_wconf 86' lang='lat' dir='ltr'><strong>adventus</strong></span> 
     </span>
    </p>
   </div>
   <div class='ocr_carea' id='block_1_108' title="bbox 1923 4891 3497 4963">
    <p class='ocr_par' dir='ltr' id='par_1_108' title="bbox 1923 4891 3497 4963">
     <span class='ocr_line' id='line_1_108' title="bbox 1923 4891 3497 4963; baseline 0.003 -16"><span class='ocrx_word' id='word_1_861' title='bbox 1923 4893 1979 4947; x_wconf 89' lang='lat' dir='ltr'><strong>in</strong></span> <span class='ocrx_word' id='word_1_862' title='bbox 2014 4891 2161 4947; x_wconf 87' lang='lat' dir='ltr'><strong>hunc</strong></span> <span class='ocrx_word' id='word_1_863' title='bbox 2198 4892 2465 4946; x_wconf 89' lang='lat' dir='ltr'><strong>mundum</strong></span> <span class='ocrx_word' id='word_1_864' title='bbox 2501 4908 2627 4947; x_wconf 90' lang='lat' dir='ltr'><strong>cum</strong></span> <span class='ocrx_word' id='word_1_865' title='bbox 2676 4909 2865 4963; x_wconf 90' lang='lat' dir='ltr'><strong>carne,</strong></span> <span class='ocrx_word' id='word_1_866' title='bbox 2907 4904 3001 4949; x_wconf 92' lang='lat' dir='ltr'><strong>aut</strong></span> <span class='ocrx_word' id='word_1_867' title='bbox 3031 4897 3291 4951; x_wconf 87' lang='lat' dir='ltr'><strong>diviniori</strong></span> <span class='ocrx_word' id='word_1_868' title='bbox 3312 4907 3371 4958; x_wconf 86' lang='lat' dir='ltr'><strong>et</strong></span> <span class='ocrx_word' id='word_1_869' title='bbox 3401 4912 3497 4951; x_wconf 87' lang='lat' dir='ltr'><strong>su-</strong></span> 
     </span>
    </p>
   </div>
   <div class='ocr_carea' id='block_1_109' title="bbox 1922 4981 3495 5055">
    <p class='ocr_par' dir='ltr' id='par_1_109' title="bbox 1922 4981 3495 5055">
     <span class='ocr_line' id='line_1_109' title="bbox 1922 4981 3495 5055; baseline 0.002 -17"><span class='ocrx_word' id='word_1_870' title='bbox 1922 4981 2164 5038; x_wconf 84' lang='lat' dir='ltr'><strong>blimiori</strong></span> <span class='ocrx_word' id='word_1_871' title='bbox 2194 4982 2433 5053; x_wconf 87' lang='lat' dir='ltr'><strong>quadam</strong></span> <span class='ocrx_word' id='word_1_872' title='bbox 2468 4983 2683 5039; x_wconf 88' lang='lat' dir='ltr'><strong>ratione</strong></span> <span class='ocrx_word' id='word_1_873' title='bbox 2733 4985 2996 5055; x_wconf 90' lang='lat' dir='ltr'><strong>accipies.</strong></span> <span class='ocrx_word' id='word_1_874' title='bbox 3048 4983 3169 5039; x_wconf 87' lang='lat' dir='ltr'><strong>Non</strong></span> <span class='ocrx_word' id='word_1_875' title='bbox 3231 4985 3376 5040; x_wconf 88' lang='lat' dir='ltr'><strong>enim</strong></span> <span class='ocrx_word' id='word_1_876' title='bbox 3438 4986 3495 5041; x_wconf 89' lang='lat' dir='ltr'><strong>in</strong></span> 
     </span>
    </p>
   </div>
   <div class='ocr_carea' id='block_1_110' title="bbox 1922 5073 3492 5145">
    <p class='ocr_par' dir='ltr' id='par_1_110' title="bbox 1922 5073 3492 5145">
     <span class='ocr_line' id='line_1_110' title="bbox 1922 5073 3492 5145; baseline 0.001 -16"><span class='ocrx_word' id='word_1_877' title='bbox 1922 5074 2109 5145; x_wconf 89' lang='lat' dir='ltr'><strong>seipso</strong></span> <span class='ocrx_word' id='word_1_878' title='bbox 2140 5074 2338 5129; x_wconf 84' lang='lat' dir='ltr'><strong>Filium</strong></span> <span class='ocrx_word' id='word_1_879' title='bbox 2380 5073 2544 5128; x_wconf 89' lang='lat' dir='ltr'><strong>Pater</strong></span> <span class='ocrx_word' id='word_1_880' title='bbox 2565 5076 2886 5141; x_wconf 86' lang='lat' dir='ltr'><strong>occultavit,</strong></span> <span class='ocrx_word' id='word_1_881' title='bbox 2921 5076 3015 5131; x_wconf 90' lang='lat' dir='ltr'><strong>sed</strong></span> <span class='ocrx_word' id='word_1_882' title='bbox 3051 5091 3119 5131; x_wconf 81' lang='lat' dir='ltr'><strong>ex</strong></span> <span class='ocrx_word' id='word_1_883' title='bbox 3160 5091 3262 5129; x_wconf 90' lang='lat' dir='ltr'><strong>sua</strong></span> <span class='ocrx_word' id='word_1_884' title='bbox 3292 5085 3492 5132; x_wconf 84' lang='lat' dir='ltr'><strong>natura</strong></span> 
     </span>
    </p>
   </div>
   <div class='ocr_carea' id='block_1_111' title="bbox 1923 5165 3499 5236">
    <p class='ocr_par' dir='ltr' id='par_1_111' title="bbox 1923 5165 3499 5236">
     <span class='ocr_line' id='line_1_111' title="bbox 1923 5165 3499 5236; baseline 0 -15"><span class='ocrx_word' id='word_1_885' title='bbox 1923 5167 2133 5232; x_wconf 82' lang='lat' dir='ltr'><strong>eluxit,</strong></span> <span class='ocrx_word' id='word_1_886' title='bbox 2168 5174 2227 5220; x_wconf 91' lang='lat' dir='ltr'><strong>ut</strong></span> <span class='ocrx_word' id='word_1_887' title='bbox 2268 5182 2335 5221; x_wconf 78' lang='lat' dir='ltr'><strong>ex</strong></span> <span class='ocrx_word' id='word_1_888' title='bbox 2390 5165 2513 5221; x_wconf 92' lang='lat' dir='ltr'><strong>luce</strong></span> <span class='ocrx_word' id='word_1_889' title='bbox 2552 5166 2817 5236; x_wconf 87' lang='lat' dir='ltr'><strong>splendor</strong></span> <span class='ocrx_word' id='word_1_890' title='bbox 2874 5165 3075 5223; x_wconf 90' lang='lat' dir='ltr'><strong>emicat</strong></span> <span class='ocrx_word' id='word_1_891' title='bbox 3138 5166 3397 5223; x_wconf 84' lang='lat' dir='ltr'><strong>iuetl‘abili</strong></span> <span class='ocrx_word' id='word_1_892' title='bbox 3443 5176 3499 5225; x_wconf 88' lang='lat' dir='ltr'><strong>et</strong></span> 
     </span>
    </p>
   </div>
   <div class='ocr_carea' id='block_1_112' title="bbox 1929 5254 3497 5329">
    <p class='ocr_par' dir='ltr' id='par_1_112' title="bbox 1929 5254 3497 5329">
     <span class='ocr_line' id='line_1_112' title="bbox 1929 5254 3497 5329; baseline 0.003 -18"><span class='ocrx_word' id='word_1_893' title='bbox 1929 5257 2285 5313; x_wconf 87' lang='lat' dir='ltr'><strong>inenarrabili</strong></span> <span class='ocrx_word' id='word_1_894' title='bbox 2315 5257 2513 5312; x_wconf 76' lang='lat' dir='ltr'><strong>divina:</strong></span> <span class='ocrx_word' id='word_1_895' title='bbox 2555 5259 2928 5329; x_wconf 83' lang='lat' dir='ltr'><strong>generationis</strong></span> <span class='ocrx_word' id='word_1_896' title='bbox 2959 5254 3143 5313; x_wconf 91' lang='lat' dir='ltr'><strong>modo.</strong></span> <span class='ocrx_word' id='word_1_897' title='bbox 3185 5258 3344 5325; x_wconf 84' lang='lat' dir='ltr'><strong>Quod</strong></span> <span class='ocrx_word' id='word_1_898' title='bbox 3378 5259 3497 5329; x_wconf 90' lang='lat' dir='ltr'><strong>ipse</strong></span> 
     </span>
    </p>
   </div>
   <div class='ocr_carea' id='block_1_113' title="bbox 1925 5348 3497 5423">
    <p class='ocr_par' dir='ltr' id='par_1_113' title="bbox 1925 5348 3497 5423">
     <span class='ocr_line' id='line_1_113' title="bbox 1925 5348 3497 5423; baseline 0.003 -20"><span class='ocrx_word' id='word_1_899' title='bbox 1925 5365 2148 5419; x_wconf 88' lang='lat' dir='ltr'><strong>quoque</strong></span> <span class='ocrx_word' id='word_1_900' title='bbox 2186 5348 2349 5408; x_wconf 84' lang='lat' dir='ltr'><strong>nobis</strong></span> <span class='ocrx_word' id='word_1_901' title='bbox 2379 5352 2637 5421; x_wconf 78' lang='lat' dir='ltr'><strong>exposuit</strong></span> <span class='ocrx_word' id='word_1_902' title='bbox 2672 5350 3022 5422; x_wconf 84' lang='lat' dir='ltr'><strong>Unigenitus,</strong></span> <span class='ocrx_word' id='word_1_903' title='bbox 3057 5350 3290 5408; x_wconf 90' lang='lat' dir='ltr'><strong>dicens:</strong></span> <span class='ocrx_word' id='word_1_904' title='bbox 3328 5370 3348 5405; x_wconf 78' lang='grc' dir='ltr'><strong>ι</strong></span> <span class='ocrx_word' id='word_1_905' title='bbox 3380 5352 3497 5423; x_wconf 88' lang='lat' dir='ltr'><strong>Ego</strong></span> 
     </span>
    </p>
   </div>
   <div class='ocr_carea' id='block_1_114' title="bbox 1925 5439 3497 5508">
    <p class='ocr_par' dir='ltr' id='par_1_114' title="bbox 1925 5439 3497 5508">
     <span class='ocr_line' id='line_1_114' title="bbox 1925 5439 3497 5508; baseline 0.004 -14"><span class='ocrx_word' id='word_1_906' title='bbox 1925 5455 1990 5497; x_wconf 75' lang='lat' dir='ltr'><strong>ex</strong></span> <span class='ocrx_word' id='word_1_907' title='bbox 2020 5439 2182 5496; x_wconf 90' lang='lat' dir='ltr'><strong>Patre</strong></span> <span class='ocrx_word' id='word_1_908' title='bbox 2214 5441 2383 5508; x_wconf 80' lang='lat' dir='ltr'><strong>exivi,</strong></span> <span class='ocrx_word' id='word_1_909' title='bbox 2410 5449 2466 5497; x_wconf 91' lang='lat' dir='ltr'><strong>et</strong></span> <span class='ocrx_word' id='word_1_910' title='bbox 2494 5443 2653 5498; x_wconf 89' lang='lat' dir='ltr'><strong>venio</strong></span> <span class='ocrx_word' id='word_1_911' title='bbox 2676 5444 2745 5500; x_wconf 77' lang='grc'><strong>⁸⁸.</strong></span> <span class='ocrx_word' id='word_1_912' title='bbox 2777 5462 2796 5495; x_wconf 74' lang='grc' dir='ltr'><strong>ι</strong></span> <span class='ocrx_word' id='word_1_913' title='bbox 2838 5444 3019 5499; x_wconf 82' lang='lat' dir='ltr'><strong>Exivit</strong></span> <span class='ocrx_word' id='word_1_914' title='bbox 3065 5446 3210 5499; x_wconf 90' lang='lat' dir='ltr'><strong>enim</strong></span> <span class='ocrx_word' id='word_1_915' title='bbox 3238 5460 3307 5500; x_wconf 82' lang='lat' dir='ltr'><strong>ex</strong></span> <span class='ocrx_word' id='word_1_916' title='bbox 3336 5444 3497 5500; x_wconf 88' lang='lat' dir='ltr'><strong>Patre</strong></span> 
     </span>
    </p>
   </div>
   <div class='ocr_carea' id='block_1_115' title="bbox 1924 5530 3496 5607">
    <p class='ocr_par' dir='ltr' id='par_1_115' title="bbox 1924 5530 3496 5607">
     <span class='ocr_line' id='line_1_115' title="bbox 1924 5530 3496 5607; baseline 0.004 -23"><span class='ocrx_word' id='word_1_917' title='bbox 1924 5530 1981 5586; x_wconf 90' lang='lat' dir='ltr'><strong>in</strong></span> <span class='ocrx_word' id='word_1_918' title='bbox 2011 5532 2290 5601; x_wconf 89' lang='lat' dir='ltr'><strong>propriam</strong></span> <span class='ocrx_word' id='word_1_919' title='bbox 2314 5533 2656 5605; x_wconf 86' lang='lat' dir='ltr'><strong>hypostasim</strong></span> <span class='ocrx_word' id='word_1_920' title='bbox 2682 5532 2874 5599; x_wconf 88' lang='lat' dir='ltr'><strong>Filius,</strong></span> <span class='ocrx_word' id='word_1_921' title='bbox 2901 5536 3027 5591; x_wconf 82' lang='lat' dir='ltr'><strong>licet</strong></span> <span class='ocrx_word' id='word_1_922' title='bbox 3057 5537 3111 5591; x_wconf 92' lang='lat' dir='ltr'><strong>in</strong></span> <span class='ocrx_word' id='word_1_923' title='bbox 3148 5537 3266 5607; x_wconf 88' lang='lat' dir='ltr'><strong>ipso</strong></span> <span class='ocrx_word' id='word_1_924' title='bbox 3301 5537 3372 5592; x_wconf 87' lang='lat' dir='ltr'><strong>sit</strong></span> <span class='ocrx_word' id='word_1_925' title='bbox 3405 5550 3496 5591; x_wconf 80' lang='lat' dir='ltr'><strong>se-</strong></span> 
     </span>
    </p>
   </div>
   <div class='ocr_carea' id='block_1_116' title="bbox 1923 5620 3492 5693">
    <p class='ocr_par' dir='ltr' id='par_1_116' title="bbox 1923 5620 3492 5693">
     <span class='ocr_line' id='line_1_116' title="bbox 1923 5620 3492 5693; baseline 0 -20"><span class='ocrx_word' id='word_1_926' title='bbox 1923 5620 2165 5676; x_wconf 87' lang='lat' dir='ltr'><strong>cundum</strong></span> <span class='ocrx_word' id='word_1_927' title='bbox 2201 5632 2493 5676; x_wconf 88' lang='lat' dir='ltr'><strong>naturam:</strong></span> <span class='ocrx_word' id='word_1_928' title='bbox 2527 5630 2583 5676; x_wconf 92' lang='lat' dir='ltr'><strong>et</strong></span> <span class='ocrx_word' id='word_1_929' title='bbox 2628 5621 2776 5691; x_wconf 87' lang='lat' dir='ltr'><strong>quod</strong></span> <span class='ocrx_word' id='word_1_930' title='bbox 2815 5623 2886 5678; x_wconf 90' lang='lat' dir='ltr'><strong>ibi</strong></span> <span class='ocrx_word' id='word_1_931' title='bbox 2919 5639 2938 5674; x_wconf 78' lang='grc' dir='ltr'><strong>ι</strong></span> <span class='ocrx_word' id='word_1_932' title='bbox 2968 5625 3141 5687; x_wconf 82' lang='lat' dir='ltr'><strong>exire,</strong></span> <span class='ocrx_word' id='word_1_933' title='bbox 3182 5644 3200 5677; x_wconf 76' lang='grc' dir='ltr'><strong>ι</strong></span> <span class='ocrx_word' id='word_1_934' title='bbox 3233 5624 3492 5693; x_wconf 82' lang='lat' dir='ltr'><strong>idipsum,</strong></span> 
     </span>
    </p>
   </div>
   <div class='ocr_carea' id='block_1_117' title="bbox 1387 5793 1824 5867">
    <p class='ocr_par' dir='ltr' id='par_1_117' title="bbox 1387 5798 1747 5867">
     <span class='ocr_line' id='line_1_117' title="bbox 1387 5798 1747 5867; baseline -0.003 -14"><span class='ocrx_word' id='word_1_935' title='bbox 1387 5799 1429 5832; x_wconf 71' lang='grc'><strong>³⁸</strong></span> <span class='ocrx_word' id='word_1_936' title='bbox 1463 5798 1621 5867; x_wconf 80' lang='lat' dir='ltr'><strong>Ibid.,</strong></span> <span class='ocrx_word' id='word_1_937' title='bbox 1666 5799 1747 5855; x_wconf 85' lang='lat' dir='ltr'><strong>II.</strong></span> 
     </span>
    </p>
   </div>
   <div class='ocr_carea' id='block_1_118' title="bbox 1924 5793 3424 5867">
    <p class='ocr_par' dir='ltr' id='par_1_118' title="bbox 1924 5793 3424 5863">
     <span class='ocr_line' id='line_1_118' title="bbox 1924 5793 3424 5863; baseline 0 -10"><span class='ocrx_word' id='word_1_938' title='bbox 1924 5796 2073 5863; x_wconf 61' lang='lat' dir='ltr'><strong>ond.</strong></span> <span class='ocrx_word' id='word_1_939' title='bbox 2118 5812 2193 5862; x_wconf 86' lang='lat' dir='ltr'><strong>ut,</strong></span> <span class='ocrx_word' id='word_1_940' title='bbox 2238 5798 2317 5856; x_wconf 81' lang='grc'><strong>10.</strong></span> <span class='ocrx_word' id='word_1_941' title='bbox 2400 5797 2443 5827; x_wconf 72' lang='grc' dir='ltr'><strong>⁸ο</strong></span> <span class='ocrx_word' id='word_1_942' title='bbox 2476 5793 2672 5857; x_wconf 68' lang='lat' dir='ltr'><strong>Jt-rem.</strong></span> <span class='ocrx_word' id='word_1_943' title='bbox 2711 5811 2748 5860; x_wconf 77' lang='grc' dir='ltr'><strong>ι,</strong></span> <span class='ocrx_word' id='word_1_944' title='bbox 2786 5795 2838 5857; x_wconf 82' lang='grc'><strong>7,</strong></span> <span class='ocrx_word' id='word_1_945' title='bbox 2917 5796 2958 5829; x_wconf 84' lang='grc'><strong>⁸¹</strong></span> <span class='ocrx_word' id='word_1_946' title='bbox 2994 5794 3151 5855; x_wconf 84' lang='lat' dir='ltr'><strong>Joan.</strong></span> <span class='ocrx_word' id='word_1_947' title='bbox 3186 5812 3294 5861; x_wconf 75' lang='lat' dir='ltr'><strong>xvn,</strong></span> <span class='ocrx_word' id='word_1_948' title='bbox 3332 5796 3424 5854; x_wconf 84' lang='grc'><strong>28.</strong></span> 
     </span>
    </p>
   </div>
  </div>
