4118 6570
571 414 678 474 279

1569 424 1629 482 S.
1660 424 1937 487 CYRILIJ
1981 428 2456 489 ALEXANDRINI
2494 431 2816 491 ARCHIEP.

3736 434 3867 499 280

573 531 664 587 hic
694 552 712 584 ι
737 534 966 592 missum
995 554 1141 603 esse,
1170 560 1187 592 ι
1215 540 1510 611 significat.
1537 542 1781 599 Verbum
1813 547 1981 614 igitur
2001 549 2149 617 quod

2256 547 2491 620 ὕπαρξιν
2514 552 2543 604 6
2567 552 2716 617 Υἱὸς,
2742 555 2791 606 εἰ
2814 554 2909 608 καὶ
2929 557 2990 607 ὲν
3016 554 3168 625 αὑτῷ
3190 558 3333 612 κατὰ
3359 558 3527 627 φύσιν
3557 557 3673 613 ἐστί
3694 574 3710 589 ⁸
3746 560 3865 613 καὶ

576 640 641 681 ex
677 627 839 684 Patre
869 630 1075 687 ell‘ulsit
1105 642 1159 689 et
1192 635 1440 699 emicuit,
1475 644 1606 705 puta
1638 653 1763 693 cum
1802 640 1949 694 Deus
1982 642 2055 695 sit
2084 641 2154 696 de

482 786 487 792 ι
580 714 709 781 Deo,
738 718 846 774 Deo
874 725 1337 782 convenientibus
1373 729 1603 785 vocibus
1628 738 1853 784 utetur:
1889 730 1999 786 Deo
2049 745 2151 785 au-

578 818 685 863 tem
732 815 1068 871 conveniunt
1098 834 1219 887 quae
1252 835 1393 874 verae
1423 829 1553 875 sunt
1589 836 1777 885 voces,
1813 830 1868 876 et
1898 822 1969 876 ab
2000 822 2152 876 omni

579 902 849 956 mendacii
889 904 1011 960 labe
1038 917 1170 962 sunt
1201 909 1497 965 immunes.
1531 909 1804 975 Quocirca
1840 930 1859 962 ι
1902 912 1997 981 qui
2030 911 2155 967 Sal-

580 991 790 1046 vatoris
816 996 1198 1051 testimonium
1220 1000 1447 1071 accipit,
1473 1001 1713 1072 signavit
1744 1003 1873 1071 quia
1894 1002 2041 1059 Deus
2060 1018 2155 1059 vc-

578 1096 674 1137 rax
693 1091 798 1141 est.
827 1104 845 1137 ι
869 1085 967 1142 Est
992 1089 1351 1159 enimjrevera
1374 1093 1682 1148 secundum
1704 1101 1959 1150 naturam
1983 1094 2149 1152 Deus.

2258 643 2398 714 ὅπερ
2441 645 2576 714 ἡμῖν
2619 646 2677 698 ὲν
2717 646 2913 718 ἐκείνῳ
2957 647 3019 699 τὸ
3067 647 3303 712 ἐξελθεῖν
3357 650 3632 721 σημαίνει,
3682 650 3866 705 τοῦτο

2259 733 2423 787 πάλιν
2474 735 2710 791 ἐνταῦθα
2764 737 2829 791 τὸ
2882 737 3217 792 ἀπεστάλθαι
3281 739 3451 810 δηλοῖ.
3528 741 3588 794 ’0
3637 741 3861 808 τοίνυν,

2260 826 2461 897 φησὶν,
2512 828 2577 880 ἐκ
2620 829 2835 901 Πατρὸς
2877 829 3136 900 πεφηνώς
3170 848 3231 883 τε
3291 831 3387 883 καὶ
3429 832 3865 904 ἀπαστραφθεὶς

2258 917 2445 985 Δόγος,
2499 919 2595 972 ἆτε
2620 919 2684 990 δὴ
2713 920 2845 983 Θεὸς
2873 920 3137 992 ὑπάρχων
3163 922 3226 974 ἐκ
3258 920 3435 991 Θεοῦλ
3459 926 3574 986 τοῖς
3614 923 3696 993 τῷ
3723 923 3864 991 Θεῷ

2260 1005 2530 1077 πρέπουσι
2563 1010 2891 1080 κεχρήσεται
2932 1010 3145 1080 λόγοις·
3182 1012 3331 1081 λόγοι
3376 1012 3434 1066 δὲ
3476 1014 3542 1068 ἃν
3584 1009 3694 1067 εἷεν
3724 1014 3866 1083 Θεῷ

2257 1098 2561 1168 πρέποντες
2586 1100 2635 1153 οἱ
2657 1099 2899 1170 ἀληθεῖς,
2944 1102 3039 1155 καὶ
3057 1103 3157 1172 τὴν
3176 1102 3284 1155 ἀπὸ
3310 1103 3406 1156 τοῦ
3432 1104 3721 1175 ψεύδεσθαι
3748 1120 3866 1173 κηο

575 1171 694 1226 λῖδα
728 1194 749 1228 ι
781 1180 1228 1252 παραιτούμενοι.
1277 1183 1487 1236 Οὐκοῦν
1518 1202 1536 1236 ι
1580 1185 1609 1237 6
1633 1184 1924 1255 λαμϐάνων
1951 1184 2050 1238 τοῦ
2084 1184 2337 1256 Σωτῆρος
2367 1188 2466 1258 τὴν
2509 1190 2816 1260 μαρτυρίαν
2836 1231 2850 1256 ,
2906 1171 3268 1261 ἐσφράγισεν,
3312 1192 3394 1246 ὃτι
3421 1171 3457 1247 6V
3481 1193 3610 1257 Θεὸς
3635 1171 3863 1263 ἀληθής

574 1270 723 1325 ἐστιν
748 1288 762 1303 ο
798 1293 817 1327 ι
846 1274 959 1329 ἐστι
988 1278 1096 1349 γὰρ
1124 1277 1292 1342 ὅντως
1320 1279 1461 1333 κατά
1486 1279 1646 1349 φύσιν
1667 1281 1815 1344 Θεός.

646 1365 734 1431 Ill,
767 1367 853 1424 '54.
894 1367 1020 1425 Non
1062 1373 1200 1426 enim
1230 1371 1300 1425 ad
1354 1388 1655 1427 mensuram
1711 1372 1806 1426 dat
1855 1372 1994 1429 Deus
2026 1373 2151 1445 Spi-

575 1460 761 1515 ritum.

643 1554 747 1609 Hic
782 1556 1179 1612 attentissimas
1207 1572 1369 1613 aures
1394 1558 1611 1623 adhibe,
1632 1574 1842 1630 quaeso,
1877 1566 1935 1613 ut
1959 1559 2149 1613 nobis-

476 1685 483 1693 .
573 1660 697 1699 cum
727 1661 922 1703 rursus
974 1657 1291 1704 sanctorum
1343 1650 1565 1707 mireris
1624 1652 1972 1724 sapientiam.
2003 1650 2149 1705 Dixit

570 1735 796 1803 Filium,
828 1753 951 1793 cum
990 1756 1019 1793 a
1049 1739 1161 1797 Deo
1217 1743 1445 1799 missum
1498 1758 1643 1809 esse,
1706 1753 1821 1799 tum
1860 1743 1957 1800 Dei
1990 1744 2154 1799 verba

2332 1375 2414 1427 Οὐ
2440 1372 2551 1442 γὰρ
2577 1373 2647 1426 ἐκ
2666 1372 2889 1443 μέτρου
2919 1373 3130 1430 δίδωσι
3158 1376 3224 1430 τὸ
3256 1377 3519 1446 Πνεῦμα.

2335 1466 2542 1533 Ὀξεῖαν
2592 1466 2826 1537 ὑπόσχες
2872 1468 2989 1521 νυνί
3041 1469 3105 1539 δὴ
3161 1469 3398 1540 μάλιστα
3435 1471 3534 1542 τὴν
3576 1470 3773 1542 ἀκοὴν,
3809 1461 3865 1521 ὦ

2257 1557 2491 1625 γενναῖε,
2517 1554 2604 1607 ἵνα
2632 1554 2697 1625 δὴ
2732 1554 2894 1609 πάλιν
2926 1557 3059 1626 ἡμῖν
3096 1556 3499 1627 συνθαυμάσεις
3522 1556 3631 1609 τῶν
3670 1556 3860 1623 ἁγίων

2256 1649 2356 1719 τὴν
2383 1647 2562 1719 νῆψινο
2600 1649 2743 1718 Ἔφη
2776 1647 2867 1700 τὸν
2902 1647 3030 1701 Υἰὸν
3070 1647 3164 1702 καὶ
3207 1648 3545 1703 ἀπεστάλθαι
3573 1647 3725 1718 παρά
3747 1643 3856 1698 τοῦ

2258 1744 2415 1807 Θεοῦ,
2440 1742 2534 1796 καὶ
2561 1743 2630 1797 τὰ
2663 1743 2756 1795 τοῦ
2783 1742 2915 1795 Θεοῦ
2942 1744 3161 1813 ῥήματα
3187 1740 3365 1794 λαλεῖν
3384 1757 3397 1771 ·
3427 1739 3540 1793 ἀλλ’
3573 1735 3863 1791 ὑπαισθά-

572 1828 739 1897 loqui.
774 1829 844 1882 At
870 1830 917 1886 si
950 1832 1127 1900 prima
1154 1832 1333 1890 fronte
1355 1834 1467 1889 vim
1486 1850 1677 1891 eorum
1715 1835 2012 1890 verborum
2031 1835 2149 1904 quis

2259 1835 2409 1890 νεταί
2452 1852 2588 1899 πως,
2632 1834 2755 1888 ὅσον
2801 1829 2937 1904 ἧκεν
2983 1835 3061 1896 εἰς
3098 1832 3196 1903 τὴν
3236 1831 3523 1903 πρόχειρον
3552 1828 3647 1883 τοῦ
3682 1827 3863 1896 λόγου

568 1918 902 1985 consideret,
940 1921 1196 1976 videntur
1243 1938 1371 1978 eum
1416 1924 1473 1978 in
1518 1924 1918 1995 prophetarum
1956 1924 2153 1979 ordine

571 2009 978 2079 quodammodo
1013 2018 1277 2076 statuere,
1324 2014 1787 2083 quemadmodum
1834 2015 2002 2085 paulo
2026 2022 2156 2070 ante

572 2098 836 2157 diximus.
869 2099 975 2156 Per
1004 2101 1118 2157 haec
1146 2104 1314 2173 igitur
1350 2105 1532 2175 ipsum
1572 2120 1920 2176 nequaquam
1965 2121 2149 2175 parem

574 2191 647 2246 iis
680 2207 804 2247 esse
849 2194 1109 2258 ostendit,
1146 2203 1201 2251 et
1236 2211 1349 2251 uno
1381 2196 1488 2251 hoc
1530 2195 1691 2267 signo
1722 2196 1882 2252 docet
1922 2197 2152 2251 multum

573 2288 629 2335 ct
653 2280 1166 2352 incomparabiliter
1196 2286 1264 2341 ab
1297 2286 1367 2341 iis
1405 2286 1633 2342 distare.
1668 2285 1812 2342 Fieri
1854 2286 2010 2342 enim
2042 2301 2153 2341 non

573 2382 773 2442 potest,
810 2374 1009 2443 inquit,
1041 2384 1101 2431 ut
1129 2377 1223 2447 qui
1263 2377 1333 2432 ad
1366 2385 1577 2433 certum
1628 2376 1849 2433 modum
1889 2376 2152 2447 Spiritum

575 2464 877 2535 accipiunt,
903 2481 1029 2521 eum
1053 2468 1211 2524 alteri
1239 2484 1459 2540 quoque
1487 2467 1674 2539 largiri
1707 2470 1941 2539 possint.
2002 2467 2152 2522 Nus-

572 2574 742 2627 quam
772 2561 919 2616 enim
946 2572 1177 2617 sanctus
1205 2572 1400 2619 sancto
1453 2562 1694 2635 Spiritus
1722 2563 1898 2620 sancti
1928 2563 2155 2634 largitor

575 2650 718 2706 fuit:
752 2650 848 2705 sed
874 2666 997 2706 eum
1026 2654 1283 2709 omnibus
1312 2654 1380 2711 de
1416 2669 1515 2710 sua
1546 2654 1889 2725 plenitudine
1922 2654 2152 2725 largitur

572 2740 746 2798 Filius
768 2744 835 2796 δ’.
870 2742 1062 2815 Itaque
1098 2760 1207 2800 non
1246 2747 1315 2801 ad
1359 2762 1674 2803 mensuram
1709 2746 1825 2812 dat,
1881 2761 2058 2817 neque
2094 2752 2153 2801 ut

574 2833 671 2899 illi,
694 2842 906 2903 partem
941 2837 1237 2907 quamdam
1269 2839 1523 2909 exiguam
1558 2839 1803 2911 Spiritus
1839 2839 2023 2905 habet,
2065 2838 2152 2894 id-

572 2939 678 2993 que
711 2940 807 2994 per
841 2926 1324 2998 participationem
1353 2947 1367 2983 :
1402 2930 1498 2985 sed
1540 2945 1668 2985 cum
1702 2930 1775 2987 sit
1817 2932 1983 2986 etiam
2038 2930 2153 3000 ipsc

571 3015 825 3086 largitor,
863 3018 1053 3088 utique
1077 3020 1428 3076 manifestum
1456 3028 1542 3077 est
1569 3022 1724 3076 illum
1752 3030 1925 3077 totum
1950 3022 2154 3077 habere

573 3107 1014 3164 substantialiler
1051 3111 1109 3165 in
1157 3111 1360 3181 seipso.
1409 3111 1581 3181 igitur
1611 3113 1707 3183 qui
1741 3120 1954 3167 tantam
1988 3113 2154 3168 habet

2252 1926 2501 1996 δύναμιν,
2542 1926 2879 1997 προφητικὸν
2907 1923 3056 1995 αὑτῷ
3095 1923 3343 1995 περιθεὶς
3382 1923 3442 1975 τὸ
3476 1922 3695 1994 μέτρον,
3737 1919 3861 1971 ὦσι

2251 2034 2358 2091 περ
2393 2015 2489 2074 οὖν
2516 2019 2610 2073 καὶ
2644 2017 3040 2089 διελαλήσαμεν
3084 2015 3305 2088 ἀρτίως.
3349 2013 3631 2083 Ἀναφέρει
3660 2012 3862 2064 τοίνυν

2252 2111 2412 2164 αὑτὸν
2443 2112 2542 2182 τῆς
2585 2111 2723 2183 πρὸς
2765 2110 3007 2173 ἐκείνους
3051 2107 3300 2178 ἰσότητος
3340 2105 3430 2159 διὰ
3474 2105 3702 2168 τούτων,
3748 2102 3859 2154 καὶ

2251 2203 2318 2257 δι’
2344 2202 2461 2266 ἑνὸς
2486 2202 2549 2273 δὴ
2578 2202 2766 2254 τούτου
2801 2200 3029 2270 σημείου
3058 2199 3242 2252 δίδωσι
3284 2199 3445 2259 νοεῖν,
3472 2195 3547 2259 ὡς
3581 2192 3752 2263 πολλὴ
3776 2192 3855 2260 δή

2250 2293 2335 2355 τίς
2366 2293 2511 2355 ἐστι,
2540 2292 2739 2362 μᾶλλον
2771 2291 2825 2344 δὲ
2864 2290 2966 2361 ἤδη
3014 2289 3107 2343 καὶ
3148 2287 3478 2358 ἀσύγκριτος
3516 2287 3551 2354 ἡ
3582 2283 3854 2353 διαφορά.

2265 2381 2568 2451 Ἀμήχανον
2603 2379 2731 2449 γὰρ,
2758 2379 2913 2449 φησὶ,
2959 2379 3088 2440 τοὺς
3124 2373 3540 2448 μεμετρημένον
3576 2370 3858 2441 λαχόντας

2251 2471 2311 2525 τὸ
2343 2470 2587 2541 Πνεῦμα,
2635 2470 2730 2523 καὶ
2762 2469 2934 2541 ἑτέρῳ
2978 2466 3240 2522 δύνασθαι
3290 2464 3452 2519 τοῦτο
3495 2458 3853 2533 χαρίζεσθαι·

2252 2563 2312 2616 οὐ
2351 2562 2458 2634 γὰρ
2500 2562 2655 2630 ἅγιος
2701 2561 2842 2632 ἁγίῳ
2888 2560 3019 2613 ποτὲ
3067 2556 3387 2629 Πνεῦματος
3445 2555 3599 2624 ἁγίου
3649 2552 3853 2620 γέγονε

2251 2654 2506 2725 χορηγός·
2553 2654 2781 2724 χορηγεῖ
2817 2652 2876 2705 δὲ
2918 2652 3133 2704 πᾶσινὸ
3166 2649 3314 2713 Υίὸς,
3350 2648 3426 2711 ὡς
3452 2646 3510 2712 ὲξ
3548 2644 3676 2697 ἰδίου
3706 2642 3855 2711 πλη-

2256 2745 2526 2818 ρώματος.
2554 2744 2761 2798 Οὐκοῦν
2798 2744 2902 2796 οὐκ
2946 2743 3012 2795 ἐκ
3055 2741 3254 2813 μέτρου
3302 2739 3540 2800 δίδωσιν,
3573 2736 3695 2789 οὐδὲ
3733 2735 3851 2789 ὦσ-

2252 2853 2359 2908 περ
2384 2838 2600 2901 ἐκεῖνοι,
2630 2835 2830 2906 μικράν
2861 2852 2982 2887 τινα
3010 2836 3202 2904 μοῖραν
3233 2830 3343 2900 ἔχει
3372 2829 3466 2884 τοῦ
3500 2831 3845 2899 Πνεῦματος,

2253 2933 2348 2984 καὶ
2393 2928 2553 2982 τοῦτο
2604 2925 2996 2999 μεταληπτῶςο
3048 2925 3164 2978 ἀλλ’
3214 2922 3515 2993 ἐπειδήπερ
3558 2920 3847 2991 ἀνεδείχθη

2254 3021 2347 3074 καὶ
2380 3018 2634 3089 χορηγὸς,
2664 3017 2821 3086 δῆλος
2867 3014 2936 3069 ἂν
2978 3013 3065 3083 εἴη
3114 3012 3384 3084 δήπουθεν
3424 3012 3546 3066 ὅλον
3584 3013 3724 3080 ἔχων
3749 3014 3846 3064 οὑ-

2256 3110 2463 3173 σιωδῶς
2510 3111 2567 3161 ὲν
2610 3106 2809 3177 ἑαυτῷ.
2866 3105 3077 3160 Οὐκοῦν
3123 3107 3151 3158 6
3196 3104 3464 3174 τοσαύτην
3510 3104 3649 3174 ἔχων
3706 3102 3846 3173 πρὸς

574 3213 685 3266 prae
714 3199 822 3254 illis
850 3200 1253 3266 excellentiam,
1282 3216 1393 3256 non
1424 3212 1684 3273 tanquam
1726 3219 1871 3261 unus
1928 3221 1997 3261 ex
2041 3205 2149 3260 illis

2254 3201 2496 3265 ἐκείνους
2522 3200 2621 3271 τὴν
2656 3196 2946 3269 ὑπεροχὴν,
2977 3198 3076 3265 οὐχ
3103 3195 3180 3258 ὡς
3212 3191 3293 3258 εἷς
3336 3196 3395 3261 ἐξ
3435 3196 3657 3249 ἐκείνων
3683 3194 3849 3261 λαλήο

573 3290 831 3360 loquetur
879 3307 1001 3361 quae
1053 3291 1145 3347 Dei
1198 3304 1348 3359 sunt,
1387 3294 1483 3349 sed
1512 3302 1572 3349 ut
1603 3293 1746 3350 Deus
1780 3296 2054 3351 cxsistens
2084 3312 2153 3351 ex

573 3378 707 3445 Deo,
750 3384 1141 3440 convenientes
1196 3383 1309 3440 Deo
1365 3401 1649 3444 sermones
1690 3386 1952 3457 proferet.
2001 3388 2152 3443 Nihil

572 3481 754 3529 autem
800 3482 1010 3530 nostra:
1052 3476 1319 3531 doctrina:
1363 3477 1563 3532 olliciet
1602 3478 1751 3547 quod
1810 3492 1907 3547 per
1953 3492 2151 3531 manus

574 3564 945 3634 apostolorum
963 3567 1149 3622 datum
1173 3581 1296 3622 esse
1325 3567 1608 3622 nonnullis
1633 3566 1897 3639 Spiritum
1925 3568 2148 3639 quidam

574 3653 919 3708 existimant:
946 3652 1183 3723 Spiritus
1206 3656 1351 3709 enim
1378 3655 1725 3711 invocatores
1758 3639 1941 3726 potius
1981 3672 2144 3726 quam

575 3745 815 3815 Spiritus
861 3746 1040 3800 sancti
1096 3747 1256 3817 17o
1298 3748 1589 3818 largitores
1637 3748 1788 3817 ipsos
1822 3748 2145 3803 credimus:

574 3851 701 3891 nam
724 3843 779 3891 et
817 3837 1009 3893 beatus
1037 3838 1153 3907 ipse
1183 3838 1397 3909 Moyses
1437 3853 1784 3909 nequaquam
1808 3838 1876 3893 de
1907 3854 2009 3895 suo
2037 3838 2149 3907 spi-

571 3928 680 3983 ritu
711 3927 929 3984 auferre
958 3930 1148 3998 jussus
1184 3938 1289 3992 est,
1324 3930 1419 3984 sed
1455 3945 1569 3985 suae
1613 3931 1868 4001 potestati
1911 3931 2148 3987 servavit

571 4018 722 4075 istud
766 4018 931 4086 Deus,
992 4020 1085 4089 qui
1142 4021 1389 4090 praecipit
1437 4021 1657 4090 quidem
1714 4022 1895 4092 ipsum
1948 4021 2149 4077 addere

572 4111 919 4181 septuaginta
949 4111 1120 4179 viros,
1153 4112 1479 4182 promittens
1504 4129 1567 4169 se
1587 4113 1899 4167 ablaturum
1928 4112 1997 4168 de
2022 4113 2146 4181 ejus

571 4205 788 4272 spiritu.
822 4211 877 4258 et
902 4206 1288 4275 impositurum
1314 4206 1397 4261 eis
1423 4207 1489 4259 ⁸³.
1516 4205 1685 4260 Norat
1719 4207 1864 4261 enim
1905 4206 1999 4259 uni
2034 4204 2146 4261 Deo

571 4303 879 4365 competere
939 4310 1135 4350 eorum
1196 4296 1577 4353 faciendorum
1642 4304 1965 4366 potestatem
2025 4311 2148 4367 quae

574 4386 741 4442 Deum
762 4388 985 4444 decent.

1222 4497 1377 4555 CAP.
1414 4496 1506 4553 Ν.

571 4610 725 4677 Quod
751 4628 853 4682 non
887 4628 977 4681 per
1007 4614 1468 4682 participationem
1503 4611 1609 4682 sint
1642 4611 1693 4665 in
1728 4610 1868 4664 Filio
1900 4626 2016 4680 qua:
2050 4610 2144 4665 Dei

640 4697 704 4733 ac
739 4680 919 4753 Patris
954 4680 1073 4736 sunt
1104 4680 1356 4753 propria,
1390 4682 1479 4737 sed
1510 4681 1956 4745 substantialiter,
1992 4691 2042 4735 et
2064 4698 2146 4736 se-

638 4750 866 4805 cundum
898 4750 1166 4807 naturam.

636 4842 727 4909 Ill,
768 4845 858 4901 55.
884 4845 1049 4900 Pater
1083 4846 1256 4917 diligit
1300 4844 1538 4910 Filium,
1577 4854 1627 4899 et
1677 4845 1860 4899 omnia
1904 4845 2051 4898 dedit
2088 4843 2148 4896 in

570 4948 731 4989 manu
746 4934 888 5005 ejus.

636 5025 774 5080 Cum
810 5027 958 5082 enim
995 5026 1197 5083 dixerit
1249 5027 1418 5082 Deum
1479 5024 1679 5081 Filium
1737 5026 1831 5096 qui
1880 5041 1946 5080 ex
1988 5024 2152 5078 Patre

567 5114 773 5172 elfulsit
798 5133 907 5172 non
940 5133 1104 5188 posse
1139 5118 1263 5173 aliis
1287 5119 1365 5173 uti
1398 5119 1581 5175 verbis
1614 5134 1778 5189 quam
1807 5117 2011 5187 quibus
2039 5114 2146 5168 Pa-

568 5217 650 5262 tcr
692 5216 903 5272 utatur,
958 5210 1107 5265 veris
1142 5209 1462 5275 :nimirum:
1512 5230 1531 5261 ι
1590 5209 1763 5276 Quem
1795 5209 1941 5263 cnim
1999 5206 2145 5260 misit

567 5296 733 5364 Deus,
753 5300 919 5357 verba
950 5298 1049 5354 Dei
1073 5300 1319 5370 loquitur
1339 5300 1404 5365 “,
1446 5320 1462 5349 ι
1496 5301 1705 5369 inquit;
1743 5298 2059 5353 necessario
2087 5296 2141 5350 id

570 5390 745 5447 fusius
779 5392 1029 5463 exponit,
1063 5399 1119 5448 et
1151 5393 1267 5447 ait:
1340 5413 1357 5445 ι
1403 5392 1563 5447 Pater
1601 5391 1783 5462 diligit
1834 5390 2057 5444 Filium.
2123 5409 2142 5441 ι

568 5476 687 5535 Non
721 5480 1086 5547 oﬂ‘eudemus,
1108 5482 1307 5552 inquit,
1330 5480 1497 5536 Deum
1529 5489 1583 5535 et
1613 5480 1854 5545 Patrem,
1892 5479 1937 5534 si
1962 5494 2148 5549 mqua-

453 5631 457 5635 γ
569 5568 671 5622 lem
701 5569 820 5638 ejus
846 5570 988 5624 Filio
1017 5572 1277 5626 honorem
1307 5570 1668 5627 exliibeamus
1699 5588 1713 5623 :
1753 5585 1863 5623 non
1902 5568 2145 5624 olfende-

570 5674 711 5725 mus,
735 5663 780 5716 si
821 5662 1042 5725 Filium,
1076 5664 1172 5733 qui
1200 5663 1466 5718 bonorum
1500 5661 1678 5716 Patris
1708 5662 2142 5718 subslantialitcr

641 5838 685 5869 ⁶²
714 5835 870 5891 Joan.
906 5852 942 5901 ι,
976 5835 1062 5890 16.
1143 5838 1188 5870 ⁸³
1220 5836 1378 5891 Num.
1413 5854 1487 5905 xl,
1533 5839 1613 5893 l7.
1694 5839 1736 5870 ”"
1771 5840 1931 5898 Joan.
1974 5836 2173 5906 111,36.

2260 3309 2345 3346 σει
2380 3292 2451 3346 τὰ
2491 3292 2642 3363 παρὰ
2673 3290 2829 3351 Θεοῦ,
2868 3289 2982 3342 ἀλλ’
3023 3287 3099 3350 ὡς
3135 3288 3266 3350 Θεὸς
3295 3288 3552 3358 ὑπάρχων
3584 3288 3648 3338 ὲκ
3681 3286 3845 3349 Θεοῦ,

2257 3385 2384 3447 τοὺς
2415 3383 2534 3453 Θεῷ
2577 3385 2883 3454 πρέποντας
2931 3380 3280 3450 ἀνερεύξεται
3324 3379 3534 3448 λόγους.
3578 3380 3843 3433 ’Λντικεί-

2260 3495 2412 3531 σεται
2460 3477 2516 3529 δὲ
2561 3479 2672 3540 τοῖς
2728 3476 3036 3546 εἰρημένοις
3085 3476 3355 3546 οὐδαμῶς,
3402 3476 3459 3528 τὸ
3511 3475 3597 3528 διὰ
3646 3476 3845 3546 χειρῶν

2258 3566 2632 3620 ἁποστολικῶν
2653 3566 2892 3619 δεδόσθαι
2916 3566 2979 3618 τὸ
3005 3565 3230 3636 Πνεῦμά
3260 3583 3405 3618 τισιν
3427 3566 3639 3618 οἴεσθαί
3669 3583 3841 3629 τιναςσ

2258 3657 2802 3728 πνευματοκλήτορας
2829 3657 2957 3727 γὰρ,
2996 3656 3140 3727 ἥπερ
3173 3656 3340 3719 ὅντως
3384 3656 3478 3709 τοῦ
3524 3657 3842 3726 Πνεῦματος

2256 3749 2525 3818 χορηγοὺς
2545 3749 2637 3802 τοῦ
2671 3749 2825 3817 ἁγίου
2858 3745 2995 3800 εἶναι
3025 3747 3416 3819 πιστεύσομεν·
3445 3750 3567 3802 ἐπεὶ
3595 3749 3690 3801 καὶ
3717 3750 3843 3801 Μω-

2257 3844 2357 3913 σῆς
2386 3844 2416 3895 6
2452 3842 2741 3913 μακάριος.
2781 3841 2879 3893 οὐκ
2927 3840 3090 3904 αὐτὸς
3138 3839 3355 3909 ἀφελεῖν
3394 3840 3501 3893 ἀπὸ
3544 3840 3638 3893 τοῦ
3689 3840 3838 3902 ὄντος

2255 3934 2343 3986 ἐπ’
2371 3933 2520 4004 αὐτῷ
2547 3932 2857 4001 πνεύματος
2890 3932 3304 4002 προσετάττετο,
3334 3932 3468 4003 μόνῃ
3510 3932 3568 3983 δὲ
3615 3934 3682 4002 τῇ
3734 3931 3843 4000 ἰδία

2254 4027 2555 4098 τετήρηκεν
2578 4024 2797 4094 ἐξουσίᾳ
2827 4025 2921 4077 καὶ
2951 4023 3108 4077 τοῦτο
3133 4023 3285 4087 Θεὸς,
3318 4021 3512 4095 χρῆναι
3553 4022 3653 4092 μὲν
3678 4023 3841 4074 αὐτὸν

2256 4116 2655 4189 προσϐαλὼθαι
2702 4119 2829 4180 τοὺς
2870 4117 3241 4188 ἐϐδομήκοντα
3273 4116 3476 4185 λέγων,
3524 4115 3745 4183 ἀφελεῖν
3779 4114 3835 4167 δὲ

2250 4192 2362 4260 ἀπὸ
2384 4205 2477 4259 τοῦ
2516 4205 2826 4276 πνεύματός
2855 4206 2951 4260 τοῦ
2978 4208 3067 4258 ἐπ’
3095 4206 3264 4277 αὐτῷ,
3301 4205 3394 4258 καὶ
3436 4206 3715 4276 ἐπιθήσειν
3749 4203 3832 4255 ἐπ’

2255 4297 2437 4359 αὐτοῖς
2469 4295 2916 4366 ὑπισχνούμενος.
2948 4297 3103 4367 ’ῌδει
3126 4294 3240 4367 γὰρ
3273 4294 3417 4366 μόνῳ
3452 4294 3683 4364 πρέπειν
3714 4294 3831 4345 ἐπι-

2252 4387 2425 4440 τελεῖν
2453 4386 2532 4457 τῷ
2564 4385 2684 4457 Θεῷ
2716 4387 2784 4439 τὰ
2823 4386 3123 4457 θεοπρεπῆ.

2867 4499 3119 4553 ΚΕΦΑΛ.
3154 4500 3227 4553 Δ’.

2257 4613 2374 4666 Ὅτι
2407 4612 2479 4666 οὐ
2510 4610 2905 4680 μεταληπτῶς
2938 4614 3006 4666 ἐν
3031 4613 3137 4678 Υἱῷ
3167 4613 3236 4666 τὰ
3275 4611 3375 4665 τοῦ
3410 4611 3559 4665 Θεοῦ
3592 4611 3689 4665 καὶ
3718 4613 3833 4665 Πα-

2423 4681 2562 4748 τρὸς
2589 4681 2730 4742 ἴδια,
2766 4683 2905 4736 ἀλλ’
2932 4682 3237 4749 οὑσιωὸὧς
3271 4683 3422 4735 κατὰ
3456 4683 3666 4750 φύσιν.

2333 4774 2389 4827 '0
2422 4774 2624 4841 Πατὴρ
2655 4772 2857 4844 ἀγαπᾷ
2885 4773 2993 4828 τὸν
3026 4776 3183 4839 Υἱὸν,
3220 4774 3319 4829 καὶ
3352 4773 3549 4827 πάντα
3578 4773 3837 4827 δέδωκεν

2246 4843 2317 4897 ἐν
2340 4844 2414 4913 τῇ
2446 4846 2596 4913 χειρί
2621 4843 2830 4898 αὐτοῦ.

2319 4935 2538 5005 Ἐπειδὴ
2564 4935 2677 5005 γὰρ
2704 4936 2944 5005 εἴρηκεν,
2988 4936 3061 4998 ὡς
3112 4937 3176 4989 ἐκ
3222 4932 3359 4989 Θεοῦ
3394 4935 3678 5005 πεφηνότα
3706 4934 3836 4987 Θεὸν

2245 5026 2335 5079 τὸν
2364 5025 2491 5079 Υἰὸν
2522 5025 2595 5096 μὴ
2640 5025 2848 5096 ἑτέροις
2873 5024 3131 5078 δύνασθαι
3157 5025 3395 5097 χρῆσθαι
3427 5025 3631 5094 λόγοις,
3665 5023 3697 5095 ἢ
3732 5021 3836 5077 οἷσ-

2246 5134 2351 5188 περ
2382 5116 2448 5170 ἃν
2478 5117 2743 5186 χρήσαιτο
2788 5117 2882 5169 καί
2920 5120 2947 5169 6
2983 5117 3249 5187 γεννήσας
3278 5117 3460 5179 αὐτὸν,
3496 5116 3722 5187 ἀληθέσι
3750 5117 3836 5185 δη-

2250 5206 2381 5277 λαδὴ
2418 5206 2477 5277 (ι
2517 5208 2615 5258 Ὃν
2646 5205 2753 5276 γὰρ
2775 5206 3092 5260 ἀπέστειλεν
3132 5209 3161 5259 6
3206 5208 3357 5270 Θεὸς,
3397 5207 3467 5260 τὰ
3497 5209 3716 5279 ῥήματα
3742 5206 3833 5261 τοῦ

2251 5298 2386 5351 Θεοῦ
2411 5297 2581 5360 λαλεῖ,
2614 5316 2632 5347 ι
2668 5297 2887 5366 φησίν)·
2917 5297 3225 5365 ἀναγκαίως
3265 5298 3354 5350 διὰ
3400 5299 3508 5351 τῶν
3544 5300 3836 5369 προκειμὲ-

2252 5408 2356 5444 νων
2403 5389 2849 5460 ὲπεξεργάζεται,
2902 5388 2993 5441 καί
3038 5404 3221 5460 φησιν·
3259 5408 3277 5441 ι
3318 5390 3377 5443 Ὀ
3411 5390 3604 5460 Πατὴρ
3647 5389 3835 5457 ἀγαπᾷ

2252 5484 2341 5538 τὸν
2368 5482 2520 5537 Υἱόν.
2547 5502 2564 5535 ι
2597 5483 2713 5535 Οὐκ
2751 5483 3067 5553 ἀνιάσομεν,
3102 5485 3258 5553 φησὶ,
3300 5482 3391 5537 τὸν
3428 5484 3564 5536 Θεὸν
3596 5482 3691 5537 καὶ
3723 5484 3832 5534 Πα-

2254 5577 2405 5649 τέρα,
2436 5577 2535 5644 τὴν
2567 5576 2688 5645 ἴσην
2725 5575 2802 5643 τῷ
2829 5572 2889 5638 ἐξ
2918 5573 3080 5627 αὑτοῦ
3120 5575 3433 5643 γεννηθέντι
3466 5574 3831 5643 περιτιθέντες

2251 5674 2434 5738 τιμήψ
2460 5667 2519 5719 οὔ
2551 5664 2997 5735 προσκρούσομεν
3029 5668 3094 5735 τῇ
3122 5666 3414 5734 θεοπρεπεί
3446 5664 3827 5733 στεφανοῦντε,

3024 5750 3071 5781 Ω
