4118 6528
202 392 309 447 9.81

1273 394 1341 447 IN
1384 393 1667 449 JOANNIS
1690 396 2145 454 EVANGELIUM
2176 397 2307 453 LIB.
2350 399 2415 455 11.

3373 408 3481 464 282

198 502 334 575 δόξῃ
367 502 460 556 τὸν
502 506 611 557 τῶν
646 504 741 557 τοῦ
789 503 1002 573 Πατρὸς
1041 504 1262 571 ἀγαθῶν
1313 508 1588 572 οὐσιωδῶς
1616 510 1803 581 κληρο-

1909 523 1992 569 εει
2012 513 2397 579 1ιιειεε,ιιίνίηο
2414 525 2586 585 gtorta
2603 524 2965 572 coronamus:
2988 537 3006 567 ‹
3035 515 3219 587 Diligit
3232 517 3377 572 enim
3389 494 3481 572 Fi-

200 598 394 665 νόμον·
431 615 449 647 ι
502 598 715 667 Ἀγαπᾷ
744 598 851 666 γάρ
890 594 981 649 τὸν
1015 596 1161 651 Υἰόν.
1196 616 1214 646 ι
1249 597 1457 652 Οὐκοῦν
1499 602 1803 673 ἐφησθήσε-

198 704 297 740 ται
329 688 428 758 μὲν
450 686 792 758 δοξαζομένῳ
831 689 937 760 πρὸ
979 687 1092 760 [γρ.
1125 690 1284 763 πρὸς]
1322 691 1500 763 ήμῶνν
1534 692 1805 766 βαρυνθέν

204 795 366 831 σεται
394 777 451 830 δὲ
485 778 621 847 πρὸς
644 776 705 829 τὸ
738 777 982 830 ἐναντίον
1003 794 1015 807 ⁸
1058 778 1151 831 καὶ
1182 783 1340 849 μήτις
1370 781 1584 844 οἰέσθω,
1616 783 1800 853 φησὶν,

202 871 285 933 ὡς
314 869 434 934 ἑνὸς
461 871 526 941 δὴ
550 870 743 924 τούτου
792 872 889 925 καὶ
928 871 1090 943 μόνου
1130 873 1463 944 θεοπρεποῦς
1493 876 1804 947 ἀξιώματος

207 961 549 1032 κληρονόμον
590 962 703 1032 ἔχει
746 962 837 1015 τὸν
887 962 1016 1015 ῖδιον
1051 963 1196 1018 Υἰόν.
1227 986 1245 1016 ι
1282 967 1464 1019 Πάντα
1510 968 1619 1038 γὰρ
1646 969 1806 1021 δέδω-

210 1072 311 1107 κεν
352 1056 410 1107 ἑν
449 1057 516 1125 τῇ
566 1056 711 1125 χειρὶ
752 1054 941 1109 αὐτοῦ·
982 1075 1003 1109 ›
1037 1058 1182 1112 τοῦτ’
1220 1058 1333 1112 ἔστι
1379 1060 1635 1131 σύμπαν,
1681 1064 1805 1116 ὅσον

209 1146 365 1199 ἐστὶν
425 1146 700 1210 οὐσιωδῶς
752 1146 955 1216 ἀγαθὸν
1010 1149 1069 1202 ὲν
1120 1153 1331 1222 Πατρὶ,
1375 1152 1531 1207 τοῦτο
1587 1154 1805 1219 πάντως

212 1238 366 1289 ἐστὶν
406 1239 466 1291 ὲν
516 1237 741 1309 δυνάμει
800 1239 894 1292 τοῦ
943 1241 1095 1296 Υἰοῦ,
1147 1243 1321 1315 Χεῖρα
1360 1245 1468 1316 γὰρ
1502 1247 1559 1298 ἐν
1597 1247 1807 1309 τούτοις

212 1328 482 1399 ὀνομάζει
515 1329 614 1402 τὴν
646 1331 899 1403 δύναμιν,
930 1332 1116 1407 ὥσπερ
1142 1335 1271 1390 ὅταν
1297 1336 1364 1389 δι’
1398 1337 1515 1400 ἑνός
1538 1352 1645 1391 που
1672 1356 1806 1409 προ-

211 1421 389 1488 φήτου
422 1420 585 1493 λέγηο
616 1442 634 1476 ι
670 1424 736 1477 Ἥ
764 1425 886 1497 χείρ
921 1445 1024 1498 μου
1046 1430 1348 1500 ὲστερέωσε
1381 1431 1471 1483 τὸν
1498 1431 1745 1501 οὐρανὸν,
1781 1449 1799 1482 ι

208 1511 335 1563 ἀντὶ
360 1511 457 1564 τοῦ
489 1515 522 1583 ἡ
554 1513 803 1586 δύναμις.
839 1518 997 1589 Ἔχει
1022 1519 1077 1573 δὲ
1101 1520 1324 1591 σύμπαν
1346 1522 1403 1577 ὲν
1432 1522 1610 1593 ἑαυτῷ
1627 1522 1686 1575 τὸ
1711 1524 1805 1577 τοῦ

210 1599 432 1670 Πατρὸς
483 1601 633 1666 ἴδιον,
657 1605 717 1656 οὐ
756 1606 1138 1678 μεταληπτῶς,
1178 1611 1227 1662 εί
1270 1611 1365 1664 καὶ
1397 1610 1684 1665 δεδωκέναι
1714 1612 1802 1665 λέ-

207 1707 373 1757 γεται
413 1694 441 1745 ὁ
488 1694 677 1766 Πατὴρ
729 1694 782 1767 (ἢ
828 1698 938 1770 γὰρ
990 1700 1055 1754 ἂν
1097 1702 1391 1773 ἐπίκτητον
1436 1704 1568 1775 ἔχοι,
1606 1707 1700 1759 καὶ
1742 1706 1803 1758 οὐ

205 1783 452 1854 φυσικὴν
478 1787 576 1856 τὴν
610 1787 859 1859 θεότητα)
885 1806 898 1820 ο
940 1791 1121 1845 δίδωτι
1152 1794 1209 1847 δὲ
1246 1794 1420 1860 οὕτως
1455 1796 1482 1847 ὁ
1509 1799 1698 1869 Πατὴρ
1727 1797 1804 1869 τῷ

207 1872 329 1943 ru;
363 1876 545 1928 πάντα
572 1876 641 1930 τά
687 1858 902 1943 ἑαυτοῦ,
938 1882 1247 1954 ὡσπερανεὶ
1287 1858 1699 1959 καὶήᾶνθρωπδς
1728 1858 1807 1959 τῶ
1834 1858 1879 1915 Β

204 1966 270 2032 ἐξ
300 1968 467 2021 αὐτοῦ
497 1969 653 2038 φῦντι
681 1973 832 2029 παιδὶ
872 1974 1071 2029 διδόναι
1107 1979 1277 2030 νοοῖτο
1310 1980 1377 2033 τὰ
1404 1981 1506 2050 τῆς
1526 1981 1806 2051 ἅνθρωπός-

199 2073 372 2128 τητος
425 2058 531 2113 ίδια
586 2062 619 2131 ἦ
667 2062 978 2135 ὡσπερανεὶ
1025 2068 1119 2121 καὶ
1167 2070 1228 2122 τὸ
1274 2070 1387 2143 πῦρ
1423 2075 1489 2143 τῇ
1529 2072 1587 2138 ὲξ
1640 2074 1805 2127 αὐτοῦ

200 2151 333 2200 κατ’
362 2150 643 2221 ἐνέργειαν
691 2155 955 2230 προῖούσῃ
1007 2157 1300 2233 θερμότητι
1351 2163 1548 2216 διδόναι
1595 2165 1805 2233 λέγοιτο

198 2239 310 2308 τῆς
343 2240 480 2305 ἰδίας
520 2243 731 2311 φύσεως
778 2248 839 2301 τὸ
883 2247 1099 2321 ἰδίωμα.
1136 2254 1223 2306 Ἐν
1272 2254 1330 2307 δὲ
1365 2257 1476 2320 τοῖς
1521 2257 1803 2323 τοιούτοις,

200 2332 304 2385 καὶ
330 2333 394 2386 τὸ
428 2340 728 2409 παρασχεῖν
773 2342 888 2403 τοῖς
930 2342 1262 2415 παρέχουσιν
1291 2346 1523 2419 ἀζήμιον
1550 2363 1562 2377 ⁸
1587 2350 1649 2403 οὐ
1695 2350 1805 2421 γὰρ

203 2422 352 2476 κατὰ
394 2428 661 2498 μερισμὸν
710 2429 743 2499 ἢ
787 2430 1074 2504 ἀποκοπὴν
1120 2435 1230 2489 τῶν
1278 2438 1614 2510 παρέχεσθαι
1657 2459 1801 2495 νοου-

204 2516 451 2588 μένωνή
486 2518 637 2584 ὁδόςο
695 2523 786 2577 καὶ
836 2526 969 2579 αὐτὸ
1006 2527 1075 2587 ,δὲ
1128 2528 1189 2583 τὸ
1222 2530 1380 2597 δόξαι
1425 2532 1643 2600 λαϐεῖν,
1689 2536 1805 2599 τοῖς

201 2606 473 2663 λαϐοῦσιν
509 2614 945 2687 ἀκατηγόρητον.
975 2618 1076 2673 Διὰ
1114 2620 1224 2693 γὰρ
1255 2622 1416 2691 μόνον
1441 2625 1502 2678 τὸ
1532 2625 1602 2689 ἐξ
1634 2620 1706 2682 οὗ
1735 2628 1805 2681 τά

199 2700 439 2754 τοιαῦτα
481 2702 716 2772 λέγεται,
759 2708 853 2760 καὶ
907 2712 1109 2783 φυσική
1152 2727 1258 2780 τις,
1310 2714 1375 2767 ἵν’
1428 2715 1601 2781 οὕτως
1640 2718 1801 2781 εἴπω,

198 2792 435 2862 ποιότης
479 2794 586 2849 τῶν
627 2797 937 2865 γεννώντων
982 2804 1183 2857 νοεῖται
1233 2804 1302 2859 τὰ
1354 2808 1694 2878 γεννώμενα,
1742 2811 1805 2864 τὸ

198 2883 255 2935 τί
286 2886 409 2937 ἐστι
438 2889 559 2940 κατ’
587 2889 774 2944 οὐσίαν
809 2892 870 2945 τὺ
896 2893 1100 2962 γεννῶν
1128 2896 1476 2965 ἐκφαίνοντα,
1505 2902 1601 2956 καὶ
1632 2917 1803 2957 κατα-

198 2973 600 3045 λαμπρύνοντα
621 2980 723 3051 τῆς
752 2982 957 3047 οἰκείας
984 2982 1169 3056 πηγῆς
1206 2984 1307 3058 τὴν
1352 2990 1493 3044 κατὰ
1533 2992 1697 3061 φύσιν
1722 2997 1804 3047 ὲν-

200 3067 454 3138 έργειαν.
485 3072 594 3124 Καὶ
622 3073 793 3128 ταῦτα
819 3075 918 3145 μὲν
957 3076 1141 3142 πάλιν,
1174 3077 1249 3144 ὡς
1292 3081 1384 3135 ὲπὶ
1431 3085 1803 3156 παραδειγμά-

1907 607 2065 661 lium.
2080 626 2098 657 ι
2127 607 2297 673 Igitur
2313 607 2679 661 oblectahitur
2694 623 2818 662 cum
2839 624 2869 662 a
2888 609 3045 664 nobis
3073 608 3161 662 ille
3179 608 3405 678 gloriam
3427 617 3483 664 et

1906 701 2121 756 laudem
2147 698 2415 769 accipiet;
2447 713 2610 754 secus
2640 714 2792 763 vero,
2818 700 3143 755 otl‘cndetur.
3171 699 3235 754 Et
3262 715 3332 754 ne
3356 701 3481 771 quis

1907 793 2227 856 arbitretur,
2258 791 2457 861 inquit,
2501 789 2700 844 Filium
2736 789 2882 843 Patri
2927 806 3051 846 esse
3101 792 3258 860 quasi
3317 792 3483 847 unius

1908 886 2077 956 hujus
2105 899 2170 940 ac
2201 885 2376 940 solius
2413 884 2612 938 divina:
2641 882 2929 952 dignitatis
2961 884 3250 939 haaredem.
3294 903 3312 935 ι
3348 882 3485 939 0m-

1906 979 1997 1033 nia
2021 978 2165 1033 enim
2195 976 2346 1031 dedit
2390 976 2444 1029 in
2475 990 2640 1029 manu
2675 974 2818 1044 ejus,
2871 993 2889 1025 ι
2930 975 3033 1029 hoc
3063 984 3167 1040 est,
3218 974 3485 1044 quidquid

1906 1069 2044 1126 boni
2074 1077 2159 1125 est
2191 1069 2245 1123 in
2273 1067 2439 1122 Patre
2468 1066 2930 1127 substantialiter,
2962 1066 3065 1119 hoc
3098 1067 3286 1135 utique
3313 1076 3398 1122 est
3430 1067 3485 1120 in

1908 1169 2180 1232 potestate
2211 1157 2357 1213 Filii.
2378 1158 2596 1214 Manum
2615 1158 2816 1212 etenim
2843 1157 2932 1211 hic
2956 1165 3280 1226 potestatem
3305 1165 3484 1223 vocat,

1908 1265 1968 1310 ut
1994 1270 2118 1309 cum
2147 1270 2245 1324 per
2279 1268 2447 1307 unum
2489 1250 2809 1322 prephetam
2840 1249 2919 1301 ait
2956 1249 3196 1302 alicubi:
3236 1268 3254 1298 ι
3294 1248 3487 1302 Manus

1907 1362 2029 1401 mea
2060 1345 2299 1399 ﬁrmavit
2325 1343 2526 1399 cmlum
2550 1343 2619 1406 ⁵⁵,
2658 1360 2674 1391 ι
2706 1341 2759 1396 id
2795 1351 2899 1403 εει,
2932 1340 3108 1395 virtus
3138 1354 3280 1393 mea.
3316 1337 3489 1393 Habet

1909 1446 2095 1493 autem
2127 1435 2304 1491 Filius
2338 1437 2394 1490 in
2445 1434 2627 1505 seipso
2677 1431 2944 1503 quidquid
2990 1438 3077 1488 est
3132 1430 3315 1486 Patris
3354 1445 3487 1500 pro-

1907 1530 2109 1600 prium,
2163 1543 2273 1583 non
2326 1542 2422 1597 per
2464 1524 2963 1596 participationem,
3024 1524 3242 1577 tametsi
3310 1521 3476 1576 Pater

1907 1620 2128 1675 dedisse
2170 1634 2389 1689 quoque
2432 1617 2635 1671 dicitur
2686 1614 2933 1684 (alioqui
2988 1613 3135 1669 enim
3190 1611 3485 1666 ascititiam

1908 1711 2296 1776 haberet,.non
2316 1716 2509 1763 autem
2547 1707 2851 1763 naturalem
2898 1704 3240 1774 deitatem);
3280 1704 3375 1760 sed
3412 1704 3485 1757 ita

1908 1800 2095 1854 omnia
2135 1813 2235 1853 sua
2273 1798 2367 1852 dat
2406 1795 2545 1851 Filio
2592 1793 2777 1860 Pater,
2826 1793 3287 1865 quemadmodum
3318 1791 3483 1845 etiam

1909 1894 2075 1947 homo
2103 1892 2291 1961 genito
2313 1906 2381 1946 ex
2411 1906 2471 1945 se
2505 1889 2618 1943 tilio
2652 1888 2894 1942 tribuere
2922 1892 3179 1941 censetur
3217 1883 3485 1955 quidquid

1909 1984 2193 2055 preprium
2218 1989 2304 2037 cst
2332 1988 2546 2035 natura:
2579 1980 2861 2042 humanae,
2891 1983 2988 2030 aut
3040 1976 3188 2030 sicut
3228 1974 3371 2044 ignis
3395 1989 3487 2027 co-

1908 2075 2009 2129 lori
2040 2089 2107 2129 ex
2134 2088 2195 2128 se
2232 2080 2359 2127 actu
2390 2069 2711 2141 procedenti
2746 2083 2808 2123 ea
2833 2082 2957 2139 qua:
2986 2074 3196 2121 natura:
3220 2080 3331 2120 sua:
3360 2080 3487 2134 pro-

1906 2168 2027 2237 pria
2055 2173 2185 2222 sunt
2220 2165 2461 2220 tribuere
2481 2164 2705 2219 dicitur.
2733 2163 2790 2216 In
2821 2161 2910 2216 his
2932 2168 3138 2226 autem,
3174 2158 3310 2213 dare
3333 2157 3485 2211 danti

1907 2261 2042 2316 nihil
2070 2261 2263 2316 obest:
2301 2272 2408 2314 nec
2445 2258 2590 2312 enim
2637 2254 2968 2310 divisionem
3028 2260 3124 2306 aut
3174 2252 3477 2307 sectionem

1907 2355 1998 2409 hic
2031 2356 2319 2426 patiuntur
2346 2368 2411 2409 ea
2447 2367 2572 2422 quae
2608 2350 2921 2412 traduntur,
2959 2355 3015 2402 et
3052 2344 3199 2416 quod
3238 2345 3486 2412 accipere

1906 2449 2146 2509 videtur,
2182 2446 2583 2516 accipientibus
2618 2440 2873 2497 dedecori
2926 2439 3064 2494 verti
3102 2435 3313 2505 nequit.
3364 2433 3488 2488 Haec

1905 2542 2050 2596 enim
2085 2540 2223 2594 nihil
2251 2538 2399 2591 aliud
2434 2550 2599 2606 quam
2631 2550 2695 2589 ex
2727 2534 2881 2602 171
2919 2546 3029 2601 quo
3076 2527 3405 2600 signiﬁcant,
3434 2534 3487 2580 et

1905 2630 2199 2692 naturalis,
2237 2636 2297 2682 ut
2331 2628 2405 2681 ita
2438 2626 2641 2685 dicam,
2674 2622 3056 2694 generantium
3089 2618 3327 2689 qualitas
3354 2630 3487 2670 cen-

1904 2731 2097 2780 sentur
2128 2735 2254 2775 esse
2289 2733 2351 2771 ea
2383 2732 2503 2787 quae
2528 2715 2853 2785 gignuntur,
2886 2725 3010 2764 cum
3045 2708 3326 2778 explicent
3353 2702 3484 2775 quid

1906 2817 2206 2873 secundum
2233 2814 2601 2870 substantiam
2628 2812 2699 2865 sit
2724 2810 2777 2863 id
2802 2807 2948 2878 quod
3001 2805 3268 2876 gignitur,
3308 2812 3365 2856 et
3396 2799 3483 2855 sui

1909 2908 2075 2964 l‘outis
2101 2908 2407 2962 naturalem
2433 2903 2810 2975 operationem
2842 2901 3135 2953 illustrent.
3163 2896 3342 2965 Atque
3368 2893 3485 2946 haec

1905 3000 2067 3054 ducta
2102 2999 2321 3071 quidem
2372 2999 2441 3051 ah
2487 2995 2754 3064 exemplis
2806 2989 3210 3047 similitudine:
3266 2984 3362 3042 sed
3394 2983 3485 3039 hia

1904 3091 2086 3161 major
2110 3099 2198 3147 est
2243 3090 2390 3145 Deus
2422 3089 2654 3143 scilicet.
2688 3084 2801 3140 Nec
2858 3082 3063 3138 idcirco
3115 3078 3343 3133 rationis
3377 3077 3485 3129 hu-

195 3175 337 3263 των,
366 3161 623 3263 δινωτέρω
651 3164 707 3217 δὲ
739 3164 944 3221 τούτων
975 3168 1214 3240 δηλονότι
1246 3170 1398 3237 Θεός.
1419 3175 1521 3228 Διά
1541 3192 1621 3230 τοι
1644 3178 1801 3232 τοῦτο

1909 3198 2082 3237 mana:
2128 3180 2445 3235 accusanda
2504 3188 2589 3233 est
2624 3176 2976 3231 imbecillitas
3006 3192 3020 3227 :
3057 3192 3077 3223 ι
3117 3171 3304 3226 Gloria
3339 3169 3481 3222 enim

194 3252 265 3303 τὸ
312 3251 676 3322 ἀνθρώπινον,
716 3257 1045 3313 ἀσθενοῦντα
1076 3259 1243 3328 λόγον
1275 3265 1375 3318 οὐκ
1415 3268 1792 3337 αἰτιασόμεθα.

204 3360 222 3391 ι
272 3342 414 3406 Δόξα
459 3344 568 3416 γὰρ
610 3346 812 3417 Κυρίου
864 3350 1096 3419 κρύπτει
1151 3353 1328 3421 λόγον,
1365 3374 1383 3406 ι
1425 3357 1568 3411 καθὰ
1602 3359 1798 3431 γέγραο

197 3449 364 3486 πται.
395 3435 503 3487 Καὶ
532 3438 579 3489 εἰ
622 3436 892 3508 βλέπομεν
913 3440 980 3493 δι’
1008 3442 1275 3514 ἐσόπτρου
1325 3447 1420 3498 καὶ
1450 3447 1794 3518 αἰνίγματος,

198 3526 303 3576 καὶ
333 3526 561 3596 νοοῦμεν
591 3529 656 3580 ἐκ
687 3530 904 3601 μέρους,
941 3532 1056 3597 πῶς
1084 3535 1150 3587 ἂν
1194 3536 1315 3606 οὐχὶ
1362 3537 1543 3609 πολλῷ
1578 3539 1642 3609 δὴ
1679 3558 1797 3609 μει-

199 3617 385 3681 ζόνως
417 3621 529 3681 τοῖς
554 3618 639 3672 διὰ
660 3620 908 3691 γλώττης
943 3624 1309 3695 άτονήσαιμεν
1344 3628 1619 3698 ρήμασιν;
1655 3630 1799 3701 Νοή-

200 3723 324 3770 est;
350 3708 637 3780 τοιγαροῦν
672 3711 932 3776 εὐσεϐῶς,
985 3713 1016 3785 ἢ
1068 3719 1207 3770 κατὰ
1244 3716 1434 3772 τοῦτον
1479 3720 1570 3773 τὸν
1597 3722 1798 3793 τρόπον

198 3802 265 3852 τδ
305 3802 482 3853 πάντα
511 3803 755 3857 δεδόσθαι
806 3810 957 3877 παρὰ
1002 3810 1213 3882 Πατρὸς
1262 3812 1340 3883 τῷ
1382 3813 1582 3885 Υίῷ·ἢ
1631 3832 1800 3885 παρα·

199 3892 357 3964 λήψῃ
396 3894 553 3947 πάλιν
580 3896 678 3966 τῆς
714 3899 853 3967 μετὰ
900 3902 1097 3972 σαρκὸς
1143 3904 1455 3976 οἰκονομίας
1484 3907 1576 3959 τὸν
1620 3906 1797 3974 λόγον,

198 3986 397 4038 οὐκέτι
453 3987 514 4040 τὸ
561 3988 788 4055 δοῦναι,
832 3995 927 4045 καὶ
978 3994 1195 4061 λαϐεῖν,
1247 3997 1340 4050 ἐπὶ
1390 3996 1499 4050 τῶν
1552 3999 1799 4068 φυσικῶν

1907 3273 2122 3328 Domini
2157 3273 2299 3326 celat
2335 3270 2585 3331 verbum,
2647 3287 2666 3318 ι
2711 3276 2774 3320 ιιι
2829 3265 3093 3335 scriptum
3126 3263 3295 3318 est“.
3327 3258 3483 3325 Quod

1905 3366 1953 3419 si
1988 3379 2089 3433 per
2133 3362 2415 3432 speculum
2452 3358 2703 3412 videmus
2736 3364 2791 3411 et
2817 3356 3068 3425 aenigma,
3105 3359 3162 3407 et
3195 3346 3482 3419 cognosci-

1905 3469 2027 3508 mus
2059 3468 2125 3507 ex
2150 3460 2328 3522 parte,
2356 3443 2636 3521 quomodo
2664 3462 2771 3501 non
2802 3446 2976 3500 multo
2996 3442 3171 3513 magis
3202 3452 3302 3496 nos
3320 3436 3483 3493 verba

1905 3544 2203 3600 deﬁcient?
2235 3544 2343 3596 Aut
2372 3542 2541 3613 igitur
2579 3540 2667 3609 pie
2689 3538 2961 3608 intelliges
2991 3537 3093 3590 hac
3118 3534 3332 3589 ratione
3358 3530 3484 3584 data

1904 3651 2028 3691 esse
2061 3651 2091 3689 a
2124 3633 2287 3689 Patre
2315 3638 2517 3688 cuncta
2557 3625 2698 3683 Filio
2745 3646 2758 3682 :
2801 3634 2898 3681 aut
2928 3626 2995 3679 ad
3048 3621 3484 3678 incarnationem

1906 3728 2054 3781 istud
2082 3725 2309 3790 referes,
2341 3724 2416 3777 ita
2449 3728 2509 3776 ut
2539 3734 2650 3774 non
2699 3717 2813 3787 jam
2849 3715 3001 3779 dare,
3036 3722 3100 3767 et
3131 3710 3384 3778 accipere,
3419 3705 3487 3760 de

1908 3818 2257 3874 naturalibus
2322 3812 2757 3887 proprietatibus
2820 3808 3203 3877 intelligatur,
3257 3800 3351 3856 sed
3417 3797 3487 3853 de

1906 3928 2122 3967 summa
2160 3912 2251 3966 illa
2288 3909 2414 3964 Filii
2441 3922 2610 3978 supra
2641 3912 3145 3960 creaturasomnes
3162 3891 3485 3959 eminentia,

1909 4011 1967 4054 ut
2000 4014 2219 4054 rursum
2251 3997 2461 4068 aliquid
2489 3993 2802 4052 istiusmodi
2831 4000 3012 4046 mente
3042 3986 3250 4057 capias.

202 4081 520 4150 ἰδιωμάτων
547 4081 886 4152 εἰσφέροντα,
912 4087 1028 4140 ἀλλ’
1049 4089 1142 4141 ἰπὶ
1168 4091 1233 4160 τῇ
1266 4090 1408 4144 κατὰ
1443 4092 1662 4147 πάντων
1686 4092 1794 4147 τῶν
1830 4093 2073 4164 γενητῶν
2102 4092 2320 4163 ἐξουσίᾳ
2347 4088 2566 4144 τιθέντα
2589 4088 2680 4141 τὸν
2704 4085 2854 4149 Υἰδν,
2891 4081 2978 4136 ἵνα
3020 4079 3181 4134 πάλιν
3244 4076 3371 4146 νοῇς
3432 4073 3487 4124 ’⁸⁸

199 4171 473 4225 τοιοῦτον.

295 4265 349 4315 '0
382 4265 583 4333 Πατὴρ
619 4267 820 4336 ἀγαπᾷ
857 4269 963 4324 τὸν
998 4271 1153 4337 Υίύν,
1186 4273 1285 4327 καί
1317 4274 1510 4329 πάντα
1538 4277 1799 4330 δέδωκεν

199 4354 281 4407 ἐν
316 4353 394 4422 τῇ
420 4357 567 4422 χειρὶ
597 4359 805 4415 αὐτοῦ.

282 4448 377 4516 Μὴ
407 4448 881 4514 άπαυθαδιζέσθω,
907 4453 1091 4523 φησιν,
1124 4453 1152 4506 ὁ
1194 4455 1472 4528 δυσήκοος,
1517 4457 1801 4528 ἄνθρωπον

204 4537 359 4608 ὁρῶν
396 4537 485 4590 τὸν
513 4539 767 4593 ἁπάντων
808 4541 1027 4612 κύριον,
1060 4544 1195 4615 μηδὲ
1220 4546 1488 4615 νομιζέτω
1510 4547 1801 4615 ψεύδεσθαι

1980 4273 2147 4327 Pater
2197 4267 2377 4338 diligit
2423 4261 2649 4330 Filium,
2696 4270 2748 4316 et
2793 4258 2973 4314 omnia
3018 4255 3161 4310 dedit
3208 4255 3265 4308 in
3322 4261 3487 4305 manu

1905 4383 2041 4421 εηιε.

1927 4385 2041 4419 Pus.

1927 4385 2057 4511 JNe
2113 4463 2407 4509 contumax
2454 4449 2529 4503 sit
2584 4443 2929 4506 incredulus,
2986 4438 3187 4509 inquit,
3245 4434 3485 4492 universi

1909 4548 2190 4604 dominum
2223 4543 2503 4598 hominem
2541 4538 2770 4602 videns,
2803 4549 2980 4603 neque
3021 4532 3124 4588 sibi
3162 4527 3491 4600 persuadeat

203 4631 313 4700 τὴν
343 4630 624 4699 ἀλήθειαν,
668 4632 730 4685 τὸ
778 4638 975 4705 χρῆναι
1009 4636 1282 4691 πιστεύειν
1323 4640 1398 4701 ὡς
1432 4638 1550 4710 Θεῷ
1582 4640 1670 4692 διὰ
1703 4641 1801 4711 τὴν

1912 4640 2136 4697 mentiri
2160 4638 2470 4699 veritatem,
2486 4634 2690 4688 uolens
2715 4631 2764 4684 ei
2802 4636 2861 4682 ut
2886 4627 2995 4681 Deo
3020 4624 3242 4679 credere
3266 4628 3490 4692 propter

208 4720 400 4791 σάρκα
418 4722 867 4794 παραιτούμενος.
895 4725 1143 4797 Δεχέσθω
1167 4730 1265 4799 τὴν
1296 4733 1599 4800 μαρτυρίαν
1616 4731 1801 4794 αὐτοῦ,

207 4813 713 4883 κατασφραγιξέτω
764 4815 820 4868 δὲ
876 4818 1190 4889 προθύμως,
1222 4822 1304 4873 ὅτι
1349 4823 1378 4874 ὁ
1429 4821 1561 4885 θεὸς
1597 4822 1808 4894 ἀληθής

208 4905 389 4966 ἐστιν,
424 4903 510 4955 ἵνα
554 4906 629 4975 μὴ
686 4906 828 4978 λυπῇ
871 4908 964 4960 τὸν
1008 4910 1064 4960 ὲν
1110 4911 1222 4973 τοῖς
1268 4911 1515 4982 οὐρανοῖς
1565 4913 1804 4985 Πατέρα.

224 4995 450 5064 Ἀγαπᾷ
489 4994 600 5066 γὰρ
640 4996 733 5050 τὸν
780 4999 909 5051 ἴδιον
952 5001 1110 5053 Υίόν·
1165 5003 1437 5068 ἀπόδειξις
1478 5005 1538 5057 δὲ
1589 5006 1688 5078 τῆς
1728 5008 1810 5070 εἰς

212 5087 386 5141 αὐτὸν
422 5088 663 5161 ἀγάπης,
704 5091 767 5143 τὸ
811 5092 1027 5146 πάντων
1067 5094 1216 5167 αὐτῷ
1260 5096 1492 5151 δίδοσθαι
1523 5098 1623 5170 τὴν
1665 5100 1811 5165 ἐξου-

217 5180 368 5232 σίαν.
403 5182 469 5232 ὐ
499 5180 563 5250 δὴ
615 5183 710 5235 καὶ
756 5184 919 5248 αὐτὸς
962 5185 1200 5255 ἔφασκεν
1241 5190 1270 5242 ὁ
1306 5190 1530 5261 Σωτήρ·
1566 5208 1587 5241 ι
1628 5192 1811 5245 Πάντα

219 5288 315 5341 μοι
374 5272 645 5344 παρεδόθη
689 5273 794 5327 ὐπὸ
844 5275 937 5328 τοῦ
990 5277 1201 5348 Πατρός
1247 5297 1368 5350 μου.
1411 5300 1429 5332 ι
1461 5283 1569 5335 Καὶ
1616 5283 1807 5337 πάλινο

222 5382 243 5412 ι
298 5362 487 5433 Ἐδόθη
536 5381 625 5434 μοι
661 5368 811 5420 πᾶσα
855 5366 1091 5433 ἐξουσία,
1128 5370 1184 5424 ἐν
1230 5390 1291 5425 τε
1332 5374 1568 5445 οὐρανῷ,
1599 5375 1692 5428 καί
1723 5376 1817 5429 ἐπὶ

218 5454 327 5523 τῆς
360 5455 482 5525 γῆς.
528 5475 546 5507 ι
572 5458 681 5510 Καὶ
711 5460 769 5511 οὐ
795 5459 968 5529 δήπου
1000 5461 1089 5515 διὰ
1116 5463 1175 5515 τὺ
1208 5464 1356 5531 δόξαι
1391 5465 1576 5519 λαϐεῖν
1610 5467 1641 5518 ό
1664 5466 1811 5529 Υἱὸς,

222 5545 466 5615 εὐλόγως
500 5547 567 5601 ἂν
609 5549 684 5613 ὡς
733 5551 971 5606 ἐλάττων
1010 5554 1115 5607 ὐπό
1162 5571 1255 5608 του
1304 5559 1691 5627 κατηγοροῖτοο
1725 5559 1818 5611 καὶ

464 5641 742 5712 Λαμϐάνει
795 5643 923 5713 γὰρ,
977 5645 1065 5697 ὅτε
1120 5647 1341 5715 γέγονεν
1394 5648 1696 5719 ἄνθρωπος,
1729 5649 1805 5701 ὅτε

1925 5665 2050 5703 cum
2105 5647 2284 5701 factus
2317 5653 2401 5700 εει
2445 5644 2630 5707 Ιιοιιιο,
2674 5655 2798 5695 cum
2836 5638 3074 5708 seipsum
3114 5642 3339 5707 propter
3396 5640 3494 5684 n0!

222 5639 374 5693 διατί
397 5656 411 5704 ;

1911 4747 2159 4790 carnem.
2220 4728 2473 4799 Accipiat
2522 4726 2646 4795 ejus
2710 4719 3125 4784 testimonium,
3178 4723 3234 4771 et
3281 4712 3487 4769 lubenti

1913 4825 2097 4879 animo
2141 4821 2398 4892 obsignet
2430 4818 2604 4872 Deum
2661 4828 2787 4870 esse
2844 4825 3116 4872 veraccm,
3163 4824 3235 4863 ne
3274 4807 3489 4859 Patrem

1913 4917 2154 4973 offendat
2208 4915 2302 4984 qui
2357 4914 2413 4968 in
2468 4910 2625 4967 caelis
2694 4915 2800 4963 est.
2856 4904 3043 4974 ltilig'rt
3100 4901 3244 4957 enim
3288 4898 3489 4951 Filium

1915 5025 2095 5066 suum.
2155 5008 2329 5077 Cujus
2378 5001 2693 5060 dilectionis
2748 5004 3130 5069 argumentum
3190 5002 3296 5055 est,
3346 4987 3491 5059 quod

1915 5114 2098 5155 rerum
2127 5098 2373 5153 omnium
2410 5103 2656 5165 potestas
2690 5091 2738 5144 ei
2762 5093 2896 5144 data
2925 5096 3048 5151 est;
3082 5083 3226 5156 quod
3272 5081 3491 5151 quidem

1921 5190 2178 5245 Salvator
2212 5190 2327 5260 ipse
2352 5187 2609 5241 dicebat:
2653 5204 2671 5235 ι
2714 5182 2911 5238 Omnia
2946 5179 3080 5234 mihi
3128 5174 3331 5230 tradita
3366 5179 3493 5227 sunt

1919 5298 1949 5336 a
1978 5281 2141 5335 Patre
2174 5295 2296 5334 meo
2314 5280 2380 5333 ".
2423 5296 2440 5329 ι
2502 5275 2633 5331 ltem
2666 5294 2680 5330 :
2757 5295 2778 5326 ι
2822 5273 2955 5327 Data
3014 5277 3102 5325 est
3142 5266 3280 5322 mihi
3311 5265 3493 5321 omnis

1919 5383 2169 5445 potestas
2196 5414 2211 5438 ,
2242 5372 2297 5427 in
2330 5371 2470 5426 eualo
2511 5376 2565 5424 et
2596 5368 2651 5422 in
2685 5375 2832 5420 terra
2856 5364 2924 5415 ⁸⁸.
2982 5380 2999 5413 ι
3038 5360 3227 5430 Neque
3258 5371 3395 5413 vero
3427 5371 3492 5410 ex

1919 5485 1983 5524 eo
2020 5467 2165 5538 quod
2215 5466 2465 5535 accipere
2504 5462 2677 5517 Filius
2723 5457 2960 5523 videtur,
3007 5454 3132 5525 jure
3180 5452 3389 5507 idcirco
3438 5455 3492 5502 ut

1921 5557 2189 5611 minorem
2248 5555 2398 5608 illum
2431 5566 2650 5622 arguas.
2672 5548 2816 5615 Quid
2875 5546 2985 5601 ita?
3033 5544 3265 5613 Accepit
3318 5540 3486 5599 enim.

301 5834 348 5864 ⁸⁵
382 5834 528 5889 I'sal.
568 5852 740 5902 xxx",
770 5836 821 5889 2.
899 5836 947 5868 ⁸³
978 5836 1135 5891 Prov.
1180 5853 1304 5902 xxv,
1334 5838 1387 5891 θ.
1469 5840 1512 5869 ³⁵⁷
1550 5838 1745 5891 Matth.
1780 5854 1804 5890 λ

1909 5835 1976 5889 l7.
2055 5834 2103 5865 "
2141 5831 2331 5885 Matth.
2368 5841 2561 5890 xxviii,
2592 5824 2679 5878 18.
