4118 6552
681 424 789 480 285

1669 417 1727 473 S.
1764 414 2043 474 CYRILLI
2077 413 2548 471 ALEXANDRINI
2586 414 2922 488 ARCHIEP,

3829 412 3940 476 εει

684 532 1004 599 exinanivit,
1027 547 1150 587 cum
1176 545 1372 587 servus
1396 539 1620 586 vocatus
1643 541 1728 588 est
1742 532 1811 597 ",
1832 532 1925 602 qui
1951 530 2212 586 Dominus
2236 549 2247 583 :

2353 531 2747 587 τεταπείνωκεν
2777 533 2967 605 ἑαυτὸν
2996 532 3063 585 δι’
3091 534 3258 602 ἡμᾶς,
3288 532 3377 595 ὅτε
3403 531 3601 603 δοῦλος.
3628 534 3767 609 ὲχρη
3778 534 3939 602 μάτι-

686 642 812 681 cum
866 626 1008 679 inter
1070 625 1305 679 famulos
1346 624 1622 691 ascriptus
1671 630 1792 686 est,
1827 623 1921 692 qui
1978 623 2114 677 liber
2168 632 2251 676 est

686 716 880 771 Filius.
914 714 1151 784 Alioqui,
1182 714 1459 785 quomodo
1493 714 1805 767 humiliavit
1846 714 2110 782 seipsum,
2158 722 2252 766 aut

683 809 958 877 quomodo
986 823 1051 862 ex
1087 808 1402 876 aequalitate
1434 821 1561 861 cum
1606 805 1718 860 Deo
1748 813 1802 859 et
1834 805 1997 861 Patre
2024 806 2251 861 descen-

683 898 831 953 disse
904 897 1145 952 dicitur?
1194 899 1391 952 Annon
1444 897 1590 953 enim
1642 897 1792 953 vides
1850 898 1903 951 in
1961 898 2048 952 his
2106 898 2251 952 hunc

682 990 904 1060 quidem
934 990 1040 1044 dici
1072 989 1290 1045 tradere
1319 990 1479 1044 modo
1526 988 1637 1044 Deo
1683 988 2048 1054 convenienti,
2100 988 2250 1042 illum

682 1087 864 1134 autem
900 1079 1141 1134 hominis
1174 1096 1237 1135 ac
1272 1081 1418 1135 servi
1452 1080 1663 1136 ratione
1695 1079 1949 1149 accipere
1975 1095 2099 1150 qua:
2146 1079 2245 1133 ha-

682 1168 843 1223 bebat
885 1176 943 1222 ut
974 1167 1116 1223 Deus
1139 1168 1297 1222 2Non
1328 1177 1414 1224 est
1440 1177 1623 1223 autem
1648 1172 1865 1239 proprie
1892 1171 2118 1226 donatio
2158 1172 2249 1226 illa

680 1275 803 1330 quae
828 1258 968 1314 Filio
995 1260 1210 1314 initium
1259 1259 1578 1314 dominandi
1634 1261 1801 1315 rebus
1863 1262 2119 1317 omnibus
2153 1262 2251 1315 tri-

681 1353 830 1415 buat,
864 1350 961 1407 sed
1016 1352 1264 1420 repetitio
1295 1352 1474 1421 potius
1529 1366 1594 1405 ac
1642 1351 1884 1406 reversio
1918 1353 2077 1405 etiam
2126 1369 2248 1407 cum

679 1458 849 1498 carne
878 1443 943 1496 ad
979 1450 1306 1512 potestatem
1340 1456 1447 1510 qua
1499 1439 1759 1509 praeditus
1797 1449 1921 1495 erat
1961 1449 2088 1494 ante
2128 1455 2250 1494 car-

681 1551 826 1590 nem.
853 1533 974 1588 Non
1011 1534 1154 1588 enim
1195 1548 1318 1587 eum
1356 1532 1534 1586 factus
1563 1540 1646 1586 est
1676 1531 1879 1594 homo,
1914 1538 2047 1584 tunc
2097 1546 2251 1585 crea-

680 1633 819 1680 tura
879 1625 1168 1694 imperium
1212 1623 1368 1692 1⁸12
1405 1623 1665 1692 capessit.
1709 1623 1983 1687 Quantam
2038 1623 2099 1676 in
2151 1622 2247 1677 de—

682 1718 1021 1786 pressiouem
1044 1716 1190 1770 enim
1219 1713 1574 1770 descendisse
1597 1715 1833 1778 dicetur,
1861 1714 1908 1769 si
1928 1730 2051 1768 cum
2073 1712 2249 1769 factus

678 1814 765 1860 est
788 1806 970 1869 homo,
1004 1814 1135 1860 tunc
1162 1805 1327 1874 cmpit
1354 1819 1476 1859 esse
1503 1803 1803 1859 Dominus?
1840 1803 1948 1859 Aut
1975 1803 2250 1875 quomodo

2357 642 2448 678 σεν
2476 626 2505 678 6
2534 626 2827 696 Δεσπότης,
2857 626 2943 678 ἇτε
2995 624 3213 709 γέγονεν
3255 625 3313 678 ὲν
3352 626 3589 689 οἰκέταις
3640 629 3673 682 ὁ,
3702 614 3939 679 ’ἐλεύθεο

2357 734 2447 787 ρος
2480 716 2639 780 Υἱός’
2672 717 2792 787 ἐπεὶ
2816 717 2954 769 κατά
2980 716 3101 769 τίνα
3143 716 3343 787 τρόπον
3376 717 3781 787 τεταπείνωκεν
3809 719 3936 769 ὲαο-

2352 809 2464 872 τὸν,
2496 809 2529 879 ἢ
2566 808 2681 869 πῶς
2713 806 2772 871 ἐξ
2803 807 3044 876 ἰσότητος
3076 806 3175 875 τῆς
3210 807 3344 878 πρὸς
3384 806 3475 859 τὸν
3518 807 3669 871 Θεὸν,
3698 806 3799 859 καὶ
3827 808 3939 859 Παο

2338 897 2486 969 ’τέρα
2526 897 2958 967 καταϐεϐηκέναι
3001 896 3253 967 λὶἐγεται;
3297 895 3367 947 Ἦ
3402 896 3509 979 γάρ
3552 897 3651 979 οὐχ
3704 894 3845 979 δρᾷς
3882 898 3938 951 ἐν

2352 992 2582 1057 τούτοις,
2599 992 2687 1044 τὸν
2707 993 2803 1061 μὲν
2818 991 3025 1044 διδόντα
3039 989 3377 1059 θεοπρεπῶς,
3394 989 3483 1041 τὸν
3497 978 3551 1041 δὲ
3570 978 3935 1057 ἀνθρωπίνως

2351 1100 2410 1136 τε
2434 1083 2527 1137 καὶ
2545 1074 2827 1144 οίκετικῶς
2854 1080 3153 1152 λαμϐάνειν
3176 1069 3481 1150 λεγόμενον,
3515 1075 3833 1149 άπερεῐχεν
3861 1080 3934 1141 ὡς

2351 1173 2513 1239 Θεός;
2535 1173 2609 1225 Οὐ
2628 1172 2772 1234 δόσις
2788 1171 2845 1225 δὲ
2874 1171 3078 1241 κυρίως
3097 1170 3245 1222 ἐστὶν
3266 1171 3298 1239 ἡ
3321 1168 3471 1239 παρά
3499 1158 3709 1239 Πατρδς
3728 1169 3816 1230 εἰς
3837 1169 3936 1236 ἀρ-

2351 1266 2451 1338 χὴν
2469 1266 2676 1318 τιθεῖσα
2694 1264 2791 1334 τῆς
2804 1266 2944 1317 κατά
2962 1246 3177 1318 πάντων
3194 1250 3513 1333 κυριότητος
3526 1260 3617 1314 τὸν
3638 1261 3771 1313 Υίόν
3791 1276 3807 1289 ·
3840 1263 3935 1313 ὲπ-

2351 1356 2628 1428 αναδρομὴ
2669 1356 2730 1410 δὲ
2756 1353 2975 1426 μᾶλλον,
3001 1353 3096 1408 καὶ
3124 1352 3479 1423 ἐπανάληψις,
3508 1353 3602 1405 καὶ
3628 1350 3770 1421 μετὰ
3802 1367 3936 1418 σαρ-

2350 1449 2444 1512 κὸς
2477 1452 2557 1512 είς
2582 1448 2682 1520 τὴν
2706 1449 2814 1519 πρὸ
2838 1446 3038 1516 σαρκὸς
3061 1446 3303 1515 ἐξουσίαν
3321 1463 3337 1478 ο
3368 1432 3426 1499 ού
3461 1444 3678 1515 γάρδὸτε
3706 1443 3937 1523 γέγονεν

2349 1539 2653 1611 ἄνθρωπος,
2684 1540 2802 1592 τότε
2835 1539 2935 1609 τῆς
2968 1538 3195 1601 κτίσεως
3233 1537 3457 1609 ἄρχεται
3483 1538 3729 1605 κρατεῖν.
3776 1535 3934 1588 Ἐπεὶ

2350 1633 2485 1702 πρὸς
2508 1632 2667 1685 ποίαν
2686 1633 2800 1704 ὲρεῖ
2822 1649 2905 1694 τις
2934 1630 3095 1683 αὐτὸν
3120 1628 3549 1697 καταϐεϐηκέναι
3573 1626 3932 1696 ταπείνωσιν,

2351 1725 2507 1794 εἰπερ
2560 1725 2659 1778 ὅτε
2696 1724 2915 1791 γέγονεν
2964 1721 3268 1793 ἄνθρωπος,
3328 1721 3446 1773 τότε
3501 1719 3595 1771 τοῦ
3651 1718 3941 1789 κυριεύειν.

2350 1817 2614 1888 ἀρχεδαη
2648 1816 2717 1867 Ἦ
2750 1814 2868 1879 πῶς
2910 1816 2966 1867 ἐν
2991 1817 3058 1884 τῇ
3098 1813 3188 1867 τοῦ
3219 1814 3404 1867 δούλου
3438 1815 3685 1883 φανεῖται
3721 1813 3935 1882 μορφῇ,

682 1898 735 1951 in
771 1897 912 1952 servi
947 1896 1118 1953 forma
1159 1897 1461 1966 apparebit,
1496 1898 1589 1966 qui
1630 1906 1760 1952 tunc
1792 1907 1943 1953 certe
1999 1898 2243 1952 omnium

2353 1874 2471 1959 τὲτέ
2520 1874 2722 1975 δὴϋκαὶ
2762 1874 2914 1974 μόλις
2962 1874 3215 1957 ἁπάντων
3259 1874 3936 1970 ἀναδεδειγμὲνοςᾏεῗσπό-

682 1987 864 2043 factus
894 1998 978 2049 est
1006 1988 1317 2043 Dominus?
1353 1986 1550 2043 Procul
1583 1989 1654 2043 sit
1686 1989 1795 2045 ista
1841 1991 2112 2044 rationum
2148 1990 2244 2043 ab-

681 2078 960 2143 surditas;
1015 2078 1110 2133 sed
1140 2093 1268 2132 cum
1324 2076 1504 2134 factus
1552 2086 1634 2135 est
1684 2079 1867 2144 homo,
1909 2088 2045 2133 tunc
2076 2080 2242 2133 etiam

682 2168 789 2224 hoc
818 2177 979 2238 pacto
1007 2168 1275 2227 dominari
1307 2169 1494 2239 cmpit,
1524 2170 1600 2224 ita
1634 2181 1814 2225 tamen
1840 2179 1898 2225 ut
1930 2170 2245 2241 dignitatem

680 2258 923 2313 divinam
952 2268 1172 2330 propter
1204 2275 1422 2315 carnem
1456 2275 1563 2316 non
1595 2262 1866 2325 amiserit,
1900 2261 1997 2317 sed
2025 2275 2244 2316 rursum

680 2349 750 2409 ad
781 2348 833 2403 id
863 2350 1008 2419 quod
1032 2359 1152 2405 erat
1192 2351 1374 2418 initio,
1402 2368 1525 2407 cum
1547 2368 1713 2408 carne
1741 2368 1963 2423 quoque
2001 2351 2243 2407 redierit.

680 2440 836 2506 Quod
872 2453 1052 2497 autem
1093 2444 1338 2512 priorum
1368 2444 1480 2499 sint
1514 2446 1766 2515 repetitio
1799 2462 1920 2515 quae
1941 2444 2008 2500 de
2028 2445 2247 2500 Christe

682 2532 953 2596 feruntur,
981 2534 1172 2603 prohat
1207 2536 1325 2605 ipse
1363 2536 1555 2592 dicens
1582 2555 1595 2591 :
1631 2557 1648 2589 ‹
1680 2536 1861 2602 Pater,
1887 2536 2127 2592 clariﬁca
2159 2553 2245 2592 me

682 2623 777 2679 illa
835 2626 1084 2684 claritate
1152 2644 1315 2696 quam
1387 2628 1551 2683 habui
1620 2630 1942 2699 priusquam
2010 2628 2249 2683 mundus

682 2722 829 2769 esset
859 2716 1000 2785 apud
1060 2724 1111 2771 te
1132 2715 1195 2769 ‘°.
1238 2736 1254 2766 ι
1325 2716 1488 2773 Vides
1530 2734 1639 2787 quo
1674 2727 1834 2787 pacto
1884 2733 1993 2773 non
2033 2718 2249 2775 initium

681 2807 891 2876 gloriae,
918 2809 1012 2864 sed
1051 2810 1463 2865 reuovationem
1488 2809 1607 2879 ejus
1631 2812 1776 2880 quod
1802 2810 1958 2880 prius
1988 2809 2248 2874 habebat,

682 2901 941 2969 postulet.
976 2900 1140 2971 idque
1179 2902 1351 2966 dicat,
1390 2910 1448 2956 ut
1481 2903 1681 2958 homo?
1725 2901 2020 2968 Praeterea,
2065 2902 2251 2957 omnia

682 2989 809 3045 data
847 3006 972 3046 esse
1002 2991 1395 3048 incarnationis
1426 3008 1597 3049 causa
1615 2991 1774 3057 Filio,
1808 2992 2057 3049 studioso
2086 2991 2249 3047 undi-

684 3095 794 3150 que
825 3082 1080 3150 colligere
1104 3090 1158 3137 et
1193 3084 1500 3153 intelligere
1519 3084 1741 3154 quidem
1773 3084 1982 3149 licebit,
2017 3085 2252 3142 maxime

2344 2011 2478 2065 της;
2518 1995 2730 2061 ’Ἄπαγε
2764 1994 2861 2063 τῆς
2887 1995 2943 2045 ὲν
2974 1995 3183 2055 τούτοις
3214 1991 3441 2054 ἀτοπίας
3462 1992 3585 2061 τῶν
3612 1988 3929 2060 λογισμῶνί

2346 2086 2458 2139 ἀλλ’
2485 2084 2712 2155 ἐπείπερ
2748 2084 3029 2154 ἄνθρωπος
3074 2082 3284 2151 γέγονε,
3316 2082 3439 2135 τότε
3490 2082 3585 2134 καὶ
3622 2080 3803 2142 οὕτως
3837 2080 3931 2150 ἄρ-

2345 2195 2499 2249 χεται
2525 2179 2769 2249 κρατεῖν,
2793 2176 2893 2229 οὑκ
2928 2171 3225 2228 ἀποϐαλὼν
3257 2173 3319 2226 τὸ
3364 2172 3666 2243 θεοπρεπὲς
3712 2170 3932 2239 ἀξίωμα

2344 2267 2434 2322 διὰ
2454 2267 2555 2340 τὴν
2575 2266 2777 2339 σάρκα,
2797 2262 3103 2319 ἀναϐαίνων
3122 2263 3179 2317 δὲ
3209 2258 3385 2327 αὖθις,
3421 2263 3513 2316 καὶ
3533 2252 3680 2332 ’μετά
3705 2277 3773 2312 σα
3780 2259 3929 2338 ρκδς,

2347 2356 2435 2424 ἑφ¹
2458 2356 2594 2426 ὅπερ
2621 2350 2689 2425 ἦν
2728 2354 2786 2420 ἐξ
2820 2353 3011 2424 ἀρχῆς.
3052 2352 3175 2405 Ὀτι
3204 2352 3260 2405 δὲ
3287 2352 3394 2405 τῶν
3423 2350 3801 2422 ἀρχαιοτέρων
3836 2350 3933 2399 ἐπ-

2348 2444 2614 2515 ανάληψις
2638 2440 2707 2514 ἦν
2736 2444 2804 2497 τὰ
2832 2442 2926 2496 ἐπὶ
2955 2442 3190 2513 Χριστοῦ
3226 2430 3619 2512 θρυλλούμενα,
3653 2441 3931 2509 πληροφο-

2351 2538 2505 2608 ρήσει
2533 2536 2705 2605 λέγων
2737 2535 2899 2599 αὑτός
2924 2550 2939 2566 ο
2972 2553 2992 2586 ι
3034 2534 3216 2604 Πάτερ
3261 2532 3479 2598 δόξασόν
3521 2549 3587 2602 με
3616 2535 3683 2601 τῇ
3711 2529 3866 2602 δόξῃ,

2349 2624 2494 2699 εἶχον
2537 2627 2642 2695 πρὸ
2666 2626 2760 2680 τοῦ
2811 2627 2903 2680 τὸν
2939 2628 3140 2698 κόσμον
3191 2624 3328 2681 εἶναι
3373 2626 3522 2697 παρά
3556 2626 3656 2679 σοί.
3708 2646 3727 2677 ι
3773 2626 3931 2694 Ὁρᾷς

2349 2722 2517 2785 ὃπως,
2553 2722 2613 2774 οὐ
2650 2720 2808 2789 δόξης
2848 2719 3042 2789 ἀρχὴν,
3078 2720 3588 2773 ἀλλ’ἑπανανέωσιν
3614 2719 3713 2786 τὴν
3756 2717 3841 2779 εἰς
3878 2716 3932 2767 τὸ

2350 2814 2574 2881 ἀρχαῖον
2613 2812 2769 2873 αἰτεῖ,
2803 2811 2896 2864 καὶ
2940 2811 3099 2864 τοῦτο
3141 2812 3313 2880 λέγων
3348 2811 3775 2882 ὼς⁸ἀνθρωποςς
3812 2810 3929 2861 Ὅτι

2351 2902 2407 2955 δὲ
2436 2901 2598 2955 πάλιν
2636 2900 2726 2954 διὰ
2761 2901 2860 2970 τὴν
2901 2900 2999 2970 τῆς
3032 2901 3450 2974 ἀνθρωπότητος
3479 2903 3659 2955 αἰτίαν
3692 2900 3929 2953 δεδόσθαι

2351 2996 2575 3065 λέγεται
2595 2996 2665 3051 τά
2692 2996 2867 3050 πάντα
2895 2996 2973 3069 τῷ
3001 2996 3138 3067 Υἱῷ,
3162 2978 3496 3066 πανταχόθεν
3528 2993 3627 3065 μὲν
3653 2996 3683 3047 6
3712 2993 3930 3063 φιλομα-

2355 3082 2452 3154 θὴς
2503 3085 2863 3154 ὲπισωρεύσει
2912 3085 3119 3154 σοφῶς,
3178 3085 3273 3139 καὶ
3334 3084 3573 3138 συνιέναι
3622 3084 3929 3150 δυνήσεται,

687 3178 869 3225 tamen
886 3185 952 3225 ex
972 3169 1063 3223 illa
1081 3171 1327 3227 horribili
1351 3172 1563 3228 visione
1580 3173 1819 3229 Danielis
1838 3175 1904 3238 εί,
1922 3174 1989 3237 in
2009 3190 2118 3244 qua
2134 3175 2251 3230 An-

2360 3174 2591 3243 μάλιστα
2629 3175 2685 3228 δὲ
2729 3176 2795 3229 δι’
2826 3177 3042 3247 ἐκείνης
3068 3174 3169 3245 τῆς
3205 3174 3306 3228 τοῦ
3343 3174 3542 3245 Δανιὴλ
3571 3172 3933 3245 φρικωδεστά-

688 3261 900 3330 tiquum
917 3260 1131 3316 dierum
1154 3262 1374 3331 quidem
1392 3272 1672 3332 spectasse
1688 3262 1765 3315 ait
1788 3262 2069 3318 sedentem
2088 3279 2253 3333 super

686 3353 904 3420 throno,
927 3363 982 3409 et
998 3354 1144 3410 mille
1158 3355 1349 3421 millia,
1368 3369 1432 3409 ac
1450 3354 1587 3409 dena
1604 3354 1774 3408 millia
1791 3354 1995 3409 denum
2014 3354 2244 3409 millium

686 3443 884 3512 partim
909 3444 961 3499 ei
994 3443 1332 3510 ministrare,
1371 3444 1573 3515 partim
1615 3453 1800 3500 astare
1840 3445 2059 3500 asserit.
2088 3445 2250 3501 Addit

685 3542 866 3588 autem
898 3553 913 3589 :
960 3553 980 3586 ι
1014 3537 1075 3590 Et
1104 3550 1230 3591 ecce
1258 3551 1383 3591 cum
1440 3535 1680 3592 nubibus
1714 3534 1837 3590 cmli
1889 3537 2048 3606 quasi
2080 3535 2252 3593 Filius

686 3622 924 3679 hominis
962 3625 1222 3680 veniens:
1255 3632 1310 3681 ct
1365 3641 1541 3695 usque
1594 3625 1664 3681 ad
1694 3625 2000 3695 Antiquum
2034 3625 2251 3681 dierum

688 3713 956 3780 pervenit,
1002 3725 1057 3773 et
1085 3714 1140 3773 in
1170 3723 1471 3786 conspectu
1503 3716 1624 3785 ejus
1652 3715 1969 3771 obtulerunt
2001 3731 2151 3773 eum.
2190 3718 2254 3774 Et

686 3803 849 3860 datus
876 3812 962 3861 est
988 3806 1093 3876 ipsi
1123 3808 1489 3877 principatus,
1514 3816 1568 3862 ct
1593 3807 1788 3872 honor,
1818 3814 1872 3862 et
1899 3824 2125 3878 regnum
2152 3827 2166 3863 :
2199 3817 2253 3864 et

686 3912 878 3953 omnes
918 3898 1123 3968 populi,
1167 3900 1351 3963 tribus
1390 3908 1444 3955 et
1487 3900 1684 3969 linguae
1729 3898 1831 3968 ipsi
1867 3900 2108 3955 servient
2129 3900 2193 3955 ".
2228 3917 2246 3950 ι

691 3984 854 4042 Vides
886 3988 1159 4058 quomodo
1191 3988 1280 4043 hic
1314 3996 1491 4043 totum
1509 3990 1670 4043 nobis
1708 3999 1967 4045 accurate
1992 3990 2254 4045 incarna-

688 4079 855 4134 tionis
878 4080 1196 4150 mysterium
1222 4082 1494 4148 delineet;
1517 4081 1669 4137 vides
1698 4098 1809 4151 quo
1840 4091 2005 4153 pacto
2024 4097 2250 4151 regnum

685 4184 715 4220 a
744 4166 908 4222 Patre
959 4170 1270 4239 suscepisse
1324 4171 1539 4225 dicatur
1574 4170 1773 4227 Filius.
1803 4170 1923 4226 Non
1976 4179 2059 4227 est
2108 4171 2252 4225 nuda

687 4265 962 4329 propheta:
992 4263 1190 4327 oratio,
1240 4261 1334 4317 sed
1369 4282 1388 4313 ι
1444 4264 1601 4331 quasi
1637 4262 1812 4318 Filius
1874 4262 2118 4319 hominis
2152 4278 2253 4332 ap-

686 4368 907 4422 parens,
939 4372 958 4403 ι
1002 4353 1202 4423 inquit.
1243 4372 1261 4404 ι
1302 4352 1624 4408 Humiliavit
1669 4353 1815 4409 enim
1845 4352 2151 4424 seipsum,»
2194 4361 2252 4408 ut

689 4444 957 4513 scriptum
1005 4452 1110 4508 est,
1158 4462 1176 4495 ι
1219 4443 1406 4498 habitu
1468 4452 1694 4514 propter
1752 4459 1854 4499 nos
1888 4444 2143 4500 inventus
2192 4452 2252 4499 ut

2352 3281 2453 3334 της
2499 3265 2781 3329 ὀπτασίας,
2810 3267 2871 3319 ὲν
3004 3266 3094 3319 τὸν
3143 3267 3240 3336 μὲν
3266 3266 3498 3319 Παλαιὸν
3536 3265 3647 3318 τῶν
3697 3265 3924 3337 ἡμερῶν

2353 3354 2640 3409 τεθεᾶσθαι
2669 3372 2835 3425 φησιν
2866 3355 3150 3426 ἱδρυμένον
3177 3358 3269 3411 ἐπὶ
3299 3357 3394 3410 τοῦ
3434 3358 3645 3430 θρόνου,
3668 3356 3851 3427 χιλίας
3880 3357 3933 3409 δὲ

2353 3444 2617 3513 χιλιάδας,
2642 3447 2737 3497 καὶ
2768 3445 2970 3516 μυρίας
2996 3447 3281 3518 μυριάδας,
3313 3449 3413 3511 τὰς
3445 3449 3543 3519 μὲν
3578 3448 3930 3519 λειτουργεῖν,

2352 3536 2450 3597 τὰς
2479 3535 2535 3587 δὲ
2564 3538 2900 3606 παρεστάναι
2933 3537 3343 3609 διισχυρίζεται.
3384 3539 3705 3609 Προσετίθει
3738 3540 3796 3593 δὲ
3823 3540 3933 3593 τού-

2353 3642 2465 3688 τοις
2491 3626 2573 3689 τὸ,
2604 3644 2623 3677 ι
2662 3626 2773 3680 Καὶ
2817 3627 2925 3681 ἰδοὺ
2965 3628 3106 3699 μετά
3136 3628 3244 3681 τῶν
3291 3630 3531 3700 νεφελῶν
3560 3630 3654 3683 τοῦ
3680 3630 3928 3702 οὐρανοῦ,

2353 3715 2429 3778 ὼς
2459 3716 2586 3778 Υίὺς
2617 3715 2902 3788 ἀνθρώπου
2946 3718 3239 3789 ἐρχόμενος
3283 3714 3373 3789 ἦν,
3424 3723 3518 3775 καὶ
3566 3721 3671 3784 ἕως
3708 3722 3804 3774 τοῦ
3834 3722 3931 3774 Πα·

2354 3807 2505 3862 λαιοῦ
2531 3806 2639 3860 τῶν
2660 3807 2886 3879 ἡμερῶν
2913 3808 3168 3878 ἔφθασεν,
3190 3809 3284 3863 καὶ
3325 3809 3553 3865 ἐνώπιον
3582 3812 3751 3865 αὐτοῦ
3778 3829 3930 3882 προσ-

2352 3899 2575 3969 ηνέχθη,
2614 3900 2707 3953 καὶ
2736 3901 2872 3972 αὐτῇ
2914 3901 3068 3973 ἐδόθη
3110 3903 3143 3973 ὴ
3186 3901 3351 3973 ἀρχὴ,
3386 3904 3481 3956 καὶ
3519 3906 3553 3974 ἡ
3597 3904 3751 3975 τιμὴ,
3783 3905 3927 3975 καὶὴ

2354 3987 2623 4057 βασιλεία,
2654 3990 2750 4042 καὶ
2776 3989 2975 4053 πάντες
3007 3990 3057 4043 οί
3104 3991 3245 4056 λαοὶ,
3281 3990 3466 4061 φυλαὶ,
3495 3992 3739 4060 γλῶσσαι
3786 3993 3929 4061 αὐτῷ

2352 4078 2739 4141 δουλεύσουσιν.
2785 4099 2804 4132 ι
2848 4081 3010 4152 Ὁρᾷς
3068 4082 3186 4145 πῶς
3235 4084 3293 4136 ἐν
3346 4082 3578 4147 τούτοις,
3634 4084 3755 4136 ὅλον
3807 4085 3929 4153 ἡμῖν

2353 4170 2594 4242 ἀκριϐῶς
2628 4172 3040 4242 καταγράφεται
3084 4175 3183 4241 τῆς
3233 4173 3696 4244 ὲνανθρωπήσεως
3728 4173 3790 4226 τὸ
3835 4191 3928 4241 μυ-

2356 4264 2603 4333 στήριον,·
2632 4263 2764 4333 ὁρᾷς
2785 4263 2931 4326 ὅπως
2956 4262 3256 4333 λαμϐάνειν
3293 4264 3510 4332 λέγεται
3532 4264 3630 4333 τὴν
3656 4263 3928 4332 βασιλείαν

2355 4352 2502 4423 παρά
2536 4353 2747 4423 Πατρὺς
2785 4354 2813 4405 6
2839 4353 2968 4417 Υἱός
2990 4369 3003 4383 ·
3040 4354 3100 4406 οὐ
3131 4354 3337 4424 γυμνὸς
3362 4355 3441 4425 τῷ
3473 4356 3727 4425 προφήτῃ
3760 4354 3926 4422 λόγος,

2353 4443 2467 4496 ἀλλ’
2510 4443 2586 4506 ὡς
2620 4444 2747 4506 Υἱὸς
2787 4443 3073 4515 ἀνθρώπου
3111 4446 3463 4515 φαινόμενος·
3521 4463 3541 4495 ι
3577 4447 3930 4499 Ἐταπεῐνωσε

688 4534 854 4589 homo
876 4535 941 4602 ⁸³,
978 4554 996 4585 ι
1036 4543 1093 4588 ιιι
1122 4536 1334 4603 primus
1359 4551 1579 4605 quoque
1616 4535 1685 4589 ad
1731 4551 1961 4608 regnum
1995 4552 2251 4592 reversus

2358 4531 2467 4604 γὰρ
2500 4533 2743 4596 ἐαυτὸν,›
2771 4533 2912 4587 καθά
2933 4534 3264 4605 γέγραπται,
3289 4537 3557 4605 «σχήματι
3580 4535 3648 4587 δι’
3672 4537 3820 4604 ἡμᾶς
3848 4537 3930 4588 εὑ-

689 4625 910 4678 initium
940 4625 1100 4680 nobis
1147 4635 1201 4679 et
1230 4626 1314 4679 via
1364 4628 1552 4695 gloriae
1591 4627 1791 4696 regalis
1825 4627 2139 4682 exsisteret.
2190 4626 2257 4682 Et

691 4712 1148 4783 quemadmodum
1193 4714 1300 4766 vita
1331 4730 1454 4768 cum
1508 4714 1579 4770 sit
1629 4714 1930 4770 secundum
1981 4724 2255 4782 naturam,

689 4806 973 4862 descendit
995 4818 1218 4876 propter
1248 4823 1351 4862 nos
1391 4808 1458 4862 ad
1485 4816 1717 4863 mortem
1743 4810 1929 4865 carnis
1950 4824 2049 4880 pro
2079 4809 2258 4865 omni-

689 4899 815 4963 bus,
877 4906 936 4952 ut
981 4912 1084 4953 nos
1145 4912 1175 4951 ο
1226 4905 1401 4952 morte
1457 4904 1513 4953 et
1552 4900 1910 4970 corruptione
1971 4900 2257 4965 eximeret,

690 4996 912 5060 propter
942 4988 1360 5045 similitudinem
1391 5005 1554 5060 quam
1592 4991 1756 5048 habet
1785 4991 2072 5047 nobiscum
2100 4992 2259 5047 nobis

691 5081 933 5149 seipsum
964 5080 1375 5151 quodammodo
1412 5083 1771 5151 permiscens,
1798 5090 1853 5137 et
1880 5083 2006 5138 vitae
2041 5091 2261 5139 aeternae

694 5172 987 5241 participes
1015 5172 1259 5229 etliciens
1284 5190 1308 5245 ιΔ
1347 5173 1432 5229 sic
1464 5175 1718 5245 quamvis
1749 5175 1939 5245 gloriae
1970 5175 2042 5231 sit
2071 5174 2259 5229 Domi.

694 5280 823 5324 nus,
860 5273 918 5318 ut
947 5263 1111 5330 Deus,
1159 5267 1370 5324 nostris
1422 5275 1604 5323 tamen
1638 5267 2005 5325 dedccoribus
2038 5266 2259 5323 confor-

694 5366 891 5419 matur,
919 5363 1057 5410 utet
1089 5355 1158 5411 ad
1192 5360 1401 5429 regium
1437 5358 1699 5413 honorem
1738 5358 1979 5414 hominis
2006 5365 2261 5412 naturam

694 5444 938 5499 reducat.
983 5445 1201 5505 Primus
1232 5450 1376 5504 enim
1411 5448 1595 5505 factus
1655 5456 1740 5505 est
1775 5449 1830 5503 in
1885 5450 2167 5514 omnibus,
2201 5459 2259 5503 ut

692 5535 895 5591 Paulus
932 5535 1105 5605 ait“,
1130 5549 1185 5595 et
1212 5539 1321 5606 via,
1355 5548 1409 5596 et
1439 5538 1638 5611 janua,
1662 5549 1716 5595 et
1747 5539 2003 5611 primitiae
2031 5546 2251 5594 nostro-

694 5643 814 5682 rum
857 5630 1149 5699 bonorum,
1186 5646 1216 5684 a
1252 5638 1432 5688 morte
1474 5630 1543 5686 ad
1577 5632 1765 5695 vitam,
1805 5632 1960 5701 173
2001 5647 2031 5686 a
2063 5646 2259 5686 corru-

2361 4625 2537 4698 ρεθεὶς
2563 4625 2639 4689 ὡς
2667 4625 2949 4696 ἄνθρωπος
2972 4642 2986 4655 ·
3012 4645 3031 4677 ι
3072 4626 3157 4678 ἵνα
3184 4627 3276 4679 καὶ
3307 4628 3521 4696 πρῶτος
3552 4627 3632 4690 εἰς
3665 4627 3932 4697 βασιλείαν

2360 4715 2686 4785 ἀνενεχθεὶς,
2721 4716 2860 4786 ἀρχὴ
2898 4715 3060 4770 πάλιν
3089 4717 3217 4785 ἡμῖν
3242 4716 3337 4769 καὶ
3380 4716 3497 4780 ὁδὸς
3542 4718 3645 4787 τῆς.
3682 4720 3766 4781 εἰς
3795 4717 3932 4786 βασι·

2359 4806 2508 4859 λείαν
2553 4805 2711 4875 δόξης
2756 4805 3066 4876 ἀναδειχθῇ.
3114 4807 3223 4859 Καὶ
3271 4806 3460 4877 ῶσπερ
3503 4808 3766 4877 ὑπάρχων
3804 4809 3933 4861 κατὰ

2362 4896 2523 4966 φύσιν
2553 4894 2691 4967 ζωὴ,
2714 4895 3057 4965 καταϐέϐηκε
3081 4895 3148 4947 δι’
3169 4897 3318 4965 ἡμᾶς
3340 4898 3419 4959 εἰς
3441 4896 3533 4949 τὸν
3557 4897 3703 4967 ὑπὲρ
3724 4898 3934 4950 πάντων

2363 4986 2504 5041 κατά
2532 4986 2712 5057 σάρκα
2749 4986 2997 5052 θάνατον,
3021 4984 3107 5038 ἵνα
3133 4986 3278 5056 ἡμᾶς
3320 4987 3415 5039 καὶ
3438 4985 3669 5039 θανάτου
3695 4986 3793 5038 καὶ
3813 4985 3933 5053 (peo-

2364 5082 2463 5151 pi;
2500 5078 2778 5148 ἐξέληται,
2816 5078 2904 5131 διὰ
2946 5077 3047 5147 τῆς
3103 5077 3239 5147 πρὸς
3286 5078 3433 5146 ἡμᾶς
3475 5075 3791 5145 ὁμοιώσεως
3832 5071 3933 5130 οἷον

2361 5170 2628 5240 ἀναμίξας
2677 5169 2901 5233 ἑαυτὸν,
2944 5168 3039 5221 καὶ
3097 5166 3244 5237 ζωῆς
3280 5167 3378 5237 τῆς
3422 5166 3639 5219 αἰωνίου
3683 5166 3931 5236 μετόχους

2362 5261 2850 5333 ἀπεργασάμενος⁹
2894 5259 3036 5313 οὕτω
3078 5260 3173 5313 καὶ
3220 5259 3340 5322 ταῖς
3378 5257 3674 5329 ἡμετέραις
3712 5257 3930 5325 ὀλιγοτιο

2367 5356 2516 5427 μίαις
2562 5352 3042 5424 συσχηματίζεται,
3068 5349 3271 5421 Κύριος
3316 5348 3416 5418 τῆς
3455 5349 3610 5428 δόξης
3659 5349 3926 5419 ὑπάρχων,

2364 5446 2439 5509 ὡς
2463 5446 2617 5511 Θεὸς,
2643 5445 2731 5498 ἵνα
2763 5444 2855 5497 καὶ
2878 5444 2957 5505 εἰς
2985 5441 3082 5512 τὴν
3109 5440 3353 5511 βασιλίδα
3373 5441 3538 5511 τιμὴν
3562 5441 3813 5513 ἀναγάγῃ
3840 5442 3926 5509 τὴν

2362 5538 2650 5607 ἀνθρώπου
2683 5535 2863 5606 φύσιν.
2910 5534 3101 5603 Γέγονε
3144 5532 3257 5603 γὰρ
3294 5534 3351 5586 ὲν
3383 5534 3557 5587 πᾶσιν
3580 5532 3740 5594 αὐτὸς
3789 5550 3923 5602 πρω-

2368 5629 2558 5693 τεύων,
2581 5627 2656 5693 ὡς
2682 5629 2709 5679 6
2731 5624 2939 5694 Παῦλός
2956 5640 3138 5695 φησιν,
3168 5624 3259 5676 καὶ
3281 5623 3417 5687 ὁδὸς,
3438 5623 3532 5675 καὶ
3548 5621 3708 5692 θύρα,
3735 5623 3824 5674 καὶ
3844 5624 3923 5674 ἁπ-

766 5814 811 5849 “
849 5815 1047 5886 Philip.
1090 5831 1150 5883 ιι,
1184 5817 1235 5870 7.
1315 5818 1357 5850 ⁸ο
1388 5814 1545 5872 Joau.
1579 5834 1710 5888 xvu,
1745 5818 1795 5873 5.
1876 5818 1913 5848 ⁶¹
1958 5815 2071 5872 Dan
2128 5832 2221 5885 vn,

2353 5816 2433 5872 ιο.
2514 5810 2991 5881 «numnam.
3069 5807 3514 5881 °°rhi1ip.u,7.
3586 5804 3916 5872 “Col.t,lv8.
