4118 6546
87 405 214 467 285

1178 415 1246 471 ΙΝ
1281 417 1566 473 JOANNIS
1600 413 2048 472 EVANGELIUM
2096 412 2225 471 LIB.
2260 414 2320 471 ll.

3269 415 3378 471 286

90 524 263 597 αρχὴ
294 525 411 580 τῶν
433 529 529 598 τῆς
548 528 962 600 ἀνθρωπιὴητος
979 531 1219 599 ἀγαθῶν,
1237 538 1303 587 ἐκ
1324 533 1554 588 θανάτου
1575 533 1705 605 πρὸς

1813 530 1998 603 ptione
2032 528 2101 585 ad
2130 527 2621 598 incorruptionem,
2655 526 2725 582 ab
2764 526 3137 582 imbecillitate
3171 524 3239 581 ad
3268 526 3382 581 viro
3455 517 3458 522 ’

92 616 288 687 ζωὴν,
311 619 381 672 ὲκ
398 617 602 690 φθορᾶς
622 622 703 684 εἰς
725 621 1052 693 ἀφθαρσίαν,
1072 623 1131 687 ἐξ
1148 625 1429 689 ἀσθενείας
1458 628 1538 689 εἰς
1555 624 1706 679 δύνα-

97 726 228 778 μιν,
258 713 328 765 ὲκ
350 712 594 776 δουλείας
617 713 697 776 εἰς
727 713 1018 779 υίοθεσίαν,
1042 713 1103 779 ἐξ
1125 715 1345 784 ἀτιμίας
1378 717 1470 770 καὶ
1493 716 1707 783 ἀδοξίας

96 802 189 865 εἰς
219 804 401 875 τιμὴν
429 804 700 869 καὶδόξαν
730 803 828 876 τὴν
853 804 1157 877 βασιλικήν.
1187 807 1397 861 Οὐκοῦν
1427 809 1554 862 ὅταν
1583 808 1707 878 φαί-

96 911 283 964 νηται
321 895 618 966 λαμϐάνων
659 895 734 959 ὡς
753 896 1039 970 ἄνθρωπος
1067 901 1096 952 6
1121 899 1269 965 Υἰὸς,
1297 901 1432 971 ὅπερ
1461 897 1605 973 εἶχεν
1631 902 1707 966 ῶς

98 985 287 1050 Θεὸς,
347 987 828 1060 σκανδαλιζώμεθα
876 990 975 1059 μὲν
1028 991 1312 1063 μηδαμῶς,
1348 992 1616 1063 ἐννοῶμεν
1650 993 1706 1046 δὲ

105 1078 331 1146 μᾶλλον
362 1080 459 1150 τῆς
479 1080 545 1133 δι’
571 1081 720 1150 ἡμᾶς
765 1082 859 1134 καὶ
905 1081 1045 1152 ὑπὲρ
1090 1083 1246 1153 ήμῶν
1274 1084 1584 1153 οἰκονομίας
1616 1083 1707 1137 τὸν

101 1170 346 1237 τρόπον.
382 1170 535 1225 Οὕτω
563 1172 672 1244 γάρ
706 1174 944 1241 άτρωτόν
970 1192 1027 1227 τε
1058 1177 1150 1228 καὶ
1177 1176 1406 1246 ἀζήμιον
1449 1176 1540 1228 τὸν
1581 1177 1709 1230 ἑαυ-

102 1260 225 1312 τῶν
258 1262 663 1335 διατηρήσομεν
688 1266 832 1321 νοῦν.

198 1352 270 1405 '0
303 1356 608 1409 πιστεύων
640 1358 728 1423 εὶς
768 1359 880 1412 τὸν
932 1359 1085 1425 Υὶὸν,
1115 1360 1239 1428 ἔχει
1265 1358 1419 1428 ζωὴν
1445 1359 1703 1413 αἰώνιον.

186 1444 309 1512 Οὐχ
338 1444 546 1510 ἁπλῶς,
577 1447 699 1500 οὐδὲ
752 1447 1039 1519 ἀζητήτως
1086 1453 1200 1514 τοῖς
1245 1449 1590 1504 πιστεύουσιν
1628 1451 1708 1513 εἰς

105 1536 363 1602 Χριστὸν
422 1535 567 1607 ζωὴν
614 1538 938 1609 προκεῖσθαι
989 1541 1050 1592 τὸ
1101 1541 1268 1611 γέρας
1318 1543 1346 1594 6
1400 1539 1707 1609 σοφώτατος

104 1626 495 1697 ἰπιμαρτυρεῖ
559 1628 889 1699 Βαπτιστὴς,
944 1630 1061 1683 ἀλλ’
1120 1629 1179 1697 ἐξ
1234 1631 1402 1701 αὐτῆς
1444 1631 1595 1700 ἡμῖν,
1640 1629 1709 1681 ἶν’

103 1714 295 1779 οὕτως
320 1718 483 1782 ετπω,
508 1718 605 1788 τῆς
631 1718 739 1771 τῶν
758 1720 1094 1790 πραγμάτων
1116 1721 1395 1792 ποιότητος
1407 1719 1709 1791 εἰσκομίζει

103 1804 215 1875 τὴν
268 1807 578 1871 ἀπόδειξινο
616 1808 728 1879 ζωὴ
769 1810 870 1878 μὲν
921 1812 1029 1881 γὰρ
1091 1812 1232 1865 κατά
1274 1811 1436 1880 φύσιν
1483 1812 1631 1865 ἐστὶν
1678 1812 1709 1864 6

1806 630 2001 687 tutem,
2029 635 2059 674 a
2082 620 2344 677 servitute
2376 619 2435 673 in
2463 617 2810 688 adoptionem
2859 619 3093 673 filiorum
3129 616 3224 672 Dei
3242 618 3311 681 “,
3344 633 3377 671 a

1807 713 2073 769 dedecore
2106 719 2161 767 et
2191 710 2491 783 ignominia
2522 708 2588 764 ad
2621 709 2884 765 honorem
2917 718 2969 766 et
3018 710 3245 781 gloriam
3293 724 3378 763 re-

1805 806 2006 877 galem.
2034 804 2221 875 Itaque
2247 818 2373 857 cum
2403 801 2528 857 vide
2540 810 2632 857 tur
2651 804 2904 872 accipere
2927 809 2985 855 ut
3014 802 3178 855 homo
3206 799 3379 856 Filius

1807 913 1871 953 ea
1898 912 2025 968 qua;
2051 894 2289 951 habebat
2317 904 2375 948 ut
2402 893 2569 957 Deus,
2600 908 2710 948 non
2754 892 3117 958 offendamur,
3154 892 3250 948 sed
3288 907 3381 945 η·-

1809 991 2011 1045 tionem
2049 987 2485 1058 dispensationis
2518 1001 2641 1056 quae
2668 985 2842 1041 nostri
2872 999 3037 1040 causa
3072 992 3125 1039 et
3153 999 3251 1054 pro
3279 996 3384 1037 no-

1808 1083 1894 1137 bis
1930 1080 2074 1136 facta
2103 1089 2187 1136 est
2216 1080 2401 1135 animo
2440 1078 2628 1150 potius
2660 1078 3087 1149 perpendamus.
3120 1075 3210 1131 Sic
3232 1074 3379 1131 enim

1809 1173 2267 1229 invulnerabilem
2295 1183 2349 1228 et
2382 1172 2649 1227 illibatam
2682 1177 2918 1226 mentem
2965 1178 3215 1224 nostram
3264 1183 3370 1225 ser-

1808 1265 2083 1320 vabimus.

1808 1356 1878 1411 Ill
1900 1397 1914 1421 ,
1956 1357 2045 1412 36.
2087 1356 2194 1423 Qui
2213 1356 2377 1410 credit
2405 1356 2458 1409 in
2488 1354 2721 1422 Filium,
2745 1353 2901 1408 habet
2920 1354 3079 1408 vitam
3104 1361 3378 1406 wternam.

1879 1445 2002 1501 Non
2039 1446 2374 1516 simpliciter
2410 1459 2515 1500 nec
2567 1444 2886 1498 indiscusse
2932 1441 3285 1497 credentibus
3324 1441 3381 1493 in

1808 1536 2092 1591 Christum
2132 1535 2301 1590 vitam
2336 1533 2679 1605 propositam
2714 1534 2929 1589 essein
2968 1532 3255 1603 premium
3292 1545 3386 1586 sa-

1810 1627 2194 1698 pientissimus
2222 1626 2471 1697 Baptista
2502 1634 2763 1692 testatur,
2799 1624 2895 1681 sed
2924 1640 2990 1679 ex
3024 1624 3142 1694 ipsa
3163 1666 3178 1689 ,
3214 1631 3275 1676 ut
3308 1622 3383 1677 ita

1809 1715 2031 1784 dicam,
2088 1731 2273 1772 rerum
2314 1716 2583 1785 qualitate
2620 1715 3148 1771 demonstrationem
3190 1712 3381 1768 infert.

1816 1807 1936 1862 Vita
1964 1809 2109 1865 enim
2147 1808 2454 1864 secundum
2486 1818 2739 1863 naturam
2769 1816 2853 1863 est
2888 1806 3245 1876 Uuigenitus.
3278 1823 3296 1856 ι
3324 1804 3386 1858 In

106 1899 439 1969 Μονογενής
461 1916 474 1929 ·
513 1918 531 1950 ε
570 1899 659 1952 Ἑν
686 1900 835 1970 αὐτῷ
862 1901 971 1973 γὰρ
1004 1903 1206 1973 ζῶμεν,
1253 1904 1346 1955 καὶ
1389 1902 1705 1973 κινούμεθα,

1811 1902 1932 1971 ipso
1970 1902 2174 1972 quippe
2204 1901 2441 1956 vivimus
2463 1940 2477 1965 ,
2520 1896 2828 1966 movemur,
2862 1907 2918 1954 et
2951 1913 3147 1954 sumus
3181 1898 3247 1950 ⁸⁵.
3275 1915 3293 1947 ι
3323 1897 3385 1950 In

108 1989 212 2041 καὶ
242 1990 438 2058 ἐσμέν.
478 2009 496 2041 ι
531 1991 896 2055 Εἰσοικίζεται
946 1991 1002 2044 δὲ
1057 1993 1275 2055 πάντως
1314 1993 1445 2062 ἡμῖν
1487 1990 1575 2045 διὰ
1607 1993 1710 2061 τῆς

105 2079 383 2143 πίστεως,
408 2080 504 2132 καὶ
534 2084 778 2133 κατοικεῖ
806 2080 895 2133 διά
918 2080 1011 2133 τοῦ
1045 2082 1202 2148 ἀγίου
1233 2080 1551 2150 Πνεύματος
1574 2098 1587 2111 ο
1617 2084 1712 2134 καὶ

108 2172 470 2240 μαρτυρήσει
510 2171 683 2240 λέγων
735 2174 763 2225 6
801 2172 1195 2244 εὐαγγελιστὴς
1252 2172 1504 2243 Ἰωάννης
1543 2174 1601 2226 ὲν
1641 2174 1712 2225 οἰ-

107 2263 299 2327 κείαις
346 2263 689 2327 Ἐπιστολαῖς
713 2280 725 2295 ·
765 2283 783 2316 ι
834 2266 925 2317 Ἐν
944 2265 1118 2335 τούτῳ
1142 2263 1502 2335 γινώσκομεν,
1533 2266 1614 2319 ὅτι
1652 2265 1711 2317 έν

105 2357 248 2423 ἡμῖν
273 2356 451 2421 ἐστιν,
479 2356 559 2408 ὅτι
582 2357 645 2408 ὲκ
666 2355 762 2408 τοῦ
789 2356 1282 2426 [Ινεύματοςαύτοῦ
1304 2355 1504 2411 ἔδωκεν
1522 2358 1671 2429 ἡμῖν.
1687 2376 1704 2410 ι

106 2446 454 2514 Ζωοποιήσει
494 2446 782 2518 τοιγαροῦν
834 2450 863 2501 6
910 2446 1146 2519 Χριστὸς
1185 2447 1313 2511 τοὺς
1355 2448 1710 2513 πιστεύοντας

108 2538 194 2599 εἰς
218 2538 408 2602 αὐτὸν,
444 2540 518 2602 ὡς
553 2539 713 2603 αὐτὸς
765 2541 1029 2611 ὑπάρχων
1070 2540 1214 2594 κατά
1262 2540 1424 2610 φύσιν
1451 2542 1585 2613 ζωὴ,
1617 2543 1709 2595 καὶ

106 2630 305 2683 λοιπὸν
346 2631 619 2685 κατοικῶν
648 2633 705 2685 έν
737 2633 940 2696 αὐτοῖς.
974 2634 1099 2687 Ὅτι
1141 2633 1197 2688 δὲ
1227 2633 1317 2687 διά
1341 2635 1442 2706 τῆς
1472 2636 1707 2698 πίστεως

105 2723 135 2772 ὁ
169 2721 302 2784 Υἱὸς
344 2721 643 2786 αὐλίζεται,
704 2722 1110 2795 πληροφορήσει
1168 2723 1342 2792 λέγων
1391 2726 1420 2777 6
1461 2723 1703 2787 Παῦλος·

113 2833 137 2887 ι
167 2813 377 2866 Τούτου
438 2815 597 2884 χάριν
660 2815 894 2884 κάμπτω
929 2815 997 2868 τὰ
1046 2816 1251 2885 γόνατά
1296 2833 1400 2886 μου
1439 2815 1577 2888 πρὸς
1616 2817 1707 2869 τὸν

106 2905 365 2976 Πατέρα,
403 2905 465 2970 ἐξ
507 2902 567 2961 οὗ
620 2909 765 2960 πᾶσα
802 2908 1007 2979 πατριὰ
1042 2907 1099 2961 έν
1127 2925 1186 2961 τε
1216 2908 1432 2980 οὐρανῷ
1484 2910 1580 2963 καί⁹
1614 2908 1708 2961 ἐπὶ

107 2998 215 3077 τῆς
243 3001 350 3069 γῆς
374 2998 727 3068 ὀνομάζεταιο
761 3002 845 3055 ἴνα
893 3000 967 3075 δῷ
1011 3002 1145 3073 ὑμῖν
1167 3001 1309 3055 κατά
1344 3001 1435 3055 τὸν
1477 3000 1709 3054 πλοῦτον

106 3090 213 3159 τῆς
240 3091 613 3165 χρηστότητος
660 3092 846 3155 αὑτοῦ,
899 3092 1123 3162 δυνάμει
1178 3092 1593 3163 κραταιωθῆναι
1620 3093 1708 3146 διὰ

108 3181 207 3234 τοῦ
238 3176 561 3253 Πνεύματος
605 3183 765 3254 αὑτοῦ
811 3183 969 3255 [vulg.
1007 3184 1178 3238 addit.
1233 3188 1312 3248 εἰς
1354 3185 1443 3239 τὸν
1475 3186 1581 3238 ἔσω
1614 3185 1705 3239 ἄν·

110 3274 363 3346 θρωπον]
404 3276 727 3349 κατοικῆσαι
765 3276 854 3347 τὸν
896 3277 1130 3347 Χριστὸν
1181 3279 1239 3331 έν
1288 3280 1407 3341 ταῖς
1452 3278 1703 3347 καρδίαις

110 3364 273 3433 ὑμῶν
296 3363 386 3418 διὰ
416 3365 515 3433 τῆς
533 3365 787 3428 πίστεως.
816 3384 835 3417 ι
867 3367 993 3434 Ὅτε
1019 3367 1198 3419 τοίνυν
1235 3367 1322 3420 διὰ
1347 3367 1445 3437 τῆς
1468 3367 1703 3433 πίστεως

111 3455 147 3523 ἡ
185 3454 330 3509 κατὰ
360 3456 521 3525 φύσιν
548 3458 680 3526 ἡμῖν
704 3457 1107 3527 ὲπεισκρίνεται
1137 3458 1272 3530 ζωὴ,
1310 3458 1425 3522 πῶς
1445 3460 1544 3513 οὐκ
1571 3460 1704 3531 ἀλη-

1816 1993 1975 2047 nobis
2002 2000 2187 2048 autem
2219 1992 2596 2049 introducitur
2620 2008 2717 2062 per
2741 1992 2898 2047 fidem
2922 2031 2937 2055 ,
2966 1998 3021 2047 et
3054 1990 3263 2043 habitat
3288 2002 3386 2057 per

1814 2092 2069 2139 sanctum
2101 2082 2388 2154 Spiritum.
2410 2085 2581 2155 quue
2609 2083 2853 2139 Joannes
2882 2083 2936 2137 in
2970 2083 3089 2138 suis
3122 2080 3388 2152 Epistolis

1814 2182 2050 2230 testatur
2089 2174 2280 2232 dicens
2306 2194 2320 2233 :
2349 2195 2367 2228 ι
2392 2176 2450 2231 lu
2482 2176 2585 2231 hoc
2622 2176 3013 2247 cognoscimus
3041 2174 3169 2245 quia
3205 2174 3259 2228 in
3290 2189 3390 2228 no-

1811 2266 1897 2322 bis
1930 2274 2049 2332 est,
2088 2267 2351 2338 quoniam
2388 2268 2457 2322 de
2491 2267 2692 2338 spiritu
2729 2282 2834 2323 suo
2873 2266 3025 2322 dedit
3062 2265 3224 2320 nobis
3259 2265 3323 2318 ⁸⁷.
3363 2284 3385 2317 ι

1810 2356 2075 2414 Vivificat’
2098 2358 2268 2430 igitur
2296 2358 2554 2415 Christus
2585 2358 2876 2415 credentes
2907 2357 2962 2412 in
2990 2372 3071 2422 se,
3104 2363 3236 2427 puta
3264 2371 3391 2410 cum

1810 2452 1884 2507 sit
1909 2450 2027 2522 ipse
2054 2451 2360 2507 secundum
2387 2461 2645 2507 naturam
2674 2454 2805 2516 vita,
2832 2465 2896 2505 ac
2927 2450 3150 2506 demum
3182 2448 3392 2503 habitet

1811 2542 1864 2596 in
1898 2543 2056 2613 ipsis.
2093 2541 2253 2608 Quod
2296 2551 2479 2599 autem
2520 2558 2619 2614 per
2659 2544 2820 2598 fidem
2860 2542 3037 2599 Filius
3079 2540 3389 2605 inhabitet,

1809 2632 2017 2691 Paulus
2048 2644 2207 2690 certo
2243 2635 2409 2693 nobis
2439 2636 2882 2700 demonstrabit,
2915 2634 3106 2690 dicens
3132 2652 3145 2688 :
3169 2652 3186 2684 ι
3213 2631 3391 2702 Hujus

1810 2727 1887 2782 rei
1916 2727 2096 2797 gratia
2124 2726 2284 2782 flecto
2315 2742 2494 2798 genua
2525 2742 2646 2783 mea
2676 2727 2745 2781 ad
2768 2725 2989 2780 Patrem
3012 2762 3028 2789 ,
3048 2738 3115 2780 ex
3140 2738 3251 2793 quo
3280 2736 3393 2778 om-

1809 2819 1898 2888 nis
1938 2818 2250 2890 paternitas
2289 2819 2346 2873 in
2386 2819 2533 2874 coelo
2570 2827 2626 2874 et
2662 2817 2719 2872 in
2752 2823 2900 2872 terra
2934 2814 3293 2870 nominatur:
3331 2818 3392 2867 ut

1809 2912 1904 2967 det
1948 2912 2108 2967 vobis
2149 2911 2459 2967 secundum
2499 2910 2726 2966 divitias
2764 2909 2954 2981 gloria:
2993 2921 3141 2973 suae,
3182 2906 3392 2961 virtute

1809 3004 2163 3059 corroborari
2209 3019 2304 3074 per
2345 3000 2615 3072 Spiritum
2656 3005 2778 3072 ejus
2815 2998 3096 3056 Christum
3138 2996 3393 3052 habitare

1808 3112 1905 3166 per
1940 3096 2102 3152 fidem
2144 3098 2201 3151 in
2245 3096 2512 3152 cordibus
2542 3096 2741 3151 vestris
2773 3095 2839 3153 ⁸⁸.
2869 3113 2886 3145 ι
2916 3094 3054 3148 Cum
3107 3105 3237 3161 ergo
3294 3104 3393 3158 per

1811 3187 1973 3243 fidem
2005 3189 2117 3242 vita
2162 3188 2257 3242 illa
2291 3187 2601 3243 secundum
2637 3194 2889 3240 naturam
2931 3184 2985 3237 in
3026 3198 3129 3238 nos
3162 3181 3390 3242 subeat,

1806 3278 2086 3349 quomodo
2127 3293 2294 3335 verax
2328 3292 2439 3333 non
2468 3288 2553 3333 est
2595 3277 2688 3347 qui
2736 3276 2909 3331 dicit:
2941 3294 2959 3327 ι
2992 3274 3098 3342 Qui
3128 3272 3305 3329 credit
3335 3272 3391 3325 in

1811 3368 2045 3436 Filium,
2091 3367 2251 3423 habet
2296 3369 2465 3423 vitam
2508 3375 2770 3422 arternam
2816 3386 2879 3422 :i
2910 3367 3087 3437 ipsum
3133 3363 3393 3419 videlicet

1816 3459 2017 3526 Filium
2040 3499 2055 3527 ,
2090 3474 2203 3515 non
2240 3468 2426 3515 autem
2458 3459 2622 3513 aliam
2660 3459 2729 3513 ab
2760 3458 2881 3529 ipso
2918 3461 3108 3513 vitam.

112 3534 217 3619 θ’ὴς
246 3552 275 3603 6
305 3550 503 3618 λέγων,
542 3571 561 3603 ι
614 3552 671 3605 '0
694 3542 963 3605 πιστεύων
1006 3554 1085 3615 εἰς
1106 3554 1199 3606 τὸν
1223 3552 1372 3616 Υἱὸν,
1412 3553 1526 3623 ἔχει
1566 3556 1713 3626 ζωὴν
1751 3554 2003 3621 αἰῶνιον;
2036 3573 2056 3608 ι
2103 3554 2266 3608 αὐτὸν
2326 3551 2567 3624 δηλονότι
2597 3552 2689 3606 τὸν
2723 3552 2871 3617 Υίὸν,
2918 3552 3011 3604 καὶ
3048 3549 3147 3619 οὐχ
3200 3547 3393 3617 ἑτέραν

100 3642 239 3729 ητινά
269 3644 400 3713 παρ’
424 3644 587 3697 αὑτὸν
613 3643 905 3713 νοουμένην
937 3642 1105 3713 ζωήν.

190 3746 264 3790 ὐ
303 3738 373 3807 δὲ
415 3735 674 3791 ἀπειθῶν
712 3734 790 3800 τῷ
822 3734 953 3801 Υἰῷ,
980 3737 1089 3807 οὐκ
1136 3738 1347 3821 ὄψεται
1380 3737 1494 3804 τὴν
1523 3736 1691 3803 ζωήν.

217 3922 320 3993 Ap‘
347 3915 464 3996 οὖν,
507 3919 622 3990 ἐρεῖ
659 3935 742 3982 τις
780 3918 961 3989 τυχὸν,
999 3917 1191 3993 έτέραν
1228 3920 1362 3996 ἡμῖν
1405 3918 1700 3992 πρεσϐεύει

114 3992 280 4081 δόξαν
310 4016 340 4066 6
389 3993 721 4081 Βαπτιστής,
768 4010 861 4065 καὶ
888 4010 978 4064 τὸν
1010 3992 1109 4081 τῆς
1144 3992 1492 4076 ἀναστάσεως
1524 4029 1703 4085 παρα-

115 4104 334 4176 φθείρει
362 4104 539 4172 λόγον,
567 4103 1069 4173 ζωοποιηθήσεσθαι
1120 4104 1220 4174 μὲν
1254 4104 1346 4157 τὸν
1383 4090 1705 4161 πιστεύοντα

114 4194 319 4265 λέγων,
346 4195 440 4249 τὸν
472 4193 527 4248 δὲ
556 4195 629 4265 μὴ
682 4194 927 4266 τοιοῦτον,
971 4196 1072 4248 οὐκ
1123 4182 1346 4265 ὄψεσθαι
1385 4196 1531 4265 ζωὴν
1568 4197 1704 4261 ὅλως

117 4285 599 4356 διαδεδαιούμενος
624 4303 638 4351 ;
681 4286 1122 4358 Ἐγερθησόμεθα
1152 4287 1233 4353 δὲ,
1264 4288 1405 4341 κατὰ
1434 4288 1493 4341 τὸ
1535 4287 1701 4352 εἰκὸς,

116 4377 179 4445 οὐ
217 4377 448 4442 πάντες,
490 4374 691 4447 ταύτην
741 4377 871 4447 ἡμῖν
916 4377 1358 4448 εἰσκεκομικότος
1404 4376 1499 4430 τοῦ
1545 4377 1702 4447 λόγου

114 4469 215 4543 τὴν
244 4466 539 4538 διαφοράνο
582 4461 702 4520 εἶτα
741 4468 835 4519 ποῖ
872 4484 1000 4521 ποτε
1033 4469 1274 4541 χωρήσει
1313 4468 1373 4521 τὸ
1418 4468 1700 4532 ἀπολύτως

118 4561 213 4613 καὶ
245 4560 324 4623 ὡς
350 4560 437 4627 ἐφ’
464 4559 667 4613 ἅπασιν
695 4559 1003 4630 εἰρημένον,
1037 4578 1055 4611 ι
1079 4562 1500 4631 Ἀναστήσονται
1530 4562 1579 4615 οἱ
1611 4580 1699 4616 νε-

1877 3736 1978 3805 111,
2008 3736 2096 3793 56.
2131 3737 2235 3803 Qui
2260 3745 2434 3791 autem
2474 3734 2777 3790 incredulus
2817 3744 2895 3789 est
2941 3734 3123 3802 Filio,
3171 3751 3274 3789 non
3313 3734 3391 3789 vi-

1808 3817 1951 3883 debit
1982 3829 2168 3883 vitam.

1879 3922 1963 3975 An
1994 3921 2187 3992 igitur,
2225 3920 2442 3993 inquiet
2472 3920 2664 3976 forsan
2697 3920 2898 3991 aliquis
2924 3961 2939 3988 ,
2975 3920 3254 3977 diversam
3295 3934 3393 3975 no-

1812 4012 1897 4069 bis
1930 4012 2180 4084 Baptista
2219 4014 2453 4085 gloriam
2493 4013 2819 4079 constituit,
2860 4019 2914 4068 et
2964 4011 3394 4068 resurrectionis

1811 4104 2081 4160 rationem
2121 4105 2471 4175 corrumpit,
2512 4104 2750 4160 dicendo
2787 4100 3130 4158 vivificatum
3171 4100 3392 4171 quidem

1805 4197 1871 4251 iri
1909 4195 2234 4264 credentes,
2276 4196 2599 4251 incredulos
2627 4209 2762 4250 vero
2786 4208 3138 4263 nequaquam
3169 4191 3393 4246 visuros

1809 4289 1978 4345 vitam
2017 4289 2367 4345 asserendo?
2404 4288 2785 4343 Excitabimur
2823 4302 2990 4350 vero,
3039 4294 3098 4339 ut
3152 4285 3389 4348 videtur,

1806 4399 1917 4438 non
1965 4397 2197 4449 omnes,
2251 4382 2396 4437 inter
2450 4396 2552 4436 nos
2595 4380 2743 4435 istud
2804 4376 3145 4435 intercedere
3194 4376 3393 4432 discri-

1810 4473 1976 4529 minis
2016 4473 2225 4529 dictum
2261 4472 2398 4527 illud
2431 4471 2725 4541 significet.
2765 4472 2836 4525 At
2887 4485 3127 4540 quonam
3170 4469 3389 4525 demum

1810 4565 1979 4619 abibit
2008 4563 2144 4618 illud
2180 4562 2439 4618 absolute
2477 4569 2532 4618 et
2580 4568 2842 4631 tanquam
2884 4561 2953 4616 de
3001 4560 3258 4614 omnibus
3306 4558 3394 4612 di-

118 4652 242 4723 κροί
270 4668 286 4718 ;
331 4672 349 4702 ι
377 4652 442 4704 Τί
473 4651 518 4705 6'
563 4652 628 4706 ἂν
658 4652 752 4704 καὶ
799 4652 945 4723 δρῴη
980 4651 1156 4721 λέγων
1189 4655 1216 4707 6
1253 4652 1484 4720 Παῦλος,
1517 4672 1535 4704 ι
1567 4655 1705 4717 Τοὺς

1808 4664 1958 4711 ctum
1981 4696 1996 4721 ,
2029 4674 2048 4708 ι
2079 4654 2396 4726 Resurgent
2445 4653 2648 4709 mortui
2675 4653 2765 4706 "?
2794 4671 2812 4705 ι
2841 4650 2981 4717 Quid
3047 4666 3181 4705 vero
3230 4649 3392 4704 faciat

118 4745 227 4816 γὰρ
260 4745 469 4808 πάντας
516 4745 662 4814 ἡμᾶς
718 4743 798 4796 δεῖ
850 4743 1231 4816 φανερωθῆναι
1268 4744 1579 4816 ἔμπροσθεν
1605 4744 1697 4799 τοῦ

120 4835 368 4904 βήματος
398 4832 492 4885 τοῦ
524 4832 780 4904 Χριστοῦ,
806 4832 891 4886 ἵνα
930 4833 1224 4903 κομίσηται
1255 4834 1482 4898 ἕκαστος
1506 4836 1576 4889 τά
1612 4835 1731 4899 διὰ,

116 4926 210 4979 τοῦ
260 4926 513 4996 σώματος
547 4925 684 4996 πρὸς
719 4926 756 4979 ἃ.
800 4925 1066 4996 ἔπραξεν,
1127 4926 1239 4979 εἴτε
1299 4928 1536 4996 ἀγαθὸν,
1589 4928 1699 4983 εἴτε

118 5015 366 5085 φαῦλον;
408 5034 426 5066 ι
474 5016 846 5070 Ἐπαινεῖσθαι
886 5017 985 5088 μὲν
1019 5013 1112 5071 οὖν
1164 5019 1423 5089 οἰήσομαι
1462 5019 1573 5074 δεῖν
1608 5019 1699 5072 τὸν

121 5103 416 5174 φιλομαθῆ,
448 5104 642 5175 χρῆναι
674 5105 731 5163 δὲ
785 5107 938 5180 ὅμως
975 5106 1375 5179 ἀκριόεστάτην
1400 5111 1458 5162 έν
1480 5112 1592 5174 τοῖς
1627 5110 1701 5162 ἰε-

120 5198 235 5266 ροῖς
280 5195 579 5265 Γράμμασι
630 5188 903 5251 ποιεῖσθαι
948 5197 1046 5270 τὴν
1100 5198 1356 5268 βάσανον.
1403 5200 1546 5270 Ὅρα
1591 5200 1700 5276 γάρ

119 5305 210 5357 μοι
244 5288 433 5355 σαφῶς
461 5287 557 5359 τὴν
604 5289 711 5343 τῶν
752 5291 1060 5363 εἰρημένων
1100 5291 1405 5363 διαστολὴν.
1433 5293 1567 5362 Περὶ
1602 5292 1701 5363 μὲν

115 5380 225 5450 γὰρ
260 5377 356 5431 τοῦ
393 5380 737 5447 πιστεύοντός
771 5402 957 5454 φησιν,
997 5386 1080 5438 ὅτι
1115 5383 1260 5457 ζωὴν
1285 5384 1396 5449 ἕξει
1433 5386 1530 5456 τήν
1577 5385 1700 5437 αἰώ-

114 5486 248 5523 νιον.
283 5470 421 5541 Περὶ
443 5470 501 5523 δὲ
539 5472 630 5526 τοῦ
658 5474 1078 5548 άπειθήσαντος,
1109 5477 1303 5548 έτέραν
1335 5480 1364 5531 6
1399 5477 1556 5545 λόγος
1586 5476 1701 5547 ἔχει

114 5560 210 5633 τὴν
268 5560 528 5632 ἔμφασιν·
590 5566 664 5618 Οὐ
720 5566 826 5641 γὰρ
878 5568 981 5640 ἔφη
1018 5567 1164 5641 ζωὴν
1201 5571 1301 5640 οὐχ
1331 5569 1476 5634 έξειν
1505 5568 1698 5623 αὐτόν·

114 5653 476 5724 ἐγερθήσεται
519 5656 627 5727 γὰρ
686 5658 764 5730 τῷ
809 5660 972 5731 κοινῷ
999 5662 1097 5731 τῆς
1126 5661 1476 5727 ἀναστάσεως
1504 5660 1653 5731 νόμῳ
1684 5678 1698 5692 ο

183 5768 231 5845 ξς
263 5766 424 5845 Rom.
478 5786 611 5845 vnit.
653 5775 735 5830 15.
812 5778 856 5810 σε
907 5782 1024 5834 Αει-
1087 5795 1233 5845 XV“:
1298 5780 1387 5836 28-

118 5835 225 5891 "ll
259 5842 389 5892 (λον.
429 5855 480 5905 v,
526 5840 609 5896 10.

1809 4744 2012 4799 Paulus
2063 4744 2254 4801 dicens
2288 4763 2300 4799 :
2331 4763 2349 4795 ‹
2376 4743 2581 4799 Omnes
2624 4742 2774 4797 enim
2818 4757 2921 4798 nos
2965 4740 3128 4813 1,ῚάΙ
3162 4741 3392 4796 manife~

1808 4838 1942 4893 stari
2003 4844 2220 4908 oportet
2276 4848 2405 4894 ante
2468 4838 2716 4894 tribunal
2772 4836 3015 4901 Christi,
3075 4845 3136 4890 ut
3187 4834 3392 4891 referat

1810 4922 2192 5002 unusquisque
2244 4931 2469 5002 propria
2498 4930 2774 5002 corporis,
2810 4939 2974 4999 prout
3021 4927 3229 5000 gessit,
3275 4927 3391 4981 sive

1810 5023 2012 5078 bonum
2036 5064 2050 5089 ,
2082 5023 2199 5079 sive
2233 5024 2436 5078 malum
2465 5024 2555 5076 "?
2585 5043 2604 5076 )
2632 5021 2995 5078 Laudandum
3023 5021 3194 5091 igitur
3237 5019 3389 5073 arbi-

1812 5123 1928 5169 tror
1988 5116 2182 5179 illum,
2238 5116 2497 5186 quisquis
2547 5124 2665 5182 est,
2728 5114 2977 5170 discendi
3035 5111 3384 5175 studiosum,

1809 5216 2058 5262 attamen
2089 5207 2510 5262 accuratissime
2540 5207 2589 5262 ei
2615 5222 2806 5263 sacras
2836 5205 3072 5260 Litteras
3105 5202 3386 5257 rimandas

1808 5316 1932 5357 esse
1975 5316 2120 5355 reor.
2168 5298 2307 5354 Vide
2356 5299 2542 5364 enim,
2596 5313 2818 5369 quaeso,
2881 5297 3032 5350 clare
3090 5294 3383 5349 verborum

1803 5391 2026 5447 illorum
2060 5391 2487 5448 distinctionem.
2531 5391 2605 5444 De
2639 5406 2705 5445 eo
2735 5389 2879 5444 enim
2920 5387 3014 5458 qui
3050 5385 3382 5449 crediderit,

1802 5483 1880 5536 ait
1944 5483 2108 5538 vitam
2176 5483 2493 5538 habiturum
2557 5490 2818 5538 aeternam
2879 5498 2893 5535 :
2952 5480 3020 5535 de
3082 5494 3148 5534 eo
3203 5486 3385 5534 autem

1801 5575 1899 5645 qui
1935 5591 2043 5630 non
2078 5574 2407 5642 crediderit,
2459 5574 2627 5631 alium
2679 5574 3020 5630 intellectum
3058 5571 3223 5626 habet
3260 5585 3387 5624 ora-

1802 5669 1901 5723 tio.
1936 5667 2055 5725 Non
2097 5668 2244 5725 enim
2292 5667 2431 5723 dixit
2488 5667 2668 5739 ipsum
2724 5665 2892 5722 vitam
2917 5680 3027 5720 non
3069 5663 3385 5719 habiturum

1485 5781 1525 5812 ’τ
1561 5779 1576 5833 Ι
1606 5779 1698 5837 Joa

1808 5800 1890 5851 ιν,
1952 5785 2036 5839 l3.
2084 5806 2087 5807 ν
2132 5784 2174 5815 ⁸⁸
2203 5779 2398 5851 Ephes.
2434 5796 2530 5846 ns,
2593 5779 2778 5835 14-17.
2861 5780 2904 5811 ⁶⁹
2937 5777 3110 5835 lCor.
3160 5792 3259 5843 xv,
3290 5775 3378 5831 52'
