4118 6548
730 385 834 441 287

1710 385 1770 442 S.
1810 386 2088 444 CYRI'LLI
2115 390 2596 446 ALEXANDRINI
2631 392 2954 450 ARCHIEP.

3891 393 4002 449 288

729 505 1001 574 (resurget
1033 500 1178 556 enim
1209 501 1487 555 communi
1522 505 1955 562 resurrectionis
1987 507 2171 580 lege),
2202 510 2299 564 sed

2403 509 2538 564 ἀλλά
2564 509 2710 580 ζωὴν
2727 510 2828 564 οὐκ
2853 510 3080 580 ὄψεσθαί
3119 528 3307 582 φησιν,
3347 509 3493 566 τοῦτ’
3538 508 3687 564 ἔστιν
3729 508 3854 563 αδδ·
3877 510 4002 563 ὅσον

731 596 897 650 vitam
930 609 1037 648 non
1071 593 1317 648 visurum
1347 594 1459 661 ait,
1485 595 1592 650 hoc
1619 607 1704 651 est
1733 613 1800 652 ne
1827 609 2054 668 aspectu
2082 601 2304 670 quidem

728 686 848 744 solo
896 693 1217 741 sanctorum
1258 687 1426 740 vitam
1471 699 1863 759 consequetur,
1913 708 2025 746 non
2074 694 2306 764 attinget

729 778 946 834 illorum
978 776 1300 833 felicitatem
1321 817 1337 842 ,
1371 795 1481 835 non
1509 781 1758 850 gustabit
1789 783 1958 837 vitam
1989 785 2140 840 illam
2165 799 2304 856 seu-

725 869 820 924 dio
847 869 1082 938 plenam.
1115 868 1240 924 Vita
1269 872 1414 926 enim
1445 881 1531 927 est
1580 872 1674 926 illa
1721 873 1973 942 profecto
2003 895 2016 930 :
2062 875 2120 929 in
2168 891 2302 945 sup-

727 961 909 1031 pliciis
938 977 1070 1016 vero
1101 962 1358 1032 spiritum
1393 963 1631 1029 ducere,
1667 966 1863 1035 quavis
1895 975 1981 1022 est
2015 976 2193 1022 morte
2219 974 2303 1022 tc-

725 1054 901 1121 trius,
932 1069 1059 1108 cum
1091 1054 1160 1108 ad
1190 1055 1368 1110 solum
1400 1057 1665 1112 malorum
1695 1073 1921 1114 sensum
1955 1058 2137 1113 anima
2167 1059 2303 1114 reti-

725 1153 922 1199 neatur
954 1145 1007 1198 in
1041 1159 1292 1213 corpore.
1324 1144 1674 1213 Ejuscemodi
1711 1147 2040 1200 nonnullam
2071 1161 2300 1216 quoque

723 1232 930 1290 Paulus
960 1236 1082 1290 vitae
1113 1234 1478 1290 differentiam
1519 1238 1734 1292 statuit.
1763 1237 1907 1291 Audi
1937 1237 2068 1305 quid
2104 1237 2169 1290 ad
2203 1253 2302 1293 eos

725 1325 881 1380 dicat
908 1329 1005 1396 qui
1040 1337 1268 1396 peccatu
1312 1329 1517 1383 mortui
1567 1338 1696 1383 sunt
1734 1337 1958 1398 prepter
1993 1328 2298 1385 Christum.

729 1436 749 1470 ι
782 1416 984 1472 Mortui
1016 1419 1161 1472 enim
1197 1419 1366 1483 estis,
1405 1427 1460 1474 et
1493 1420 1603 1474 vita
1633 1429 1817 1475 vestra
1846 1421 2174 1475 abscondita
2213 1428 2302 1476 est

723 1527 847 1565 cum
873 1511 1100 1566 Christo
1132 1511 1184 1564 iu
1224 1511 1353 1567 Deo.
1381 1511 1518 1567 Cum
1545 1511 1808 1567 Christus
1829 1515 2155 1583 apparuerit
2188 1515 2298 1569 vita

725 1610 939 1665 vestra,
971 1612 1103 1657 tunc
1148 1612 1203 1658 et
1247 1619 1346 1658 vos
1383 1604 1726 1673 apparebitis
1753 1620 1881 1660 cum
1919 1607 2040 1676 ipso
2084 1607 2139 1660 in
2173 1608 2297 1677 ,εισ-

723 1694 802 1747 ria
837 1695 902 1746 “.
933 1713 951 1744 ι
987 1693 1149 1749 Vides
1183 1694 1462 1764 quomodo
1498 1697 1665 1750 vitam
1702 1703 2023 1751 sanctorum
2060 1699 2298 1768 appellet

2405 602 2484 665 είς
2518 601 2752 672 θεωρίαν
2775 602 2934 673 ψιλὴν
2965 603 3066 672 τῆς
3091 602 3202 656 τῶν
3227 603 3399 672 ἁγίων
3419 601 3666 670 ἐφίξεται
3690 600 3870 670 ζωῆς.
3903 602 4000 672 οὐχ

2405 693 2602 762 ἅψεται
2627 693 2726 764 τῆς
2764 693 2988 749 ἐκείνων
3014 695 3435 766 μακαριότητος,
3458 695 3722 762 ἄγευστος
3743 695 4000 760 διαμενεῖ

2403 787 2500 856 τῆς
2531 787 2589 840 ἐν
2613 786 2922 860 εὐφροσύνῃ
2948 787 3250 858 διαγωγῆςο
3274 786 3390 856 ζωὴ
3417 787 3526 854 γὰρ
3551 786 3720 843 ὅντως
3759 785 3955 853 ἐκείνη
3979 802 3992 813 ·

2402 875 2462 928 τὸ
2484 875 2542 928 δὲ
2561 875 2621 927 ἐν
2655 875 2939 930 κολάσεσιν
2963 878 3062 930 ἀνα
3073 879 3241 941 πνεῖν,
3275 877 3505 932 θανάτου
3529 876 3726 938 παντὸς
3758 875 3996 946 ἀνιαρῶ-

2401 983 2580 1038 τερον,
2610 967 2704 1019 ἐπὶ
2735 967 2872 1038 μόνῃ
2900 971 2966 1038 τῇ
2993 967 3102 1021 τῶν
3130 968 3318 1022 κακῶν
3352 967 3601 1036 αἰσθήσει
3645 966 3838 1035 ψυχὴν
3872 983 3992 1017 συν-

2403 1057 2524 1126 έχον
2556 1059 2614 1111 ἐν
2642 1056 2874 1128 σώματι.
2915 1059 2958 1110 Τ
2961 1057 3183 1128 οιαύτην
3239 1058 3363 1113 τινὰ
3393 1059 3486 1112 καὶ
3513 1060 3542 1112 6
3571 1057 3792 1119 Παῦλος
3847 1055 3991 1124 ζωῆς

2401 1147 2642 1216 εἰσφέρει
2661 1146 3153 1216 διαφοράν.“Ᾱκονε
3177 1147 3229 1200 τί
3257 1164 3393 1217 φησι
3419 1147 3554 1217 πρὸς
3579 1148 3702 1208 τοὺς
3731 1148 3797 1198 ἐν
3825 1147 3992 1214 κακίᾳ

2399 1237 2836 1306 νενεκρωμένους
2866 1236 2956 1290 διὰ
3001 1237 3255 1308 Χριστόνο
3289 1256 3308 1290 ι
3361 1236 3686 1291 Ἀπεθάνετε
3722 1235 3864 1301 γὰρ.
3901 1234 3990 1284 καὶ

2397 1331 2430 1399 ἡ
2463 1328 2576 1400 ζωὴ
2606 1328 2766 1399 ὑμῶν
2804 1329 3110 1402 κέκρυπται
3157 1332 3255 1384 σὺν
3290 1328 3367 1400 τῷ
3396 1327 3615 1399 Χριστῷ
3649 1329 3712 1379 ἐν
3734 1325 3824 1394 τῷ
3849 1324 3982 1393 Θεῷ-

2399 1419 2528 1474 δταν
2568 1422 2596 1474 ὁ
2643 1420 2876 1491 Χριστος
2925 1420 3214 1492 φανερωθῇ
3261 1421 3295 1491 ἡ
3343 1417 3458 1490 ζωὴ
3497 1418 3673 1488 ὑμῶν,
3716 1417 3851 1468 τότε
3901 1419 3988 1466 καί

2407 1511 2567 1581 ὑμεῖς
2593 1513 2687 1565 σὺν
2711 1511 2860 1582 αὐτῷ
2882 1511 3333 1584 φανερωθήσεσθε
3362 1513 3420 1564 ἐν
3443 1509 3588 1580 δόξῃ.
3619 1528 3637 1560 ι
3677 1509 3852 1578 Ὁρᾷς
3877 1507 3991 1568 πῶς

2397 1603 2458 1656 τὸ
2481 1605 2538 1656 ἐν
2560 1604 2684 1675 δόξῃ
2710 1604 3088 1674 φανερωθῆναι
3116 1604 3255 1673 μετὰ
3286 1601 3523 1673 Χριστοῦ
3553 1601 3652 1670 τὴν
3676 1600 3795 1652 τῶν
3815 1600 3988 1664 ἁγίων

2397 1695 2650 1765 ὀνομάζει
2695 1695 2886 1766 (tum;
2921 1695 2986 1748 Τί
3027 1695 3104 1760 δὲ,
3161 1696 3290 1748 ὃταν
3337 1696 3466 1764 ἡμῖν
3509 1689 3989 1757 “tardusat;

723 1777 1233 1835 manifestationem
1291 1781 1440 1835 illam
1502 1782 1556 1836 in
1611 1783 1787 1852 gloria
1843 1799 1968 1840 cum
2019 1785 2300 1841 Christo?

2402 1786 2686 1857 ἀναμέλπῃ
2703 1786 2878 1854 λέγων
2896 1801 2909 1816 ·
2935 1803 2954 1836 ι
2982 1786 3076 1849 Τίς
3097 1787 3242 1838 ἐστ-ιν
3267 1784 3552 1854 ἄνθρωπος
3570 1785 3599 1836 ὁ
3621 1781 3804 1834 θέλων
3823 1780 3988 1848 ζωὴν,

723 1867 867 1934 Quid
900 1884 1030 1924 vero
1081 1885 1206 1923 cum
1257 1872 1419 1926 nobis
1467 1873 1633 1928 etiam
1679 1873 1979 1932 Psalmista
2021 1877 2171 1931 canit
2212 1876 2297 1930 di-

2402 1853 2634 1944 ἀγαστῶν
2655 1853 2865 1946 ἧμέρας
2897 1877 3023 1929 ἰδεῖν
3047 1875 3294 1944 ἁγαθάςς
3338 1853 3552 1927 Παῦσον
3593 1874 3694 1943 τὴν
3733 1871 3990 1940 γλῶσσάν

723 1974 857 2015 cens
883 1981 899 2016 :
933 1979 952 2012 ι
981 1961 1117 2027 Quis
1148 1972 1234 2018 est
1268 1963 1430 2017 homo
1460 1966 1556 2034 qui
1593 1967 1707 2020 vult
1740 1967 1937 2033 vitam,
1966 1967 2148 2039 diligit
2182 1969 2300 2024 dies

725 2053 913 2108 Videre
946 2056 1116 2110 bonos
1139 2054 1165 2108 ’ἶ
1193 2056 1428 2111 Contine
1465 2059 1708 2127 linguam
1745 2067 1894 2114 tuam
1930 2074 1960 2113 a
1997 2061 2140 2116 malo
2181 2063 2246 2113 ⁷³.
2274 2081 2294 2113 ι

728 2143 918 2200 Nonne
947 2155 1266 2200 sanctorum
1310 2149 1475 2202 vitam
1512 2149 1600 2204 his
1639 2151 1828 2206 verbis
1876 2150 2174 2220 significari
2217 2151 2302 2207 di-

727 2239 959 2295 cemus?
1000 2239 1070 2292 At
1109 2239 1320 2302 cuivis,
1368 2241 1588 2310 Opinor,
1637 2240 1995 2298 manifestum
2037 2250 2140 2298 est.
2183 2241 2303 2298 Nec

725 2329 869 2384 enim
907 2345 938 2385 a
970 2331 1130 2387 malis
1166 2333 1448 2388 abstinere
1488 2333 1760 2401 quosdam
1801 2333 1996 2402 jubet,
2039 2343 2102 2386 ut
2149 2343 2301 2389 certe

727 2422 1195 2476 resurrectionem
1231 2424 1426 2477 carnis
1465 2425 1757 2480 obtineant
1789 2426 2122 2495 (-resurgent
2151 2426 2298 2481 enim

724 2511 942 2567 etiamsi
975 2527 1082 2567 non
1113 2514 1457 2568 cessaverint
1485 2529 1515 2568 a
1547 2515 1728 2584 malo)
1756 2555 1772 2582 ,
1800 2515 1894 2570 scd
1923 2515 1991 2570 ad
2017 2517 2168 2570 illam
2201 2532 2301 2586 po-

725 2600 835 2654 tius
864 2601 1032 2655 vitam
1084 2603 1352 2674 instigat,
1408 2606 1466 2660 in
1502 2622 1609 2676 qua
1659 2606 1793 2661 licet
1842 2607 2072 2662 omnino
2121 2609 2304 2665 videre

723 2692 845 2748 dies
891 2693 1105 2761 bonos,
1161 2695 1216 2748 in
1263 2695 1539 2752 felicitate
1578 2706 1634 2753 et
1667 2698 1846 2770 gloria
1901 2707 2162 2755 aeternam
2205 2701 2302 2755 de-

719 2793 911 2855 gentes
946 2786 1138 2841 vitam.

789 2875 858 2933 ιιι
878 2918 892 2944 ,
915 2879 1014 2934 56.
1048 2879 1152 2935 Sed
1187 2881 1272 2934 ira
1300 2879 1398 2935 Dei
1428 2882 1662 2938 manebit
1693 2899 1850 2953 super
1879 2899 2020 2939 eum.

790 3053 1052 3122 Apertius
1077 3055 1186 3110 hac
1221 3055 1472 3110 illatione
1505 3056 1706 3112 beatus
1740 3055 1984 3128 Baptista
2023 3059 2302 3114 dictorum

721 3157 954 3200 suorum
1014 3159 1242 3213 scepum
1300 3147 1568 3200 ostendit.
1622 3147 1812 3204 Discat
1871 3161 2052 3204 autem
2108 3167 2302 3208 rursus

2404 1983 2498 2019 σου
2525 1966 2634 2020 ἀπὸ
2657 1966 2828 2019 κακοῦ
2852 1984 2865 1998 ο
2906 1986 2926 2018 ι
2955 1963 3044 2037 ἆρ’
3069 1967 3188 2036 οὐχὶ
3216 1966 3314 2036 τὴν
3343 1966 3451 2018 τῶν
3479 1965 3652 2032 ἁγίων
3691 1967 3750 2018 ἐν
3778 1963 3988 2025 τούτοις

2402 2057 2633 2129 ἐροῦμεν
2657 2057 3164 2128 κατασημαίνεσθαι
3193 2057 3378 2128 Cui-qv;
3426 2057 3562 2110 Ἀλλ’
3596 2056 3769 2116 ἔστιν,
3813 2052 3987 2123 οἶμαι,

2402 2151 2536 2204 πᾶσι
2579 2149 2913 2219 καταφανές.
2971 2149 3043 2201 Οὐ
3079 2147 3188 2219 γὰρ
3221 2148 3389 2218 δήπου
3427 2146 3534 2200 τῶν
3579 2145 3809 2215 φαύλων
3855 2146 3990 2196 ἀπο-

2403 2241 2628 2312 σχέσθαι
2655 2241 2868 2294 κελεύει
2922 2238 3095 2304 τινάς,
3139 2240 3228 2292 ἵνα
3252 2237 3316 2309 δὴ
3359 2238 3572 2308 τύχοιεν
3605 2237 3710 2305 τῆς
3741 2233 3989 2296 εἰσαῦθις

2401 2333 2746 2397 ἀναϐιώσεως
2788 2333 2886 2404 τῆς
2941 2331 3142 2402 σαρκὸς
3183 2330 3630 2401 (ἀναστήσονται
3671 2327 3788 2396 γὰρ
3821 2325 3917 2377 καὶ
3945 2325 3990 2374 εί

2405 2424 2479 2496 μὴ
2510 2423 2871 2478 -πεπαῦσοιντο
2895 2421 2992 2477 ¹ιιοῦ
3010 2422 3225 2492 κακοῦ)·
3259 2421 3397 2492 πρὸς
3434 2420 3646 2488 ἐκείνην
3693 2417 3751 2470 δέ
3791 2415 3989 2485 μᾶλλον

2401 2517 2633 2588 ἐρεθίζει
2661 2515 2760 2586 τὴν
2791 2516 2959 2586 ζωὴν,
3009 2507 3122 2586 ἐνῇ
3171 2512 3388 2574 πάντως
3420 2511 3566 2564 ἐστιν
3607 2511 3738 2563 ίδεῐν
3774 2507 3989 2576 ἡμέρας

2401 2608 2631 2677 ἀγαθὰς,
2686 2608 2744 2659 ἐν
2807 2604 3164 2676 μακαριότητι
3209 2604 3302 2657 καὶ
3333 2602 3470 2674 δόξῃ
3509 2601 3602 2654 τὸν
3654 2599 3990 2670 μακραίωνα

2401 2717 2431 2752 τ
2437 2699 2683 2768 ρίδοντας
2711 2698 2844 2768 βίον.

2487 2871 2649 2927 Ἀλλ’
2690 2871 2834 2942 ὀργὴ
2876 2870 2981 2926 τοῦ
3038 2871 3186 2927 Θεοῦ
3225 2869 3406 2941 ’μενεῖ
3469 2867 3631 2940 [cuiq
3676 2865 3860 2938 μένει]
3899 2867 3987 2918 ἐπ’

2403 2966 2609 3020 αὐτόν.

2476 3057 2816 3127 Γυμνὸτερον
2841 3057 2974 3126 ἡμῖν
3011 3055 3098 3108 διὰ
3124 3052 3227 3126 τῆς
3246 3055 3304 3108 ἐν
3327 3053 3538 3117 τούτοις
3571 3054 3877 3120 ἐπαγωγῆς
3902 3052 3986 3102 τὸν

2405 3147 2513 3200 τῶν
2547 3145 2850 3216 εἰρημένων
2883 3147 3083 3198 σκοπὸν
3104 3145 3417 3217 όμακὰριος
3447 3143 3618 3209 ἔδειξε
3646 3143 3982 3210 Burni-3113;.

721 3234 1042 3289 sciscitandi
1071 3235 1308 3304 cupidus
1339 3235 1446 3288 vim
1477 3235 1628 3290 illius
1655 3239 1964 3293 sententia}.
2001 3259 2016 3288 ι
2047 3241 2149 3304 Qui
2189 3259 2298 3295 non

2404 3237 2775 3310 Περιαθρείτω
2801 3237 2858 3290 δὲ
2896 3236 3057 3290 πάλιν
3091 3239 3118 3290 ό
3143 3235 3503 3307 φιλοζητητὴς
3526 3235 3625 3306 τὴν
3653 3234 3751 3288 τοῦ
3781 3234 3984 3302 νοήμα-

719 3325 927 3389 credit,
963 3326 1184 3394 inquit,
1217 3325 1395 3387 Filio,
1433 3342 1540 3380 non
1580 3327 1788 3382 videbit
1830 3330 2036 3394 vitam,
2083 3331 2179 3384 sed
2210 3333 2299 3385 :ira

721 3413 819 3469 Dei
853 3415 1099 3469 manebit
1133 3432 1302 3484 super
1331 3432 1480 3470 eum.
1517 3436 1534 3468 ι
1569 3417 1740 3485 Atqui
1789 3418 1834 3472 si
1885 3418 2298 3488 intelligendum

719 3512 870 3561 esset
907 3505 1255 3560 incredulum
1296 3508 1410 3560 vita
1461 3522 1734 3577 corporea
1779 3523 1976 3562 revera
2022 3509 2299 3578 privatum

720 3595 820 3661 iri,
849 3596 1034 3650 statim
1061 3599 1250 3666 utique
1282 3598 1588 3665 intulisset,
1625 3601 1722 3654 sed
1751 3615 1905 3656 mors
1932 3602 2181 3656 manebit
2210 3618 2303 3657 su-

721 3704 818 3757 per
847 3703 994 3743 eum.
1030 3690 1168 3744 Cum
1205 3697 1390 3745 autem
1427 3692 1564 3746 iram
1602 3691 1696 3748 Dei
1738 3692 2026 3759 nominet,
2063 3693 2300 3748 manife-

722 3790 868 3834 stum
933 3781 1090 3852 175
1147 3789 1232 3837 est
1279 3791 1602 3838 sanctorum
1660 3784 1911 3839 felicitati
1965 3785 2300 3855 supplicium

721 3871 1015 3943 impiorum
1059 3889 1382 3946 opponere,
1436 3884 1492 3931 et
1543 3878 1711 3930 vitam
1762 3892 1964 3932 vocare
2009 3892 2128 3931 eam
2179 3893 2303 3948 qua:

721 3977 850 4016 vere
877 3970 961 4017 est
993 3963 1104 4016 vita
1131 4003 1147 4026 ,
1183 3963 1236 4017 in
1270 3965 1447 4033 gloria
1499 3981 1624 4020 cum
1676 3965 1902 4020 Christo
1934 3983 1948 4018 :
2005 3966 2299 4036 impiorum

721 4067 851 4106 vero
899 4053 1221 4117 cruciatus,
1271 4055 1408 4108 iram
1458 4055 1572 4110 Dei.
1627 4056 1785 4122 Quod
1840 4064 2027 4112 autem
2076 4058 2154 4111 ira
2200 4073 2301 4128 pro

721 4143 1014 4212 punitione
1059 4146 1260 4216 smpius
1309 4146 1456 4217 apud
1511 4147 1834 4219 Scripturas
1881 4150 2101 4205 divinas
2154 4151 2302 4205 acci-

720 4236 922 4305 piatur,
967 4235 1112 4292 duos
1163 4246 1340 4294 testes
1390 4239 1696 4306 adducam,
1752 4241 1983 4297 Paulum
2035 4252 2090 4298 et
2140 4241 2303 4298 Joan-

719 4343 863 4381 nem.
895 4328 995 4384 llle
1023 4329 1171 4384 enim
1205 4331 1273 4384 ad
1305 4347 1403 4386 eos
1437 4333 1530 4402 qui
1564 4334 1818 4388 conversi
1857 4343 2026 4388 erant
2066 4351 2133 4390 ex
2163 4351 2300 4404 gen-

717 4421 903 4476 tibus:
934 4441 951 4472 ι
989 4422 1050 4476 Et
1083 4439 1332 4488 eramus,
1371 4426 1583 4496 inquit,
1620 4428 1714 4481 ﬁlii
1754 4428 1848 4482 ira:
1886 4436 2120 4492 natura,
2158 4431 2304 4484 sicut

2401 3345 2490 3389 τος
2514 3325 2762 3395 δύναμιν.
2787 3343 2806 3376 ι
2848 3326 2906 3378 '0
2932 3323 3192 3388 ἀπειθῶν,
3214 3325 3368 3395 φησι,
3392 3324 3470 3394 τῷ
3501 3323 3636 3392 Υἰῷ,
3667 3323 3772 3376 οῦκ
3800 3322 3984 3390 δᾴετσι

2402 3417 2500 3486 τὴν
2530 3415 2695 3486 ζωὴν,
2725 3414 2840 3467 ἀλλ’
2874 3416 2908 3484 ἡ
2933 3414 3073 3486 ὀργὴ
3108 3413 3202 3466 τοῦ
3246 3412 3381 3466 Θεοῦ
3419 3415 3571 3483 μενεί
3617 3412 3706 3464 ἐπ’
3750 3411 3932 3464 αὐτόν.
3965 3432 3980 3460 ι

2415 3507 2552 3560 Ἀλλ’
2574 3507 2731 3576 εἴπερ
2758 3501 2826 3576 ἦν
2859 3506 3024 3567 ὄντως
3058 3503 3262 3573 ἔρημον
3295 3502 3519 3556 ἔσεσθαι
3554 3502 3652 3570 τῆς
3682 3503 3743 3553 ἐν
3775 3500 3986 3569 σώματι

2402 3593 2545 3666 ζωῆς
2570 3597 2820 3666 ἐννοῆσαι
2845 3596 2934 3647 τὸν
2953 3595 3350 3665 ἁπειθήσαντα,
3372 3591 3588 3654 πάντως
3607 3591 3672 3644 ἂν
3685 3592 3988 3660 ἐπήνεγκεν

2403 3685 2563 3749 εὐθύς
2585 3702 2600 3715 ·
2643 3686 2778 3738 Ἀλλ’
2813 3689 2840 3740 ό
2871 3686 3100 3747 θάνατος
3146 3687 3295 3754 μενεί
3326 3685 3412 3736 ἐπ’
3443 3683 3633 3736 αὐτόν.
3680 3682 3908 3751 Ἐπειδὴ
3933 3683 3982 3733 δὲ

2401 3776 2568 3848 ὀργὴν
2596 3775 2848 3847 ὀνομάζει
2870 3775 3028 3841 Θεοῦ,
3073 3775 3231 3845 δῆλον
3265 3773 3331 3827 ἂν
3363 3773 3450 3842 εἴη
3487 3772 3675 3824 λοιπὸν
3718 3773 3844 3834 ταῖς
3887 3772 3985 3822 τῶν

2403 3867 2572 3936 ἁγίων
2596 3867 2876 3938 εὐθυμίαις
2909 3867 3006 3938 τὴν
3030 3865 3136 3918 τῶν
3166 3865 3379 3918 ἀσεϐῶν
3421 3861 3879 3921 ἀντιδιαστέλλων
3901 3863 3983 3914 16-

2401 3959 2575 4027 λασιν,
2614 3959 2706 4013 καὶ
2759 3957 2901 4030 ζωὴν
2941 3957 3040 4029 μὲν
3082 3956 3373 4012 ἀποκαλῶν
3407 3957 3508 4028 τὴν
3555 3955 3730 4018 ὅντως
3755 3952 3903 4024 ζωὴν
3931 3956 3985 4005 ἐν

2401 4053 2524 4124 δόξῃ
2554 4052 2690 4124 μετά
2720 4049 2979 4122 Χριστοῦ,
3009 4048 3104 4111 τὰς
3132 4049 3188 4100 δὲ
3214 4048 3306 4100 ἐπὶ
3326 4049 3435 4110 τοῖς
3460 4045 3753 4098 ἀσεϐοῦσιν
3783 4039 3980 4105 αξκῐας,

2403 4145 2571 4214 ὀργὴν
2603 4142 2693 4196 τοῦ
2728 4140 2861 4195 Θεοῦ
2885 4156 2899 4170 ·
2964 4141 3044 4194 ὅτι
3107 4139 3164 4191 δὲ
3227 4138 3364 4210 ὀργὴ
3403 4137 3659 4199 πολλάκις
3698 4139 3734 4206 ἡ
3767 4135 3982 4194 κόλασις

2404 4237 2616 4305 εῐρηται
2648 4234 2797 4306 παρά
2817 4234 2934 4294 ταῖς
2962 4231 3134 4294 θείαις
3163 4233 3431 4300 Γραφαῖς,
3459 4228 3552 4281 δύο
3581 4227 3833 4298 παροίσω
3865 4228 3983 4286 τοὺς

2407 4327 2712 4398 μάρτυρας,
2749 4323 2956 4378 Παῦλόν
2981 4340 3040 4376 τε
3085 4322 3179 4376 καὶ
3227 4321 3478 4390 Ἰωάννην
3507 4337 3520 4349 ·
3555 4320 3584 4370 ὁ
3634 4319 3734 4388 μὲν
3760 4317 3870 4388 γὰρ
3886 4316 3980 4384 ἔφη

2405 4418 2540 4489 πρὸς
2585 4419 2711 4480 τοὺς
2742 4415 2800 4481 ἐξ
2858 4415 3027 4469 ἐθνῶν
3095 4412 3562 4483 ἐπιστρέφοντας·
3612 4430 3630 4462 ι
3691 4409 3801 4462 Καὶ
3850 4406 3984 4477 ἦμεν

717 4521 774 4568 et
804 4515 987 4569 czeteri
1017 4516 1103 4580 7';
1139 4537 1156 4568 ι
1189 4518 1277 4572 hic.
1305 4519 1374 4573 ad
1410 4517 1720 4576 Phariszros
1747 4531 1800 4577 et
1843 4521 2070 4578 Scribas
2099 4540 2112 4576 :
2142 4540 2159 4573 ι
2187 4519 2297 4576 Ge-

2402 4509 2566 4561 τέκνα
2615 4507 2785 4578 ὀργῆς
2836 4505 3017 4575 φύσει,
3067 4505 3144 4568 ὼς
3195 4505 3290 4558 καὶ
3335 4504 3385 4556 oi
3417 4501 3627 4554 λοιποί·
3672 4521 3690 4552 ι
3728 4502 3756 4552 ὁ
3786 4499 3846 4552 δὲ
3883 4501 3985 4559 τοῖς

720 4603 928 4658 nimina
965 4606 1303 4676 viperarum,
1363 4611 1489 4681 quis
1540 4613 1780 4668 ostendit
1829 4613 1984 4668 vobis
2036 4614 2226 4684 fugere
2259 4629 2289 4667 a

720 4700 951 4747 ventura
987 4695 1070 4747 ira
1098 4695 1143 4727 ⁷⁸
1171 4697 1193 4750 ?
1223 4716 1240 4747 ι

788 4783 878 4842 ιν,
912 4785 1027 4840 1-5.
1075 4785 1141 4840 Ut
1165 4805 1284 4858 ergo
1311 4793 1546 4860 cognorit
1575 4792 1829 4848 Dominus
1859 4795 1984 4863 quia
2013 4795 2300 4848 audierunt

718 4873 1006 4942 Pharisaei,
1038 4881 1175 4949 quod
1217 4880 1372 4936 Iesus
1395 4884 1570 4952 plures
1609 4886 1898 4953 discipulos
1930 4887 2084 4956 facit,
2121 4898 2169 4941 et
2205 4888 2300 4942 ba-

715 4970 910 5038 ptizat,
943 4988 1101 5042 quam
1131 4970 1364 5027 Joannes
1397 4983 1721 5044 (quanquam
1737 4975 1893 5030 Iesus
1921 4993 2026 5030 nou
2053 4978 2298 5046 baptiza-

717 5069 816 5124 ret,
875 5059 966 5116 sed
1015 5061 1265 5129 discipuli
1305 5064 1464 5134 ejus),
1499 5065 1709 5134 reliquit
1757 5064 2029 5134 Judream,
2063 5075 2113 5121 et
2167 5066 2299 5121 abiit

717 5146 906 5204 iterum
950 5152 1004 5205 iu
1045 5151 1348 5208 Galilazam.

790 5321 1072 5379 Uudenam
1129 5327 1236 5381 huc
1293 5330 1622 5398 processerit
1667 5332 1866 5398 oratio,
1933 5342 2027 5390 aut
2078 5351 2188 5406 quo
2232 5351 2297 5391 ex

722 5410 904 5480 capite
928 5417 1262 5472 narrationis
1291 5419 1484 5473 ordine
1517 5420 1622 5474 huc
1663 5422 1928 5491 perducto
1971 5427 2296 5496 cognovisse

724 5496 986 5557 Dominus
1017 5504 1233 5560 dicatur
1278 5525 1398 5577 qua:
1427 5507 1689 5565 Pharisaei
1723 5512 2034 5578 audierant,
2075 5531 2182 5568 non
2222 5517 2298 5570 in-

725 5590 935 5646 sulsum
967 5594 1091 5659 erit,
1123 5598 1340 5666 Opinor,
1361 5599 1564 5655 dicere.
1589 5601 1723 5656 Illud
1756 5604 1900 5658 enim
1925 5607 2293 5674 evangelistae,

793 5765 842 5803 "
867 5769 987 5826 Col.
1019 5785 1111 5837 ιιι,
1135 5774 1200 5840 5,
1231 5775 1284 5830 4.
1361 5781 1407 5812 ⁷⁸
1439 5778 1585 5835 Psal.
1618 5795 1789 5835 χχχιιι
1812 5823 1826 5850 ,
1856 5781 1941 5848 l3,
1981 5782 2065 5836 li.
2143 5784 2189 5815 "
2224 5783 2422 5855 Ephes.
2466 5802 2528 5851 ιι,
2567 5786 2618 5842 ’5.

2405 4600 2443 4653 Γ
2450 4598 2795 4672 ραμματεῦσι
2821 4598 2915 4651 καὶ
2945 4597 3280 4668 Φαρισαίοις,
3324 4615 3342 4645 ι
3377 4594 3703 4663 Γεννήματα
3744 4590 3983 4660 ἐχιδνῶν,

2405 4691 2485 4756 τίς
2508 4689 2786 4756 ὑπέδειξεν
2812 4691 2942 4762 ὑμῖν
2971 4689 3163 4758 φυγεῖν
3196 4686 3303 4740 ἀπὸ
3321 4685 3421 4756 τῆς
3453 4683 3754 4755 μελλούσης
3779 4684 3948 4751 ὀργῆς
3970 4699 3982 4744 ;

2489 4782 2586 4850 Ὠς
2619 4780 2731 4838 οὖν
2762 4782 2915 4851 ἔγνω
2946 4784 2976 4834 ό
3006 4781 3242 4848 Κύριος,
3279 4777 3366 4830 ὅτι
3411 4775 3691 4843 ἤκουσαν
3732 4777 3785 4826 cI
3822 4777 3987 4839 Φαριο

2388 4873 2584 4939 σαῖσι,
2629 4872 2718 4926 ὅτι
2777 4871 3006 4938 Ἰησοῦς
3054 4869 3344 4932 πλείονας
3375 4866 3647 4935 μαθητὰς
3679 4863 3848 4916 ποιεῖ
3895 4863 3981 4914 καὶ

2395 4963 2687 5029 βαπτίζει,
2741 4963 2778 5030 ἢ
2836 4961 3110 5027 Ἰωάννης
3146 4959 3357 5029 (καίτοι
3407 4974 3472 5026 γε
3519 4955 3705 5020 αὐτὸς
3753 4955 3984 5020 Ἰησοῦς

2399 5059 2510 5110 οὐκ
2569 5053 2893 5116 ἐϐάπτιζεν,
2938 5053 3076 5106 ἀλλ’
3130 5053 3184 5105 οἱ
3223 5048 3479 5120 μαθηταὶ
3520 5046 3759 5114 αὑτοῦ),
3793 5045 3985 5114 ἀφῆκε

2401 5150 2515 5218 τὴν
2567 5146 2897 5214 Ἰουδαίαν,
2928 5145 3025 5199 καὶ
3059 5143 3294 5212 ἀπῆλθε
3323 5140 3510 5194 πάλιν
3533 5142 3619 5206 είς
3656 5139 3774 5208 τὴν
3811 5141 3984 5191 Fali-

2404 5242 2607 5297 λαίαν.

2476 5333 2646 5386 Πόθεν
2680 5331 2811 5402 ἡμῖν
2838 5333 2918 5394 εἰς
2957 5327 3113 5383 τοῦτο
3143 5328 3387 5399 πρόεισιν
3425 5327 3452 5378 ὁ
3473 5325 3652 5393 λόγος,
3682 5320 3716 5394 ἦ
3747 5322 3808 5375 ἐκ
3830 5318 3981 5380 ποίας

2402 5425 2577 5496 ἀρχῆς
2607 5423 2752 5496 ἢτοῦ
2775 5424 3109 5494 διηγήματος
3140 5419 3488 5490 καθέρπουσα
3515 5416 3688 5482 τάξις,
3711 5412 3978 5481 ἐγνωκότα

2402 5519 2493 5572 τὸν
2528 5515 2731 5589 Κύριον
2765 5515 3149 5586 εἰσφέρειτοὺς
3179 5511 3524 5583 Φαρισαίους,
3558 5510 3702 5578 ἆπερ
3727 5505 3977 5558 ἐπύθοντο

2409 5609 2620 5678 μαθεῖν,
2641 5608 2741 5661 οὐκ
2766 5605 3030 5676 ἄκομψον,
3051 5603 3124 5668 ὡς
3150 5602 3345 5667 ἔοικεν,
3379 5602 3571 5653 εἰπεῖν.
3593 5595 3818 5666 Τὸηγὰρ,
3852 5612 3871 5645 ι
3891 5592 3970 5652 Ὧς

2699 5784 2744 5819 ⁷⁵
2778 5783 2914 5841 Luc.
2953 5799 3035 5851 tu,
3087 5783 3135 5838 7.
