4118 6576
159 394 299 450 289
1249 394 1321 448 IN
1347 392 1633 449 JOANNIS
1658 391 2109 448 EVANGELIUM
2139 391 2274 462 ;LIB.
2319 393 2386 448 ll.
3353 398 3469 453 290'

156 500 277 562 οὖν
321 507 478 577 ἔγνω
503 508 531 560 ὁ
562 505 786 577 Κύριος,
816 522 844 556 ,ι
874 504 1052 573 λέγειν
1084 503 1176 557 τδν
1197 490 1352 573 ἅγιον
1375 504 1780 575 εύαγγελιστὴν,

1896 520 1914 553 ι
1951 502 2022 557 Ut
2062 516 2191 573 ergo
2222 502 2476 572 cognovit
2509 503 2794 569 Dominus,
2828 526 2847 558 ι
2898 506 3228 579 praeteritam
3267 525 3464 579 quam-
3492 552 3495 556 .

157 600 447 669 ἔμφασίν
475 616 598 653 τινα
650 600 1119 668 προῦποκειμένου
1159 598 1477 669 πράγματος
1512 596 1786 650 ἀνατίκτει

1888 594 2010 647 dam
2038 609 2148 649 rem
2179 594 2469 650 manifeste
2486 596 2752 651 declarat.
2782 598 3054 655 Universa
3081 601 3286 671 quippe
3316 603 3465 655 nullo

160 691 405 760 σαφῶς
428 710 442 721 ·
480 690 657 744 πάντα
694 688 791 759 μὲν
839 688 967 760 γὰρ,
995 687 1205 751 οὐδενός
1242 706 1293 741 τι
1329 687 1786 757 καταμηνύοντος,

1888 695 2230 739 monstrante
2280 687 2394 755 ipse
2429 702 2526 756 per
2561 703 2623 742 se
2667 690 2839 755 novit,
2882 700 2940 744 ut
2984 690 3150 756 Deus,
3197 707 3305 746 non
3341 706 3465 746 cum

160 780 530 851 αὐτομάτως
577 778 740 844 οἶδεν,
795 780 872 843 ὡς
931 779 1084 844 Θεὸς,
1144 779 1240 834 καὶ
1292 780 1391 849 οὐχ
1419 780 1509 833 ὅτε
1543 780 1786 848 γίγνεται

1888 778 2121 847 primum
2150 778 2305 841 fiunt,
2340 780 2433 833 sed
2460 781 2624 835 etiam
2647 790 2934 852 antequam
2966 782 3118 849 ﬁant,
3153 792 3212 837 ut
3235 791 3467 839 testatus

162 872 465 941 πρώτως,
497 870 632 925 ἀλλά
665 874 762 925 καὶ
793 874 921 944 πρὶν
959 872 1226 940 γενέσεως
1258 873 1455 938 αὐτῶν,
1486 874 1562 937 ὼς
1591 876 1618 927 ὁ
1656 891 1786 944 προ-

1888 878 1971 925 est
2026 873 2290 940 propheta
2314 872 2403 926 ⁷⁸⁸.
2440 872 2733 944 Exspectat
2781 885 2963 931 autem
3027 878 3465 948 uniuscujusque

165 966 391 1034 φήτης
417 964 836 1034 διεμαρτύρατο.
881 964 1174 1034 Περιμένει
1212 964 1268 1017 δὲ
1298 966 1421 1027 τοὺς
1450 966 1535 1032 ἐφ’
1575 966 1786 1036 ἑκάστῳ

1888 968 2154 1031 tempora,
2181 974 2236 1016 et
2268 979 2445 1018 rerum
2483 966 2878 1021 consecutione
2908 967 3091 1036 potius
3127 984 3291 1037 quam
3317 984 3454 1037 prat—

166 1055 455 1124 καιροὺς,
488 1056 581 1107 καὶ
608 1058 729 1118 ταῖς
759 1054 867 1107 τῶν
894 1055 1233 1125 πραγμάτων
1269 1055 1629 1121 ἀκολουθίαις,
1657 1055 1688 1125 ἢ
1722 1058 1786 1127 τῇ

1890 1053 2109 1107 notione
2134 1053 2321 1108 definit
2351 1072 2363 1108 :
2399 1065 2480 1109 est
2504 1055 2647 1108 enim
2684 1056 2816 1111 illud
2849 1072 3069 1126 quoque
3101 1058 3283 1113 divina
3312 1066 3462 1111 certe

171 1145 538 1215 προγνώσει,
573 1146 772 1217 μᾶλλον
811 1147 1116 1200 ἐνδίδωσιν
1153 1143 1221 1217 ἦν
1243 1147 1351 1217 γὰρ
1380 1147 1443 1217 δὴ
1496 1148 1587 1200 καὶ
1632 1148 1789 1200 τοῦτο

171 1234 549 1305 θεοπρεποῦς
601 1238 913 1308 οἰκονομίας
959 1237 1128 1303 ἄξιον.
1165 1239 1453 1309 Ζητήσεως
1504 1238 1789 1308 τοιγαροῦν

174 1330 508 1400 γενομένης
536 1329 602 1383 ὲκ
642 1329 751 1383 τῶν
785 1330 1042 1401 μαθητῶν
1083 1331 1326 1385 Ἰωάννου
1367 1332 1504 1400 μετὰ
1538 1330 1790 1384 Ἰουδαίου

176 1421 331 1491 περὶ
374 1421 739 1493 καθαρισμοῦ,
800 1422 966 1485 πολὺς
1000 1423 1133 1491 παρ’
1193 1424 1395 1492 ἀμφοῖν
1428 1419 1494 1492 ἦν
1537 1424 1564 1475 ὁ
1593 1423 1747 1490 λόγος
1773 1439 1786 1453 ·

174 1510 231 1560 οἱ
260 1510 381 1578 μὲν
406 1510 516 1581 γὰρ
548 1509 624 1580 τῷ
655 1510 840 1582 οἰκείῳ
868 1510 1169 1581 διδασκάλῳ
1195 1512 1664 1582 συναγορεύοντες,
1683 1512 1790 1565 τῶν

174 1603 452 1669 νομικῶν
483 1603 976 1675 περιρραντηρίων,
1002 1605 1095 1658 καὶ
1121 1603 1229 1658 τῶν
1275 1606 1407 1675 παρ’
1440 1606 1669 1668 ἐκείνοις
1693 1623 1787 1658 τυ-

177 1693 384 1745 πικῶν
418 1695 779 1765 καθαρισμῶν
829 1698 883 1749 ὲν
930 1696 1209 1767 ἀμείνοσιν
1246 1696 1345 1767 ἤδη
1390 1698 1604 1767 μέτροις
1631 1697 1693 1749 τὸ
1720 1697 1787 1751 δι’

175 1785 370 1838 αὑτοῦ
392 1786 647 1852 γενέσθαι
683 1787 1002 1840 διετείνοντο
1049 1787 1351 1858 βάπτισμα.
1397 1790 1505 1844 Καὶ
1528 1790 1613 1859 δὴ,
1646 1790 1786 1843 κατὰ

1889 1140 2299 1210 dispensatione
2330 1144 2576 1212 dignum.
2611 1143 2926 1209 Quwstione
2961 1148 3125 1217 igitur
3170 1164 3198 1201 a
3232 1149 3464 1206 Joannis

1889 1231 2174 1300 discipulis
2200 1242 2318 1285 orta
2349 1248 2473 1287 cum
2502 1231 2688 1289 Judan
2720 1236 2788 1290 de
2834 1237 3236 1305 purificatione,
3266 1254 3465 1308 magno

1890 1326 2112 1393 utrique
2148 1325 2331 1380 studio
2380 1341 2536 1380 suam
2574 1327 2887 1396 opinionem
2941 1327 3326 1383 defendebant.
3379 1328 3463 1381 illi

1888 1415 2033 1471 enim
2076 1430 2236 1469 suum
2293 1416 2619 1485 magistrum
2673 1423 2915 1483 tuentes,
2948 1416 3071 1486 ejus
3130 1418 3462 1487 baptismum

1888 1504 2153 1575 legalibus
2183 1505 2598 1575 aspersionibus
2636 1515 2691 1560 et
2731 1508 2932 1576 typicis
2981 1506 3463 1577 purificationibus

1890 1604 2152 1664 praestare
2185 1596 2612 1651 contendebant.
2646 1597 2725 1650 Ad
2773 1597 2917 1666 quod
2961 1598 3301 1667 probandum
3330 1597 3462 1651 affe-

1888 1688 2099 1751 rebant,
2138 1689 2340 1742 multos
2365 1688 2566 1758 priscis
2597 1689 2794 1743 ritibus
2836 1689 3043 1744 relictis
3074 1689 3141 1742 ad
3165 1703 3289 1743 eum
3319 1688 3463 1742 ultro

1889 1794 1948 1833 se
1977 1778 2251 1835 conferre.
2286 1777 2352 1831 Hi
2379 1786 2584 1843 autem,
2615 1795 2740 1834 cum
2777 1780 3218 1834 adversariorum
3245 1793 3461 1833 sermo-

182 1876 249 1929 τὸ
285 1877 472 1943 εἰκὸς,
502 1879 582 1941 εἰς
627 1878 900 1944 ἀπόδειξιν
927 1879 1205 1933 ἐποιοῦντο
1227 1880 1319 1933 τοῦ
1349 1880 1689 1952 πράγματος,
1724 1884 1786 1936 τὸ

1889 1868 2050 1923 nibus
2086 1869 2139 1921 in
2187 1883 2430 1939 praeceps
2478 1878 2824 1939 raperentur,
2875 1878 2928 1924 et
2972 1868 3222 1924 veritatis
3256 1870 3307 1922 vi
3359 1883 3461 1923 ceu

181 1968 439 2029 τυλλοὺς
468 1969 564 2038 μὲν
590 1969 726 2022 ἰέναι
763 1970 898 2041 πρὸς
942 1972 1124 2033 αὑτὸν,
1165 1973 1274 2024 τῶν
1309 1973 1367 2025 δὲ
1418 1975 1786 2046 ἀρχαιοτέρων

179 2060 287 2111 κιὶ
312 2061 533 2113 ἄνωθεν
576 2061 713 2114 ἐθῶν
757 2062 953 2130 ἥδιστα
1017 2063 1133 2117 λίαν
1161 2066 1478 2136 ἀποφοιτᾷν.
1514 2068 1575 2120 Οἰ
1620 2068 1676 2123 δὲ
1717 2064 1783 2121 αὖ

181 2144 391 2210 πάλιν,
462 2147 690 2217 ἐπείπερ
741 2152 854 2211 τοῖς
910 2150 978 2203 δι’
1015 2152 1263 2215 ἐναντίας
1303 2155 1330 2208 ὁ
1359 2153 1514 2221 λόγος
1563 2157 1788 2227 ἐφέρετο

181 2233 344 2285 κατὰ
378 2236 645 2303 πρανοῦς,
678 2237 771 2289 καὶ
803 2238 1010 2290 ὑδάτων
1042 2240 1195 2310 δίκην
1229 2243 1661 2315 καταρῤοίζουσα
1688 2246 1788 2315 τῆς

185 2323 525 2396 ἀληθείαςή
569 2326 817 2397 δύναμις,
864 2329 955 2380 τὸν
983 2328 1184 2400 ἀδρανῆ
1234 2331 1341 2383 τῶν
1381 2332 1787 2403 ἀνθεστηκότων

184 2414 472 2480 ἑϐάπτιζε
522 2417 665 2480 νοῦν,
708 2419 802 2470 ἐπὶ
861 2420 921 2471 τὸ
961 2421 1112 2490 παρὰ
1156 2422 1379 2493 γνώμην
1406 2426 1663 2495 χωροῦσι,
1694 2428 1789 2482 καὶ

188 2504 453 2570 ἄκοντες,
473 2506 604 2559 πολὺ
628 2508 691 2577 δὴ
711 2508 925 2562 κάλλιον
946 2509 1084 2564 εἰναι
1106 2512 1352 2580 λέγοντες
1363 2515 1423 2567 τὸ
1442 2515 1530 2569 διά
1550 2518 1785 2587 Χριστοῦ

188 2594 501 2665 λεγόμενον
526 2596 828 2669 βάπτισμαο
855 2602 951 2653 καὶ
987 2605 1356 2673 κατεκράτουν
1372 2607 1493 2678 ἤδη,
1521 2614 1631 2673 τοῖς
1655 2610 1787 2675 ἴσοις

190 2686 275 2748 εἰς
299 2687 585 2752 ἀπόδειξιν
614 2690 1056 2762 ἀποχρησάμενοι
1095 2693 1391 2766 λογισμοῖς,
1428 2699 1521 2752 καὶ
1566 2700 1656 2755 διὰ
1679 2702 1787 2755 τῶν

191 2776 388 2828 αὐτῶν
403 2777 611 2848 ὲνθυμη
622 2778 805 2848 μάτων
825 2784 935 2844 τοῖς
953 2786 1297 2854 νενικηκόσιν
1316 2788 1596 2859 ἀντεγειρό
1602 2809 1750 2863 μενοι
1768 2810 1781 2825 ·

192 2865 389 2935 πολλῷ
412 2868 522 2937 γὰρ
550 2870 780 2936 ὁρᾶσθαι
807 2870 1024 2935 πλείους
1045 2874 1440 2947 διισχυρίζοντο
1463 2883 1587 2944 τοὺς
1615 2899 1786 2953 προσ-

194 2960 388 3045 ιόντας
445 2960 682 3029 Χριστῷ,
740 2962 835 3014 καλ⁵
881 2963 1087 3027 πάντας
1134 2967 1326 3036 ἐκείνῳ
1378 2971 1601 3039 μᾶλλον,
1644 2976 1786 3045 ἥπερ

205 3044 443 3116 Ἰωάννῃ
495 3049 887 3119 προστρέχεινο
941 3051 1064 3105 ὅθεν
1119 3050 1270 3123 οἶμαι
1328 3058 1431 3111 καὶ.
1468 3062 1551 3122 εἰς
1610 3044 1786 3132 λύπην

195 3135 620 3200 ἀναωυθέντας
653 3139 779 3202 τοὺς
816 3141 1061 3195 Ἰωάννου
1090 3145 1335 3215 μαθητὰς
1353 3188 1366 3206 .
1390 3149 1467 3218 τῷ
1494 3151 1676 3221 οἰκείῳ
1704 3153 1785 3206 δι-

194 3223 460 3295 δασκάλῳ
490 3228 808 3296 προσελθεῖν
833 3230 1087 3298 λέγοντας
1110 3251 1122 3263 ’
1159 3253 1177 3284 ι
1228 3235 1436 3300 Ῥα66ὶ,
1467 3240 1526 3301 ὃς
1546 3237 1612 3310 ἦν
1649 3244 1785 3311 μετά

197 3317 292 3402 σοῦ
322 3318 503 3388 πέραν
562 3319 656 3372 τοῦ
699 3320 985 3391 Ἰορδάνου,
1029 3318 1072 3391 ᾧ
1111 3327 1174 3379 σὺ
1222 3330 1674 3402 μεμαρτύρηκας,
1708 3335 1784 3387 ἴδε

196 3398 355 3468 sine;
383 3406 657 3475 βαπτίζει,
683 3411 778 3464 καὶ
801 3412 999 3476 πάντες
1022 3413 1270 3484 ἔρχονται
1299 3398 1433 3486 πρὸς
1468 3398 1649 3475 αὐτόν.
1675 3424 1787 3487 Td;

198 3496 305 3565 γαρ
332 3499 398 3563 ἐξ
425 3497 607 3568 ἔριδος·
628 3501 738 3552 τῶν
777 3502 1042 3558 Ἰουδαίων
1081 3508 1390 3576 προτάσεις,
1427 3510 1545 3580 ἤτοι
1596 3513 1788 3581 λόγους

198 3587 644 3654 ἀποδεικτικοὺς,
661 3591 737 3654 ὡς
754 3594 811 3646 ὲν
828 3594 1093 3665 ἐρωτήσει
1122 3599 1490 3669 προΐσχονται.
1511 3604 1788 3660 Ἐντεῦθεν

1885 1960 2121 2032 quodam
2152 1976 2418 2029 aquarum
2451 1960 2817 2016 obruerentur
2849 1961 3077 2030 impetu,
3112 1965 3312 2028 praeter
3340 1974 3464 2013 seu.

1885 2054 2113 2108 tentiam
2172 2060 2337 2121 atque
2390 2052 2547 2106 inviti
2604 2052 2760 2108 fateri
2811 2059 3085 2121 coguntur
3134 2051 3292 2119 longe
3328 2064 3463 2119 pra:-

1887 2143 2124 2198 stantius
2159 2158 2285 2198 esse
2316 2142 2526 2197 Christi
2571 2143 2869 2212 baptisma,
2906 2140 3335 2209 obtinebantque
3364 2140 3462 2195 dc-

1887 2250 2034 2288 mum
2073 2234 2265 2288 iisdem
2298 2241 2511 2289 utentes
2542 2234 2607 2287 ad
2635 2233 2687 2287 id
2716 2232 3205 2289 demonstrandum
3237 2232 3463 2288 rationi-

1887 2326 2011 2390 bus,
2046 2335 2098 2381 et
2142 2326 2418 2382 similibus
2450 2325 2790 2394 argumentis
2821 2326 2885 2379 in.
2907 2325 3142 2379 victores
3178 2325 3338 2396 176
3377 2324 3463 2378 in-

1888 2416 2199 2487 surgebant;
2228 2416 2400 2468 multo
2425 2415 2609 2484 plures
2639 2414 2784 2469 enim
2810 2414 2875 2468 ad
2899 2412 3175 2467 Christum
3203 2428 3368 2483 quam
3394 2412 3462 2466 ad

1886 2508 2146 2563 Joannem
2178 2506 2462 2568 accedere,
2492 2507 2601 2560 imo
2620 2522 2749 2561 vero
2776 2514 3006 2561 ευηοιοε
3030 2520 3318 2560 accurrere
3346 2504 3461 2558 aie-

1886 2600 2035 2653 bant.
2072 2598 2207 2653 llinc
2235 2598 2431 2667 opinor
2466 2598 2724 2653 incensos
2774 2596 3006 2652 Joannis
3045 2597 3345 2667 discipulos
3395 2596 3462 2650 ad

1888 2689 2203 2757 magistrum
2255 2704 2414 2742 suum
2471 2688 2710 2754 venisse,
2742 2687 2984 2742 dicentes
3028 2704 3043 2740 :
3085 2704 3103 2738 ι
3139 2686 3333 2750 Rabbi,
3366 2685 3459 2754 qui

1887 2792 1999 2834 erat
2022 2788 2199 2834 tecum
2228 2787 2381 2833 trans
2402 2777 2717 2841 Jordanem,
2740 2778 2828 2832 cui
2856 2786 2912 2831 tu
2940 2777 3312 2833 testimonium
3340 2791 3462 2845 per-

1887 2870 2133 2936 hibuisti,
2166 2886 2314 2933 ecce,
2356 2870 2446 2923 hic
2494 2870 2761 2938 baptizat,
2819 2877 2874 2923 et
2917 2885 3113 2923 onmes
3138 2868 3363 2923 veniunt
3394 2867 3461 2920 ad

1885 2977 2008 3015 cum
2038 2962 2104 3015 ⁷⁵.
2148 2980 2165 3011 ι
2206 2960 2517 3016 Judazorum
2554 2962 2756 3030 quippe
2792 2961 3166 3014 contentiosas
3212 2958 3462 3027 proposi-

1887 3054 2063 3107 tiones
2114 3054 2230 3107 sive
2283 3054 2523 3107 rationes
2571 3050 3035 3105 demonstrativas
3091 3045 3461 3115 interrogandi

1885 3142 2049 3194 modo
2097 3141 2402 3211 proferunt.
2438 3139 2579 3195 Hinc
2625 3154 2756 3208 ergo
2796 3139 3132 3206 evangelista
3174 3136 3460 3188 Dominum

1887 3230 1964 3283 ait
1993 3232 2341 3300 cognovisse,
2400 3228 2549 3298 quod
2590 3228 2877 3281 audierant
2933 3225 3216 3287 Pharisazi,
3275 3222 3460 3277 Jesum

1887 3354 2083 3408 nempe
2121 3339 2308 3407 plures
2364 3338 2667 3408 discipulos
2725 3338 2909 3392 facere
2958 3351 3120 3405 quam
3169 3334 3457 3389 Joannem.

1887 3430 2009 3484 Mox
2044 3445 2233 3485 eorum
2275 3431 2552 3500 ingentem
2574 3430 2756 3487 vitans
2792 3428 3079 3491 invidiam,
3114 3435 3167 3481 et
3200 3441 3299 3482 suo
3326 3434 3461 3479 tem-

1890 3520 2009 3590 pori
2046 3521 2358 3589 passionem
2399 3536 2723 3582 reservans,
2763 3535 2831 3573 ex
2872 3519 3185 3575 Judaeorum
3239 3518 3460 3587 regione

1891 3625 1949 3664 se
1984 3611 2260 3675 subducit,
2304 3627 2635 3681 rursumque
2664 3612 2959 3667 revertitur
3002 3612 3056 3664 in
3088 3609 3389 3665 Galilaeam.

197 3679 497 3749 τοιγαροῦν
523 3681 822 3748 ἐγνωκέναι
869 3684 1031 3753 φησὶν
1066 3686 1094 3736 ὁ
1124 3686 1513 3759 εὐαγγελιστὴς
1541 3692 1631 3744 τὸν
1664 3693 1888 3765 Κύριον,
1920 3699 2000 3750 ὅτι
2028 3700 2262 3768 ἥκουσαν
2334 3702 2381 3752 οἰ
2449 3679 2750 3768 Φαρισαῖοι,
2785 3701 2866 3752 ὅτι
2944 3698 3147 3765 Ἰησοῦς
3211 3697 3460 3760 πλείονας

204 3773 459 3842 μαθητὰς
489 3775 713 3844 ποιεῖ,ἢ
757 3776 1030 3847 Ἰωάννης.
1061 3775 1191 3832 Εἶτα
1219 3780 1310 3833 τὸν
1334 3781 1568 3848 ἐξαίσιον
1634 3788 1812 3842 αὐτῶν
1886 3794 2317 3862 παραιτούμενος
2371 3794 2594 3863 φθόνον,
2642 3795 2736 3847 καὶ
2779 3794 2954 3865 καιρῷ
3006 3793 3287 3862 φυλάττων
3347 3794 3460 3865 ἰδίῳ

200 3869 263 3923 τὸ
305 3868 525 3933 παθεῖν,
582 3870 683 3939 τῆς
712 3870 809 3940 μὲν
838 3870 947 3924 τῶν
995 3872 1261 3928 Ἰουδαίων
1299 3877 1547 3941 ὑπέξεισι
1576 3880 1779 3953 χώρας,
1820 3886 2092 3959 ἀναχωρεῖ
2117 3888 2173 3940 δί
2195 3888 2357 3942 πάλιν
2378 3890 2457 3951 εἰς
2495 3888 2593 3959 τὴν
2622 3887 2931 3942 Γαλιλαίαν.

272 3961 436 4013 Ἔδει
473 3959 542 4013 δὲ
580 3960 769 4014 αὐτὸν
796 3961 1136 4030 διέρχεσθαι
1171 3965 1272 4020 διὰ
1292 3967 1402 4035 τῆς
1424 3973 1785 4039 Σαμαρείαςο

205 4051 445 4120 ἔρχεται
484 4048 597 4106 οὖν
611 4053 700 4117 εἰς
735 4053 915 4106 πόλιν
945 4054 1055 4122 τῆς
1078 4059 1409 4125 Σαμαρείας
1454 4064 1788 4132 λεγομένην

204 4142 447 4209 Συχὰρ,
509 4142 776 4210 πλησίον
824 4144 933 4198 τοῦ
981 4147 1217 4214 χωρίου,
1257 4150 1291 4202 ὃ
1327 4150 1549 4206 ἔδωκεν
1588 4156 1790 4211 Ἰακὼϐ

218 4227 437 4298 Ἰωσὴφ
469 4230 547 4295 τῷ
568 4229 676 4297 υἱῷ
712 4233 921 4289 αὐτοῦ.

278 4322 344 4373 Ὢ
377 4320 580 4391 πολλῆς
610 4322 911 4390 ἀγχινοίας,
942 4328 1037 4380 καὶ
1059 4328 1300 4399 ἀκράτου
1326 4332 1569 4405 νήψεωςι
1592 4338 1781 4405 φθάνει

1964 3978 2052 4044 IV,
2089 3979 2143 4046 4,
2177 3980 2229 4034 5.
2278 3978 2565 4047 Oportebat
2606 3990 2780 4033 autem
2808 3996 2925 4033 eum
2956 3979 3183 4033 transire
3226 3995 3317 4047 per
3351 3978 3458 4034 Sn-

1894 4071 2140 4123 mariam.
2179 4070 2326 4124 Venit
2359 4087 2478 4139 ergo
2508 4072 2562 4124 in
2592 4072 2856 4125 civitatem
2890 4070 3155 4125 Samaria:
3182 4086 3296 4140 qua:
3333 4071 3459 4124 dici-

1891 4166 1977 4210 tur
2005 4157 2219 4224 Sicltar,
2249 4159 2400 4223 iuxta
2426 4158 2684 4226 prtrdium
2723 4156 2860 4226 quod
2895 4156 3039 4210 dedit
3065 4154 3231 4209 Iacob
3263 4153 3457 4224 Joseplt

1887 4250 2003 4319 ﬁlio
2039 4265 2155 4303 suo.

1959 4340 2003 4394 Ο
2033 4341 2225 4394 miram
2253 4341 2458 4411 ingenii
2490 4339 2873 4401 acrimoniam,
2906 4352 2970 4392 ac
3006 4335 3324 4391 defmcatam
3363 4351 3457 4392 so-

208 4413 322 4470 ταῖς
353 4408 672 4477 ἀπολογίαις
703 4410 770 4463 τὰ
816 4410 1146 4484 ζητήσεσθαι
1180 4422 1636 4492 προσδοκώμενα·
1661 4423 1781 4481 εἷπε

1888 4431 2102 4488 lertiam
2135 4433 2148 4485 l
2177 4408 2553 4500 respondendo
2584 4431 2844 4502 praevenit
2865 4444 2987 4500 quae
3016 4436 3142 4484 mox
3166 4430 3456 4498 quierenda

208 4500 410 4593 gap-av
436 4518 520 4593 τις
544 4503 784 4575 εὐθὺς,ῆ
823 4506 997 4577 ἑτέρῳ
1042 4510 1377 4581 προσλαλῶν,
1416 4513 1448 4584 ἢ
1488 4514 1785 4585 λεληθότως

1890 4525 2201 4580 veniebant.
2254 4526 2485 4581 Dixisse!
2521 4500 2664 4580 enim
2708 4524 2894 4578 statim
2941 4523 3163 4593 aliquis,
3209 4532 3454 4578 autcum

210 4588 687 4679 διενθυμούμενος·
714 4595 822 4648 Τοῦ
854 4596 917 4665 δὴ
945 4598 1104 4669 χάριν
1127 4603 1155 4654 ὁ
1176 4602 1379 4673 Κύριος
1402 4606 1555 4675 ἡμῶν
1578 4608 1785 4679 Ἰησοῦς

212 4677 467 4772 ξίρισητὸς,
499 4685 597 4736 οὐκ
622 4687 679 4738 ὲν
691 4704 865 4757 καιρῳ
882 4706 961 4759 τῳ
986 4693 1275 4762 καθήκοντι
1300 4697 1407 4749 τῶν
1431 4677 1784 4772 Σαμαρειτῶν

215 4768 511 4863 ἐποιήσατο
538 4781 818 4847 φωτισμόν
842 4798 856 4846 ;
889 4782 1169 4852 Προσῆλθε
1200 4787 1300 4856 μὲν
1328 4788 1436 4860 γάρ
1463 4791 1495 4861 ἡ
1518 4768 1787 4863 Συροφοι-

214 4859 431 4952 νίκισσά
455 4881 609 4927 ποτε,
634 4868 725 4919 τὸν
747 4870 840 4921 ἐπὶ
888 4873 953 4940 τῇ
1003 4873 1332 4947 ταλαιπώρῳ
1384 4859 1620 4951 θυγατρί
1648 4859 1784 4952 μετά

214 4949 465 5042 δακρύων
492 4956 641 5010 ἔλεον
670 4958 976 5031 ὲξαιτοῦσα,
998 4966 1089 5019 καὶ
1113 4966 1163 5019 τί
1199 4969 1335 5039 πρὸς
1363 4971 1529 5042 αὐτὴν
1561 4949 1784 5042 όφιλοι-

218 5040 501 5130 κτίρμων;
532 5063 551 5095 ι
594 5048 668 5099 Οὐ
712 5050 892 5115 καλὸν,
940 5054 1094 5124 φησί,
1124 5054 1305 5109 λαϐεῖν
1337 5058 1426 5110 τὸν
1476 5040 1638 5130 ἀρτον
1677 5064 1786 5116 τῶν

218 5128 443 5219 τέκνων,
473 5136 568 5187 καὶ
595 5135 777 5205 βαλεῖν
818 5143 934 5203 τοῖς
976 5144 1283 5214 κυναρίοις·
1318 5163 1335 5195 ι
1362 5148 1422 5198 οὐ
1457 5128 1581 5218 γάρ,
1607 5146 1785 5219 οἶμαι,

219 5218 322 5274 δεῖν
345 5223 656 5293 ἐδοκίμαζε,
693 5228 943 5299 πρὸωρον
996 5234 1106 5295 τοῖς
1155 5232 1213 5297 ἐξ
1265 5235 1433 5289 ἐθνῶν
1459 5239 1558 5307 τὴν
1586 5218 1697 5301 τοῖς
1727 5241 1786 5307 ἐξ

233 5310 443 5385 Ἰσραὴλ
502 5318 940 5389 ἀπονεμηθεῖσαν
995 5323 1467 5395 ἐπιδαψιλεύεσθαι
1513 5330 1672 5400 χάριν
1698 5348 1711 5362 °
1758 5333 1786 5385 ὃ

221 5399 281 5472 δὴ
301 5405 393 5458 καὶ
418 5409 749 5480 σαφέστερον
765 5412 926 5476 αὐτὸς
948 5415 1117 5468 ἐποίει
1141 5416 1310 5485 λέγων
1327 5435 1340 5450 ·
1370 5437 1389 5469 ι
1418 5399 1788 5476 omissam-

223 5492 334 5563 λην,
396 5498 444 5549 εἰ
500 5500 574 5570 μὴ
618 5502 697 5564 εἰς
744 5504 812 5555 τὰ
858 5505 1101 5572 πρὸδατα
1144 5509 1211 5562 τὰ
1252 5511 1567 5569 ἀπολωλότα
1635 5517 1784 5569 οἴκου

235 5584 463 5658 Ἰσραήλ.
500 5610 519 5642 ι
553 5590 676 5677 ῌῶς
712 5591 804 5649 οὖν
844 5597 974 5668 ἄρα,
1002 5601 1223 5670 φήσειε)
1250 5605 1314 5657 ἄν
1345 5623 1448 5673 τις,
1476 5609 1504 5659 ὁ
1529 5609 1664 5679 πρδς
1693 5611 1787 5681 μό-

1891 4618 1999 4671 alio
2032 4617 2366 4686 colloquens,
2407 4627 2499 4671 aut
2535 4618 2673 4670 clam
2704 4615 2846 4686 apud
2879 4631 2937 4670 se
2959 4617 3207 4686 cogitans
3234 4635 3246 4669 :
3283 4617 3456 4682 Quam

1891 4708 2106 4763 demmu
2148 4710 2216 4763 ob
2246 4724 2464 4763 causam
2508 4708 2772 4763 Dominus
2802 4714 2991 4763 noster
3022 4706 3182 4763 Jesus
3211 4707 3462 4763 Christus

1891 4816 2001 4855 non
2053 4815 2295 4870 congruo
2358 4808 2600 4868 tempore
2654 4799 3031 4854 Samaritanos
3089 4798 3463 4852 illuminavit?

1885 4890 2130 4946 Accessit
2156 4891 2301 4944 enim
2335 4889 2630 4960 aliquando
2657 4889 3077 4960 Syrophmnissa
3100 4890 3314 4943 miseras
3338 4888 3460 4941 filiae

1888 4980 2319 5036 misericordiam
2380 4982 2609 5050 supplex
2646 4992 2837 5049 petens
2896 4994 3021 5032 cum
3062 4978 3340 5048 Iacrymis.
3395 4975 3461 5028 Et

1886 5075 2013 5143 quid
2052 5074 2117 5127 ad
2166 5089 2285 5129 eam
2334 5073 2424 5129 ille
2473 5072 2823 5128 misericors?
2857 5089 2875 5121 ι
2910 5070 3028 5124 Νοη
3078 5078 3162 5124 est
3216 5070 3454 5131 bonum,

1890 5166 2085 5234 inquit,
2135 5167 2383 5233 accipere
2427 5179 2618 5232 panem
2656 5164 2912 5226 filiorum,
2967 5168 3021 5215 et
3053 5160 3270 5213 mittere
3304 5158 3458 5212 cani-

1890 5251 1992 5304 bus
2027 5252 2092 5304 7‘.
2134 5271 2150 5301 ι
2188 5250 2301 5304 Non
2348 5252 2492 5306 enim
2525 5251 2791 5320 placebat,
2830 5257 2887 5303 ut
2920 5264 3065 5311 reor,
3112 5247 3345 5317 gratiam
3380 5246 3458 5301 ls-

1891 5342 2097 5395 raelitis
2146 5344 2479 5412 assignatam
2518 5351 2844 5411 pramature
2886 5338 3179 5409 gentilibus
3212 5338 3453 5408 elargiri.

1893 5433 2048 5498 Quod
2100 5434 2216 5505 ipse
2270 5433 2489 5505 quidem
2554 5435 2735 5503 palam
2795 5431 3029 5487 faciebat
3083 5430 3169 5484 his
3222 5430 3455 5485 verbis:

1898 5544 1916 5575 ι
1959 5524 2073 5579 Non
2136 5542 2255 5581 sum
2299 5527 2501 5581 missus
2553 5525 2657 5579 nisi
2716 5524 2783 5578 ad
2835 5537 2964 5578 oves
3012 5537 3132 5592 quae
3180 5522 3458 5592 perierunt

1893 5614 2088 5669 domos
2117 5614 2279 5670 Israel
2307 5617 2406 5669 ⁷⁷.»
2444 5614 2731 5680 Quomodo
2764 5616 2950 5685 igitur,
2986 5615 3199 5685 inquiet
3223 5611 3452 5681 aliquis,

293 5761 355 5793 "'
389 5762 522 5819 Dan.
556 5783 675 5831 xm,
701 5770 771 5824 25
841 5772 888 5805 "
920 5770 1078 5828 Joan.
1118 5792 1197 5841 ιιι,
1232 5778 1325 5836 26.
1406 5782 1452 5813 ⁷⁸
1484 5780 1673 5836 Matth.
1707 5801 1786 5848 vv,

1888 5819 1913 5842 ι.
1986 5791 2030 5820 ⁷⁷
2064 5789 2195 5843 ibid.
2228 5790 2319 5845 24.
