4118 6544
669 999 682 1041 l

713 361 813 420 291

1702 363 1761 418 S.
1801 359 2086 419 CYRILLI
2119 362 2584 419 ALEXANDRWI
2621 365 2941 422 ARCIIIEP.

3866 379 3956 434 292

713 477 808 546 qui
836 474 902 528 ad
933 473 1108 528 solum
1143 478 1346 529 missus
1375 483 1459 529 est
1501 473 1783 539 lsraelcm,
1821 474 2276 528 Samaritanoruu

2396 494 2486 529 vov
2507 478 2913 550 ἀπεσταλμένος
2943 480 3032 534 τὸν
3071 481 3286 555 Ἰσραὴλ
3331 483 3391 538 τὸ
3429 487 3791 558 Σαμαρειτῶν
3815 493 3955 547 tm:-

714 583 891 636 genus
919 564 1198 630 edocebat,
1237 565 1493 635 quamvis
1542 565 1708 620 Israel
1758 566 1988 636 gratiam
2048 566 2286 620 nondum

715 671 942 724 prorsus
989 653 1368 708 excussisset?
1413 654 1846 724 itesponsionem
1875 655 1944 709 ad
1983 655 2096 709 haec
2135 655 2290 710 ati'ert

714 750 1074 820 probabilem,
1117 747 1280 818 idque
1311 763 1434 803 cum
1467 751 1801 806 auctoritate
1830 750 2086 820 quadam,
2125 750 2290 806 nimi-

715 857 857 904 rum,
898 858 917 892 ‹
957 839 1256 910 Oportebat
1285 847 1467 894 autem
1503 855 1628 894 eum
1682 841 1921 895 transire
1953 854 2048 910 per
2091 839 2287 895 Sama-

713 933 870 986 riam.
913 950 932 983 ι
967 930 1087 1010 Non
1111 931 1256 986 enim
1288 945 1407 986 eam
1436 932 1608 986 solam
1640 933 1711 987 ob
1747 947 1970 989 causam
2005 933 2058 988 in
2088 933 2284 988 Sama-

710 1025 847 1080 riam
875 1023 1024 1080 venit
1055 1033 1113 1079 ut
1143 1025 1212 1078 ibi
1237 1022 1560 1102 praedicaret
1579 1026 1828 1092 verbum,
1861 1034 1914 1081 et
1933 1034 2101 1080 totam
2127 1027 2287 1096 plane

710 1116 776 1170 ad
811 1130 906 1172 eos
933 1115 1262 1171 transferret
1296 1113 1514 1169 lsraelis
1539 1115 2002 1184 benedictionem,
2035 1117 2128 1173 sed
2149 1133 2285 1187 quo-

709 1208 854 1262 niam
905 1207 1031 1262 illac
1077 1207 1473 1263 transeundum
1523 1214 1662 1271 erat,
1694 1206 1922 1262 ‘idcirco
1960 1209 2143 1274 docet,
2194 1225 2284 1264 sa-

711 1299 931 1368 pientiae
965 1308 1105 1369 opus
1133 1313 1420 1368 peragens.
1441 1295 1917 1364 Quemadmodum
1947 1299 2101 1369 177
2135 1300 2280 1356 enim

711 1389 851 1460 ignis
903 1391 1208 1445 naturalem
1268 1389 1461 1444 urentli
1525 1389 1633 1443 vim
1685 1388 1887 1445 habere
1924 1405 2032 1446 non
2081 1399 2280 1456 cessat,

709 1482 792 1537 sic
837 1482 1001 1536 etiam
1037 1481 1198 1551 plane
1234 1480 1348 1536 fieri
1396 1497 1504 1537 non
1550 1496 1716 1552 posse
1766 1491 2014 1548 autumo,
2055 1493 2115 1538 ut
2159 1485 2283 1538 uni-

708 1571 849 1627 versi
885 1569 1161 1640 Sapientia
1186 1571 1330 1640 quod
1361 1572 1641 1642 sapientiae
1671 1575 1931 1629 convenit
1963 1589 2068 1628 non
2092 1573 2276 1630 faciat.

711 1663 776 1717 Et
797 1663 1252 1732 quemadmodum
1276 1663 1494 1718 tametsi
1527 1664 1735 1720 diceret
1756 1681 1864 1720 non
1891 1665 2059 1721 licere
2081 1681 2276 1736 panem

706 1754 944 1808 ﬁliorum
1009 1753 1226 1810 mittere
1290 1754 1556 1822 canibus,
1615 1755 1948 1812 muliercula
2005 1765 2188 1812 tamen
2221 1757 2277 1812 in

2389 567 2510 620 δευε
2540 569 2716 636 γένος,
2746 572 2923 624 καίτοι
2963 572 3056 626 τοῦ
3107 575 3323 649 Ἰσραὴλ
3349 576 3502 632 οὔπω
3545 583 3832 646 παντελῶς
3871 589 3955 658 τὴν

2389 659 2548 729 χάριν
2569 661 3030 728 ἀπολακτίσαντος
3055 682 3069 730 ;
3106 667 3250 738 Πρὸς
3269 669 3333 740 δὴ
3355 668 3424 722 τὰ
3459 673 3706 738 τοιαῦτα,
3741 676 3954 748 πιθανὴν

2391 748 2508 819 μετ’
2535 749 2784 816 ἐξουσίας
2804 753 2903 823 τὴν
2932 754 3230 825 ἀπολογίαν
3277 761 3522 831 εἰσφέρει
3554 763 3632 828 τὸ,
3667 784 3687 814 ι
3735 765 3880 818 Ἔδει
3907 769 3953 821 δὲ

2387 839 2550 929 αὑτὸν
2597 841 2904 912 διέρχεσθαι
2943 844 3033 899 διά
3063 847 3163 919 τῆς
3207 850 3522 920 Σαμαρείας
3551 869 3566 884 ο
3601 872 3618 904 ι
3647 854 3716 906 οὐ
3769 856 3875 926 γάρ
3900 859 3952 929 δὴ

2385 928 2575 982 τούτου
2615 949 2679 1000 γε
2734 932 2896 988 ἕνεκα
2941 936 3035 988 καὶ
3080 937 3244 1006 μόνου
3293 938 3394 1009 τὴν
3443 939 3579 1012 πρὸς
3615 928 3950 1015 Σαμαρείτας

2386 1020 2696 1093 ἀποδημίαν
2736 1025 3033 1092 ἐστείλατο,
3093 1029 3178 1097 ἐφ’
3213 1022 3316 1098 ᾧτε
3368 1030 3602 1102 κηρύξαι
3625 1035 3764 1103 παρ’
3790 1035 3952 1099 αὐτοῖς

2383 1116 2473 1168 τὸν
2505 1116 2682 1185 λόγον,
2709 1118 2804 1171 καὶ
2827 1118 2956 1189 ὃλην
2988 1117 3045 1185 ἐξ
3073 1119 3194 1173 ὅλου
3227 1123 3565 1192 μεταστῆσαι
3595 1123 3695 1194 τὴν
3717 1124 3950 1192 εὐλογίαν

2383 1207 2476 1260 τοῦ
2508 1209 2727 1280 Ἰσραήλ
2743 1227 2756 1241 ·
2776 1210 2890 1264 ἀλλ’
2913 1211 3147 1284 ἐπείπερ
3166 1211 3272 1266 ἔδει
3291 1213 3686 1286 παρέρχεσθαι,
3702 1215 3794 1268 διὰ
3810 1216 3951 1270 τοῦτο

2382 1298 2649 1366 διδάσκει,
2674 1301 2734 1355 τὸ
2765 1302 2958 1372 σοφίας
2988 1303 3150 1374 ἔργον
3173 1304 3471 1358 ἀποτελῶν.
3493 1307 3667 1360 Ὠσπε
3675 1325 3712 1378 ρ
3733 1308 3844 1378 γὰρ
3864 1312 3947 1361 οὐκ

2382 1389 2448 1444 ἀν
2481 1409 2611 1446 ποτε
2656 1395 2754 1465 τῆς
2802 1393 3029 1466 ἐνούσης
3077 1395 3226 1467 αὐτῷ
3270 1399 3411 1452 κατὰ
3446 1398 3607 1468 φύσιν
3654 1402 3947 1470 καυπικῆς

2381 1484 2659 1555 ἐνεργείας
2688 1486 2990 1558 καταλῆξαι
3034 1491 3094 1542 τὺ
3131 1489 3264 1560 πῦρ,
3299 1489 3476 1554 οὕτως
3522 1486 3680 1562 οἶμαι
3715 1492 3860 1546 κατά
3896 1496 3946 1547 τὸ

2380 1576 2640 1639 παντελὲς
2673 1579 2939 1648 ὑπάρχειν
2995 1581 3298 1652 ἀμήχανον,
3328 1582 3430 1652 τὴν
3461 1582 3570 1636 τῶν
3597 1584 3743 1638 ὅλων
3773 1585 3945 1651 σοφίαν

2382 1664 2457 1736 μὴ
2485 1667 2606 1736 οὐχὶ
2633 1666 2694 1719 τὸ
2725 1667 2886 1738 σοφία
2940 1669 3151 1741 πρέπον
3188 1671 3433 1742 ἐνεργεῖν
3455 1687 3469 1701 °
3511 1671 3605 1724 καὶ
3634 1670 3832 1741 ὥσπερ
3860 1672 3944 1723 οὐκ

2378 1752 2578 1819 ἐξεῖναι
2616 1753 2789 1823 λέγων
2845 1755 3030 1810 λαϐεῖν
3075 1758 3166 1811 τὸν
3225 1759 3389 1830 ἄρτον
3438 1760 3547 1814 τῶν
3582 1760 3818 1827 τέκνων,
3864 1763 3944 1814 καὶ

705 1847 973 1919 lacrymas
1027 1846 1213 1902 eliusae
1251 1856 1306 1904 et
1353 1849 1544 1903 multis
1598 1850 1780 1906 verbis
1843 1849 2276 1906 misericordiam

2381 1845 2560 1916 βαλεῖν
2578 1850 2691 1911 τοῖς
2713 1849 3012 1921 κυναρίοις,
3031 1849 3481 1922 δακρυρροοῦντα,
3504 1853 3598 1906 καί⁵
3627 1853 3848 1916 πολλοῖς
3877 1857 3943 1916 εἰς

703 1938 880 1993 oranti
908 1947 1071 2010 atque
1091 1939 1390 1994 obtestanti
1414 1941 1644 2010 gratiam
1679 1942 1888 2011 injecit,
1915 1957 2024 1996 non
2058 1941 2278 1996 aliunde

705 2031 1010 2098 praestituto
1059 2030 1224 2085 dandi
1277 2039 1550 2102 tempore,
1587 2034 1682 2088 sed
1740 2033 1873 2087 illud
1934 2048 2057 2087 cum
2117 2031 2278 2088 Patre

703 2121 821 2191 ipse
856 2121 1142 2188 definiens,
1167 2133 1226 2178 ut
1250 2120 1446 2189 Filius,
1471 2133 1525 2179 et
1561 2123 1729 2192 Deus,
1756 2139 1821 2180 ac
1847 2124 2112 2182 Dominus
2145 2144 2160 2181 :
2194 2127 2276 2182 sic

700 2213 866 2268 etiam
909 2212 1206 2270 miseratus
1236 2221 1320 2270 est
1355 2213 1756 2284 Samaritanus,
1784 2223 1839 2272 et
1887 2216 2085 2272 divina:
2121 2225 2274 2288 pote-

702 2305 861 2360 statis
895 2303 1222 2361 ineﬂ‘abilem
1273 2305 1384 2360 vim
1426 2321 1702 2372 reserans,
1745 2310 2057 2363 universam
2099 2309 2276 2379 regio-

701 2409 825 2449 nem
883 2396 938 2450 in
991 2396 1094 2451 vite
1145 2405 1467 2454 transcursu
1519 2399 1886 2456 illuminabat.
1937 2401 2078 2467 Quid
2129 2401 2272 2470 quod

703 2489 888 2543 minus
918 2496 1349 2545 consentaneum
1382 2499 1498 2544 erat
1527 2489 1782 2546 lsraelem
1816 2491 1925 2560 jam
1965 2493 2019 2546 in
2067 2493 2271 2547 rabiem

701 2583 881 2630 actum
944 2586 999 2632 et
1066 2577 1270 2633 caedem
1336 2577 1552 2634 Domini
1623 2580 1977 2635 meditantem
2036 2582 2275 2650 perfecte

699 2666 854 2737 diligi
886 2684 900 2734 ;
938 2668 1031 2724 sed
1065 2683 1188 2723 cum
1221 2669 1466 2724 nondum
1504 2671 1633 2726 totis
1678 2672 1898 2738 animis,
1929 2688 2119 2728 verum
2151 2688 2272 2727 cum

699 2761 1074 2816 moderatione
1105 2764 1336 2832 quadam
1372 2775 1824 2834 persequeretur,
1857 2765 2063 2821 idcirco
2091 2765 2276 2820 Domi-

698 2863 804 2902 nus
863 2858 1054 2906 noster
1113 2849 1276 2908 Jesus
1320 2853 1572 2910 Christus
1626 2856 1856 2910 necdum
1916 2872 2041 2910 cum
2098 2857 2272 2926 gratia

697 2952 925 3009 prorsus
957 2941 1128 3005 exuit,
1153 2950 1532 3000 verumtamen
1557 2947 1622 2998 ad
1648 2946 1787 3002 alios
1818 2947 2077 3016 paulatim
2110 2947 2274 3001 bene-

697 3029 992 3083 dictionem
1027 3045 1182 3084 suam
1213 3034 1467 3089 traducit.
1509 3036 1665 3102 Quod
1690 3046 1871 3092 autem
1907 3055 1937 3093 e
1958 3037 2269 3094 Iudaeorum

697 3121 923 3190 regione
946 3137 1173 3191 prorsus
1193 3124 1480 3190 excedere,
1498 3136 1550 3180 et
1584 3128 1649 3181 ad
1678 3129 2013 3199 alienigenas
2036 3132 2272 3200 migrare

699 3227 811 3282 prae
852 3228 911 3268 se
960 3212 1065 3268 fert
1106 3223 1330 3284 propter
1377 3216 1772 3273 immanitatem
1807 3223 2271 3290 persequentium,

701 3305 872 3374 figura
903 3292 1148 3375 quaedam
1179 3313 1264 3360 est
1293 3321 1400 3378 qua
1439 3307 1779 3364 interminari
1820 3312 2058 3376 videtur,
2091 3315 2274 3382 gratia:

691 3394 967 3464 jacturam
1009 3398 1230 3468 penitus
1287 3398 1554 3466 facturos,
1598 3410 1652 3456 et
1696 3416 1855 3456 suum
1893 3402 2125 3468 bonum,
2170 3405 2273 3460 hoc

698 3500 784 3543 εει
809 3487 1086 3544 Christum
1122 3491 1176 3544 in
1208 3490 1345 3546 alios
1390 3492 1742 3546 amandatum
1785 3495 1882 3560 iri,
1915 3495 2020 3550 nisi
2052 3511 2081 3549 a
2113 3507 2272 3566 petu-

701 3577 866 3631 lantia
902 3593 1000 3632 sua
1035 3578 1092 3633 in
1124 3579 1306 3649 ipsqu
1336 3580 1670 3637 abstineant.

725 3841 730 3847 ’
772 3841 862 3906 ιν,
885 3843 937 3898 6.
984 3842 1115 3896 Erat
1147 3853 1321 3898 autem
1357 3843 1432 3896 ibi
1457 3843 1576 3914 [om
1606 3843 1810 3911 Iacob;
1842 3843 2000 3900 Iesus
2030 3862 2155 3918 ergo
2183 3847 2270 3916 fa-

703 3935 901 4004 tigatus
937 3948 1002 3987 ex
1031 3935 1239 3999 itinere,
1267 3934 1476 3989 sedebat
1509 3937 1586 3989 sic
1613 3950 1776 4003 supra
1808 3936 2022 4003 fontem.

774 4111 1040 4182 Egressus
1067 4127 1131 4165 ex
1157 4109 1357 4164 Judme
1385 4110 1607 4173 finibus,
1642 4125 1876 4179 cumque
1905 4111 2045 4180 apud
2079 4111 2271 4166 alieni-

704 4203 1000 4275 gcnasjam
1049 4210 1195 4256 esset
1241 4199 1510 4266 Salvator,
1554 4209 1926 4254 commoratur
1956 4200 2023 4254 ad
2066 4199 2267 4256 fontem

700 4295 870 4350 Jacob
911 4313 925 4350 :
967 4294 1146 4365 typice
1201 4293 1361 4346 nobis
1409 4299 1464 4346 et
1513 4290 1852 4361 aenigmatice
1903 4290 2267 4358 subinnuens,

704 4388 830 4442 licet
867 4385 1180 4455 evangelica
1222 4382 1538 4452 praedicatio
1567 4395 1866 4436 excessura
1896 4388 2042 4436 esset
2073 4380 2268 4435 Hieru-

703 4477 952 4546 solymis,
974 4483 1029 4530 et
1057 4477 1123 4530 ad
1142 4482 1330 4545 gentes
1352 4488 1532 4528 sermo
1554 4471 1772 4528 divinus
1794 4472 2052 4542 deinceps
2072 4473 2266 4538 abiret,
2301 4511 2344 4566 ο

705 4581 814 4620 non
846 4576 1028 4619 tamen
1056 4578 1166 4617 una
1205 4577 1329 4618 cum
1361 4561 1565 4618 lsraele
1614 4563 1914 4632 perituram
1943 4576 2068 4617 esse
2117 4562 2267 4630 illam

705 4659 760 4709 in
785 4656 978 4710 Patres
1021 4654 1392 4720 dilectionem,
1423 4653 1519 4709 sed
1563 4668 1658 4708 eos
1693 4668 1910 4708 rursum
1946 4653 2002 4708 in
2041 4653 2270 4725 gratiam

705 4747 987 4802 Christum
1048 4754 1428 4816 recepturum,
1488 4753 1543 4800 et
1599 4745 1740 4814 apud
1792 4760 1885 4800 eos
1935 4753 1998 4800 ut
2050 4754 2272 4801 sanctos

707 4839 966 4893 nimirum
995 4853 1194 4893 rursus
1220 4845 1690 4892 commoraturum
1720 4835 1949 4904 pristina
1981 4836 2072 4890 illa
2101 4837 2271 4906 gratia

707 4929 1239 4985 immarcescibiliter
1265 4930 1348 4984 eis
1387 4937 1620 4984 servata.
1649 4929 1905 4985 Libenter
1937 4938 2118 4984 autem
2149 4945 2274 4984 ver-

706 5032 860 5076 satur
881 5023 935 5076 in
960 5030 1277 5077 sanctorum
1295 5022 1576 5086 memoria,
1598 5030 1656 5075 ttt
1672 5023 1911 5092 seipsum
1933 5021 2092 5078 nobis
2107 5023 2270 5079 etiam

704 5115 807 5168 hac
856 5115 1069 5169 ratione
1105 5114 1413 5184 exemplum
1453 5114 1724 5185 praebeat,
1753 5123 1806 5170 et
1839 5117 1912 5171 sit
1948 5116 2164 5170 initium
2203 5130 2269 5170 ac

701 5204 870 5272 janua
897 5203 1122 5258 honoris
1152 5204 1470 5274 parentibus
1495 5203 1804 5259 exhibendi.
1840 5203 2065 5260 Resedit
2091 5215 2271 5259 autem

714 5294 898 5350 lassus
927 5294 995 5349 de
1011 5297 1120 5360 via,
1139 5303 1200 5348 ut
1222 5296 1485 5364 scriptum
1517 5305 1624 5359 est,
1650 5294 1813 5351 uthic
1837 5311 2056 5366 quoque
2083 5296 2274 5364 impie-

708 5392 874 5440 tatem
908 5401 1097 5441 eorum
1129 5402 1159 5441 a
1186 5403 1296 5456 quo
1338 5387 1532 5458 pulsus
1577 5395 1660 5443 est
1708 5389 2076 5459 redargueret.
2136 5387 2274 5442 Nam

707 5491 832 5531 cum
885 5478 1046 5547 178
1079 5478 1246 5547 iustis
1300 5478 1602 5535 honoribus
1647 5494 1772 5534 eum
1829 5479 1934 5534 sibi
1981 5478 2274 5534 conciliare

707 5566 991 5633 deberent,
1028 5574 1083 5620 et
1125 5568 1423 5622 reverentia
1454 5583 1519 5623 ac
1553 5579 1699 5625 metu
1731 5584 1830 5624 ceu
1870 5567 2274 5626 benefactorem

708 5673 868 5714 suum
894 5656 1100 5722 fovere,
1142 5658 1341 5713 sudore
1380 5667 1432 5712 et
1478 5659 1759 5715 laboribus
1810 5659 2098 5715 Dominum
2151 5676 2278 5716 cru-

709 5749 878 5815 ciant,
912 5758 973 5805 ut
1002 5765 1188 5806 verum
1245 5751 1315 5804 sit
1352 5749 1496 5820 quod
1533 5750 1600 5805 dc
1635 5750 1767 5820 ipsis
1797 5751 1997 5806 dicitur
2038 5753 2091 5806 in
2135 5753 2278 5807 libro

2377 1937 2526 1992 ἔλεον
2575 1939 2958 2013 έκλιπαροῦντι
2985 1940 3186 2010 λόγοις,
3255 1944 3589 2016 προσέρριψε
3628 1944 3712 2014 τῷ
3753 1947 3943 2014 γυναίῳ

2375 2030 2473 2100 τὴν
2497 2031 2677 2102 χάριν,
2716 2033 2777 2085 οὐ
2807 2035 2937 2104 παρ’
2996 2033 3195 2106 ἑτέρου
3253 2020 3719 2105 νομοθετούμενος
3759 2034 3849 2086 τδν
3866 2034 3943 2087 τοῦ

2373 2123 2572 2177 διδόναι
2610 2123 2823 2195 καιρὸν,
2881 2124 2996 2179 ἀλλ’
3039 2126 3202 2190 αὐτὸς
3244 2127 3506 2197 ὑπάρχων
3565 2125 3711 2197 μετά
3751 2127 3941 2195 Harp);

2374 2215 2618 2287 ὀριστὴς,
2669 2215 2745 2278 ὡς
2789 2215 2938 2280 Υίὸς,
2978 2218 3073 2270 καὶ
3095 2217 3248 2282 Θεὸς,
3277 2217 3373 2272 καὶ
3405 2217 3645 2287 Κύριος·
3692 2215 3839 2270 οὕτω
3865 2218 3941 2268 καὶ

2375 2303 2718 2376 Σαμαρείτας
2746 2305 2914 2374 ἠλέει,
2955 2307 3050 2361 καὶ
3076 2307 3174 2378 τῆς
3195 2307 3532 2380 θεοπρεποῦς
3570 2307 3825 2372 ἐξουσίας
3858 2308 3941 2376 τὴν

2373 2396 2651 2468 ἄφραστον
2673 2397 3071 2452 ἀνακαλύπτων
3094 2397 3344 2468 δύναμιν,
3378 2397 3497 2452 ὁδοῦ
3528 2399 3813 2468 πάρεργον
3848 2397 3940 2467 χὼ·

2377 2505 2474 2558 ρας
2499 2487 2626 2558 ὅλης
2665 2489 2902 2540 ἐποιεῖτο
2945 2487 3037 2540 τὸν
3085 2487 3388 2557 φωτισμόν.
3409 2482 3518 2539 Ἦν
3549 2487 3606 2540 δὲ
3629 2487 3727 2539 καὶ
3757 2486 3939 2555 ἑτέρως

2373 2576 2592 2641 ἄτοπον,
2625 2577 2724 2647 ἤδη
2744 2578 2864 2637 ταῖς
2884 2575 3160 2638 ἀπονοίαις
3174 2574 3558 2642 λελυττηκότα,
3589 2575 3683 2627 καὶ
3711 2572 3939 2640 φονῶντα

2374 2668 2515 2722 κατὰ
2544 2668 2637 2722 τοῦ
2696 2669 2900 2740 Κυρίου
2953 2667 3044 2720 τδν
3102 2666 3320 2740 Ἰσραὴλ
3358 2665 3676 2735 ἀγαπᾶσθαι
3709 2665 3936 2727 τελείως.

2385 2759 2602 2830 Ἐπειδὴ
2647 2760 2704 2812 δὲ
2732 2757 2886 2812 οὔπω
2935 2760 3034 2828 μὲν
3064 2758 3348 2822 ὁλοτελῶς,
3381 2757 3567 2811 διώκει
3595 2757 3638 2810 δ’
3676 2753 3779 2810 οὖν
3808 2758 3937 2826 ὅμως

2373 2847 2453 2901 ἔτι
2491 2849 2822 2919 συμμέτρως
2839 2889 2852 2914 ,
2874 2849 2961 2901 διὰ
2989 2848 3150 2902 τοῦτο
3174 2849 3308 2904 καὶὸ
3328 2848 3531 2918 Κύριος
3557 2848 3720 2919 ἡμῶν
3749 2847 3935 2917 Ἰησοῦς

2372 2941 2400 2992 ὁ
2447 2940 2706 3008 Χριστὸς,
2741 2938 2894 2992 οὗπω
2922 2940 3022 3010 μὲν
3069 2940 3232 2993 αὑτὸν
3279 2939 3588 3010 ὁλοκλήρως
3640 2939 3939 3009 ἀπογυμνοῖ

2371 3030 2470 3099 τῆς
2495 3029 2739 3101 χάριτος,
2789 3028 2997 3092 ἔξέλκει
3054 3029 3101 3082 δ’
3135 3024 3230 3082 οὖν
3285 3029 3433 3100 ὅμως
3481 3031 3560 3092 είς
3600 3029 3827 3100 ἑτέρους
3855 3029 3935 3099 τὴν

2374 3120 2623 3188 εὐλογίαν
2662 3121 2805 3174 κατά
2854 3119 3047 3191 βραχύ.
3116 3121 3190 3173 Τὸ
3243 3120 3299 3173 δὲ
3339 3119 3476 3182 ὅλως
3526 3120 3627 3189 τῆς
3684 3119 3935 3173 Ἰουδαίων

2375 3210 2773 3264 ἀπανίστασθαι
2825 3211 3030 3282 χώρας,
3094 3213 3188 3265 καὶ
3228 3213 3308 3274 είς
3346 3211 3444 3280 τὴν
3487 3209 3596 3262 τῶν
3647 3210 3933 3277 ἀλλογενῶν

2377 3299 2694 3364 σπουδάζειν
2727 3300 2885 3362 ίέναι,
2914 3289 3002 3353 δθι
3046 3299 3147 3370 τὴν
3189 3299 3298 3353 τῶν
3326 3299 3631 3352 διωκόντων
3661 3299 3934 3369 ἀπανθρω-

2374 3388 2526 3452 πίαν,
2549 3387 2747 3460 ἀπειλή
2771 3407 2856 3452 τις
2868 3385 2960 3460 ἦν,
2985 3389 3238 3461 καθάπερ
3255 3391 3312 3442 ὲν
3329 3388 3486 3459 τύπῳ
3513 3388 3932 3458 ζωγραφουμένη

2372 3479 2438 3548 τῇ
2464 3476 2560 3531 τοῦ
2599 3478 2924 3549 πράγματος
2951 3477 3131 3547 φύσει,
3161 3477 3236 3541 ὡς
3264 3477 3558 3549 ὀλόκληρον
3585 3478 3688 3548 ἥδη
3718 3477 3820 3547 τῆς
3847 3477 3931 3547 χά-

2374 3583 2522 3639 ριτος
2561 3568 2893 3638 ὑπομενοῦσι
2917 3567 3160 3639 ζημίαν,
3202 3569 3297 3621 καὶ
3349 3568 3818 3640 παραπέμψουσιν
3864 3569 3932 3632 είς

2372 3658 2592 3730 ἑτέρους
2631 3658 2691 3712 τδ
2719 3659 2917 3712 οἰκεῖον
2963 3658 3191 3726 ἀγαθὸν,
3236 3657 3381 3712 τοῦτ’
3417 3659 3532 3712 ἐστι
3566 3659 3660 3713 τδν
3689 3661 3928 3730 Χριστὸν,

2373 3747 2421 3802 εί
2448 3748 2524 3820 μὴ
2546 3749 2646 3820 τῆς
2678 3750 2759 3813 είς
2783 3749 2943 3805 αὑτὸν
2974 3749 3260 3820 παροινίας
3275 3749 3614 3820 ἀπόσχοιντο.

2379 3899 2384 3904 _
2438 3835 2552 3896 Ἦν
2581 3839 2651 3893 δὲ
2687 3839 2816 3894 ἐκεῖ
2839 3839 3000 3909 πηγὴ
3047 3838 3155 3893 τοῦ
3213 3841 3420 3896 Ἰακώϐ
3434 3858 3451 3874 ο
3483 3846 3516 3896 ό
3544 3837 3659 3897 οὖν
3705 3841 3930 3910 Ἰησοῦς

2371 3929 2737 3995 κεκοπιακὼς
2759 3930 2827 3983 ἐκ
2871 3929 2981 3998 τῆς
3028 3929 3390 4000 ὁδοιπορίας.
3414 3930 3722 3993 ἐκαθέζετο
3765 3933 3930 3995 οὕτως

2367 4021 2468 4074 ἐπί
2503 4020 2578 4088 τῇ
2615 4019 2804 4089 πηγῇ.

2377 4173 2384 4178 ι
2438 4112 2578 4174 Τοὺς
2604 4109 2713 4165 τῶν
2764 4110 3030 4165 Ἰουδαίων
3071 4111 3234 4183 ὅρους
3272 4111 3606 4181 ὲκϐεϐηκὼς,
3651 4111 3748 4164 καὶ
3798 4109 3926 4180 παρὰ

2369 4205 2480 4266 τοῖς
2517 4201 2857 4274 ἀλλογενέσιν
2885 4203 2984 4276 ἤδη
3006 4203 3246 4273 γεγονὼς
3275 4205 3304 4256 ὁ
3328 4205 3540 4274 Σωτὴρ,
3575 4205 3668 4257 ἐπὶ
3697 4206 3765 4274 τῇ
3794 4206 3922 4272 πηγῇ

2370 4293 2627 4347 καταλύει
2653 4291 2746 4346 τοῦ
2788 4292 2980 4349 Ἰακώϐ
3003 4311 3017 4325 ο
3045 4294 3120 4357 ὡς
3149 4295 3208 4348 έν
3235 4293 3390 4364 τύπῳ
3421 4293 3583 4347 πάλιν
3608 4295 3745 4363 ἡμῖν
3765 4294 3853 4346 καὶ
3871 4291 3925 4344 δι’

2369 4381 2688 4451 αἰνίγματος
2720 4381 3058 4447 ὑποδεικνὺς,
3087 4383 3168 4436 ὅτι
3204 4381 3309 4436 κᾶν
3347 4381 3448 4452 τῆς
3497 4382 3852 4452 Ἰερουσαλὴμ
3877 4379 3926 4431 τί

2371 4472 2727 4541 εύαγγελικὺν
2764 4473 3064 4544 ὲκφοιτήσῃ
3108 4473 3404 4544 κήρυγμα,
3429 4473 3523 4526 καὶ
3569 4473 3648 4536 είς
3681 4473 3809 4542 ἔθνη
3835 4473 3926 4525 λοι-

2374 4564 2472 4617 πὸν
2495 4563 2522 4614 ὁ
2550 4563 2691 4628 θεῖος
2710 4565 2970 4634 ὲκδράμοι
3002 4564 3180 4632 λόγος,
3209 4564 3273 4618 οὐ
3309 4563 3844 4634 συναποϐληθήσεται
3863 4560 3925 4630 τῷ

2384 4655 2597 4726 Ἰσραὴλ
2635 4656 2668 4726 ἡ
2705 4656 2782 4716 εἰς
2809 4655 2932 4716 τοὺς
2975 4655 3217 4724 πατέρας
3240 4652 3447 4722 ἀγάπη.
3476 4651 3613 4706 ἀλλά
3660 4652 3822 4704 πάλιν
3846 4652 3926 4704 αὑ-

2371 4747 2479 4799 τῶν
2543 4746 2821 4812 ἀνθέξεται
2874 4745 3141 4815 Χριστὸς,
3179 4747 3272 4799 καὶ
3325 4745 3805 4808 ὲπαναπαύσεται,
3852 4745 3926 4797 καὶ

2373 4836 2667 4889 καταλύσει
2718 4835 2878 4891 πάλιν
2924 4837 2998 4900 ὡς
3039 4838 3096 4889 ἐν
3143 4836 3352 4904 ἁγίοις,
3402 4836 3718 4907 ἀμάραντον
3769 4837 3926 4895 αὐτοῖς

2371 4929 2470 5000 τὴν
2493 4929 2550 4982 ὲν
2573 4929 2769 5000 ἀρχαῖς
2794 4927 3093 4991 ἀποσώζων
3115 4927 3295 4999 χάριν.
3330 4927 3728 5001 Ἐμφιλοχωρεῖ
3747 4929 3808 4982 δὲ
3827 4931 3926 4988 ταῖς

2371 5020 2481 5074 τῶν
2501 5021 2672 5088 ἁγίων
2703 5021 2968 5090 μνήμαις,
2985 5020 3070 5079 ἵνα
3089 5019 3260 5074 τύπον
3282 5021 3412 5090 ἡμῖν
3441 5020 3632 5073 ἑαυτὸν
3656 5020 3758 5074 κάν
3775 5019 3924 5088 τούτῳ

2373 5111 2668 5183 παράσχοι,
2695 5110 2788 5164 καὶ
2817 5110 2962 5181 ἀρχὴ
3009 5112 3103 5164 καὶ
3129 5109 3270 5183 θύρα
3297 5112 3396 5182 τῆς
3430 5112 3512 5174 είς
3549 5113 3678 5176 τοὺς
3710 5112 3924 5180 πατέρας

2373 5203 2586 5271 γένοιτο
2612 5204 2797 5273 τιμῆς.
2824 5201 3101 5255 Καταλύει
3131 5200 3187 5254 δὲ
3225 5203 3571 5265 κεκοπιακὼς
3600 5205 3666 5257 ἐκ
3692 5203 3792 5273 τῆς
3815 5203 3944 5272 όίῖοι-Ι

2375 5295 2592 5366 πορίας,
2623 5292 2698 5356 ὡς
2720 5293 3050 5363 γέγραπται,
3088 5292 3176 5346 ἵνα
3209 5292 3312 5346 κάν
3341 5291 3516 5364 τούτῳ
3545 5293 3641 5363 τῆς
3675 5294 3779 5346 τῶν
3799 5293 3912 5345 ὲλαυ

2376 5386 2573 5440 νόντων
2601 5384 2763 5440 αὑτὸν
2799 5383 3050 5449 ἀσεϐείας
3080 5387 3382 5456 κατηγορῇ.
3421 5384 3551 5438 Δέον
3579 5385 3688 5453 γὰρ
3717 5388 3833 5447 ταῖς
3856 5383 3924 5435 ei»

2377 5473 2650 5546 γνὼμοσιν
2693 5474 3030 5530 ἀνακτᾶσθαι
3072 5476 3298 5543 τιμαῖς,
3350 5474 3489 5527 αίδοῖ
3537 5491 3598 5527 τε
3645 5475 3739 5527 καὶ
3800 5472 3924 5542 φόϐῳ

2378 5566 2752 5638 πριθάλπειν,
2779 5566 2857 5630 ὡς
2899 5566 3215 5636 εὐεργέτην,
3250 5564 3432 5636 ἱδρῶτι
3465 5566 3560 5620 καὶ
3587 5566 3768 5628 πόνοις
3815 5577 3921 5617 κατε

2380 5657 2676 5723 αικίζονται
2700 5658 2792 5711 τὸν
2829 5656 3054 5729 Κύριον,
3088 5659 3176 5710 ἴνα
3209 5656 3304 5710 καὶ⁵
3335 5656 3576 5730 ἀληθεύῃ
3613 5656 3784 5725 λέγων
3822 5654 3924 5723 περὶ

2381 5748 2558 5804 αὐτῶν
2583 5751 2640 5802 ὲν
2671 5747 2836 5821 βίϐλῳ
2874 5750 3146 5820 Ψαλμῶν·
3186 5769 3204 5802 t
3242 5752 3350 5806 Καὶ
3389 5750 3806 5806 ἀνταπεδίδοσάν
3854 5763 3924 5816 μσς
