4118 6532
136 351 249 409 295

137 461 351 534 πονηρά
382 460 495 513 ἀντ’
525 457 765 526 ἀγαθῶν.
800 475 818 508 ι
860 453 1127 507 Ἰουδαίων
1164 453 1262 523 μὲν
1295 449 1387 505 οῦν
1422 453 1479 504 έν
1511 450 1721 513 τούτοις
1745 465 1792 524 Δ
1823 449 2168 505 Psalmorum
2212 469 2227 504 :

135 558 329 628 ὁρᾶται
376 552 437 605 τὸ
478 549 696 622 θράσος.
742 548 808 601 Τί
850 548 907 600 δὲ
952 546 1059 617 ἄρα
1103 546 1335 616 φήσουσι
1385 544 1521 615 πρὸς
1564 542 1721 595 τοῦτο

136 647 304 703 πάλιν
350 644 502 714 ἡμῖν,
538 642 634 695 κα)⁸
665 642 716 694 οἰ
758 641 857 711 τῆς
906 638 1129 691 ἐκείνων
1181 634 1438 698 ἀπονοίας
1482 634 1721 703 γείτονες

150 736 438 809 Ἀρειανοί,
481 734 681 804 μᾶλλον
726 732 785 785 δὲ
818 730 955 801 πρὸς
1006 730 1100 793 οὓς
1127 727 1194 782 ἂν
1221 726 1432 795 λέγοιτο
1464 723 1717 788 δικαίως,

149 825 473 896 Ἐδικαιώθη
498 825 711 896 Σόδομα
737 825 801 877 ὲκ
823 822 917 877 σοῦ
944 840 957 888 ;
993 824 1056 875 Οἱ
1098 822 1196 893 μὲν
1219 820 1326 892 γὰρ
1364 818 1506 872 κατὰ
1542 817 1720 889 σάρκα

139 920 433 991 σταυροῦσι
462 916 715 991 Χριστὸν,
732 917 781 969 οἱ
802 916 860 969 δὲ
902 917 980 978 εἰς
1002 913 1171 984 αὐτὴν
1202 910 1591 983 ἐμπαροινοῦσι
1620 909 1722 980 τὴν

138 1014 375 1083 ἄρρητον
414 1009 509 1063 τοῦ
543 1008 717 1077 Λόγου
762 1006 945 1076 φύσιν.
979 1005 1109 1058 Ἰδοὺ
1159 1003 1486 1057 κεκοπίακεν
1530 1003 1593 1055 ὲκ
1623 1001 1723 1071 τῆς

138 1096 467 1172 ὁδοιπορίας,
512 1100 597 1162 τίς
647 1098 677 1149 6
718 1094 881 1149 τοῦτο
923 1094 1140 1159 παθὼν;
1191 1088 1338 1163 *Λρα
1396 1091 1489 1143 καί
1538 1088 1722 1158 ἰσχύος

142 1195 272 1263 ἡμῖν
296 1190 488 1245 ἐπιδεᾶ
512 1190 604 1243 τὸν
628 1188 735 1243 τῶν
762 1187 1046 1257 δυνάμεων
1074 1185 1337 1237 εἰσοίσετε
1368 1181 1600 1252 Κύριον,
1626 1180 1721 1234 καὶ

142 1283 291 1352 αὺτῷ
311 1282 391 1352 τῷ
422 1282 486 1335 ὲκ
512 1280 724 1351 Πατρὸς
748 1279 1044 1346 Μονογενεῖ
1071 1276 1163 1330 τὸν
1194 1278 1257 1329 ὲκ
1282 1273 1381 1343 τῆς
1413 1271 1721 1342 ὁδοιπορίας

141 1374 440 1445 ἀναθήσετε
476 1372 637 1425 πόνον
660 1412 674 1436 ,
709 1371 796 1424 ἵνα
845 1369 939 1421 καὶ
973 1368 1217 1439 παθητὸς
1255 1365 1444 1434 νοῆται
1483 1362 1668 1417 λοιπὸν
1693 1363 1722 1415 6

142 1465 338 1519 παθεῖν
373 1466 474 1518 οὐκ
502 1462 690 1529 εἰδώς;
726 1463 796 1515 Ἦ
839 1463 1053 1531 φρονεῖν
1093 1459 1192 1529 μὲν
1216 1457 1356 1511 οῦτω
1384 1456 1723 1528 παραιτήσε-

143 1557 234 1609 σθε
273 1555 557 1617 ποιοῦντες
585 1552 781 1624 ὀρθῶς,
813 1552 948 1621 μόνῃ
983 1549 1039 1602 δὲ
1069 1551 1134 1619 τῇ
1158 1547 1251 1601 τοῦ
1283 1546 1532 1617 σώματος
1563 1545 1720 1613 φύσει

140 1647 469 1718 περιθήσετε
503 1645 573 1699 τὰ
600 1645 695 1698 ἐπὶ
724 1643 933 1707 τούτοις
963 1640 1302 1711 ἐγκλήματα,
1340 1637 1540 1708 μᾶλλον
1571 1636 1627 1690 δὲ
1653 1638 1719 1707 τῇ

139 1738 523 1810 ἀνθρωπότητι
542 1737 776 1808 πρέπειν
800 1736 973 1806 ἐρεῖτε
999 1732 1090 1786 τὸν
1116 1731 1296 1797 πόνον,
1312 1730 1459 1801 ἥπερ
1479 1729 1591 1782 ὄντι
1625 1729 1721 1780 καὶ

1195 339 1260 393 IN
1300 337 1589 392 JOANNIS
1614 333 2065 392 EVANGELIUM
2100 335 2231 391 LIB.
2258 335 2321 391 ll.

3282 338 3391 394 εει

2297 469 2315 501 ι
2366 449 2430 503 Et
2493 449 2867 505 relribuebant
2906 449 3037 504 mihi
3091 450 3233 503 mala
3292 466 3391 520 pro

1824 540 1984 596 bonis
2024 540 2091 595 τ’.
2141 560 2159 592 ι
2204 540 2261 595 ln
2315 540 2402 595 his
2452 555 2584 611 ergo
2647 540 2956 598 Judacorum
3008 541 3394 597 manifestatur

1823 632 2077 689 audacia.
2129 632 2268 699 Quid
2300 647 2429 689 vero
2458 632 2656 687 dicturi
2710 646 2838 689 sunt
2889 634 2952 687 ad
3005 634 3122 688 hazc
3167 648 3393 688 rursum

1821 726 1981 782 nobis
2013 726 2230 781 illorum
2264 726 2551 781 dementiae
2578 725 2743 781 vicini
2770 727 2981 791 Ariani,
3012 727 3066 781 in
3092 742 3231 797 quos
3260 727 3395 781 illud

1817 816 1942 885 jure
1991 817 2101 872 dici
2142 818 2355 887 possit:
2386 815 2696 872 Justiﬁcata
2742 826 2825 872 est
2868 817 3103 873 Sodoma
3136 835 3201 873 cx
3235 827 3288 874 te
3310 818 3404 873 ὀἳ

1822 906 1905 962 llli
1930 909 2074 964 enim
2109 907 2390 964 Christum
2423 907 2728 964 secundum
2767 923 2991 965 carnem
3018 910 3347 981 cruciﬁgunt
3381 930 3395 965 :

1823 1000 1878 1054 hi
1909 1009 2098 1056 contra
2130 1000 2462 1055 incll‘abilem
2489 999 2652 1055 Verbi
2686 1008 2937 1055 naturam
2964 1002 3395 1061 debacchantur.

1823 1092 1964 1148 Ecce
2003 1095 2185 1149 lassus
2223 1102 2307 1149 est
2351 1094 2417 1149 de
2453 1094 2561 1149 via.
2617 1094 2753 1162 Quis
2799 1094 2889 1149 ille
2926 1095 3021 1164 qui
3068 1096 3171 1151 hoc
3200 1112 3398 1166 passus

1821 1184 1942 1238 est?
1970 1185 2053 1238 An
2104 1186 2362 1239 virtutum
2396 1185 2687 1241 Dominum
2720 1185 2929 1242 viribus
2965 1185 3237 1241 defectum
3286 1196 3401 1243 sta-

1822 1276 2014 1339 tueris,
2044 1285 2099 1332 et
2128 1277 2233 1347 ipsi
2274 1293 2337 1333 cx
2382 1277 2543 1332 Patre
2574 1278 2872 1350 Unigenito
2915 1277 3155 1333 laborem
3183 1278 3401 1335 itineris

1822 1364 2113 1436 allingetis,
2152 1378 2216 1422 ut
2253 1378 2307 1423 et
2361 1368 2606 1439 patibilis
2638 1376 2933 1425 censeatur
2983 1383 3106 1424 esse
3153 1369 3396 1437 demum,

1821 1459 1915 1527 qui
1946 1459 2058 1527 pati
2097 1462 2313 1515 nescit?
2372 1461 2455 1514 An
2492 1461 2729 1532 rejecta,
2767 1468 2828 1516 ut
2866 1477 2966 1532 par
2992 1470 3113 1529 est,
3154 1478 3218 1518 ea
3268 1478 3399 1517 sen-

1823 1549 2027 1614 tentia,
2100 1550 2202 1604 soli
2275 1551 2523 1622 corporis
2592 1559 2807 1606 naturae
2880 1554 2979 1607 has
3051 1552 3400 1609 infirmitates

1825 1639 2098 1705 tribuetis,
2130 1649 2186 1697 et
2218 1641 2551 1697 humanitati
2597 1643 2841 1700 laborem
2892 1645 3068 1715 magis
3104 1646 3401 1701 convenire

1825 1728 2019 1786 dicetis
2062 1745 2226 1801 quam
2272 1731 2423 1788 nudo
2449 1741 2505 1789 et
2543 1733 2598 1789 in
2636 1750 2697 1790 se
2726 1735 3013 1791 exsistenti
3045 1738 3146 1792 soli
3185 1736 3401 1793 Verbo?

139 1828 420 1898 νοουμένῳ
451 1824 641 1897 γυμνῷ
672 1823 766 1878 καὶ
806 1822 930 1876 καθ’
962 1819 1152 1873 ἑαυτὸν
1186 1817 1264 1887 τῷ
1292 1818 1451 1887 Λόγῳ
1479 1835 1494 1884 ;
1521 1817 1729 1885 Ὅνπερ

1830 1815 2300 1883 Quemadmodum
2329 1836 2461 1892 ergo
2488 1838 2612 1877 cum
2644 1832 2842 1879 natura
2874 1841 2973 1880 sua
2994 1826 3174 1881 omnia
3207 1828 3401 1895 possit,

138 1914 229 1973 οὖν
263 1918 463 1989 τρόπον
492 1918 550 1969 ὲν
582 1915 689 1986 ἰδίᾳ
731 1912 891 1984 φύσει
921 1912 982 1965 τὸ
1010 1910 1190 1964 πάντα
1227 1906 1484 1962 δύνασθαι
1528 1923 1727 1975 κεκτη-

141 2009 326 2079 μένος,
359 2008 455 2062 καὶ
485 2006 649 2071 αὐτὸς
679 2006 937 2075 ὑπάρχων
969 2003 1002 2073 ὴ
1035 2001 1252 2055 πάντων
1285 1999 1439 2069 ἰσχὺς
1464 2014 1727 2051 κεκοπια-

137 2104 297 2159 κέναι
342 2101 559 2169 λέγεται
610 2096 711 2169 (μὴ
755 2096 866 2165 γάρ
920 2111 1010 2165 μοι
1040 2092 1219 2164 διέλῃς
1261 2090 1341 2152 εἰς
1381 2088 1512 2142 υίῶν
1562 2086 1727 2139 δυάδα

137 2195 228 2249 τὸν
266 2193 367 2246 ἕνα
397 2189 677 2263 Χριστόν),
711 2185 897 2240 καὶτὰ
928 2184 1027 2254 τῆς
1049 2181 1465 2254 ἀνθρωπότητος
1494 2182 1573 2241 εἰς
1606 2179 1729 2230 ἑαυ-

137 2286 229 2339 τὸν
261 2281 560 2337 οἰκειοῦται
614 2276 763 2347 πάθη
784 2316 799 2340 ,
826 2274 1005 2328 καίτοι
1034 2272 1212 2343 μένων
1236 2270 1475 2341 ἀπαθὴς,
1499 2268 1729 2339 ἐπείπερ

138 2374 426 2445 ἄνθρωπος
451 2371 696 2439 γέγονεν,
726 2367 755 2419 ό
783 2366 980 2435 κοπιᾷν
1028 2363 1103 2434 μὴ
1135 2360 1414 2431 πεφυκώς.
1465 2359 1650 2424 Οῦτως
1678 2358 1733 2412 εἰ

138 2484 187 2518 τι
223 2465 323 2517 καὶ
355 2463 503 2528 λέγοι
548 2459 659 2513 τῶν
695 2458 795 2511 ὅσα
832 2456 897 2526 δὴ
937 2456 1169 2526 πρέπειν
1220 2451 1495 2524 ἀνθρώπῳ
1530 2451 1728 2521 μᾶλλον

139 2554 443 2626 οἰησόμεθα
485 2552 616 2617 δεῖν,
648 2550 743 2604 καί
791 2550 892 2603 οὐκ
934 2548 1042 2617 ἄρα
1074 2545 1157 2617 τῷ
1187 2544 1305 2615 Θεῷ
1325 2583 1339 2609 ,
1375 2543 1451 2615 μὴ
1483 2542 1729 2612 λεξειθη-

143 2648 331 2719 ρῶμεν
369 2640 487 2717 [αι.
531 2636 929 2712 λεξιθηρῶμεν]
962 2636 1155 2700 εὐθὺς,
1188 2633 1323 2705 μηδὲ
1360 2634 1448 2687 ὅτε
1497 2631 1730 2703 μάλιστα

136 2739 337 2808 τέχνης
368 2736 500 2806 ἡμῖν
532 2732 634 2803 τῆς
671 2733 750 2795 εἰς
800 2728 1083 2782 εὐσέϐειαν
1116 2726 1228 2792 δεῖ,
1263 2724 1386 2779 τότε
1428 2724 1493 2794 δὴ
1540 2723 1728 2791 διαφεο

141 2831 351 2900 ρόντως
381 2825 780 2897 ἀμαθαίνοντες
816 2819 1189 2891 ἀλισκώμεθα,
1209 2818 1301 2872 τὸν
1334 2817 1433 2888 μὲν
1458 2816 1558 2887 τῆς
1590 2814 1729 2887 μετά

141 2919 347 2990 σαρκὸς
374 2914 686 2986 οἰκονομίας
712 2914 788 2978 ὡς
825 2912 1164 2985 πορρωτάτω
1192 2908 1507 2979 ποιούμενοι
1546 2906 1727 2975 λόγον,

138 3017 224 3068 ἐπ’
252 3014 432 3085 αὐτὴν
483 3012 541 3065 δὲ
577 3009 793 3081 θερμῶς
841 3006 1225 3069 ἀναϐαίνοντες
1276 3006 1377 3076 τὴν
1421 3003 1515 3057 τοῦ
1549 3003 1727 3072 Λόγου

139 3104 397 3175 θεότητα,
425 3103 519 3157 καὶ
545 3100 653 3154 τῶν
686 3100 826 3170 ὑπὲρ
873 3100 906 3169 ὴ
916 3098 1022 3169 μᾶς
1051 3096 1392 3169 πραγμάτων
1422 3099 1487 3151 ὲκ
1526 3096 1727 3167 πολλῆς

137 3196 234 3265 τῆς
267 3194 517 3267 ἀμαθίας
549 3192 863 3263 ἁπτόμενοι.
897 3191 963 3245 Εἰ
991 3188 1090 3261 μὲν
1123 3190 1232 3259 γὰρ
1265 3189 1401 3254 ὅλως
1429 3190 1490 3242 οὐ
1523 3206 1727 3260 κεχρη-

142 3287 377 3356 μάτικεν
424 3285 732 3357 ἄνθρωπος,
775 3284 823 3337 εἰ
876 3281 951 3353 μὴ
992 3281 1214 3351 γέγονεν
1236 3280 1294 3333 ὲν
1326 3282 1393 3350 τῇ
1421 3279 1515 3333 τοῦ
1541 3278 1727 3332 δούλου

143 3380 355 3450 μορφῇ,
387 3375 731 3449 θορυϐεῖσθαι
766 3375 992 3439 δίκαιον,
1026 3372 1154 3426 ὅταν
1184 3389 1236 3425 τι
1272 3370 1406 3441 λέγῃ
1434 3369 1727 3440 δουλοπρε-

140 3470 233 3534 πές
255 3486 269 3498 ⁸
298 3467 638 3523 ἀπαιτείσθω
661 3467 718 3521 δὲ
741 3465 940 3537 μᾶλλον
965 3462 1142 3517 πάντα
1171 3460 1312 3515 κατά
1338 3460 1430 3513 τὸν
1452 3459 1729 3531 πρέποντα

139 3560 215 3630 τῷ
236 3558 366 3629 Θεῷ
388 3558 566 3626 λόγον.
603 3558 667 3610 Εἰ
694 3555 749 3609 δὲ
780 3552 1086 3624 σωζόμενον
1119 3553 1176 3605 ὲν
1199 3550 1381 3603 πίστει
1407 3547 1619 3619 βεϐαίᾳ,
1637 3547 1731 3601 καὶ

141 3648 534 3710 ἀνενδοιάστως
563 3646 1006 3717 τεθαρσήκαμεν,
1043 3643 1126 3696 ὅτι
1161 3639 1305 3695 κατὰ
1336 3640 1438 3710 τὴν
1485 3638 1730 3692 Ἰωάννου

143 3742 355 3814 φωνὴν,
390 3757 411 3792 ι
451 3739 510 3793 'O
541 3737 698 3808 λόγος
728 3735 864 3807 σὰρξ
910 3733 1157 3803 ἐγένετο,
1183 3731 1278 3785 καί⁹
1318 3730 1629 3800 ἐσκήνωσεν
1672 3730 1731 3782 ὲν

143 3836 297 3906 ἡμῖν,
336 3850 354 3884 ι
386 3832 513 3885 ὅταν
548 3830 684 3902 ἴδῃς,
729 3828 806 3891 ὡς
839 3826 1018 3897 σάρκα
1047 3823 1311 3878 λαλοῦντα
1339 3861 1355 3886 ,
1379 3820 1525 3873 τοῦτ’
1561 3819 1729 3883 ἔστιν,

143 3925 214 3988 ὡς
260 3922 578 3994 ἄνθρωπον,
607 3919 765 3990 δέχου
811 3917 949 3990 πρὸς
977 3913 1277 3985 ἀσφάλειαν
1310 3912 1405 3966 τοῦ
1442 3911 1734 3982 κηρύγμα-

142 4034 229 4080 τος
254 4014 356 4069 τὸν
380 4012 653 4084 ἀνθρώπῳ
679 4010 960 4083 πρέποντα
990 4008 1171 4076 λόγον.
1202 4005 1278 4060 Ού
1301 4004 1409 4076 γὰρ
1430 4000 1496 4076 ἧν
1530 4003 1732 4076 ἑτέρως

144 4106 449 4175 ἐπιγνῶναι
497 4103 706 4171 σαφῶς,
743 4102 825 4155 ὅτι
871 4099 1005 4163 Θεὸς
1046 4097 1123 4151 ὢν
1148 4096 1243 4151 καὶ
1275 4097 1468 4165 Λόγος,
1511 4095 1733 4163 γέγονεν

142 4198 454 4269 ἄνθρωπος,
485 4196 533 4248 εί
561 4195 635 4265 μή
664 4210 717 4247 τι
752 4192 847 4245 καί⁵
890 4189 1081 4243 παθεῖν
1116 4188 1144 4239 ὁ
1172 4185 1410 4257 ἀπαθὴς,
1450 4185 1543 4239 καὶ
1571 4183 1734 4254 λαλῆ-

144 4283 231 4338 σαί
267 4300 331 4336 τι
354 4281 606 4336 ταπεινὸν
626 4282 655 4334 ό
685 4278 889 4350 ὑψηλὸς
912 4276 1308 4346 ἀνεγέγραπτο.

212 4419 369 4487 Ὥρα
388 4413 468 4488 ἦν
487 4416 630 4471 ὡσεὶ
650 4417 813 4485 ἕκτη.

211 4553 563 4625 Εὐαφόρμως
608 4553 702 4607 ὲπ³ι
725 4555 792 4623 τῇ
819 4553 968 4623 πηγῇ
1019 4549 1357 4604 καταλύοντα
1384 4546 1614 4600 δεικνύει
1637 4546 1727 4600 τὸν

142 4645 380 4717 Ἰησοῦν.
426 4645 609 4699 Ἡλίου
634 4644 744 4716 γὰρ
764 4640 1142 4714 ἀκμαιοτάτην
1164 4640 1275 4695 ἀπὸ
1312 4638 1495 4711 μέσων
1523 4638 1726 4708 ἀψίδων

139 4743 251 4804 τοῖς
284 4738 384 4792 ἐπὶ
420 4738 517 4808 τῆς
548 4737 653 4807 γῆς
690 4735 790 4806 τὴν
810 4734 1003 4788 ἀκτῖνα
1024 4730 1405 4803 καταχέοντος,
1441 4730 1535 4784 καὶ
1557 4731 1729 4802 ἀκρά-

138 4850 253 4896 τοις
308 4829 378 4883 τά
401 4828 629 4899 σώματα
673 4825 1108 4896 καταφλέγοντος
1152 4823 1352 4894 βολαῖς,
1384 4822 1447 4877 τὸ
1498 4822 1597 4893 μὲν
1646 4822 1725 4875 ἔτι

140 4925 335 4995 πρόσω
356 4922 588 4993 βαδίζειν
610 4920 710 4974 οὐκ
735 4919 991 4989 ἀζήμιον,
1007 4916 1070 4969 τὸ
1096 4916 1154 4968 δὲ
1174 4911 1511 4969 ἀναπνεῦσαι
1528 4912 1725 4984 βραχὺ,

145 5015 353 5083 μᾶλλον
397 5009 465 5085 ἦν
495 5011 949 5079 ἀκολουθότερον,
989 5009 1081 5061 ὅτε
1126 5006 1192 5075 δὴ
1241 5006 1473 5077 μάλιστα
1501 5004 1599 5058 καὶ
1630 5002 1729 5072 τὴν

142 5107 234 5159 ἐπὶ
263 5106 505 5176 τρυφαῖς
526 5102 705 5157 αἰτίαν
742 5100 939 5173 ῥᾳδίως
980 5097 1046 5152 ἂν
1076 5094 1479 5165 ἀπεκρούσατο,
1531 5092 1732 5164 καιροῦ

140 5197 237 5251 τοῦ
270 5196 576 5268 πρέποντος
606 5190 1033 5261 συνηγοροῦντος
1053 5186 1131 5258 τῷ
1165 5186 1476 5257 πράγματι.
1520 5184 1726 5254 Ἔκτην

143 5287 185 5339 δ’
226 5286 330 5339 οὐκ
360 5282 625 5356 ἀκριϐῶς,
661 5280 775 5334 ἀλλ’
810 5279 884 5341 ὠς
911 5278 1078 5348 ἕκτην
1118 5273 1258 5329 εἶναι
1291 5273 1390 5343 τὴν
1426 5272 1576 5345 ὥραν
1624 5290 1727 5344 φη-

146 5380 253 5442 σιν,
282 5379 371 5431 ἵνα
403 5375 501 5431 καὶ
521 5376 684 5446 ἡμεῖς
728 5370 1085 5444 μανθάνωμεν
1124 5368 1259 5439 μηδὲ
1284 5367 1342 5419 ὲν
1383 5365 1499 5427 τοῖς
1547 5362 1728 5433 ἐλαχί-

145 5485 297 5530 στοις
328 5466 664 5536 ἀδιαφορεῖν,
714 5458 1007 5532 πειρᾶσθαι
1053 5458 1109 5512 δὲ
1157 5457 1356 5529 μᾶλλον
1392 5454 1487 5509 καί
1527 5454 1625 5525 τὴν
1670 5455 1727 5505 ὲν

144 5561 256 5621 τοῖς
289 5555 537 5627 τυχοῦσιν
568 5552 906 5623 ἐπιτηδεύειν
935 5548 1212 5619 ἀλήθειαν.

1760 4505 1808 4560 ῐ)

1827 1916 1883 1961 et
1910 1906 2025 1977 ipse
2062 1909 2306 1964 omnium
2345 1911 2419 1966 sit
2449 1911 2647 1978 virtus,
2683 1914 3015 1985 defatigatus
3042 1931 3169 1972 esse
3198 1917 3404 1971 dicitur

1830 1999 1994 2070 (cave
2010 2001 2155 2054 enim
2184 2000 2237 2055 in
2263 2002 2399 2057 duos
2422 2003 2563 2059 filios
2590 2021 2757 2059 unum
2782 2006 3063 2062 Christum
3088 2007 3399 2078 dividere)‘.

1828 2096 1881 2143 et
1910 2090 2195 2158 passiones
2238 2091 2599 2149 humanitatis
2644 2095 2699 2149 in
2751 2111 2810 2151 se
2861 2096 3119 2166 suscipit,
3151 2098 3404 2167 quamvis

1827 2192 2109 2235 remaneat
2171 2181 2526 2252 impatibilis,
2580 2187 3024 2256 quandoquidem
3086 2186 3268 2245 factus
3319 2199 3406 2245 est

1829 2271 1996 2327 homo
2024 2274 2117 2343 qui
2155 2273 2406 2330 laborare
2455 2282 2631 2333 nescit
2660 2297 2674 2333 :
2707 2280 2781 2332 ita
2811 2279 2940 2335 licet
2977 2280 3183 2351 aliquid
3234 2280 3402 2344 dicat,

1830 2364 1974 2433 quod
2008 2364 2217 2423 homini
2241 2369 2532 2424 convenire
2548 2371 2733 2439 potius
2752 2385 2914 2440 quam
2944 2370 3053 2426 Deo
3070 2373 3403 2441 putabimus,

1829 2473 1901 2513 ne
1928 2459 2191 2515 continuo
2219 2477 2284 2516 ex
2306 2462 2534 2517 vocibus
2568 2465 2709 2519 male
2731 2465 3025 2521 intellectis
3060 2467 3404 2522 occasionem

1830 2556 2116 2618 captemus
2177 2551 2321 2604 male
2379 2552 2686 2618 sentiendi,
2737 2570 2918 2625 neque
2985 2571 3110 2610 cum
3171 2557 3409 2611 maxime

1828 2637 2123 2709 disciplina
2156 2640 2379 2709 pietatis
2408 2642 2737 2713 indigemus,
2769 2655 2901 2700 tunc
2933 2644 3409 2715 deprehendamur

1831 2729 2125 2802 insigniter
2148 2732 2411 2804 imperiti,
2436 2736 2532 2804 qui
2561 2735 2960 2793 incarnationis
2984 2738 3194 2793 ratione
3217 2738 3406 2807 procul

1831 2822 2145 2886 amandata,
2165 2823 2233 2877 ad
2254 2825 2432 2894 ipsam
2455 2827 2720 2882 continuo
2740 2822 2904 2883 Verbi
2934 2828 3188 2884 deitatem
3221 2843 3409 2884 ascen-

1831 2910 2049 2978 damus,
2090 2918 2146 2967 et
2178 2927 2276 2982 per
2323 2929 2594 2969 summam
2647 2915 2919 2971 inscitiam
2966 2931 3056 2973 res
3102 2930 3269 2986 supra
3306 2931 3408 2972 nos

1831 3004 2040 3075 positas
2062 3006 2415 3077 attingamus.
2440 3004 2497 3060 Si
2515 3008 2665 3060 enim
2692 3007 2857 3061 homo
2879 3015 3231 3077 nuncupatus
3250 3007 3410 3078 plane

1831 3111 1942 3151 non
1969 3104 2089 3161 est,
2116 3097 2164 3153 si
2196 3113 2306 3153 non
2348 3097 2531 3153 factus
2558 3107 2641 3154 est
2669 3098 2725 3152 in
2753 3098 2933 3152 forma
2972 3099 3118 3155 servi
3144 3140 3160 3164 ,
3192 3105 3277 3154 est
3309 3114 3412 3153 cur

1828 3187 1953 3258 jure
1979 3188 2284 3253 turbamur,
2309 3202 2434 3243 cum
2464 3189 2601 3243 dicit
2634 3188 2841 3258 aliquid
2868 3204 3028 3244 servo
3052 3190 3409 3254 conveniens,

1831 3279 2126 3350 omniaque
2152 3280 2484 3349 requirenda
2514 3287 2646 3335 sunt
2667 3279 2778 3335 Deo
2805 3295 3070 3352 congrua.
3105 3280 3200 3336 Sin
3226 3289 3409 3339 autem

1831 3370 1987 3423 ﬁrma
2016 3377 2071 3425 et
2101 3370 2410 3426 indubitata
2435 3370 2539 3426 fide
2563 3371 2841 3427 credimus
2861 3372 3034 3443 quod,
3059 3372 3217 3443 juxta
3242 3371 3410 3428 Joan-

1830 3462 1920 3519 nis
1960 3476 2175 3527 vocem,
2207 3461 2478 3519 «Verbum
2509 3477 2639 3518 caro
2673 3462 2875 3518 factum
2908 3472 3015 3528 est,
3055 3471 3111 3518 et
3147 3464 3412 3519 habitavit

1834 3553 1888 3607 in
1930 3554 2092 3611 nobis
2114 3553 2187 3621 ⁸ο,
2227 3574 2245 3608 ι
2274 3569 2399 3610 cum
2436 3552 2645 3610 videris
2678 3554 2858 3625 ipsum
2887 3555 3037 3626 loqui
3071 3564 3133 3609 ut
3162 3570 3409 3617 carnem,

1832 3647 1888 3702 id
1913 3655 2022 3712 est,
2058 3654 2120 3701 ut
2152 3646 2456 3710 hominem,
2487 3660 2797 3701 sermonem
2842 3645 3049 3702 homini
3080 3645 3412 3701 convenien-

1832 3746 1942 3795 tem
1969 3739 2038 3793 ad
2059 3737 2410 3794 asserendam
2436 3735 2880 3807 praedicationem
2911 3736 3114 3792 factum
3144 3737 3405 3808 intellige.

1832 3829 1953 3885 Non
1979 3830 2122 3886 enim
2157 3829 2318 3885 aliter
2345 3829 2493 3883 clare
2521 3836 2704 3900 potest
2725 3826 2955 3898 intelligi
2987 3825 3256 3894 Verbum,
3284 3842 3410 3882 cum

1834 3919 1980 3975 Deus
2031 3920 2105 3976 sit
2152 3918 2381 3983 factum,
2414 3933 2540 3974 esse
2598 3918 2898 3983 hominem,
2940 3916 3044 3972 nisi
3088 3926 3143 3971 et
3185 3930 3410 3986 passum

1836 4010 2041 4080 aliquid
2080 4024 2206 4066 eum
2244 4008 2340 4078 qui
2373 4015 2460 4063 est
2490 4007 2841 4078 impatibilis,
2872 4014 2928 4063 et
2967 4005 3179 4076 aliquid
3208 4005 3413 4063 humile

1834 4102 2043 4158 dixisse
2076 4101 2171 4173 qui
2201 4100 2456 4158 sublimis
2490 4106 2596 4165 est,
2629 4100 2895 4169 scriptum
2927 4105 3093 4155 esset.

1911 4416 2072 4488 179
2102 4417 2249 4469 [lora
2277 4422 2393 4469 erat
2417 4412 2572 4483 quasi
2601 4419 2771 4465 sexta.

1903 4552 2222 4621 Opportune
2269 4548 2459 4604 .lesum
2508 4546 2576 4601 ad
2630 4544 2831 4599 fontem
2866 4539 3113 4596 residere
3152 4540 3412 4596 ostendit.

1836 4643 1963 4699 Sole
1990 4642 2138 4698 enim
2171 4639 2398 4696 meridie
2428 4635 2831 4692 intensissimos
2862 4632 3047 4689 radios
3091 4631 3417 4687 mortalibus

1834 4734 2184 4798 immittente,
2228 4737 2283 4786 et
2323 4728 2618 4785 immodico
2654 4734 2792 4781 aestu
2844 4724 3108 4779 adurente
3159 4737 3414 4793 corpora,

1834 4826 1954 4882 sine
1983 4824 2186 4879 damno
2223 4820 2477 4893 progredi
2519 4834 2629 4875 non
2660 4824 2877 4888 poterat
2907 4815 3158 4891 ulterius,
3193 4814 3286 4869 sed
3327 4827 3413 4866 sa-

1834 4918 1943 4972 tius
1972 4923 2091 4971 erat
2129 4914 2404 4984 respirare
2436 4911 2724 4980 tantisper,
2748 4924 2873 4964 cum
2904 4905 3205 4977 praesertim
3254 4903 3409 4955 volu-

1834 5007 2003 5079 ptatis
2044 5018 2269 5060 causam
2306 5018 2337 5056 a
2370 5018 2428 5057 se
2462 5000 2619 5055 facile
2653 4998 2967 5061 removerit,
2999 5006 3243 5062 congruo
3276 4997 3412 5043 tem-

1835 5113 1964 5168 pore
2006 5096 2085 5150 rei
2122 5093 2476 5162 suffragante.
2512 5082 2737 5145 Sextam
2768 5100 2899 5141 vero
2929 5099 3037 5138 non
3070 5080 3409 5150 simpliciter,

1834 5187 1934 5243 sed
1976 5184 2138 5257 quasi
2180 5190 2387 5239 sextam
2426 5181 2639 5257 horam,
2668 5192 2790 5234 esse
2821 5175 2975 5237 dicit,
3004 5179 3064 5225 ut
3102 5179 3156 5225 et
3189 5183 3290 5223 nos
3330 5168 3413 5222 di-

1834 5290 2055 5332 scamus
2091 5289 2159 5329 ne
2211 5288 2302 5329 res
2336 5270 2593 5326 minimas
2631 5265 2850 5337 quidem
2898 5260 3051 5316 nullo
3092 5257 3412 5314 discrimine

1837 5368 2056 5429 habere,
2079 5364 2173 5421 sed
2199 5365 2253 5420 in
2284 5361 2572 5435 quibusvis
2600 5358 2763 5414 rebus
2790 5353 3074 5411 veritatem
3101 5350 3301 5407 colere.

220 5738 272 5771 "
304 5736 443 5793 Psal.
487 5749 700 5800 xxxv",
725 5733 816 5787 ει.
896 5732 940 5764 τ’
968 5729 1157 5784 Matth.
1193 5743 1266 5795 χι,
1294 5728 1392 5782 Et.
1468 5724 1512 5757 δ’
1542 5721 1702 5778 Joan.
1742 5736 1780 5786 ι,
1818 5715 1905 5774 ιι.
