4118 6538
616 342 724 398 295

688 456 777 521 IV,
810 457 863 519 7,
886 455 939 510 8.
969 455 1117 510 Venit
1141 455 1331 509 mulier
1355 453 1418 509 de
1448 452 1703 508 Samaria
1728 452 1943 505 haurire
1973 468 2190 521 aquam.
2225 463 2268 517 Α

618 549 761 602 Dicit
812 548 860 600 ei
905 544 1062 599 Iesus
1099 560 1117 598 :
1151 544 1240 598 Da
1303 545 1433 597 mihi
1489 544 1684 597 bibere.
1732 542 2019 612 (Discipuli
2057 544 2198 596 enim

1602 334 1660 389 S.
1703 332 1972 389 CYIl'lLLl
2013 330 2484 386 ALEXANDRIXI
2527 331 2854 387 ARCIIIEP.

3782 332 3898 389 2'36

2369 452 2645 519 Ἔρχεται
2700 451 2855 520 γυνὴ
2914 450 2983 502 ἐκ
3039 450 3148 517 τῆς
3198 452 3522 517 Satrapen;
3580 450 3897 517 ἀντλῆσαι

2303 542 2476 611 ὕδωρ.
2499 543 2671 611 Λέγει
2691 540 2844 609 αὐτῇ
2870 544 2902 594 ὀ
2935 540 3167 608 Ἰησοῦς
3188 558 3201 571 ⁸
3223 544 3332 605 Δός
3359 558 3461 609 μοι
3480 540 3643 593 πιεῖν
3667 541 3747 609 (οἱ
3782 544 3900 608 γὰρ

617 639 859 692 abierant
898 637 952 690 in
990 636 1281 699 civitatem,
1330 644 1387 689 ut
1435 635 1579 690 cibos
1633 634 1908 705 emerent.)
1950 633 2091 687 Dicit
2150 634 2200 688 ei

2308 632 2552 700 μαθηταὶ
2575 630 2761 684 αὑτοῦ
2786 632 3275 698 ἀπεληλύθεισαν
3304 633 3389 696 εὶς
3413 630 3529 698 τὴν
3554 634 3767 692 πόλιν,
3792 630 3905 683 Ira

618 729 809 783 mulier
836 727 932 781 illa
962 725 1335 781 Samaritana.

638 963 641 966 _
688 904 807 960 Non
853 904 1145 976 ignorabat
1190 904 1531 961 mulierculae
1579 906 1875 961 adventum
1928 905 2200 962 Salvator.

618 992 786 1050 Recte
816 995 1045 1064 quippe,
1079 992 1290 1051 sciebat
1329 1009 1455 1049 cum
1500 994 1644 1051 Deus
1682 1010 1846 1050 verus
1875 1004 2048 1060 esset,
2091 1004 2202 1050 sta-

619 1087 719 1141 tim
747 1102 867 1142 eam
908 1087 1120 1154 adfore,
1157 1096 1215 1141 ut
1252 1102 1284 1141 e
1317 1086 1467 1142 fonte
1508 1087 1764 1157 frigidam
1799 1087 2068 1142 hauriret.
2100 1088 2203 1142 Ubi

619 1195 748 1235 vero
785 1180 979 1247 adluit,
1004 1195 1124 1235 eam
1162 1181 1347 1234 statim
1381 1181 1593 1236 retibus
1626 1180 1908 1249 implicare
1941 1180 2044 1233 sibi
2078 1194 2205 1248 pro-

620 1274 825 1344 posuit,
847 1284 902 1329 et
934 1275 1198 1329 doctrinae
1222 1289 1531 1341 sermonem
1564 1275 1918 1344 protendens,
1939 1291 1969 1330 e
1990 1291 2050 1329 re
2076 1282 2205 1329 nata

620 1365 971 1434 colloquendi
1017 1380 1206 1421 ansam
1243 1366 1498 1436 arripuit.
1531 1366 1752 1421 Judaaos
1791 1366 1959 1437 igitur
2005 1367 2091 1421 lex
2122 1366 2207 1420 in-

619 1457 838 1527 quinari
864 1458 1061 1531 quovis
1102 1459 1266 1514 modo
1314 1458 1558 1521 vetabat,
1595 1458 1832 1528 ideoque
1860 1458 1930 1513 ab
1964 1458 2112 1512 omni
2149 1473 2208 1512 re

623 1548 835 1617 impura
875 1549 1106 1617 jubebat
1142 1550 1420 1617 recedere,
1462 1564 1640 1619 neque
1682 1564 1808 1603 cum
1862 1548 2205 1617 alienigenis,

621 1650 713 1695 aut
752 1640 1154 1696 incircumcisis
1184 1642 1433 1697 misceri.
1464 1641 1531 1697 lii
1561 1657 1691 1697 vero
1719 1641 1879 1710 quasi
1910 1642 2032 1710 plus
2056 1640 2207 1695 face-

2302 726 2525 795 τροφὰς
2560 721 2950 793 ἀγοράσουσι).
2998 721 3167 793 Λέγει
3213 721 3385 788 αὐτῷ.
3411 725 3452 792 ἠ
3480 723 3637 794 γυνὴ
3682 724 3723 790 ἠ
3774 724 3901 776 Sa-

2297 817 2585 886 μαρεῖτις.

2375 911 2490 963 Ούκ
2522 909 2706 978 ἠγνόει
2734 907 2828 962 τοῦ
2860 907 3083 976 γυναίου
3125 908 3225 981 τὴν
3275 909 3458 978 ἄφιξιν
3491 911 3520 964 ό
3550 911 3771 983 Σωτήρ.
3821 906 3901 965 Εὖ

2303 1000 2412 1073 γὰρ
2432 1001 2496 1070 δὴ
2540 1002 2635 1055 καὶ
2668 999 2787 1053 λίαν
2819 1001 3090 1069 ἠπίστατο
3118 1000 3252 1064 Θεὸς
3300 1002 3559 1074 ὑπάρχων
3606 1002 3901 1072 ἀληθινὸς,

2305 1095 2380 1158 ὡς
2409 1093 2607 1147 αὐτίκα
2651 1093 2920 1164 παρέσται
2957 1091 3166 1163 ψυχρὸν
3212 1092 3321 1145 ἀπὸ
3356 1096 3561 1165 κρήνης
3604 1086 3901 1165 ἀρυομένη

2304 1187 2364 1240 τὸ
2390 1190 2539 1256 νᾶμα
2573 1203 2587 1218 ·
2624 1184 2813 1255 ἐπειδὴ
2841 1184 2899 1237 δὲ
2956 1186 3165 1255 παρῆν,
3221 1186 3353 1238 εἴσω
3388 1185 3593 1257 βρόχων
3646 1188 3905 1240 ἐποιεῖτο

2306 1279 2366 1332 τὸ
2386 1279 2629 1348 θήραμα,
2657 1278 2751 1331 καὶ
2779 1276 2870 1329 τὸν
2896 1277 2994 1346 τῆς
3021 1276 3372 1340 διδασκαλίας
3397 1277 3525 1329 εὐθὺ
3552 1279 3905 1331 κατατείνων

2306 1370 2482 1439 λόγον,
2536 1369 2644 1422 ἀπὸ
2698 1368 2806 1421 τῶν
2855 1369 2912 1421 ὲν
2947 1368 3105 1438 χερσὶ
3153 1368 3493 1438 πραγμάτων
3526 1370 3769 1419 ἐποιεῖτο
3796 1367 3905 1436 τὴν

2306 1460 2559 1527 διάλεξιν.
2597 1460 2670 1513 Τὸ
2699 1460 2798 1530 μὲν
2821 1455 2915 1513 οὖν
2942 1457 3254 1529 μηδαμόθεν
3286 1459 3484 1529 χρῆναι
3518 1455 3905 1527 καταμολύνε-

2312 1553 2458 1618 σθαι,
2480 1556 2594 1616 τοῖς
2634 1551 2907 1613 Ἰουδαίοις
2929 1553 2958 1603 ὁ
2994 1552 3157 1621 νόμος
3186 1548 3634 1623 ἐπραγματεύετο
3660 1564 3675 1578 ·
3708 1548 3816 1602 διὰ
3842 1564 3905 1598 τε

2307 1644 2465 1698 τοῦτο
2502 1643 2705 1706 παντὸς
2745 1644 3051 1714 ἀναχωρεῖν
3082 1642 3393 1713 ἀκαθάρτφυ
3427 1640 3676 1693 διετύπσυ
3706 1641 3907 1707 πράγ-

620 1735 744 1785 rent
768 1745 930 1800 quam
982 1730 1097 1800 lege
1142 1732 1464 1797 cavebatur,
1493 1740 1549 1787 et
1596 1747 1766 1787 vanas
1795 1732 2203 1788 observationes

2314 1753 2515 1806 ματος,
2547 1737 2642 1790 καὶ
2671 1736 2809 1805 μήτε
2847 1735 3210 1804 ἀλλογενέσιν,
3252 1736 3284 1805 ἢ
3328 1734 3722 1804 ἀπεριτμήτοις
3758 1733 3908 1813 ἀνα-

619 1820 801 1889 potius
832 1835 997 1890 quam
1036 1822 1174 1891 legis
1207 1824 1481 1878 rationem
1526 1825 1722 1886 secuti,
1760 1832 1891 1878 c‘um
1943 1824 2203 1896 alienige-

2315 1825 2624 1896 μίσγεσθαι.
2673 1826 2737 1878 (ll
2769 1825 2848 1889 δὲ,
2883 1825 2959 1889 ὡς
2990 1824 3152 1876 πλέον
3181 1841 3235 1876 τι
3262 1822 3645 1886 πλεονάζοντες
3671 1821 3782 1891 τῆς
3816 1810 3907 1873 ἔνο

620 1926 815 1965 narum
842 1928 1064 1968 carnem
1095 1915 1493 1984 propemodum
1520 1926 1742 1985 tangere
1771 1930 1881 1969 non
1915 1917 2202 1982 auderent,

620 2004 675 2057 in
709 2019 925 2059 omnem
961 2019 1020 2058 se
1051 2005 1428 2074 impuritatem
1458 2005 1712 2076 delapsos
1740 2007 2087 2076 putabant,si
2121 2009 2204 2064 vel

620 2093 905 2148 minimum
941 2094 1170 2163 quidem.
1196 2097 1511 2152 consentire
1554 2112 1681 2152 cum
1724 2098 2091 2154 Samaritanis
2119 2099 2205 2154 vi-

620 2184 899 2240 derentur.
930 2184 1167 2241 Tantum
1200 2193 1383 2243 autem
1429 2188 1831 2245 dissentiebant
1858 2189 2000 2245 inter
2028 2205 2109 2255 se,
2145 2198 2205 2244 ut

622 2290 819 2344 aquam
864 2285 918 2330 et
970 2277 1156 2331 cibum
1206 2286 1431 2347 gustare
1471 2280 1705 2345 nollent,
1740 2281 1836 2351 qui
1883 2281 2204 2353 alienigena:

622 2381 789 2421 manu
833 2376 982 2424 esset
1012 2368 1253 2425 oblatus.
1295 2368 1369 2424 Ut
1417 2386 1547 2442 ergo
1593 2373 1916 2429 muliercula
1961 2376 2203 2431 novitate

623 2457 701 2510 rei
726 2464 997 2515 commota
1028 2458 1378 2529 peregrinum
1426 2460 1766 2530 alloquatur,
1793 2476 1859 2515 ac
1890 2462 2204 2518 seiscitetur

623 2548 750 2617 quis
798 2559 859 2603 et
914 2548 1060 2608 unde
1123 2549 1218 2618 sit,
1263 2558 1361 2605 aut
1399 2551 1564 2605 etiam
1620 2553 1896 2621 quomodo
1938 2552 2202 2609 Judaicos

624 2653 807 2697 mores
839 2649 1180 2708 contemnat,
1230 2648 1397 2712 atque
1449 2642 1527 2697 ita
1577 2642 1798 2697 demum
1852 2644 1923 2698 ad
1975 2659 2201 2715 scopum

624 2745 787 2784 suum
838 2732 1139 2800 perveniat,
1174 2732 1329 2788 sitire
1381 2749 1441 2789 se
1500 2734 1747 2801 simulat,
1777 2735 1971 2791 dicens
2006 2753 2019 2790 :
2068 2755 2087 2791 ι
2124 2736 2201 2791 Da

623 2821 757 2874 mihi
784 2822 988 2877 bibere.
1032 2842 1050 2873 ι
1087 2821 1183 2877 Illa
1215 2838 1347 2879 vero
1376 2827 1661 2895 respondit
1691 2843 1705 2881 :

2311 1917 2472 1987 τολῆς
2503 1916 2603 1988 τὴν
2648 1916 2899 1987 δύναμιν,
2936 1916 3032 1968 καὶ
3067 1914 3433 1976 είκαιοτάταις
3471 1913 3670 1983 μᾶλλον
3699 1915 3909 1981 ἐπιτη-

2315 2009 2555 2079 ρήσεσιν,
2591 2008 2624 2077 ἢ
2655 2010 2773 2071 ταῖς
2797 2006 3104 2077 ἀκριϐείαις
3133 2005 3241 2059 τῶν
3269 2005 3575 2073 λεγομένων
3597 2002 3909 2072 baioloqu-

2311 2116 2526 2162 σαντες,
2584 2099 2694 2152 οὐδ’
2746 2099 2870 2152 ὅσον
2925 2096 3206 2166 ἀποθίγειν
3256 2097 3352 2167 τῆς
3406 2096 3515 2149 τῶν
3574 2094 3910 2163 ἀλλοφύλων

2315 2191 2517 2260 σαρκὸς
2547 2188 2983 2260 ἀποτολμῶντες,
3014 2188 3230 2258 ἁπάσης
3250 2188 3384 2240 εἴσω
3427 2192 3613 2240 πεσεῖν
3645 2186 3911 2255 ἀκαθαρο

2314 2284 2434 2347 σίας
2471 2282 2745 2353 ἐνόμιζον,
2773 2284 2821 2335 εἰ
2856 2282 2999 2336 κατά
3021 2298 3074 2333 τι
3113 2280 3244 2349 γοῦν
3272 2279 3485 2349 ὀφθεῖεν
3521 2280 3657 2340 ὅλως
3705 2279 3912 2347 Σαμα-

2313 2375 2517 2447 ρείταις
2540 2374 2948 2444 συμϐαίνοντες.
2974 2375 3069 2436 El;
3095 2371 3351 2426 τοσοῦτον
3376 2371 3434 2424 δὲ
3457 2370 3639 2433 αὐτοῖς
3679 2371 3748 2423 τὰ
3796 2369 3909 2436 τῆς

2308 2466 2641 2528 διαστάσεως
2663 2465 2862 2536 ὲχώρει
2901 2465 3108 2527 λοιπὸν,
3163 2464 3236 2526 ὡς
3273 2466 3368 2516 καὶ
3414 2463 3603 2528 ὓδατος
3635 2463 3730 2515 καὶ
3775 2477 3908 2531 ’τρο⁴

2311 2559 2416 2628 φῆς
2446 2556 2812 2625 ἀπογεύεσθαι
2845 2558 3075 2627 ναρκᾷν,
3106 2556 3207 2625 τῆς
3235 2554 3324 2607 διὰ
3360 2553 3546 2626 χειρὸς
3572 2553 3905 2621 ἀλλοφύλων

2310 2649 2843 2721 προσκομιζομένης.
2862 2652 2979 2703 Ἵνα
2999 2650 3178 2703 τοίνυν
3197 2648 3542 2718 ξενοφωνήσῃ
3563 2649 3625 2699 τὸ
3641 2646 3906 2713 γύναιον,

2312 2741 2405 2792 καὶ
2434 2741 2493 2793 τὸ
2524 2739 2791 2809 ἀσύνηθες
2808 2740 2959 2811 αύτῷ
2983 2740 3189 2811 καλέσῃ
3224 2738 3358 2809 πρὸς
3397 2737 3643 2807 ζήτησιν,
3681 2738 3767 2799 τίς
3799 2736 3910 2805 μὲν

2315 2830 2423 2901 εἴη,
2470 2834 2564 2884 καὶ
2598 2831 2780 2897 πόθεν,
2830 2832 2865 2902 ἢ
2920 2832 3015 2884 καὶ
3056 2832 3203 2892 ὅπως
3235 2829 3343 2882 τῶν
3382 2826 3688 2881 Ἰουδαῖκῶν
3757 2844 3911 2880 ut-

621 2910 920 2981 εφρόνησευ
946 2911 1105 2977 ἐθῶν,
1169 2914 1312 2967 οὓτω
1334 2931 1395 2967 τε
1427 2912 1614 2969 λοιπὸν
1637 2916 1666 2969 ὁ
1703 2914 1860 2984 λόγος
1890 2916 1982 2969 ἐπὶ
2017 2916 2110 2971 τὸν
2152 2918 2351 2974 οἰκεῖον
2383 2921 2574 2993 βαδίζῃ
2615 2923 2835 2987 σκοπὸν,
2904 2925 2997 2977 καὶ
3061 2923 3125 2976 τὸ
3191 2924 3347 2996 διψῇν
3389 2924 3759 2996 ὑποκρίνεται,
3815 2921 3913 2973 λέ-

623 3020 755 3074 των
805 3023 823 3056 ί
860 3004 958 3067 Δός
989 3022 1078 3075 μοι
1104 3008 1268 3059 πιεῖν.
1308 3024 1326 3057 ι
1370 3007 1435 3059 Ἥ
1459 3006 1516 3061 δὲ
1538 3006 1666 3076 ἔφη*

694 3096 788 3162 1V,
818 3097 873 3153 9.
905 3097 1177 3163 Quomodo
1214 3111 1293 3167 tu,
1320 3098 1546 3156 Judazus
1579 3117 1700 3155 cum
1729 3102 1827 3167 sis,
1856 3103 2028 3158 bibere
2053 3123 2085 3158 a
2116 3124 2198 3161 me

2375 3109 2508 3175 Πῶς
2532 3110 2614 3163 σὺ
2646 3109 2935 3175 Ἰουδαῖος
2979 3109 3085 3174 ὢν,
3131 3108 3268 3177 παρ’
3314 3109 3461 3177 ἐμοῦ
3513 3108 3674 3162 πιεῖν
3706 3107 3913 3174 αιτεῖς

622 3190 820 3257 poscis,
873 3207 992 3260 qua:
1049 3207 1166 3245 sum
1220 3192 1412 3246 mulier
1456 3192 1846 3249 Samaritana?
1900 3196 2022 3250 Non
2065 3199 2203 3251 enim

2308 3203 2597 3271 γυναικὸς
2626 3201 3048 3281 Σαμαρείτιδος
3075 3201 3268 3269 οὔσης
3288 3219 3307 3267 ;
3338 3204 3421 3254 Οὐ
3441 3201 3551 3270 γὰρ
3573 3199 3913 3271 συγχρῶναο

629 3282 1089 3353 ιωεοιιιιιηιιιν
1103 3280 1285 3337 Ιιιάιεί
1305 3281 1691 3338 Samaritauis.
1714 3283 2002 3355 Respondit
2026 3286 2204 3354 Jesus,

622 3385 673 3430 et
704 3376 841 3429 dixit
868 3376 938 3431 ei.

694 3467 990 3538 Inquisitio
1029 3468 1251 3523 initium
1289 3477 1375 3523 est
1430 3468 1703 3535 discendi,
1752 3478 1809 3525 et
1866 3472 2208 3529 addubitatio

627 3560 785 3614 radix
851 3560 1193 3629 intelligendi
1253 3575 1378 3631 quae
1436 3560 1777 3631 ignoramus.
1823 3562 1938 3619 Hoc
1990 3566 2207 3621 initium

625 3667 813 3708 sermo
861 3653 1103 3723 capessit
1160 3671 1173 3706 :
1230 3652 1569 3724 proindeque
1621 3654 1881 3711 Salvator
1933 3658 2210 3727 sapienter

627 3760 851 3815 quoque
891 3744 1131 3815 ﬁngebat
1160 3759 1219 3799 se
1251 3743 1565 3800 Iudaeorum
1590 3760 1774 3803 mores
1794 3747 1953 3802 nihili
1980 3749 2202 3804 dueere.

696 3914 787 3980 IV,
822 3917 913 3971 10.
958 3914 1018 3971 Si
1046 3918 1207 3973 scires
1237 3917 1439 3973 donum
1470 3917 1591 3986 Dei,
1618 3930 1671 3974 et
1693 3923 1814 3992 quis
1841 3933 1921 3978 est
1949 3925 2043 3996 qui
2067 3926 2200 3980 dicit

628 4008 763 4062 tibi:
792 4007 878 4062 Da
903 4008 1034 4061 mihi
1061 4008 1237 4063 bibere
1259 4025 1279 4063 :
1313 4019 1372 4063 tu
1404 4010 1635 4079 forsitan
1671 4014 1911 4080 petiisses
1938 4015 2006 4069 ab
2041 4033 2125 4083 eo,
2158 4027 2208 4071 et

626 4097 855 4152 dedisset
886 4097 983 4152 tibi
1013 4114 1207 4169 aquam
1235 4100 1423 4156 vivam.
1454 4099 1598 4156 Dicit
1624 4102 1674 4156 ei
1703 4104 1921 4158 mulier.

694 4295 1212 4367 Stxpramundanam
1279 4305 1334 4352 et
1394 4299 1842 4369 superemlestem
1926 4301 2207 4374 Unigeniti

622 4389 992 4445 substantiam
1037 4404 1167 4443 cum
1222 4405 1335 4445 non
1383 4400 1594 4456 nosset,
1625 4391 1737 4446 imo
1766 4408 1895 4448 vero
1941 4409 2065 4449 cum
2121 4397 2209 4451 in-

2311 3312 2406 3347 ται
2456 3294 2724 3348 Ἰουδαῖοι
2775 3295 3185 3363 Σαμαρείταις.
3263 3295 3575 3362 Ἀπεκρίθη
3632 3293 3911 3361 Ἰησοῦς,

2310 3384 2407 3437 καὶ
2445 3378 2616 3435 εἶπεν
2643 3380 2820 3450 αὐτῇ.

2393 3474 2558 3546 Ἀρχὴ
2592 3474 2878 3544 μαθήσεως
2910 3472 3157 3543 ζήτησις,
3187 3472 3293 3526 καὶ
3320 3473 3444 3544 ῥίζα
3481 3474 3580 3545 τῆς
3624 3474 3720 3526 ἐπί
3751 3492 3913 3527 τισιν

2310 3565 2695 3634 ἀγνοουμένοις
2744 3563 3030 3625 συνέσεως,
3080 3565 3113 3631 ὴ
3150 3564 3279 3630 περὶ
3309 3562 3489 3616 αὐτῶν
3522 3563 3909 3634 ὲπαπόρησις.

2310 3655 2576 3726 Ταύτηνό
2604 3655 2759 3723 λόγος
2801 3656 2944 3708 ἑλεῖν
2983 3655 3241 3725 ἐπιθυμεῖ
3283 3654 3383 3725 τὴν
3422 3656 3599 3726 ἀρχήν
3623 3672 3637 3687 ·
3685 3655 3777 3709 διά
3816 3673 3911 3709 τοι

2309 3745 2467 3800 τοῦτο
2495 3747 2590 3799 καὶ
2620 3746 2681 3800 τὸ
2708 3745 2884 3800 δοκεῖν
2907 3745 3156 3817 ἡγεῖσθαι
3187 3744 3355 3815 μηδὲν
3384 3745 3452 3799 τὰ
3472 3746 3581 3799 τῶν
3620 3746 3913 3800 Ἰουδαίων

2311 3836 2429 3907 ἔθη,
2462 3838 2641 3905 σοφῶς
2672 3840 2701 3890 ὀ
2730 3839 2922 3908 Σωτὴρ
2955 3836 3355 3890 ύπεπλάττετο.

2381 3936 2449 3987 El
2478 3931 2645 4001 ᾕδεις
2680 3931 2796 4000 τὴν
2826 3932 3054 3999 δωρεὰν
3092 3931 3200 3984 τοῦ
3226 3932 3396 3997 Θεοῦ,
3432 3931 3535 3984 καὶ
3586 3931 3681 3996 τίς
3720 3930 3912 3983 ἐστιν

2310 4029 2344 4079 ὁ
2373 4024 2565 4094 λέγων
2594 4040 2726 4089 σοι,
2776 4025 2887 4089 Δός
2916 4041 3017 4093 μοι
3053 4024 3231 4087 πιεῖν,
3265 4023 3349 4077 σὺ
3380 4024 3458 4077 ἂν
3494 4024 3733 4091 ᾔτησας
3780 4025 3877 4076 αὑ

2309 4115 2457 4180 τὸν,
2505 4116 2602 4170 καὶ
2651 4114 2835 4170 ἔδωκέ
2887 4130 2987 4169 σοι
3028 4114 3183 4182 ὕδωρ
3230 4112 3363 4173 ζῶν.
3402 4113 3576 4183 Λέγει
3631 4110 3796 4177 αὺτῷ
3862 4114 3905 4179 ἡ

2310 4206 2488 4276 γυνή.

2381 4298 2492 4369 Τὴν
2518 4297 2886 4368 ὑπερκόσμιόν
2916 4314 2977 4350 τε
3004 4296 3099 4351 καὶ
3140 4296 3536 4369 ὑπερθυράνιον
3572 4295 3682 4348 οὐκ
3714 4295 3902 4347 είδυτα

2308 4390 2404 4442 τοῦ
2422 4391 2758 4457 Μονογενοῧς
2778 4389 2988 4454 οὐσίαν,
3018 4388 3218 4460 μᾶλλον
3236 4388 3293 4442 δὲ
3307 4388 3579 4455 ἀγνοοῦσα
3606 4386 3901 4450 παντελῶς

624 4488 913 4534 carnatum
977 4477 1214 4534 Verbum
1283 4483 1506 4552 penitus
1582 4481 1885 4552 ignoraret,
1952 4484 2202 4541 Judaeum

2310 4482 2402 4537 τὸν
2439 4481 2941 4552 ὲνανθρωπὴσαντα
2976 4482 3169 4547 Λόγον,
3205 4481 3454 4534 Ἰουδαῖον
3478 4480 3643 4533 αὐτόν
3672 4481 3898 4551 ὠνόμαο

2232 4524 2285 4583 D

626 4574 803 4642 ipsum
850 4571 1048 4627 mulier
1083 4572 1425 4628 nominabat.
1462 4575 1528 4628 Et
1560 4573 1629 4629 ad
1684 4575 1788 4632 hoc
1815 4577 2037 4647 quidem
2076 4594 2202 4633 cum

2310 4574 2403 4639 ζεν
2458 4576 2492 4645 ἡ
2532 4575 2692 4642 γυνή.
2724 4573 2833 4625 Καὶ
2855 4572 3037 4642 σιωπᾷ
3062 4571 3159 4639 μὲν
3203 4570 3339 4640 πρὸς
3373 4570 3534 4623 τοῦτο
3574 4572 3891 4644 χρησίμως,

628 4660 810 4715 fructu
844 4660 986 4724 silet,
1012 4671 1072 4716 ut
1121 4663 1380 4733 colloquii
1442 4666 1585 4719 ratio
1627 4680 1848 4721 sursum
1898 4675 2200 4722 constaret.

626 4753 1014 4809 Verumtamen
1049 4754 1116 4809 ad
1148 4755 1529 4811 sublimiorem
1560 4756 1629 4811 de
1662 4757 1784 4827 ipso
1812 4758 2201 4828 cogitationem

622 4861 742 4902 eam
772 4845 971 4910 evellit,
1002 4859 1126 4900 cum
1157 4847 1369 4903 nescire
1396 4847 1573 4917 ipsam
1606 4847 1685 4901 ait
1729 4847 1855 4918 quis
1885 4850 1976 4904 ille
2006 4850 2078 4906 sit
2104 4851 2199 4920 qui

622 4943 812 5005 potum
841 4937 1000 5006 petit,
1026 4945 1123 4991 aut
1144 4949 1355 5008 quanta
1384 4939 1558 5009 gratia
1588 4940 1817 5010 praedita
1840 4940 1951 4996 sint
1987 4955 2051 4996 ea
2079 4956 2200 5011 quae

621 5029 884 5085 divinitus
940 5030 1326 5086 conceduntur
1362 5046 1378 5084 :
1413 5046 1536 5102 quae
1583 5033 1629 5088 si
1683 5033 1942 5088 nimirum
1994 5048 2201 5104 cogno-

622 5130 821 5181 sceret.
855 5122 922 5177 iis
946 5135 1137 5178 carere
1180 5139 1239 5179 se
1283 5138 1395 5178 non
1435 5133 1739 5195 pateretur,
1770 5126 1865 5181 sed
1899 5125 2199 5184 Dominum

621 5213 771 5280 prior
800 5213 891 5266 illa
922 5222 1191 5284 rogasset.
1221 5210 1317 5269 His
1352 5213 1536 5284 itaque
1568 5216 1752 5270 verbis
1786 5233 1906 5272 eam
1943 5218 2196 5289 instigat,

621 5310 682 5356 ut
703 5318 767 5358 ea
798 5303 1010 5360 discere
1035 5320 1383 5377 summopere
1412 5308 1562 5363 velit.
1594 5306 1839 5363 Observa
1869 5318 2052 5364 autem
2086 5326 2197 5381 quo

622 5403 781 5464 pacto
819 5397 1115 5466 genuinum
1147 5405 1203 5453 et
1228 5399 1419 5468 procul
1451 5398 1519 5453 ab
1539 5400 1687 5454 omni
1712 5399 1857 5455 fastu
1889 5416 2196 5457 ser-munem

622 5486 941 5553 instituens,
964 5488 1207 5557 seipsum
1238 5487 1409 5543 Deum
1443 5504 1567 5544 esse
1597 5489 1751 5553 dicit,
1783 5490 1909 5544 licet
1935 5491 2094 5544 tardo
2128 5491 2200 5545 sit

621 5577 844 5648 ingenio
873 5577 1095 5632 mulier.
1118 5576 1257 5633 Nam
1296 5579 1682 5649 persuadendo
1716 5579 1811 5634 Dei
1859 5579 2063 5634 donum
2096 5583 2198 5635 mi-

623 5668 756 5731 rari,
794 5666 961 5736 hujus
1001 5667 1243 5737 seipsum
1276 5668 1598 5739 «largitorem
1631 5668 1899 5723 insinuat.
1945 5668 2001 5723 Si
2049 5671 2196 5725 enim

625 5758 771 5814 clare
802 5759 973 5814 scires
1013 5759 1218 5815 donum
1251 5757 1368 5827 Dei,
1404 5768 1457 5816 ct
1485 5759 1612 5831 quis
1657 5761 1730 5815 sit
1770 5762 1862 5830 qui
1913 5761 2048 5817 dicit
2077 5763 2195 5827 tibi,

2310 4664 2398 4718 ἵνα
2431 4660 2897 4731 σώζηταιπάλινὴ
2926 4657 3020 4713 τοῦ
3057 4658 3191 4729 πρὸς
3223 4657 3397 4727 αὐτὴν
3421 4656 3680 4720 ὑπόθεσις
3704 4657 3891 4724 λόγου.

2308 4757 2592 4827 ’Λναφέρει
2620 4757 2665 4809 δ’
2687 4750 2779 4807 οὖν
2806 4755 2955 4823 ὅμως
2980 4753 3059 4815 είς
3103 4751 3441 4823 ὑψηλοτέραν
3469 4752 3570 4821 τὴν
3603 4750 3736 4822 περὶ
3788 4752 3892 4803 αύ-
3951 4804 3957 4811 ,

2306 4848 2401 4902 τοῦ
2422 4848 2689 4917 διάληψιν,
2724 4846 2824 4898 οὐκ
2856 4844 3050 4899 εἰδέναι
3073 4843 3271 4913 λέγων,
3305 4843 3388 4908 τίς
3413 4844 3440 4894 ὁ
3468 4842 3632 4895 ποτὸν
3653 4841 3887 4909 αἰτήσας
3946 4828 3953 4844 ³

2309 4943 2477 5007 ἐστὶν,
2511 4941 2543 5011 ἢ
2575 4940 2667 4992 καὶ
2696 4940 2827 5007 ὅσην
2858 4938 2968 5008 ἔχει
3002 4937 3101 5007 τὴν
3131 4935 3293 5006 χάριν
3317 4934 3385 4990 τὰ
3410 4932 3595 4987 θεόθεν
3615 4932 3889 5004 χορηγούς-

2311 5049 2469 5104 μενα,
2490 5032 2564 5094 ὡς
2587 5030 2743 5100 εἴπερ
2778 5026 2890 5097 ἔχοι
2915 5027 3013 5097 τὴν
3046 5025 3268 5093 γνῶσιν,
3323 5024 3423 5076 οὐκ
3477 5022 3543 5076 ἃν
3581 5021 3887 5091 ὑστερίζειν

2306 5122 2599 5193 ἠνέσχετο·
2634 5121 2803 5193 ᾔτησε
2852 5118 2960 5189 γὰρ
3013 5118 3079 5171 ἂν
3133 5114 3479 5187 προλαϐοῦσα
3522 5115 3617 5167 τὸν
3653 5114 3881 5183 Κύριον.

2306 5212 2573 5286 Ἐρεθίζει
2599 5213 2699 5283 μὲν
2727 5208 2819 5265 οὖν
2844 5208 2931 5263 διὰ
2963 5208 3187 5271 τούτων,
3214 5209 3291 5271 εἰς
3328 5207 3388 5259 τὺ
3418 5207 3511 5260 καὶ
3539 5207 3659 5259 λίαν
3686 5207 3885 5258 ἐσπου-

2304 5306 2583 5377 δασμένως
2635 5303 2887 5374 ἐθελῆσαι
2938 5300 3447 5373 μαθεῖν.Ἐπιτήρει
3485 5298 3541 5351 δὲ
3589 5298 3756 5362 ὅπως,
3791 5297 3883 5349 eia-

2305 5399 2419 5466 φυᾶ
2452 5396 2517 5466 δὴ
2554 5395 2647 5450 καὶ
2679 5394 2775 5449 νῦν
2809 5394 2903 5447 καὶ
2944 5396 3159 5464 κόμπου
3198 5392 3404 5463 γυμνὸν
3434 5390 3767 5461 ἐπιτηδεύων
3794 5388 3883 5442 λ5ο

2305 5504 2425 5556 γον,
2478 5487 2610 5540 Θεὸν
2651 5486 2841 5539 ἑαυτὸν
2880 5480 3021 5539 εἷναί
3052 5501 3236 5555 φησιν,
3271 5485 3319 5535 εί
3364 5483 3458 5536 καὶ
3492 5481 3712 5553 βραδεῖα
3746 5479 3883 5551 πρὸς

2304 5581 2365 5634 τὸ
2401 5579 2659 5633 δύνασθαι
2686 5581 2827 5633 νοεῖν
2856 5579 2891 5649 ἡ
2921 5579 3080 5649 γυνή.
3132 5573 3563 5647 Ἀποθαυμάζειν
3611 5575 3718 5644 γὰρ
3755 5573 3885 5624 ἀνα-

2308 5672 2511 5727 πείθων
2531 5670 2629 5739 τὴν
2656 5670 2750 5723 τοῦ
2775 5670 2909 5723 Θεοῦ
2934 5669 3165 5741 δωρεὰν,
3193 5668 3397 5737 ταύτης
3415 5667 3605 5720 ἑαυτὸν
3643 5665 3881 5733 εἰσφέρει

2306 5760 2545 5830 χορηγόν
2579 5760 2666 5811 ἐξ
2690 5759 2796 5829 γὰρ
2838 5759 2981 5829 ᾕδεις
3011 5758 3195 5829 σαφῶς
3220 5759 3317 5829 τὴν
3351 5757 3560 5828 δωρεὰν
3589 5756 3681 5809 τοῦ
3718 5754 3878 5818 Θεοῦ,
