4118 6548
202 366 311 422 297

1192 366 1257 419 ΙΝ
1293 364 1584 422 JOANNIS
1613 367 2074 425 EVANGELIUM
2113 371 2240 426 LIB.
2284 374 2348 429 ll.

3320 387 3444 447 298

197 484 295 535 καὶ
331 478 413 540 τίς
446 478 591 527 ἐστιν
618 477 646 527 ό
675 474 846 543 λέγων
883 492 985 538 σοι,
1010 475 1074 528 σὺ
1105 475 1169 528 ἃν
1202 476 1411 547 ᾔτησας
1436 476 1599 530 αὐτόν
1629 493 1640 506 ·
1672 479 1773 532 τίνι

1880 488 1936 533 ιιι
1969 481 2202 551 petisses
2229 483 2400 538 abeo.
2427 484 2525 539 Cui
2545 487 2690 542 enim
2723 490 2980 545 convenit
3007 505 3070 547 ea
3099 492 3284 565 largiri
3320 484 3446 568 quae

195 571 241 624 δ’
281 570 343 624 ἂν
389 568 483 619 καὶ
535 566 734 636 τρέποι
776 565 835 617 τ’)
883 564 1200 635 χαρίζεσθαι
1252 565 1319 618 τὰ
1348 564 1442 617 τοῦ
1478 565 1648 633 Θεοῠ;
1679 567 1769 637 Μὴ

192 662 318 732 οὐχὶ
339 658 481 713 κατὰ
519 658 681 727 φύσιν
712 655 962 726 δντιΘεῷ
990 674 1004 721 ;
1041 656 1227 729 ’Υδωρ
1270 658 1328 711 δὲ
1354 656 1461 721 ζῶν
1506 658 1773 713 ἀποκαλεῖ

193 749 299 818 τὴν
326 743 587 812 ξωοποιδν
613 742 708 798 τοῦ
731 744 1045 813 Πνεύματος
1070 744 1240 811 δόσιν,
1255 744 1339 818 ,δι’
1381 741 1450 817 ἧς
1477 747 1570 799 καὶ
1604 748 1772 818 μόνης

196 840 227 909 1]
262 834 639 907 άνθρωπὸτης,
676 834 855 887 καίτοι
875 835 988 897 τοῖς
1007 834 1065 887 ὲν
1088 834 1242 905 ὄρεσι
1276 834 1539 906 πρέμνοις
1564 836 1774 892 ἀναινο⁴

198 930 336 1000 μένη
371 925 789 998 παραπλησίως,
817 923 959 996 ξηρά
982 942 1041 978 τε
1065 925 1191 997 ἥδη,
1224 927 1318 980 καὶ
1358 927 1538 997 πάσης
1581 929 1772 996 ἄγονος

194 1021 396 1092 ἀρετῆς
467 1021 588 1080 ταῖς
650 1015 743 1069 τοῦ
789 1015 1032 1069 διαϐόλου
1068 1018 1424 1087 κακουργίαις
1478 1019 1775 1088 ἀναδεδειγ.

196 1112 363 1181 μένη,
390 1108 529 1181 πρὸς
562 1107 621 1160 τὸ
650 1107 875 1179 ἀρχαῖον
907 1105 1193 1177 ἀνατρέχει
1244 1108 1339 1177 τῆς
1383 1108 1598 1176 φύσεως
1647 1109 1774 1163 κάλ-

195 1199 306 1262 λος,
338 1198 433 1251 καὶ
480 1196 578 1267 τὴν
626 1193 891 1259 ζωοποιὸν
938 1193 1237 1248 ἐκτείνουσα
1291 1195 1470 1266 χάριν,
1508 1197 1774 1269 πολυτρό-

195 1304 322 1353 ποις
376 1287 594 1357 ἀγαθῶν
655 1285 820 1349 ἰδέαις
872 1283 1313 1354 περιανθίζεται,
1380 1288 1474 1339 καὶ
1536 1293 1616 1351 εἰς
1661 1285 1774 1352 ἕξιν

195 1379 593 1434 ἀναϐλαστῶσα
615 1378 715 1449 τὴν
744 1378 1053 1448 φιλάρετον,
1077 1377 1545 1449 εὐτραφεστάτους
1568 1379 1667 1450 τῆς
1695 1381 1774 1446 είς

193 1470 332 1523 Θεὸν
370 1469 592 1539 ἀγάπης
606 1469 788 1538 ἀνίησι
819 1468 1049 1531 κλῶνας.
1086 1467 1339 1521 Τοιοῦτον
1370 1469 1427 1522 δέ
1460 1488 1533 1536 τι,
1565 1472 1661 1525 καὶ
1686 1471 1774 1525 διά

1878 568 1973 625 Dei
2006 573 2174 626 sunt?
2202 573 2284 628 An
2320 587 2429 629 nou
2459 576 2507 629 ei
2541 577 2635 634 qui
2677 580 2975 635 secundum
3007 591 3259 638 naturam
3296 584 3444 642 Deus

1875 662 1998 716 est?
2026 662 2236 732 Aquam
2281 672 2463 720 autem
2494 668 2669 748 vivam
2701 671 2938 740 appellat
2987 673 3264 729 vivificum
3308 675 3445 732 illud

1878 753 2120 823 Spiritus
2142 755 2368 822 donum,
2394 773 2491 827 per
2521 759 2667 828 quod
2696 762 2874 817 solum
2904 764 3219 822 humanitas
3250 783 3447 839 quam-

1876 844 1961 899 vis
2000 844 2227 915 perinde
2276 862 2340 902 ac
2390 852 2636 905 montani
2669 853 2887 921 stipites
2925 871 3155 925 prorsus
3203 860 3448 915 arefacta

1875 942 1928 987 et
1950 935 2129 989 omnis
2162 933 2374 993 fructus
2420 954 2617 1009 expers
2659 940 2863 998 diaboli
2896 943 3091 1004 fraude
3133 949 3347 1007 reddita
3376 951 3446 1007 ad

1876 1033 2117 1082 veterem
2148 1036 2361 1084 naturae
2392 1031 2856 1101 pulchritudinem
2891 1046 3202 1108 revocatur,
3227 1051 3282 1098 et
3309 1043 3448 1097 vivi-

1878 1114 2035 1169 ticam
2084 1118 2317 1186 gratiam
2359 1121 2586 1178 ebibens
2627 1123 2799 1179 variis
2841 1125 3109 1184 bonorum
3151 1134 3445 1202 generibus

1877 1206 2188 1275 redimitur,
2211 1219 2265 1264 et
2297 1210 2368 1265 ad
2391 1212 2611 1269 virtutis
2641 1216 2885 1271 studium
2912 1219 3252 1289 repullulans
3287 1224 3448 1280 uber-

1876 1296 2049 1353 rimos
2078 1299 2389 1356 dilectionis
2421 1301 2515 1358 Dei
2564 1319 2750 1362 ramos
2779 1307 2911 1362 edit.
2944 1307 3077 1365 Tale
3126 1326 3254 1366 vero
3285 1312 3448 1381 quid-

1875 1384 2001 1439 dam
2052 1388 2214 1444 nobis
2260 1405 2481 1461 quoque
2533 1392 2679 1449 Deus
2726 1410 2823 1466 per
2875 1395 3073 1452 Isaiam
3126 1400 3447 1470 prophetam

1877 1473 1953 1527 ait
1991 1493 2004 1528 :
2048 1493 2066 1527 ι
2108 1474 2507 1534 Glorificabunt
2561 1498 2649 1538 me
2686 1484 2879 1542 bestiae
2924 1487 3060 1558 agri,
3113 1489 3349 1553 sirenes,
3394 1500 3451 1545 et

194 1558 289 1612 τοῦ
354 1560 633 1631 προφήτου
691 1559 855 1628 φησὶν
901 1557 1119 1613 Ἦσαῖου
1171 1559 1307 1630 πρὸς
1358 1562 1506 1630 ἡμᾶς
1547 1562 1577 1613 ό
1618 1561 1769 1625 Θεός·

1876 1562 1999 1619 ﬁliae
2030 1568 2430 1635 struthionum,
2463 1570 2591 1642 quia
2654 1574 2776 1629 dedi
2828 1575 2883 1629 in
2930 1576 3148 1634 deserto
3195 1593 3369 1651 aquas
3394 1588 3452 1636 et

198 1668 219 1700 ι
256 1649 557 1720 Εύλογήσει
592 1665 660 1718 με
686 1648 755 1719 τά
781 1646 945 1719 θηρία
982 1648 1075 1702 τοῦ
1114 1648 1308 1719 ἀγροῦ,
1362 1651 1635 1722 σειρῆνες,
1677 1652 1773 1706 καὶ

1875 1654 2101 1710 ﬂumina
2132 1659 2186 1712 in
2217 1659 2509 1730 inaquoso,
2529 1674 2588 1718 ut
2615 1664 2805 1721 bibere
2836 1666 3033 1722 faciam
3062 1685 3235 1740 genus
3266 1686 3448 1726 meum

193 1739 501 1810 θυγατέρες
537 1738 833 1809 στρουθῶν,
860 1739 943 1792 ὅτι
983 1738 1160 1793 ἔδωκα
1197 1741 1256 1794 ἐν
1293 1744 1357 1811 τῇ
1391 1743 1582 1813 ἐρήμῳ
1607 1741 1771 1813 ὕδωρ,

1880 1748 2144 1818 electum;
2189 1753 2449 1821 populum
2485 1768 2667 1811 meum
2708 1773 2871 1827 quem
2918 1738 3210 1829 acqui'sivi,
3236 1768 3294 1814 ut
3332 1762 3448 1817 vir-

192 1832 289 1883 xa‘t
324 1830 601 1900 ποταμοὺς
632 1831 690 1883 έν
718 1831 784 1900 τῇ
829 1830 1064 1901 ἀνύδρῳ,
1099 1832 1317 1885 ποτίσαι
1366 1832 1426 1885 τὸ
1468 1833 1622 1899 γένος
1671 1850 1771 1902 μου

1880 1845 2021 1895 tutes
2056 1855 2207 1897 meas
2256 1852 2445 1899 narret
2477 1845 2544 1900 ⁸⁸.
2586 1865 2604 1898 ι
2640 1846 2779 1904 Justi
2824 1864 2988 1918 porro
3042 1851 3280 1906 animam
3331 1852 3451 1908 fore

190 1921 253 1976 τδ
268 1921 545 1982 ἐκλεκτὸν,
570 1919 697 1974 λαόν
724 1938 824 1991 μου
858 1920 917 1974 ὃν
940 1924 1416 1993 περιεποιησάμην
1440 1925 1541 1987 τὰς
1570 1925 1772 1995 ἀρετάς

1880 1936 2135 1999 tanquam
2199 1930 2406 2002 lignum
2468 1932 2814 1991 fructifcrum
2872 1939 3011 1995 alter
3076 1940 3237 1997 nobis
3286 1943 3444 2011 181

192 2029 297 2084 μου
329 2012 654 2084 διηγεῖσθαι.
692 2032 710 2063 ι
750 2013 1009 2066 Ἕσεσθαι
1031 2014 1088 2067 δὲ
1140 2015 1233 2068 καὶ
1272 2016 1370 2086 τὴν
1421 2017 1515 2069 τοῦ
1556 2016 1769 2070 δικαίου

1880 2027 2101 2077 sanctus
2138 2022 2307 2087 canit,
2349 2030 2404 2077 et
2437 2025 2700 2080 orituram
2748 2028 2892 2082 sicut
2944 2028 3127 2083 fenum
3178 2031 3234 2084 in
3268 2028 3450 2087 medio

187 2103 397 2174 ψυχὴν,
428 2103 505 2166 ὠς
539 2102 695 2169 ξύλον
722 2102 1021 2175 ἔγκαρπον,
1048 2105 1235 2177 ἕτερός
1260 2123 1395 2177 φησι
1439 2107 1547 2159 τῶν
1579 2107 1769 2176 ἁγίων,

1880 2126 2065 2182 aquae,
2113 2122 2169 2168 et
2240 2114 2387 2170 sicut
2462 2118 2685 2172 salicem
2747 2135 2914 2189 super
2992 2121 3449 2191 praeterﬂuentem

188 2196 285 2248 καὶ
332 2194 613 2247 ἀνατελεῖν
663 2194 781 2264 μὲν,
830 2194 964 2248 ὡσεὶ
999 2196 1192 2268 χόρτον
1238 2197 1514 2267 ἀναμέσον
1559 2198 1769 2263 ὓδατος,

1880 2217 2071 2273 aquam
2091 2203 2157 2259 ⁸⁸.
2175 2204 2398 2261 Possem
2418 2208 2505 2263 his
2529 2209 2631 2263 alia
2654 2212 2937 2280 complura
2964 2212 3274 2269 testimonia
3300 2212 3449 2269 Scri—

189 2285 531 2355 ὀφθήσεσθαι
571 2285 628 2339 δὲ
653 2285 730 2348 ὼς
765 2285 913 2339 ἰτέαν
947 2288 1039 2340 ἐπὶ
1068 2287 1383 2359 παραρρέον
1404 2287 1571 2359 ὕδωρ.
1604 2292 1774 2345 Δυνα-

1880 2302 2053 2364 pturaa
2073 2297 2392 2369 adjungere,
2418 2301 2620 2370 quibus
2643 2301 2962 2358 facillimum
2994 2314 3139 2361 esset
3159 2306 3451 2361 ostendere

189 2377 281 2429 τὸν
316 2377 420 2447 μὲν
446 2373 538 2430 οὖν
579 2378 692 2441 τοῖς
727 2377 1039 2448 εἰρημένοις
1095 2378 1187 2431 xui.
1229 2379 1419 2453 έτέρας
1464 2382 1612 2452 ἡμᾶς
1649 2384 1769 2435 ὲπι-

1880 2396 2025 2453 aquzn
2060 2386 2326 2442 vocabulo
2355 2389 2675 2459 plerumque
2722 2389 2967 2445 divinum
3020 2391 3273 2460 spiritum
3309 2407 3449 2445 nun-

191 2467 460 2537 σωρεύειν
486 2467 585 2531 τάς
605 2468 713 2521 ἀπὸ
734 2468 836 2537 τῆς
881 2467 1032 2532 Θείας
1074 2470 1296 2542 Γραφῆς
1336 2472 1667 2543 μαρτυρίας,
1705 2473 1771 2526 δι’

1880 2476 2077 2544 cupari.
2122 2475 2226 2532 Sed
2279 2488 2496 2550 tempus
2544 2496 2653 2535 non
2702 2489 2787 2537 est
2840 2482 2894 2535 in
2938 2483 3022 2537 his
3064 2482 3443 2537 immorandi:

190 2551 267 2611 ὧν
309 2554 383 2629 ἦν
433 2559 527 2611 καὶ
568 2559 715 2627 μάλα
733 2560 927 2634 ῥαδίως
973 2560 1354 2626 ἐπιδεικνύειν,
1387 2562 1461 2625 ὡς
1494 2564 1551 2616 ὲν
1582 2562 1773 2627 ὕδατος

1880 2567 2102 2636 proinde
2147 2585 2367 2626 rursum
2417 2572 2473 2625 in
2520 2579 2736 2628 vastum
2765 2573 2897 2627 i'llud
2946 2582 3001 2628 et
3026 2574 3269 2644 amplum
3308 2573 3451 2629 divi-

192 2650 538 2720 προσηγορίᾳ
565 2650 626 2702 τὸ
651 2649 792 2704 θεῖον
836 2650 1094 2714 πολλάκις
1145 2651 1567 2722 κατωνόμασται
1607 2653 1773 2707 πνεῦ-

1880 2673 2067 2713 narum
2098 2663 2622 2732 contemplationum
2656 2663 2879 2734 pelagus
2905 2665 3272 2720 enatabimus.
3310 2657 3312 2660 ’

194 2761 291 2813 μα.
316 2742 425 2797 Τοῦ
454 2742 762 2806 δὲ.τούτοις
802 2744 953 2815 ἡμᾶς
996 2743 1388 2816 ἐμφιλοχωρείν
1432 2746 1492 2797 ού
1530 2746 1720 2817 καιρός
1744 2763 1757 2776 ·
1800 2747 1879 2801 διὸ
1926 2750 1988 2821 δὴ
2041 2752 2197 2807 πάλιν
2253 2755 2458 2826 ἑτέροις
2485 2755 2849 2827 ὲπινηξόμεθα
2887 2757 3022 2825 πρὸς
3059 2755 3119 2807 τὸ
3165 2755 3309 2827 μέγα
3356 2759 3451 2813 καί

189 2840 371 2895 πλατὺ
396 2838 507 2891 τῶν
541 2837 700 2892 θείων
732 2838 1100 2911 θεωρημάτων
1142 2841 1483 2910 ἐπειγόμενοι
1513 2842 1765 2909 πέλαγος.

260 2931 463 2999 Κύριε,
495 2929 633 2982 οὔτε
667 2929 942 2998 ἄντλημα
975 2928 1157 2997 ἔχεις,
1199 2929 1295 2982 καί
1322 2931 1387 2983 τὸ
1412 2929 1598 2999 φρέαρ
1634 2931 1767 2984 ἐστὶ

1948 2929 2038 2993 ιν,
2086 2931 2171 2984 Μ.
2215 2928 2460 2995 Domine,
2499 2947 2660 3001 neque
2689 2933 2745 2985 in
2779 2948 2881 3001 quo
2917 2934 3137 2987 haurias
3184 2934 3365 2998 habes,
3400 2945 3451 2989 ct

190 3020 356 3087 βαθύ
386 3037 401 3051 ο
430 3022 616 3075 πόθεν
636 3015 751 3075 οὖν
781 3020 941 3089 ἔχεις
960 3018 1028 3072 τὸ
1050 3019 1209 3089 ὕδωρ
1237 3021 1303 3074 τὸ
1320 3020 1465 3081 ζῶν;

1880 3032 2059 3087 puteus
2085 3021 2225 3075 allus
2252 3031 2328 3075 est
2361 3037 2379 3076 :
2408 3021 2544 3076 unde
2569 3038 2690 3091 ergo
2715 3021 2873 3077 habes
2905 3040 3098 3092 aquam
3138 3025 3349 3079 vivam?

260 3112 437 3165 Οὐδὲν
464 3111 572 3164 τῶν
606 3114 663 3165 ὲν
689 3110 948 3182 συνηθείᾳ
984 3110 1142 3163 πλέον
1182 3112 1215 3181 ή
1246 3112 1381 3183 γυνὴ
1418 3112 1767 3181 φαντάζεται,

1946 3112 2091 3167 Nihil
2140 3113 2243 3167 nisi
2296 3113 2520 3183 vulgare
2560 3114 2756 3168 mulier
2795 3114 2899 3168 sibi
2942 3115 3224 3184 proponit,
3276 3132 3454 3187 neque

192 3204 285 3256 καὶ
326 3203 543 3272 συνίησι
581 3201 679 3271 μὲν
704 3200 954 3271 οὐδαμῶς
988 3201 1096 3253 τῶν
1116 3201 1422 3272 εἰρημένων
1465 3200 1563 3270 τὴν
1611 3200 1771 3253 δύνα-

196 3311 313 3364 μιν,
350 3294 520 3345 οῐεται
559 3292 616 3345 δὲ
643 3292 724 3345 ὃτι
750 3291 892 3344 κατά
933 3307 1085 3354 τινας
1121 3290 1229 3344 τῶν
1273 3291 1333 3355 ἐξ
1388 3292 1624 3361 ἐπῳδῆς,
1680 3291 1773 3343 καὶ

191 3382 583 3454 δαιμονιὼδους
613 3382 830 3451 ἀπάτης
858 3381 1294 3453 θαυματουργεῖν
1323 3381 1611 3443 εἰωθότων,
1631 3397 1775 3451 σχοι-

192 3474 307 3527 νίου
341 3491 402 3527 τε
425 3474 566 3543 δίχα,
622 3473 713 3527 καί
734 3490 875 3536 τινος
915 3472 1105 3543 ἑτέρας
1148 3472 1417 3544 μηχανῆς,
1474 3473 1775 3543 αὐτόματον

194 3567 339 3637 αὐτῇ
365 3565 427 3618 τὸ
448 3565 593 3635 ὕδωρ
626 3566 691 3617 ἐκ
722 3564 831 3617 τῶν
865 3565 1169 3635 φρεατείων
1211 3565 1414 3617 ἀνοίσει
1447 3563 1738 3633 πυθμένων
1759 3578 1770 3590 ’

196 3655 349 3727 ὕδωρ
369 3656 427 3709 δὲ
460 3655 589 3719 ζῶν,
614 3655 689 3718 ὡς
716 3655 850 3726 πρὸς
881 3654 971 3707 τὸν
996 3655 1197 3707 οἰκεῖον
1239 3653 1494 3725 ὀνομάζει
1552 3652 1774 3720 σκοπὸν,

194 3749 255 3801 τὸ
274 3747 482 3801 νεωστὶ
513 3747 621 3799 τῶν
684 3745 936 3815 πηγαίων
963 3745 1315 3816 ἀνομὸρῆσαν
1357 3744 1595 3815 μαστῶν.

262 3837 371 3904 Μὴ
405 3837 488 3890 σὺ
503 3835 717 3907 μείζων
748 3830 803 3888 εἷ
822 3835 927 3890 τοῦ
974 3835 1202 3903 πατρὸς
1242 3833 1410 3903 ἡμῶν
1444 3834 1671 3899 Ἰακὼϐ,
1711 3837 1778 3902 ὃς

194 3928 428 3983 ἔδωκεν
457 3926 601 3997 ’ἡμῖν
626 3927 693 3980 τὸ
722 3926 907 3995 φρέαρ
927 3927 1124 3991 τοῦτο,
1154 3926 1251 3981 καί
1279 3927 1462 3993 αὐτὸς
1498 3928 1566 3991 ἐξ
1593 3926 1779 3982 αὐτοῦ

194 4020 355 4084 ἔπιε,
388 4018 487 4071 καὶ
518 4021 571 4071 οἱ
592 4016 710 4071 υἱοί
751 4016 957 4082 αὐτοῦ,
985 4015 1085 4069 καὶ
1117 4016 1189 4070 τὰ
1212 4015 1511 4086 θρέμματα
1546 4019 1777 4081 aurai};

197 4110 517 4178 Ἀπεκρίθη
557 4108 807 4174 Ἰησοῦς,
830 4106 929 4161 καί
954 4103 1123 4160 εἶπεν
1146 4105 1321 4173 αὐτῇ.

272 4199 515 4269 Ἑαυτῆς
536 4197 983 4268 ἐπιλαμϐάνεται,
1015 4198 1109 4250 καὶ
1159 4195 1363 4265 σφόδρα
1389 4196 1485 4266 τὴν
1519 4197 1781 4269 ταχίστην

198 4293 230 4361 ἡ
264 4291 435 4360 γυνὴ,
475 4290 673 4360 συνορᾷ
706 4288 763 4342 δὲ
791 4289 891 4359 οὐχ
915 4288 1099 4351 ὁσίως,
1137 4287 1258 4340 οὐδὲ
1298 4287 1515 4352 πάντως
1562 4287 1782 4360 ἀληθεῖς

196 4381 445 4435 λαϐοῦσα
487 4381 588 4444 τάς
645 4378 898 4443 ὑπονοίας
946 4379 1073 4448 περὶ
1109 4377 1276 4430 αὑτοῦ
1302 4392 1316 4408 ⁸
1367 4379 1426 4431 ού
1472 4380 1581 4449 γὰρ
1612 4376 1679 4449 ἦν
1707 4380 1781 4449 μὴ

1876 3206 2147 3261 dictorum
2178 3208 2281 3259 vim
2312 3206 2481 3274 capit,
2516 3206 2611 3260 sed
2646 3203 2927 3260 existimat
2958 3213 3183 3276 repente
3216 3207 3395 3277 ipsum
3421 3225 3454 3263 θ

1876 3296 2025 3367 putei
2051 3294 2221 3348 fundo
2240 3309 2436 3364 aquam
2468 3293 2859 3361 deducturum,
2880 3310 2990 3351 non
3024 3312 3183 3355 secus
3205 3312 3270 3352 ac
3290 3299 3326 3354 ii
3357 3300 3453 3370 qui

1878 3386 2108 3456 magicis
2134 3385 2477 3441 carminibus
2505 3400 2569 3440 ac
2609 3386 2920 3442 daemonum
2954 3386 3147 3445 fraude
3178 3390 3451 3445 mirabilia

1878 3486 2097 3548 patrare
2140 3476 2343 3532 solent.
2378 3476 2589 3547 Aquam
2628 3478 2830 3545 vivam,
2862 3494 2928 3535 ex
2972 3495 3071 3535 sua
3122 3487 3308 3537 mente
3348 3496 3451 3536 no-

1878 3567 2074 3633 minat,
2123 3582 2319 3637 nempe
2349 3583 2472 3641 quae
2521 3584 2585 3623 ex
2618 3567 2786 3624 fontis
2826 3571 3094 3626 uberibus
3131 3586 3325 3627 recens
3369 3572 3453 3626 ef-

1877 3656 2051 3711 ﬂuxit.

1953 3833 2042 3898 IV,
2066 3835 2153 3890 12.
2200 3835 2474 3906 Numquid
2508 3846 2562 3889 tu
2596 3837 2768 3906 major
2796 3854 2848 3890 es
2870 3847 3021 3905 patre
3052 3848 3232 3892 nostro
3261 3838 3452 3905 Jacob,

1880 3928 1971 3997 qui
1991 3926 2135 3981 dedit
2170 3929 2319 3981 nobis
2351 3938 2564 3998 puteum
2616 3930 2774 3992 hunc,
2797 3941 2845 3983 et
2874 3931 2983 3997 ipse
3015 3944 3081 3983 ea:
3109 3946 3169 3984 eo
3205 3930 3357 3996 bibit,
3403 3938 3454 3984 et

1881 4010 1985 4082 ﬁlii
2034 4014 2180 4083 ejus,
2227 4024 2277 4068 et
2338 4031 2527 4085 pecora
2594 4018 2748 4086 ejus?
2806 4016 3092 4087 Respondit
3156 4017 3348 4084 Iesus,
3404 4028 3453 4073 et

1881 4105 2018 4159 dixit
2047 4107 2117 4160 ei.

1950 4197 2149 4253 Mulier
2183 4200 2296 4254 cito
2338 4200 2578 4269 seipsam
2609 4202 2865 4269 castigat,
2897 4202 3171 4272 simulque
3207 4201 3455 4256 animad-

1883 4293 2047 4347 vertit
2084 4307 2143 4348 se
2173 4307 2281 4347 non
2313 4292 2399 4361 pie
2438 4299 2492 4345 et
2520 4308 2645 4346 vere
2679 4291 2745 4346 rle
2792 4293 2883 4346 illo
2914 4295 3137 4348 sentire.
3165 4292 3274 4347 Nec
3308 4292 3454 4347 enim

1885 4377 1933 4429 ei
1966 4378 2127 4445 plane
2156 4376 2349 4432 deesse
2378 4387 2593 4448 poterat
2626 4380 2887 4433 auxilium
2925 4379 2990 4433 ad
3020 4380 3453 4451 intelligendum,

200 4470 425 4534 πάντως
453 4469 781 4539 ὠφελεῖσθαι
806 4468 941 4538 πρὸς
973 4468 1157 4537 νῆψιν,
1187 4466 1287 4537 τὴν
1324 4468 1460 4530 ὅλως
1479 4467 1588 4521 τῶν
1620 4468 1775 4521 θείων

1886 4467 2086 4537 quippe
2131 4483 2251 4536 quae
2293 4468 2499 4523 divinis
2551 4469 2898 4524 sermonibus
2956 4470 3253 4526 frueretur.
3285 4470 3455 4538 Quasi

197 4561 581 4617 ἀπολαύουσαν
606 4559 800 4627 λόγων.
839 4559 927 4621 Ὠς
942 4558 1290 4627 ἐνδεχομένου
1308 4558 1596 4628 τοιγαροῦν
1629 4561 1775 4630 ὲπφ-

196 4656 285 4707 δὸν
320 4653 425 4724 μὲν
457 4652 557 4707 οὑκ
577 4646 715 4703 εἶναι
742 4650 832 4703 τὸν
858 4648 1085 4716 λέγοντα
1103 4689 1117 4713 ,
1147 4649 1433 4719 προφήτην
1462 4649 1519 4701 δὲ
1581 4650 1778 4719 μᾶλλον

198 4748 291 4800 καὶ
334 4745 445 4798 τῶν
482 4745 542 4796 ὲν
572 4740 829 4813 ἁγιασμῷ
853 4740 1169 4811 διαπρέπων
1193 4738 1301 4811 [τον.
1321 4740 1775 4813 διαπρεπόντων],

198 4838 285 4891 διά
335 4853 394 4888 τε
449 4835 607 4887 τοῦτο
661 4832 916 4904 παρέξειν
960 4832 1095 4902 αὐτῇ
1126 4835 1186 4883 τὸ
1235 4831 1376 4903 ὕδωρ
1402 4835 1461 4886 τὸ
1503 4834 1612 4896 ζῶν
1645 4853 1778 4887 κατι

198 4924 658 4995 επαγγέλλεσθαι,
695 4924 787 4975 καὶ
814 4922 934 4992 δίχα
968 4921 1077 4975 τῶν
1102 4924 1242 4974 κατά
1274 4923 1559 4993 συνήθειαν
1588 4925 1780 4996 ἀντλη-

204 5020 415 5088 μάτων,
453 5015 486 5085 ἢ
537 5016 670 5068 πολὺ
719 5015 854 5085 πρὸς
908 5014 1105 5084 χρῆσιν
1150 5014 1207 5066 τὺ
1246 5015 1466 5081 ἄμεινον
1498 5017 1556 5080 ἐξ
1589 5019 1780 5088 ἑτέρας

199 5108 597 5178 ἀνευρίσκοντα
664 5105 870 5174 πηγῆς,
930 5104 1250 5175 μετατίθησι
1295 5105 1388 5159 τὸν
1427 5106 1584 5176 λόγον
1619 5110 1779 5174 εὐθὺς

198 5200 291 5251 ἐπὶ
326 5200 387 5251 τὸ
418 5198 874 5268 σωφρονέστερον,
916 5197 1009 5248 καὶ
1032 5196 1106 5260 ὡς
1135 5197 1289 5264 ἀγιον
1326 5198 1467 5269 ἁγίῳ
1499 5202 1778 5272 συγκρίνει

199 5289 454 5357 λέγουσα,
488 5308 505 5337 ι
545 5290 635 5357 Μὴ
656 5290 731 5340 σὺ
749 5288 948 5358 μείζων
969 5284 1125 5341 εἰτοῦ
1158 5289 1536 5361 πατρὺςὴμῶν
1568 5293 1780 5359 Ἰακὼϐ,

199 5380 257 5442 ὃς
288 5380 488 5432 ἔδωκεν
517 5381 650 5448 ἡμῖν
678 5379 741 5432 τὸ
773 5379 953 5449 φρέαρ
983 5379 1172 5443 τοῦτο;
1202 5400 1221 5433 ι
1251 5384 1419 5452 Δέχου
1452 5382 1545 5436 τοῦ
1578 5386 1783 5456 νοήμα-

200 5487 293 5532 τος
318 5470 415 5541 τὴν
440 5470 739 5540 περίνοιαν,
775 5470 838 5522 ὲκ
882 5470 974 5522 τοῦ
1020 5471 1217 5541 μηκέτι
1248 5471 1551 5542 θαυμάζειν
1590 5477 1779 5548 αὐτὴν,

201 5561 249 5613 εἰ
288 5560 517 5628 σχοινίον
546 5560 644 5610 οὐκ
673 5557 808 5626 ἔχων
840 5558 901 5610 τὸ
933 5558 1076 5628 ὕδωρ
1124 5559 1539 5629 ἐπαγγέλλεται,
1584 5562 1684 5633 τῆς
1725 5564 1782 5619 δὲ

281 5732 326 5759 ⁸⁸
356 5732 458 5787 lsa.
495 5747 650 5788 xuii.
684 5729 774 5791 ΞΟ,
800 5730 888 5784 ΞΙ.
969 5730 1012 5760 ε’
1042 5728 1145 5784 lsa.
1184 5747 1331 5797 κων,
1365 5734 1417 5787 4.

530 5828 804 5884 Pnaos.
848 5825 964 5884 (in.
997 5826 1271 5887 LXXI“.

1886 4570 2015 4626 ergo
2051 4557 2164 4611 fleri
2200 4573 2307 4611 non
2354 4568 2540 4627 posset
2584 4568 2642 4613 ut
2686 4559 2733 4613 is
2764 4560 2855 4628 qni
2910 4560 3237 4630 loquebatur
3267 4562 3458 4617 incan-

1890 4658 2033 4703 tator
2058 4658 2224 4713 esset,
2256 4651 2350 4705 sed
2401 4651 2664 4720 propheta
2695 4652 2899 4721 potius,
2931 4663 2983 4707 et
3029 4669 3093 4707 ex
3134 4667 3325 4708 eorum
3353 4670 3456 4707 nu-

1890 4756 2039 4795 mero
2088 4742 2183 4810 qui
2230 4743 2523 4798 sanctitate
2577 4744 2864 4813 conspicui
2922 4754 3073 4809 sunt,
3120 4752 3176 4799 et
3209 4744 3457 4813 «proinde

1890 4831 2243 4898 praebiturum
2277 4847 2335 4886 se
2365 4833 2413 4885 ei
2439 4848 2632 4902 aquam
2670 4834 2845 4886 vivam
2880 4835 3253 4903 polliceretur,
3292 4834 3457 4903 idque

1886 4922 2004 4975 sine
2042 4922 2359 4990 vulgaribus
2410 4923 2669 4987 Itaustris,
2700 4934 2793 4977 aut
2842 4924 2909 4979 ad
2939 4942 3096 4978 usum
3152 4925 3310 4993 longe
3339 4937 3454 4976 me-

1888 5013 2103 5079 liorem,
2134 5029 2197 5068 ex
2237 5016 2345 5067 alio
2386 5016 2646 5069 nimirum
2682 5014 2828 5070 fonte
2872 5025 3166 5086 repertam,
3198 5013 3456 5070 emendat

1886 5106 2071 5160 statim
2104 5107 2247 5174 quod
2280 5106 2516 5170 dixerat,
2544 5116 2598 5161 et
2628 5108 2782 5176 quasi
2827 5114 3080 5162 sanctum
3109 5120 3230 5159 cum
3261 5110 3453 5158 sancto

1884 5209 2180 5268 comparat,
2222 5198 2456 5254 dicens:
2491 5220 2507 5249 ι
2546 5199 2817 5270 Numquid
2862 5206 2919 5253 tu
2969 5196 3142 5266 major
3184 5211 3245 5251 es
3303 5202 3456 5265 patre

1882 5296 2073 5343 nostro
2110 5288 2301 5355 Jacob,
2326 5291 2418 5361 qui
2453 5291 2602 5347 dedit
2629 5290 2792 5346 nobis
2822 5298 3043 5360 puteum
3077 5286 3255 5341 hunc?
3284 5305 3303 5338 ι
3335 5285 3453 5340 Vim
3552 5275 3554 5277 ’

1884 5381 2047 5451 hujus
2085 5382 2216 5437 dicti
2263 5385 2451 5455 accipe
2500 5399 2568 5438 ex
2621 5398 2686 5438 eo
2716 5383 2862 5453 quod
2917 5382 3033 5451 ipsa
3071 5394 3179 5435 non
3215 5378 3453 5448 amplius

1882 5472 2110 5524 miratur
2139 5472 2281 5541 quod
2321 5472 2449 5527 fune
2497 5473 2794 5527 destitutus
2846 5483 3042 5540 aquam
3097 5465 3453 5521 nihilominus

1882 5562 2223 5631 Polliccatur,
2260 5564 2355 5619 sed
2415 5564 2482 5619 de
2531 5563 2650 5633 ejus
2704 5563 2971 5634 qualitate
3018 5558 3273 5631 gustabili
3314 5557 3456 5614 dun-

3063 5820 3131 5881 10
