4118 6562
602 420 712 480 299

1569 412 1627 465 b.
1651 409 1929 461 (JMLM
1964 405 2435 458 ΑιωΑΝυιιιΜ
2476 403 2796 460 ARCHIEP.

3763 406 3881 465 ὅθί)

606 539 761 587 taxat
831 526 1098 597 loquitur.
1164 523 1501 578 Samaritani
1566 524 1752 592 itaque
1826 520 2173 589 alienigenm,

2289 519 2427 573 κατὰ
2454 517 2643 586 γεῦσιν
2674 519 2960 590 ποιότητος
2988 520 3113 592 πέρι
3149 520 3491 589 διαλέγεσθαι
3542 521 3732 594 μόνης.
3776 527 3881 578 Xa-

605 624 808 695 quippe
856 620 950 691 qui
1005 617 1424 688 Babyloniorum
1472 617 1689 670 colonia
1745 621 1921 669 erant.
1965 612 2176 666 Patrem

606 724 787 769 autem
839 712 940 781 ipsi
998 724 1218 780 quoque
1276 707 1449 763 Jacob
1495 708 1803 766 venditant.
1839 704 2045 773 duplici
2088 718 2179 756 ra-

606 807 759 860 tione
794 821 809 858 :
844 818 968 858 eum
995 802 1143 857 enim
1176 801 1467 855 ﬁnitimam
1495 808 1550 854 et
1589 801 1824 854 vicinam
1866 797 2178 851 Iudaeorum

605 898 883 965 regionem
918 893 1256 955 habitarent,
1298 892 1457 960 182
1494 892 1745 944 nonnihil
1782 890 1837 943 in
1886 904 1946 944 se
1980 903 2047 942 ex
2089 901 2181 941 eo-

606 1002 729 1041 rum
758 985 911 1040 cultu
938 984 1336 1053 exprimebant,
1361 991 1416 1038 et
1446 982 1652 1037 Judaeis
1680 981 1930 1051 patribus
1957 977 2181 1048 gloriari

605 1077 950 1133 nitebantur.
993 1076 1117 1131 Alia
1167 1076 1333 1141 ratio,
1379 1091 1552 1143 eaque
1595 1074 1883 1128 verissima
1918 1072 2031 1125 haec
2075 1079 2178 1133 est,

605 1170 751 1241 quod
783 1170 1033 1240 plerique
1071 1184 1261 1223 eorum
1303 1169 1395 1238 qui
1434 1168 1738 1221 Samariam
1776 1164 2091 1219 incolebant
2151 1177 2180 1215 a

605 1259 780 1316 Jacob
812 1275 986 1330 genus
1018 1260 1316 1314 ducebant.
1348 1258 1639 1313 Jeroboam
1677 1257 1878 1327 quippe
1911 1256 2055 1310 filius
2091 1254 2182 1308 ille

608 1349 809 1415 Nabal,
839 1352 1187 1421 congregatis
1218 1349 1407 1404 decem
1463 1349 1685 1403 lsraelis
1715 1348 1969 1401 tribubus
2000 1355 2056 1401 et
2091 1344 2181 1398 di-

608 1442 780 1497 midia
801 1448 953 1511 parte
979 1441 1159 1495 tribus
1181 1439 1462 1509 Ephraim,
1479 1438 1760 1508 profectus
1788 1422 2181 1507 Hierosolymis

606 1541 869 1605 regnante
906 1532 1149 1587 Roboam
1200 1531 1309 1586 tilio
1360 1530 1692 1595 Salomonis,
1723 1528 2029 1584 Samariam
2086 1543 2182 1583 oe-

608 1623 847 1693 cupavit,
878 1622 933 1676 in
964 1636 1137 1691 eaque
1169 1621 1365 1676 domos
1399 1630 1453 1675 et
1480 1620 1646 1676 urbes
1673 1619 1965 1676 exstruxit.

667 1796 763 1863 Π,
804 1796 992 1851 15-14.
1037 1795 1222 1851 Omnis
1268 1799 1359 1867 qui
1402 1796 1530 1850 bibit
1578 1814 1643 1851 ea:
1696 1816 1836 1865 aqua
1884 1799 2003 1864 hac,
2037 1800 2179 1852 sitiet

2287 613 2540 682 μαρεῖται
2574 612 2673 682 μὲν
2706 606 2799 666 οὖν
2824 613 3152 682 ἀλλογενεῖς,
3182 606 3539 669 Βαϐυλωνίων
3567 618 3675 688 γὰρ
3704 620 3880 673 ἄποια

2283 720 2387 755 κοι.
2427 704 2647 775 Πατέρα
2675 702 2731 757 δὲ
2773 702 2867 757 καὶ
2893 706 3047 758 αὐτοὶ⁸
3092 704 3180 759 τὸν
3231 706 3424 759 Ἰακὼϐ
3466 710 3881 779 ἐπιγράφονται

2284 793 2425 846 κατὰ
2477 792 2569 846 δύο
2620 795 2855 866 τρόπους
2881 811 2892 822 ·
2921 796 2997 859 ὼς
3055 795 3157 866 γὰρ
3189 796 3387 866 ὅμορόν
3426 815 3485 851 τε
3518 800 3612 853 καὶ
3648 802 3884 869 γείτονα

2281 883 2379 955 τὴν
2424 885 2691 939 Ἰουδαίων
2740 886 3013 950 οἰκοῦντες
3065 887 3269 958 χώραν,
3320 888 3479 957 ὀλίγα
3502 894 3601 961 τῆς
3639 893 3884 945 ἐκείνων

2284 975 2537 1047 λατρείας
2572 978 2651 1039 είς
2680 979 2904 1041 ἑαυτοὺς
2930 980 3316 1049 ἀνεμάττοντο,
3342 981 3567 1045 καὶτοῖς
3599 984 3885 1036 Ἰουδαίων

2284 1066 2557 1136 πατράσιν
2589 1069 2846 1137 ἐπαυχεῖν
2880 1069 3174 1138 ἐμελέτων.
3198 1070 3407 1135 Ἀλλως
3445 1088 3527 1135 τε,
3564 1072 3656 1125 καὶ
3682 1067 3753 1145 ἦν
3780 1073 3886 1125 δν-

2283 1174 2390 1220 τως
2426 1158 2644 1228 ἀληθὲς,
2701 1160 2784 1214 ὅτι
2838 1161 2939 1231 τῆς
2990 1160 3185 1215 Ἰακὼϐ
3246 1163 3515 1232 ἐξέφυσαν
3567 1165 3717 1236 ῥίζης
3753 1165 3888 1218 τῶν

2284 1249 2383 1321 τὴν
2441 1251 2756 1321 Σαμάρειαν
2797 1252 3090 1305 οἰκούντων
3145 1254 3195 1305 οἱ
3246 1253 3482 1317 πλείους.
3524 1255 3582 1306 '0
3622 1255 3730 1326 γὰρ
3768 1255 3887 1309 τοῦ

2284 1338 2475 1393 Ναϐὰτ
2515 1340 2819 1412 Ἰεροϐοὰμ,
2853 1341 2988 1395 δέκα
3023 1343 3117 1396 τοῦ
3163 1343 3377 1416 Ἰσραὴλ
3411 1348 3733 1418 συναγείρας
3756 1364 3887 1417 (pu-

2284 1431 2402 1496 λάς,
2438 1434 2532 1485 καὶ
2562 1433 2623 1485 τὸ
2648 1434 2819 1504 ἥμισυ
2846 1434 3020 1504 φυλῆς
3064 1436 3322 1508 Ἐφραίμ,
3381 1440 3603 1510 ἀπαίρει
3637 1440 3736 1511 μὲν
3767 1440 3890 1510 τῆς

2296 1521 2647 1593 Ἰερουσαλὴμ
2702 1522 2842 1577 κατά
2900 1523 3095 1594 καιρὸν
3141 1525 3241 1594 τῆς
3294 1526 3529 1599 ἰὀϐοὰμ
3560 1527 3889 1598 βασιλείας.

2284 1612 2401 1666 υἱοῦ
2442 1613 2773 1684 Σολομῶνος,
2804 1614 3126 1668 καταλαϐὼν
3162 1616 3218 1670 δὲ
3258 1618 3359 1689 τὴν
3407 1619 3734 1690 Σαμάρειαν,
3772 1619 3891 1673 καὶ

2283 1698 2464 1762 οἴκους
2487 1702 2543 1753 ἐν
2566 1702 2726 1771 αὐτῇ,
2754 1703 2848 1755 καὶ
2880 1703 3063 1767 πόλεις
3096 1699 3373 1776 ὲδείματοξ

2354 1788 2480 1856 Πᾶς
2514 1793 2546 1844 ό
2590 1792 2783 1845 πίνων·
2828 1793 2895 1847 ἐκ
2935 1793 3041 1848 τοῦ
3086 1795 3305 1863 ὕδατος
3334 1801 3567 1866 τούτου,
3608 1801 3887 1870 διψήσει

599 1889 790 1943 iterum
822 1904 840 1943 :
872 1890 961 1958 qui
1006 1899 1179 1941 autem
1212 1888 1399 1942 biberit
1436 1905 1501 1943 ea:
1534 1905 1671 1960 aqua
1707 1907 1865 1959 quant
1913 1907 2005 1957 ego
2040 1890 2173 1944 dab:

2282 1881 2489 1935 πάλιν*
2523 1882 2590 1948 ὃς
2620 1881 2672 1935 δ’
2710 1883 2787 1937 ἂν
2824 1885 2931 1954 πίῃ
2952 1886 3021 1938 ἐκ
3056 1886 3161 1940 τοῦ
3184 1887 3422 1955 ὕδατος,
3452 1886 3524 1945 οὗ
3543 1891 3654 1960 ἐγὼ
3687 1891 3887 1947 δώσω

599 1981 671 2048 ei,
698 1994 802 2034 non
835 1982 973 2033 sitiet
1010 1982 1061 2033 in
1107 1990 1384 2045 wternum,
1413 1980 1502 2035 sed
1540 1999 1679 2051 aqua
1730 1999 1887 2052 quam
1919 1999 2011 2052 ego
2044 1982 2178 2035 dabo

600 2070 672 2133 ei,
708 2070 795 2138 ﬁet
829 2071 884 2124 in
912 2087 970 2124 eo
1001 2070 1120 2139 fons
1164 2086 1314 2140 aqua:
1353 2072 1596 2125 salientis
1625 2072 1678 2124 in
1710 2074 1871 2125 vitam
1904 2083 2176 2127 (uernam.

601 2158 745 2214 Dicit
777 2161 847 2214 ad
868 2176 983 2214 eum
1018 2160 1224 2213 mulier.

672 2350 1019 2403 Samaritana
1053 2349 1306 2404 eximiam
1360 2349 1525 2403 veluti
1573 2347 1867 2419 quamdam
1908 2356 1959 2403 et
2007 2364 2177 2418 expu-

600 2449 771 2510 gnatu
819 2440 1093 2495 diliicilem
1130 2438 1497 2509 objectionem
1546 2447 1924 2509 proponente:
1963 2457 1980 2490 ι
2012 2438 2179 2493 Νυιη-

598 2528 729 2599 quid
784 2536 841 2582 tu
875 2528 1137 2598 majores
1183 2538 1333 2597 patre
1369 2536 1564 2583 nostro
1604 2526 1797 2592 Jacob,
1840 2548 1857 2579 ι
1894 2529 2030 2584 scite
2081 2528 2179 2582 ad-

598 2618 823 2673 modum
868 2635 1063 2675 rursus
1097 2619 1350 2674 Salvator
1378 2619 1806 2674 ostentationem
1852 2619 2011 2690 fugit,
2045 2621 2174 2674 dum

598 2726 658 2767 se
683 2727 789 2766 non
823 2711 1086 2781 majorem
1121 2713 1340 2781 quidem
1371 2727 1494 2766 esse
1529 2722 1714 2782 aperte
1740 2713 2048 2781 prolitetur,
2081 2714 2176 2768 sed

596 2818 666 2856 ett
694 2803 858 2857 rebus
905 2802 1041 2872 ipsis
1100 2802 1299 2857 suadet
1328 2803 1662 2872 expendere,
1695 2810 1815 2855 uter
1859 2804 2173 2857 antecellat.

592 2891 809 2950 ldoirco
857 2894 1345 2964 incomparabilem
1403 2896 1548 2947 inter
1586 2894 1866 2964 spiritales
1902 2909 2076 2963 aquas
2123 2903 2177 2949 et

595 2985 887 3039 sensibiles
928 2999 991 3037 ac
1024 2992 1273 3039 terrenas
1309 2982 1651 3037 intercedere
1686 2981 2047 3038 dill‘erentiam
2084 3001 2176 3039 os-

594 3077 770 3130 tendit
815 3075 1004 3129 dicens
1050 3092 1062 3127 :
1116 3094 1134 3124 ι
1177 3071 1369 3128 Omnis
1418 3073 1512 3142 qui
1555 3072 1691 3126 bibit
1749 3088 1816 3127 ex
1864 3075 1967 3129 hac
2006 3091 2171 3145 aqua,

596 3167 747 3223 sitiet
782 3166 1003 3220 iterum.
1049 3184 1066 3215 ι
1105 3165 1207 3229 Qui
1241 3179 1393 3226 vero,
1442 3164 1641 3233 inquit,
1675 3165 1810 3219 meis
1858 3166 2019 3234 aquis
2067 3168 2168 3219 im-

2283 1972 2462 2039 αὐτῷ,
2499 1977 2571 2029 οὐ
2595 1974 2682 2044 μὴ
2697 1974 2945 2044 διψήσει
2975 1978 3063 2042 εἰς
3087 1978 3189 2031 τὸν
3210 1977 3412 2043 αἰῶνα,
3437 1981 3597 2035 ἀλλὰ
3618 1983 3682 2036 τὸ
3705 1983 3887 2050 ὕδωρ

2282 2066 2314 2119 ὂ
2338 2066 2510 2120 δώσω
2565 2066 2749 2133 αὐτῷ,
2803 2068 3121 2138 γενήσεται
3163 2070 3233 2123 ὲν
3258 2070 3419 2137 αὐτῷ
3456 2073 3615 2143 πηγὴ
3642 2074 3887 2139 ὕδατος

2282 2153 2621 2223 ἁλλομένου
2666 2158 2754 2222 εἰς
2799 2154 2952 2226 ζωὴν
2983 2157 3241 2213 αίώνιον.
3292 2160 3458 2231 Λέγει
3500 2163 3645 2231 πρὸς
3672 2166 3888 2219 αὑτὸν

2279 2244 2319 2311 'Il
2353 2245 2530 2315 γυνήο

2359 2358 2376 2389 ι
2416 2339 2509 2410 Μὴ
2538 2338 2603 2392 σὺ
2638 2338 2839 2411 μείζων
2884 2336 2936 2395 εἷ
2985 2340 3080 2394 τοῦ
3145 2343 3349 2412 πατρὸς
3383 2344 3538 2415 ἡμῶν
3584 2345 3813 2408 Ἰακὼϐ,
3860 2368 3887 2398 ο

2282 2429 2470 2502 ὥσπερ
2530 2448 2582 2483 τι
2634 2430 2798 2502 μέγα,
2848 2434 2944 2486 καὶ
2998 2432 3503 2503 δυσκαταγώνιστον
3572 2437 3893 2507 πρόϐλημα

2280 2521 2671 2593 προτεινούσης
2724 2522 2822 2592 τῆς
2860 2524 3273 2595 Σαμαρείτιδος,
3323 2525 3661 2594 εὐφυέστατα
3704 2527 3889 2580 πάλιν

2280 2616 2308 2667 6
2341 2614 2529 2686 Σωτὴρ
2564 2618 2911 2685 παραιτεῖται
2941 2616 3038 2684 μὲν
3071 2615 3161 2668 τὸν
3189 2617 3249 2669 ὲν
3282 2617 3490 2687 ῥήμασι
3525 2612 3758 2685 κόμπον,
3782 2617 3889 2669 ὅτι

2282 2706 2484 2776 μείζων
2512 2706 2770 2777 ὑπάρχει,
2818 2706 3006 2776 σαφῶς
3056 2708 3155 2760 οὐκ
3183 2706 3374 2773 εἰπὼν,
3399 2707 3507 2761 ἀπὸ
3544 2708 3599 2759 δὲ
3621 2709 3724 2778 τῆς
3753 2709 3887 2762 τῶν

2280 2798 2620 2868 πραγμάτων
2682 2800 2967 2870 ποιότητος
3025 2798 3340 2869 δοκιμάζειν
3412 2799 3695 2854 ἀναπείθει
3773 2801 3890 2854 τὸν

2279 2890 2609 2961 προῦχοντα.
2646 2890 2830 2944 Διάτοι
2864 2890 3043 2957 τοῦτο,
3078 2892 3173 2944 καὶ
3212 2891 3541 2963 ἀσύγκριτον
3569 2888 3733 2946 οὖσαν
3755 2893 3890 2945 τῶν

2277 2981 2484 3050 νοητῶν
2502 2980 2709 3034 ὑδάτων
2733 2982 2868 3051 πρδς
2895 2981 2963 3034 τὰ
2997 2984 3053 3035 ὲν
3099 2982 3349 3052 αἰσθήσει
3396 2984 3487 3035 καὶ
3526 2984 3891 3054 γεωδέστερα

2275 3072 2376 3142 τὴν
2419 3072 2682 3144 διαφορὰν
2718 3073 3046 3128 ἐπιδεικνύει
3093 3075 3265 3144 λέγων
3288 3092 3301 3106 ·
3332 3096 3349 3127 ι
3383 3077 3498 3137 Πᾶς
3530 3079 3557 3129 6
3600 3078 3773 3131 πίνων
3804 3080 3886 3131 ἐκ

2277 3162 2370 3215 τοῦ
2403 3162 2615 3228 ὓδατος,
2646 3164 2835 3218 τούτου
2886 3166 3101 3236 διψήσει
3156 3168 3338 3233 πάλιν,
3372 3187 3389 3219 ι
3417 3168 3444 3219 6
3480 3168 3535 3221 δὲ
3556 3168 3658 3223 τῶν
3688 3170 3887 3238 ἐμῶν,

592 3258 776 3329 plenus
812 3257 995 3322 fuerit,
1031 3271 1139 3309 nou
1178 3255 1338 3309 modo
1389 3269 1671 3323 nunquam
1717 3258 1886 3322 sitiet,
1917 3260 2013 3311 sed
2053 3258 2173 3312 fon-

2277 3258 2466 3332 ιρησὶν,
2504 3227 2710 3310 ὑδάτων
2741 3227 3218 3328 ὲμφορήσάμενος,
3253 3227 3351 3329 οὐχ
3381 3260 3530 3323 ὅπως
3562 3260 3653 3314 τοῦ
3700 3227 3886 3333 διψῇν

596 3362 703 3405 tem
751 3350 806 3403 in
858 3351 1041 3419 seipso
1085 3347 1329 3413 habebit,
1363 3346 1457 3415 qui
1510 3347 1686 3415 possit
1740 3363 1865 3401 eum
1906 3349 1971 3402 ad
2006 3349 2171 3403 vitam

594 3445 834 3497 educare
866 3441 1272 3509 sempiternam.
1308 3440 1481 3509 Igitur
1522 3439 1615 3508 qui
1670 3439 1883 3509 majora
1922 3434 2209 3511 largitur,‘

593 3530 766 3600 major
792 3531 980 3600 utique
1002 3531 1106 3584 erit
1136 3547 1200 3585 eo
1225 3530 1317 3600 qui
1351 3532 1535 3586 minus
1569 3531 1755 3596 habet,
1789 3547 1967 3602 neque
1992 3534 2172 3587 victus

592 3623 840 3677 eamdem
883 3636 1047 3692 quam
1108 3624 1284 3675 victor
1335 3623 1567 3692 gloriam
1623 3632 2009 3693 reportaturus
2065 3631 2169 3679 est.

595 3712 893 3768 Sciendum
935 3713 1038 3766 hic’
1067 3713 1248 3768 denuo
1292 3712 1634 3768 Salvatorem
1676 3730 1895 3784 aquam,
1927 3706 2171 3786 Spiritus

593 3805 771 3860 sancti
819 3805 1050 3875 gratiam
1089 3807 1381 3875 appellare,
1421 3807 1583 3876 cujus
1631 3807 1681 3863 si
1731 3808 1856 3877 quis
1892 3810 2169 3879 particeps

591 3898 887 3962 exstiterit,
910 3898 1296 3953 scaturientem
1322 3899 1541 3954 habebit
1567 3900 1621 3953 in
1650 3900 1833 3970 seipso
1858 3900 2167 3955 divinarum

592 3986 966 4042 doctrinarum
1002 3989 1107 4043 vim
1146 3999 1203 4043 ut
1234 3991 1346 4059 jam
1387 3993 1619 4046 aliorum
1648 3992 1874 4047 monitis
1891 4008 2000 4046 non
2022 3992 2166 4047 indi-

592 4088 739 4149 geat,
759 4080 855 4133 sed
880 4078 1034 4134 facile
1057 4081 1230 4149 possit
1251 4096 1347 4135 eos
1375 4082 1586 4136 hortari
1605 4082 1807 4152 quibus
1832 4083 2078 4137 divinum
2102 4097 2167 4137 ac

589 4173 814 4225 caeleste
847 4171 1073 4225 verbum
1126 4172 1283 4225 sitire
1328 4174 1557 4244 contigit
1593 4192 1605 4228 :
1644 4174 1956 4243 cujusmodi
2009 4183 2167 4229 erant

591 4259 644 4311 in
678 4259 777 4312 hac
807 4260 915 4313 vita
945 4269 998 4313 et
1031 4259 1086 4311 in
1111 4260 1275 4315 terris
1302 4262 1485 4315 adhuc
1512 4263 1772 4332 degentes
1816 4264 1990 4318 sancti
2038 4279 2167 4334 pro-

588 4347 781 4415 phetae,
836 4356 1000 4416 atque
1054 4350 1308 4417 apostoli,
1360 4360 1413 4404 et
1476 4353 1567 4418 qui
1627 4368 1980 4408 successores
2036 4361 2164 4408 sunt

587 4452 781 4491 eorum
834 4438 1148 4506 ministerii,
1178 4440 1247 4493 de
1286 4442 1489 4510 quibus
1550 4442 1817 4511 scriptum
1855 4453 1939 4498 est
1985 4462 1995 4497 :
2041 4460 2058 4495 ι
2100 4444 2165 4498 Et

2279 3346 2359 3397 ἔτι
2426 3346 2686 3415 κρείττων
2744 3347 3208 3419 ἀποφανθήσεται,
3278 3349 3393 3401 ἀλλ’
3426 3350 3534 3414 ἔξει
3590 3352 3776 3421 πηγὴν
3813 3355 3886 3405 ἐν

2276 3435 2455 3504 ἑαυτῷ
2475 3435 2610 3504 πρὸς
2634 3436 2776 3509 ζωὴν
2806 3438 3020 3491 αἰώνιον
3049 3440 3374 3510 ἀποτρέψειν
3397 3441 3703 3512 ἰσχύουσαν.
3721 3447 3852 3499 Οὐκ
3867 3477 3887 3489 ο

2275 3526 2369 3579 οὖν
2402 3529 2429 3579 6
2466 3529 2533 3581 τὰ
2578 3527 2750 3599 μείζω
2792 3530 3133 3602 δωρούμενος
3168 3535 3225 3585 ἐν
3251 3535 3493 3603 μείζοσιν
3511 3536 3880 3610 ἔσται,φησὶ.

2274 3617 2368 3669 τοῦ
2401 3619 2460 3670 τὸ
2494 3619 2710 3671 ἔλαττον
2736 3620 2947 3691 ἔχοντος
2991 3624 3085 3676 καὶ
3114 3624 3215 3693 τὴν
3242 3624 3408 3695 αὐτὴν
3441 3628 3539 3679 οὐκ
3572 3629 3881 3686 ἀποίσεται

2272 3709 2429 3775 δόξαν
2465 3709 2542 3779 τῷ
2573 3712 2792 3765 νικῶντι
2848 3713 2909 3766 τὸ
2956 3715 3298 3784 ἡττώμενον
3358 3718 3530 3771 ίστέον
3574 3720 3630 3773 δὲ
3667 3724 3881 3791 πάλιν,
3924 3760 3933 3768 ›

2274 3802 2347 3865 ὼς
2372 3802 2513 3875 ὕδωρ
2535 3805 2592 3855 ὲν
2625 3804 2834 3868 τούτοις
2863 3806 2959 3876 τὴν
2988 3806 3081 3858 τοῦ
3111 3808 3268 3874 ἁγίου
3297 3809 3618 3880 Πνεύματος
3646 3814 3817 3886 χάριν
3844 3819 3881 3869 6

2274 3893 2462 3963 Σωτὴρ
2492 3895 2776 3959 ἀποκαλεῖ,
2810 3891 2877 3966 ἧς
2914 3898 3070 3967 εἰπερ
3096 3915 3179 3961 τις
3215 3898 3423 3965 γένοιτο
3451 3903 3695 3972 μέτοχος,
3730 3908 3883 3958 ἁνα-

2272 3985 2620 4055 πηγάζουσαν
2653 3986 2763 4050 ἕξει
2796 3987 2978 4040 λοιπδν
3015 3991 3071 4041 ἐν
3101 3989 3276 4060 ἑαυτῴ
3317 3991 3424 4045 τῶν
3470 3992 3629 4046 θείων
3674 3996 3876 4066 μαθη-

2274 4079 2460 4148 μάτων
2491 4078 2588 4148 τὴν
2618 4079 2902 4149 χορηγίαν,
2926 4080 3000 4143 ὼς
3035 4081 3232 4151 μηκέτι
3266 4082 3366 4153 μὲν
3417 4085 3562 4155 αύτῷ
3598 4086 3699 4156 τῆς
3727 4090 3878 4160 παρ’

2269 4168 2765 4239 ὲτέρωννουθεσίας
2809 4172 3000 4232 ἐνδεῖν,
3046 4172 3299 4245 ἐξαρκεῖν
3334 4176 3390 4229 δὲ
3444 4179 3644 4247 μᾶλλον
3682 4184 3768 4245 εἰς
3799 4185 3873 4237 τὸ

2269 4258 2528 4313 δύνασθαι
2556 4260 2752 4333 ῥᾳδίως
2784 4264 3143 4335 παρακαλεῖν,
3170 4268 3295 4329 τοὺς
3317 4263 3513 4342 οῗσπερ
3544 4271 3611 4324 ἂν
3638 4271 3874 4339 γένοιτο

2268 4350 2428 4423 διψῇν
2455 4351 2545 4405 τὸν
2583 4352 2724 4406 θεῖόν
2779 4371 2836 4406 τε
2870 4356 2962 4407 καὶ
3001 4356 3252 4426 οὐράνιον
3278 4358 3456 4427 λόγον,
3492 4363 3664 4415 ὁποῖοί
3707 4381 3870 4427 τινες

2267 4437 2407 4513 ἦσαν
2438 4443 2577 4497 κατὰ
2607 4444 2699 4496 τὸν
2749 4446 2992 4513 παρόντα
3037 4446 3171 4517 βίον,
3203 4450 3297 4503 καὶ
3342 4452 3436 4505 ἐπὶ
3464 4453 3565 4523 γῆς
3596 4454 3867 4509 51:21:61:-

588 4525 857 4581 hauriatis
906 4542 1077 4598 aquas
1108 4545 1232 4585 cum
1284 4533 1485 4603 gaudio
1531 4534 1599 4589 de
1662 4535 1906 4591 l'ontibus
1958 4537 2165 4590 saluta-

2277 4535 2569 4606 τευόμενοι,
2599 4535 2741 4604 ἃγιοί
2778 4554 2836 4589 τε
2868 4539 3166 4610 προφῆται,
3206 4544 3298 4595 καὶ
3337 4544 3646 4608 ἀπόστολοι,
3675 4550 3778 4601 καὶ
3813 4552 3865 4603 οἱ

588 4618 668 4673 ris
699 4618 765 4670 ⁸³.
817 4636 837 4669 ι

655 4881 751 4948 ιν,
793 4883 879 4938 15.
916 4882 1000 4938 Da
1028 4885 1155 4939 mihi
1175 4885 1313 4940 hanc
1335 4904 1547 4957 aquam,
1574 4898 1628 4941 ut
1655 4905 1754 4941 non
1782 4889 1985 4953 sitiam,
2008 4905 2168 4957 neque

585 4975 786 5027 veniam
818 4974 918 5028 huc
941 4974 1174 5031 haurire.
1210 4977 1351 5030 Dicit
1383 4980 1429 5032 ci
1457 4978 1636 5034 Jesus.

656 5066 815 5136 183
842 5065 1119 5124 Consueta
1160 5086 1354 5127 rursus
1384 5080 1594 5125 tantum
1644 5070 1885 5141 loquitur
1936 5080 1989 5125 et
2021 5072 2162 5126 ima-

583 5157 823 5227 ginatur,
866 5160 1003 5213 nihil
1036 5170 1217 5215 autem
1255 5177 1444 5216 eorum
1479 5179 1600 5233 quae
1632 5163 1894 5217 dicuntur
1936 5180 2163 5233 prorsus

583 5249 863 5322 intelligit,
896 5252 991 5306 sed
1020 5255 1204 5323 exigui
1243 5254 1450 5309 laboris
1485 5256 1852 5311 allevamento
1886 5257 2164 5312 existimat

584 5354 645 5395 se
675 5349 841 5395 totam
881 5341 1183 5399 Salvatoris
1209 5346 1593 5401 liberalitatem
1624 5348 2059 5419 complexurum,
2110 5356 2163 5402 et

584 5430 709 5486 sitis
743 5433 1110 5490 exstinctione
1171 5437 1362 5506 gratize
1410 5436 1609 5492 divinae
1641 5440 1864 5491 modum
1922 5437 2163 5491 cireum-

582 5523 811 5589 scribit;
864 5533 1075 5581 tantum
1131 5529 1286 5585 abest
1345 5540 1402 5586 ut
1451 5518 1641 5588 subtili
1694 5531 2024 5602 cogitatione
2074 5547 2162 5588 res

581 5616 1062 5686 suprazuundauas
1098 5623 1300 5692 capiat.

656 5793 701 5825 ⁸³
732 5794 834 5850 lsa.
875 5811 976 5864 xtl,
1008 5797 1061 5851 ὅ.

2271 4627 2373 4697 τῆς
2397 4628 2621 4680 ἐκείνων
2648 4626 2971 4699 κληρονόμοι
3000 4629 3361 4703 λειτουργίας,
3398 4638 3527 4707 περὶ
3551 4631 3625 4691 ὧν
3656 4640 3868 4711 γέγρα-

2274 4738 2405 4773 πται
2434 4736 2447 4751 ο
2484 4738 2501 4769 ι
2527 4721 2636 4773 Καὶ
2664 4721 2965 4791 ἁντλήσατε
2990 4722 3135 4796 ὕδωρ
3155 4727 3270 4797 μετ’
3294 4729 3634 4801 εὐφροσύνης
3650 4734 3714 4786 ἐκ
3746 4735 3865 4787 τῶν

2274 4810 2468 4881 πηγῶν
2493 4810 2587 4863 τοῦ
2617 4812 2913 4881 Σωτηρίου.
2942 4831 2959 4864 ι

2344 4903 2454 4967 Δός
2481 4919 2582 4969 μοι
2610 4901 2787 4955 τοῦτο
2815 4902 2879 4953 τὸ
2908 4901 3085 4969 ὕδωρ,
3114 4903 3214 4956 ἵνα
3231 4905 3318 4974 μὴ
3355 4906 3534 4975 διψῶ,
3577 4909 3739 4977 μηδέ
3766 4912 3867 4979 Ep-

2276 5010 2463 5062 χωμαι
2518 4991 2730 5045 ἐνθάδε
2787 4990 3054 5046 ἀντλεῖν.
3117 4994 3288 5063 Λέγει
3318 4996 3474 5065 αὐτῇ
3502 5000 3535 5050 ό
3584 4996 3859 5065 Ἰησοῦς.

2342 5084 2495 5137 Μόνα
2528 5081 2684 5136 πάλιν
2711 5081 2781 5134 τὰ
2813 5082 3015 5153 συνήθη
3051 5084 3146 5135 καὶ
3175 5084 3327 5138 λαλεῖ
3356 5086 3453 5139 καὶ
3493 5089 3860 5156 φαντάζεται,

2274 5177 2486 5244 συνίησι
2537 5175 2591 5226 δὲ
2637 5174 2772 5238 ὅλως
2821 5174 2929 5227 τῶν
2979 5174 3284 5246 λεγομένων
3328 5178 3519 5232 οὐδέν’
3576 5183 3636 5234 ὲν
3677 5181 3734 5234 δὲ
3779 5183 3861 5254 τῷ

2275 5268 2485 5339 μικρῶν
2513 5265 2952 5319 ἀπαλλάττεσθαι
2987 5265 3187 5333 πόνων,
3213 5266 3339 5337 ὅλην
3383 5268 3527 5333 ἕξειν
3557 5270 3731 5324 οἴεται
3758 5272 3857 5326 τοῦ

2270 5362 2517 5431 Σωτῆρος
2558 5358 2655 5427 τὴν
2703 5356 3041 5428 φιλοτιμίαν,
3095 5359 3190 5411 καὶ
3233 5361 3289 5411 ἑν
3333 5360 3413 5431 τῷ
3449 5363 3652 5432 μηκέτι
3690 5362 3857 5433 διψῇν

2264 5456 2364 5526 τῆς
2423 5452 2517 5506 τοῦ
2557 5450 2691 5504 Θεοῦ
2736 5450 2957 5522 χάριτος
3002 5450 3173 5522 ὁρίζει
3215 5450 3275 5503 τὸ
3320 5452 3541 5523 μέτρον,
3582 5454 3691 5509 οὐδ’
3724 5455 3857 5509 ὅσον

2265 5546 2493 5610 ἐννοίαις
2521 5542 2702 5614 ψιλαῖς
2733 5542 2995 5615 δεχομένη
3028 5544 3097 5597 τὰ
3136 5543 3506 5615 ὑπερκόσμια.
