4118 6544
186 417 290 478 δίη

1177 408 1242 463 IN
1287 407 1572 465 JOANNIS
1598 404 2050 463 EVANGELIUM
2090 405 2216 458 LIB.
2256 402 2318 456 II.

3337 396 3442 487 50’

267 529 523 595 Ὕπαγε,
568 520 857 593 φώνησον
905 517 1011 571 τὸν
1057 517 1245 588 ἄνδρα
1296 533 1446 583 σου,
1493 517 1590 570 καὶ
1628 514 1768 569 ἐλθὲ

1943 512 2034 576 ιν,
2069 513 2155 567 16.
2194 511 2360 574 Vade,
2396 525 2521 563 voca
2557 511 2908 576 virumtuum,
2932 517 2981 564 ct
3017 508 3129 563 veni
3157 507 3278 562 huc.

188 619 422 675 ἐνθάδε.

260 708 368 764 Ἦν
392 709 502 780 ἄρα
531 704 708 769 καλῶς
743 714 803 758 τε
834 704 929 757 καὶ
955 703 1054 756 οὑκ
1085 701 1432 772 ἐψευσμένως
1461 703 1658 765 εἰπεῖν,
1689 699 1771 752 ὅτι

191 803 402 876 θήλειαι
449 799 567 863 πώς
611 800 718 852 είσι
765 795 996 862 θηλειῶν
1029 797 1084 848 αί
1135 793 1347 867 φρένες,
1393 794 1490 848 καὶ
1535 792 1773 864 μαλακὸς

192 893 480 964 ὲνῲκισται
510 889 634 953 νοῦς
662 888 928 956 γυναιξὶν,
953 886 1248 956 οὐδαμόθεν
1273 885 1412 956 ἔχων
1433 886 1494 938 τὸ
1516 883 1774 938 δύνασθαί

193 1003 246 1038 τι
279 983 514 1036 συνιέναι
554 981 791 1052 γοργῶς.
825 978 1216 1049 Εὑμαθεστέρα
1259 977 1317 1030 δέ
1355 993 1472 1039 πως
1499 978 1532 1046 ἠ
1567 974 1775 1046 ἀνδρῶν

193 1079 312 1130 ἐστι
341 1075 521 1144 φύσις,
553 1075 647 1127 καὶ
675 1072 811 1126 πολὺ
857 1069 993 1140 πρὸς
1039 1070 1232 1137 λόγους
1286 1068 1608 1138 ὲτοιμοτέρα
1632 1109 1646 1134 ,
1698 1065 1778 1118 δι-

196 1167 572 1238 εγηγερμένον
600 1160 680 1227 είς
709 1159 894 1235 νῆψιν,
923 1164 1038 1225 καὶ,
1081 1161 1150 1214 ἵν’
1179 1160 1354 1223 οὕτως
1385 1160 1543 1221 εἴπω,
1577 1157 1777 1227 θερμόν

195 1277 257 1313 τε
281 1261 377 1312 καὶ
405 1255 866 1328 ἀπηρσενωμένον
895 1253 1097 1321 ἔχουσα
1122 1252 1215 1304 τὸν
1237 1251 1382 1305 νοῦν.
1414 1251 1512 1303 Διὰ
1550 1249 1776 1316 ταύτην,

195 1347 385 1421 οἶμαι,
432 1348 531 1419 τὴν
581 1347 800 1411 αἰτίαν,
852 1347 944 1398 τὸν
999 1343 1171 1415 ἄνδρα
1220 1342 1408 1396 καλεῖν
1454 1339 1530 1410 τῷ
1575 1337 1781 1407 γυναίῳ

197 1438 595 1511 παρεκελεύετο
635 1436 939 1506 λεληθότως
985 1434 1244 1503 ἐλέγχων,
1279 1431 1354 1496 ὡς
1397 1430 1781 1501 ἀμαθεστάτην

198 1530 300 1602 μὲν
353 1530 463 1600 ἔχοι
505 1529 604 1601 τὴν
641 1527 901 1598 καρδίαν,
960 1527 1073 1588 τοῖς
1122 1523 1178 1577 δὲ
1233 1525 1314 1588 είς
1365 1521 1553 1592 σοφίαν
1603 1520 1782 1590 λόγοις

194 1621 670 1692 ἀμεταχεὲριστον,
722 1615 858 1687 ὁμοῦ
901 1616 960 1670 δέ
1010 1632 1064 1668 τι
1111 1615 1206 1668 καὶ
1248 1615 1433 1684 ἓτερον
1481 1612 1574 1665 ἐπὶ
1611 1609 1783 1680 τούτῳ

195 1714 486 1776 κάλλιστον
511 1710 830 1780 οἰκονομῶν.

265 1771 443 1852 Ite-ret
483 1780 644 1846 αὐτῷ
679 1771 716 1845 ’ἦ
756 1778 909 1848 γυνή
935 1796 949 1810 ο
1001 1777 1223 1844 Ἄνδρα
1269 1777 1381 1830 οὐκ
1417 1776 1555 1844 ἔχω.
1610 1771 1779 1842 Λέγει

1942 686 2089 745 Bene
2119 689 2308 758 utique
2345 703 2445 741 nec
2476 686 2618 741 falso
2659 685 2768 740 dici
2806 691 3004 754 potest,
3039 681 3446 752 quodammodo

1876 777 2141 834 femineos
2177 794 2303 834 esse
2336 777 2665 832 feminarum
2697 776 2930 840 animos,
2969 776 3300 844 mollemque
3327 789 3448 827 mtt-

1875 873 2106 927 lieribus
2159 872 2344 926 inesse
2399 877 2660 932 mentem,
2712 885 2833 939 qua:
2867 869 3017 923 nullo
3069 868 3229 922 ntodo
3273 866 3449 937 possit

1877 963 2084 1034 aliquid
2156 970 2319 1018 acute
2373 961 2757 1032 sagaciterque
2823 961 3136 1030 concipere.
3207 958 3450 1012 Docilior

1879 1062 2062 1108 autem
2089 1061 2174 1109 est
2202 1053 2446 1108 virorum
2475 1063 2693 1111 natura,
2721 1061 2776 1104 et
2813 1049 2878 1102 ad
2926 1064 3144 1104 omnem
3178 1049 3450 1103 rationem

1880 1145 2158 1208 solertior,
2197 1145 2436 1199 excitata
2476 1143 2544 1196 ad
2583 1141 3020 1212 intelligendum,
3059 1149 3133 1205 et,
3169 1148 3232 1194 ut
3255 1141 3337 1194 ‘ita
3369 1139 3453 1194 di-

1881 1253 2022 1302 cam,
2073 1237 2316 1291 mascula
2376 1243 2561 1291 mente
2611 1235 2858 1304 pmtlita.
2897 1231 3074 1296 llanc,
3125 1232 3340 1300 opinor,
3386 1231 3454 1284 ob

1881 1344 2128 1394 causam,
2157 1330 2334 1382 virum
2373 1343 2534 1383 suum
2597 1340 2881 1380 arcessere
2909 1325 3101 1393 ljussit
3145 1322 3454 1388 mulierem,

1880 1421 2117 1476 obscure
2149 1419 2552 1491 quodammodo
2582 1433 2702 1474 eam
2733 1425 2794 1472 ut
2826 1416 3014 1472 rudem
3051 1415 3370 1484 increpans,
3401 1420 3457 1468 et

1884 1517 1952 1572 ad
2016 1517 2412 1588 capessendam
2469 1516 2756 1587 sapientia:
2812 1515 3122 1570 doctrinam
3186 1512 3455 1576 hebetem,

1883 1609 2158 1679 simulque
2190 1610 2334 1663 aliud
2366 1608 2624 1679 quiddam
2667 1606 3101 1678 pulcherrimum
3136 1603 3456 1659 instituens.

1957 1785 2048 1849 IV,
2090 1786 2175 1849 l7,
2215 1786 2300 1840 18.
2343 1784 2480 1837 Dicit
2508 1785 2554 1838 ei
2591 1784 2822 1837 mulier:
2861 1783 3048 1836 Virum
3108 1798 3210 1835 non
3268 1780 3460 1834 habeo.

193 1873 359 1941 αὐτῇ
405 1877 437 1926 ὁ
498 1870 758 1939 Ἰησοῦς·
789 1868 1001 1936 Καλῶς
1052 1866 1250 1933 εἶπες,
1305 1867 1392 1920 ὅτι
1445 1866 1634 1935 ἄνδρα
1668 1866 1779 1918 οὐκ

1894 1877 2029 1931 Dicit
2063 1879 2112 1932 ei
2144 1877 2340 1932 Jesus:
2370 1878 2504 1933 Bene
2525 1875 2736 1938 dixisti,
2773 1876 2896 1947 quia
2929 1891 3032 1928 non
3065 1872 3230 1927 habeo
3257 1875 3455 1926 virum.

193 1966 319 2033 ἔχω
347 1982 362 1995 ο
420 1964 598 2017 πέντε
639 1962 748 2032 γὰρ
797 1962 999 2031 ἔσχες,
1043 1961 1141 2015 καὶ
1183 1960 1300 2013 νῦν
1340 1957 1414 2011 ὃν
1451 1957 1634 2026 ἔχεις,
1671 1955 1784 2008 οὐκ

193 2059 332 2112 ἐστι
383 2070 500 2110 σου
552 2054 727 2124 ἀνήρ.
790 2054 971 2108 Τοῦτο
1023 2051 1245 2121 ἀληθὲς
1304 2050 1571 2118 εἴρηκας,
1623 2045 1786 2116 λέγει

193 2147 368 2213 αὐτῷ
402 2150 440 2215 ἡ
475 2145 650 2216 γυνή.

267 2242 389 2294 Καὶ
423 2241 528 2293 τίνι
574 2237 757 2291 λοιπὸν
809 2237 910 2290 οὑκ
959 2237 1025 2290 ἂν
1070 2235 1154 2306 εἴη
1199 2232 1529 2301 καταφανὲς,
1580 2230 1655 2293 ὡς
1686 2229 1788 2282 οὑκ

195 2333 389 2401 ἠγνόει
442 2331 542 2400 μὲν
589 2332 618 2383 ὁ
646 2328 834 2400 Σωτὴρ
874 2327 968 2382 τοῦ
1004 2327 1147 2381 κατά
1193 2325 1356 2395 νόμον
1404 2321 1789 2392 κατῳκηκότος

196 2425 300 2495 ερη
311 2441 413 2492 μον
436 2423 704 2492 ὑπάρχειν
722 2421 913 2490 αὑτὴν,
946 2418 1220 2488 πρόφασιν
1241 2417 1299 2468 δὲ
1327 2414 1424 2468 τοῦ
1447 2411 1789 2481 ἀνακαλύψαι

196 2517 265 2567 τὰ
318 2513 688 2584 κεκρυμμένα
727 2511 825 2582 τὴν
853 2509 947 2563 τοῦ
983 2510 1175 2581 ἀνδρὸς
1200 2508 1494 2577 ἐποιήσατο
1522 2505 1788 2576 ζήτησιν;

196 2603 312 2659 Ἦν
348 2607 458 2677 γὰρ
487 2606 630 2658 οὕτω
674 2604 827 2675 μόλις
875 2602 1158 2672 ὠφελῆσαι
1193 2599 1576 2670 θαυμάζουσαν
1609 2597 1790 2652 οὐκέτι

199 2699 394 2752 λοιπὸν
441 2699 516 2760 ὼς
564 2698 660 2750 ἕνα
709 2695 819 2749 τῶν
877 2694 998 2749 καθ’
1030 2695 1198 2764 ἡμᾶς,
1243 2692 1356 2746 ἀλλ’
1413 2691 1489 2755 ὡς
1532 2690 1671 2761 ὑπὲρ
1701 2690 1793 2744 ἄν-

201 2791 429 2861 θρωπον
458 2788 560 2858 ήδη
592 2787 679 2840 διὰ
707 2786 799 2840 τοῦ
845 2783 1163 2856 παραδόξως
1191 2783 1391 2836 εἰδέναι
1433 2781 1502 2834 τὰ
1540 2783 1598 2834 ὲν
1631 2780 1789 2850 αὐτῇ,

199 2879 540 2950 ἀποδέχεται
569 2878 626 2929 δὲ
671 2876 958 2948 χρησίμως
993 2874 1160 2946 ἄνδρα
1204 2872 1467 2941 λέγουσαν
1498 2873 1600 2926 οὑκ
1628 2870 1792 2941 ἔχειν,

201 2972 391 3025 καίτοι
419 2968 696 3032 τοσούτοις
730 2965 1204 3038 συνεφθαρμένην.
1243 2965 1316 3018 UO
1345 2965 1454 3034 γὰρ
1485 2963 1701 3027 σύνοδος
1729 2964 1794 3016 ἐκ

199 3061 540 3132 φιληδονίας,
590 3059 702 3112 ἀλλ’
735 3059 935 3130 ήκατά
969 3058 1132 3128 νόμον
1182 3056 1507 3119 συναίνεσις,
1545 3055 1639 3110 καὶ
1670 3054 1794 3108 σύν-

1887 1972 2112 2040 auinque
2157 1971 2297 2024 enim
2344 1972 2480 2026 viros
2530 1971 2786 2034 habuisti,
2823 1979 2871 2024 et
2907 1986 3047 2024 nunc
3084 1984 3236 2037 quem
3279 1966 3461 2031 habes,

1889 2079 1992 2116 non
2014 2071 2092 2117 est
2117 2072 2238 2117 tuus
2267 2062 2366 2119 vir.
2409 2062 2524 2117 Hoc
2553 2079 2666 2117 vere
2687 2061 2896 2127 dixisti,
2926 2061 3056 2114 dicit
3085 2060 3132 2113 ei
3162 2058 3369 2112 mulier.

1959 2236 2060 2292 Cui
2089 2252 2220 2293 vero
2249 2253 2360 2292 non
2395 2237 2749 2293 manifestum
2784 2236 2856 2290 sit
2882 2235 3102 2291 demum
3126 2233 3462 2289 Salvatorem

1890 2343 2002 2382 non
2053 2329 2337 2398 ignorasse
2398 2327 2643 2398 legitimo
2696 2343 2815 2382 eam
2850 2325 3052 2381 marito
3101 2339 3311 2388 carere,
3368 2326 3463 2380 sed

1894 2420 2270 2488 percontando
2304 2420 2371 2475 de
2402 2421 2545 2484 viro,
2589 2421 2945 2475 occasionem
2983 2419 3200 2489 cepisse
3247 2419 3464 2474 occulta

1893 2511 2169 2567 revelandi
2192 2511 2374 2567 ?‘Haec
2408 2512 2554 2567 enim
2581 2527 2692 2566 una
2736 2513 2881 2567 ratio
2909 2510 3309 2582 propemodum
3349 2521 3466 2566 erat

1893 2605 2041 2662 illius
2073 2607 2352 2677 iuvandae,
2378 2607 2423 2662 si
2461 2622 2572 2662 non
2599 2607 2710 2677 jam
2768 2623 2892 2662 cum
2920 2616 2979 2662 ut
3033 2622 3242 2662 merum
3289 2606 3467 2663 homi-

1894 2711 2040 2762 nem,
2072 2695 2169 2752 sed
2202 2707 2260 2750 ut
2293 2697 2514 2752 homine
2532 2698 2871 2768 superiorem
2917 2697 3306 2761 admiraretur,
3337 2707 3466 2768 puta

1895 2788 1983 2841 cui
2015 2785 2264 2841 inaudito
2305 2787 2470 2842 modo
2529 2803 2627 2843 sua
2685 2803 2890 2843 arcana
2940 2796 3214 2858 paterent;
3262 2789 3467 2844 utiliter

1896 2889 2080 2934 autem
2110 2896 2442 2950 responsum
2474 2881 2597 2951 ejus
2627 2881 2825 2951 probat
2885 2896 2997 2951 quo
3035 2881 3174 2936 dixit
3200 2881 3377 2936 virum
3411 2896 3467 2936 se

1897 2977 2006 3026 nbn
2041 2972 2263 3038 habere,
2293 2973 2508 3029 tametsi
2541 2989 2571 3027 a
2603 2982 2709 3027 tam
2746 2974 2932 3030 multis
2965 2973 3142 3029 fuerat
3191 2979 3468 3043 corrupta;

1896 3078 2004 3118 non
2021 3064 2166 3117 enim
2184 3065 2278 3132 qui
2295 3079 2355 3117 ex
2381 3064 2658 3132 voluptate
2672 3064 2942 3129 fitcoilus,
2955 3063 3047 3118 sed
3062 3062 3154 3132 qui
3170 3063 3470 3118 secundum

197 3155 407 3224 δεσμος
433 3153 492 3217 ἐξ
522 3151 743 3223 ἀγάπης
768 3150 1016 3222 καθαρᾶς
1038 3150 1129 3204 τὸν
1156 3149 1569 3220 ἀκατηγόρητον
1596 3148 1791 3201 ἀποτε-

1899 3154 2070 3225 legem
2099 3163 2184 3209 est
2214 3169 2546 3217 consensus,
2574 3162 2628 3208 et
2653 3169 2775 3223 qua:
2823 3169 2888 3208 ex
2919 3162 3076 3208 casto
3120 3168 3313 3210 amore
3343 3169 3469 3210 con-

198 3243 363 3297 λοῦσι
392 3244 587 3313 γάμον.

268 3337 476 3404 Κύριε,
510 3333 702 3403 θεωρῶ
731 3333 820 3387 ὅτι
851 3332 1166 3402 προφήτης
1194 3328 1250 3386 el
1287 3332 1389 3384 σύ.

267 3429 451 3492 Μόλις
500 3428 811 3496 ἀναλάμπει
863 3425 1000 3496 πρὸς
1047 3425 1242 3494 νῆψιν,
1292 3420 1386 3476 καὶ
1438 3420 1596 3475 πάλιν
1641 3416 1794 3470 οὔπω

198 3521 442 3576 τελείαν.
509 3520 800 3590 Προφήτην
849 3518 960 3588 γὰρ
1008 3516 1088 3570 ἔτι
1148 3515 1304 3569 καλεί
1356 3513 1447 3566 τὸν
1502 3507 1795 3582 προφητῶν

199 3613 488 3684 Δεσπότην
514 3629 525 3640 ’
557 3611 696 3680 πλὴν
721 3610 958 3680 ἀμείνων
993 3608 1026 3678 ἢ
1064 3608 1328 3676 πρότερον
1353 3601 1634 3671 ἀνεδείχθη
1658 3598 1798 3652 κατά

202 3705 410 3776 βραχὺ,
447 3704 564 3756 κατ’
594 3701 783 3755 οὐδένα
823 3701 920 3770 μὲν
949 3700 1148 3768 τρόπον
1199 3697 1335 3768 πρὸς
1375 3696 1502 3758 τοὺς
1547 3692 1796 3760 ἐλέγχους

204 3797 577 3868 ἀσχάλλουσα,
625 3795 723 3864 τὴν
772 3793 828 3845 δὲ
879 3793 985 3845 ἀπὸ
1034 3791 1128 3844 τοῦ
1184 3788 1409 3860 σημείου
1451 3785 1682 3855 δύναμιν
1719 3783 1800 3845 είς

202 3889 479 3958 ὠφέλειαν
516 3886 862 3958 ἀρπάζουσα,
895 3887 990 3937 καὶ
1047 3881 1294 3954 μαλακῆς
1347 3879 1446 3949 μὲν
1489 3875 1662 3938 οὕτως
1703 3875 1798 3926 ἐκ·

203 3978 476 4032 δαίνουσα
509 3976 727 4046 φρενὸς,
764 3973 1000 4045 μετρίως
1033 3989 1095 4041 γε
1133 3971 1239 4042 μὴν
1273 3969 1351 4032 εἰς
1390 3965 1638 4021 νεανικὸν
1665 3965 1798 4018 ἀνα·-

202 4070 474 4124 6αίνουσα
521 4067 666 4132 νοῦν,
716 4064 942 4135 καὶτῆς
993 4060 1222 4133 καρδίας
1267 4058 1356 4112 τὸν
1405 4054 1680 4126 ὀφθαλμὸν
1721 4053 1801 4115 είς

203 4160 360 4234 ἀήθη
415 4156 753 4232 πραγμάτων
808 4155 1040 4225 θεωρίαν
1095 4150 1426 4205 ἐκτείνουσα.
1490 4147 1605 4216 Ἐφ’
1647 4139 1692 4214 ᾧ
1735 4145 1799 4214 δὴ

205 4255 454 4326 μάλιστα
515 4251 814 4322 θαυμάζειν
872 4244 1164 4301 ἀκόλουθον
1227 4242 1324 4314 τὴν
1383 4240 1479 4294 τοῦ
1549 4239 1800 4309 Σωτῆρος

203 4343 376 4413 ἡμῶν
425 4339 775 4406 ἀνεξικακίαν
823 4355 884 4391 τε
925 4335 1087 4408 ὁμοῦ,
1136 4333 1232 4388 καὶ⁹
1273 4332 1521 4402 δύναμιν,
1573 4327 1802 4390 καὶτὰς

203 4435 576 4498 ἀπαιδεύτους
619 4431 854 4496 διανοίας
904 4433 982 4493 είς
1032 4429 1359 4497 ἀξιάγαστον
1401 4423 1516 4489 ἕξιν
1561 4421 1800 4483 εὐκόλως

207 4525 458 4597 μεταρυθ
468 4526 732 4596 μίζοντος.

283 4620 356 4671 Ol
385 4615 637 4684 πατέρες
658 4614 828 4684 ἡμῶν
846 4615 916 4668 ἐν·
944 4613 1024 4679 τῷ
1053 4613 1176 4680 ὄρει
1204 4610 1393 4674 τούτῳ
1420 4604 1796 4674 προσεκύνηο

203 4725 366 4764 oar"
402 4709 500 4762 καὶ
531 4707 698 4778 ὑμεῖς
722 4706 928 4777 λέγετε
952 4705 1039 4758 ὅτι
1063 4704 1133 4756 ἐν
1168 4699 1605 4769 Ἰεροσολύμοις
1629 4693 1802 4748 ἐστὶν

206 4805 241 4855 ὀ
291 4801 520 4866 τόπος,
573 4799 726 4853 ὅπου
778 4795 1146 4867 προσκυνεῖν
1195 4793 1302 4847 δεῖ.
1351 4790 1518 4861 Λέγει
1564 4785 1718 4855 αὐτῇ
1769 4789 1801 4838 ὀ

220 4889 484 4958 Ἰησοῦς.

280 4982 583 5052 Προφήτην
609 4977 778 5041 ὅντως
805 4978 1096 5048 ὑπάρχειν,
1134 4974 1229 5028 καὶ
1269 4972 1522 5027 Ἰουδαῖον
1555 4968 1800 5040 οίηθεῐσα

206 5074 304 5128 τὸν
363 5072 597 5144 Κύριον,
645 5074 756 5135 τοῖς
805 5069 1120 5139 ἐπιχωρίοις
1170 5066 1316 5119 ἔθεσι
1379 5064 1513 5117 πολὺ
1564 5061 1630 5132 δὴ
1678 5059 1798 5113 λίαν

207 5164 612 5236 ἐναϐρύνεται,
666 5163 760 5216 καὶ
809 5163 907 5233 τῆς
961 5159 1230 5213 Ἰουδαίων
1289 5154 1545 5217 ὑπονοίας
1608 5151 1798 5223 βεϐου-

209 5254 442 5309 λεῦσθαι
479 5254 549 5306 τά
583 5253 815 5324 κρείττω
845 5252 970 5314 τοὺς
1004 5248 1350 5321 Σαμαρείτας
1385 5243 1797 5315 διῖσχυρίζεται.

227 5349 473 5402 Ἰουδαῖοι
505 5347 605 5418 μὲν
631 5346 738 5417 γάρ
765 5343 1080 5415 παχυτέρας
1106 5342 1183 5396 ἔτι
1218 5341 1316 5405 τὰς
1352 5339 1478 5411 περὶ
1513 5337 1613 5407 τῆς
1649 5335 1799 5398 θείας

209 5459 274 5498 ἰε
317 5441 738 5511 καὶίάσωμάτου
784 5437 999 5508 φύσεως
1049 5435 1333 5506 διαλήψεις
1375 5431 1692 5502 δεχόμενοι,
1739 5431 1797 5481 ὲν

211 5533 402 5606 μόνοις
448 5535 563 5595 τοῖς
601 5529 1027 5602 Ἰεροσολύμοις,
1081 5528 1204 5599 ἦτοι
1259 5525 1397 5578 Σιὼν
1453 5526 1519 5594 τῇ
1575 5522 1798 5590 γείτονι,

209 5623 415 5696 χρῆναι
464 5621 883 5692 προσκυνεῖσθαι
927 5620 1017 5672 τὸν
1061 5618 1152 5670 ἐπὶ
1195 5617 1398 5678 πάντας
1440 5613 1572 5667 Θεὸν
1604 5611 1799 5666 διετείο

211 5729 388 5775 νοντο,
420 5714 496 5776 ὡς
528 5711 656 5780 ὅλης
692 5710 836 5776 ἅπαξ
870 5710 968 5779 τῆς
1001 5709 1236 5779 ἀρρήτου
1288 5706 1380 5759 καὶ
1412 5703 1796 5774 ἅκαταλήπτου

213 5804 431 5874 φύσεως
461 5803 838 5872 καταλυούδης
879 5803 1077 5864 ἐκεῖσε,
1113 5798 1204 5855 καὶ
1262 5797 1657 5869 χειροποιήτοις
1708 5797 1798 5851 ὲν-

1893 3247 2110 3316 junctio
2139 3248 2378 3302 exsistit.
2417 3246 2730 3314 inculpatas
2764 3245 2988 3315 nuptias
3017 3245 3278 3301 efﬁciunt.

1966 3336 2058 3400 IV,
2091 3337 2177 3391 l9.
2223 3337 2466 3402 Domine,
2503 3335 2648 3390 video
2677 3338 2801 3407 quia
2824 3337 3072 3405 propheta
3092 3354 3146 3393 es
3170 3347 3244 3393 tu.

1967 3429 2210 3486 Tandem
2248 3431 2314 3484 ad
2349 3429 2716 3500 cognitionem
2775 3430 2997 3496 emicat,
3034 3430 3130 3485 sed
3161 3445 3282 3486 eam
3338 3445 3465 3486 non-

1898 3524 2027 3578 dum
2066 3521 2381 3593 perfectam.
2420 3520 2749 3592 Prophetam
2782 3521 2984 3576 etenim
3027 3521 3211 3577 adhuc
3241 3523 3471 3592 appellat

1900 3614 2294 3684 prophetarum
2325 3611 2649 3666 Dominum:
2677 3611 2870 3666 melior
2893 3622 3074 3665 tamen
3105 3612 3309 3667 sensim
3336 3611 3473 3667 facta

1899 3713 1982 3758 est
2018 3718 2180 3772 quam
2211 3703 2389 3771 prius,
2414 3701 2568 3755 nullo
2589 3699 2806 3770 quidem
2833 3700 2994 3754 ntodo
3018 3701 3474 3769 reprehensiones

1899 3811 2040 3865 aegre
2072 3794 2276 3856 ferens,
2310 3793 2403 3847 sed
2437 3791 2684 3845 miraculi
2722 3792 2829 3844 vim
2861 3790 3068 3845 utiliter
3096 3791 3393 3860 arripiens,
3424 3801 3474 3846 et

1900 3901 2025 3940 cum
2066 3885 2168 3938 hac
2196 3883 2410 3936 ratione
2458 3882 2675 3936 mollem
2711 3880 2956 3934 animum
3004 3881 3271 3943 excutiat,
3325 3881 3476 3936 tarde

1900 3975 2263 4032 nihilominus
2296 3973 2458 4045 184
2485 3971 2552 4027 ad
2597 3973 2855 4028 virtutem
2897 3972 3168 4040 ascendit,
3200 3985 3254 4029 et
3291 3974 3476 4030 cordis

1899 4071 2120 4126 oculum
2153 4069 2217 4124 ad
2245 4069 2572 4123 inusitatum
2604 4082 2788 4122 rerum
2813 4067 3192 4137 spectaculum
3217 4067 3474 4124 intendit.

1901 4161 1958 4216 In
1999 4177 2107 4231 quo
2144 4160 2335 4214 mirari
2373 4159 2565 4229 utique
2608 4158 2768 4213 decet
2805 4157 3108 4214 Salvatoris
3139 4159 3316 4214 nostri
3363 4159 3476 4214 cle-

1900 4253 2158 4307 mentiam
2191 4250 2355 4305 simul
2399 4258 2453 4306 et
2485 4251 2766 4311 virtutem,
2802 4247 2895 4317 qui
2955 4247 3123 4303 rudes
3155 4254 3370 4304 animos
3420 4255 3476 4304 lu

1901 4345 2275 4400 admirabilem
2319 4352 2521 4398 statum
2554 4341 2712 4395 facile
2738 4338 3115 4396 transformat.

1973 4607 2068 4672 IV,
2091 4607 2182 4662 20.
2215 4605 2407 4660 Patres
2446 4605 2618 4659 nostri
2655 4603 2708 4656 in
2744 4611 2919 4656 monte
2963 4601 3063 4657 hoc
3097 4603 3475 4674 adorauerunt,

1904 4711 1953 4755 et
2002 4716 2090 4754 vos
2134 4697 2352 4762 dicitis,
2408 4696 2535 4766 quia
2583 4694 2970 4764 Hierosolymis
3035 4703 3114 4749 est
3164 4695 3345 4766 locus,
3390 4701 3479 4753 ubi

1904 4795 2130 4848 adorare
2155 4799 2376 4860 oportet.
2401 4789 2547 4842 Dicit
2578 4788 2627 4842 ei
2664 4785 2842 4844 Jesus.

1973 4969 2111 5024 Cum
2153 4965 2445 5020 Dominum
2486 4978 2677 5020 revera
2708 4964 3035 5034 prophetam
3069 4979 3211 5028 esse,
3242 4979 3480 5034 eumque

1901 5054 2157 5110 Judaeum
2197 5052 2495 5119 existimet,
2526 5051 2722 5121 patriis
2755 5052 2954 5108 ritibus
2982 5051 3181 5106 mirum
3213 5059 3479 5123 quantum

1904 5147 2193 5219 gloriatur,
2243 5154 2298 5200 et
2363 5144 2743 5200 Samaritanos
2794 5146 2995 5201 asserit
3049 5145 3212 5216 longe
3265 5146 3478 5216 potiora

1907 5239 2170 5296 statuisse
2194 5252 2358 5308 quam
2399 5235 2644 5293 Judaeos.
2675 5236 2850 5292 Judaei
2883 5237 3086 5308 quippe
3113 5238 3480 5296 crassioribus

1906 5330 1974 5384 de
2000 5328 2182 5383 divina
2217 5328 2576 5397 corporisque
2629 5335 2850 5397 experte
2901 5336 3099 5382 natura
3129 5329 3480 5396 opinionibus

1903 5422 2103 5478 imbuti
2135 5419 2532 5490 Hierosolymis
2563 5418 2851 5482 duntaxat,
2888 5426 2983 5472 aut
3043 5419 3098 5474 in
3135 5420 3312 5475 vicina
3345 5421 3478 5479 Sion

1905 5513 2246 5572 adorandum
2293 5527 2418 5567 esse
2475 5525 2796 5582 supremum
2839 5511 3080 5569 universi
3121 5512 3291 5570 Deum
3345 5528 3481 5569 con-

1904 5607 2220 5673 tendebant,
2245 5604 2408 5677 quasi
2441 5611 2553 5658 tota
2589 5617 2825 5672 prorsus.
2846 5602 2920 5658 ibi
2953 5605 3249 5660 inell‘abilis
3295 5613 3350 5659 et
3397 5606 3480 5659 in-

1906 5699 2420 5773 comprehensibilis
2455 5704 2652 5751 natura
2697 5695 2993 5761 habitaret,
3028 5706 3083 5753 et
3145 5696 3482 5755 manufactis

1907 5796 2124 5866 templis
2183 5791 2394 5849 Inclusa
2434 5788 2596 5845 foret.
2661 5789 3032 5855 Quamobrem
3093 5806 3227 5847 voce
3261 5807 3482 5864 quoque
