4118 6538
673 372 777 428 505

1658 370 1714 425 S.
1738 369 2017 426 CYRILLI
2052 372 2866 449 ALEXANDRINLARCHIEP.

3808 379 3921 435 ωῑ

674 484 1061 555 prophetarum
1084 483 1293 554 supinae
1314 483 1415 538 hac
1440 484 1493 537 in
1518 498 1577 537 re
1600 483 1833 539 inscitiae
1850 485 2220 556 arguebantur

2345 489 2798 562 αποκλεισθείσης
2830 492 2996 555 ναοῖς.
3032 492 3123 544 Διὸ
3151 492 3235 564 δὴ,
3265 494 3360 546 καὶ
3382 491 3504 547 λίαν
3528 493 3921 557 ἀσυνετοῦντες

672 578 887 633 dicente
914 576 1061 631 Deo:
1094 594 1112 626 ι
1150 575 1363 629 Ctelum
1399 575 1632 629 thronus
1663 590 1837 641 meus,
1876 586 2018 629 terra
2059 585 2237 631 autem

671 670 972 726 scabellum
1001 666 1195 738 pedum
1252 682 1523 722 meorum.
1559 666 1785 732 Qualem
1816 667 2037 721 domum
2070 666 2240 721 (ediﬁ-

669 760 868 815 cabitis
901 758 1055 820 mihi,
1084 758 1218 812 dicit
1242 757 1548 811 Dominus?
1581 757 1663 811 vel
1687 757 1814 826 quis
1842 758 1998 812 locus
2028 758 2239 828 requie-

668 849 742 904 tis
772 862 903 902 meae
922 847 1011 901 “‘2
1064 865 1083 899 ι
1126 845 1457 901 Samaritani
1485 862 1617 901 vero
1659 863 1873 912 rursus,
1898 848 1977 902 uti
2010 850 2133 903 loco
2185 858 2238 904 et

665 938 913 1009 regione,
946 938 1027 992 sic
1052 939 1220 993 etiam
1252 938 1472 992 inscitia
1499 946 1555 990 et
1584 938 1859 1007 imperitia
1881 938 2085 995 Judaais
2118 939 2236 994 lini-

664 1029 808 1095 timi,
850 1028 907 1084 in
947 1036 1154 1092 monte,
1218 1029 1312 1099 qui
1374 1027 1599 1083 Garizin
1635 1028 1944 1091 dicebatur,
1999 1045 2123 1084 cum
2183 1038 2238 1085 et

662 1120 933 1173 orandum
979 1127 1035 1175 et
1089 1119 1426 1173 adorandqu
1485 1126 1761 1189 putarent,
1814 1121 2013 1175 merito
2058 1122 2231 1177 risum

663 1225 771 1263 non
798 1208 1090 1280 eﬂugiuut.
1123 1209 1185 1263 Ei
1218 1217 1398 1265 autem
1432 1210 1683 1264 stultitia:
1714 1210 2060 1265 occasionem
2099 1226 2236 1281 prm-

661 1302 781 1356 buit
814 1303 901 1356 illa
930 1302 1262 1366 benedictio,
1294 1316 1456 1372 quam
1482 1302 1535 1356 in
1570 1309 1755 1356 monte
1785 1299 2009 1358 Garizin
2032 1301 2233 1358 iactam

658 1395 714 1447 in
750 1394 1175 1449 Deuteronomio
1220 1395 1476 1465 legimus.
1525 1392 1678 1449 llanc
1722 1396 1919 1451 mulier
1958 1396 2233 1453 Salvatori

656 1485 1012 1555 quaestionem
1051 1500 1151 1540 ceu
1188 1499 1435 1554 magnam
1468 1485 1758 1554 quamdam
1782 1493 1836 1540 et
1862 1485 2231 1543 dilIicillimam

655 1578 1021 1645 ohjectionem
1062 1576 1344 1645 proponit,
1378 1577 1604 1631 dicens:
1645 1595 1664 1628 ι
1722 1575 1916 1633 Patres
1944 1578 2118 1635 nostri
2176 1578 2231 1633 in

655 1677 840 1723 monte
881 1668 982 1722 hoc
1012 1668 1407 1733 adoraverunt,
1448 1686 1466 1718 ›
1503 1676 1612 1723 etc.

721 1948 927 2014 lV,2l.
959 1948 1125 2003 Crede
1148 1950 1297 2015 mihi,
1330 1950 1542 2012 mulier,
1573 1950 1700 2020 quia
1726 1951 1860 2004 venit
1887 1951 2038 2016 liora,
2061 1969 2227 2023 quan-

649 2045 717 2095 do
752 2056 913 2110 neque
949 2042 1002 2093 in
1032 2041 1420 2111 Hierosolymis
1442 2084 1457 2109 ,
1488 2059 1651 2112 neque
1683 2044 1736 2097 in
1766 2054 1941 2099 monte
1974 2044 2069 2099 hoc
2091 2045 2226 2102 ado-

652 2133 844 2186 rabitis
882 2131 1120 2186 Patrem.

718 2217 973 2273 Omnium
1004 2221 1277 2274 inscitiam
1308 2222 1470 2276 simul
1518 2224 1872 2291 condemnat,
1906 2241 2032 2280 cum
2091 2227 2224 2283 ado-

650 2308 807 2362 randi
854 2310 1097 2372 modum,
1134 2313 1227 2379 qui
1259 2314 1402 2379 apud
1452 2323 1717 2384 utrosque
1754 2317 2093 2379 obtinuerat,
2157 2319 2224 2374 ad

650 2400 919 2455 veriorem
957 2403 1283 2458 translatum
1319 2406 1386 2458 iri
1439 2406 1539 2459 ait.
1600 2406 1720 2463 Non
1775 2411 1921 2462 enim
1952 2422 2225 2479 quaeretur

649 2494 888 2563 amplius
915 2495 1089 2559 locus,
1133 2496 1333 2566 inquit,
1372 2498 1425 2551 in
1459 2514 1570 2568 quo
1612 2501 1837 2569 proprie
1865 2497 2036 2556 Deum
2067 2503 2224 2559 habi-

648 2592 766 2636 tare
818 2584 1155 2647 existiment,
1190 2587 1283 2639 sed
1336 2590 1526 2658 utqui
1584 2590 1839 2647 universa
1893 2592 2114 2662 impleat
2169 2603 2224 2650 et

645 2674 933 2730 continere
962 2677 1139 2730 valeat
1175 2676 1489 2745 Dominum,
1532 2679 1690 2749 185
1716 2681 2025 2738 adorabunt
2052 2701 2222 2742 unus-

645 2767 879 2835 quisque
928 2767 996 2821 de
1054 2767 1173 2822 loco
1225 2784 1348 2831 suo,
1408 2770 1553 2824 sicut
1613 2773 1835 2842 quidam
1902 2785 2220 2832 sanctorum

646 2858 1036 2924 prophetarum
1072 2858 1171 2912 ait.
1210 2857 1407 2913 lloram
1451 2872 1635 2916 autem
1671 2872 1724 2918 et
1752 2872 1972 2935 tempus
2008 2866 2222 2935 ejusee—

645 2946 792 2998 modi
829 2946 1029 3002 rituum
1088 2949 1531 3019 abrogandorum
1596 2967 1754 3007 suum
1794 2954 1851 3008 in
1886 2954 2033 3011 hunc
2067 2973 2225 3011 mun-

643 3035 772 3088 dum
802 3053 928 3091 cum
963 3054 1193 3107 corpore
1254 3040 1548 3095 adventum
1608 3045 1703 3099 ait.
1735 3044 1980 3101 Observa
2042 3059 2221 3103 autem

645 3142 754 3194 quo
804 3136 966 3196 pacto
1021 3129 1258 3196 eleganti
1320 3148 1551 3199 prorsus
1608 3135 1823 3190 ratione
1882 3137 2222 3194 mulierculae

644 3225 882 3270 mentem
928 3217 996 3270 ad
1055 3219 1476 3288 intelligentiam
1531 3222 1650 3275 Filii
1704 3224 1963 3289 deducat,
2002 3226 2214 3283 Patrem

646 3304 811 3357 Deum
853 3305 1127 3359 vocando:
1150 3308 1424 3375 quomodo
1457 3310 1624 3371 enim.
1658 3326 1862 3380 quaeso,
1890 3313 2223 3386 intelligere-

644 3401 735 3447 tur
768 3394 947 3459 Pater,
983 3411 1090 3449 non
1116 3398 1412 3452 exsistente
1437 3396 1575 3453 Filio
1600 3400 1623 3453 ?

1295 3509 1451 3564 CAP.
1487 3510 1553 3565 ν.

643 3599 797 3676 Quod
834 3598 1009 3653 Filius
1043 3617 1144 3676 non
1170 3601 1239 3654 sit
1270 3602 1406 3676 inter
1429 3603 1712 3676 adorantes
1745 3615 2005 3676 quatenus
2086 3607 2219 3663 Ver-

713 3668 835 3721 bum
859 3679 937 3723 est
974 3687 1035 3722 ac
1075 3670 1235 3737 Deus,
1268 3672 1358 3726 sed
1391 3689 1511 3726 cum
1538 3674 1701 3730 Patre
1730 3668 1905 3745 potius
1950 3677 2218 3736 adoretur.

713 3842 804 3906 ιν,
835 3843 926 3898 29.
974 3845 1074 3898 Vos
1108 3844 1347 3900 adoratis
1367 3849 1503 3918 quod
1534 3851 1780 3907 nescitis:
1810 3871 1902 3908 nos
1936 3854 2221 3913 adoramus

640 3937 778 4008 quod
811 3938 1027 4001 scimus,
1059 3939 1183 4007 quia
1206 3939 1353 3993 salus
1378 3956 1442 3995 ea:
1463 3940 1671 3997 Juda'is
1698 3954 1798 4000 est.

712 4112 980 4181 Loquitur
1006 4112 1186 4167 denuo
1212 4121 1269 4167 ut
1296 4112 1521 4169 Iudaeus
1568 4124 1623 4171 et
1674 4117 1859 4183 homo,
1911 4119 1989 4175 rei
2027 4123 2219 4177 ordine

641 4204 785 4257 hunc
810 4205 972 4258 etiam
1004 4205 1260 4274 loquendi
1297 4206 1518 4260 modum
1556 4210 1892 4277 postulante;
1948 4228 2047 4267 nec
2073 4215 2217 4268 enim

638 4297 890 4352 Christus
951 4313 981 4350 a
1036 4299 1239 4353 decoro
1300 4305 1353 4353 et
1414 4303 1824 4368 opportunitate
1864 4304 2216 4361 aherraverit.

638 4387 854 4444 'l'ribuit
899 4399 1081 4444 autem
1131 4392 1254 4460 plus
1288 4391 1492 4459 aliquid
1536 4393 1871 4462 cognitionis
1902 4394 2215 4451 Judaaorum

2341 581 2433 634 ἐπὶ
2460 580 2632 652 τούτῳ
2665 581 2753 635 διὰ
2795 584 2894 654 τῆς
2919 583 3026 636 τῶν
3054 583 3349 654 προφητῶν
3387 583 3679 653 ἠλέγχοντο
3705 583 3922 653 φωνῆς,

2338 671 2434 724 τοῦ
2460 671 2595 725 Θεοῦ
2620 673 2868 742 λέγοντος
2892 690 2907 706 ο
2963 694 2980 726 ι
3004 675 3061 727 '0
3084 676 3308 747 οὐρανός
3337 692 3427 745 μοι
3458 673 3666 745 θρόνος,
3696 676 3729 744 ἡ
3752 675 3816 728 δὲ
3844 674 3924 742 γῆ

2341 761 2625 815 ὑποπόδιον
2654 764 2760 816 τῶν
2794 764 2971 818 ποδῶν
3014 782 3137 835 μου.
3169 765 3325 817 Ποῖον
3357 760 3502 818 οἷκον
3528 763 3924 835 οἰκοδομήσετέ

2341 868 2452 922 μοι,
2504 853 2650 922 λέγει
2694 856 2918 927 Κύριος,
2958 857 2993 927 ἢ
3032 856 3117 920 τίς
3150 855 3315 921 τόπος
3357 856 3456 927 τῆς
3508 854 3923 915 καταπαύσεώς

2341 961 2443 1013 μου
2470 962 2486 1012 ;
2516 963 2534 995 ι
2556 946 2889 1017 Σαμαρεῖται
2912 947 2970 1001 δὲ
2995 947 3178 1012 πάλιν,
3210 946 3272 999 οὐ
3307 946 3497 1017 ττόρρω
3523 945 3622 1015 τῆς
3643 943 3925 997 Ἰουδαίων

2337 1035 2576 1105 ἀμαθίας
2608 1038 2875 1104 κείμενοι,
2910 1039 3092 1109 χώραν
3136 1056 3196 1091 τε
3238 1037 3371 1108 ὁμοῦ
3416 1037 3513 1091 καὶ
3552 1033 3925 1090 ἀπαιδευσίαν

2334 1126 2534 1198 ὅμορον
2578 1127 2827 1199 ἔχοντες,
2874 1130 2932 1183 ὲν
2979 1129 3095 1200 όρει
3142 1128 3221 1198 τῷ
3255 1126 3506 1198 Γαρίζειν
3537 1124 3678 1178 οὕτω
3708 1124 3923 1177 καλου-

2338 1218 2505 1291 μένῳ,
2538 1220 2630 1272 xui.
2671 1218 3065 1289 προσεύχεσθαι
3112 1217 3243 1282 δεῖν,
3294 1219 3388 1272 καὶ
3433 1220 3755 1289 προσκυνεῖν
3798 1214 3923 1269 οἰό-

2338 1327 2508 1379 μενοι,
2531 1310 2593 1363 τὸ
2612 1310 2872 1378 γελᾶσθαι
2898 1310 3119 1372 δικαίως
3152 1309 3212 1363 ού
3238 1308 3608 1377 διαφεύγουσι.
3632 1306 3923 1376 Γέγονεβὲ

2334 1400 2426 1451 καὶ
2454 1398 2624 1468 αύτῆς
2655 1399 2755 1469 τῆς
2794 1397 2979 1461 ἀνοίας
3015 1399 3049 1469 ἡ
3079 1398 3375 1469 πρόφασις,
3419 1397 3482 1450 τὸ
3527 1396 3765 1450 δεδόσθαι
3810 1394 3927 1465 τὴν

2333 1489 2581 1558 εὐλογίαν
2602 1492 2658 1543 ἐν
2682 1489 2796 1560 ὄρει
2815 1489 2854 1541 Γ
2857 1487 3284 1560 αρίςειν,καθὼς
3315 1490 3373 1541 ὲν
3398 1487 3476 1559 τῷ
3504 1484 3927 1558 Δευτερονομίῳ

2332 1580 2716 1651 γεγραμμένον
2746 1580 3092 1650 εὑρίσκομεν.
3123 1577 3339 1649 Ταύτην
3366 1579 3400 1649 ἡ
3434 1576 3571 1647 γυνὴ
3593 1575 3668 1647 τῷ
3688 1575 3925 1644 Σωτῆρι

2330 1672 2428 1742 τὴν
2461 1670 2705 1741 ζήτησιν,
2755 1670 2832 1734 ὥς
2862 1688 2915 1724 τι
2956 1670 3116 1741 μέγα,
3162 1670 3255 1724 καὶ¹
3288 1668 3732 1737 δυσκατάληπτον
3766 1665 3927 1737 πρό.

2333 1762 2519 1833 ϐλημα
2540 1764 2858 1833 προΐσχεται
2879 1761 3111 1831 λέγουσα
3134 1777 3150 1793 ⁸
3187 1780 3205 1814 ι
3225 1762 3287 1815 Ol
3308 1761 3543 1831 πατέρες
3567 1759 3720 1830 ἡμῶν
3741 1760 3809 1812 ὲν
3839 1755 3927 1826 τῷ

2259 1836 2305 1896 Β
2331 1852 2445 1924 ὄρει
2474 1852 2648 1923 τούτῳ
2678 1851 3113 1924 προσεκύνησαν,
3146 1870 3165 1904 ι
3201 1851 3296 1905 καὶ
3322 1851 3393 1904 τά
3419 1852 3567 1921 ἑξῆς.

2399 1945 2655 2000 Πίστευέ
2682 1963 2805 2015 μοι,
2836 1945 3032 2015 γύναι,
3065 1945 3156 1999 ὅτι
3183 1944 3417 2013 ἔρχεται
3448 1944 3588 2012 ὥρα,
3630 1944 3729 1998 ὅτε
3760 1944 3929 1998 οὔτε

2326 2036 2395 2090 ἐν
2437 2037 2864 2106 Ἰεροσολύμοις
2886 2075 2902 2103 ,
2946 2037 3086 2091 οὔτε
3131 2035 3201 2088 ἐν
3225 2034 3306 2100 τῷ
3348 2035 3470 2103 ὄρει
3508 2034 3692 2100 τούτῳ
3716 2047 3928 2102 προσ-

2327 2130 2629 2197 κυνήσετε
2656 2129 2735 2196 τῷ
2763 2130 2966 2198 Πατρί.

2422 2223 2589 2295 Ὁμοῦ
2647 2226 2746 2294 τῆς
2808 2223 3064 2277 ἀπάντων
3122 2218 3363 2290 ἀμαθίας
3434 2217 3922 2288 καταψηφίζεται,

2328 2312 2793 2386 μετατεθήσεσθαι
2828 2311 3003 2380 λέγων
3033 2310 3127 2363 ἐπὶ
3148 2311 3209 2363 τὸ
3242 2308 3606 2379 ἀληθέστερον
3635 2309 3737 2377 τῆς
3770 2307 3925 2376 παρ’

2324 2408 2525 2477 ἀμφοῖν
2550 2405 2802 2475 λατρείας
2835 2402 2897 2455 τὸ
2918 2402 3124 2472 σχῆμα.
3168 2401 3244 2454 Οὐ
3274 2400 3384 2471 γὰρ
3410 2399 3511 2461 ἔτι,
3538 2398 3693 2468 φησὶ,
3729 2396 3925 2466 ζητη-

2325 2498 2549 2571 θήσεται
2594 2498 2777 2560 τόπος,
2813 2499 2870 2550 ὲν
2897 2490 2941 2563 ᾧ
2980 2495 3046 2565 δὴ
3087 2494 3293 2565 κυρίως
3321 2493 3595 2562 οἰήσονται
3625 2492 3925 2542 κατοικεῖν

2323 2592 2414 2644 τὸν
2438 2589 2591 2650 Θεὸν,
2640 2588 2755 2643 ἀλλ’
2780 2588 2854 2650 ὡς
2878 2586 2947 2639 τά
2981 2585 3156 2639 πάντα
3196 2581 3491 2654 πληροῦντι
3530 2581 3623 2633 καὶ
3654 2579 3925 2649 συνέχειν

2329 2682 2565 2753 ίσχύοντι
2595 2679 3033 2750 προσκυνήσουσι
3081 2674 3159 2746 τῷ
3202 2673 3411 2744 Κυρίῳ,
3460 2672 3684 2734 ἕκαστος
3712 2672 3777 2723 ὲκ
3811 2668 3924 2723 τοῦ

2324 2773 2489 2827 τόπου
2521 2771 2706 2834 αὐτοῦ,
2751 2769 3005 2839 καθάπερ
3031 2769 3116 2830 τίς
3160 2783 3294 2835 φησι
3326 2765 3435 2817 τῶν
3469 2763 3638 2831 ἁγίων
3679 2778 3922 2832 προφηο

2323 2863 2450 2918 τῶν.
2486 2863 2655 2931 Ὥραν
2702 2861 2759 2914 δὲ
2807 2861 2902 2914 καὶ
2950 2858 3141 2929 καιρὸν
3182 2857 3284 2927 τῆς
3324 2856 3433 2908 τῶν
3464 2853 3718 2908 τοιούτων
3762 2854 3925 2906 ὲθῶν

2326 2955 2733 3025 μεταστάσεως,
2782 2952 2880 3021 τὴν
2911 2948 3103 3003 ἑαυτοῦ
3140 2947 3277 3019 μετά
3316 2946 3566 3017 σώματος
3605 2943 3925 3014 ἐπιδημίαν

2322 3047 2381 3099 ὲν
2406 3046 2594 3114 κόσμῳ
2625 3043 2808 3113 φησίν.
2866 3041 3144 3111 Ἐπιτήρει
3176 3039 3232 3093 δὲ
3272 3039 3423 3101 ὅπως
3456 3035 3781 3107 ἀστειοτάτῃ
3808 3036 3921 3089 τοῦ

2325 3136 2480 3205 λόγου
2531 3136 2875 3205 χρησάμενος
2928 3134 3116 3203 ἀγωγῇ
3175 3131 3312 3202 πρὸς
3364 3128 3572 3193 ὲννοίας
3614 3128 3714 3192 τὰς
3772 3129 3923 3198 περὶ

2324 3228 2454 3280 Υἱοῦ
2500 3227 2725 3297 ποδηγεῖ
2769 3225 2862 3278 τοῦ
2895 3224 3116 3293 γυναίου
3158 3223 3249 3275 τὸν
3292 3221 3437 3284 νοῦν,
3470 3221 3687 3292 Πατέρα
3717 3220 3923 3273 καλῶν

2322 3319 2413 3372 τὸν
2438 3318 2571 3371 Θεόν
2598 3334 2612 3348 ο
2658 3317 2775 3380 πῶς
2805 3316 2913 3386 γάρ
2939 3316 3006 3369 ἂν
3038 3313 3173 3377 ὅλως
3202 3316 3374 3368 νοοῖτο
3399 3314 3587 3383 Πατὴρ
3611 3314 3711 3365 οὐκ
3748 3312 3924 3375 but-oc

2325 3409 2453 3463 Υἱοῦ
2470 3426 2488 3473 ;

2915 3517 3170 3571 ΚΕΦΑΛ.
3210 3516 3287 3571 E’.

2325 3612 2453 3663 Ὅτι
2481 3608 2594 3663 οὐκ
2624 3608 2694 3660 ἐν
2730 3606 3357 3678 ,τοῖςλπροσκυνοῦσίν
3398 3606 3641 3678 ἐστιν-ο
3686 3606 3831 3678 7:qu-
3875 3600 3921 3678 ᾗ

2393 3680 2583 3747 Λόγος
2610 3677 2742 3731 ἐστὶ
2785 3676 2883 3731 καί
2912 3677 3076 3741 Θεὸς,
3118 3676 3541 3744 προσκυνεῖται
3568 3675 3636 3728 δὲ
3650 3674 3920 3743 μᾶλλώ

2390 3748 2538 3818 μετὰ
2575 3749 2824 3815 Πατρός.

2406 3839 2600 3909 Ὑμεῖς
2640 3835 3033 3907 προσκυνεῖτε
3053 3834 3084 3888 ὃ
3105 3836 3215 3889 οὐκ
3250 3834 3467 3902 οἷδατε,
3504 3834 3672 3905 ἡμεῖς
3703 3853 3917 3906 προσ.

2323 3929 2657 3998 πονοῦμεν,
2705 3928 2737 3981 ὃ
2790 3926 3055 3996 οἴδαμεν,
3128 3926 3215 3978 ὅτι
3265 3925 3304 3992 ἡ
3354 3929 3613 3996 σωτηρία
3656 3929 3731 3982 ἐκ
3782 3929 3917 3983 τῶν

2336 4023 2636 4079 Ἰουδαίων
2658 4021 2848 4075 ἐστίν.

2391 4117 2557 4170 Δαλεῖ
2582 4115 2678 4185 μὲν
2703 4112 2862 4166 πάλιν
2885 4112 2959 4174 ὡς
2990 4110 3238 4173 Ἰουδαῖος
3261 4109 3354 4161 καὶ
3378 4108 3681 4179 ἄνθρωπος,
3705 4111 3914 4167 τοῦτον

2321 4206 2415 4259 καὶ
2444 4205 2539 4257 νῦν
2569 4201 2903 4269 ἀπαιτούσης
2944 4199 3034 4252 τὸν
3065 4198 3263 4269 τρόπον
3304 4198 3403 4269 τῆς
3448 4197 3539 4250 τοῦ
3572 4199 3912 4271 πράγματος

2320 4294 2629 4365 οίκονομίας
2658 4311 2671 4323 ·
2723 4291 2845 4344 οὐδὲ
2886 4289 2993 4360 γὰρ
3031 4288 3098 4342 ἂν
3129 4286 3322 4360 καιροῦ
3362 4304 3420 4339 τε
3456 4288 3549 4343 καὶ
3588 4289 3911 4357 πρέποντος

2319 4385 2607 4455 ἀπεσφάλη
2655 4383 2906 4455 Χριστός.
2962 4378 3246 4450 Ἀπονέμει
3284 4378 3341 4432 δέ
3372 4396 3423 4431 τι
3469 4379 3563 4431 καὶ
3606 4379 3774 4432 πλέον
3818 4383 3911 4444 εἰς

638 4483 830 4535 cultui.
858 4481 1185 4535 Samaritani
1222 4483 1490 4551 siquidem
1527 4485 1764 4554 simplici
1803 4495 1857 4539 et
1908 4488 2214 4544 inconsulta

2325 4479 2533 4531 σύνεσιν
2574 4479 2694 4538 ταῖς
2748 4472 3014 4526 Ἰουδαίων
3057 4471 3359 4542 λατρείαις.
3411 4470 3746 4540 Σαμαρεῖται
3799 4472 3910 4540 μὲν

2368 4570 2378 4579 .
2477 4569 2490 4579 .
2570 4570 2583 4579 .
2667 4568 2679 4579 .
2735 4565 2803 4579 .-
2991 4564 3004 4579 .
3053 4563 3111 4579 ,υ
3195 4562 3206 4579 ,
3328 4560 3421 4579 ,ν
3616 4578 3621 4579 ν
3810 4562 3838 4571 -

638 4573 851 4626 ratione
878 4571 1043 4626 Deum
1093 4573 1344 4638 adorant;
1398 4571 1570 4627 Judaei
1602 4590 1731 4629 vero
1787 4592 1880 4645 per
1936 4579 2104 4648 legem
2163 4588 2218 4635 et

2325 4569 2536 4640 γάρ,ὠς
2567 4570 2625 4620 ὲν
2658 4565 2813 4635 ἁπλῷ
2830 4582 2889 4616 τε
2923 4564 3013 4616 καὶ
3042 4562 3297 4632 ἀζητήτῳ
3328 4560 3490 4630 λόγῳ,
3527 4562 3909 4631 προσκυνοῦσι

635 4664 934 4733 prOphetas
981 4663 1092 4719 veri
1132 4663 1224 4717 Dei
1268 4664 1586 4733 cognitione
1628 4676 1894 4736 quantum
1932 4669 1982 4721 in
2029 4684 2087 4722 se
2137 4677 2219 4724 est

636 4763 878 4824 accepta.
902 4753 1133 4824 Ideoque
1156 4756 1368 4810 nescire
1385 4755 1759 4812 Samaritanus
1773 4758 1867 4821 ait,
1892 4758 1983 4812 sed
2002 4756 2217 4813 Jndzeos

636 4845 778 4899 scire
816 4844 1239 4915 quodammodo.
1272 4862 1338 4900 ex
1382 4848 1585 4915 quibus
1626 4850 1788 4902 etiam
1826 4850 2090 4903 orituram
2128 4866 2215 4903 sa-

635 4936 802 4990 lutem
830 4934 1080 4999 aﬂirmat,
1113 4947 1360 4989 nostram
1419 4938 1692 4994 videlicet.
1751 4939 2010 4994 Christus
2065 4940 2211 4994 enim

631 5037 717 5085 cst
744 5045 811 5083 ex
863 5029 1071 5083 semine
1104 5028 1346 5093 Davidis,
1381 5029 1531 5099 quod
1568 5030 1637 5085 ad
1700 5046 1923 5086 carnem
1979 5032 2210 5087 attinet:

632 5118 801 5175 David
818 5129 1000 5175 autem
1031 5136 1098 5175 ex
1135 5121 1280 5175 trihu
1324 5120 1464 5176 Juda
1500 5124 1767 5177 oriundus
1819 5135 1921 5178 est.
1960 5122 2210 5192 Seipsum

631 5226 794 5279 porro
832 5213 973 5267 inter
1021 5213 1343 5269 adoratores
1403 5216 1671 5277 collocat,
1708 5215 1976 5280 uthomo,
2024 5217 2071 5271 is
2118 5217 2209 5284 qui

629 5316 753 5354 cum
788 5300 897 5356 Deo
929 5311 982 5357 et
1016 5302 1197 5370 Patre,
1232 5319 1357 5356 eum
1381 5317 1409 5355 a
1442 5304 1623 5368 nobis,
1657 5314 1770 5357 tum
1800 5320 1829 5357 a
1862 5304 2071 5358 sanctis
2109 5319 2209 5356 an-

628 5390 765 5460 gelis
795 5391 1077 5447 adoratur.
1108 5394 1343 5460 Quando
1371 5394 1517 5449 enim
1557 5395 1808 5449 servilem
1851 5394 2083 5448 formam
2121 5409 2210 5445 as-

628 5485 882 5553 sumpsit,
948 5488 1281 5542 conveniens
1349 5503 1568 5557 quoque
1622 5502 1783 5542 scrvo
1838 5485 2204 5539 ministerium

624 5572 826 5641 explet,
852 5587 1195 5643 nequaquam
1218 5576 1475 5632 desinens
1500 5591 1622 5631 esse
1649 5576 1810 5640 Deus,
1835 5591 1898 5628 ac
1924 5575 2202 5639 Dominus,

624 5671 679 5717 et
713 5660 1047 5718 adorandus.
1090 5665 1272 5723 Manet
1303 5667 1448 5723 enim
1500 5666 1668 5731 idem,
1726 5667 1850 5721 licet
1902 5666 2081 5719 factus
2134 5666 2203 5719 sit

697 5839 742 5869 ³⁸
775 5838 880 5895 lsa.
909 5855 1076 5907 vat,
1100 5841 1151 5894 l.‘

2315 4660 2407 4714 τὸν
2435 4659 2567 4712 Θεόν
2588 4675 2604 4690 ’
2635 4657 2876 4711 Ἰουδαῖοι
2907 4655 2985 4717 δὲ,
3019 4655 3106 4707 διὰ
3135 4654 3299 4723 νόμου
3333 4653 3423 4705 καὶ
3450 4652 3768 4723 προφητῶν,
3800 4654 3908 4723 τὴν

2315 4753 2407 4805 τοῦ
2435 4751 2584 4813 ὄντος
2616 4749 2815 4818 γνῶσιν
2863 4747 3001 4800 κατὰ
3042 4747 3101 4799 τὸ
3132 4744 3402 4815 ἐγχωροῦν
3444 4744 3743 4814 δεχόμενοι.
3800 4748 3909 4799 Διὰ

2315 4843 2473 4896 τοῦτο
2519 4840 2861 4909 Σαμαρείτας
2914 4839 3010 4908 μὲν
3054 4837 3153 4889 οὑκ
3201 4835 3398 4889 εἰδέναι
3456 4836 3653 4905 φησὶν,
3705 4835 3907 4901 ἐξεπί-

2318 4933 2547 4986 στασθαι
2575 4932 2633 4985 δέ
2668 4948 2784 4992 πως
2817 4931 2941 4992 τοὺς
2987 4928 3289 4990 Ἰουδαίους,
3320 4926 3380 4991 ἐξ
3407 4920 3481 4980 ὧν
3522 4929 3616 4979 καὶ
3640 4929 3907 4997 ἀναδειχ-

2319 5021 2576 5095 θήσεσθαι
2617 5020 2717 5090 τὴν
2771 5018 3063 5089 σωτηρίαν,
3114 5016 3323 5069 ἑαυτῶν
3363 5016 3604 5086 δηλονότι
3634 5016 3907 5089 διῖσχυρί-

2318 5115 2487 5181 ζεται.
2552 5112 2684 5165 Ἀπὸ
2729 5111 2839 5180 γὰρ
2889 5110 3199 5179 σπέρματος
3239 5108 3402 5161 Δαῦὶδ
3443 5108 3503 5160 τὸ
3538 5108 3677 5160 κατὰ
3718 5110 3907 5180 σάρκα

2319 5205 2571 5278 Χριστὸς,
2604 5203 2773 5272 φυλῆς
2801 5201 2858 5253 δὲ
2887 5200 2983 5270 τῆς
3032 5199 3199 5252 Ἰούδα
3243 5199 3469 5267 γέγονεν
3504 5200 3533 5252 ό
3578 5199 3763 5253 Δαϐίδ.
3808 5201 3906 5252 Ἐν

2316 5298 2371 5351 δὲ
2404 5300 2517 5360 τοῖς
2566 5290 2965 5365 προσκυνοῦσιν
3006 5290 3194 5343 ἑαυτὸν
3242 5290 3567 5344 κατατάττει
3614 5291 3775 5345 πάλιν
3818 5291 3906 5352 ὡς

2316 5390 2620 5460 ἄνθρωπος,
2669 5388 2698 5438 ό
2733 5385 2871 5455 μετὰ
2898 5384 3031 5436 Θεοῦ
3066 5384 3159 5436 καὶ
3198 5384 3435 5453 Πατρὸς,
3473 5383 3611 5452 πρός
3650 5400 3707 5435 τε
3738 5382 3905 5453 ἡμῶν

2315 5483 2407 5534 καὶ
2448 5479 2556 5532 τῶν
2606 5478 2774 5546 ἁγίων
2822 5476 3068 5544 ἀγγέλων
3118 5474 3607 5545 προσκυνούμενος.
3674 5474 3903 5545 Ἐπειδὴ

2314 5572 2421 5641 γάρ
2472 5568 2532 5621 τὸ
2574 5566 2841 5619 οἰκετικὸν
2903 5564 3287 5636 περιεϐάλλετο
3332 5566 3516 5635 σχῆμα
3554 5566 3655 5634 τὴν
3705 5565 3903 5636 οἰκέτῃ

2312 5664 2625 5734 πρέπουσαν
2652 5659 2982 5732 ἀποπληροῖ
3030 5657 3429 5728 λειτουργείαν,
3472 5658 3575 5711 οὐκ
3622 5657 3905 5721 ἀπολέσας
