4118 6550
193 359 303 417 5θὸ

1234 360 1301 416 ΙΝ
1332 358 1616 415 JOANNIS
1656 359 2102 416 EVANCELIUM
2149 359 2275 414 LIB.
2310 360 2372 414 ll.

3336 356 3436 413 506

189 484 252 537 τὸ
292 479 432 536 εἶναι
464 481 615 543 Θεὸς.
660 481 749 534 καὶ
790 482 1010 553 Κύριος,
1050 482 1144 537 καὶ
1176 482 1568 553 προσκυνητός.
1605 481 1771 536 Μένει

1883 483 2056 547 homo,
2085 490 2139 536 et
2170 481 2373 551 ubique
2397 480 2827 551 dispensationis
2860 494 2984 536 cum
3014 493 3179 534 carne
3216 493 3438 534 servans

190 574 304 646 γὰρ
334 576 366 627 6
388 571 545 635 αὐτὸς
577 572 627 625 εί
655 572 747 625 καὶ
778 573 1001 641 γέγονεν
1046 572 1350 644 ἄνθρωπος,
1385 571 1682 637 ἁποσώζων
1712 571 1769 624 δὲ

192 662 445 732 πανταχῆ
469 661 571 731 τῆς
596 660 731 731 μετὰ
757 662 957 733 σαρκὸς
982 662 1293 733 οἰκονομίας
1319 662 1409 716 τὸν
1441 663 1596 732 λόγον
1617 680 1630 692 ·
1668 661 1771 717 κᾶν

197 752 442 823 μεγάλην
476 752 610 825 ἴδῃς,
648 752 741 805 καλ
770 753 1025 824 ὑπερφυᾶ
1054 753 1153 824 τήν
1183 753 1528 819 ταπείνωσιν,
1558 755 1768 825 θαυμα-

196 844 328 913 στὴς
376 844 655 914 είσέρχου,
718 846 792 915 μὴ
848 846 1179 918 κατήγορος,
1237 848 1311 917 μὴ
1361 845 1767 918 φιλεγκλήμων,

199 936 401 1005 μᾶλλον
458 935 515 988 δὲ
576 936 836 1005 μιμητής.
918 934 1206 999 Τοιούτους
1270 938 1300 989 6
1353 935 1565 1000 Παῦλος
1626 937 1772 1008 ἡμᾶς

195 1027 426 1096 ὁρᾶσθαι
473 1024 718 1096 βούλεται
756 1025 930 1095 λέγων
973 1041 988 1056 ο
1058 1045 1077 1078 ι
1113 1026 1299 1098 Τούτῳ
1348 1029 1611 1098 φρονείτω
1654 1028 1769 1101 [αι.

194 1115 353 1168 τοῦτο
377 1115 644 1187 φρονεῖτε]
692 1116 920 1180 ἕκαστος
967 1118 1025 1170 ἐν
1070 1118 1197 1189 ὑμῖν
1251 1119 1454 1185 αὐτοῖς,
1500 1120 1529 1173 ὃ
1573 1121 1666 1173 καὶ
1713 1121 1771 1172 ἐν

196 1204 418 1276 Χριστῷ
482 1204 689 1275 Ἰησοῦ,
738 1206 797 1270 ὃς
843 1209 901 1259 ἐν
949 1210 1129 1278 μορφῇ
1177 1207 1313 1261 Θεοῦ
1373 1209 1634 1280 ὑπάρχων
1675 1211 1772 1280 ούχ

196 1294 491 1364 ἁρπαγμὸν
531 1296 775 1365 ήγήσατο
814 1296 877 1350 τὸ
920 1294 1059 1351 εἶναι
1103 1296 1193 1352 ῐσα
1232 1298 1382 1370 Θεῷ,
1429 1299 1546 1352 ἀλλ’
1582 1300 1772 1354 ἐαυτὸν

195 1383 433 1436 ἐκένωσε
480 1384 691 1456 μορφὴν
724 1385 911 1439 δούλου
952 1386 1165 1454 λαϐὼν,
1218 1391 1276 1443 ἐν
1318 1388 1629 1460 ὁμοιώματι
1676 1391 1771 1445 ἁν-

196 1473 432 1543 θρώπων
459 1475 767 1545 γενόμενος,
800 1478 891 1531 καὶ
919 1479 1155 1548 σχήματι
1184 1480 1429 1550 εὑρεθεὶς
1453 1481 1529 1545 ὡς
1560 1479 1771 1552 ἄνθρω-

196 1581 332 1628 πος,
380 1567 745 1623 ἐταπείνωσεν
787 1570 997 1626 ἑαυτόν.
1040 1590 1057 1624 ι
1136 1572 1296 1644 Ὁρᾷς
1335 1573 1485 1636 ὅπως
1524 1589 1771 1626 τααιιεεινο⁴

194 1657 470 1727 φροσύνης
497 1660 799 1731 ὑπόδειγμα
827 1662 1047 1731 γέγονεν
1086 1665 1220 1734 ήμῖν
1247 1665 1276 1718 ὀ
1308 1664 1436 1728 Υἱὸς
1475 1666 1533 1717 ἐν
1568 1664 1771 1734 ἰσότητι

196 1749 294 1817 μὲν
336 1749 598 1820 ὑπάρχων
630 1752 722 1804 τοῦ
761 1753 993 1822 Πατρὸς,
1042 1753 1138 1807 καὶ
1177 1756 1235 1808 ἐν
1268 1756 1449 1826 μορφῇ
1497 1754 1639 1809 καθὰ
1680 1753 1769 1823 γέο

191 1856 475 1910 γραπται,
529 1841 923 1912 καταϐεϐηκὼς
969 1843 1026 1897 δὲ
1069 1844 1136 1897 δι’
1195 1847 1343 1916 ἡμᾶς
1395 1848 1475 1910 εἰς
1526 1846 1771 1900 ἑκούσιον

193 1931 474 2001 ὑπακοὴν,
522 1933 614 1984 καὶ
655 1933 1025 1999 ταπείνωσιν;
1092 1934 1218 1998 Πῶς
1273 1931 1365 1988 οῦν
1416 1936 1520 2008 ἄρα
1568 1936 1628 1990 τὸ
1672 1936 1773 2007 τῆς

193 2021 466 2091 ὑπακοῆς,
486 2022 603 2086 πῶς
635 2023 690 2077 δὲ
720 2024 781 2077 τὸ
807 2024 909 2094 τῆς
936 2024 1317 2090 ταπεινώσεως
1348 2026 1454 2079 ἔδει
1488 2025 1774 2095 φαίνεσθαι

194 2111 401 2181 σχῆμα.
438 2113 472 2181 ἢ
504 2113 744 2184 δηλονότι
769 2118 797 2167 6
824 2116 914 2169 διὰ
936 2114 1045 2168 τῶν
1078 2116 1440 2187 πραγμάτων,
1478 2119 1571 2171 καὶ
1602 2117 1776 2186 λόγων

194 2204 287 2274 τῆς
316 2203 656 2276 θεοπρεποῦς
689 2207 845 2273 ἀξίας
887 2207 1335 2279 ὑποϐεϐηκότων,
1388 2208 1479 2263 καὶ
1530 2207 1665 2261 πολὺ
1716 2207 1777 2261 τὸ

195 2296 415 2347 ἔλαττον
447 2297 700 2366 ἐχόντων,
741 2299 774 2369 ἢ
808 2300 868 2351 ἐν
909 2297 1105 2370 οἷσπερ
1149 2294 1218 2370 ἦν
1248 2299 1455 2370 γυμνὸς
1500 2300 1580 2352 ἔτι
1621 2300 1775 2371 παρὰ

197 2386 365 2456 “arpi.
398 2386 594 2455 Λόγος,
623 2388 715 2441 καὶ
746 2388 1095 2459 άσύμπλοκος
1132 2390 1234 2459 τῆς
1273 2389 1368 2443 τοῦ
1410 2389 1599 2444 δούλου
1641 2406 1776 2462 μορ-

198 2479 334 2546 φῆς;
384 2477 501 2531 Ποῦ
530 2480 639 2550 γάρ
664 2479 802 2543 ὅλως
835 2478 998 2533 αὑτὸν
1041 2479 1476 2552 καταὸεϐηκέναι
1507 2482 1775 2551 φήσομεν,

198 2571 243 2622 εί
270 2569 342 2639 μή
395 2586 452 2622 τι
487 2571 583 2623 καλ⁸
633 2570 742 2626 τῶν
785 2572 914 2643 παρ’
945 2570 1103 2638 ἀξίαν
1156 2572 1444 2643 ὑπομεῖναι
1492 2571 1777 2643 δώσομενς

202 2662 391 2728 Γέγονε
442 2660 560 2725 πῶς
591 2662 650 2713 ἐν
684 2662 984 2733 ἀνθρώπων
1026 2665 1334 2735 ὁμοιώματι
1380 2665 1522 2719 κατά
1554 2664 1651 2736 τὴν
1683 2665 1778 2719 τοῦ

204 2751 413 2805 Παύλου
446 2752 649 2823 φωνὴν,
685 2756 733 2807 εί
769 2754 843 2826 μὴ
889 2755 951 2808 τὸ
986 2755 1293 2825 ἀνθρώποις
1319 2756 1531 2828 πρέπον
1572 2758 1779 2828 ἐμιμή-

204 2859 364 2908 σατο;
436 2843 679 2914 Πρᾶγμα
743 2846 805 2902 οέ
865 2846 1175 2918 ἀνθρώποις
1231 2848 1682 2919 πρεπωδέστατον
1742 2850 1776 2920 ή

202 2932 590 3006 προσκύνησις,
621 2934 696 2998 ὡς
725 2936 784 2988 ἐν
810 2936 1121 3008 ὀφλήματος
1140 2938 1292 3005 τάξει
1326 2938 1688 3011 κατατιομὲνη
1718 2957 1779 2993 τε

202 3026 291 3078 καὶ
344 3027 740 3097 προσαγομένη
807 3028 943 3099 παρ’
992 3028 1151 3099 ήμῶν
1214 3028 1294 3099 τῷ
1356 3029 1495 3100 Θεῷ.
1567 3030 1779 3085 Οὐκοῦν

1871 576 2139 629 rationem
2176 592 2188 628 :
2226 581 2312 641 at,
2373 574 2420 629 si
2488 580 2546 628 tu
2587 574 2844 629 eximiam
2888 579 2943 628 ct
2973 569 3439 642 supernaturalem

1872 665 2237 721 humilitatem
2286 664 2509 727 videris,
2552 663 2987 721 admirabundus
3027 663 3172 725 subi,
3206 676 3314 715 non
3349 675 3443 714 ac-

1871 764 2115 820 cusator,
2141 771 2248 810 non
2270 755 2659 819 calumniator,
2696 757 2794 811 sed
2835 757 3103 811 imitator.
3144 754 3306 808 Tales
3342 767 3443 806 nos

1871 847 2045 903 videri
2092 846 2208 901 vult
2245 845 2471 911 Paulus,
2511 846 2740 901 dicens:
2791 866 2811 898 ‹
2877 845 2993 902 Hoc
3039 846 3184 902 enim
3248 844 3447 899 sentite

1875 939 2251 1007 unusquisque
2285 937 2339 990 in
2366 936 2551 1001 vobis,
2575 935 2724 1005 quod
2742 944 2794 990 et
2813 935 2868 989 in
2895 935 3116 990 Christo
3149 934 3276 990 Iesu
3301 953 3313 989 :
3349 934 3443 1002 qui

1872 1046 1995 1087 cum
2028 1030 2204 1084 forma
2236 1027 2327 1083 Dei
2369 1034 2537 1091 esset,
2580 1042 2689 1081 non
2721 1025 2971 1096 rapinam
3018 1025 3318 1079 arbitratus
3362 1033 3445 1078 est

1873 1138 1997 1179 esse
2024 1137 2083 1178 se
2104 1121 2367 1191 aequalem
2412 1118 2544 1183 Deo,
2597 1118 2692 1174 sed
2728 1118 3082 1187 semetipsum
3123 1117 3443 1177 exinanivit,

1874 1216 2105 1270 formam
2138 1214 2281 1269 servi
2307 1211 2608 1282 accipiens.
2629 1211 2684 1265 in
2716 1208 3131 1265 similitudinem
3166 1208 3446 1261 hominum

1874 1305 2076 1369 factus,
2114 1313 2168 1361 ct
2210 1303 2429 1358 habitus
2456 1302 2709 1358 inventus
2770 1307 2830 1355 ut
2881 1300 3077 1365 homo,
3138 1298 3451 1353 humiliavit

1874 1394 2231 1465 semetipsum
2255 1395 2320 1449 ⁸⁸.
2362 1413 2380 1445 ι
2419 1395 2581 1464 186
2615 1391 2775 1448 Vides
2800 1398 2859 1447 ut
2901 1390 3231 1445 humilitatis
3261 1405 3447 1445 citem-

1873 1486 2022 1556 plum
2047 1485 2206 1541 nobis
2230 1484 2409 1540 factus
2439 1485 2509 1540 sit
2542 1483 2737 1548 Filius,
2771 1482 3021 1555 quamvis
3053 1481 3106 1535 in
3139 1480 3450 1551 aequalitate

1875 1576 1946 1632 sit
1979 1575 2182 1640 Patris,
2216 1585 2270 1631 et
2302 1574 2497 1639 forma,
2547 1582 2609 1629 ut
2641 1575 2908 1645 scriptum
2942 1579 3048 1637 est,
3099 1572 3193 1627 sed
3229 1580 3452 1642 prepter

1876 1682 1977 1723 nos
2031 1667 2084 1721 in
2140 1666 2508 1721 voluntariam
2560 1664 2927 1721 obedientiam
2976 1672 3031 1719 et
3088 1662 3451 1717 humilitatem

1874 1757 2258 1812 descenderit?
2281 1756 2568 1821 Quomodo
2597 1755 2767 1825 igitur
2789 1754 3117 1809 obedientia:
3151 1758 3245 1805 aut
3275 1751 3454 1805 humi-

1876 1847 2049 1903 litatis
2081 1847 2298 1901 habitus
2332 1846 2489 1901 aliter
2520 1856 2839 1915 appareret,
2876 1860 3040 1915 quam
3070 1860 3135 1899 ex
3179 1843 3345 1898 rebus
3389 1857 3453 1895 ac

1877 1940 2223 1996 sermonibus
2253 1938 2436 1993 divina
2466 1937 2734 2007 dignitate
2763 1937 3141 1997 inferioribus,
3188 1935 3453 2005 longeque

1877 2030 2185 2084 minoribus
2218 2042 2383 2097 quam
2418 2026 2598 2080 Verbo
2627 2027 2772 2081 nudo
2808 2026 2989 2081 adhuc
3041 2025 3273 2080 necdum
3309 2027 3455 2079 servi

1880 2122 2067 2177 formm
2119 2120 2416 2189 coniuncto
2447 2119 2818 2173 conveniant?
2855 2117 3143 2184 Quomodo
3177 2117 3323 2171 enim
3362 2117 3455 2172 de-

1878 2210 2161 2268 sceudisse
2188 2225 2311 2264 eum
2342 2210 2611 2271 dicemus.
2650 2210 2756 2263 nisi
2808 2209 3068 2279 quiddam
3121 2221 3243 2263 eum
3273 2224 3303 2262 a
3355 2224 3455 2263 sua

1878 2300 2143 2370 dignitate
2199 2299 2438 2353 alienum
2496 2299 2606 2367 pati
2660 2298 2998 2353 fatebimur?
3053 2297 3342 2364 Quomodo
3400 2300 3454 2351 in

1878 2391 2296 2447 similitudinem
2353 2391 2633 2443 hominum
2697 2391 2878 2445 factus
2916 2400 3024 2455 est,
3082 2392 3241 2459 juxta
3298 2390 3454 2444 Pauli

1879 2484 2227 2545 sententiam,
2282 2482 2328 2537 si
2362 2482 2508 2550 quod
2559 2481 2876 2537 hominibus
2919 2482 3177 2551 congruit
3217 2496 3326 2536 non
3384 2482 3457 2536 sit

1880 2573 2173 2628 imitatus?
2219 2572 2757 2628 Convenientissima
2793 2587 2924 2627 vero
2959 2587 3049 2627 res
3080 2582 3166 2629 est
3219 2572 3457 2627 homini-

1880 2663 2005 2728 bus,
2048 2663 2317 2728 adoratio,
2376 2678 2538 2734 quam
2577 2678 2679 2718 nos
2736 2662 2845 2719 Deo
2900 2673 3159 2735 tanquam
3213 2663 3454 2720 debitam

1880 2754 2179 2811 deferimus
2205 2765 2366 2825 atque
2396 2754 2770 2824 rependimOS.
2796 2754 2982 2825 Itaque
3011 2756 3207 2811 adorat
3237 2755 3458 2826 quidem

1880 2854 1941 2902 ut
1972 2846 2154 2912 homo,
2184 2846 2623 2916 quandoquidem
2659 2847 2833 2902 factus
2854 2858 2936 2903 est
2967 2847 3165 2912 homo;
3192 2848 3454 2902 adoratur

1880 2951 2012 2991 vero
2066 2952 2285 3008 semper
2321 2952 2444 2991 cum
2481 2936 2666 3003 Patre,
2728 2938 2857 3008 quia
2915 2936 3058 2992 Deus
3097 2945 3179 2993 est
3240 2938 3457 3009 eritque

1882 3030 2184 3085 secundum
2245 3036 2524 3092 naturam,
2558 3043 2622 3083 ac
2655 3044 2840 3084 verus.
2897 3027 3005 3083 Sed
3069 3044 3179 3083 non
3235 3030 3287 3083 id
3321 3028 3460 3083 feret

204 3120 501 3186 προσκυνεῖ
528 3119 626 3190 μὲν
652 3119 727 3183 ὡς
766 3119 1069 3190 ἄνθρωπος,
1104 3121 1193 3174 ὅτε
1218 3122 1439 3190 γέγονεν
1471 3122 1777 3193 ἄνθρωπος,

1884 3120 2065 3175 denuo
2099 3118 2468 3181 adversarius,
2495 3132 2685 3172 verum
2719 3116 2773 3171 in
2806 3132 2907 3171 nos
2939 3116 3024 3171 his
3055 3116 3241 3171 verbis
3272 3117 3461 3171 insur-

203 3211 588 3280 προσκυνεῖται
621 3209 677 3263 δέ
698 3210 785 3274 ἀεὶ
815 3210 952 3280 μετὰ
984 3211 1215 3281 Πατρὸς,
1248 3212 1371 3264 ἐπεὶ
1400 3211 1531 3275 Θεός
1565 3213 1683 3265 ἐστί
1717 3229 1777 3265 τε

1885 3222 1974 3283 get
1991 3231 2005 3268 :
2029 3211 2176 3265 «Νοιί
2196 3210 2530 3267 commoveri
2545 3226 2669 3263 cum
2689 3208 2888 3261 Filium
2905 3208 3137 3262 adorare
3152 3207 3410 3265 dicimus.
3435 3229 3456 3262 ι

204 3300 289 3353 καὶ
345 3299 507 3355 ἔσται
560 3303 702 3355 κατὰ
759 3302 955 3371 φύσιν,
1001 3303 1098 3357 καὶ
1143 3302 1415 3374 ἀληθινός.
1493 3304 1633 3357 Ἀλλ’
1679 3305 1781 3358 οὐκ

203 3390 450 3455 ἀνέξεται
487 3393 650 3447 πάλιν
679 3396 707 3448 6
738 3394 804 3447 δι’
837 3393 1105 3459 ἐναντίας,
1148 3396 1323 3448 ἐκεῖνο
1346 3396 1403 3448 δὲ
1431 3394 1606 3463 λέγων
1646 3396 1781 3450 άνα-

208 3484 463 3553 στήσεται
490 3502 505 3517 ο
558 3486 649 3557 Μὴ
699 3486 904 3551 ξενίζον
952 3489 1277 3558 προσκυνεῖν
1324 3487 1413 3540 ὅτε
1460 3487 1644 3557 φαμὲν
1690 3488 1782 3541 τὸν

207 3575 346 3629 Υἰόν.
391 3579 474 3632 Οὐ
507 3576 617 3650 γὰρ
640 3578 811 3644 οὕτως
841 3579 1065 3649 οἰόμεθα
1095 3579 1290 3649 χρῆναι
1322 3582 1648 3651 προσκυνεῖν
1680 3580 1776 3633 au-

206 3667 289 3720 τὸν
329 3667 414 3739 τῷ
467 3670 660 3739 Πατρὶ,
707 3670 895 3742 ὥσπερ
930 3666 1023 3724 οῦν
1055 3669 1245 3740 ἀμέλει
1289 3670 1384 3722 καὶ
1412 3670 1580 3740 ἡμᾶς,
1616 3669 1652 3738 ἢ
1692 3669 1785 3723 καὶ

209 3754 469 3822 ἀγγέλους
487 3755 668 3825 τυχὸν,
694 3756 807 3808 ἀλλ’
829 3754 1103 3828 ἐξαίρετός
1126 3756 1208 3818 τίς
1236 3756 1383 3809 ἐστιν
1408 3757 1440 3826 ἡ
1476 3756 1786 3827 προσκύνη-

211 3857 306 3904 σις,
354 3842 456 3896 καὶ
502 3842 637 3896 πολὺ
667 3843 768 3913 τῆς
801 3846 933 3915 παρ’
974 3844 1133 3915 ήμῶν
1174 3845 1231 3897 ἐν
1261 3842 1529 3915 ἀμείνοσι.
1581 3843 1647 3896 Τί
1692 3839 1787 3897 οῦν

211 3928 335 3998 πρὸς
356 3928 535 3983 ταῦτα
557 3929 719 3985 πάλιν
740 3930 972 4002 ἐροῦμεν
991 3932 1149 4002 ἡμεῖς
1169 3948 1183 3996 ;
1220 3932 1310 3995 Ὧς
1331 3930 1786 4003 ἀξιολογωτάτην,

211 4014 483 4087 ἄνθρωπε,
520 4016 818 4087 περιτιθεὶς
849 4017 927 4087 τῷ
952 4019 1253 4088 Μονογενεῖ
1278 4019 1380 4090 τὴν
1406 4018 1669 4084 δουλείαν,
1693 4021 1787 4073 καὶ

212 4104 478 4159 οἰκετικὸν
507 4105 724 4177 ἀξίωμα
754 4108 867 4170 τοῖς
892 4107 953 4171 ἐξ
984 4107 1202 4179 ἀπάτης
1234 4108 1666 4180 καταχρυσώσας
1698 4108 1788 4161 λό-

214 4208 322 4259 γοις
352 4193 518 4258 τισὶν,
551 4194 651 4248 οίει
682 4194 1179 4265 παρακρουόμενος.
1221 4195 1434 4249 Παῦσαι
1463 4194 1701 4260 δοξάζων
1728 4196 1788 4249 ἐν

214 4280 401 4352 ἀτιμίᾳ
459 4282 550 4334 τὸν
596 4282 759 4343 Υῖδν,
809 4283 897 4336 ἵνα
950 4283 1139 4355 μείνῃς
1181 4283 1357 4353 τιμῶν
1399 4282 1491 4337 τὸν
1532 4282 1772 4355 Πατέρα.

222 4384 237 4415 ι
257 4366 314 4418 '0
336 4367 450 4438 γὰρ
475 4366 551 4437 μὴ
579 4369 754 4439 τιμῶν
781 4368 872 4422 τὸν
898 4369 1048 4434 Υἱδν,
1077 4370 1201 4424 ούδέ
1222 4370 1314 4425 τὸν
1344 4370 1564 4441 Πατέρα
1583 4372 1741 4442 τιμᾷ,
1762 4391 1783 4423 ι

1882 3301 1995 3357 Nec
2037 3300 2186 3355 enim
2233 3298 2570 3352 arbitramur
2600 3296 2778 3366 ipsum
2828 3296 3061 3351 adorare
3104 3294 3322 3350 Patrem
3359 3297 3460 3352 de-

1885 3393 2015 3448 bere
2047 3390 2238 3447 eodem
2273 3387 2437 3443 modo
2470 3402 2578 3457 quo
2608 3395 2702 3441 aut
2729 3387 2892 3441 etiam
2924 3386 3100 3455 angeli
3133 3386 3293 3442 verbi
3335 3402 3460 3457 gra~

1884 3484 2001 3548 tia;
2034 3482 2129 3538 sed
2177 3479 2434 3537 eximiam
2476 3477 2766 3549 quamdam
2815 3477 3192 3532 adorationem
3226 3492 3369 3542 esse,
3406 3488 3462 3534 et

1885 3585 2074 3631 nostra
2108 3575 2266 3644 longe
2299 3572 2753 3643 priestantiorem.
2785 3569 2925 3635 Quid
2990 3568 3158 3638 igitur
3215 3569 3281 3622 ad
3342 3570 3457 3626 haec

1888 3682 2105 3721 rursum
2129 3662 2421 3719 dicemus?
2452 3660 2675 3730 Nempe,
2708 3674 2742 3713 ο
2782 3658 3038 3728 quisquis
3065 3673 3148 3723 es,
3205 3659 3463 3729 imposita

1885 3754 2179 3825 Unigenito
2213 3753 2496 3816 servitute,
2536 3759 2591 3806 et
2622 3749 2863 3805 versutis
2892 3749 3246 3805 sermonibus
3280 3749 3462 3819 digni-

1888 3857 2000 3903 tate
2036 3846 2224 3901 famuli
2254 3845 2517 3900 deaurata
2564 3857 2760 3913 speras
2790 3849 2844 3897 te
2897 3855 2997 3896 nos
3028 3840 3458 3895 ludiﬁcaturum.

1888 3939 2087 3995 Desine
2117 3937 2313 3993 Filium
2344 3935 2647 4009 ignominia
2688 3934 2977 3996 decorare,
3018 3938 3078 3985 ut
3108 3928 3332 3984 Patrem
3364 3928 3464 3985 ho.-

1889 4047 2086 4089 norare
2115 4045 2347 4102 pergas:
2388 4049 2407 4083 ι
2441 4028 2545 4096 Qui
2574 4026 2719 4083 enim
2744 4042 2857 4080 non
2878 4024 3207 4078 honoriﬁcat
3237 4023 3467 4087 Filium,

1888 4140 2065 4195 neque
2082 4123 2294 4178 Patrem
2320 4120 2668 4185 honoriﬁcat,
2703 4137 2722 4171 ι
2751 4127 2809 4173 ιιι
2832 4117 3094 4186 scriptum
3117 4125 3201 4171 est
3222 4117 3289 4172 ⁸⁷.
3321 4115 3463 4181 Quid

1889 4217 2060 4283 enim,
2088 4229 2296 4286 quaeso.
2338 4214 2405 4268 ad
2458 4213 2767 4269 libertatem
2824 4208 3070 4280 proderit
3122 4206 3284 4270 Filio,
3320 4207 3469 4277 quod

1890 4323 2014 4365 eum
2049 4306 2247 4362 eximia
2290 4304 2527 4375 quadam
2564 4302 2782 4356 ratione
2831 4298 3173 4353 adoramus?
3212 4296 3465 4364 Quandiu

1892 4398 2037 4454 enim
2071 4397 2215 4452 inter
2273 4395 2597 4450 adoratores
2647 4392 2991 4462 reperietur,
3027 4389 3221 4459 utique
3274 4404 3477 4446 servus

217 4453 387 4561 καθὼς
415 4455 746 4525 γέγραπται.
772 4458 837 4510 Τί
862 4458 992 4529 γὰρ,
1024 4459 1144 4512 εἰπέ
1175 4476 1283 4529 μοι,
1318 4459 1454 4529 πρὸς
1480 4459 1780 4532 ἐλευθερίαν

1892 4490 2017 4555 erit,
2059 4488 2186 4542 licet
2218 4486 2461 4543 eximius
2518 4484 2777 4539 adorator
2832 4497 2957 4537 esse
2990 4489 3316 4535 censeatur:
3371 4494 3493 4535 nem

217 4541 390 4612 ὀνήσει
441 4543 532 4597 τὸν
582 4544 879 4616 Μονογενῆ,
928 4546 991 4599 τὸ
1029 4545 1305 4618 ἐξαίρετον
1336 4547 1607 4600 ποιεῖσθαι
1651 4548 1784 4618 παρ’

218 4630 356 4698 ἡμᾶς
422 4631 523 4700 τὴν
590 4632 997 4704 προσκύνησιν;
1067 4633 1213 4696 Ἕως
1272 4633 1382 4705 γὰρ
1446 4632 1512 4687 ἂν
1567 4635 1625 4688 ἐν
1676 4636 1788 4699 τοῖς

220 4716 607 4787 προσκυνοῦσιν
689 4719 1046 4791 εὑρίσκηται,
1104 4719 1289 4784 δοῦλος
1346 4720 1499 4774 ἔσται
1547 4721 1785 4789 πάντως,

221 4803 306 4855 καὶ
344 4806 393 4857 εί
427 4807 595 4858 νοοῖτο
617 4807 995 4877 προσκυνητὴς
1022 4806 1314 4879 ἐξαίρετος,
1360 4809 1547 4864 διοίσει
1585 4810 1642 4864 δὲ
1677 4808 1787 4864 τῶν

222 4892 529 4963 κτισμάτων
585 4893 726 4947 κατὰ
789 4893 889 4963 μὲν
942 4893 1003 4945 τὸ
1041 4889 1178 4949 εῖναι
1240 4895 1464 4965 γενητὸς
1516 4895 1787 4967 οὐδαμῶς,

224 4981 510 5051 ὑπεροχαῖς
534 4980 590 5034 δὲ
633 4981 792 5050 μόνον
817 4984 934 5045 ταῖς
967 4981 1174 5047 ἄλλαις,
1208 4983 1397 5055 ὥσπερ
1427 4984 1731 5057 ἀνθρώπων
1760 4985 1791 5039 6

224 5067 458 5140 Μιχαὴλ,
505 5067 539 5138 ἥ
586 5068 680 5121 καὶ
726 5069 887 5140 ὲτὲρα
929 5086 1013 5133 τις
1063 5070 1171 5124 τῶν
1219 5070 1414 5140 άγίων,
1456 5072 1551 5125 καὶ
1597 5072 1789 5144 λογικὴ

225 5154 467 5227 δύναμις,
491 5150 606 5231 ᾖτδ
629 5156 727 5227 μὲν
750 5154 1007 5228 προύχειν
1028 5159 1136 5212 τῶν
1156 5160 1248 5212 ἐπὶ
1273 5158 1371 5228 τῆς
1394 5159 1496 5228 γῆς
1519 5159 1792 5223 ούσιωδῶς

228 5245 411 5314 ὁρᾶται
437 5246 844 5317 προσ-πεφυκὸς,
866 5246 899 5317 ἢ
925 5246 1066 5300 κατὰ
1085 5246 1175 5300 τὸν
1197 5246 1295 5316 τῆς
1316 5245 1598 5316 ἁγιότητος
1618 5245 1798 5314 λόγον,

229 5330 260 5401 ἢ
304 5332 395 5385 καί
444 5349 550 5386 τινι
588 5330 745 5403 δόξης
785 5332 1126 5404 πλεονασμῷ,
1175 5332 1331 5397 δόξαν
1359 5332 1503 5387 οὕτω
1546 5333 1625 5404 τῷ
1662 5320 1799 5387 παν-

230 5435 329 5473 των
373 5421 764 5494 ἀριστοτέχνῃ,
812 5422 933 5474 τότε
990 5421 1097 5491 μὴν
1156 5425 1269 5484 τοῖς
1315 5422 1561 5492 γενητοῖς
1613 5438 1800 5474 συντε-

230 5506 437 5576 τάχθαι,
464 5508 605 5562 κατὰ
623 5510 714 5562 τὸν
735 5508 827 5561 τοῦ
853 5507 1183 5577 πεποιῆσθαι
1211 5508 1386 5576 λόγον,
1418 5510 1552 5581 πρὸς
1572 5509 1641 5562 τὰ
1663 5508 1798 5564 ἄλλα

232 5598 422 5654 κοινόν.
448 5600 655 5653 υύκοῦν
680 5598 977 5670 οὐδαμόθεν
1006 5600 1065 5653 τὸ
1097 5596 1236 5654 εἶναι
1259 5603 1484 5672 γενητὸς
1522 5604 1577 5657 ἐν
1602 5602 1797 5673 Πατρὶ,

291 5779 332 5809 ⁸³
371 5776 603 5848 Philipp.
635 5794 701 5843 ιι,
731 5777 783 5841 7,
808 5779 859 5834 8.
939 5780 981 5809 ⁸⁷
1010 5777 1167 5834 Joan.
1194 5795 1245 5844 v,
1279 5778 1365 5834 2'5.

1895 4594 2168 4652 quaquam
2198 4586 2383 4633 autem
2422 4575 2707 4631 creaturis.
2741 4573 3032 4644 prastabie
3081 4587 3193 4643 qua
3248 4580 3489 4628 creatus.

1894 4680 1995 4736 est.
2037 4672 2132 4727 sed
2162 4672 2268 4724 alia
2310 4670 2580 4725 duntaxat
2632 4665 2981 4731 excellentia,
3008 4663 3492 4735 quemadmodum.

1897 4763 2217 4819 hominibus
2247 4760 2496 4823 Michael,
2531 4767 2625 4813 aut
2655 4758 2764 4811 alia
2793 4756 3040 4827 quaedam
3078 4764 3269 4809 sancta
3296 4763 3347 4809 et
3383 4754 3470 4807 in-

1897 4855 2222 4912 tellectualis
2248 4853 2444 4919 virtus,
2476 4867 2598 4922 qua:
2647 4858 2845 4906 natura
2877 4864 2978 4905 sua
3013 4847 3337 4901 mortalibus
3367 4861 3467 4899 an-

1900 4948 2125 5011 tecellit,
2158 4956 2253 5002 aut
2283 4947 2499 5001 ratione
2524 4942 2861 5007 sanctitatis,
2902 4948 2999 4995 aut
3023 4939 3259 5010 quadam
3292 4939 3438 4990 abun

1897 5041 2080 5097 dantia
2134 5041 2343 5112 gloriae,
2399 5039 2475 5092 ita
2527 5037 2749 5092 volenter
2802 5031 3181 5089 universitatis
3225 5027 3469 5098 opiﬁce:

1897 5142 2280 5190 verumtamen
2306 5139 2591 5203 quatenus
2638 5135 2821 5183 creata
2860 5133 2975 5189 est,
3024 5123 3079 5177 id
3136 5121 3297 5175 habet
3345 5133 3485 5173 cum,

1903 5226 2117 5282 (veteris
2153 5238 2466 5291 commune,
2500 5230 2560 5276 ut
2588 5222 2643 5275 in
2676 5226 3053 5275 creaturarum
3094 5213 3287 5268 ordine
3318 5225 3478 5281 repa-

1900 5316 2271 5388 naturJgitur
2293 5315 2407 5372 ﬁeri
2428 5329 2535 5370 non
2559 5319 2737 5384 potest
2758 5317 2817 5364 ιιι
2834 5307 3073 5362 Verbum
3097 5319 3205 5359 non
3229 5304 3300 5360 sit
3321 5317 3477 5358 crea—

1902 5423 2017 5469 tum
2042 5413 2096 5467 in
2113 5410 2276 5466 Patre
2298 5418 2351 5464 et
2367 5424 2431 5465 ex
2456 5406 2618 5461 Patre
2637 5400 2968 5459 naturaliter
2994 5396 3321 5468 procedens,
3349 5394 3474 5449 licet

1903 5505 2180 5578 praecipuo
2224 5502 2374 5572 [87
2418 5497 2654 5571 quodam
2712 5492 2876 5547 modo
2941 5490 3171 5545 adorare
3233 5487 3471 5541 dicatur.

1910 5596 2271 5669 Atquomodo
2302 5610 2391 5651 res
2420 5585 2874 5663 productaFilius
2902 5598 3021 5641 esse
3040 5588 3237 5653 potest,
3260 5584 3491 5646 autquo-
