4118 6560
640 329 746 385 307
1611 323 1666 378 S.
1696 321 1976 379 CYlilLLl
2007 318 2475 375 ALEXANDRINI
2510 319 2827 379 ARCHlEP.
3786 334 3875 393 ωε

642 454 807 518 pacto
840 446 1104 504 Dominus
1137 444 1279 509 erit,
1328 443 1422 513 qui
1461 456 1658 499 servus
1702 452 1757 497 et
1792 442 2056 496 adorator
2085 439 2217 496 est?

2321 438 2415 491 καὶ
2451 439 2514 492 ὲκ
2556 440 2770 512 Πατρὸς
2810 445 3055 512 φυσικῶς
3092 446 3431 518 διαφεύξεται
3471 452 3499 504 ὁ
3555 452 3745 521 Λόγος,
3788 458 3875 512 κᾶν

642 539 779 595 Nam
810 555 931 597 mea
974 538 1199 610 quidem
1244 536 1519 592 sententia
1566 535 1715 605 regis
1764 550 1828 588 ar.
1872 534 2082 589 domini
2136 531 2220 585 di-

2324 527 2616 600 ἐξαιρέτως
2661 530 2887 604 λέγηται
2937 543 3278 607 προσκυνεῖν.
3334 537 3463 593 Εἶτα
3518 542 3637 605 πῶς
3666 543 3783 608 Υἱὸς
3805 545 3873 601 ἔτι

642 634 822 704 gnitas
867 634 923 688 in
955 647 1020 688 eo
1053 632 1253 694 elucet,
1303 631 1450 700 quod
1499 630 1627 701 quis
1668 630 1971 704 adoratur;
2028 625 2220 680 famuli

2321 621 2381 672 τὸ
2407 623 2651 694 ποιηθὲν,
2682 626 2714 698 ἢ
2748 628 2863 692 πῶς
2891 628 2971 682 ἔτι
3008 630 3211 704 Κύριος
3240 636 3268 687 ὁ
3292 633 3493 698 δοῦλος,
3526 638 3625 688 καὶ
3652 636 3873 709 λάτρης;

643 740 775 781 vero
804 740 868 779 ac
897 724 1039 780 servi
1078 723 1357 789 conditio,
1394 724 1448 776 in
1486 738 1551 777 eo
1581 721 1730 791 quod
1768 722 1897 791 quis
1934 718 2217 775 adoratio-

2323 709 2490 785 Οἶμαι
2519 716 2626 789 γὰρ
2653 718 2828 787 ἔγωγε
2849 722 2910 774 τὸ
2941 723 3042 793 μὲν
3065 724 3344 794 βασιλικόν
3366 744 3425 780 τε
3463 727 3559 780 καὶ
3582 728 3873 784 δεσποτικὸν

642 833 768 873 nem
800 826 855 872 et
886 817 1096 872 cultum
1129 816 1292 875 alicui
1325 815 1521 872 defert.
1552 812 1991 868 Existimandum
2018 811 2220 880 quippe

2323 807 2381 858 ἐν
2423 808 2499 877 τῷ
2552 814 2979 880 προσκυνεῖσθαι
3038 816 3367 887 διαλάμπειν
3428 818 3680 890 ἀξίωμα·
3728 822 3785 873 τὸ
3828 825 3875 877 δὲ

643 910 807 965 nobis
848 916 933 964 est
978 923 1253 983 summam
1303 908 1451 962 illam
1497 914 1552 962 et
1606 920 1918 976 supremam
1975 903 2219 957 omnium

2321 897 2588 951 οἰκετικόν
2642 917 2700 953 τε
2755 903 2849 957 καὶ
2897 904 3296 977 δουλοπρεπὲς,
3356 909 3413 961 ὲν
3445 907 3523 978 τῷ
3577 915 3873 979 προσκυνεῖν

644 1008 899 1057 naturam
935 1000 1160 1057 subdito
1197 1001 1433 1056 similem
1470 999 1608 1055 fore.
1632 999 1902 1065 Quocirca
1920 994 2121 1065 Moysis
2157 993 2221 1045 il-

2321 990 2601 1060 ὁρίζεσθαι
2625 995 2843 1066 μέτρον.
2874 996 2966 1068 Τῷ
2990 996 3099 1069 γὰρ
3127 999 3485 1052 ὑποπίπτοντι
3518 1001 3669 1070 ἡμᾶς
3694 1000 3873 1057 οἴεσθαι

644 1094 751 1149 lius
778 1092 1175 1164 sapientissimi
1204 1108 1300 1147 ore
1330 1092 1539 1147 dictum
1569 1098 1654 1146 est
1689 1098 1963 1145 creaturae
1995 1086 2220 1139 univer-

2321 1082 2403 1135 δεῖ
2432 1084 2531 1155 τὴν
2570 1086 2974 1161 ὑπερκειμένην
3007 1091 3101 1145 καὶ
3134 1092 3320 1145 ἐπάνω
3356 1092 3578 1146 πάντων
3610 1093 3873 1162 ὁμολογουο

643 1200 720 1241 sa:
747 1205 761 1240 :
794 1204 812 1237 ι
848 1184 1144 1239 Dominum
1177 1183 1345 1239 Deum
1379 1192 1530 1239 tuum
1563 1183 1824 1237 adorabis
1846 1220 1859 1244 ,
1892 1188 1943 1234 et
1977 1178 2081 1247 ipsi
2114 1175 2218 1231 suli

2326 1176 2492 1247 μένην
2539 1178 2718 1246 φύσιν.
2760 1180 3047 1253 Τοιγάρτοι
3080 1184 3173 1236 καὶ
3202 1184 3349 1255 πάσῃ
3376 1187 3440 1255 τῇ
3470 1184 3650 1238 κτίσει
3686 1185 3769 1238 διὰ
3794 1188 3871 1240 τοῦ

644 1278 855 1333 Servies
902 1277 970 1332 ⁸⁸.
1001 1294 1022 1329 ι
1053 1276 1287 1347 Ideoque
1321 1276 1690 1346 quodcunque
1734 1286 1953 1328 servum
2004 1278 2086 1322 est
2122 1283 2220 1321 na-

2323 1269 2600 1337 πανσόφου
2632 1277 3032 1341 προσεφωνεῖτο
3052 1275 3313 1341 Μωσέως,
3352 1295 3368 1327 ι
3403 1275 3614 1345 Κύριον
3643 1275 3735 1329 τὸν
3762 1276 3871 1331 Θεόν

643 1382 767 1426 tura
811 1379 867 1425 et
908 1370 1134 1425 deitatis
1178 1370 1308 1438 jugo
1349 1367 1627 1428 subditur,
1662 1365 1789 1419 huic
1824 1360 2092 1418 adorandi
2124 1358 2219 1412 Dei

2324 1378 2417 1413 σου
2449 1364 2882 1435 προσκυνήσεις,
2934 1368 3029 1419 καὶ
3071 1367 3221 1438 αὑτῷ
3269 1368 3416 1439 μόνῳ
3474 1368 3817 1439 λατρεύσεις·
3850 1393 3865 1423 ι

643 1462 953 1517 necessitas
982 1460 1287 1523 incumbit,
1325 1466 1379 1513 et
1407 1456 1721 1512 adoratoris
1749 1468 2040 1525 personam
2074 1452 2127 1505 in
2162 1466 2221 1505 se

2322 1454 2460 1508 ὥστε
2493 1456 2601 1527 ὅτῳ
2635 1456 2775 1510 κατὰ
2809 1458 2969 1526 φύσιν
3001 1460 3148 1513 ἐστὶν
3198 1461 3231 1530 ἡ
3275 1460 3507 1524 δουλεία,
3545 1461 3642 1513 καὶ
3677 1462 3773 1515 ὑπὸ
3795 1463 3872 1516 τὸν

643 1552 1002 1623 suscipiendi.
1021 1551 1155 1606 Nam
1188 1566 1311 1605 cum
1346 1550 1558 1621 Moyses
1592 1548 1880 1603 Dominum
1901 1546 2035 1600 dicit
2057 1585 2072 1609 ,
2100 1560 2219 1599 ser-

2321 1549 2419 1616 τῆς
2450 1547 2700 1619 θεότητος
2739 1548 2927 1603 πίπτει
2959 1550 3155 1618 ζυγὸν,
3198 1550 3360 1605 τοῦτο
3406 1552 3471 1622 δὴ
3525 1552 3767 1618 πάντως,
3795 1559 3872 1609 καὶ

641 1660 769 1698 vum
804 1644 1106 1708 discernit,
1140 1651 1193 1697 et
1236 1651 1580 1706 creaturam,
1624 1656 1749 1695 cum
1795 1638 1988 1692 Deum.
2045 1635 2220 1690 Simul

2322 1640 2534 1709 ἀνάγκη
2566 1646 2911 1711 προσκυνεῖν,
2941 1645 3035 1698 καὶ
3056 1644 3135 1713 τῷ
3162 1643 3262 1713 τῆς
3301 1642 3557 1713 λατρείας
3584 1644 3871 1700 ὑποκεῖσθαι

638 1735 784 1788 enim
838 1734 1251 1804 quodammodo
1305 1733 1714 1803 intelliguntur,
1758 1729 1994 1785 invicem
2046 1741 2217 1797 oppo-

2324 1732 2586 1801 σχήματι.
2635 1734 2723 1786 Ἐν
2750 1733 2850 1804 μὲν
2884 1734 2992 1805 γὰρ
3024 1734 3102 1804 τῷ
3131 1738 3305 1788 εἰπεῖν
3335 1735 3562 1807 Κύριον,
3595 1736 3803 1807 διορίζει
3822 1742 3872 1792 τὸ

842 1782 1245 1804 γ-ν--η--ηην
2082 1782 2135 1797 ..

640 1832 846 1879 nuntur
899 1823 1137 1877 naturali
1189 1823 1424 1877 Domino
1472 1822 1698 1893 quidem
1752 1835 1991 1885 servus,
2043 1827 2096 1873 et
2137 1819 2219 1872 in-

2338 1782 2390 1800 ⁷η
2416 1782 2448 1801 UO
2482 1782 2586 1786 ""'
2653 1782 2714 1786 —'
2750 1782 2841 1804 |""
2894 1782 2986 1805 δ”Γ
3036 1782 3097 1804 ’Τ
3133 1782 3297 1788 ’⁷⁷⁷⁷⁷⁷
3336 1782 3562 1807 ““Τ”’⁷⁷
3600 1782 3803 1807 ’⁷⁷Γ’ῗ””
3832 1782 3871 1792 ’ν

2321 1820 2525 1887 δοῦλον,
2558 1823 2617 1875 ἐν
2653 1821 2710 1876 δὲ
2738 1822 2816 1893 τῷ
2852 1822 3003 1888 Θεὸν,
3044 1823 3105 1877 τὸ
3141 1824 3530 1894 πεποιημένον.
3566 1825 3872 1879 Συνεπινοεῑ-

639 1924 841 1968 creatae
874 1914 1105 1973 deitati,
1139 1929 1227 1969 res
1278 1921 1483 1966 creata.
1527 1911 1701 1966 Filius
1737 1919 1919 1965 autem
1942 1952 1956 1974 ,
1991 1925 2118 1963 cum
2151 1908 2220 1962 ab

2321 1932 2409 1967 ται
2448 1915 2556 1986 γάρ
2606 1932 2722 1978 πως
2765 1915 2861 1969 καὶ
2916 1915 3445 1981 ἀντιδιαστέλλεται,
3483 1915 3565 1986 τῷ
3610 1916 3705 1986 μὲν
3753 1920 3870 1972 κατὰ

640 2016 848 2059 aeterno
872 2006 948 2059 sit
973 2004 1029 2058 in
1055 2002 1237 2066 Patre,
1275 2015 1331 2058 et
1358 2004 1619 2058 Dominus
1650 2004 1908 2067 exsistat,
1942 2011 2002 2054 ut
2043 2002 2184 2055 Deus
2204 2040 2217 2063 ,

2323 2000 2485 2068 φύσιν
2518 2002 2709 2073 Κυρίῳ
2751 2003 2812 2055 τὸ
2852 2002 3067 2068 δοῦλον,
3114 2006 3181 2073 τῇ
3215 2004 3272 2056 δὲ
3298 2005 3571 2075 ’ἀγενήτῳ
3603 2004 3799 2076 θεότητι
3822 2009 3871 2059 τὸ

643 2096 920 2151 undenam
956 2096 1191 2150 adorare
1232 2095 1462 2158 debeat,
1511 2110 1615 2165 ego
1660 2095 1877 2164 quidem
1927 2093 2221 2148 ostendere

2324 2093 2603 2163 παραχθὲν
2672 2096 2753 2158 είς
2811 2094 3043 2163 γένεσιν.
3098 2095 3153 2148 Ὁ
3198 2096 3256 2149 δὲ
3302 2097 3429 2160 Υἱὸς
3486 2098 3670 2161 ἀϊδίως
3717 2097 3784 2150 ὦν
3822 2101 3870 2153 ἐν

644 2205 755 2243 non
792 2203 1039 2258 possum.
1072 2186 1177 2241 Sed
1210 2188 1390 2241 deuuo
1420 2202 1603 2256 nugas
1641 2201 1771 2241 suas
1808 2184 1889 2238 illi
1916 2184 2218 2254 proferant.

644 2278 911 2332 Adorabit
934 2317 949 2339 ,
981 2277 1276 2344 inquiunt,
1307 2276 1521 2331 Patrem
1552 2276 1884 2346 Unigenitus
1909 2318 1923 2337 ,
1955 2291 2132 2344 neque
2162 2282 2222 2328 ut

645 2384 870 2431 servus.
908 2383 1086 2436 neque
1121 2374 1180 2419 ut
1212 2375 1471 2421 creatura
1502 2385 1516 2419 :
1554 2366 1650 2420 sed
1701 2373 1762 2419 ut
1810 2366 1953 2420 filius
2009 2365 2222 2435 genito-

643 2475 759 2520 rem
798 2476 981 2517 suum.
1014 2459 1201 2514 Posita
1232 2468 1318 2514 est
1352 2459 1522 2528 igitur
1549 2457 1602 2511 iu
1638 2458 1900 2511 liliatione
1934 2456 2221 2511 adorantis

646 2554 789 2607 ratio
821 2572 835 2619 ;
879 2552 1220 2621 omninoque
1263 2551 1513 2605 dicemus
1547 2550 1884 2605 adorandum
1915 2565 2039 2604 esse
2080 2548 2221 2601 Filio

644 2642 904 2705 Patrem,
938 2649 997 2696 ut
1029 2642 1123 2711 qui
1166 2643 1221 2695 in
1263 2642 1370 2695 hoc
1404 2656 1529 2695 esse
1570 2651 1766 2694 nactus
1796 2640 1901 2701 sit,
1934 2639 2099 2693 sicuti
2130 2654 2226 2693 no-

2325 2655 2498 2691 σαντι.
2527 2639 2922 2710 Παραληπτέον
2946 2638 3038 2695 οῦν
3070 2642 3180 2713 ἄρα
3207 2641 3304 2712 τὴν
3333 2640 3703 2713 προσκύνησιν
3734 2642 3783 2694 ἑν
3803 2641 3865 2711 τῷ

644 2735 733 2791 bis
764 2751 986 2805 quoque
1017 2733 1363 2789 adorandum
1403 2733 1676 2788 incumbit
1712 2748 1777 2788 ex
1815 2747 1879 2785 eo
1913 2731 2060 2801 quod
2104 2730 2224 2784 ani--

2321 2730 2422 2799 τῆς
2454 2731 2702 2802 υῖότητος
2732 2733 2841 2803 ὅρῳ
2862 2774 2875 2797 ,
2923 2733 3017 2786 καὶ
3064 2734 3257 2804 χρῆναι
3288 2734 3509 2796 πάντως
3538 2732 3758 2804 ἐροῦμεν
3792 2735 3865 2787 τὸν

643 2827 806 2881 malia
842 2842 1035 2882 sumus
1069 2827 1287 2881 ratione
1320 2824 1579 2895 praedicta
1602 2865 1615 2887 ,
1654 2831 1709 2879 et
1743 2822 1996 2877 mortalia
2020 2862 2034 2887 ,
2068 2837 2221 2876 men-

2323 2822 2454 2875 Υἱὺν
2486 2826 2812 2894 προσκυνεῖν
2844 2824 2922 2894 τῷ
2954 2825 3131 2895 Πατρὶ
3154 2866 3169 2889 ,
3218 2824 3293 2887 ὡς
3343 2827 3401 2878 ὲν
3450 2824 3629 2895 τούτῳ
3671 2820 3866 2878 τὸεῖναι

643 2919 718 2974 tis
746 2924 801 2971 et
831 2917 1144 2990 disciplina:
1194 2917 1456 2986 capacia,
1507 2916 1692 2987 potius
1735 2931 1900 2985 quam
1948 2914 2115 2969 animi
2160 2930 2225 2969 ac

2324 2914 2579 2985 λαχόντα,
2609 2915 2859 2986 καθάπερ
2884 2911 2976 2967 οὖν
3007 2918 3101 2968 καὶ
3129 2918 3288 2985 ἡμεῖς
3323 2916 3382 2969 ὲν
3400 2915 3481 2985 τῷ
3504 2912 3645 2968 εἶναι
3674 2915 3776 2979 ζῶα
3796 2915 3865 2969 λο-

648 3010 949 3066 voluntatis
995 3016 1170 3065 motu.
1222 3007 1357 3063 Nam
1416 3008 1461 3062 si
1524 3016 1721 3061 natura
1774 3007 2103 3077 Unigenitus
2157 3021 2223 3061 ac

2324 3009 2478 3077 γικά,
2515 3008 2610 3061 καὶ
2640 3008 2831 3078 θνητὰ,
2862 3007 2954 3061 νοῦ
2990 3008 3082 3061 καὶ
3114 3009 3425 3079 ἐπιστήμης
3454 3008 3693 3073 δεκτικὰ,
3724 3008 3864 3078 ἢτοῖς

646 3102 794 3156 velut
831 3117 895 3156 ex
931 3102 1263 3156 necessitate
1311 3100 1545 3170 quadam
1596 3101 1828 3155 adorare
1878 3101 2075 3164 debet,
2121 3101 2223 3153 ita-

2325 3101 2523 3168 ἔξωθεν
2551 3101 2691 3155 κατά
2719 3101 2841 3154 νοῦν
2874 3101 3157 3170 κινήμασι,
3204 3101 3298 3153 καὶ
3340 3103 3457 3163 ταῖς
3489 3102 3556 3154 ὲκ
3585 3101 3864 3171 θελημάτων

646 3206 757 3259 que
818 3190 897 3243 illi
966 3190 1213 3244 sentiunt
1274 3202 1337 3241 ac
1393 3190 1739 3257 prmdicant:
1785 3188 2062 3258 quomodo
2110 3203 2225 3241 non

2328 3196 2521 3263 ῥοπαῖς
2549 3192 2934 3263 ἐπιτρέψομεν.
2982 3194 3044 3245 El
3080 3192 3179 3262 μὲν
3222 3191 3332 3261 γὰρ
3387 3192 3713 3265 ὲνέσπαρται
3751 3192 3863 3245 κατὰ

649 3290 837 3353 aperte
893 3282 947 3335 in
1017 3282 1199 3350 ipsum
1259 3280 1477 3333 Palrem
1536 3293 1765 3348 peccare
1814 3278 2227 3348 deprehenden-

2327 3286 2488 3354 φύσιν
2517 3285 2594 3355 τῷ
2623 3287 2917 3352 Μονογενεῖ
2958 3283 3020 3337 τὸ
3065 3284 3260 3354 χρῆναι
3309 3284 3557 3349 πάντως,
3607 3288 3695 3338 και⁵
3719 3286 3784 3347 ὡς
3818 3284 3865 3348 ἐξ

648 3372 782 3426 tur?
812 3370 1050 3426 Omnino
1081 3369 1228 3423 enim
1262 3381 1491 3422 necesse
1533 3376 1618 3421 est
1662 3368 1838 3435 ipsum
1885 3382 2107 3436 quoque
2144 3375 2226 3420 ta-

2327 3374 2571 3443 ἀνάγκης
2604 3375 2925 3442 προσκυνεῖν
2950 3412 2965 3438 ,
3004 3372 3149 3425 οὑτω
3176 3391 3234 3425 τε
3270 3374 3450 3426 νοοῦσι
3515 3376 3609 3427 καὶ
3658 3375 3860 3443 λέγουσι,

649 3463 753 3517 lem
783 3460 999 3516 censeri
1025 3499 1041 3524 ,
1078 3457 1524 3529 quandoquidem
1569 3454 1691 3524 ejus
1735 3456 1916 3523 imago
1946 3464 2000 3511 et
2029 3456 2227 3511 chara-

2329 3462 2443 3526 πῶς
2484 3464 2546 3516 οὑ
2594 3463 2816 3532 γυμνῶς
2853 3465 2931 3526 είς
2979 3462 3139 3515 αὑτὸν
3177 3463 3566 3526 δυσσεϐοῦντες
3608 3464 3864 3516 ἁλώσονται

649 3562 767 3609 cter
795 3563 880 3607 est
910 3550 1087 3605 Filius
1130 3551 1196 3614 ⁸⁸,
1249 3556 1304 3602 et
1332 3562 1676 3617 quaecunque
1724 3547 1976 3600 eauulem
2028 3555 2082 3600 et
2128 3562 2227 3615 per

2326 3554 2417 3605 τὸν
2452 3553 2707 3624 Πατέρα;
2751 3555 2906 3608 Πᾶσα
2936 3552 3044 3624 γὰρ
3077 3554 3173 3606 καὶ
3215 3554 3377 3605 αὑτὸν
3425 3554 3639 3625 ἀνάγκη
3664 3556 3863 3609 νοεῖσθα.

650 3644 838 3698 omnia
897 3642 1167 3712 aqualem
1226 3638 1639 3699 similitudinem
1707 3637 1947 3704 habent,
1997 3652 2060 3691 ea
2124 3637 2228 3691 uti-

2326 3645 2595 3709 τοιοῦτον,
2641 3645 2873 3717 ἐπείπερ
2902 3647 2996 3700 καὶ
3039 3644 3203 3700 εἰκὼν
3241 3645 3438 3711 αὑτοῦ,
3474 3648 3572 3700 καὶ
3616 3649 3862 3718 χαρακτήρ

649 3752 757 3807 que
791 3736 943 3789 nullo
970 3734 1132 3789 modo
1160 3730 1442 3791 dill'erunt.
1489 3730 1645 3796 Quod
1690 3729 1737 3786 si
1780 3730 1832 3782 in
1881 3729 1999 3785 sola
2031 3729 2225 3783 volun-

2328 3736 2472 3789 ἐστιν
2504 3737 2533 3788 ό
2566 3737 2717 3800 Υἱὸς,
2744 3738 2841 3790 καὶ
2868 3737 3078 3807 ὅσαπερ
3112 3737 3177 3791 ἂν
3211 3740 3268 3791 ὲν
3305 3738 3738 3807 ἀπαραλλάκτως
3777 3738 3859 3789 ὑπ-

2322 2186 2515 2255 Πατρὶ,
2558 2187 2649 2238 καὶ
2682 2186 2887 2257 Κύριός
2936 2204 2998 2240 τε
3056 2189 3318 2262 ὑπάρχων
3359 2188 3435 2252 ὼς
3467 2188 3633 2251 Θεὸς,
3684 2189 3794 2243 ὅθεν
3818 2194 3870 2249 ἂν

2322 2271 2564 2339 φαίνοιτο
2600 2273 2660 2326 τὸ
2694 2278 3023 2344 προσκυνεῖν
3049 2277 3372 2346 ὲποφείλων,
3407 2277 3606 2349 ἀπορῶ
3647 2278 3737 2348 μὲν
3769 2280 3865 2332 ἐπι-

2320 2360 2585 2417 δεικνύειν
2612 2363 2742 2431 ὲγὼ·
2779 2364 3163 2436 φλυαρούντων
3199 2366 3257 2419 δὲ
3283 2366 3443 2419 πάλιν
3478 2366 3695 2419 ἐκεῖνοι.
3716 2367 3865 2436 Προσ-

2323 2454 2585 2524 κυνήσει,
2636 2456 2832 2525 φησιν,
2873 2458 2901 2509 ὁ
2947 2457 3258 2528 Μονογενὴς
3292 2456 3369 2527 τῷ
3408 2458 3586 2526 Πατρὶ
3611 2497 3625 2519 ,
3669 2457 3779 2510 οὔτε
3806 2457 3866 2521 ὡς

2321 2544 2504 2609 δοῦλος
2529 2586 2543 2610 ,
2589 2546 2712 2599 οὑτε
2743 2547 2818 2612 ὡς
2859 2549 3103 2619 ποίημα,
3155 2549 3272 2603 ἀλλ’
3306 2550 3382 2613 ὼς
3427 2550 3559 2611 Υἱὸς
3601 2548 3674 2618 τῷ
3706 2552 3866 2617 γεννή-

652 3839 764 3883 tate
793 3825 913 3881 Filii
947 3827 1189 3897 positum
1223 3839 1350 3879 esse
1392 3823 1618 3885 dicunt,
1663 3821 1813 3890 quod
1871 3820 2085 3875 Patrem
2130 3821 2225 3874 ad-

652 3926 809 3981 oret,
844 3915 1180 3986 coniecturis
1215 3924 1501 3970 moventur
1527 3913 1887 3982 potiusquam
1916 3911 2225 3969 rationibus

652 4010 823 4067 veris.
851 4008 922 4063 At
951 4006 1083 4078 quid
1115 4007 1352 4062 vetuerit
1383 4008 1683 4074 quominus
1718 4003 1811 4057 alii
1850 4002 2224 4059 inconsidera-

653 4116 765 4160 tam
799 4116 910 4175 prte
962 4116 1021 4156 se
1053 4098 1289 4156 ferentes
1321 4098 1576 4168 pietatem
1622 4098 1841 4159 dicant,
1879 4094 2093 4150 Patrem
2134 4095 2229 4149 ad-

653 4211 817 4254 orare
862 4192 1002 4249 velle
1033 4189 1263 4253 Filium,
1293 4189 1545 4259 quamvis
1606 4188 1909 4251 secundum
1972 4200 2224 4244 naturam

654 4302 810 4345 suam
847 4300 959 4346 non
993 4284 1068 4340 sit
1118 4282 1425 4342 adorator?
1476 4280 1582 4336 Sed
1628 4287 2059 4335 consentaneum
2110 4289 2224 4345 est,

656 4380 837 4451 inquit
857 4417 873 4444 ,
911 4384 973 4431 ut
1004 4389 1246 4447 persona
1279 4372 1461 4428 Patris
1483 4372 1554 4427 ab
1585 4371 1907 4431 adoratione
1928 4373 2223 4437 eximatur,

2328 3828 2484 3899 ἀρχοι
2514 3830 2623 3892 τοῖς
2652 3829 2977 3899 ὁμοιώμασι,
3026 3830 3197 3884 ταῦτα
3254 3831 3319 3904 δὴ
3352 3833 3567 3894 πάντως
3595 3831 3707 3884 κατ’
3739 3829 3862 3882 οὐδὲν

2328 3918 2537 3972 διοίσει.
2568 3918 2631 3970 Et
2665 3919 2721 3971 δὲ
2749 3920 2806 3972 ἐν
2835 3920 2981 3990 μόνῳ
3025 3921 3238 3975 κεῖσθαί
3268 3939 3399 3991 φασι
3444 3923 3525 3993 τῷ
3566 3921 3769 3989 θελῆσαι
3792 3919 3860 3971 τὸν

2329 4006 2458 4060 Υίὺν
2495 4008 2789 4077 προσάγειν
2815 4009 2892 4080 τῷ
2926 4011 3101 4080 Πατρὶ
3133 4012 3233 4075 τὴν
3276 4012 3661 4082 προσκύνησιν,
3701 4026 3855 4079 στοχα-

2331 4097 2452 4150 σταὶ
2480 4098 2676 4166 μᾶλλόν
2704 4100 2872 4163 εἰσιν,
2904 4099 2937 4168 ἢ
2981 4100 3083 4169 τῆς
3124 4100 3377 4168 ἀληθείας
3420 4102 3778 4171 ἐπιστήμονες,
3805 4096 3855 4148 Τί

2327 4188 2371 4240 δ’
2398 4188 2464 4241 ἂν
2493 4190 2587 4242 καὶ
2627 4190 2845 4261 ἐτέρους
2874 4190 3115 4244 κωλύσαι
3144 4194 3338 4256 εἰπεῖν,
3382 4191 3739 4262 ῥιψοκίνδυνόν
3760 4205 3853 4241 τινα

2330 4279 2731 4350 πλαττομένους
2757 4280 3060 4347 εὐλάϐειαν,
3090 4285 3172 4337 ὅτι
3188 4283 3410 4351 θελητὸν
3436 4284 3514 4354 τῷ
3535 4284 3698 4353 Πατρὶ
3724 4296 3855 4351 προσ-

2329 4376 2513 4426 κυνεῖν
2552 4373 2628 4443 τῷ
2664 4373 2806 4444 Υἰῷ,
2850 4374 3026 4427 καίτοι
3068 4374 3208 4428 κατὰ
3246 4374 3408 4444 φύσιν
3446 4376 3547 4429 οὑκ
3589 4377 3692 4428 ὄντι
3726 4388 3856 4442 προσ-

655 4447 827 4527 Filius
877 4476 1061 4528 autem
1093 4467 1143 4521 ei
1174 4463 1484 4521 adorationi
1521 4464 1593 4519 sit
1627 4464 1897 4527 obnoxius
1927 4464 2087 4534 eique
2118 4480 2225 4521 non

2333 4465 2581 4534 κυνητῇ;
2641 4463 2778 4515 Ἀλλ’
2821 4464 2972 4528 αὑτὸ,
3022 4465 3178 4533 φησὶ,
3204 4465 3264 4517 τὸ
3305 4465 3538 4536 πρέπον,
3581 4466 3639 4517 τὸ
3672 4465 3757 4534 μὲν
3786 4461 3858 4515 τοῦ

654 4560 818 4630 iuvit.
849 4556 993 4625 Quid
1024 4557 1105 4611 ais
1126 4595 1141 4618 ,
1171 4570 1204 4609 ο
1228 4554 1419 4610 bone!
1438 4553 1593 4609 Tune
1624 4570 1843 4615 rursum
1872 4556 2031 4611 nobis
2066 4556 2230 4626 188

658 4658 920 4717 tanquam
950 4663 1015 4703 ex
1050 4647 1228 4717 adytis
1272 4653 1367 4709 aut
1399 4645 1713 4701 Graecorum
1756 4648 1967 4718 tripode
2011 4649 2229 4717 profers

658 4740 920 4803 oracula,
970 4745 1065 4797 aut
1106 4738 1360 4807 exemplo
1401 4735 1611 4793 Sameze
1665 4738 1815 4801 illius
1867 4738 2111 4795 Elamitae
2161 4742 2232 4797 de

659 4830 825 4895 corde
859 4838 957 4887 tuo
986 4838 1232 4894 eructas,
1272 4844 1379 4895 non
1413 4843 1477 4883 ex
1509 4844 1604 4883 ore
1641 4827 1892 4884 Domini?
1924 4830 1990 4883 Et
2020 4831 2109 4885 hic
2140 4848 2232 4885 no-

661 4923 747 4979 bis
776 4930 1208 4985 consentaneum
1256 4920 1397 4988 illud
1446 4934 1721 4989 opponere
1765 4920 1913 4976 velut
1965 4921 2229 4976 invictum

662 5013 922 5081 quiddam
953 5027 1061 5070 non
1087 5010 1411 5069 erubescis?
1434 5010 1708 5080 Numquid
1752 5012 1897 5064 enim
1934 5021 2231 5067 consenta-

663 5119 826 5159 neum
880 5117 1003 5158 esse
1056 5100 1316 5171 putabis,
1370 5105 1431 5159 ut
1477 5099 1569 5169 qui
1621 5099 1922 5159 secundum
1975 5108 2237 5165 naturam.

666 5194 806 5250 Deus
835 5201 955 5261 est,
987 5192 1157 5253 Deum
1192 5192 1390 5246 habeat
1417 5189 1655 5249 Verbum
1686 5205 1749 5244 ex
1783 5205 1840 5247 se
1870 5190 2111 5260 genilum
2134 5232 2147 5252 .
2183 5201 2238 5256 et

667 5287 714 5341 is
765 5300 925 5354 quem
972 5284 1167 5339 adorat
1209 5282 1393 5337 onmis
1448 5290 1703 5343 creatura
1758 5280 2057 5354 adorabilis
2113 5280 2237 5335 Filii

667 5390 777 5428 non
808 5372 1085 5429 adorantis
1122 5372 1281 5426 Pater
1313 5377 1541 5425 vocetur
1573 5378 1628 5423 et
1671 5370 1743 5423 sit
1785 5370 2024 5427 natura?
2071 5370 2234 5440 Atqui

666 5474 723 5519 te
762 5464 896 5518 nihil
936 5463 1283 5533 sapientibus
1317 5462 1733 5528 dissentaneum
1768 5459 2041 5531 dicturum
2078 5472 2230 5533 puto.

668 5555 950 5622 Quomodo
982 5568 1149 5624 porro
1175 5562 1484 5622 statuemus
1517 5559 1947 5607 consentaneum
1980 5568 2136 5619 esse,
2177 5566 2236 5629 ut

742 5738 784 5769 ⁸³⁸
820 5739 973 5796 Deut.
1011 5756 1086 5805 vr,
1125 5740 1222 5801 l5;
1252 5738 1443 5793 Matth.
1482 5751 1551 5799 Iv,
1598 5733 1658 5787 l0
1755 5734 1949 5805 "ﬁci.
1986 5750 2025 5801 1,
2066 5734 2151 5789 15.

2337 4555 2548 4625 Πατρδς
2609 4553 2950 4618 ὑπεξελεῖται
3012 4555 3341 4623 πρόσωπον,
3396 4557 3657 4627 ὑποθήσει
3706 4556 3755 4607 δὲ
3797 4553 3857 4621 τῷ

2335 4646 2623 4716 πράγματι
2663 4644 2753 4697 τὸν
2778 4646 2926 4710 Υίὸν,
2952 4647 3051 4698 οὑκ
3086 4646 3382 4715 ἀϐούλητον
3418 4646 3610 4716 ἔχοντα
3638 4646 3693 4698 τὸ
3722 4659 3855 4715 προσο

2334 4740 2516 4790 κυνεῖν
2563 4736 2641 4807 τῷ
2689 4738 2883 4807 Πατρί.
2929 4738 2993 4789 Τί
3046 4737 3184 4811 φῂς,
3233 4729 3279 4790 ὧ
3323 4732 3504 4801 οὗτος
3557 4738 3712 4792 Πάλιν
3756 4734 3856 4804 ἡμῖν

2334 4830 2409 4893 ὼς
2441 4828 2500 4893 ἐξ
2530 4829 2757 4895 ἀδύτων,
2797 4830 2915 4906 ἦτοι
2948 4832 3216 4898 τριπόδων
3255 4829 3584 4900 Ἑλληνικῶν
3614 4825 3855 4895 ἀναφέρεις

2336 4921 2435 4983 τὰς
2477 4921 2766 4990 μαντείας,
2802 4920 2834 4990 ἢ
2879 4906 3003 4981 ut”
3043 4922 3249 4975 ἐκεῖνον
3294 4922 3426 4992 ἔρχῃ
3475 4923 3564 4974 τὸν
3612 4916 3855 4987 Ἐλαμίτην

2337 5011 2556 5081 Σημέαν
2582 5010 2651 5064 τὰ
2694 5011 2801 5063 ἀπὸ
2843 5012 3065 5082 καρδίας
3093 5013 3481 5084 ἐρευγόμενος,
3522 5013 3610 5065 κα)⁸
3647 5010 3735 5062 οὑκ
3774 5004 3856 5059 ἀπὸ

2337 5101 2601 5168 στόματος
2620 5100 2858 5171 Κυρίου;
2899 5100 2971 5152 Τὸ
2995 5100 3051 5152 δὲ
3093 5102 3298 5172 πρέπον
3321 5104 3473 5172 ἡμῖν,
3503 5104 3578 5164 ὡς
3613 5095 3854 5163 ἀκαταγὼ·

2336 5210 2513 5247 νιστον
2539 5194 2596 5245 ὲν
2634 5192 2841 5256 τούτοις
2870 5192 3184 5261 ὰντεξάγων
3216 5193 3315 5255 οὑκ
3359 5194 3643 5265 ὲρυθριᾷς;
3677 5190 3736 5242 Ἢ
3772 5185 3854 5253 γὰρ

2338 5287 2436 5339 οὑκ
2473 5288 2631 5358 οἰήσῃ
2662 5286 2893 5358 πρέπειν
2936 5286 3027 5340 τὸν
3066 5287 3196 5345 ὄντα
3227 5287 3369 5341 κατὰ
3410 5286 3572 5356 φύσιν
3595 5284 3730 5345 Θεὸν,
3754 5276 3855 5330 Θεὸν

2340 5377 2483 5447 ἔχειν
2524 5378 2615 5431 τὸν
2660 5378 2719 5444 ἐξ
2764 5377 2929 5434 αὑτοῦ
2976 5378 3304 5450 γεννηθέντα
3331 5379 3541 5447 Λόγον,
3595 5376 3680 5428 καὶ
3720 5359 3854 5431 τὺνῷ

2341 5471 2632 5538 προσκυνεῖ
2680 5470 2829 5521 πᾶσα
2878 5471 2911 5538 ή
2945 5470 3142 5533 κτίσις,
3176 5468 3642 5539 προσκυνουμένου
3675 5458 3853 5532 μᾶλλον.

2340 5560 2373 5631 ἦ
2408 5560 2836 5631 προσκυνοῦντος
2886 5561 3104 5633 Πατέρα
3152 5561 3467 5624 καλεῖσθαι,
3525 5557 3613 5613 καὶ
3651 5549 3769 5607 εἶναι
3807 5546 3858 5619 τῇ
