4118 6556
220 367 353 424 309

1285 348 1351 405 ΙΝ
1385 346 1675 404 IOANNIS
1698 344 2149 401 EVANGELIUM
2187 343 2313 398 LIB.
2380 341 2445 396 ll‘.

3367 337 3470 392 310

222 480 430 548 φύσεις
473 470 611 526 Ἀλλ’
649 463 799 540 οἶμαι
838 470 947 529 τοῖς
986 466 1152 528 ὅντως
1177 466 1360 533 σοφοῖς
1392 463 1493 515 ούκ
1532 461 1805 531 ἀπᾴδοντα

1927 476 1936 511 ι
1981 474 2082 513 suo
2125 457 2399 527 genimine
2438 454 2596 509 Pater
2628 453 2910 516 adoretur,
2940 465 3064 507 cum
3100 450 3193 504 illa
3224 450 3473 509 de‘utra-

223 570 437 639 λέγειν,
470 565 593 626 Πῶς
621 562 677 615 δὲ
732 561 825 615 καὶ
875 557 1106 629 πρέπειν
1138 553 1435 626 ὁριούμεθα
1482 552 1805 622 προσκυνεῖ-

226 660 365 714 σθαι
400 655 549 727 παρά
576 651 671 706 τοῦ
723 651 852 705 ἰδίου
881 649 1215 719 γεννήματος
1243 645 1332 699 τὸν
1353 643 1591 714 Πατέρα,
1620 640 1809 695 τοσαύ-

225 768 339 819 την
362 744 736 817 ὑπομενούσης
763 741 963 813 ζημίαν
987 740 1083 808 τῆς
1117 739 1203 790 ἐπ’
1228 738 1427 807 ἀμφοῖν
1452 734 1804 803 ὑπολήψεως;

230 842 463 908 Πρῶτον
499 836 598 907 μὲν
627 835 735 904 γὰρ
765 832 890 886 οὔτε
924 833 981 884 ὲν
1016 830 1222 898 ἰσότητι
1258 828 1361 897 τῆς
1390 826 1567 890 ἀξίας,
1599 824 1723 877 οὔτε
1751 826 1808 877 ὲν

230 928 647 1002 ἀπαραλλάκτῳ
663 926 760 996 τῆς
789 925 1003 994 φύσεως
1030 919 1289 990 είκόνιτῷ
1314 921 1388 991 μὴ
1418 916 1808 990 προσκυνοῦντι

232 1023 503 1075 κείσεται.
538 1018 842 1089 Προσκυνεῖ
888 1014 996 1084 γὰρ
1032 1011 1107 1075 ὡς
1132 1011 1390 1076 ἐλάττων,
1422 1009 1518 1061 καὶ
1560 1009 1621 1061 ού
1650 1008 1812 1061 ποσό-

229 1128 363 1181 τητι
389 1108 675 1178 μετρητὸς,
704 1107 771 1176 τῇ
817 1104 960 1157 κατὰ
988 1120 1039 1155 τι
1074 1100 1181 1153 τῶν
1223 1098 1686 1171 προσπεφυκότων
1707 1115 1719 1128 ·
1749 1096 1811 1148 ού

232 1206 349 1278 γὰρ
403 1204 644 1257 ὲλάττων
676 1201 828 1254 ἔσται
865 1197 995 1260 Θεὸς
1020 1237 1034 1262 ,
1088 1196 1121 1266 ἢ
1154 1194 1356 1264 Κύριος
1380 1209 1395 1223 ο
1440 1192 1553 1244 ἀλλ’
1587 1192 1662 1254 ὼς
1705 1191 1814 1278 ὅρῳ

233 1276 518 1367 διαφέρων
555 1292 632 1363 τῷ
679 1289 819 1345 κατά
858 1288 950 1341 τὸν
983 1286 1078 1340 τοῦ
1117 1284 1237 1347 πῶς
1280 1281 1418 1337 εἶναι
1462 1282 1637 1349 λόγον.
1682 1276 1816 1334 Εἶτα

236 1386 361 1449 πῶς
389 1383 595 1455 ἀληθὴς
625 1382 977 1451 ἀναφανεῖται
1006 1377 1178 1446 λέγων
1196 1417 1210 1443 ,
1246 1395 1264 1426 ‹
1309 1376 1366 1428 '0
1400 1370 1659 1442 ἑωρακὼς
1691 1370 1813 1439 ἐμὲ,

234 1475 458 1546 ἑώρακε
516 1475 607 1527 τὸν
660 1470 893 1542 Πατέρα.
940 1488 958 1521 ι
998 1468 1122 1530 Πῶς
1181 1466 1238 1519 δὲ
1298 1468 1493 1536 χρῆναι
1557 1463 1817 1534 τιμᾶσθαί

234 1584 412 1636 φησιν
445 1565 637 1620 ἑαυτὸν
666 1564 767 1617 ούκ
806 1564 863 1614 ἐν
901 1561 1141 1615 ἐλάττονι
1175 1559 1336 1629 μοίρᾳ
1379 1556 1472 1609 τοῦ
1510 1556 1721 1627 [ἰατρὸς
1758 1556 1819 1608 τὸ

233 1652 360 1713 ἴσον
410 1659 513 1710 οὐκ
564 1654 700 1725 ἔχων
749 1655 806 1706 ὲν
838 1652 962 1723 δόξῃ
1010 1652 1152 1705 κατά
1188 1666 1249 1718 γε
1299 1649 1387 1702 τὸν
1435 1647 1524 1700 τοῦ
1579 1664 1819 1717 προσκυ-

235 1747 464 1811 νοῦντος
494 1748 692 1815 λόγον;
731 1741 861 1799 Εἶτα
898 1746 1035 1815 πρὸς
1061 1742 1255 1812 τούτῳ,
1305 1740 1399 1794 καὶ
1430 1738 1588 1801 αὐτὸς
1626 1739 1759 1808 ἡμῖν
1792 1739 1821 1790 ὁ

1906 564 2014 618 quc
2063 548 2253 617 opinio
2299 553 2513 602 tantum
2554 544 2869 600 detrimenti
2903 544 3188 615 patiatur?
3224 541 3473 597 Primun.

1907 640 2050 695 enim
2072 679 2087 703 ,
2117 653 2219 692 nec
2245 638 2514 708 dignitate
2539 637 2765 707 aequalis
2782 676 2797 700 ,
2826 651 2929 692 nec
2958 636 3139 707 imago
3163 650 3263 706 per
3288 636 3475 690 omnia

1910 728 2109 782 similis
2135 727 2239 782 erit
2270 742 2376 780 non
2406 729 2680 781 adoranti.
2704 727 2914 782 Adorat
2938 727 3088 782 enim
3112 766 3127 791 ,
3157 735 3217 780 ut
3252 726 3431 780 minor
3460 744 3474 781 :

1912 819 2075 888 idque
2108 834 2214 872 non
2255 819 2583 888 quantitatis
2619 819 3003 873 accidentarize
3037 832 3311 873 mensura.
3336 821 3353 888 (
3379 832 3480 873 nec

1911 912 2059 964 enim
2092 910 2274 964 minor
2302 924 2427 964 csse
2457 917 2639 979 potest
2686 923 2929 978 unquam
2970 909 3113 964 Deus
3157 919 3263 965 aut-
3297 910 3481 965 Domi-

1914 1006 2062 1075 nus),
2100 1004 2195 1059 sed
2228 1005 2513 1059 essentiali
2546 1003 2873 1057 dillerentia.
2911 1005 2979 1057 At
3006 1004 3283 1073 quomodo
3313 1019 3483 1058 verax

1914 1096 2018 1150 erit
2046 1096 2278 1152 dicens:
2304 1115 2323 1145 ι
2352 1095 2455 1162 Qui
2476 1095 2614 1149 vidit
2646 1110 2751 1159 me,
2784 1094 2921 1148 vidit
2955 1105 3008 1149 et
3036 1094 3254 1150 Patrem
3285 1094 3425 1151 "'9‘.
3459 1113 3477 1146 ι

1916 1188 1982 1242 Ει
2031 1188 2306 1258 quomodo
2350 1189 2593 1257 seipsum
2645 1186 3030 1242 honorandum
3078 1202 3201 1242 esse
3230 1187 3342 1250 ait,
3372 1201 3482 1241 non

1916 1280 2098 1334 minus
2128 1294 2291 1348 quam
2324 1279 2543 1334 Patrem
2568 1321 2582 1344 ,
2616 1279 2711 1349 qui
2744 1278 2933 1349 gloria:
2971 1278 3329 1346 aequalitatem
3376 1292 3485 1330 non

1917 1369 2115 1432 habet,
2146 1370 2292 1440 quod
2325 1369 2393 1423 ad
2427 1370 2700 1425 rationem
2744 1368 3030 1425 adorantis
3075 1367 3312 1423 attinet?
3342 1367 3488 1422 Prae-

1918 1468 2071 1516 terea
2091 1504 2106 1529 ,
2141 1462 2261 1531 ipse
2304 1461 2469 1517 Pater
2513 1479 2622 1518 non
2670 1463 2786 1518 leve
2817 1460 3058 1517 dedecus
3087 1462 3372 1515 incurrere
3403 1461 3488 1513 vi-

1919 1550 2154 1604 debitur.
2180 1550 2366 1605 Gloria
2390 1550 2590 1620 quippe
2615 1550 2665 1606 ei
2690 1560 2773 1606 est
2800 1550 2961 1606 talem
2990 1552 3245 1621 genuisse
3264 1590 3278 1614 ,
3304 1549 3497 1619 qualis

1921 1639 1991 1693 sit
2022 1639 2138 1709 ipse
2166 1650 2363 1694 natura
2391 1663 2403 1694 :
2438 1648 2633 1695 contra
2666 1656 2798 1695 vero
2827 1640 3063 1696 dedecus
3087 1657 3193 1695 non
3225 1654 3454 1710 parvum
3472 1680 3507 1702 ,,

1922 1732 2154 1786 alterius
2205 1740 2418 1785 naturae
2472 1731 2671 1786 Filium
2728 1732 2965 1797 habere,
3012 1739 3069 1788 et
3121 1734 3228 1788 tale
3280 1732 3511 1803 aliquid“

238 1836 438 1906 Πατὴρ
460 1835 520 1887 ού
548 1834 646 1902 τῆς
670 1833 936 1903 τυχούσης
958 1829 1226 1901 ἀκοσμίας
1250 1828 1380 1880 εἴσω
1405 1823 1641 1893 γεγονὼς
1661 1822 1823 1892 ὀφθή-

1927 1823 2064 1892 pati,
2100 1823 2264 1891 quale
2314 1838 2382 1876 ne
2426 1823 2545 1893 ipsa
2590 1823 2809 1892 quidem
2859 1832 3243 1878 creaturarum
3293 1830 3501 1877 natura.

238 1942 423 1977 σεται.
474 1924 608 1988 Δόξα
663 1923 759 1993 μὲν
796 1924 903 1993 γὰρ
953 1920 1100 1991 αύτῷ
1146 1920 1207 1972 τὸ
1256 1918 1512 1988 γεννῆσαι
1561 1917 1819 1974 τοιοῦτον,

235 2016 430 2078 ὁποῖός
466 2032 572 2085 περ
624 2015 685 2067 ἂν
750 2015 984 2084 fifth-‘0:
1028 2010 1171 2065 κατὰ
1229 2010 1390 2079 φύσιν
1435 2007 1628 2069 αύτός·
1662 2008 1724 2058 ἐκ
1767 2004 1822 2057 δὲ

236 2103 352 2155 τῶν
396 2103 651 2157 ἐναντίων
706 2099 891 2172 αἶσχος
930 2102 990 2154 ού
1036 2101 1229 2172 μικρὸν
1279 2097 1565 2170 ἑτερογενῆ
1609 2112 1668 2147 τε
1730 2096 1825 2147 καὶ

237 2195 483 2263 ίῖκφυλον
512 2193 655 2264 ἔχειν
688 2193 779 2246 τὸν
807 2193 867 2256 ἐξ
896 2191 1085 2254 αὑτοῦ,
1123 2190 1217 2243 καὶ
1250 2189 1443 2241 παθεῖν
1479 2205 1530 2239 τι
1561 2185 1821 2249 τοιοῦτον,

237 2284 268 2335 δ
313 2286 417 2336 καὶ
466 2283 602 2352 αὑτὴ
653 2282 760 2335 τῶν
811 2281 1053 2352 γενητῶν
1111 2280 1492 2349 ἀπενάρκησεν
1545 2278 1578 2344 ή
1640 2275 1820 2343 φύσις.

238 2376 436 2428 Τίκτει
489 2375 598 2445 γὰρ
645 2377 850 2427 ἑαυτῶν
900 2375 1000 2426 οὐκ
1066 2371 1313 2441 αἰσχίονα
1361 2370 1429 2423 τὰ
1467 2368 1562 2421 τοῦ
1620 2369 1824 2421 τίκτειν

238 2461 479 2531 λαχόντα
510 2461 608 2531 τὴν
637 2462 885 2531 δύναμιν,
921 2462 1032 2529 ὅρῳ
1062 2460 1156 2514 καὶ
1197 2459 1446 2529 βουλήσει
1484 2457 1577 2510 τοῦ
1609 2458 1825 2511 πάντων

240 2554 619 2624 Δημιουργοῦ.
658 2573 675 2603 ι
724 2552 1092 2621 Ἐξενεγκάτω
1121 2552 1229 2622 γὰρ
1253 2591 1268 2614 ,
1323 2569 1342 2601 ι
1384 2550 1548 2622 φησὶν
1570 2589 1583 2613 ,
1635 2569 1653 2601 ι
1689 2550 1720 2619 ἡ
1753 2549 1823 2620 γῆ

242 2644 482 2714 βοτάνην
532 2646 761 2714 χόρτου,
816 2644 912 2697 καὶ
962 2643 1072 2696 πᾶν
1124 2642 1279 2708 ξύλον
1331 2641 1610 2712 κάρπιμον
1662 2640 1825 2710 φέρον

244 2735 476 2806 σπέρμα
505 2735 647 2788 κατὰ
670 2735 847 2802 γένος,
876 2734 970 2787 καὶ
1000 2733 1122 2787 καθ’
1168 2733 1446 2802 ὁμοίωσιν.
1484 2752 1504 2784 ι
1541 2732 1747 2785 οὐκοῦν
1769 2734 1826 2785 ὲν

239 2825 527 2895 δευτέροις
574 2827 670 2895 μὲν
708 2824 817 2877 τῶν
864 2825 1104 2894 γενητῶν
1150 2823 1302 2877 ἔσται
1340 2825 1401 2875 τὸ
1437 2823 1613 2889 θεῖον,
1668 2824 1826 2895 εἴπερ

241 2916 435 2970 ἐκεῖνα
468 2918 566 2987 μὲν
592 2919 651 2969 ἐν
687 2916 916 2982 τούτοις,
946 2916 1009 2969 τὸ
1045 2916 1101 2968 δὲ
1142 2914 1395 2985 οὐδαμῶς
1420 2933 1434 2946 ’
1465 2914 1493 2965 ὃ
1516 2914 1572 2967 δὲ
1596 2916 1826 2986 πρέπειν

1925 1914 2081 1966 ferat.
2116 1913 2229 1968 Nec
2259 1915 2404 1968 enim
2442 1915 2719 1969 deteriora
2765 1930 2824 1969 se
2866 1916 3124 1985 pariunt,
3157 1931 3281 1986 qua:
3314 1916 3512 1971 τωρωι-η

1925 2014 2034 2059 tate
2062 2006 2309 2074 pariendi
2339 2015 2468 2060 sunt
2497 2006 2721 2074 praedita
2743 2046 2757 2071 ,
2786 2007 2867 2061 sic
2890 2007 3105 2062 volente
3131 2022 3194 2062 ac
3219 2016 3497 2067 statuenu

1924 2098 2168 2153 universi
2201 2097 2429 2166 Opiﬁce.
2461 2116 2479 2148 ι
2510 2097 2795 2152 Germinct
2839 2098 2986 2152 enim
3040 2106 3221 2163 terra,
3274 2094 3492 2169 inquit;

1926 2190 2149 2243 herbam
2182 2190 2403 2257 pabuli,
2432 2200 2485 2242 et
2519 2190 2725 2259 lignum
2759 2189 3100 2246 l'ruetiferum
3132 2206 3255 2245 cum
3285 2191 3497 2247 habens

1926 2297 2110 2335 semen
2143 2282 2265 2350 ejus
2295 2285 2366 2337 sit
2406 2283 2461 2335 in
2499 2298 2564 2337 co
2598 2284 2904 2338 secundum
2937 2299 3114 2355 genus
3145 2291 3199 2338 et
3234 2282 3498 2338 similitu-

1924 2372 2108 2426 dinem
2139 2372 2208 2426 9‘.
2247 2391 2265 2423 ›
2296 2373 2465 2444 Igitur
2495 2377 2768 2429 creaturis
2808 2376 2952 2431 Deus
2984 2376 3089 2430 erit
3140 2373 3390 2441 inferior,
3423 2376 3501 2431 si-

1924 2464 2147 2534 quidem
2188 2464 2298 2518 illze
2326 2477 2455 2519 sunt
2501 2466 2851 2531 istiusmodi,
2882 2467 2972 2521 hic
3017 2482 3126 2521 non
3177 2467 3355 2523 item:
3401 2466 3507 2523 sed"

1925 2554 2073 2625 quod
2117 2555 2183 2609 ad
2229 2570 2412 2610 rerum
2449 2558 2862 2614 vicissitudines
2895 2568 3042 2614 recte
3073 2559 3498 2615 convenienter-

1925 2661 2037 2715 que
2078 2646 2307 2711 statuit,
2343 2661 2409 2701 eo
2453 2656 2603 2704 certe
2632 2650 2785 2705 solus
2820 2650 2940 2720 ipse
2969 2650 3200 2705 carebit.
3233 2648 3372 2716 Quis
3400 2663 3499 2705 vos

1926 2739 2097 2808 igitur
2124 2737 2261 2793 lerat
2291 2737 2575 2805 dicentes,
2622 2756 2654 2794 ο
2698 2740 2861 2805 boni,
2908 2741 3207 2795 convenire
3250 2740 3393 2793 Filio
3438 2746 3501 2794 ut

1926 2829 2117 2883 adoret
2141 2828 2454 2885 Genitorem
2481 2831 2504 2884 Ἰ
2533 2829 2667 2884 Cum
2694 2838 2877 2885 autem
2904 2830 3226 2886 addideritis
3245 2872 3261 2898 ,
3291 2830 3344 2885 id
3374 2829 3503 2885 Uni-

1926 2920 2115 2988 genito
2148 2931 2345 2990 praeter
2375 2922 2712 2977 voluntatem
2756 2939 2864 2977 non
2897 2924 3253 2993 contingere,
3300 2928 3355 2978 et
3394 2921 3503 2975 hoc

242 3025 302 3060 τε
341 3007 508 3080 ὁμοῦ,
536 3009 629 3062 καὶ
651 3006 931 3078 διωρίσθαι
959 3006 1139 3069 καλῶς
1170 3004 1264 3058 ἐπὶ
1289 3007 1409 3067 ταῖς
1438 3006 1502 3058 ἐκ
1526 3004 1634 3059 τῶν
1660 3005 1823 3059 ὄντων

1927 3011 2086 3065 nobis
2111 3019 2372 3081 tanquam
2396 3012 2885 3069 indemonstrabile
2903 3022 3287 3084 argumentum
3321 3028 3349 3067 a
3380 3011 3503 3067 solo

240 3098 528 3167 διαδοχαῖς
556 3097 955 3166 ἐπεψηφίζετο,
1000 3094 1191 3147 τούτου
1230 3094 1327 3162 δὴ,
1359 3094 1454 3146 καὶ
1489 3092 1647 3162 μόνος
1682 3090 1823 3144 ἀλώ-

1927 3098 2128 3154 decoro
2176 3100 2529 3171 desumptum
2588 3104 2909 3171 opponatis,
2960 3104 3190 3174 agedum
3243 3119 3273 3157 e
3328 3101 3504 3157 sacris

243 3153 767 3259 astatASIa-ttap'ctb;
793 3153 890 3248 'i'i;
922 3153 987 3240 ἀν
1012 3181 1126 3248 οὖν,
1156 3178 1200 3236 ῶ
1239 3153 1523 3252 βέλτιστοι,
1559 3181 1823 3250 λεγόντων

2107 3153 2115 3154 ,
2595 3153 2909 3171 Ἵππη,
2961 3153 3190 3174 την--
3248 3153 3271 3157 _
3329 3153 3501 3157 ηπ--

1927 3203 2146 3258 quoque
2192 3188 2415 3245 Litteris
2462 3190 2608 3246 istud
2656 3208 2852 3247 rursus
2894 3193 3303 3262 expendamus,
3356 3191 3505 3247 unde

242 3280 577 3349 ἀνάσχοιτο,
618 3281 850 3351 πρέπειν
893 3277 970 3348 τῷ
1012 3278 1126 3347 ἰδίῳ
1167 3277 1451 3347 γεννήτορι
1504 3276 1823 3345 προσκυνεῖν

1927 3277 2269 3345 singularum
2304 3294 2488 3333 rerum
2513 3295 2634 3348 qua:
2660 3280 2714 3334 in
2753 3282 3113 3350 quaestionem
3141 3284 3369 3337 veniunt
3405 3282 3503 3337 ἀοσ-

242 3372 336 3425 ιιδν
371 3373 530 3439 Υίόν;
577 3372 794 3443 Ἐπειδὴ
830 3371 886 3424 δὲ
932 3372 1045 3432 τοῖς
1084 3368 1214 3438 παρ’
1243 3366 1396 3437 ὑμῶν
1447 3365 1823 3435 προστέθειται

1932 3369 2385 3423 monstrationem
2421 3371 2606 3424 venari
2641 3372 2987 3439 potissimum
3018 3374 3305 3430 debemus.

243 3464 457 3531 λόγοις,
487 3466 561 3529 ὡς
582 3464 702 3518 οὐδὲ
722 3463 1039 3531 ἀνεθέλητον
1068 3460 1144 3530 τῷ
1181 3461 1476 3527 Μονογενεῖ
1537 3458 1598 3509 τὸ
1668 3458 1899 3528 πρᾶγμά
1933 3460 2073 3522 ἐστι,
2108 3460 2200 3513 καὶ
2224 3460 2428 3529 ταύτην
2451 3464 2582 3531 ἡμῖν
2613 3462 2972 3533 ἐπιτειχίζετε
3004 3464 3100 3536 τὴν
3121 3466 3507 3520 ἀναπόδεικτον

244 3554 540 3624 ἀφορμὴν,
572 3552 679 3607 ἀπὺ
710 3552 871 3623 μόνου
902 3550 1156 3612 λαϐόντες
1225 3547 1318 3599 τοῦ
1381 3547 1719 3618 πρέποντος,
1761 3547 1892 3617 φέρε
1933 3549 2092 3602 πάλιν
2134 3552 2198 3602 ἐκ
2240 3550 2345 3603 τῶν
2402 3552 2564 3622 ίερῶν
2615 3554 2985 3624 Γραμμάτων,
3034 3557 3129 3609 καὶ
3175 3558 3332 3611 τοῦτο
3401 3578 3504 3615 κα-

245 3645 672 3717 τασκεψώμεθα.
731 3643 892 3696 Ὅθεν
936 3638 1088 3711 οἶμαι
1159 3639 1393 3709 μάλιστα
1459 3638 1755 3707 προσήκειν
1794 3638 2062 3709 θηρᾶσθαι
2104 3640 2424 3704 σπουδάζειν
2456 3643 2554 3715 τὴν
2599 3645 2683 3714 ἐφ’
2733 3646 2947 3715 ἑκάστῳ
2994 3646 3102 3700 τῶν
3156 3647 3506 3720 ζητουμένων

248 3739 556 3803 ἀπόδειξιν.

319 3831 540 3884 Οὐκοῦν
567 3831 595 3882 ὁ
639 3830 739 3900 μὲν
778 3829 939 3899 νόμος
996 3828 1361 3883 συντελεῖσθαι
1423 3828 1552 3896 παρ’
1599 3828 1829 3881 ἑκάστου

247 3924 364 3976 τῶν
412 3921 681 3974 Ἰουδαίων
732 3921 812 3991 τῷ
866 3921 956 3973 ἐπὶ
991 3920 1194 3983 πάντας
1241 3920 1355 3973 ὄντι
1388 3918 1507 3989 Θεῷ
1554 3919 1615 3971 τὸ
1657 3918 1829 3987 ἥμισυ

248 4014 348 4066 τοῦ
401 4011 699 4083 διδράχμου
739 4011 1123 4081 προσέταττεν,
1156 4010 1256 4063 ούκ
1283 4008 1682 4081 ἀργυρολογίας
1714 4009 1833 4060 ἐπι-

250 4106 462 4174 νοήσας
493 4103 730 4174 εὕρεσιν,
771 4102 892 4155 οὐδὲ
925 4100 1224 4173 χρημάτων
1268 4102 1472 4154 εἰκαῖον
1515 4099 1829 4171 ἑρανισμδν,

250 4196 399 4252 ἀλλά
419 4194 695 4248 παίδευσίν
714 4211 837 4246 τινα
865 4194 930 4247 δι’
947 4193 1359 4266 ὲναργεστάτων
1386 4192 1832 4262 ὑπεμφαίνουσαν

251 4288 486 4341 τύπων·
521 4285 740 4357 πρῶτον
774 4286 909 4357 μὲν,
961 4285 1043 4338 ὅτι
1098 4285 1285 4355 κύριος
1328 4283 1502 4346 οὐδεὶς
1549 4286 1649 4355 τῆς
1696 4283 1831 4346 ἰδίας

252 4382 381 4435 ἐστὶ
420 4380 683 4450 κεφαλῆς,
721 4380 816 4431 Eva
852 4378 909 4432 δὲ
940 4378 992 4431 οἱ
1029 4376 1229 4440 πάντες
1264 4376 1580 4446 κεκτήμεθα
1617 4378 1684 4446 τῇ
1722 4373 1832 4428 τῶν

253 4472 611 4543 τελεσμάτων
666 4470 953 4541 καταθήκῃ
1010 4470 1146 4539 πρὸς
1194 4467 1437 4521 δουλείαν
1482 4467 1832 4539 καταγραφόο

2006 3823 2351 3896 ιεθιεῑιυν
2378 3825 2460 3881 lex
2479 3828 2524 3859 ³⁸
2546 3826 2613 3882 ab
2640 3835 2872 3899 utroque
2890 3828 3080 3887 Iudaeo
3102 3832 3389 3890 dimidium
3419 3836 3507 3892 di-

1931 3914 2175 3970 drachmi
2193 3932 2446 3986 supremo
2461 3920 2570 3974 Deo
2585 3921 2823 3989 persolvi
2834 3921 3081 3990 jubebat,
3102 3939 3210 3978 non
3224 3926 3369 3995 quod
3385 3927 3506 3982 exi-

1930 4007 2118 4075 genda:
2138 4016 2233 4063 aut
2263 4012 2616 4081 corroganda:
2638 4015 2884 4082 pecuniae
2915 4015 3183 4070 rationem
3211 4018 3507 4087 quamdam

1938 4097 2258 4163 invenisset,
2275 4098 2369 4153 sed
2387 4101 2533 4170 quod
2556 4100 3021 4159 manifestissimis
3040 4105 3230 4175 liguris
3252 4122 3353 4163 nos
3379 4108 3511 4165 cdo-

1938 4196 2107 4254 ceret,
2151 4190 2386 4260 primum
2438 4191 2657 4259 quidem
2700 4194 2973 4249 neminem
3009 4196 3097 4250 sui
3144 4197 3342 4266 capitis
3384 4214 3537 4255 esses

1939 4279 2244 4341 dominum,
2275 4279 2367 4335 sed
2397 4282 2555 4337 nobis
2596 4284 2852 4338 omnibus
2895 4300 3065 4338 unum
3110 4299 3252 4352 esse,
3280 4287 3373 4356 qui
3411 4290 3511 4343 tri-

1940 4370 2194 4426 butorum
2229 4372 2520 4427 collatione
2548 4373 2600 4427 in
2639 4374 2958 4429 servitutem
3009 4377 3234 4447 ascripti
3276 4393 3540 4454 sumus;

1937 4463 2134 4518 deinde
2160 4464 2309 4534 quod
2352 4462 2743 4519 fecunditatem
2786 4466 3208 4523 intellectualem
3235 4484 3301 4525 ac
3348 4471 3510 4541 spiri~

256 4534 454 4635 pavet"
487 4559 605 4615 εἶτα
637 4561 774 4633 πρὸς
803 4534 1010 4623 τούτοις
1039 4534 1135 4624 τὰς
1163 4563 1228 4613 ὲκ
1248 4560 1340 4613 νοῦ
1366 4578 1427 4613 τε
1460 4560 1554 4613 καὶ
1587 4534 1823 4630 πνευμα-

1940 4556 2100 4609 talem
2121 4555 2267 4610 velut
2296 4557 2350 4610 in
2378 4556 2583 4611 rudiori
2608 4558 3140 4630 tabuladepingeret.
3173 4581 3190 4613 ι
3215 4534 3453 4629 Honora,
3485 4584 3506 4617 ο

255 4655 420 4718 τικὰς
456 4653 863 4725 καρποφορίας,
903 4653 977 4716 ὡς
1014 4653 1071 4705 ἐν
1111 4652 1401 4723 παχυτέρῳ
1430 4651 1591 4705 πάλιν
1622 4651 1834 4721 ζωγρα-

256 4747 470 4814 φοῦσαν
516 4743 803 4815 γράμματι
848 4760 908 4796 τε
948 4744 1042 4797 καὶ
1089 4744 1398 4813 πράγματι.
1455 4762 1473 4794 ί
1509 4744 1655 4813 Τίμα
1703 4742 1829 4814 γὰρ,

257 4836 436 4904 φησὶ,
485 4835 577 4886 τὸν
623 4834 825 4904 Κύριον
871 4833 978 4894 ἀπὸ
1034 4833 1141 4886 σῶν
1196 4833 1420 4887 δικαίων
1474 4834 1689 4898 πόνων,
1739 4834 1835 4887 καὶ

257 4926 513 4996 ἀπάρχου
544 4926 693 4994 αύτῷ
723 4924 831 4978 ἀπὸ
863 4925 972 4978 σῶν
1022 4926 1251 4997 καρπῶν
1283 4926 1630 4997 δικαιοσύνης
1672 4942 1685 4954 ·
1731 4944 1750 4977 ι
1805 4925 1835 4977 ὂ

257 5017 323 5087 δὴ
379 5018 476 5070 καὶ
525 5018 778 5086 γενέσθαι
830 5018 1144 5089 συμϐέϐηκε
1193 5019 1279 5073 διά
1322 5020 1422 5089 τῆς
1474 5019 1833 5088 εύαγγελικῆς

259 5110 643 5176 διδασκαλίας,
703 5112 801 5183 τῆς
840 5112 982 5170 κατὰ
1023 5112 1187 5182 νόμον
1234 5112 1337 5182 ἤδη
1395 5111 1650 5183 λατρείας
1712 5127 1837 5163 συνο

262 5201 622 5271 εσταλμένης.
672 5203 747 5255 Οὐ
805 5204 911 5275 γὰρ
954 5205 1034 5259 ἔτι
1084 5208 1203 5269 ταῖς
1239 5204 1435 5269 ἔξωθεν
1481 5202 1839 5273 δωροφορίαις

263 5291 591 5362 θεραπεύειν
615 5293 839 5364 οἰόμεθα
870 5295 979 5347 δεῖν
1006 5296 1097 5349 τὸν
1137 5295 1390 5349 ἁπάντων
1429 5292 1653 5361 Κύριον,
1686 5291 1746 5343 τὸ
1777 5290 1835 5356 ἐξ

265 5384 396 5455 ὕλης
461 5385 707 5456 φθαρτῆς
779 5386 1054 5440 συντελεῖν
1105 5386 1447 5456 ἐπειγόμενοι
1503 5383 1833 5453 δίδραχμονο

1939 4644 2107 4709 enim,
2146 4645 2345 4714 inquit,
2382 4666 2400 4698 ι
2442 4647 2729 4701 Dominum
2767 4648 2833 4703 de
2862 4650 2972 4705 tuis
3000 4649 3166 4719 justis
3212 4652 3509 4723 laboribus,

1938 4744 1993 4790 et
2027 4737 2299 4806 primitias
2322 4739 2371 4794 ei
2398 4737 2597 4794 oderas
2629 4739 2696 4794 de
2718 4740 3122 4797 tuislructibus
3142 4742 3369 4812 justitize
3390 4747 3455 4799 ’7.
3487 4766 3506 4796 ι

1941 4828 2094 4894 Quod
2128 4839 2277 4885 certe
2310 4846 2530 4902 quoque
2560 4832 2809 4903 contigit,
2837 4833 2984 4888 cultu
3015 4834 3174 4905 legali
3212 4852 3307 4905 per
3346 4853 3509 4893 evan-

1941 4922 2169 4992 gelicam
2238 4922 2544 4977 doctrinam
2602 4924 2829 4984 tandem
2863 4941 3134 4996 represso.
3188 4927 3307 4981 Non
3366 4928 3515 4983 enim

1940 5014 2184 5070 externis
2211 5015 2532 5071 muneribus
2561 5017 2797 5086 amplius
2850 5018 3143 5074 colendum
3171 5034 3295 5073 esse
3352 5029 3510 5088 puta-

1942 5123 2066 5163 mus
2096 5108 2333 5163 universi
2362 5107 2554 5175 Deum,
2580 5109 2959 5164 didrachmum
2989 5126 3020 5165 e
3042 5110 3381 5179 corruptibili
3399 5126 3511 5165 ma-

1945 5199 2080 5253 tcria
2115 5199 2349 5269 pendere
2371 5200 2582 5255 coacti:
2616 5203 2710 5256 sed
2737 5217 2858 5256 cum
2894 5201 3067 5256 simus
3099 5204 3210 5257 veri
3254 5202 3512 5259 adorato-

1946 5307 2055 5357 rcs.
2083 5292 2380 5348 adoramus
2410 5294 2463 5347 in
2502 5293 2699 5363 spiritu
2744 5303 2797 5349 et
2832 5293 3064 5349 veritate
3094 5293 3264 5350 Deum
3301 5310 3366 5351 ac
3412 5295 3510 5351 Pa-

1944 5391 2103 5438 trem.
2139 5382 2290 5439 [lanc
2329 5385 2384 5438 in
2414 5385 2595 5440 littera
2632 5384 2789 5455 legali
2819 5384 3144 5439 sententiam
3180 5385 3351 5442 latere
3379 5402 3513 5442 cens

263 5476 510 5545 ἀληθινοὶ
564 5476 621 5529 δὲ
670 5476 821 5539 ὅντες
865 5477 1275 5548 προσκυνηταὶ,
1321 5471 1731 5545 προσκυνοῦμεν
1778 5473 1823 5523 ἐκ.

1938 5477 2167 5533 sendum
2198 5484 2300 5532 est.
2333 5476 2468 5531 Cum
2506 5477 2672 5547 igitur
2707 5475 2972 5532 Dominus
3011 5485 3158 5533 esset
3197 5476 3515 5548 Hierosoly—

266 5568 555 5640 πνεύματι,
599 5572 692 5623 καὶ
727 5570 949 5643 ἀληθείᾳ
993 5570 1069 5641 τῷ
1104 5570 1223 5641 Θεῷ
1262 5570 1353 5625 καὶ
1388 5567 1581 5640 Πατρί.
1621 5564 1836 5635 Ταύτην

339 5743 458 5778 ”'“
478 5741 635 5799 Joan.
678 5760 785 5815 xw,
822 5745 875 5799 9.
955 5746 997 5777 ’³
1030 5746 1164 5800 Gen.
1205 5763 1249 5813 ι,
1292 5745 1373 5799 ll.

1941 5569 2065 5635 mis,
2098 5576 2379 5624 exactores
2419 5567 2725 5622 didraehmi
2770 5566 2989 5623 Petrum
3049 5570 3535 5639 percontabantuk

1453 5746 1497 5777 "
1528 5742 1698 5801 Exod.
1739 5761 1869 5813 xxx,
1901 5744 2121 5816 passim.
2201 5745 2241 5774 ⁸⁷
2274 5740 2435 5798 Prov.
2465 5756 2549 5801 ιιι.
2581 5740 2631 5799 9.
