4118 6542
645 328 747 388 3H

1636 321 1695 376 S.
1719 320 1993 375 CYRILLI
2025 320 2495 378 ALEXANDRINI
2520 324 2840 382 AliClllEP.

3795 335 3900 390 512

641 441 729 495 his
752 438 969 495 verbis:
1002 457 1021 487 ι
1072 435 1327 507 Magister
1370 443 1552 490 vester
1598 451 1708 490 non
1756 437 1918 491 solvit
1952 437 2204 493 didrach-

2315 438 2691 512 ὲγκεκρύφθαι
2759 442 2838 512 τῷ
2897 444 3108 515 νομικῷ
3173 444 3460 517 γράμματι
3509 446 3610 518 τὴν
3662 447 3902 502 διάνοιαν

639 548 789 587 mum
813 531 877 584 ’³.
910 549 928 582 ι
959 528 1118 585 Jesus
1142 536 1319 583 autem
1343 527 1518 597 ipsum
1540 529 1595 584 in
1620 529 1764 584 aedes
1790 529 2209 599 ingredientem,

640 626 702 675 ut
734 620 1000 689 scriptum
1031 625 1132 682 est,
1163 616 1425 687 praevenit
1449 616 1639 673 dicens
1667 637 1679 671 :
1724 638 1742 670 ι
1784 620 1962 689 Reges
1994 631 2152 675 terra:
2179 634 2210 674 a

638 715 838 784 quibus
872 711 1150 781 accipiunt
1206 711 1495 774 tributum,
1537 720 1633 766 aut
1681 714 1953 767 censum?
2000 714 2041 766 A
2085 713 2210 770 ﬁliis

638 806 777 871 suis,
824 821 891 859 an
933 804 1002 859 ab
1037 803 1339 858 alienis”?
1376 822 1394 854 ι
1440 802 1577 858 Cum
1611 805 2031 874 respondisset:
2070 826 2088 857 ι
2140 807 2210 861 ab

638 894 854 957 alienis,
882 892 1023 948 dixit
1048 891 1249 947 Jesus:
1284 891 1469 947 Liberi
1513 908 1645 964 ergo
1678 902 1809 949 sunt
1849 894 1965 950 lilii.
2000 895 2104 951 Sed
2142 911 2210 951 ne

635 983 1075 1039 scandalizemus
1126 998 1259 1048 eos,
1330 982 1543 1039 vadens
1598 985 1665 1039 ad
1733 1000 1884 1042 mare
1934 986 2057 1056 jace
2112 988 2209 1041 ha-

632 1091 806 1139 mum,
840 1084 899 1131 et
951 1076 1187 1145 primum
1229 1078 1321 1148 qui
1371 1078 1681 1133 ascenderit
1720 1078 1924 1148 piscem
1955 1080 2116 1142 tolle;
2155 1089 2209 1134 et

632 1167 887 1236 aperiens
925 1182 987 1222 os
1023 1167 1143 1235 ejus
1184 1168 1429 1223 invenies
1464 1177 1747 1231 staterem,
1790 1183 1953 1239 quem
2008 1169 2074 1224 da
2108 1185 2207 1239 pro

632 1272 719 1311 me
748 1265 804 1311 et
843 1265 896 1313 te
920 1259 960 1310 ί.
996 1278 1015 1309 ι
1045 1259 1239 1314 Cernis
1267 1257 1465 1314 Filium
1510 1259 1651 1315 ferre
1688 1274 1795 1313 non
1831 1275 1993 1330 posse
2036 1269 2095 1314 ut
2135 1261 2207 1316 sit

630 1348 983 1411 tributarius,
1026 1364 1203 1419 neque
1234 1348 1408 1404 instar
1439 1351 1604 1405 unius
1630 1365 1694 1405 ex
1736 1350 1806 1405 iis
1839 1352 1931 1420 qui
1954 1354 2206 1408 servituti

631 1445 763 1492 sunt
785 1437 1031 1504 obnoxii,
1061 1456 1177 1494 rem
1229 1441 1481 1495 servilem
1542 1442 1860 1497 sustinuere?
1912 1442 2048 1498 Nam
2080 1460 2205 1499 cum

628 1544 744 1584 suae
775 1537 984 1585 naturae
1012 1530 1237 1585 liberam
1270 1531 1591 1599 dignitatem
1632 1547 1755 1588 esse
1800 1535 1967 1598 norit,
2005 1537 2206 1591 servile

628 1616 766 1671 nihil
799 1631 858 1672 se
896 1617 1099 1673 debere
1131 1617 1242 1673 Deo
1277 1628 1332 1674 et
1400 1618 1549 1673 Patri
1606 1619 1840 1675 alIirmat
1872 1640 1885 1675 :
1949 1642 1967 1673 ι
2024 1622 2207 1680 Liberi

625 1706 769 1763 enim
829 1717 959 1764 sunt
1004 1709 1123 1777 ﬁlii,
1161 1728 1180 1761 ι
1223 1710 1423 1781 inquit.
1487 1711 1775 1778 Quomodo
1832 1729 1966 1785 ergo
2010 1715 2207 1770 adorat

2315 532 2700 604 ὑποτοπητέον.
2747 535 2834 599 Ὠς
2857 531 2950 589 οὖν
2982 536 3039 589 ὲν
3067 537 3177 600 τοῖς
3225 537 3624 609 Ἱεροσολύμοις
3646 541 3678 591 ὁ
3698 538 3901 607 Κύριος

2311 616 2399 691 ἦν,
2432 624 2483 676 οἰ
2517 624 2613 677 τοῦ
2652 625 2946 697 διδράχμου
2981 632 3298 700 πρακτῆρες
3326 630 3769 684 ἀνεπυνθάνοντο
3808 630 3903 683 τοῦ

2312 712 2519 783 Πέτρου
2547 712 2821 783 λέγοντοςο
2857 736 2876 768 ι
2926 718 2985 771 ’0
3012 717 3327 784 διδάσκαλος
3362 720 3517 791 ὑμῶν
3558 721 3621 773 οὑ
3661 721 3816 774 τελεῖ
3847 724 3906 775 τὸ

2309 802 2620 873 δίδραχμον.
2662 822 2680 855 ›
2711 805 3033 860 Είσελθόντα
3076 807 3132 862 δὲ
3177 810 3255 872 εἰς
3300 810 3399 878 τὴν
3438 809 3646 875 οἰκίαν,
3691 810 3771 874 ὡς
3812 814 3909 879 γέ-

2309 910 2575 962 γραπται,
2620 895 2965 967 προέφθασεν
3010 898 3172 952 αὑτὸν
3217 901 3246 951 ό
3286 899 3497 970 Ἰησοῦς
3528 901 3708 971 λέγων
3732 943 3750 968 ,
3793 922 3813 953 ι
3843 903 3907 955 Ui

2313 985 2554 1055 βασιλεῖς
2594 987 2693 1058 τῆς
2738 990 2842 1060 γῆς
2871 991 2980 1043 ἀπὸ
3020 991 3183 1044 τίνων
3241 990 3578 1062 λαμϐάνουσι
3624 993 3817 1057 τέλος,
3870 996 3903 1063 ἢ

2310 1075 2546 1145 κῆνσον;
2614 1078 2746 1132 Ἀπὸ
2784 1080 2894 1134 τῶν
2942 1080 3075 1134 υἰῶν
3107 1081 3317 1148 αὐτῶν,
3369 1083 3402 1153 ἢ
3441 1083 3550 1137 ἀπὸ
3578 1084 3693 1137 τῶν
3740 1084 3905 1138 ἀλλο·

2309 1164 2508 1237 τρίων;
2545 1186 2563 1217 ›
2593 1168 2850 1232 Εἰπόντος
2883 1168 2939 1223 δὲ
2975 1170 3162 1234 αὑτοῦ,
3206 1190 3225 1222 ι
3273 1172 3411 1225 Ἀπὸ
3433 1172 3543 1226 τῶν
3571 1173 3903 1243 ἀλλοτρίων,

2309 1256 2412 1326 ἔφη
2435 1259 2463 1311 ὁ
2499 1258 2729 1326 Ἰησοῦςο
2782 1260 2925 1332 Ἀρα
2965 1260 3243 1333 ἐλεύθεροί
3278 1265 3421 1319 εἰσιν
3449 1264 3500 1317 οἰ
3529 1264 3658 1321 υἰοί.
3692 1265 3817 1319 ’Ἵνα
3846 1266 3904 1319 δὲ

2312 1347 2387 1418 μὴ
2417 1348 2861 1421 σκανδαλίσωμεν
2890 1352 3111 1416 αὐτοὺς,
3140 1352 3430 1424 πορευθεὶς
3453 1355 3535 1417 εἰς
3560 1354 3664 1425 τὴν
3696 1354 3904 1408 θάλασ-

2310 1458 2407 1494 σαν
2462 1440 2593 1511 βάλε
2643 1442 2978 1516 ἄγκιστρον,
3019 1446 3112 1499 καὶ
3152 1445 3244 1499 τὸν
3282 1446 3645 1501 ἀναϐαίνοντα
3677 1447 3903 1517 πρῶτον

2312 1532 2463 1602 ἰχθὺν
2494 1529 2627 1605 ἆρον
2653 1575 2668 1599 ,
2722 1535 2817 1589 καὶ
2847 1536 3067 1602 ἀνοίξας
3110 1537 3172 1592 τὸ
3218 1539 3392 1609 στόμα
3433 1538 3596 1593 αὑτοῦ
3637 1541 3901 1611 εὑρήσεις

2308 1624 2555 1696 στατῆρα
2579 1665 2595 1689 ,
2640 1628 2844 1682 ἐκεῖνον
2882 1627 3065 1683 λαϐὼν
3094 1629 3183 1693 δὺς
3220 1630 3405 1694 αὐτοῖς
3450 1631 3571 1685 ἀντὶ
3600 1630 3761 1700 ἐμοῦ,
3809 1634 3903 1683 καὶ

2311 1714 2426 1769 σοῦ.
2458 1736 2477 1767 ι
2528 1715 2691 1788 Ὁρᾷς
2734 1718 2835 1771 ούκ
2874 1719 3201 1790 ἀνεχόμενον
3239 1720 3472 1792 ὑποτελῆ
3504 1722 3767 1790 γενέσθαι
3808 1722 3901 1774 τὺν

626 1797 767 1850 servi
801 1811 975 1861 more,
998 1813 1176 1868 neque
1211 1797 1267 1852 id
1299 1799 1545 1854 invitus?
1573 1798 1679 1867 Qui
1708 1811 1892 1855 autem
1917 1802 2003 1856 vel
2027 1802 2200 1872 ipsam

2307 1806 2454 1869 Υίὸν,
2490 1807 2610 1861 οὑδὲ
2640 1808 2716 1873 ὡς
2757 1809 2854 1864 ’ἐνα
2883 1809 2992 1864 τῶν
3028 1810 3134 1864 ὑπὸ
3161 1810 3255 1865 τὸν
3294 1812 3395 1883 τῆς
3425 1811 3671 1876 δουλείας
3708 1811 3898 1881 ζυγὸν,

624 1888 703 1944 rei
761 1888 994 1960 ﬁguram
1033 1890 1283 1960 respuit,
1343 1892 1623 1960 quomodo
1683 1893 1969 1948 veritatem
2024 1894 2201 1963 ipsam

623 1982 975 2051 susceperit?
1027 1981 1226 2037 Annon
1278 1983 1424 2037 enim
1502 1985 1881 2041 adorationem
1932 1986 2200 2041 tributum

626 2077 723 2121 aut
777 2068 1110 2124 oblationem
1164 2071 1462 2139 quamdam
1520 2073 1823 2142 spiritalem
1862 2074 2201 2130 existimabi-

627 2172 773 2225 inus,
797 2168 851 2214 et
876 2159 1158 2215 servitutis
1179 2176 1355 2233 genus
1376 2161 1551 2231 ipsam
1574 2177 1697 2217 esse
1717 2163 2005 2219 dicemus?
2025 2163 2198 2230 Quam

625 2248 774 2303 enim
804 2250 875 2305 ob
905 2265 1131 2307 causam
1163 2254 1253 2308 lex
1281 2253 1591 2309 adorationi
1619 2255 1936 2311 servitutem
1964 2256 2202 2326 conjun-

625 2342 725 2404 xit,
770 2340 999 2397 dicens:
1040 2362 1059 2395 ι
1094 2342 1386 2398 Dominum
1417 2343 1583 2399 Deum
1628 2353 1783 2399 tuum
1818 2347 2095 2411 adorabis,
2147 2356 2204 2404 et

628 2433 731 2502 ipsi
785 2435 944 2505 190
998 2436 1100 2491 soli
1156 2438 1428 2493 servies'.
1491 2455 1510 2488 ι
1558 2437 1772 2493 Etenim
1818 2439 1988 2509 janua
2031 2441 2201 2497 veluti

625 2526 873 2595 quadam
913 2538 969 2583 et
996 2529 1085 2583 via
1106 2529 1359 2600 obsequii
1393 2530 1687 2601 praestandi
1736 2531 2003 2597 adoratio,
2044 2534 2201 2603 prin-

624 2618 831 2688 cipium
892 2619 1101 2677 habens
1154 2622 1476 2677 servitutem
1531 2637 1659 2693 erga
1708 2621 1901 2677 Deum.
1966 2624 2202 2694 Ideoque

624 2708 916 2765 Psalmista
955 2710 1250 2767 nonnullos
1286 2712 1578 2782 compellat
1611 2713 1698 2767 his
1722 2713 1905 2769 verbis
1952 2715 2198 2769 alicubi:

631 2818 649 2850 ι
685 2799 899 2868 Venite,
930 2801 1250 2869 adoremus,
1282 2810 1340 2857 et
1382 2803 1741 2873 procidamus
1782 2811 1910 2859 ante
1962 2819 2111 2868 eum,
2148 2812 2204 2860 et

624 2893 898 2964 ploremus
925 2909 1112 2950 coram
1142 2895 1375 2950 Domino
1392 2895 1485 2965 qui
1509 2894 1637 2951 fecit
1660 2911 1761 2951 nos
1776 2896 1820 2950 ³.
1848 2914 1867 2947 ι
1888 2894 2053 2950 Vides
2076 2910 2203 2965 pro-

2308 1900 2599 1969 ὑπομεῖναι
2663 1902 2899 1973 πρᾶγμα
2956 1901 3349 1975 δουλοπρεπέςς
3399 1903 3570 1967 Εἰδὼς
3630 1904 3746 1974 γὰρ
3798 1903 3898 1972 τῆς

2305 1990 2500 2044 ἑαυτοῦ
2533 1990 2748 2059 φύσεως
2775 1992 2837 2045 τὸ
2857 1992 3142 2063 ἐλεύθερον
3171 1994 3411 2065 ἀξίωμα,
3437 1995 3714 2049 οἰκετικὸν
3742 1995 3899 2048 οὐδὲν

2303 2081 2610 2149 ὲποφείλειν
2635 2082 2713 2153 τῷ
2730 2082 2847 2154 Θεῷ
2870 2084 2963 2137 καί
2991 2084 3168 2156 Πατρὶ
3194 2084 3371 2154 διῖσχυ
3382 2084 3613 2155 ρίζεται.
3650 2103 3673 2137 r
3714 2084 3898 2137 Ἐλεύ-

2304 2171 2452 2242 θεροι
2479 2173 2590 2243 γάρ
2610 2173 2749 2227 εἰσιν
2777 2175 2827 2227 οἱ
2860 2175 2988 2238 υἰοὶ,
3028 2194 3048 2228 ›
3082 2176 3269 2246 φησίν.
3297 2175 3421 2237 Πῶς
3442 2170 3537 2229 οῦν
3561 2176 3665 2228 οὐκ
3700 2174 3893 2229 άνεθέο

2303 2261 2464 2334 λητον
2506 2263 2619 2334 ἔχει
2650 2266 2749 2337 τὴν
2775 2266 3119 2336 δουλοπρεπῆ
3154 2265 3567 2337 προσκύνησιν;
3612 2266 3677 2320 '0
3710 2266 3769 2318 δὲ
3802 2267 3898 2320 καὶ

2303 2354 2440 2424 πρὸς
2478 2354 2640 2424 μόνον
2669 2355 3060 2428 ἀποναρκήσας
3087 2356 3180 2409 τὸν
3209 2354 3300 2409 τοῦ
3342 2355 3672 2426 πράγματος
3700 2355 3893 2419 τύπον,

2303 2445 2420 2508 πῶς
2462 2445 2532 2499 ἂν
2578 2445 2748 2518 αὐτὴν
2797 2447 3157 2513 καταδέξαιτο
3197 2445 3298 2518 τὴν
3347 2446 3650 2518 ἀλήθειαν;
3684 2447 3761 2499 Ἦ
3786 2446 3896 2516 γὰρ

2301 2535 2397 2604 οὐχ
2427 2535 2502 2598 ὡς
2530 2534 2705 2601 τέλος,
2740 2537 2837 2591 καὶ
2865 2536 3246 2607 καρποφορίαν
3271 2534 3655 2606 πνευματικὴν
3683 2534 3899 2603 λογιού-

2305 2626 2444 2693 μεθα
2473 2626 2571 2698 τὴν
2596 2626 2995 2698 προσκύνησιν,
3030 2627 3127 2680 καὶ
3160 2625 3421 2697 λατρείας
3450 2620 3591 2688 εἶδος
3624 2624 3900 2695 ὑπάρχειν

2302 2715 2535 2787 ἐροῦμεν
2579 2717 2790 2789 αὐτήν;
2846 2716 3001 2769 Ἐπεὶ
3039 2715 3130 2770 διὰ
3155 2716 3317 2770 ποίαν
3348 2716 3376 2768 ό
3405 2713 3569 2784 νόμος
3599 2713 3788 2767 αἰτίαν
3829 2712 3899 2783 τῇ

2305 2808 2675 2879 προσκυνήσει
2725 2808 2984 2880 συνέδησε
3027 2807 3127 2879 τὴν
3179 2806 3435 2877 λατρείαν
3469 2804 3663 2869 εἰπὼν,
3711 2823 3732 2856 ε
3780 2806 3903 2859 KC-

2307 2914 2423 2968 ptov
2467 2898 2559 2951 τὸν
2610 2898 2745 2951 Θεόν
2786 2914 2880 2951 σου
2930 2897 3366 2968 προσκυνήσεις,
3415 2896 3511 2949 καὶ
3556 2893 3712 2965 αὑτῷ
3752 2894 3899 2965 μόνῳ

622 2987 805 3042 cidere
845 2987 1001 3057 sequi
1036 2998 1090 3042 et
1138 2988 1497 3057 conjunctum
1538 3001 1664 3043 esse
1693 2986 2045 3041 adorationi?
2082 2985 2203 3052 Quo

2307 2990 2643 3060 λατρεύσεις.
2689 3009 2709 3043 ι
2742 2990 2894 3059 Πύλη
2923 2988 3034 3059 γὰρ
3063 2989 3253 3061 ὥσπερ
3296 2989 3384 3053 τίς
3434 2990 3573 3051 ἐστι,
3632 2987 3735 3041 καὶ
3782 2987 3899 3051 ὁδὸς

625 3077 757 3149 quid
793 3080 967 3149 magis
1000 3092 1160 3134 servo
1194 3080 1485 3133 conveniat
1532 3077 1676 3146 apud
1732 3093 1829 3133 eos
1875 3078 1968 3147 qui
2014 3093 2197 3132 rerum

2307 3079 2405 3148 τῆς
2434 3082 2492 3134 ὲν
2520 3080 2703 3150 ἔργοις
2729 3080 2987 3151 λατρείας
3008 3082 3042 3151 ἡ
3062 3078 3457 3151 προσκύνησις,
3490 3078 3667 3149 ἀρχὴν
3694 3076 3898 3148 ἔχουσα

625 3171 916 3241 qualitates
936 3176 1087 3224 recte
1106 3170 1402 3231 aestimant,
1429 3169 1613 3224 dicere
1639 3185 1748 3223 non
1778 3185 2026 3240 possum.
2048 3171 2202 3236 Quod

2307 3169 2547 3224 δουλείαν
2572 3171 2671 3241 τὴν
2704 3171 2780 3234 ὡς
2826 3171 2962 3241 πρὸς
2990 3171 3142 3224 Θεόν.
3184 3170 3277 3223 Διὸ
3328 3168 3393 3241 δὴ
3442 3170 3538 3222 καὶ
3575 3170 3721 3240 πρός
3748 3184 3897 3230 τινας

626 3263 673 3319 si
717 3270 1073 3332 perseverant
1118 3260 1446 3321 adversarii,
1500 3260 1793 3330 praefracta
1860 3262 2205 3329 impudentia

626 3354 754 3408 elati
780 3394 795 3419 ,
830 3361 884 3409 et
914 3353 1128 3414 frivolis
1161 3353 1471 3409 rationibus
1515 3352 1630 3407 haec
1660 3360 1911 3408 astruere
1943 3368 2051 3406 non
2080 3368 2204 3409 ces-

627 3456 770 3508 sant,
812 3446 1109 3501 ostendant
1172 3446 1335 3502 nobis
1366 3446 1625 3500 universa
1677 3443 1965 3515 Scriptura
2010 3454 2204 3499 sancta

626 3537 935 3610 pervoluta,
958 3537 1159 3592 Filium
1196 3536 1367 3592 Deum
1396 3546 1451 3591 et
1493 3534 1707 3593 Patrem
1748 3537 2035 3596 adorasse,
2076 3549 2203 3589 cum

626 3629 835 3683 nudum
891 3626 1077 3682 adhuc
1126 3635 1274 3683 esset
1326 3624 1595 3691 Verbum,
1632 3633 1759 3679 ante
1809 3625 2206 3681 incarnationis

625 3729 896 3788 tempora,
924 3727 979 3773 et
1018 3718 1166 3773 illam
1208 3718 1356 3773 servi
1406 3716 1659 3772 formam.
1722 3716 1882 3772 Nunc
1913 3716 2062 3776 enim
2096 3731 2204 3786 qua

627 3811 796 3866 homo
820 3811 958 3864 citra
985 3809 1467 3880 reprehensionem
1516 3809 1732 3874 adorat,
1768 3810 1863 3867 sed
1908 3819 2060 3876 tunc,
2091 3824 2203 3865 non

628 3902 779 3956 item.
803 3900 910 3957 Sed
940 3916 1005 3955 ex
1033 3900 1236 3956 divinis
1267 3900 1551 3971 sacrisque
1574 3900 1799 3957 Litteris
1829 3901 1882 3955 id
1914 3900 2205 3957 ostendere

630 4007 910 4061 nunquam
945 4000 1224 4063 poterunt;
1254 4007 1447 4047 verum
1475 4008 1603 4047 cum
1639 3993 1799 4049 nobis
1827 3992 2203 4063 conjecturas,

624 4093 684 4138 et
731 4084 953 4154 putidas
1015 4084 1313 4155 argutiolas
1354 4092 1702 4151 coacervent,
1750 4085 1875 4155 jure
1935 4084 2200 4140 audient:

634 4193 656 4227 ι
694 4169 902 4231 Erratis
962 4175 1267 4230 nescientes
1339 4173 1679 4245 Scripturas,
1710 4190 1890 4245 neque
1944 4175 2205 4230 virtutem

629 4266 722 4322 Dei
748 4266 789 4329 δ,
836 4283 855 4317 ι
880 4273 935 4322 et
957 4266 1187 4336 gloriam
1222 4264 1517 4336 Unigeniti.
1546 4264 1702 4330 Quod
1745 4265 1890 4320 enim
1928 4274 2203 4335 quatenus

627 4356 873 4413 Verbum
908 4373 973 4413 ac
1002 4356 1148 4412 Deus
1193 4372 1303 4411 non
1355 4357 1568 4422 adoret,
1629 4356 1724 4412 sed
1782 4357 1960 4413 nostri
2004 4358 2203 4413 similis

2305 3262 2334 3313 ὁ
2365 3260 2618 3331 ηελῳδός
2664 3260 2765 3314 πού
2796 3278 2953 3331 φησιο
2997 3279 3016 3312 ι
3052 3260 3218 3313 Δεῦτε
3262 3260 3759 3330 προσκυνήσωμεν,
3803 3257 3896 3309 καὶ

2305 3351 2707 3423 προσπέσωμεν
2735 3351 2905 3423 αὐτῷ,
2942 3353 3035 3406 καὶ
3063 3351 3388 3422 κλαύσωμεν
3417 3350 3660 3403 ἐναντίον
3683 3350 3894 3418 Κυρίου

2302 3439 2396 3495 τοῦ
2431 3442 2755 3513 ποιήσαντος
2795 3443 2967 3512 ἡμᾶς.
3011 3460 3030 3493 ι
3079 3442 3242 3515 Ὁρᾷς
3288 3442 3674 3513 παρεπόμενόν
3715 3459 3777 3495 τε
3802 3441 3894 3493 καὶ

2306 3532 2735 3602 συνεζευγμένον
2784 3531 2863 3603 τῷ
2916 3538 3243 3603 προσκυνεῖν
3291 3535 3353 3589 τὸ
3400 3535 3601 3606 χρῆναι
3649 3534 3891 3604 προσπί-

2306 3643 2461 3681 πτειν
2488 3644 2503 3693 ;
2537 3621 2611 3681 Ob
2639 3627 2693 3679 τί
2732 3626 2799 3681 ἂν
2823 3626 3034 3695 γένοιτο
3054 3627 3612 3699 δουλοπρεπέστερον,
3646 3626 3805 3697 παρά
3829 3644 3888 3693 γε

2302 3716 2416 3779 τοῖς
2456 3715 2631 3786 ὀρθῶς
2661 3716 3017 3785 δοκιμάζουσι
3063 3718 3163 3781 τὰς
3202 3718 3311 3771 τῶν
3350 3717 3698 3789 πραγμάτων
3742 3717 3887 3769 ποιό-

2303 3828 2510 3882 τητας,
2575 3814 2749 3865 εἰπεῖν
2796 3812 2897 3864 οὑκ
2945 3812 3073 3883 ἔχω.
3122 3813 3185 3865 Εἰ
3226 3812 3283 3867 δὲ
3328 3811 3685 3883 ἐπιμένωσιν
3724 3811 3778 3862 οἰ
3823 3808 3888 3862 δι’

2304 3901 2553 3964 ἐναντίας
2576 3902 2665 3954 ἐπ’
2685 3900 3013 3972 ἀθραύστοις
3034 3901 3113 3955 ἔτι
3134 3903 3256 3965 ταῖς
3292 3901 3709 3971 ἀναισχυντίαις
3732 3899 3890 3952 σοϐας

2308 3993 2588 4065 ρευόμενοι
2612 4030 2628 4056 ,
2681 3992 2774 4047 καὶ
2826 3992 2937 4046 τῶν
2996 3994 3089 4046 ἐπὶ
3142 3994 3355 4057 τούτοις
3419 3990 3773 4046 ἀπαιδεύτων
3830 3990 3889 4046 οὐ

2304 4083 2673 4155 καταλήγουσι
2697 4084 2998 4155 λογισμῶν,
3021 4084 3440 4139 ἐπιδεικνύντων
3469 4087 3602 4156 ἡμῖν
3636 4084 3770 4155 ὃλην
3794 4084 3891 4154 τὴν

2306 4176 2465 4244 ἁγίαν
2515 4176 2960 4247 περινοστοῦντες
3022 4177 3248 4249 Γραφὴν
3304 4177 3771 4248 προσκυνήσαντα
3817 4173 3890 4243 τῷ

2304 4266 2425 4337 Θεῷ
2454 4266 2551 4321 καὶ
2598 4266 2773 4338 Πατρὶ
2800 4266 2892 4320 τὸν
2920 4265 3083 4331 Υἰδν,
3122 4266 3212 4319 ὅτε
3239 4265 3444 4337 γυμνὸς
3474 4261 3544 4336 ἦν
3576 4265 3658 4318 ἔτι
3697 4264 3891 4331 Λόγος,

2305 4356 2415 4424 πρδ
2446 4355 2557 4408 τῶν
2588 4357 2688 4425 τῆς
2737 4356 3204 4427 ὲνανθρωπήσεως
3233 4356 3475 4426 χρόνων,
3528 4354 3626 4408 καὶ
3662 4353 3762 4407 τοῦ
3800 4353 3895 4423 τῆς

627 4448 792 4501 etiam
822 4448 1064 4501 humano
1097 4461 1248 4503 more
1278 4446 1333 4501 id
1365 4448 1690 4518 susceperit,
1726 4456 1952 4518 propter
1976 4448 2203 4518 dispen-

2308 4447 2557 4508 δουλείας
2581 4448 2883 4518 σχήματος.
2924 4446 3040 4499 Νῦν
3078 4446 3177 4516 μὲν
3208 4448 3317 4517 γὰρ
3343 4446 3421 4509 ὡς
3448 4445 3738 4510 ἄνθρωπος
3765 4445 3896 4497 ἀκα-

631 4539 903 4594 sationem
972 4553 1094 4592 cum
1154 4553 1343 4603 carne,
1391 4555 1501 4593 non
1559 4540 1780 4595 aliunde
1828 4540 2203 4610 probationem

630 4647 965 4701 qua-remus,
986 4631 1079 4687 sed
1107 4647 1175 4686 ex
1204 4630 1328 4700 ejus
1356 4632 1542 4687 verbis
1570 4648 1791 4687 rursum
1822 4646 2202 4702 agnoscemus.

632 4723 776 4789 Quid
834 4724 981 4778 enim
1027 4723 1096 4777 ad
1143 4722 1550 4778 Samaritanam
1609 4723 1893 4778 mulierem
1947 4724 2022 4777 ait
2068 4737 2205 4793 prae-

631 4823 781 4870 terea
804 4814 829 4868 ?

2314 4540 2633 4611 τηγορὴτως
2667 4541 2995 4609 προσκυνεῖ,
3042 4539 3166 4592 τότε
3212 4539 3306 4605 δὲ,
3359 4538 3566 4592 οὐκέτι.
3610 4535 3757 4588 Ἀλλ’
3803 4536 3897 4605 οὑχ

2312 4630 2495 4695 ἕξουσι
2519 4629 2618 4698 μὲν
2644 4630 2709 4682 ὲκ
2727 4630 2837 4683 τῶν
2870 4629 3029 4683 θείων
3059 4645 3119 4682 τε
3143 4631 3237 4684 καὶ
3264 4628 3426 4699 ἱερῶν
3456 4625 3721 4691 ἐπιδεῖξαι
3742 4626 3900 4679 τοῦτο

2314 4720 2689 4792 Γραμμάτων·
2738 4721 3082 4791 στοχασμοὺς
3114 4722 3171 4774 δὲ
3213 4723 3369 4792 ἡμῖν,
3400 4721 3509 4781 ,καὶ
3543 4718 3771 4790 σαθρῶν
3820 4720 3900 4771 ὲν-

2312 4814 2652 4884 θυμημάτων
2710 4814 2955 4878 ἐπινοίας
3016 4814 3388 4883 συνείροντες,
3440 4810 3681 4878 εὐλόγως
3737 4809 3899 4863 ἀκού-

634 4924 851 4972 σονται,
888 4925 907 4959 ι
949 4905 1229 4959 Πλανᾶσθε
1276 4904 1352 4975 μὴ
1398 4905 1596 4967 εἰδότες
1630 4904 1729 4968 τὰς
1772 4904 2025 4975 Γραφὰς,
2079 4903 2214 4975 μηδὲ
2250 4904 2349 4974 τὴν
2386 4904 2615 4975 δύναμιν
2653 4905 2746 4959 τοῦ
2811 4903 2970 4969 Θεοῦ,
3015 4923 3032 4953 ι
3079 4904 3176 4957 καὶ
3215 4903 3314 4973 τὴν
3358 4901 3519 4968 δόξαν
3560 4899 3659 4953 τοῦ
3726 4901 3899 4953 Μονο-

632 4999 847 5067 γενοῦς.
873 4999 997 5052 ’Ὁτι
1017 4997 1126 5067 γὰρ
1216 4997 1314 5066 μὲν
1338 4996 1509 5064 Λόγος
1530 4997 1624 5049 καὶ
1647 4995 1779 5058 Θεὸς
1800 4997 1861 5048 οὐ
1892 4997 2205 5068 προσκυνεῖ,
2246 4996 2491 5064 γεγονὼς
2522 4996 2579 5049 δὲ
2614 4996 2735 5049 καθ’
2766 4997 2942 5066 ἡμᾶς,
2988 4995 3082 5048 καὶ
3150 4994 3308 5049 τοῦτο
3373 4994 3567 5047 παθεῖν
3611 4992 3898 5061 ἀνθρωπο-

636 5090 862 5161 πρεπῶς
897 5089 1221 5154 κατεδέξατο
1267 5088 1355 5141 διὰ
1401 5088 1500 5158 τὴν
1551 5087 1864 5157 οἰκονομίαν
1915 5089 2015 5159 τὴν
2067 5087 2204 5157 μετὰ
2247 5088 2469 5158 σαρκὸς,
2501 5089 2561 5141 ού
2593 5087 2827 5156 θύραθεν
2853 5088 3037 5157 ήμῖνή
3103 5085 3445 5156 πληροφορία
3509 5083 3896 5155 ζητηθήσεται,

635 5182 721 5233 διὰ
750 5183 805 5235 δὲ
837 5181 945 5234 τῶν
979 5180 1147 5233 αὑτοῦ
1184 5180 1348 5233 πάλιν
1378 5178 1639 5248 εἰσόμεθα
1671 5179 1867 5245 λόγων.
1913 5179 1976 5230 Τί
2007 5177 2116 5249 γὰρ
2142 5178 2206 5249 δὴ
2246 5181 2338 5233 καί
2370 5198 2501 5250 φησι
2528 5180 2663 5249 πρὸς
2686 5180 2784 5249 τὴν
2813 5180 2878 5232 ὲκ
2902 5178 3003 5244 τῆς
3034 5178 3341 5248 Σαμαρείας
3379 5177 3653 5244 γυναῖκας

720 5274 821 5327 Vos
855 5275 1092 5329 adoratis
1136 5274 1273 5343 quod
1307 5273 1557 5333 nescitis:
1606 5290 1699 5326 nos
1750 5274 2038 5327 adoramus
2071 5273 2209 5345 quod

639 5366 856 5419 scimus.

709 5455 902 5510 Nonne
927 5459 1099 5512 cuivis
1128 5460 1296 5513 etiam
1330 5474 1391 5512 ex
1414 5459 1518 5510 hoc
1557 5456 1908 5510 manifestum
1933 5465 2036 5519 est,
2064 5458 2209 5525 quod

640 5562 762 5602 cum
804 5549 998 5618 plurali
1054 5566 1187 5614 usus
1228 5553 1299 5606 sit
1354 5564 1622 5612 numero,
1684 5558 1736 5603 et
1784 5548 2021 5605 seiusum
2070 5551 2208 5604 inter

715 5689 1263 5791 "Mannumss.
1351 5728 1683 5783 "ibid.‘.’.4.
1770 5728 2186 5792 ‘ibld.25,26.
2266 5728 2696 5793 ’Deut.vr,15.

2398 5275 2592 5343 Ὑμεῖς
2626 5272 3021 5341 προσκυνεῖτε
3041 5271 3074 5325 ὅ
3107 5273 3219 5327 οὐκ
3250 5271 3474 5335 οἴδατε,
3510 5268 3686 5337 ἡμεῖς
3707 5284 3893 5336 προσ-ο

2318 5368 2640 5435 κιινοῦμεν,
2672 5366 2703 5420 ὃ
2732 5365 2998 5434 οἴδαμεν.

2387 5454 2512 5527 'Ap‘
2546 5459 2665 5526 οὐχὶ
2694 5455 2855 5508 παντί
2886 5473 2963 5524 τῳ
2990 5456 3082 5509 καὶ
3114 5454 3201 5508 διὰ
3223 5453 3410 5508 τούτου
3444 5451 3783 5521 καταφανὲς,
3816 5450 3889 5501 ὅτι

2316 5549 2393 5619 τῷ
2416 5547 2759 5618 πληθυντικῷ
2779 5546 3123 5616 χρησάμενος
3140 5545 3377 5617 ἀριθμῷ,
3400 5546 3491 5598 καὶ
3517 5548 3629 5606 τοῖς
3660 5544 3716 5608 ἐξ
3743 5543 3886 5607 dwar-

2808 5728 2825 5759 '
2859 5727 3006 5785 Psal.
3038 5742 3182 5793 χειν,
3208 5728 3263 5783 6.
3386 5726 3580 5783 Matth.
3621 5742 3765 5791 χχιι,
3802 5721 3881 5779 29.
