4118 6570
207 375 338 431 515

1286 378 1348 433 ΙΝ
1387 375 1674 433 JOANNIS
1708 376 2163 443 EVANGELIUM
2205 389 2337 445 LIB.
2380 391 2446 446 ll.

3387 406 3489 463 5H

209 508 333 562 κης
380 493 471 545 καὶ
518 491 759 557 δουλείας
806 493 1200 563 προσκυνοῦσιν
1238 495 1429 549 ἑαυτὸν
1480 498 1793 569 ἐναριθμῶν

1919 516 2015 555 eos
2045 505 2274 560 collocet
2314 509 2407 577 qui
2469 513 2816 570 necessitatis
2858 524 2910 572 et
2963 518 3244 574 servitutis
3278 521 3489 577 ratione

204 580 296 646 ὡς
348 584 405 636 ἐν
443 583 605 656 δούλῃ
647 586 714 654 τῇ
757 584 1138 655 άνθρωπότητι
1189 586 1430 655 γεγονὼς
1467 587 1535 642 τὰ
1583 590 1808 643 τοιαῦτά

209 694 403 748 φησις
434 676 498 728 Τί
540 676 650 747 γὰρ
692 673 795 747 ἦν,
831 677 951 730 είπέ
991 694 1112 748 μοι,
1151 679 1211 731 τὸ
1261 678 1470 732 κωλύον
1516 680 1679 734 αὐτὸν
1727 684 1807 745 είς

206 773 425 824 οἰκεῖον
465 771 759 841 πρόσωπον
806 769 1028 824 ἐλκῦσαι
1069 772 1371 841 μοναδικῶς
1414 772 1514 845 τὴν
1561 774 1806 845 προσκύ-

206 878 401 931 νησιν,
425 862 473 915 εί
497 862 737 916 νοεῖσθαι
766 864 899 935 παρ’
920 866 952 935 ἡ
963 864 1077 933 μῶν
1100 865 1360 936 ἐπιθυμεῖ
1386 868 1803 937 προσκυνητής;

213 954 378 1007 Ἔδει
410 955 518 1023 γὰρ
551 954 753 1025 μᾶλλον
775 957 970 1009 εἰπεῖν’
1006 974 1023 1008 t
1066 955 1209 1025 Ἐγὼ
1240 957 1532 1027 προσκυνῶ
1560 957 1588 1010 δ
1615 954 1749 1022 οῖδα,
1778 977 1797 1012 ι

209 1046 311 1098 ἵνα
342 1049 457 1109 τοῖς
496 1046 677 1111 ἄλλοις
709 1046 1047 1111 ἀσύντακτος
1070 1046 1167 1111 ὢν,
1213 1049 1297 1117 ἐφ’
1321 1048 1499 1118 ἐαυτῷ
1532 1049 1626 1103 καὶ
1659 1049 1805 1121 μόνῳ

209 1136 321 1206 τὴν
366 1138 475 1191 τῶν
528 1139 835 1210 εἰρημένων
892 1140 1114 1210 ἁρπάσῃ
1174 1139 1423 1210 δύναμιν.
1476 1140 1614 1194 Νυνὶ
1659 1141 1805 1195 δὲτὸ

218 1246 238 1277 ‹
298 1228 514 1298 Ἦμεῖς,
555 1247 573 1281 ι
607 1230 806 1301 ἄριστά
832 1232 893 1283 τέ
924 1247 1059 1300 φησι
1101 1231 1196 1285 καὶ
1239 1231 1360 1284 λίαν
1407 1231 1688 1300 ἀσφαλῶς,
1729 1233 1806 1296 ὡς

208 1319 273 1370 ἐν
319 1318 529 1383 δούλοις
574 1320 676 1392 ἤδη
716 1322 1194 1393 κατατεταγμένος
1244 1321 1332 1375 διὰ
1372 1322 1471 1393 τὴν
1516 1322 1804 1393 ἀνθρωπό-

206 1429 377 1483 τητα,
402 1412 477 1478 ὡς
497 1416 610 1478 τοῖς
633 1413 1031 1486 προσκυνοῦσιν
1059 1414 1394 1486 ἐναρίθμιος,
1421 1413 1497 1477 ὼς
1530 1413 1804 1478 Ἰουδαίοις

205 1505 301 1559 διὰ
332 1506 436 1577 τὴν
467 1505 673 1577 χώραν.

299 1596 457 1654 Ἀλλ’
505 1598 738 1668 ἔρχεται
766 1597 910 1666 ὥρα,
938 1598 1036 1653 καὶ
1065 1597 1182 1654 νῦν
1211 1598 1399 1664 ἐστιν,
1425 1599 1524 1653 ὅτε
1564 1602 1617 1653 οι
1653 1598 1802 1666 ἀλη-

205 1689 367 1742 θινοι
408 1691 821 1758 προσκυνηταὶ
859 1689 1361 1759 προσκυνήσουσι
1402 1689 1481 1756 τῷ
1520 1691 1701 1759 Harp!
1734 1692 1805 1745 ἐν

204 1781 511 1851 πνεύματι
554 1783 654 1837 καὶ
688 1783 960 1851 ἀληθείᾳ.
1008 1783 1120 1838 Kal
1151 1785 1261 1855 γὰρ
1308 1789 1341 1840 ό
1373 1785 1578 1854 Πατὴρ
1606 1785 1801 1838 τοιού-

202 1890 360 1940 τους
409 1873 571 1943 ζητεῖ
598 1875 741 1943 τοὺς
778 1877 1277 1945 προσκυνοῦντας
1308 1881 1516 1934 αὐτόν.
1560 1877 1803 1947 Πνεῦμα

206 1969 241 2018 ό
279 1966 451 2032 Θεὸς,
473 1968 569 2022 καὶ
612 1969 753 2033 τοὺς
794 1970 1292 2038 προσκυνοῦντας
1315 1972 1502 2026 αὑτὸν
1527 1972 1595 2026 ἐν
1618 1972 1803 2025 πνεύ-

204 2072 352 2123 ματι
396 2058 495 2112 καὶ
542 2059 792 2128 ἀληθείᾳ
824 2060 920 2116 δεῖ
943 2063 1327 2131 προσκυνεῖν.
1356 2064 1526 2135 Λέγει
1563 2063 1723 2130 αὐτῷ
1762 2064 1801 2131 ὴ

282 2241 552 2312 Σημαίνει
585 2243 685 2314 μὲν
708 2244 809 2315 τῆς
839 2244 1032 2300 ἐαυτοῦ
1065 2246 1372 2315 παρουσίας
1405 2246 1494 2301 τὸν
1528 2248 1627 2319 Ιἤδη
1662 2265 1803 2318 παρ-

206 2333 340 2386 όντα
396 2336 626 2406 καιρὸν,
667 2338 1280 2409 μετασκευασθήσεσθαι
1333 2338 1390 2391 δὲ
1436 2339 1562 2403 τοὺς
1599 2339 1804 2403 τύπους

206 2426 385 2495 φησὶν
412 2429 493 2491 είς
521 2428 799 2499 ἀλήθειαν,
828 2430 924 2483 καὶ
961 2430 1061 2501 τὴν
1096 2430 1188 2484 τοῦ
1219 2430 1385 2502 νόμου
1414 2430 1571 2485 σκιάν
1592 2434 1672 2496 είς
1703 2432 1801 2485 λα-

205 2519 406 2588 τρείαν
454 2521 853 2593 πνευματικήν.
884 2519 983 2575 Διά
1029 2521 1087 2575 δέ
1134 2522 1235 2593 τῆς
1278 2524 1642 2594 εύαγγελικῆς
1676 2544 1804 2580 παι-

207 2607 451 2671 δεύσεως
472 2610 552 2672 είς
584 2609 879 2681 εὐάρεστον
909 2610 988 2682 τῷ
1010 2612 1186 2683 Πατρὶ
1223 2607 1499 2669 πολιτείαν
1537 2634 1802 2687 χειραγω-

208 2697 558 2767 γηθήσεσθαι
607 2699 758 2769 λέγει
808 2699 902 2754 τὸν
941 2702 1194 2773 ἀληθινὸν
1247 2706 1667 2777 προσκυνητὴν,
1709 2706 1801 2760 τὸν

206 2788 505 2861 ἄνθρωπον
527 2789 769 2861 δηλονότι
786 2792 877 2845 τὸν
897 2794 1289 2865 πνευματικὸν,
1320 2796 1662 2869 ἑτοιμότερόν
1683 2816 1801 2863 πως

207 2880 290 2944 εἰς
323 2881 636 2954 οίκειότητα
656 2883 917 2954 τρέχοντά
944 2902 1060 2949 πως
1099 2886 1198 2957 τὴν
1228 2886 1363 2958 πρὸς
1396 2888 1546 2942 Θεόν.
1576 2889 1801 2960 Πνεῦμα

205 2972 319 3043 γὰρ
344 2974 377 3025 ό
400 2972 551 3039 Θεὸς,
583 2973 659 3037 ὡς
701 2975 838 3045 πρὸς
867 2974 1121 3047 σώματος
1148 2981 1349 3032 νοεῖται
1381 2979 1540 3049 φύσιν
1562 2994 1575 3007 ⁸
1604 2981 1692 3035 διά
1717 2998 1801 3035 τοι

205 3061 375 3116 τοῦτο
403 3063 626 3128 δικαίως
675 3064 765 3117 τὸν
812 3065 1178 3136 πνευματικὸν
1204 3068 1526 3139 ἀποδέχεται
1566 3086 1800 3141 προσκυ-

1912 594 2165 657 adorant.
2199 598 2312 654 haec
2346 602 2440 662 ait,
2468 613 2726 675 tanquam
2762 608 2857 677 qui
2890 609 2943 663 in
2967 624 3125 665 serva
3146 611 3489 669 humanitate

1910 686 2185 741 exsistat?
2245 690 2386 755 Quid
2439 695 2608 757 enim,
2667 712 2886 767 quaeso,
2930 699 3257 770 impediebat
3309 703 3485 773 ipsum

1909 779 2206 846 quominus
2259 783 2325 835 ad
2361 799 2516 839 suam
2556 802 2847 855 personam
2885 792 3260 848 adorationcm
3299 795 3488 865 singu-

1911 869 2102 925 lariter
2134 872 2479 940 transferret,
2512 878 2557 931 si
2584 894 2612 931 a
2646 882 2807 937 nobis
2840 883 3098 938 adorator
3127 886 3340 942 censeri
3369 888 3485 941 vel-

1908 959 2025 1014 let?
2064 959 2366 1018 Dicendum
2398 968 2544 1021 enim
2576 978 2698 1023 erat
2729 973 2934 1040 potius,
2967 994 2984 1025 ‹
3017 974 3126 1044 Ego
3146 977 3315 1031 adoro
3338 977 3484 1046 quod

1908 1053 2045 1117 scio,
2091 1072 2108 1102 ι
2147 1064 2207 1108 ut
2242 1071 2364 1111 eum
2393 1059 2450 1112 in
2490 1061 2721 1114 aliorum
2754 1079 2984 1117 numero
3023 1081 3130 1119 non
3165 1076 3330 1134 esset,
3378 1068 3481 1122 sibi

1910 1144 2001 1198 uni
2033 1144 2139 1198 vim
2174 1147 2321 1203 illius
2372 1148 2505 1204 dicti
2549 1162 2853 1222 arrogaret.
2892 1152 3048 1210 Nunc
3106 1166 3313 1222 autem,
3365 1175 3482 1213 eam

1905 1249 2097 1290 vocem
2141 1248 2290 1293 recte
2322 1251 2375 1294 et
2424 1243 2726 1312 prudenter
2774 1256 3025 1316 usurpat,
3072 1257 3131 1301 ut
3184 1250 3295 1319 jam
3345 1250 3487 1306 inter

1907 1341 2098 1382 servos
2140 1331 2465 1397 collocatus,
2501 1346 2724 1405 propter
2761 1338 3183 1407 humanitatem,
3230 1350 3285 1394 ut
3343 1341 3487 1397 inter

1905 1420 2202 1478 adorantes
2227 1436 2568 1493 numeratus,
2607 1441 2665 1484 ut
2697 1431 2841 1485 inter
2869 1430 3110 1499 Judazos,
3140 1441 3363 1503 propter
3391 1448 3479 1490 re-

1904 1527 2145 1583 gtonem.

1979 1604 2133 1675 191
2170 1607 2261 1671 IV,
2296 1609 2387 1673 25,
2450 1610 2541 1665 24.
2602 1610 2703 1668 Sed
2737 1615 2871 1668 venit
2905 1616 3057 1679 liora,
3096 1625 3144 1669 et
3196 1633 3332 1670 nunc
3379 1627 3480 1682 est,

1903 1700 2115 1766 quando
2141 1701 2250 1753 veri
2284 1701 2591 1757 adoratores
2620 1704 2918 1761 adorabunt
2954 1706 3174 1761 Patrem
3202 1710 3257 1760 in
3290 1709 3481 1777 spiritu

1902 1795 1954 1840 et
1983 1790 2221 1846 veritate.
2252 1789 2395 1845 Nam
2417 1804 2467 1847 et
2499 1794 2665 1849 Pater
2699 1798 2829 1851 tales
2868 1801 3074 1867 quierit,
3118 1800 3207 1868 qui
3259 1800 3479 1853 adorent

1903 1894 2041 1934 eum.
2074 1879 2306 1951 Spiritus
2333 1896 2408 1937 est
2436 1886 2572 1940 Deus
2596 1901 2616 1940 :
2644 1897 2692 1941 et
2723 1905 2812 1941 eos
2842 1890 2930 1958 qui
2979 1890 3206 1943 adorant
3255 1908 3392 1956 eum,
3427 1894 3479 1945 in

1904 1971 2095 2040 spiritu
2129 1983 2178 2027 et
2211 1976 2427 2030 veritate
2453 1987 2654 2046 oportet
2686 1978 2935 2033 adorare.
2959 1979 3099 2033 Dicit
3125 1981 3172 2034 ei
3196 1982 3406 2035 mulier.

1977 2238 2261 2308 Signiﬁcat
2314 2238 2581 2295 adventus
2638 2240 2860 2310 quidem
2924 2241 3009 2295 sui
3060 2241 3173 2309 jam
3235 2256 3479 2311 praesens

1905 2335 2142 2396 tempus,
2176 2328 2270 2381 sed
2299 2336 2567 2382 tnutatum
2599 2329 2665 2382 iri
2697 2330 2832 2384 dicit
2858 2329 3061 2400 ﬁguras
3092 2332 3146 2385 in
3174 2332 3477 2399 veritatem,

1903 2426 1957 2473 et
1990 2419 2126 2489 legis
2154 2420 2402 2473 umbram
2436 2421 2491 2474 in
2522 2420 2731 2475 cultum
2790 2421 3117 2490 spiritalem.
3170 2422 3272 2477 Per
3316 2437 3480 2477 evan-

1902 2510 2131 2580 gelicam
2164 2519 2344 2565 autem
2377 2510 2727 2580 disciplinam
2758 2512 3055 2567 deductum
3090 2514 3156 2566 iri
3190 2515 3264 2566 ait
3289 2529 3477 2567 verum

1903 2603 2269 2667 adoratorem,
2320 2604 2370 2658 id
2402 2614 2486 2660 est
2526 2605 2830 2674 spiritalem
2866 2606 3165 2673 hominem,
3226 2608 3293 2661 ad
3345 2624 3477 2662 eon-

1902 2696 2267 2751 versationem
2301 2695 2444 2750 Patri
2482 2697 2813 2767 placentem,
2835 2698 3043 2767 majore
3073 2700 3479 2768 quodammodo

1902 2787 2085 2842 studio
2124 2787 2191 2841 ad
2245 2787 2691 2856 conjunctionem
2741 2803 2866 2842 cum
2925 2788 3034 2844 Deo
3098 2791 3473 2845 festinantem.

1905 2876 2142 2947 Spiritus
2174 2877 2319 2933 enim
2360 2876 2503 2933 Deus
2537 2878 2865 2949 intelligitur
2890 2881 2933 2934 si
2965 2894 3087 2934 cum
3123 2891 3317 2935 natura
3354 2895 3478 2935 eor-

1900 2970 2051 3040 poris
2077 2980 2447 3040 comparetur,
2491 2971 2828 3041 proindeque
2861 2972 3167 3042 spiritalem
3217 2974 3474 3028 adorato-

1902 3075 2017 3115 rem
2045 3061 2262 3131 prohat,
2295 3076 2403 3114 non
2432 3061 2525 3131 qui
2554 3062 2770 3130 pietatis
2801 3062 3034 3118 formam
3060 3063 3292 3120 Judaico
3323 3080 3477 3120 more

204 3156 387 3226 νητὴν
408 3197 423 3219 ,
450 3156 550 3209 ούκ
582 3158 639 3210 ἐν
694 3157 1001 3229 μορφώσει,
1029 3160 1124 3212 καὶ
1155 3158 1345 3225 τύποις
1389 3160 1659 3233 φοροῦντα
1697 3164 1796 3234 τῆς

1904 3152 1957 3205 in
1984 3151 2174 3221 ﬁguris
2200 3161 2254 3207 et
2281 3153 2425 3223 typis
2456 3153 2617 3221 ferat,
2665 3155 2759 3208 sed
2789 3155 2881 3225 qui
2917 3156 3200 3225 prmelaris
3245 3156 3476 3211 virtutis

206 3245 500 3312 εὐσεϐείας
550 3248 647 3319 τὴν
681 3250 959 3320 μόρφωσιν
1004 3251 1312 3317 Ἰουδαϊκῶς
1335 3296 1349 3320 ,
1378 3254 1513 3307 ἀλλά
1542 3258 1655 3318 τοῖς
1699 3256 1796 3327 μὲν

206 3336 267 3401 ἐξ
294 3338 506 3409 ἀρετῆς
537 3338 955 3411 κατορθώμασιν
990 3341 1362 3409 εὐαγγελικῶς
1400 3343 1794 3413 διαλάμποντα,

206 3432 272 3501 τῇ
309 3430 376 3484 δὲ
401 3430 510 3483 τῶν
533 3431 691 3485 θείων
713 3430 998 3502 δογμάτων
1025 3432 1277 3503 ὀρθότητι
1300 3432 1396 3503 τὴν
1423 3432 1593 3497 ὅντως
1619 3434 1798 3506 ἀληθῆ

210 3522 322 3590 πλη
333 3521 531 3592 ροῦντα
560 3522 954 3594 προσκύνησιν.

273 3614 543 3684 οἴδαμεν
568 3615 655 3668 ὅτι
682 3616 956 3680 Μεσσίας
974 3616 1206 3684 ἔρχεται
1236 3618 1270 3669 ό
1295 3617 1620 3687 λεγόμενος
1663 3619 1798 3687 Χρι-

210 3708 386 3774 στός.
406 3707 592 3761 Ὅταν
618 3706 767 3776 ἔλθῃ
791 3706 1041 3774 ἐκεῖνος,
1064 3708 1387 3778 ἀναγγελεῖ
1411 3709 1556 3778 ἡμῖν
1580 3708 1798 3762 πάντα.

279 3889 465 3957 Ὥραν
492 3885 777 3955 ἀφίξεσθαι
809 3886 903 3941 καὶ
941 3885 1150 3958 καιρὸν.
1186 3886 1389 3954 μᾶλλον
1415 3885 1473 3939 δέ
1520 3886 1619 3958 ἤδη
1664 3904 1803 3959 παρ-

210 3982 381 4044 εῖναι,
403 3978 743 4043 διδάσκοντος
789 3977 882 4032 τοῦ
925 3978 1162 4050 Χριστοῦ
1185 4019 1201 4043 ,
1240 3979 1364 4032 καθ’
1394 3979 1452 4032 δν
1474 3980 1524 4032 οἱ
1560 3980 1803 4049 ἀληθινοὶ

211 4069 598 4139 προσκυνηταὶ
632 4069 731 4138 τὴν
760 4069 818 4121 ἐν
848 4068 1121 4139 πνεύματι
1161 4068 1416 4140 λατρείαν
1449 4070 1802 4142 προσοίσονσι

211 4156 289 4228 τῷ
336 4155 456 4227 Θεῷ
494 4158 587 4210 καὶ
632 4157 827 4228 Πατρὶ,
862 4157 1205 4231 παραχρῆμα
1229 4157 1291 4212 τὸ
1326 4157 1546 4223 γύναιον
1588 4163 1670 4226 είς
1704 4160 1803 4233 τὴν

212 4249 558 4321 λαλουμένην
590 4250 743 4322 παρὰ
787 4254 897 4316 τοῖς
953 4252 1225 4315 Ἰουδαίοις
1280 4252 1472 4306 ἐλπίδα
1515 4254 1628 4315 τοῖς
1661 4252 1803 4324 ὑπὲρ

210 4342 337 4411 ἕξιν
361 4343 561 4397 ἀναπτε
573 4342 757 4415 ροῦται
784 4346 1067 4415 νοήμασιν.
1096 4344 1310 4398 Είδέναι
1336 4342 1393 4397 δὲ
1422 4344 1513 4398 τὸν
1532 4345 1798 4410 Μεσσίαν,

1898 3243 2154 3310 operibus
2176 3243 2333 3313 juxta
2370 3259 2577 3298 morem
2610 3246 2985 3315 evangelicum
3019 3246 3361 3317 praefulgeat,
3419 3258 3475 3305 et

1896 3341 2049 3390 recta
2095 3334 2408 3389 divinorum
2437 3334 2752 3405 dogmatum
2805 3336 3020 3393 ratione
3062 3354 3248 3393 veram
3285 3340 3475 3408 utique

1899 3426 2273 3482 adoratiouem
2310 3426 2520 3498 implet.

1970 3605 2060 3673 iV,
2087 3607 2179 3662 25.
2210 3606 2415 3662 Scimus
2443 3608 2569 3675 quia
2605 3605 2833 3663 Messias
2864 3610 3034 3672 venit,
3095 3612 3185 3680 qui
3272 3611 3478 3665 dicitur

1900 3697 2165 3754 Christus.
2234 3697 2369 3753 Cum
2423 3702 2619 3753 venerit
2686 3700 2811 3763 ille,
2889 3702 3231 3756 annuutiabit
3322 3704 3477 3759 nobis

1900 3805 2098 3843 omnia.

1972 3879 2213 3935 Docente
2236 3878 2460 3935 Christo
2494 3880 2684 3935 horam
2714 3881 2905 3937 adfore
2959 3890 3014 3937 et
3073 3891 3312 3954 tempus,
3366 3886 3477 3938 imo

1896 3975 2007 4045 jam
2035 3974 2250 4038 adesse,
2277 3988 2389 4044 quo
2414 3974 2528 4029 veri
2563 3974 2887 4031 adoratores
2926 3977 3230 4048 spiritalem
3267 3980 3475 4035 cultum

1901 4067 2141 4124 ohlaturi
2172 4074 2331 4122 erant
2352 4065 2460 4121 Deo
2490 4082 2555 4121 ac
2585 4065 2759 4132 Patri,
2784 4070 2986 4125 mulier
3028 4069 3320 4126 confestim
3376 4087 3477 4126 co-

1900 4157 2256 4231 gitationibus
2278 4156 2420 4212 elata
2449 4157 2671 4227 ingenio
2703 4173 2807 4211 suo
2840 4159 3144 4226 majoribus
3194 4160 3260 4214 ad
3320 4174 3477 4229 spem

1901 4252 2082 4307 evolat
2118 4250 2323 4305 ludatis
2352 4251 2752 4319 pervulgatam.
2786 4248 3085 4305 Proﬁtetur
3113 4259 3296 4305 autem
3333 4252 3478 4307 scire

1904 4360 1963 4400 se
1991 4353 2281 4398 venturum
2325 4342 2581 4399 Messiam
2625 4359 2727 4397 suo
2757 4352 3042 4414 tempore;
3082 4343 3177 4397 sed
3233 4359 3373 4413 quas
3406 4346 3477 4397 oh

214 4439 287 4500 ῶς
324 4434 445 4506 ἣξει
488 4435 627 4489 κατά
656 4436 846 4506 καιρὸν
890 4438 1086 4490 οἰκεῖον
1119 4437 1393 4506 ὁμολογεῖ,
1428 4438 1523 4491 καὶ
1551 4438 1668 4507 ἥξει
1703 4438 1800 4507 μὲν

1905 4448 1994 4489 res
2024 4444 2288 4487 venturus
2323 4433 2417 4496 sit,
2465 4432 2655 4503 utique
2698 4447 2810 4487 non
2865 4434 2967 4497 ait,
3023 4449 3147 4487 cum
3204 4434 3273 4489 de
3305 4448 3371 4489 eo
3419 4445 3479 4487 ut

214 4526 312 4579 ἐπὶ
364 4526 525 4592 τίσιν,
554 4525 796 4596 ἀκριϐῶς
837 4524 896 4578 οὔ
949 4543 1112 4595 φησιν
1135 4568 1149 4592 ,
1178 4525 1649 4597 ἀπεριεργάστους
1675 4565 1690 4589 ,
1723 4525 1801 4589 ὡς

1904 4525 2140 4588 videtur,
2176 4538 2432 4578 rumores
2461 4523 2650 4578 nescio
2682 4538 2821 4594 quos
2872 4525 3197 4593 accepisset,
3246 4525 3479 4578 maxime

216 4619 388 4686 ἔοικε,
428 4618 550 4681 τοὺς
582 4618 672 4670 ἐπ’
703 4617 851 4688 αύτῷ
896 4618 1243 4687 λαμϐάνουσα
1283 4618 1563 4690 θρύλλους,
1606 4619 1702 4672 an
1733 4617 1797 4689 δὴ

216 4710 516 4783 φιλόγελώς
529 4729 608 4775 τε,
627 4712 720 4765 καὶ
743 4712 929 4781 φιλοσα
939 4711 1143 4782 ρκοῦσα
1160 4712 1295 4782 γυνή
1316 4725 1330 4741 ·
1351 4710 1412 4763 ού
1436 4711 1542 4782 μὴν
1562 4710 1797 4782 ἠγνόησε

217 4804 521 4866 παντελῶς,
567 4803 641 4868 ὼς
691 4804 1051 4872 ἀπειοτέρων
1107 4802 1447 4874 μαθημάτων
1500 4803 1802 4875 εἰσηγητὴς

218 4896 318 4950 ἐπὶ
341 4896 432 4949 τὸν
470 4895 681 4966 Ἰσραὴλ
700 4894 1163 4964 ἁναδειχθήσεται,
1190 4894 1281 4947 καὶ
1302 4895 1458 4947 τοῦτο
1479 4894 1542 4965 δὴ
1580 4893 1797 4957 πάντως

220 4989 274 5039 ἐν
305 4989 418 5049 τοῖς
446 4986 572 5056 περ)⁸
595 4985 758 5038 αὑτοῦ
787 4986 968 5054 λόγοις
998 4986 1344 5054 εύρίσκουσα.

286 5077 462 5145 Λέγει
484 5075 639 5145 αὐτῇ
666 5080 698 5131 ό
746 5077 987 5145 Ἰησοῦς
1013 5095 1026 5108 ·
1070 5076 1210 5147 Ἐγώ
1236 5080 1355 5147 εἰμι
1378 5080 1410 5131 ὀ
1441 5077 1649 5132 λαλῶν
1676 5094 1797 5133 σοι.

291 5254 368 5306 Ού
401 5254 521 5315 ταῖς
567 5252 912 5315 ἀπαιδεύτοις
946 5251 1165 5323 ψυχαῖς,
1201 5251 1233 5323 ἢ
1270 5252 1362 5305 καὶ
1396 5251 1632 5321 ἀμαθέσι
1663 5271 1799 5306 παν-

141 5351 146 5355 ”
224 5342 391 5406 τελῶς
437 5342 630 5396 ἐαυτὸν
684 5342 1050 5396 ἀνακαλύπτει
1100 5343 1351 5414 Χριστὸς,
1402 5342 1517 5396 ἀλλ’
1563 5344 1799 5407 ἐκείναις

227 5436 427 5506 μᾶλλον
455 5436 755 5506 ἐπιλάμπει
806 5436 900 5489 καὶ
950 5438 1219 5505 φαίνεται,
1251 5437 1416 5507 αἴπερ
1456 5434 1523 5488 ἂν
1563 5429 1670 5489 εἷεν
1699 5436 1798 5507 ἤδη

226 5527 359 5595 πρὸς
392 5526 452 5579 τὸ
504 5526 785 5597 βούλεσθαί
828 5545 881 5580 τι
926 5526 1115 5597 μαθεῖν
1165 5527 1526 5598 ἐτοιμότεραι,
1562 5528 1656 5582 καὶ
1698 5528 1799 5597 τῆς

229 5618 460 5680 πίστεως
478 5618 580 5689 ,τὴν
613 5618 785 5688 ἀρχὴν
816 5621 872 5671 ἐν
898 5620 1087 5682 ἁπλοῖς
1123 5619 1406 5673 ὠδίνουσαι
1434 5619 1629 5687 λόγοις,
1662 5622 1797 5691 πρὸς

226 5708 324 5777 τὴν
348 5710 456 5762 τῶν
485 5709 829 5780 τελειοτέρων
870 5712 1173 5779 ἐπείγονται
1206 5713 1425 5780 γνῶσιν.
1453 5714 1684 5784 Τοιαύτη
1713 5732 1796 5777 τις

231 5801 356 5870 ἡμῖν
390 5802 481 5856 xui.
527 5805 557 5875 ἡ
592 5804 916 5875 Σαμαρεῖτις
961 5805 1240 5876 ἀνεδείχθη
1297 5806 1454 5879 γυνὴ,
1492 5806 1793 5882 παχύτερον

1904 4634 2030 4674 cum
2063 4617 2358 4687 voluptatis
2380 4617 2683 4687 carnisque
2709 4615 2895 4670 studio
2920 4617 3215 4671 duceretur
3238 4617 3435 4671 mulier
3461 4637 3475 4671 :

1904 4726 2014 4767 non
2052 4718 2237 4764 tamen
2272 4709 2491 4779 penitus
2524 4707 2838 4779 ignoravit:
2874 4719 3007 4778 puta
3035 4724 3155 4780 qua}
3187 4710 3355 4765 sciret
3383 4724 3481 4779 po-

1902 4804 2063 4859 tioris
2083 4801 2346 4858 doctrinae
2369 4802 2692 4872 magistrum
2710 4801 2900 4856 lsraeli
2942 4802 3286 4867 adfuturum,
3308 4800 3473 4871 idque

1904 4896 1959 4951 in
1996 4895 2065 4951 iis
2093 4909 2216 4965 qua:
2254 4893 2458 4963 scripta
2489 4899 2648 4948 erant
2670 4891 2741 4948 de
2768 4890 2893 4963 ipso
2920 4892 3212 4948 inveniret.

1974 5072 2069 5137 iV,
2110 5071 2201 5127 26.
2250 5069 2390 5125 Dicit
2430 5069 2480 5124 ei
2534 5067 2694 5123 Iesus
2733 5084 2752 5123 :

1907 5176 2099 5220 tecum.

1974 5255 2231 5311 Christus
2272 5253 2515 5323 seipsum
2555 5252 2786 5307 rudibus
2840 5260 2896 5304 et
2955 5248 3223 5319 imperitis
3278 5247 3479 5303 animis

1904 5347 2053 5403 haud
2095 5362 2324 5417 prorsus
2359 5345 2584 5411 revelat,
2621 5343 2717 5399 sed
2770 5342 2880 5397 illis
2928 5341 3169 5395 maxime
3203 5341 3381 5395 lucem
3424 5348 3480 5395 et

1906 5440 2273 5511 cognitionem
2298 5436 2776 5506 iuiuudit,quihus
2797 5432 2865 5488 ad
2890 5432 3208 5489 discendum
3234 5432 3477 5488 studium

1908 5541 1992 5589 est
2031 5532 2294 5593 alacrius,
2331 5537 2386 5584 et
2439 5531 2529 5599 qui
2572 5527 2917 5596 simplicibus
2976 5525 3330 5581 sermonibus
3372 5525 3481 5578 ini-

1909 5627 2045 5679 tium
2082 5624 2205 5678 fidei
2244 5622 2401 5693 192
2436 5621 2715 5691 parientes
2745 5619 2811 5674 ad
2849 5618 3240 5689 perfectiorum
3290 5617 3481 5687 cogni.

1907 5718 2109 5771 tionem
2138 5714 2447 5767 enituntur.
2481 5710 2667 5765 Talem
2699 5725 2757 5765 se
2788 5710 2947 5765 nobis
2971 5710 3191 5765 exbihet
3238 5708 3479 5762 Samari-

1906 5817 2053 5875 tana,
2083 5822 2202 5878 qua:
2230 5805 2472 5862 crassius
2501 5803 2718 5874 quidem
2779 5818 2940 5875 quam
2995 5819 3089 5872 par
3127 5810 3245 5858 erat
3290 5801 3471 5857 divina

2811 5067 2924 5139 Ego
2976 5083 3094 5122 sum
3149 5066 3239 5136 qui
3294 5066 3478 5135 loquor
