4118 6546
653 341 761 399 315

1613 338 1670 394 S.
1703 336 1982 394 CYRILIJ
2019 333 2488 391 ALEXANDRINI
2527 333 2852 392 ARCIIIEP.
3787 353 3873 410 345

654 457 992 512 theoremata
1033 453 1366 520 consideret,
1400 454 1450 510 ei
1473 462 1656 510 tamen
1691 455 1946 511 voluntas
1994 470 2103 510 non
2139 453 2232 509 de-

2341 451 2456 522 μὲν,
2475 453 2618 524 ῆπερ
2643 454 2831 524 ἐχρῆν,
2858 457 2965 519 τοῖς
2995 455 3163 518 ὅντως
3187 457 3350 524 θειοις
3378 462 3746 533 προσϐαλοῦσα
3769 470 3871 527 θεω-

657 546 785 613 fuit,
833 562 934 602 nec
973 546 1309 617 intelligendi
1355 546 1539 602 studio
1566 547 1727 617 plane
1761 548 1963 602 caruit.
1989 546 2231 602 Primum

656 638 808 695 enim
841 637 1062 693 Christo
1095 649 1283 708 potum
1317 639 1521 708 petenti
1557 654 1666 692 non
1692 639 1958 694 continuo
1992 637 2229 709 praebet:

661 731 760 786 sed
797 743 922 785 cum
987 728 1230 794 videret,
1285 741 1552 800 quantum
1621 731 1862 785 humano
1920 746 2073 786 more
2126 730 2235 785 dici

662 829 864 894 potest,
922 838 1044 878 eum
1100 823 1310 893 patrias
1365 830 1701 878 evertentem
1762 824 2232 887 consuetudines,

664 914 1118 984 transgressionis
1159 915 1313 985 prius
1336 916 1592 986 quaesivit
1625 915 1916 979 rationem,
1956 915 2059 969 hac
2088 917 2237 970 velut

664 1005 1036 1060 admonitione
1057 1005 1347 1062 Dominum
1379 1006 1447 1060 ad
1475 1006 1525 1061 id
1549 1007 1936 1074 explicandum
1969 1007 2233 1060 invitans.

664 1097 769 1164 Qui
804 1099 862 1152 tit
893 1099 1064 1163 enim,
1101 1099 1297 1168 inquit,
1326 1107 1384 1152 ut
1417 1107 1497 1162 tu,
1529 1098 1754 1154 Jndwns
1785 1115 1908 1153 cum
1946 1100 2046 1161 sis,
2080 1113 2110 1151 a
2152 1114 2237 1154 me

664 1201 854 1260 potum
879 1205 1096 1262 quaeras
1128 1189 1475 1244 Samaritana
1516 1191 1785 1246 muliere?
1808 1190 1942 1244 Cum
1969 1197 2147 1243 autem
2182 1190 2235 1244 in

665 1283 939 1338 sermonis
969 1297 1260 1353 progresso
1293 1283 1611 1352 prophetam
1649 1298 1772 1338 esse
1806 1297 2026 1352 quoque
2065 1282 2238 1336 conli-

665 1382 896 1438 teretur,
927 1374 1170 1428 salutare
1218 1373 1322 1427 sibi
1362 1374 1717 1442 pbarmacum
1772 1373 2050 1443 arguendo
2085 1388 2236 1427 com-

667 1477 900 1531 parans,
944 1463 1088 1516 aliud
1121 1463 1434 1517 sciscitatur
1490 1462 1738 1517 discendi
1793 1463 2088 1527 desiderio,
2151 1462 2239 1518 bis

667 1554 850 1608 verbis
884 1570 899 1608 :
937 1572 956 1604 ι
1000 1553 1192 1608 Patres
1239 1554 1412 1608 nostri
1455 1554 1509 1606 in
1542 1564 1728 1608 monte
1777 1555 1881 1609 hoc
1913 1553 2236 1621 adorarunt,

666 1654 721 1699 et
748 1659 844 1699 vos
888 1643 1073 1700 dicitis
1111 1659 1236 1699 esse
1277 1645 1456 1698 locum
1484 1643 1865 1715 Jerosolymis,
1907 1646 1962 1700 in
1997 1661 2105 1714 quo
2145 1644 2241 1699 ad-

665 1748 828 1788 orare
869 1739 1103 1802 oportet.
1168 1751 1186 1786 ι
1246 1731 1352 1788 Sed
1413 1748 1634 1789 rursum
1691 1734 1886 1788 didicit
1948 1743 2238 1789 venturum

667 1823 1015 1894 quandoque,
1060 1824 1170 1879 imo
1196 1838 1327 1878 vero
1353 1823 1464 1893 jam
1494 1824 1688 1878 adesse
1722 1832 1959 1894 tempus,
1989 1839 2100 1893 quo
2126 1825 2242 1880 veri

669 1915 990 1970 adoratores
1023 1930 1133 1969 non
1189 1916 1428 1985 amplius
1466 1919 1520 1968 in
1551 1915 1786 1970 terrenis
1827 1916 2107 1970 montibus
2144 1916 2244 1969 ad-

669 2007 879 2062 oraturi
913 2007 1175 2070 sunt,sed
1199 2007 1448 2061 altiorem
1469 2016 1524 2062 et
1551 2006 1850 2075 spiritalem
1881 2005 1990 2060 Deo
2016 2015 2070 2060 et
2096 2005 2245 2061 Patri

671 2099 878 2153 cultum
907 2097 1160 2152 delaturi.
1193 2098 1290 2151 llla
1325 2113 1453 2154 vero
1484 2098 1576 2151 uni
1605 2097 1824 2152 Christo
1860 2112 2160 2168 congruere
2191 2099 2245 2154 id

671 2189 878 2258 optime
917 2195 1189 2251 statuens,
1239 2196 1294 2243 et
1344 2188 1627 2242 meliorem
1667 2188 2038 2257 cognitionem
2100 2189 2246 2243 illius

671 2282 1012 2352 temporibus
1060 2280 1370 2335 atlribuens
1415 2299 1426 2334 :
1469 2299 1488 2331 ι
1550 2278 1803 2345 Scimus,
1842 2280 2065 2348 inquit,
2117 2282 2245 2350 quia

674 2371 906 2428 Messias
940 2373 1106 2434 venit,
1140 2373 1232 2441 qui
1265 2371 1470 2425 dicitur
1528 2369 1804 2426 Christus.
1863 2370 1999 2424 Cum
2038 2372 2250 2426 venerit

671 2463 785 2526 ille,
815 2463 1165 2518 annuntiabit
1192 2462 1351 2517 nobis
1381 2463 1584 2516 omnia.
1625 2479 1644 2513 ι
1699 2460 1889 2517 Cernis
1943 2477 2050 2532 quo
2089 2470 2248 2532 pacto

669 2553 785 2623 jam
808 2563 1059 2624 prompta
1089 2561 1172 2608 est
1201 2553 1269 2607 ad
1303 2551 1637 2608 credendum
1668 2551 2016 2617 muliercula,
2044 2561 2098 2608 et
2126 2553 2250 2623 qui—

673 2641 904 2697 busdam
931 2642 1090 2712 quasi
1120 2641 1382 2712 gradibus
1432 2656 1500 2695 ex
1531 2640 1718 2710 parvis
1747 2640 2147 2710 quaestionibus
2181 2641 2250 2696 ad

674 2733 1050 2789 sublimiorem
1072 2740 1276 2790 statum
1296 2732 1514 2788 demum
1541 2732 1780 2803 prosilit.
1809 2734 1999 2802 Operae
2015 2733 2249 2802 pretium

672 2833 793 2882 erat
824 2825 990 2898 igitur
1037 2835 1097 2882 ut
1156 2826 1206 2882 ei
1259 2826 1611 2898 planioribus
1668 2825 1900 2881 vocibus
1949 2825 2254 2894 explicaret

673 2916 824 2986 quod
858 2917 1096 2988 petebat,
1150 2924 1205 2974 et
1249 2917 1395 2988 quod
1446 2917 1499 2971 in
1555 2917 1762 2986 optima
1799 2931 1896 2986 spe
1949 2915 2252 2985 repositum

674 3015 818 3074 erat,
857 3008 929 3063 ob
960 3009 1154 3066 oculos
1207 3010 1258 3065 ei
1311 3017 1540 3079 poneret
1586 3008 1862 3062 dicendo:
1905 3027 1922 3060 ι
1967 3005 2080 3077 Ego
2129 3021 2252 3062 sum

675 3097 775 3169 qui
809 3098 1006 3168 loquor
1039 3105 1242 3154 tecum.
1283 3116 1301 3148 ι
1338 3098 1420 3152 llli
1469 3112 1602 3168 ergo
1655 3097 1859 3166 quibus
1907 3096 2142 3151 docendi
2196 3095 2250 3149 in

675 3188 929 3244 ecclesiis
979 3201 1113 3242 cura
1141 3194 1224 3243 est
1265 3189 1604 3250 concredita,
1651 3189 1947 3260 neopbytis
1976 3189 2247 3242 ruminari

679 3278 874 3335 sinant
900 3278 1207 3334 doctrinam
1235 3278 1792 3347 catecheseos,atque
1819 3277 1894 3330 ita
1929 3278 2147 3332 demum
2174 3279 2256 3333 eis

675 3371 866 3428 Jesum
906 3371 1223 3437 ostendant,
1253 3385 1283 3425 a
1324 3371 1510 3441 parvis
1545 3370 1724 3424 initiis
1759 3369 1827 3423 ad
1876 3368 2258 3438 perfectiorem

680 3463 806 3519 tidei
833 3463 1205 3534 cognitionem
1233 3477 1328 3517 eos
1359 3462 1677 3518 evehentes.
1711 3461 1818 3528 Qui
1846 3470 2030 3516 autem
2065 3462 2257 3516 alieni-

679 3569 875 3623 genam
911 3553 1158 3624 adeoque
1207 3554 1549 3625 proselytum
1603 3554 1848 3624 rapiunt,
1895 3562 1948 3608 et
1981 3553 2036 3607 in
2077 3552 2257 3608 taber-

681 3644 940 3699 naculum
987 3644 1219 3701 interius
1274 3644 1539 3712 inferunt,
1587 3645 1870 3715 illotisque
1903 3645 2083 3700 adhuc
2137 3659 2252 3698 ma-

681 3736 846 3794 nibus
866 3751 1066 3808 agnum
1095 3737 1406 3794 sacriﬁcare
1429 3738 1778 3808 permittunt,
1801 3746 1969 3809 atque
1993 3738 2258 3810 dignitate

681 3828 1010 3883 sacerdotali
1047 3830 1291 3884 nondum
1336 3830 1392 3884 in
1421 3830 1528 3886 ﬁde
1554 3830 1833 3887 eruditum
1865 3841 2153 3896 coronant,
2187 3831 2255 3887 ad

680 3932 908 3986 magnas
964 3919 1210 3974 rationes
1241 3919 1552 3976 reddendas
1586 3921 1647 3976 in
1673 3921 1762 3976 die
1785 3920 1982 3990 judicii
2015 3935 2075 3976 se
2113 3936 2255 3992 pra:-

681 4016 895 4077 parent.
927 4007 1042 4066 Hoc
1069 4010 1216 4066 enim
1246 4011 1381 4066 mihi
1409 4012 1494 4067 vel
1524 4011 1731 4068 dixisse
1760 4013 1897 4068 satis
1930 4019 2039 4068 est.

2337 545 2597 616 ρήμασιν,
2631 545 2692 597 οὑ
2737 545 2843 616 μὴν
2874 546 2967 600 τοῦ
3015 546 3298 616 βούλεσθαί
3325 569 3378 604 τι
3419 554 3513 605 καὶ
3552 559 3693 608 νοεῖν
3715 559 3873 628 egw-

2338 633 2510 723 σμένη
2545 633 2842 698 παντελῶς.
2866 636 3089 707 Πρῶτον
3123 638 3224 708 μὲν
3247 640 3356 711 γὰρ
3377 643 3656 713 αἰτήσαντι
3686 649 3757 718 τῷ
3771 653 3874 723 Χρι.

2338 721 2448 792 στῷ
2473 723 2535 775 τὸ
2587 724 2770 790 ποτὸν,
2807 726 3113 796 προχείρως
3139 729 3200 781 οὑ
3244 730 3458 784 δίδωσι·
3491 721 3874 804 παραλύονταήδέ

2337 829 2475 876 πως,
2507 814 2628 867 ὅσον
2658 809 2792 885 ἧκεν
2835 816 3192 887 ἀνθρωπίνως
3221 821 3393 874 είπεῖν
3412 861 3425 884 ,
3457 822 3558 886 τὰς
3590 827 3876 900 ἐπιχωρίους

2336 901 2445 954 τῶν
2508 903 2773 958 Ἰουδαίων
2835 907 3121 974 συνηθείας
3172 910 3587 985 καταθεωμένη,
3632 918 3750 981 τοὺς
3798 923 3877 992 τῆς

2339 997 2704 1068 παραϐάσεως
2732 998 3127 1072 προσανεζήτει
3147 1001 3356 1067 λόγους,
3393 1010 3672 1077 μονονουχὶ
3701 1011 3778 1065 διὰ
3801 1016 3883 1085 τῆς,

2339 1089 2702 1160 ὑπομνήσεως
2730 1092 2810 1154 είς
2837 1090 3095 1161 ἐξήγησιν
3127 1094 3364 1149 καλοῦσα
3411 1098 3502 1151 τὸν
3547 1099 3758 1171 Κύριον.
3780 1107 3879 1172 Πῶς

2340 1184 2448 1252 γὰρ
2467 1183 2550 1246 σὺ,
2587 1182 2770 1250 φησὶν,
2821 1183 3076 1248 Ἰουδαῖος
3107 1185 3181 1238 ὢν
3211 1187 3340 1257 παρ’
3372 1188 3509 1256 ἐμοῦ
3552 1194 3688 1242 πιεῖν
3721 1196 3878 1260 aitet;

2339 1270 2596 1338 γυναικὸς
2645 1272 3031 1342 Σαμαρείτιδος
3084 1273 3286 1347 οῦσης;
3325 1277 3545 1348 Ἐπειδὴ
3596 1279 3649 1331 δὲ
3680 1281 3764 1334 τοῦ
3799 1284 3880 1354 τῆς

2341 1364 2695 1434 κατηχήσεως
2721 1365 3002 1435 προϊόντος
3023 1366 3208 1435 λόγου,
3231 1369 3326 1422 καὶ
3348 1372 3634 1442 προφήτην
3652 1373 3880 1443 ὡμολόγει

2342 1449 2480 1507 εἶναι
2516 1454 2734 1518 λοιπὸν,
2764 1456 3056 1527 φάρμακον
3105 1460 3184 1521 είς
3235 1461 3512 1530 σωτηρίαν
3560 1460 3784 1518 λαϐοῦσα
3810 1467 3880 1520 τὸν

2342 1543 2585 1614 ἔλεγχον,
2616 1544 2812 1616 ἑτέραν
2857 1547 3006 1617 αὑτῷ
3056 1550 3299 1620 προσῆγε
3336 1551 3435 1620 τὴν
3473 1550 3662 1605 πεῦσιν
3689 1553 3882 1622 λέγουσα

2346 1635 2688 1706 φιλομαθῶςο
2732 1655 2749 1688 ι
2792 1638 2854 1690 Οί
2912 1638 3149 1709 πατέρες
3187 1641 3342 1710 ἡμῶν
3381 1643 3438 1694 ἐν
3485 1642 3565 1712 τῷ
3606 1643 3715 1714 ὄρει
3747 1646 3882 1716 τούτῳ

2344 1725 2779 1798 προσεκύνησαν,
2809 1729 2902 1781 καὶ
2927 1728 3081 1798 ὑμεῖς
3106 1729 3315 1799 λέγετε,
3350 1731 3431 1784 ὅτι
3465 1733 3883 1805 ἐν’ἰεροσολύμοις

2345 1818 2491 1872 ἐστὶν
2516 1817 2544 1869 6
2569 1819 2752 1885 τόπος,
2784 1820 2917 1872 ὅπου
2937 1824 3258 1884 προσκυνεῖν
3289 1823 3387 1875 δεῖ.
3404 1843 3421 1874 ι
3466 1822 3885 1880 Ἀλλ⁹ἐδιδάσκετ>

2344 1910 2502 1964 τοῦτο
2532 1911 2713 1975 πάλιν,
2753 1912 2829 1974 ὠς
2859 1912 2979 1982 ἥξει
3010 1915 3159 1978 ποτὲ,
3199 1913 3402 1983 μᾶλλον
3435 1915 3492 1968 δὲ
3520 1915 3619 1986 ήδη
3660 1917 3890 1987 πάρεστιν,

2346 2004 2374 2056 6
2413 2003 2601 2074 καιρὸς
2625 2041 2639 2064 ,
2680 1999 2801 2058 καθ’
2849 2004 2907 2057 ὃν
2958 2006 3006 2058 οἱ
3059 2004 3302 2073 ἀληθινοὶ
3348 2010 3719 2077 προσκυνηταὶ
3750 2009 3802 2061 τὸ
3839 2011 3885 2063 ἐν

2345 2093 2496 2166 ὄρεσι
2546 2095 2659 2158 τοῖς
2708 2095 2800 2147 ἐπὶ
2846 2095 2951 2162 γῆς
2997 2099 3324 2167 προσκυνεῖν
3372 2097 3778 2167 παρωσάμενοι,
3807 2099 3887 2170 τὴν¹

2348 2185 2686 2256 ὑψηλοτέραν
2723 2186 2818 2238 καὶ
2867 2187 2924 2240 ἐν
2973 2186 3243 2256 πνεύματι
3283 2187 3540 2257 λατρείαν
3583 2190 3884 2258 προσοίσουσι

2347 2276 2426 2346 τῷ
2463 2276 2582 2346 Θεῷ
2615 2276 2711 2330 καὶ
2744 2277 2940 2346 Πατρί.
2963 2277 3125 2347 Μόνῳ
3163 2277 3220 2330 δὲ
3250 2278 3484 2349 πρέπειν
3514 2280 3757 2334 ἀναθεῖσα
3790 2282 3885 2336 κάλ-

2348 2366 2505 2419 λιστα
2545 2367 2622 2437 τῷ
2650 2367 2892 2438 Χριστῷ,
2927 2367 3020 2420 καὶ
3048 2367 3147 2438 τὴν
3181 2369 3276 2421 ἐπὶ
3302 2371 3414 2432 τοῖς
3458 2369 3701 2439 ἀμείνοσι
3724 2371 3886 2438 γνῶσιν

2349 2460 2459 2522 τοῖς
2497 2460 2704 2512 ἐκείνου
2734 2459 2948 2529 χρόνοις
2978 2459 3286 2529 τηρήσασα,
3316 2479 3333 2510 ι
3361 2459 3620 2529 Οἴδαμεν,
3654 2463 3885 2531 φησὶν,ὄτι

2350 2550 2596 2613 Μεσσίας
2643 2549 2860 2621 ἔρχεται
2895 2551 2924 2603 ό
2976 2549 3268 2620 λεγόμενος
3296 2551 3552 2621 Χριστός.
3584 2553 3739 2605 Ὅταν
3787 2553 3886 2624 ἔλθῃ

2351 2643 2580 2707 ἐκεῖνος,
2614 2641 2907 2710 ἀναγγελεῖ
2942 2643 3072 2710 ἡμῖν
3103 2642 3298 2696 πάντα.
3325 2661 3344 2694 ι
3376 2643 3544 2713 Ὁρᾷς
3576 2644 3715 2706 ὅπως
3733 2644 3816 2713 ἤδη
3840 2645 3886 2697 τὸ

2352 2733 2571 2802 γύναιον
2606 2734 2869 2804 εὑτρεπὲς
2905 2735 2985 2798 είς
3018 2733 3077 2788 τὸ
3112 2735 3386 2790 πιστεύειν
3414 2736 3681 2805 ἐγίγνετο,
3708 2738 3788 2790 καὶ
3805 2735 3888 2788 ὦσι

2354 2843 2459 2896 περ
2514 2827 2634 2880 τινὰ
2687 2826 2914 2897 βαθμῶν
2963 2827 3333 2881 ἀναϐαίνουσα
3385 2828 3556 2893 θέσιν,
3605 2828 3668 2881 ὲκ
3717 2827 3887 2898 μικρῶν

2355 2919 2723 2990 ἐρωτημάτων
2775 2920 2857 2982 είς
2902 2919 3242 2991 ὑψηλοτέραν
3298 2920 3411 2984 ἕξιν
3457 2921 3721 2990 ἀναπηδᾷ.
3772 2921 3890 2974 Ἔδει

2353 3010 2532 3062 τοίνυν
2560 3009 2696 3081 αὐτῇ
2721 3011 3092 3082 τρανωτέραις
3116 3011 3213 3082 μὲν
3238 3011 3338 3082 ῆδη
3364 3014 3572 3081 φωναῖς
3592 3011 3887 3082 ἀπογυμνοῦν

2354 3102 2416 3154 τὸ
2466 3102 2820 3173 ποθούμενον,
2856 3102 2914 3156 τὸ
2943 3103 2998 3156 δὲ
3031 3105 3088 3156 ἐν
3135 3103 3318 3158 ἐλπίσι
3362 3103 3666 3174 σωζόμενον
3705 3103 3890 3171 ἀγαθαῖς

2353 3192 2710 3264 παρατιθέναι
2745 3193 2932 3248 λοιπὸν
2972 3195 3030 3248 ἐν
3074 3195 3194 3266 ὄψει
3226 3195 3454 3265 λέγοντα
3491 3213 3506 3227 ·
3538 3216 3557 3248 ι
3605 3196 3736 3265 Ἐγώ
3759 3195 3892 3264 είμιό

2354 3285 2529 3338 λαλῶν
2553 3301 2656 3338 σοι.
2684 3303 2700 3336 ι
2753 3285 2807 3337 Ἐ
2819 3285 3190 3355 πιτρεπόντων
3223 3287 3518 3358 τοιγαροῦν
3541 3291 3647 3351 τοῖς
3664 3287 3888 3357 νεήλυσιν,

2353 3376 2403 3428 οἱ
2427 3374 2486 3427 τδ
2511 3375 2887 3429 διδασκαλικὸν
2911 3377 2968 3428 ἐν
2990 3377 3309 3447 ἐκκλησίαις
3337 3377 3554 3448 ἔχοντες
3581 3376 3888 3446 ἐπιτήδευμα.

2354 3466 2446 3519 τὸν
2488 3465 2589 3535 τῆς
2642 3468 3000 3536 κατηχήσεως
3049 3468 3470 3539 ἀναμασσᾶσθαι
3514 3468 3684 3536 λόγον,
3710 3465 3828 3520 οὕτω
3844 3482 3888 3517 τε

2355 3557 2537 3611 λοιπὸν
2568 3557 3028 3612 καταδεικνύντων
3063 3560 3246 3623 αὑτοῖς
3269 3561 3359 3613 τὸν
3395 3559 3626 3631 Ἰησοῦν,
3647 3561 3706 3613 ἐκ
3731 3557 3890 3629 μικρᾶς

2358 3648 2735 3718 παιδαγωγίας
2787 3648 2879 3702 ἐπὶ
2931 3649 3029 3719 τὴν
3089 3651 3477 3722 ἐντελεστέραν
3546 3651 3644 3720 τῆς
3699 3650 3890 3710 πίστεως

2356 3739 2780 3804 ἀναϐιϐάζοντες
2805 3739 3025 3808 γνῶσιν.
3051 3741 3114 3794 Οἱ
3149 3741 3205 3794 δὲ
3243 3741 3335 3794 τὸν
3366 3741 3652 3811 ἀλλογενῆ,
3674 3741 3760 3794 καὶ
3780 3737 3891 3791 οὕτω

2360 3833 2698 3906 προσήλυτον
2746 3830 3119 3904 ἁρπάζοντες,
3149 3833 3245 3886 καὶ
3294 3833 3504 3904 σκηνῆς
3557 3832 3651 3904 μὲν
3676 3833 3789 3885 εἴσω
3815 3829 3891 3897 τῆς

2359 3923 2634 3996 ἐσωτέρας
2663 3923 2999 3994 ποιούμενοι,
3030 3922 3178 3976 θύειν
3203 3923 3259 3976 δὲ
3287 3924 3535 3987 ἀνίπτοις
3563 3923 3641 3976 ἔτι
3666 3919 3802 3991 χερσὶ
3824 3917 3891 3970 τὸν

2360 4017 2534 4088 ἀμνὸν
2560 4016 2965 4087 ἐπιτρέποντες,
2993 4014 3185 4086 καὶτῷ
3206 4015 3304 4085 τῆς
3336 4015 3634 4086 ἱερωσύνης
3676 4009 3891 4066 καταστέ-

681 4120 874 4173 φοντες
902 4103 1172 4177 ἀξιώματι
1207 4107 1298 4161 τὸν
1339 4107 1492 4161 οὔπω
1523 4107 1932 4179 κατηχούμενον
1955 4147 1969 4175 ,
1995 4109 2132 4182 πρὸς
2165 4112 2433 4183 μεγάλους
2493 4117 2553 4168 ἐν
2605 4113 2792 4186 ἡμέρᾳ
2857 4112 3091 4184 κρίσεως
3165 4108 3665 4180 εὑτρεπιξέσοωσαν
3720 4105 3889 4174 λόγους·

693 4195 880 4269 ’Λρκεῖ
915 4197 1024 4270 γάρ
1057 4215 1148 4268 μοι
1175 4199 1336 4254 τοῦτο
1380 4199 1475 4254 καὶ
1511 4201 1670 4272 μόνον
1699 4202 1895 4256 εἰπεῖν.

719 4291 877 4364 193
904 4291 994 4359 lV,
1023 4293 1115 4349 27.
1152 4293 1220 4348 Et
1248 4295 1497 4350 continuo
1525 4305 1772 4350 venerunt
1800 4296 2050 4366 discipuli
2086 4298 2222 4368 ejus.

754 4380 944 4438 Finem
977 4385 1166 4440 attulit
1210 4386 1489 4457 colloquio
1525 4400 1649 4441 cum
1695 4387 1927 4444 muliere
1959 4389 2263 4460 discipulo-

2437 4296 2546 4353 Καὶ
2575 4295 2674 4350 ἐπὶ
2706 4293 2895 4358 τούτῳ
2927 4288 3118 4362 ἦλθον
3144 4293 3197 4345 οἱ
3220 4287 3479 4359 μαθηταὶ
3507 4286 3707 4343 αὑτοῦ.

2439 4385 2605 4450 Τέλος
2634 4383 2741 4437 τῶν
2777 4381 2915 4453 πρὸς
2954 4381 3053 4452 τὴν
3081 4381 3311 4450 γυναῖκα
3353 4378 3551 4446 λόγων,
3576 4379 3608 4448 ἡ
3637 4375 3735 4428 τῶν
3758 4371 3892 4443 μαθη-

681 4487 808 4533 rum
840 4476 1153 4545 praesentia.
1200 4474 1337 4533 Silet
1367 4477 1517 4532 enim
1564 4477 1830 4548 deinceps
1879 4459 2157 4542 Christus,
2205 4489 2247 4534 el

2364 4476 2473 4530 τῶν
2507 4473 2802 4546 παρουσία.
2827 4471 3018 4541 Σιωπᾷ
3043 4469 3151 4540 γάρ
3180 4467 3362 4521 λοιπὸν
3389 4469 3416 4520 ό
3453 4465 3697 4538 Χριστὸς,
3731 4459 3894 4516 καὶτὸν

684 4562 864 4620 calida
912 4564 1040 4622 ﬁdei
1088 4567 1328 4623 scintilla
1361 4567 1726 4624 Samaritanis
1762 4569 1957 4634 indita,
2001 4585 2258 4640 magnum

685 4656 890 4712 excitat
922 4657 1258 4719 incendium.
1303 4661 1416 4716 Hoc
1446 4661 1608 4716 modo
1636 4662 1966 4732 capiendum
2005 4672 2090 4718 est
2112 4663 2260 4733 quod

687 4747 760 4812 ab
794 4751 913 4820 ipso
939 4750 1174 4806 dicitur:
1208 4770 1227 4803 ι
1274 4753 1460 4825 Ignem
1497 4754 1625 4808 veni
1666 4755 1884 4811 mittere
1925 4753 1979 4810 in
2029 4762 2258 4821 terram,

687 4850 744 4900 et
769 4843 904 4915 quid
930 4844 1055 4900 volo
1091 4845 1198 4903 nisi
1226 4854 1286 4900 ut
1313 4846 1506 4902 ardeat
1539 4845 1598 4898 υἷ’
1636 4866 1652 4898 ι

759 5019 854 5089 ιν,
877 5021 966 5077 27.
1003 5020 1072 5076 Ει
1099 5023 1438 5078 mirabantur
1466 5024 1594 5094 quia
1623 5040 1742 5078 cum
1770 5025 1987 5079 muliere
2019 5024 2263 5096 loqueba-

692 5120 802 5167 tur.

762 5202 1001 5260 Rursum
1073 5206 1329 5278 discipuli
1397 5205 1700 5263 Salvatoris
1759 5207 2152 5278 benignitatem
2215 5216 2269 5262 et

693 5294 1080 5353 demissionem
1123 5298 1269 5353 illam
1311 5300 1530 5353 attoniti
1593 5301 1886 5354 mirantur.
1944 5297 2064 5352 Non
2119 5297 2263 5352 enim

694 5395 756 5442 ut
784 5389 1035 5444 nonnulli
1065 5389 1358 5445 immodice
1393 5391 1656 5462 religione
1685 5390 1895 5448 eﬂ'erati
1923 5389 2263 5458 colloquium

695 5492 820 5531 cum
877 5479 1109 5535 muliere
1159 5489 1468 5548 aversatur,
1521 5484 1616 5540 sed
1667 5485 1721 5538 in
1770 5500 1960 5539 omnes
2000 5481 2267 5553 expandit

697 5583 850 5625 suam
873 5571 1374 5641 mansuetudinem,
1400 5589 1573 5644 eaque
1604 5591 1662 5631 re
1692 5574 1931 5632 ostendit
1967 5573 2112 5644 quod
2139 5588 2261 5629 cum

778 5747 799 5778 '
832 5745 970 5803 Luc.
1008 5765 1103 5814 xu,
1129 5749 1213 5804 i9.

2369 4567 2570 4639 θερμὸν
2613 4565 2710 4636 τῆς
2753 4562 2990 4625 πίστεως
3030 4559 3303 4630 σπινθῆρα
3351 4555 3708 4628 Σαμαρείταις
3737 4551 3891 4612 ἐνθεὶς.

2369 4657 2654 4730 ἐπιτρέπει
2704 4656 2821 4717 ταῖς
2870 4652 3138 4706 ἐνδόσεσιν
3190 4652 3272 4713 εἰς
3329 4648 3573 4720 μεγάλην
3619 4640 3892 4710 ἐξάπτεσθαι

2368 4751 2563 4824 φλόγα.
2617 4747 2774 4802 υὺτω
2832 4747 3043 4816 νοήσεις
3099 4743 3176 4811 τὸ,
3221 4741 3348 4812 παρ’
3410 4739 3577 4793 αὑτοῦ
3633 4735 3892 4824 λεγόμενον⁵

2376 4822 2395 4896 ὲ
2425 4843 2541 4915 Πῦρ
2578 4837 2741 4913 ἦλθον
2772 4837 2953 4909 βαλεῖν
2990 4834 3084 4887 ἐπὶ
3120 4833 3220 4904 τὴν
3248 4834 3371 4904 γῆν,
3405 4831 3503 4886 καὶ
3527 4830 3578 4884 τί
3602 4829 3732 4882 θέλω
3757 4822 3893 4893 είῆδη

2369 4935 2932 5094 ανῗίἷῖηέθίῑύμαζον,
2958 5019 3045 5074 ὅτι
3067 5015 3217 5088 μετὰ
3240 5012 3522 5085 γυναικὸς
3549 5010 3760 5066 ἐλάλει.

2437 5199 2920 5268 Καταπλήττονται
2969 5191 3131 5247 πάλιν
3177 5191 3227 5242 οἱ
3271 5188 3508 5261 μαθηταὶ
3556 5185 3648 5240 τοῦ
3691 5182 3893 5250 Σωτῆρος

2369 5295 2467 5366 τὴν
2506 5291 2819 5364 ἡμερότητα
2845 5326 2860 5350 ,
2896 5287 2990 5339 καὶ
3022 5284 3112 5337 τὸν
3168 5281 3455 5351 ὑφειμένον
3501 5268 3892 5374 ἀποθαυμάζουςι

2372 5387 2591 5456 τρόπον.
2629 5381 2704 5434 Οὑ
2742 5378 2851 5448 γὰρ
2879 5378 2943 5448 δὴ
2974 5374 3115 5430 κατά
3140 5390 3293 5436 τινας
3327 5372 3434 5425 τῶν
3465 5372 3547 5424 ἐπ’
3580 5368 3808 5439 ἀκράτοις
3825 5368 3893 5412 εὐ-

2372 5449 2614 5540 λαϐείαις
2661 5470 3058 5543 ἠγριωμένων,
3111 5467 3208 5538 τὴν
3258 5464 3394 5536 πρὸς
3438 5463 3664 5533 γυναῖκα
3709 5449 3892 5543 διάλεξιν

2375 5539 2918 5640 ἀποφρίττειννάξιοῖ,
2955 5559 3178 5628 ἐξαπλοῖ
3223 5557 3277 5610 δὲ
3308 5557 3386 5620 είς
3424 5555 3660 5614 ἅπαντας
3689 5548 3774 5618 τὴν
3799 5539 3891 5612 φιλ·
