4118 6570
209 384 332 439 517

1242 379 1308 434 IN
1348 377 1637 435 JOANNIS
1678 377 2131 439 EVANGELIUM
2174 383 2303 439 LIB.
2335 382 2400 437 ll.

3385 379 3491 437 318

209 494 571 567 ανθρωπίαν,
599 492 692 547 καί
738 492 803 545 δι’
840 489 1007 543 αὑτοῦ
1042 489 1277 543 δεικνύει
1316 490 1411 543 τοῦ
1457 490 1800 561 πράγματος,

1910 508 2056 549 unus
2100 496 2327 549 omnino
2366 496 2440 550 sit
2480 494 2661 564 opifex
2698 508 2808 549 non
2855 494 2991 550 solis
3020 493 3155 548 viris
3187 493 3356 547 vitam
3392 510 3490 562 per

207 586 301 639 ὅτι
349 585 411 654 δὴ
442 584 657 647 πάντως
712 576 790 645 εἷς
824 581 1086 650 ὑπάρχων
1116 579 1470 650 δημιουργὸς,
1513 579 1573 632 ού
1626 579 1805 649 μόνοις

208 676 447 748 ἀνδράσι
479 676 580 743 τὴν
621 674 709 728 διὰ
754 674 990 735 πίστεως
1022 672 1287 743 ἀπονέμει
1339 671 1515 743 ζωὴν,
1548 671 1684 725 ἀλλὰ
1712 672 1808 726 καὶ

207 768 279 821 τὸ
315 768 447 839 θῆλυ
492 766 629 837 πρὸς
679 765 851 835 αὑτὴν
895 762 1190 834 σαγηνεύει
1236 763 1410 832 γένος.
1465 763 1807 834 Κερδαινέτω

210 858 385 912 πάλιν
433 860 528 912 καὶ
576 857 734 911 τοῦτο
787 857 925 926 πρὸς
974 854 1346 925 ὑπογραμμὸν
1378 855 1406 906 ὁ
1435 853 1701 908 διδάσκων
1749 857 1806 909 ἐν

209 948 561 1018 ἐκκλησίαις,
606 946 701 1000 καὶ
749 946 823 1017 μὴ
859 944 1233 1016 παραιτεῖσθω
1264 945 1528 1011 γυναῖκας
1552 942 1805 1013 ὠφελεῖν.

208 1040 290 1092 Οὐ
335 1038 441 1110 γὰρ
480 1038 748 1108 θελήμασι
778 1040 890 1100 τοῖς
930 1037 1101 1101 ἰδίοις,
1133 1034 1270 1090 ἀλλά
1300 1037 1365 1105 τῇ
1393 1034 1486 1088 τοῦ
1516 1035 1807 1107 κηρύγμα-

209 1147 309 1193 τος
344 1130 504 1200 χρείᾳ
531 1128 612 1181 δεῖ
638 1128 859 1190 πάντως
887 1127 1222 1181 ἀκολουθεῖν.

287 1221 503 1287 Οὐδεὶς
548 1220 754 1290 μέντοι
806 1216 936 1274 εἷπε
961 1235 974 1249 ·
1024 1220 1084 1274 Τί
1120 1218 1334 1287 λαλεῖς
1358 1261 1371 1285 ,
1407 1219 1446 1289 ἦ
1500 1220 1558 1274 τι
1618 1218 1807 1288 ζητεῖς

199 1312 337 1380 μετ’
360 1309 554 1378 αὐτῆς
581 1327 599 1372 ;

281 1402 564 1472 Μαθητῶν
591 1396 659 1472 ἦν
685 1400 845 1472 ἔργον
880 1398 1288 1471 ἐπιστημόνων,
1314 1401 1409 1455 καὶ
1435 1401 1534 1472 τὴν
1566 1401 1807 1472 πρέπου-

204 1510 312 1548 σαν
362 1493 444 1561 τῷ
498 1492 805 1562 διδασκάλῳ
852 1492 1020 1562 τιμὴν
1063 1492 1390 1563 περισώζειν
1438 1492 1692 1557 εἰδότων,
1731 1492 1807 1564 μὴ

204 1586 532 1657 περιέργοις
564 1586 898 1656 ἐρωτήσεσιν
933 1585 1014 1647 εις
1047 1583 1313 1647 ἐκτύπους
1348 1585 1526 1638 δοκεῖν
1552 1585 1808 1648 ὑπονοίας

202 1675 542 1746 ἀποδημεῖν,
580 1676 663 1729 ὄτι
701 1674 842 1746 μετὰ
873 1675 1133 1742 γυναικὸς
1175 1674 1377 1738 ἐλάλει,
1406 1674 1545 1729 αἰδοῖ
1575 1676 1632 1729 δὲ
1667 1676 1807 1746 μᾶλ-

201 1767 319 1830 λον,
344 1768 443 1820 καὶ
473 1767 623 1838 φόϐῳ
655 1766 754 1837 τὴν
802 1766 901 1836 μὲν
927 1766 1178 1835 γλῶτταν
1208 1767 1414 1837 εἵργειν
1462 1767 1689 1821 ὀδόντων
1726 1770 1805 1821 ἐν·

199 1858 320 1922 τὶς,
352 1857 671 1928 περιμένειν
691 1858 747 1911 δὲ
779 1857 980 1927 μᾶλλον
1010 1857 1414 1923 αὐτομολοῦντα
1447 1859 1581 1930 πρὸς
1612 1858 1801 1928 λόγους
1832 1850 1875 1905 Β

208 1948 297 2000 τὸν
332 1949 524 2018 κύριον
545 1988 559 2011 ,
593 1948 687 2001 καὶ
736 1948 1042 2002 ἐθελούσιον
1076 1949 1260 2012 αὐτοῖς
1313 1948 1655 2019 περιτιθέντα
1704 1950 1803 2022 τὴν

200 2040 495 2111 ἐξήγησιν.
548 2041 902 2112 Θαυμαστέον
958 2042 1248 2112 τοιγαροῦν
1316 2045 1403 2099 διὰ
1457 2045 1665 2099 τούτων
1716 2047 1803 2115 ἐφ’

199 2133 508 2204 ἠμερότητι
533 2133 631 2203 μὲν
654 2135 746 2187 τὸν
778 2135 1037 2205 Χριστὸν,
1054 2137 1146 2189 ἐπὶ
1178 2138 1235 2190 δὲ
1260 2137 1440 2208 σοφίᾳ,
1463 2139 1557 2191 καὶ
1591 2138 1803 2191 συνέσει

198 2226 329 2287 τοὺς
368 2225 639 2295 μαθητάς,
671 2226 765 2279 καὶ
806 2228 872 2296 τῇ
905 2227 997 2280 τοῦ
1027 2228 1333 2298 πρέποντος
1362 2229 1586 2299 γνώσει.

284 2316 554 2385 Ἀφνῆκεν
609 2314 724 2373 οὖν
771 2320 888 2386 τὴν
922 2320 1140 2389 ὑδρίαν
1169 2321 1362 2390 αὐτῆς
1399 2324 1437 2391 ἡ
1484 2322 1661 2392 γυνὴ,
1698 2324 1801 2378 καί

199 2405 486 2475 ἀπῆλθεν
506 2411 593 2473 εἱς
622 2409 736 2476 τὴν
757 2411 960 2463 πόλιν.

274 2498 562 2568 Κρείττων
594 2500 695 2569 ἤδη
738 2501 834 2553 καὶ
864 2500 1173 2572 ὑψηλοτέρα
1207 2503 1456 2570 φαίνεται
1489 2505 1599 2559 τῶν
1632 2506 1714 2569 εἰς
1741 2507 1803 2561 τὸ

202 2588 370 2660 σῶμα
417 2589 719 2660 φροντίδων
742 2630 758 2655 ,
787 2593 819 2661 ἡ
872 2593 1015 2645 κατὰ
1044 2594 1145 2663 τὴν
1177 2593 1303 2663 χθὲς
1333 2599 1427 2647 καὶ
1458 2596 1650 2667 τρίτην
1701 2616 1800 2653 πο-

201 2681 468 2753 λύανδρος
494 2678 628 2736 οὖσα
648 2682 804 2754 γυνὴ,
843 2684 937 2737 καὶ
963 2688 994 2754 ἠ
1026 2686 1264 2757 ψυχραῖς
1299 2687 1561 2752 πολλάκις
1594 2691 1802 2745 εὐάλω-

198 2791 292 2837 τος
356 2773 616 2844 ἡδοναῖς,
666 2775 1003 2829 πλεονεκτεῖ,
1044 2780 1145 2847 τῆς
1204 2779 1407 2849 σαρκὸς
1455 2781 1555 2850 τὴν
1609 2782 1684 2845 ὡς
1742 2782 1802 2847 ἐξ

202 2866 457 2936 ἀνάγκης
490 2866 700 2937 χρείαν,
729 2867 891 2938 δίψης
941 2885 998 2921 τε
1040 2867 1177 2939 ὁμοῦ
1199 2910 1213 2934 ,
1246 2870 1341 2923 καὶ
1370 2871 1552 2926 ποτῶν
1604 2872 1803 2944 ἀλογή-

203 2974 370 3024 σασα,
386 2958 523 3029 πρὸς
544 2959 736 3029 ἐτέραν
758 2959 870 3025 ἕξιν
889 2960 977 3013 διὰ
1002 2960 1105 3030 τῆς
1129 2960 1365 3026 πίστεως
1382 2963 1798 3033 άνεχαλκεύετο.

215 3049 468 3120 ’Λγάπην
508 3050 565 3102 δὲ
612 3051 957 3122 παραχρῆμα
994 3053 1093 3121 τὴν
1122 3053 1416 3125 καλλίστην
1446 3057 1637 3112 πασῶν
1672 3059 1802 3129 ἀρε-

199 3140 319 3210 τὴν,
353 3141 560 3194 καὶτὸν
590 3141 917 3214 φιλάλληλον
948 3143 1232 3213 μελετῶσα
1258 3147 1478 3219 τρόπον,
1500 3149 1638 3220 ὅπερ
1661 3151 1797 3221 αὐτῇ

202 3229 450 3300 πέφηνεν
503 3231 727 3298 ἀγαθὸν,
778 3232 939 3286 τοῦτο
996 3236 1091 3288 καὶ
1140 3237 1350 3308 ἐτέροις
1398 3238 1799 3308 ἐξαγγέλλουσα

200 3322 422 3392 γοργῶς
449 3322 635 3395 δρόμῳ
658 3324 737 3394 τῷ
776 3324 913 3395 πρὸς
942 3326 1042 3397 τὴν
1088 3327 1242 3381 πόλιν
1271 3330 1621 3383 συντείνεται.
1665 3333 1799 3384 ’Υπο

202 3410 405 3479 εφῶνει
433 3410 541 3481 γάρ
565 3413 624 3463 ἐν
648 3412 811 3483 αὐτῇ,
840 3415 983 3468 κατά
1011 3432 1074 3483 γε
1113 3416 1174 3468 τὸ
1210 3416 1378 3481 εἰκὸς,
1406 3420 1433 3470 ὁ
1458 3418 1669 3491 Σωτὴρ,
1703 3421 1799 3475 καὶ

202 3497 543 3569 λεληθότως,
574 3500 716 3554 κατὰ
759 3502 852 3555 τὸν
894 3500 1020 3554 νοῦν
1057 3504 1336 3575 ἐψιθύριζε
1368 3507 1545 3575 λέγων
1571 3527 1584 3539 ·
1624 3529 1643 3561 ι
1685 3512 1799 3563 Δωο

204 3594 334 3661 ρεὰν
373 3590 615 3652 ἐλάϐετε,
643 3592 851 3662 δωρεὰν
882 3593 1020 3647 δότε.
1060 3613 1077 3644 ι
1131 3597 1510 3667 Μανθάνωμεν
1544 3599 1631 3653 διά
1675 3601 1800 3653 τού-

205 3698 314 3746 του,
353 3682 429 3751 μὴ
481 3680 677 3754 ζηλοῦν
728 3684 827 3752 μὲν
856 3685 1061 3738 ἐκεῖνον
1103 3687 1195 3740 τὸν
1226 3688 1510 3756 ὀκνόφιλον
1535 3692 1625 3743 τὸν
1650 3694 1798 3746 οἰκέ-

200 3790 317 3843 την,
356 3772 447 3826 διά
470 3791 529 3826 τε
567 3773 726 3828 τοῦτο
748 3777 827 3839 εἰς
856 3776 959 3846 γῆν
984 3779 1405 3848 καταχωννύντα
1433 3782 1495 3834 τὸ
1514 3782 1795 3850 τάλαντον,

202 3860 613 3932 ἐπεργάζεσθαι
657 3863 713 3916 δὲ
750 3865 950 3934 μᾶλλον
998 3866 1128 3919 αὐτὸ
1174 3869 1585 3941 σπουδάζωμεν.
1634 3876 1697 3927 Ὃ
1729 3875 1795 3948 δὴ

199 3952 289 4005 καὶ
322 3951 515 4021 δρῶσα
558 3953 733 4017 καλῶς
762 3956 796 4025 ἡ
825 3955 1262 4028 πολυθρύλλητος
1292 3959 1432 4031 αὕτη
1480 3962 1648 4033 γυνὴ,
1680 3982 1796 4018 κοι-

197 4044 500 4095 νοποιεῖται
547 4047 659 4107 τοῖς
704 4044 885 4108 ἄλλοις
922 4046 982 4099 τὸ
1013 4049 1324 4119 προσπεσὸν
1362 4051 1586 4129 ἀγαθὸν,
1648 4054 1795 4129 ὕδωρ

202 4136 321 4205 μὲν,
342 4136 483 4206 ὅπερ
502 4132 568 4207 ἦν
587 4138 930 4208 ἁρυσαμένη,
946 4138 1056 4193 τῶν
1081 4141 1333 4209 πηγαίων
1356 4143 1538 4197 οὐκέτι
1557 4145 1795 4201 λαϐοῦσα

202 4226 452 4296 μαστῶν,
475 4228 596 4281 οὑδὲ
618 4227 713 4299 τὴν
743 4230 807 4281 ἐκ
846 4230 948 4299 γῆς
978 4231 1167 4300 ὑδρίαν
1212 4234 1351 4287 οἴκοι
1386 4236 1546 4289 πάλιν
1594 4238 1799 4293 ἀποκο-

201 4316 472 4386 μίζουσα,
508 4316 628 4388 θείᾳ
671 4316 728 4370 δὲ
777 4319 977 4388 μᾶλλον
1028 4320 1125 4373 καὶ
1154 4321 1391 4393 οὐρανίῳ
1439 4326 1662 4397 χάριτι,
1700 4330 1794 4383 καὶ

201 4407 466 4478 πανσόφῳ
500 4408 596 4461 τοῦ
628 4409 885 4480 Σωτῆρος
921 4412 1244 4483 διδασκαλίᾳ
1288 4415 1388 4479 τάς
1421 4416 1520 4486 τῆς
1553 4418 1793 4485 διανοίας

1911 584 2071 639 ﬁdem
2101 586 2313 650 tribuit,
2352 586 2456 641 sed-
2487 595 2541 639 et
2568 585 2865 641 femineum
2897 600 3069 668 genus
3102 584 3168 637 ad
3202 600 3321 638 eam
3350 599 3489 637 con-

1909 677 2094 731 vertit.
2156 675 2273 731 Hoc
2304 678 2406 732 sibi
2440 692 2635 731 rursus
2668 678 2979 748 exemplum
3026 676 3221 729 habeat
3253 674 3489 744 quicun-

1909 785 2017 838 que
2052 768 2297 823 doctoris
2327 776 2512 838 partes
2543 769 2655 838 agit
2693 768 2747 822 in
2784 768 3058 831 ecclesiis,
3099 782 3199 821 nec
3226 765 3490 836 prodesse

1910 866 2107 914 renuat
2162 859 2511 914 mulieribus.
2561 859 2679 913 Non
2727 860 2871 913 enim
2918 860 3253 913 voluntatem
3308 871 3486 923 suam,

1910 950 2005 1006 sed
2042 950 2453 1021 praedicationis
2487 951 2780 1005 utilitatem
2815 950 2971 1021 sequi
2999 958 3236 1021 oportet.

1982 1218 2074 1286 ιν,
2108 1218 2201 1273 27.
2231 1217 2402 1272 Nemo
2433 1226 2607 1272 tamen
2633 1216 2771 1270 dixit
2793 1233 2812 1272 :
2850 1215 2993 1285 Quid
3032 1216 3225 1285 quieris
3254 1225 3344 1269 aut
3364 1216 3489 1285 quid

1911 1312 2137 1381 loqueris
2162 1327 2281 1364 cum
2312 1310 2452 1365 illa?

1980 1404 2340 1460 Prudentium
2375 1403 2775 1473 discipulorum
2827 1408 2968 1467 erat,
2999 1408 3053 1456 et
3097 1401 3361 1472 magistro
3391 1401 3489 1456 de-

1909 1496 2084 1552 bitum
2136 1496 2399 1552 honorem
2437 1496 2800 1558 servantium,
2829 1509 2941 1549 non
2999 1493 3295 1565 supertluis
3340 1508 3490 1563 quae-

1910 1589 2184 1644 stionibus
2224 1590 2277 1643 in
2312 1587 2587 1644 absurdas
2629 1586 2976 1657 suspiciones
3007 1585 3160 1641 abire
3187 1585 3336 1656 quod
3365 1600 3492 1640 cum

1909 1683 2140 1737 muliere
2180 1683 2531 1752 loqueretur,
2582 1679 2677 1736 sed
2736 1679 2948 1748 pudore
3001 1678 3185 1749 potius
3234 1693 3297 1732 ac
3341 1683 3489 1731 metu

1911 1772 2155 1842 linguam
2214 1772 2358 1824 intra
2406 1770 2599 1825 dentes
2643 1769 3010 1836 concludere,
3064 1776 3118 1822 et
3169 1774 3492 1836 exspectare

1904 1863 2032 1916 dum
2084 1862 2347 1930 magister
2372 1861 2717 1930 loqueretur,
2757 1859 2985 1927 ejusque
3033 1859 3108 1913 rei
3148 1872 3372 1911 causam
3411 1857 3492 1909 ul-

1906 1960 1994 2006 tro
2037 1951 2296 2021 aperiret.
2353 1949 2537 2003 Mirari
2592 1964 2724 2019 ergo
2764 1949 3027 2003 debemus
3089 1949 3175 2001 hic
3206 1948 3489 2005 Christum

1904 2044 1974 2102 ob
2018 2041 2540 2107 mansuetudinem;
2595 2041 2899 2111 discipulos
2935 2047 3118 2095 autem
3167 2040 3238 2093 ob
3271 2039 3491 2110 sapien-

1905 2136 2035 2190 tiam
2071 2146 2233 2206 atque
2264 2135 2638 2205 prudentiam,
2671 2143 2725 2189 et
2752 2134 2939 2189 decori
2969 2133 3244 2189 notitiam.

1978 2317 2065 2382 lV,
2106 2317 2197 2372 28.
2251 2316 2481 2387 Reliquit
2523 2333 2646 2387 ergo
2689 2314 2938 2386 hydriam
2974 2331 3128 2369 suam
3176 2314 3389 2379 mulier,
3440 2322 3490 2367 et

1904 2412 2036 2465 abiit
2062 2412 2114 2465 in
2151 2411 2439 2464 civitatem.

1976 2502 2185 2557 Victrix
2229 2516 2509 2570 corporea:
2546 2516 2693 2555 cura:
2725 2499 2838 2569 jam
2880 2498 3101 2553 videtur
3135 2497 3225 2551 illa
3269 2498 3382 2552 heri
3426 2513 3490 2551 ac

1904 2594 2308 2650 nudiustertius
2341 2592 2637 2648 multorum
2662 2592 2903 2645 virorum
2939 2608 3099 2655 uxor,
3124 2598 3176 2645 et
3206 2607 3327 2660 qua:
3349 2592 3487 2645 stul-

1902 2688 1975 2743 tis
2010 2686 2388 2756 voluptatibus
2435 2700 2579 2754 saepe
2631 2684 3025 2743 suecubuerat,
3086 2686 3273 2738 carnis
3324 2698 3488 2736 usum

1901 2778 2279 2833 necessarium
2303 2775 2614 2841 deiraudat,
2632 2775 2908 2845 simulque
2933 2774 3079 2828 sitim
3106 2781 3160 2828 et
3185 2782 3373 2842 potum
3392 2789 3487 2826 as-

1904 2878 2133 2940 pernata
2156 2869 2211 2924 in
2234 2869 2399 2923 alium
2421 2876 2623 2924 statum
2649 2883 2745 2939 per
2772 2867 2930 2922 (idem
2954 2866 3113 2938 19Δὶ¹
3129 2866 3485 2920 reformatur.

1906 2958 2107 3014 Statim
2156 2975 2289 3014 vero
2341 2959 2672 3014 charitatem
2728 2958 2997 3012 virtutmn
3047 2958 3335 3028 optimam,
3369 2971 3489 3009 mu-

1904 3060 2171 3122 tuumque
2202 3066 2443 3107 amorem
2486 3051 2758 3120 amplexa,
2790 3050 2935 3120 quod
2970 3049 3074 3103 sibi
3108 3050 3352 3103 oblatum
3404 3059 3490 3102 est

1904 3144 2131 3209 bonum,
2168 3144 2337 3198 citato
2365 3143 2419 3197 in
2454 3143 2644 3197 urbem
2686 3157 2854 3195 cursu
2890 3140 3139 3194 studiose
3169 3139 3484 3193 annuntiat.

1902 3235 2405 3290 lnelamabatenim
2430 3235 2501 3296 ei,
2526 3241 2586 3286 ut
2621 3232 2889 3286 credibile
2926 3237 3035 3293 est,
3071 3238 3125 3284 et
3156 3231 3208 3283 in
3241 3232 3485 3284 animum

1902 3329 2043 3383 clam
2094 3325 2520 3388 insusurrabat,
2558 3324 2789 3378 dicens:
2842 3339 2860 3373 ι
2925 3321 3109 3376 Gratis
3165 3323 3485 3392 accepistis.

1902 3419 2076 3489 gratis
2100 3417 2227 3472 date
2253 3417 2295 3473 ⁸.
2328 3438 2345 3467 ι
2381 3416 2519 3470 llinc
2550 3416 2833 3470 discamus
2858 3431 2965 3470 non
3003 3430 3125 3470 esse
3160 3415 3322 3468 nobis
3356 3416 3483 3469 imi-

1900 3514 2127 3567 tandum
2161 3512 2414 3581 ignavum
2450 3512 2601 3565 illutn
2633 3525 2851 3565 servum
2887 3509 2981 3578 qui
3037 3509 3303 3563 talentum
3329 3508 3482 3562 humi

1901 3603 2131 3668 defodit,
2164 3604 2261 3658 sed
2306 3603 2438 3657 illud
2477 3618 2737 3658 exercere
2770 3616 3036 3656 conemur
3061 3602 3099 3653 ⁷.
3146 3599 3304 3666 Quod
3340 3601 3486 3655 cele-

1899 3696 2137 3751 berrima
2187 3695 2302 3750 haec
2345 3695 2542 3749 mulier
2573 3694 2790 3764 egregie
2826 3700 3069 3763 praestat,
3123 3708 3246 3763 qua:
3276 3693 3481 3747 bonum

1900 3790 2009 3845 sibi
2057 3790 2300 3843 oblatum
2351 3788 2474 3845 aliis
2516 3790 2933 3853 communicat,
2993 3804 3158 3858 quam
3215 3789 3484 3841 hactenus

1899 3882 2163 3937 hauserat
2193 3896 2392 3950 aquam
2441 3896 2551 3934 non
2592 3880 2707 3949 jam
2756 3895 2788 3934 e
2823 3880 3161 3950 scaturigine
3194 3879 3478 3941 hauriens,

1898 3989 2075 4043 neque
2123 3980 2439 4027 terrestrem
2485 3972 2736 4042 hydriam
2786 3971 3009 4027 domum
3060 3971 3243 4025 denuo
3294 3984 3473 4038 repor-

1896 4073 2042 4131 tans,
2096 4052 2193 4121 sed
2241 4064 2428 4118 divina
2462 4064 2649 4134 potius
2689 4078 2754 4120 ae
2787 4063 2998 4120 etelesti
3026 4065 3222 4133 gratia,
3262 4063 3482 4130 sapien-

1897 4156 2223 4225 tissimaque
2277 4155 2586 4210 Salvatoris
2649 4154 2905 4209 doctrina
2957 4160 3195 4207 mentem
3260 4152 3477 4221 plenam

1896 4261 2112 4317 gerens.
2163 4246 2305 4301 Hinc
2356 4261 2556 4301 rursus
2610 4253 2874 4314 tanquam
2913 4244 2968 4298 in
3006 4244 3179 4314 ﬁgura
3210 4249 3263 4296 et
3295 4240 3480 4294 tabula

1897 4337 2301 4393 observandum
2348 4348 2455 4402 est,
2494 4337 2707 4407 exiguis
2741 4336 3034 4391 admodum
3092 4342 3147 4389 et
3196 4332 3480 4403 corporeis

1898 4428 2169 4498 neglectis
2213 4428 2390 4482 multo
2437 4426 2755 4497 copiosiora
2788 4432 2844 4480 et
2882 4424 3111 4480 meliora
3161 4437 3263 4476 nos
3307 4436 3337 4474 a
3368 4418 3481 4474 Deo

200 4498 484 4569 ὑποθήκας
507 4500 854 4571 ἐμπλήσασα.
897 4501 1094 4559 ’ἰστέον
1123 4504 1395 4571 ἐντεῦθεν,
1432 4506 1508 4570 ὡς
1535 4510 1594 4562 ἐν
1632 4510 1791 4583 τύπῳ

1901 4528 2280 4591 percepturos.
2333 4517 2476 4584 Quid
2515 4516 2662 4572 enim
2691 4524 2778 4571 est
2803 4531 2945 4586 aqua
2976 4514 3043 4570 de
3073 4523 3241 4578 terra,
3269 4512 3315 4568 si
3353 4524 3480 4566 cum

198 4591 364 4645 πάλιν
389 4592 487 4664 καὶ,
514 4594 721 4663 γραφῇ,
750 4594 833 4647 ὅτι
876 4596 1089 4665 μικρῶν
1121 4597 1185 4667 δὴ
1219 4597 1337 4655 λίαν
1381 4600 1790 4672 ὑπερφρονοῦν-

1900 4610 2268 4682 intelligentia
2300 4625 2424 4681 qua:
2479 4622 2721 4678 superne
2745 4608 2920 4671 venit,
2952 4602 3343 4676 comparetur?

196 4703 305 4780 ⁴ιιες,
360 4689 455 4741 καὶ
500 4690 848 4780 σωματικῶν,
884 4691 1323 4749 πολλαπλασίονά
1353 4713 1408 4748 τε
1437 4699 1532 4751 καὶ
1573 4700 1783 4771 ἀμείνω
1823 4706 1973 4779 παρά
2006 4707 2141 4762 Θεοῦ
2169 4707 2472 4779 ληψόμεθα.
2496 4705 2562 4759 Τί
2595 4704 2703 4777 γὰρ
2740 4702 2885 4774 ὕδωρ
2916 4702 2977 4755 τὸ
3008 4701 3118 4755 ἀπὸ
3184 4699 3285 4769 τῆς
3354 4698 3480 4780 γῆς⁹

197 4779 268 4843 ὡς
300 4780 443 4852 πρὸς
461 4779 560 4850 τὴν
583 4781 791 4835 ἄνωθεν
824 4782 1042 4837 σύνεσιν
1068 4801 1083 4846 ;

264 4875 379 4935 Καὶ
411 4875 572 4942 λέγει
609 4877 734 4942 τοῖς
757 4878 1107 4946 ἀνθρὼποις’
1145 4879 1341 4945 Δεῦτε,
1376 4882 1534 4938 ἴδετε
1562 4886 1787 4955 ἅνθρω-

197 4984 335 5029 πον,
366 4967 437 5030 ὃς
482 4963 613 5020 εἷπε
660 4968 858 5023 πάντα
883 5010 897 5035 ,
925 4970 1043 5024 ὅσα
1088 4972 1351 5039 ἐποίησα
1374 4992 1388 5005 ο
1416 4976 1562 5044 μήτι
1611 4976 1789 5045 οὗτός

197 5058 369 5111 ἐστιν
396 5061 429 5111 ό
456 5060 712 5126 Χριστός
732 5077 751 5124 ;

264 5152 333 5203 Ὢ
366 5151 671 5222 παραδόξου
732 5154 1053 5225 μεταϐολῆς,
1084 5155 1130 5208 ῶ
1181 5156 1425 5227 μεγάλης
1460 5159 1660 5225 ὅντως,
1692 5165 1788 5218 καὶ

198 5242 536 5315 θεοπρεποῦς
571 5245 776 5315 ἰσχύος,
817 5248 903 5298 ἐπ’
940 5246 1168 5318 ἀρρήτῳ
1213 5248 1506 5317 διαφανοῦς
1543 5254 1620 5324 τῷ
1655 5256 1787 5309 θαύ-

202 5350 328 5400 ρατι
362 5334 375 5385 1
402 5334 667 5406 Τεχνὶτης
695 5337 792 5407 ἠδη
835 5337 971 5407 πρὸς
1005 5337 1197 5407 λόγους
1218 5342 1311 5395 καὶ
1341 5346 1724 5414 μυσταγωγὸς,
1752 5350 1784 5419 ὴ

200 5428 439 5479 συνιεῖσα
488 5429 587 5497 μὲν
619 5429 771 5482 οὐδὲν
814 5429 922 5483 τῶν
952 5431 1010 5482 ἐν
1058 5433 1199 5503 ἀρχῇ
1246 5433 1576 5505 λεγομένων,
1612 5439 1701 5493 διὰ
1728 5441 1785 5493 δὲ

206 5514 351 5567 ιοῦτο
402 5516 629 5581 δικαίως
661 5519 948 5574 ἀκούσασα
992 5537 1005 5551 ·
1048 5542 1067 5573 ι
1112 5523 1349 5592 ’Ύπαγε,
1393 5526 1641 5596 φώνησόν
1690 5547 1782 5583 σου

199 5605 286 5660 τὸν
319 5609 506 5679 ἄνδρα,
536 5612 630 5665 καὶ
659 5612 778 5666 ἐλθὲ
824 5614 1031 5670 ἐνθάδε.
1073 5634 1089 5665 ι
1125 5617 1267 5687 Ὅρα
1299 5618 1407 5689 γὰρ
1443 5621 1590 5685 ὅπως
1630 5625 1779 5677 ἐντέη

268 5786 289 5819 ⁸
320 5788 510 5846 Matth.
548 5809 603 5856 χ,
635 5794 685 5848 8.
767 5795 784 5816 '
814 5792 1003 5850 Matth.
1044 5811 1169 5861 xxv,
1200 5796 1267 5850 '25
1298 5813 1453 5868 seqq.

1968 4889 2060 4954 ιγ,
2105 4889 2195 4945 99.
2232 4887 2299 4942 Et
2346 4888 2474 4939 dicit
2516 4885 2627 4939 illis
2657 4881 2990 4937 hominibus:
3028 4879 3207 4935 Venite
3238 4887 3285 4930 et
3316 4877 3477 4931 videte

1900 4985 2204 5039 hominem.
2245 4982 2335 5051 qui
2383 4980 2523 5033 dixit
2566 4977 2695 5031 mihi
2743 4976 2923 5029 onmia
2965 4986 3286 5044 quwcunquc
3336 4970 3474 5036 Ieci:

1896 5075 2149 5146 numquid
2176 5077 2285 5142 ipse
2316 5082 2395 5126 est
2431 5071 2721 5128 Christus?

1967 5168 2011 5227 Ο
2040 5168 2377 5238 inopinatam
2419 5164 2817 5218 mutationem!
2863 5176 2895 5213 ο
2934 5171 3185 5229 magnam
3227 5153 3475 5224 profecto

1894 5262 2250 5331 divinamque
2278 5260 2560 5324 virtutem,
2591 5274 2716 5329 quae
2759 5253 3018 5311 ineffabili
3075 5250 3339 5305 miraculo
3379 5266 3473 5320 pa-

1894 5355 2083 5410 tescit!
2121 5353 2291 5409 Docet
2312 5353 2537 5408 demum
2563 5360 2617 5407 et
2643 5351 2785 5405 alios
2816 5347 2998 5402 initiat
3027 5345 3141 5411 illa,
3180 5358 3301 5414 qua:
3333 5343 3472 5398 nihil

1893 5445 2166 5515 capiebat,
2198 5460 2388 5499 eorum
2414 5458 2535 5513 quae
2564 5441 2838 5513 principio
2871 5438 3219 5501 dicebantur,
3240 5450 3472 5504 quaeque

1891 5535 2102 5591 ideirco
2136 5536 2261 5607 jure
2300 5535 2589 5590 audierat:
2624 5552 2643 5584 ι
2692 5530 2865 5594 Vade,
2907 5544 3037 5583 voca
3081 5528 3255 5581 virum
3288 5534 3467 5587 tuum,

1888 5633 1942 5682 et
1989 5627 2116 5682 veni
2162 5627 2286 5682 huc.
2330 5645 2348 5679 ι
2389 5626 2629 5682 Observa
2661 5625 2806 5681 enim
2850 5631 3053 5695 quanta
3095 5616 3368 5674 industria
3410 5619 3468 5673 et
