  <div class='ocr_page' id='page_1' title='image "/cluster/home/n/w/nwhite01/storage/ocr_20150623/73/hvd.32044019207877/181.png"; bbox 0 0 4118 6566; ppageno 0'>
   <div class='ocr_carea' id='block_1_1' title="bbox 702 356 807 413">
    <p class='ocr_par' dir='ltr' id='par_1_1' title="bbox 702 356 807 413">
     <span class='ocr_line' id='line_1_1' title="bbox 702 356 807 413; baseline 0 0"><span class='ocrx_word' id='word_1_1' title='bbox 702 356 807 413; x_wconf 75' lang='grc' dir='ltr'>εις)</span> 
     </span>
    </p>
   </div>
   <div class='ocr_carea' id='block_1_2' title="bbox 1651 342 3894 409">
    <p class='ocr_par' dir='ltr' id='par_1_2' title="bbox 1651 342 3894 409">
     <span class='ocr_line' id='line_1_2' title="bbox 1651 342 3894 409; baseline -0.009 -1"><span class='ocrx_word' id='word_1_2' title='bbox 1651 351 1707 407; x_wconf 82' lang='grc'>8.</span> <span class='ocrx_word' id='word_1_3' title='bbox 1739 345 2016 407; x_wconf 73' lang='lat' dir='ltr'><strong>CYRILLI</strong></span> <span class='ocrx_word' id='word_1_4' title='bbox 2056 342 2533 400; x_wconf 79' lang='lat' dir='ltr'><strong>ALEXANDRINI</strong></span> <span class='ocrx_word' id='word_1_5' title='bbox 2571 344 2891 401; x_wconf 77' lang='lat' dir='ltr'><strong>AllClllEP.</strong></span> <span class='ocrx_word' id='word_1_6' title='bbox 3681 376 3685 379; x_wconf 51' lang='grc' dir='ltr'>μ</span> <span class='ocrx_word' id='word_1_7' title='bbox 3810 354 3894 409; x_wconf 60' lang='lat'><strong>32¢,</strong></span> 
     </span>
    </p>
   </div>
   <div class='ocr_carea' id='block_1_3' title="bbox 701 461 2272 541">
    <p class='ocr_par' dir='ltr' id='par_1_3' title="bbox 701 463 2269 541">
     <span class='ocr_line' id='line_1_3' title="bbox 701 463 2269 541; baseline -0.008 -12"><span class='ocrx_word' id='word_1_8' title='bbox 701 482 821 530; x_wconf 85' lang='lat' dir='ltr'><strong>arte</strong></span> <span class='ocrx_word' id='word_1_9' title='bbox 865 471 1241 526; x_wconf 85' lang='lat' dir='ltr'><strong>Satnaritanos</strong></span> <span class='ocrx_word' id='word_1_10' title='bbox 1288 470 1619 541; x_wconf 88' lang='lat' dir='ltr'><strong>alloquatur.</strong></span> <span class='ocrx_word' id='word_1_11' title='bbox 1654 469 1774 525; x_wconf 82' lang='lat' dir='ltr'><strong>Non</strong></span> <span class='ocrx_word' id='word_1_12' title='bbox 1816 469 2083 524; x_wconf 88' lang='lat' dir='ltr'><strong>continuo</strong></span> <span class='ocrx_word' id='word_1_13' title='bbox 2134 463 2269 518; x_wconf 95' lang='lat' dir='ltr'><strong>dicit</strong></span> 
     </span>
    </p>
   </div>
   <div class='ocr_carea' id='block_1_4' title="bbox 2370 461 3895 541">
    <p class='ocr_par' dir='ltr' id='par_1_4' title="bbox 2371 461 3895 535">
     <span class='ocr_line' id='line_1_4' title="bbox 2371 461 3895 535; baseline 0.011 -27"><span class='ocrx_word' id='word_1_14' title='bbox 2371 477 2512 529; x_wconf 82' lang='grc' dir='ltr'>χνως</span> <span class='ocrx_word' id='word_1_15' title='bbox 2552 461 2651 532; x_wconf 87' lang='grc' dir='ltr'>τὴν</span> <span class='ocrx_word' id='word_1_16' title='bbox 2701 462 2839 533; x_wconf 78' lang='grc' dir='ltr'>πρὸς</span> <span class='ocrx_word' id='word_1_17' title='bbox 2885 462 3225 535; x_wconf 78' lang='grc' dir='ltr'><strong>Σαμαρείτας</strong></span> <span class='ocrx_word' id='word_1_18' title='bbox 3271 464 3504 516; x_wconf 75' lang='grc' dir='ltr'>ἐποιεῖτο</span> <span class='ocrx_word' id='word_1_19' title='bbox 3540 464 3777 530; x_wconf 81' lang='grc' dir='ltr'>διάλεξιν.</span> <span class='ocrx_word' id='word_1_20' title='bbox 3806 471 3895 526; x_wconf 67' lang='grc' dir='ltr'><strong>Οὐκ</strong></span> 
     </span>
    </p>
   </div>
   <div class='ocr_carea' id='block_1_5' title="bbox 702 561 2274 626">
    <p class='ocr_par' dir='ltr' id='par_1_5' title="bbox 702 561 2274 626">
     <span class='ocr_line' id='line_1_5' title="bbox 702 561 2274 626; baseline -0.005 -6"><span class='ocrx_word' id='word_1_21' title='bbox 702 581 764 620; x_wconf 85' lang='lat' dir='ltr'><strong>se</strong></span> <span class='ocrx_word' id='word_1_22' title='bbox 803 564 1082 619; x_wconf 74' lang='lat' dir='ltr'><strong>Christum</strong></span> <span class='ocrx_word' id='word_1_23' title='bbox 1114 562 1411 626; x_wconf 91' lang='lat' dir='ltr'><strong>invenisse,</strong></span> <span class='ocrx_word' id='word_1_24' title='bbox 1438 578 1537 618; x_wconf 89' lang='lat' dir='ltr'><strong>nec</strong></span> <span class='ocrx_word' id='word_1_25' title='bbox 1566 563 1749 617; x_wconf 91' lang='lat' dir='ltr'><strong>statim</strong></span> <span class='ocrx_word' id='word_1_26' title='bbox 1797 563 1865 617; x_wconf 91' lang='lat' dir='ltr'><strong>de</strong></span> <span class='ocrx_word' id='word_1_27' title='bbox 1906 561 2037 615; x_wconf 84' lang='lat' dir='ltr'><strong>Jesu</strong></span> <span class='ocrx_word' id='word_1_28' title='bbox 2083 574 2274 613; x_wconf 90' lang='lat' dir='ltr'><strong>narra-</strong></span> 
     </span>
    </p>
   </div>
   <div class='ocr_carea' id='block_1_6' title="bbox 702 653 2269 726">
    <p class='ocr_par' dir='ltr' id='par_1_6' title="bbox 702 653 2269 726">
     <span class='ocr_line' id='line_1_6' title="bbox 702 653 2269 726; baseline -0.002 -16"><span class='ocrx_word' id='word_1_29' title='bbox 702 657 904 711; x_wconf 86' lang='lat' dir='ltr'><strong>tionem</strong></span> <span class='ocrx_word' id='word_1_30' title='bbox 935 671 1089 712; x_wconf 90' lang='lat' dir='ltr'><strong>suam</strong></span> <span class='ocrx_word' id='word_1_31' title='bbox 1117 656 1371 712; x_wconf 84' lang='lat' dir='ltr'><strong>orditur:</strong></span> <span class='ocrx_word' id='word_1_32' title='bbox 1416 666 1564 711; x_wconf 88' lang='lat' dir='ltr'><strong>certe</strong></span> <span class='ocrx_word' id='word_1_33' title='bbox 1593 657 1738 711; x_wconf 89' lang='lat' dir='ltr'><strong>enim</strong></span> <span class='ocrx_word' id='word_1_34' title='bbox 1770 655 2028 726; x_wconf 88' lang='lat' dir='ltr'><strong>despecta</strong></span> <span class='ocrx_word' id='word_1_35' title='bbox 2056 653 2269 719; x_wconf 89' lang='lat' dir='ltr'><strong>fuisset,</strong></span> 
     </span>
    </p>
   </div>
   <div class='ocr_carea' id='block_1_7' title="bbox 701 746 2272 819">
    <p class='ocr_par' dir='ltr' id='par_1_7' title="bbox 701 746 2272 819">
     <span class='ocr_line' id='line_1_7' title="bbox 701 746 2272 819; baseline 0 -18"><span class='ocrx_word' id='word_1_36' title='bbox 701 764 803 803; x_wconf 89' lang='lat' dir='ltr'><strong>nec</strong></span> <span class='ocrx_word' id='word_1_37' title='bbox 841 749 1138 813; x_wconf 89' lang='lat' dir='ltr'><strong>immerito,</strong></span> <span class='ocrx_word' id='word_1_38' title='bbox 1168 757 1225 802; x_wconf 94' lang='lat' dir='ltr'><strong>ut</strong></span> <span class='ocrx_word' id='word_1_39' title='bbox 1255 764 1376 819; x_wconf 68' lang='lat' dir='ltr'><strong>quae</strong></span> <span class='ocrx_word' id='word_1_40' title='bbox 1403 749 1560 819; x_wconf 81' lang='lat' dir='ltr'><strong>longe</strong></span> <span class='ocrx_word' id='word_1_41' title='bbox 1600 756 1745 803; x_wconf 89' lang='lat' dir='ltr'><strong>ultra</strong></span> <span class='ocrx_word' id='word_1_42' title='bbox 1784 763 1949 818; x_wconf 87' lang='lat' dir='ltr'><strong>quam</strong></span> <span class='ocrx_word' id='word_1_43' title='bbox 1979 746 2099 817; x_wconf 86' lang='lat' dir='ltr'><strong>ejus</strong></span> <span class='ocrx_word' id='word_1_44' title='bbox 2135 762 2272 801; x_wconf 88' lang='lat' dir='ltr'><strong>con-</strong></span> 
     </span>
    </p>
   </div>
   <div class='ocr_carea' id='block_1_8' title="bbox 700 839 2270 910">
    <p class='ocr_par' dir='ltr' id='par_1_8' title="bbox 700 839 2270 910">
     <span class='ocr_line' id='line_1_8' title="bbox 700 839 2270 910; baseline -0.002 -18"><span class='ocrx_word' id='word_1_45' title='bbox 700 839 964 894; x_wconf 84' lang='lat' dir='ltr'><strong>ditionem</strong></span> <span class='ocrx_word' id='word_1_46' title='bbox 1019 840 1249 895; x_wconf 83' lang='lat' dir='ltr'><strong>decebat</strong></span> <span class='ocrx_word' id='word_1_47' title='bbox 1299 848 1563 910; x_wconf 89' lang='lat' dir='ltr'><strong>saperet,</strong></span> <span class='ocrx_word' id='word_1_48' title='bbox 1621 854 1720 895; x_wconf 89' lang='lat' dir='ltr'><strong>nec</strong></span> <span class='ocrx_word' id='word_1_49' title='bbox 1770 854 1983 894; x_wconf 87' lang='lat' dir='ltr'><strong>morum</strong></span> <span class='ocrx_word' id='word_1_50' title='bbox 2041 853 2270 893; x_wconf 88' lang='lat' dir='ltr'><strong>suorum</strong></span> 
     </span>
    </p>
   </div>
   <div class='ocr_carea' id='block_1_9' title="bbox 702 928 2268 1002">
    <p class='ocr_par' dir='ltr' id='par_1_9' title="bbox 702 928 2268 1002">
     <span class='ocr_line' id='line_1_9' title="bbox 702 928 2268 1002; baseline -0.001 -19"><span class='ocrx_word' id='word_1_51' title='bbox 702 930 920 1000; x_wconf 82' lang='lat' dir='ltr'><strong>ignaros</strong></span> <span class='ocrx_word' id='word_1_52' title='bbox 969 932 1249 987; x_wconf 86' lang='lat' dir='ltr'><strong>auditores</strong></span> <span class='ocrx_word' id='word_1_53' title='bbox 1285 933 1531 987; x_wconf 83' lang='lat' dir='ltr'><strong>haberet.</strong></span> <span class='ocrx_word' id='word_1_54' title='bbox 1576 931 1739 987; x_wconf 87' lang='lat' dir='ltr'><strong>Prius</strong></span> <span class='ocrx_word' id='word_1_55' title='bbox 1779 945 1911 1002; x_wconf 77' lang='lat' dir='ltr'><strong>ergo</strong></span> <span class='ocrx_word' id='word_1_56' title='bbox 1957 928 2149 984; x_wconf 82' lang='lat' dir='ltr'><strong>faciles</strong></span> <span class='ocrx_word' id='word_1_57' title='bbox 2172 944 2268 983; x_wconf 87' lang='lat' dir='ltr'><strong>eos</strong></span> 
     </span>
    </p>
   </div>
   <div class='ocr_carea' id='block_1_10' title="bbox 701 1019 2270 1089">
    <p class='ocr_par' dir='ltr' id='par_1_10' title="bbox 701 1019 2270 1089">
     <span class='ocr_line' id='line_1_10' title="bbox 701 1019 2270 1089; baseline -0.001 -15"><span class='ocrx_word' id='word_1_58' title='bbox 701 1021 768 1074; x_wconf 86' lang='lat' dir='ltr'><strong>ad</strong></span> <span class='ocrx_word' id='word_1_59' title='bbox 813 1021 1147 1076; x_wconf 89' lang='lat' dir='ltr'><strong>credendum</strong></span> <span class='ocrx_word' id='word_1_60' title='bbox 1194 1022 1377 1077; x_wconf 80' lang='lat' dir='ltr'><strong>reddit</strong></span> <span class='ocrx_word' id='word_1_61' title='bbox 1418 1022 1710 1085; x_wconf 90' lang='lat' dir='ltr'><strong>miraculo,</strong></span> <span class='ocrx_word' id='word_1_62' title='bbox 1764 1019 1945 1089; x_wconf 88' lang='lat' dir='ltr'><strong>iisque</strong></span> <span class='ocrx_word' id='word_1_63' title='bbox 2002 1019 2270 1073; x_wconf 91' lang='lat' dir='ltr'><strong>inusitato</strong></span> 
     </span>
    </p>
   </div>
   <div class='ocr_carea' id='block_1_11' title="bbox 699 1110 2270 1183">
    <p class='ocr_par' dir='ltr' id='par_1_11' title="bbox 699 1110 2270 1183">
     <span class='ocr_line' id='line_1_11' title="bbox 699 1110 2270 1183; baseline -0.002 -18"><span class='ocrx_word' id='word_1_64' title='bbox 699 1121 899 1165; x_wconf 83' lang='lat' dir='ltr'><strong>eventu</strong></span> <span class='ocrx_word' id='word_1_65' title='bbox 946 1114 1234 1177; x_wconf 86' lang='lat' dir='ltr'><strong>attonitis,</strong></span> <span class='ocrx_word' id='word_1_66' title='bbox 1274 1114 1490 1183; x_wconf 79' lang='lat' dir='ltr'><strong>planius</strong></span> <span class='ocrx_word' id='word_1_67' title='bbox 1538 1111 1945 1183; x_wconf 88' lang='lat' dir='ltr'><strong>quodammodo</strong></span> <span class='ocrx_word' id='word_1_68' title='bbox 1994 1110 2118 1165; x_wconf 92' lang='lat' dir='ltr'><strong>ﬁdei</strong></span> <span class='ocrx_word' id='word_1_69' title='bbox 2168 1110 2270 1164; x_wconf 91' lang='lat' dir='ltr'><strong>iter</strong></span> 
     </span>
    </p>
   </div>
   <div class='ocr_carea' id='block_1_12' title="bbox 701 1201 2267 1273">
    <p class='ocr_par' dir='ltr' id='par_1_12' title="bbox 701 1201 2267 1273">
     <span class='ocr_line' id='line_1_12' title="bbox 701 1201 2267 1273; baseline -0.001 -16"><span class='ocrx_word' id='word_1_70' title='bbox 701 1202 886 1258; x_wconf 83' lang='lat' dir='ltr'><strong>efficit.</strong></span> <span class='ocrx_word' id='word_1_71' title='bbox 950 1222 968 1255; x_wconf 77' lang='grc' dir='ltr'><strong>ι</strong></span> <span class='ocrx_word' id='word_1_72' title='bbox 1008 1204 1219 1270; x_wconf 77' lang='lat' dir='ltr'><strong>Venite,</strong></span> <span class='ocrx_word' id='word_1_73' title='bbox 1245 1213 1299 1261; x_wconf 91' lang='lat' dir='ltr'><strong>et</strong></span> <span class='ocrx_word' id='word_1_74' title='bbox 1336 1206 1515 1260; x_wconf 86' lang='lat' dir='ltr'><strong>videte</strong></span> <span class='ocrx_word' id='word_1_75' title='bbox 1557 1223 1603 1271; x_wconf 81' lang='grc' dir='ltr'><strong>ι,</strong></span> <span class='ocrx_word' id='word_1_76' title='bbox 1635 1203 1836 1273; x_wconf 87' lang='lat' dir='ltr'><strong>inquit,</strong></span> <span class='ocrx_word' id='word_1_77' title='bbox 1870 1201 2267 1257; x_wconf 85' lang='lat' dir='ltr'><strong>vehementiori</strong></span> 
     </span>
    </p>
   </div>
   <div class='ocr_carea' id='block_1_13' title="bbox 703 1293 2272 1356">
    <p class='ocr_par' dir='ltr' id='par_1_13' title="bbox 703 1293 2272 1356">
     <span class='ocr_line' id='line_1_13' title="bbox 703 1293 2272 1356; baseline -0.002 -7"><span class='ocrx_word' id='word_1_78' title='bbox 703 1311 835 1349; x_wconf 86' lang='lat' dir='ltr'><strong>voce</strong></span> <span class='ocrx_word' id='word_1_79' title='bbox 876 1304 1085 1350; x_wconf 90' lang='lat' dir='ltr'><strong>tantum</strong></span> <span class='ocrx_word' id='word_1_80' title='bbox 1128 1312 1239 1351; x_wconf 91' lang='lat' dir='ltr'><strong>non</strong></span> <span class='ocrx_word' id='word_1_81' title='bbox 1271 1297 1600 1351; x_wconf 81' lang='lat' dir='ltr'><strong>inclamans.</strong></span> <span class='ocrx_word' id='word_1_82' title='bbox 1655 1294 1738 1349; x_wconf 85' lang='lat' dir='ltr'><strong>Ad</strong></span> <span class='ocrx_word' id='word_1_83' title='bbox 1777 1294 1957 1356; x_wconf 89' lang='lat' dir='ltr'><strong>ﬁdem,</strong></span> <span class='ocrx_word' id='word_1_84' title='bbox 1998 1293 2133 1348; x_wconf 84' lang='lat' dir='ltr'><strong>satis</strong></span> <span class='ocrx_word' id='word_1_85' title='bbox 2164 1293 2272 1347; x_wconf 90' lang='lat' dir='ltr'><strong>erit</strong></span> 
     </span>
    </p>
   </div>
   <div class='ocr_carea' id='block_1_14' title="bbox 701 1384 2271 1458">
    <p class='ocr_par' dir='ltr' id='par_1_14' title="bbox 701 1384 2271 1458">
     <span class='ocr_line' id='line_1_14' title="bbox 701 1384 2271 1458; baseline 0 -18"><span class='ocrx_word' id='word_1_86' title='bbox 701 1388 786 1441; x_wconf 90' lang='lat' dir='ltr'><strong>vel</strong></span> <span class='ocrx_word' id='word_1_87' title='bbox 844 1388 1015 1457; x_wconf 90' lang='lat' dir='ltr'><strong>ipsius</strong></span> <span class='ocrx_word' id='word_1_88' title='bbox 1065 1388 1141 1443; x_wconf 91' lang='lat' dir='ltr'><strong>rei</strong></span> <span class='ocrx_word' id='word_1_89' title='bbox 1195 1388 1487 1458; x_wconf 88' lang='lat' dir='ltr'><strong>inspectio,</strong></span> <span class='ocrx_word' id='word_1_90' title='bbox 1523 1387 1942 1455; x_wconf 87' lang='lat' dir='ltr'><strong>majoribusque</strong></span> <span class='ocrx_word' id='word_1_91' title='bbox 1988 1384 2271 1440; x_wconf 88' lang='lat' dir='ltr'><strong>miraculis</strong></span> 
     </span>
    </p>
   </div>
   <div class='ocr_carea' id='block_1_15' title="bbox 702 1478 2270 1549">
    <p class='ocr_par' dir='ltr' id='par_1_15' title="bbox 702 1478 2270 1549">
     <span class='ocr_line' id='line_1_15' title="bbox 702 1478 2270 1549; baseline 0.001 -17"><span class='ocrx_word' id='word_1_92' title='bbox 702 1491 999 1548; x_wconf 68' lang='lat' dir='ltr'><strong>prmscntes</strong></span> <span class='ocrx_word' id='word_1_93' title='bbox 1039 1480 1520 1534; x_wconf 87' lang='lat' dir='ltr'><strong>conﬁrmabimini.</strong></span> <span class='ocrx_word' id='word_1_94' title='bbox 1564 1478 1698 1534; x_wconf 85' lang='lat' dir='ltr'><strong>Nam</strong></span> <span class='ocrx_word' id='word_1_95' title='bbox 1748 1479 1841 1549; x_wconf 92' lang='lat' dir='ltr'><strong>qui</strong></span> <span class='ocrx_word' id='word_1_96' title='bbox 1886 1478 2134 1534; x_wconf 92' lang='lat' dir='ltr'><strong>cordium</strong></span> <span class='ocrx_word' id='word_1_97' title='bbox 2182 1494 2270 1533; x_wconf 89' lang='lat' dir='ltr'><strong>se-</strong></span> 
     </span>
    </p>
   </div>
   <div class='ocr_carea' id='block_1_16' title="bbox 700 1570 2273 1642">
    <p class='ocr_par' dir='ltr' id='par_1_16' title="bbox 700 1570 2273 1642">
     <span class='ocr_line' id='line_1_16' title="bbox 700 1570 2273 1642; baseline 0.001 -19"><span class='ocrx_word' id='word_1_98' title='bbox 700 1579 849 1623; x_wconf 90' lang='lat' dir='ltr'><strong>creta</strong></span> <span class='ocrx_word' id='word_1_99' title='bbox 893 1571 1064 1635; x_wconf 88' lang='lat' dir='ltr'><strong>novit,</strong></span> <span class='ocrx_word' id='word_1_100' title='bbox 1095 1579 1149 1625; x_wconf 92' lang='lat' dir='ltr'><strong>et</strong></span> <span class='ocrx_word' id='word_1_101' title='bbox 1189 1571 1291 1625; x_wconf 87' lang='lat' dir='ltr'><strong>hac</strong></span> <span class='ocrx_word' id='word_1_102' title='bbox 1329 1570 1537 1641; x_wconf 79' lang='lat' dir='ltr'><strong>ingenti</strong></span> <span class='ocrx_word' id='word_1_103' title='bbox 1570 1586 1633 1626; x_wconf 90' lang='lat' dir='ltr'><strong>ac</strong></span> <span class='ocrx_word' id='word_1_104' title='bbox 1669 1571 1856 1625; x_wconf 88' lang='lat' dir='ltr'><strong>divina</strong></span> <span class='ocrx_word' id='word_1_105' title='bbox 1883 1572 2151 1642; x_wconf 82' lang='lat' dir='ltr'><strong>dignitate</strong></span> <span class='ocrx_word' id='word_1_106' title='bbox 2184 1578 2273 1626; x_wconf 87' lang='lat' dir='ltr'><strong>est</strong></span> 
     </span>
    </p>
   </div>
   <div class='ocr_carea' id='block_1_17' title="bbox 700 1659 2271 1731">
    <p class='ocr_par' dir='ltr' id='par_1_17' title="bbox 700 1659 2271 1731">
     <span class='ocr_line' id='line_1_17' title="bbox 700 1659 2271 1731; baseline 0.006 -21"><span class='ocrx_word' id='word_1_107' title='bbox 700 1659 982 1727; x_wconf 72' lang='lat' dir='ltr'><strong>praeditus,</strong></span> <span class='ocrx_word' id='word_1_108' title='bbox 1015 1662 1289 1729; x_wconf 88' lang='lat' dir='ltr'><strong>quomodo</strong></span> <span class='ocrx_word' id='word_1_109' title='bbox 1331 1678 1439 1715; x_wconf 92' lang='lat' dir='ltr'><strong>non</strong></span> <span class='ocrx_word' id='word_1_110' title='bbox 1472 1662 1667 1731; x_wconf 86' lang='lat' dir='ltr'><strong>plenis,</strong></span> <span class='ocrx_word' id='word_1_111' title='bbox 1700 1671 1760 1717; x_wconf 93' lang='lat' dir='ltr'><strong>ut</strong></span> <span class='ocrx_word' id='word_1_112' title='bbox 1798 1663 1974 1727; x_wconf 89' lang='lat' dir='ltr'><strong>aiunt,</strong></span> <span class='ocrx_word' id='word_1_113' title='bbox 2010 1665 2148 1719; x_wconf 73' lang='lat' dir='ltr'><strong>velis</strong></span> <span class='ocrx_word' id='word_1_114' title='bbox 2192 1664 2271 1720; x_wconf 87' lang='lat' dir='ltr'><strong>fe-</strong></span> 
     </span>
    </p>
   </div>
   <div class='ocr_carea' id='block_1_18' title="bbox 696 1750 1746 1822">
    <p class='ocr_par' dir='ltr' id='par_1_18' title="bbox 696 1750 1746 1822">
     <span class='ocr_line' id='line_1_18' title="bbox 696 1750 1746 1822; baseline 0.006 -20"><span class='ocrx_word' id='word_1_115' title='bbox 696 1758 848 1803; x_wconf 84' lang='lat' dir='ltr'><strong>retur</strong></span> <span class='ocrx_word' id='word_1_116' title='bbox 885 1750 953 1803; x_wconf 90' lang='lat' dir='ltr'><strong>ad</strong></span> <span class='ocrx_word' id='word_1_117' title='bbox 986 1767 1048 1805; x_wconf 90' lang='lat' dir='ltr'><strong>ea</strong></span> <span class='ocrx_word' id='word_1_118' title='bbox 1082 1752 1386 1822; x_wconf 82' lang='lat' dir='ltr'><strong>peragenda</strong></span> <span class='ocrx_word' id='word_1_119' title='bbox 1416 1769 1536 1821; x_wconf 83' lang='lat' dir='ltr'><strong>quae</strong></span> <span class='ocrx_word' id='word_1_120' title='bbox 1568 1755 1746 1808; x_wconf 88' lang='lat' dir='ltr'><strong>velit?</strong></span> 
     </span>
    </p>
   </div>
   <div class='ocr_carea' id='block_1_19' title="bbox 772 1837 2346 1916">
    <p class='ocr_par' dir='ltr' id='par_1_19' title="bbox 772 1837 2346 1916">
     <span class='ocr_line' id='line_1_19' title="bbox 772 1837 2346 1916; baseline 0.005 -19"><span class='ocrx_word' id='word_1_121' title='bbox 772 1840 929 1911; x_wconf 76' lang='lat'><strong>195</strong></span> <span class='ocrx_word' id='word_1_122' title='bbox 962 1842 1048 1907; x_wconf 86' lang='lat' dir='ltr'><strong>IV,</strong></span> <span class='ocrx_word' id='word_1_123' title='bbox 1090 1843 1178 1899; x_wconf 80' lang='grc'>50.</span> <span class='ocrx_word' id='word_1_124' title='bbox 1214 1843 1473 1898; x_wconf 66' lang='lat' dir='ltr'><strong>Exierunt</strong></span> <span class='ocrx_word' id='word_1_125' title='bbox 1502 1861 1623 1916; x_wconf 90' lang='lat' dir='ltr'><strong>ergo</strong></span> <span class='ocrx_word' id='word_1_126' title='bbox 1659 1846 1722 1900; x_wconf 87' lang='lat' dir='ltr'><strong>de</strong></span> <span class='ocrx_word' id='word_1_127' title='bbox 1751 1848 1984 1913; x_wconf 78' lang='lat' dir='ltr'><strong>civitate,</strong></span> <span class='ocrx_word' id='word_1_128' title='bbox 2015 1859 2065 1904; x_wconf 68' lang='lat' dir='ltr'><strong>et</strong></span> <span class='ocrx_word' id='word_1_129' title='bbox 2098 1853 2267 1906; x_wconf 86' lang='lat' dir='ltr'><strong>venie-</strong></span> <span class='ocrx_word' id='word_1_130' title='bbox 2300 1837 2346 1895; x_wconf 78' lang='grc' dir='ltr'><strong>Β</strong></span> 
     </span>
    </p>
   </div>
   <div class='ocr_carea' id='block_1_20' title="bbox 698 1932 1091 1991">
    <p class='ocr_par' dir='ltr' id='par_1_20' title="bbox 698 1932 1091 1991">
     <span class='ocr_line' id='line_1_20' title="bbox 698 1932 1091 1991; baseline 0.013 -7"><span class='ocrx_word' id='word_1_131' title='bbox 698 1932 824 1986; x_wconf 84' lang='lat' dir='ltr'><strong>bant</strong></span> <span class='ocrx_word' id='word_1_132' title='bbox 860 1936 928 1986; x_wconf 87' lang='lat' dir='ltr'><strong>ad</strong></span> <span class='ocrx_word' id='word_1_133' title='bbox 953 1952 1091 1991; x_wconf 76' lang='lat' dir='ltr'><strong>eunt.</strong></span> 
     </span>
    </p>
   </div>
   <div class='ocr_carea' id='block_1_21' title="bbox 763 2025 2274 2093">
    <p class='ocr_par' dir='ltr' id='par_1_21' title="bbox 763 2025 2274 2093">
     <span class='ocr_line' id='line_1_21' title="bbox 763 2025 2274 2093; baseline 0.007 -14"><span class='ocrx_word' id='word_1_134' title='bbox 763 2025 1079 2082; x_wconf 69' lang='lat' dir='ltr'><strong>Iudaeorum</strong></span> <span class='ocrx_word' id='word_1_135' title='bbox 1115 2030 1373 2087; x_wconf 86' lang='lat' dir='ltr'><strong>duritiem</strong></span> <span class='ocrx_word' id='word_1_136' title='bbox 1409 2034 1882 2092; x_wconf 87' lang='lat' dir='ltr'><strong>Samaritanorum</strong></span> <span class='ocrx_word' id='word_1_137' title='bbox 1913 2036 2150 2093; x_wconf 81' lang='lat' dir='ltr'><strong>facilitas</strong></span> <span class='ocrx_word' id='word_1_138' title='bbox 2180 2051 2274 2090; x_wconf 85' lang='lat' dir='ltr'><strong>ar-</strong></span> 
     </span>
    </p>
   </div>
   <div class='ocr_carea' id='block_1_22' title="bbox 695 2116 2274 2187">
    <p class='ocr_par' dir='ltr' id='par_1_22' title="bbox 695 2116 2274 2187">
     <span class='ocr_line' id='line_1_22' title="bbox 695 2116 2274 2187; baseline 0.012 -20"><span class='ocrx_word' id='word_1_139' title='bbox 695 2116 835 2185; x_wconf 80' lang='lat' dir='ltr'><strong>guit,</strong></span> <span class='ocrx_word' id='word_1_140' title='bbox 870 2127 924 2172; x_wconf 90' lang='lat' dir='ltr'><strong>et</strong></span> <span class='ocrx_word' id='word_1_141' title='bbox 956 2118 1175 2173; x_wconf 85' lang='lat' dir='ltr'><strong>illorum</strong></span> <span class='ocrx_word' id='word_1_142' title='bbox 1226 2125 1526 2181; x_wconf 87' lang='lat' dir='ltr'><strong>crudelitas</strong></span> <span class='ocrx_word' id='word_1_143' title='bbox 1578 2129 1630 2182; x_wconf 89' lang='lat' dir='ltr'><strong>in</strong></span> <span class='ocrx_word' id='word_1_144' title='bbox 1672 2129 1902 2184; x_wconf 90' lang='lat' dir='ltr'><strong>istorum</strong></span> <span class='ocrx_word' id='word_1_145' title='bbox 1937 2130 2274 2187; x_wconf 87' lang='lat' dir='ltr'><strong>humanitate</strong></span> 
     </span>
    </p>
   </div>
   <div class='ocr_carea' id='block_1_23' title="bbox 694 2209 2276 2279">
    <p class='ocr_par' dir='ltr' id='par_1_23' title="bbox 694 2209 2276 2279">
     <span class='ocr_line' id='line_1_23' title="bbox 694 2209 2276 2279; baseline 0.011 -16"><span class='ocrx_word' id='word_1_146' title='bbox 694 2209 898 2263; x_wconf 90' lang='lat' dir='ltr'><strong>elucet.</strong></span> <span class='ocrx_word' id='word_1_147' title='bbox 954 2210 1055 2267; x_wconf 85' lang='lat' dir='ltr'><strong>Hic</strong></span> <span class='ocrx_word' id='word_1_148' title='bbox 1107 2229 1326 2271; x_wconf 89' lang='lat' dir='ltr'><strong>rursum</strong></span> <span class='ocrx_word' id='word_1_149' title='bbox 1382 2218 1631 2274; x_wconf 85' lang='lat' dir='ltr'><strong>discendi</strong></span> <span class='ocrx_word' id='word_1_150' title='bbox 1680 2222 1967 2278; x_wconf 89' lang='lat' dir='ltr'><strong>studiosus</strong></span> <span class='ocrx_word' id='word_1_151' title='bbox 2022 2224 2276 2279; x_wconf 78' lang='lat' dir='ltr'><strong>observet</strong></span> 
     </span>
    </p>
   </div>
   <div class='ocr_carea' id='block_1_24' title="bbox 695 2302 2274 2382">
    <p class='ocr_par' dir='ltr' id='par_1_24' title="bbox 695 2302 2274 2382">
     <span class='ocr_line' id='line_1_24' title="bbox 695 2302 2274 2382; baseline 0.012 -32"><span class='ocrx_word' id='word_1_152' title='bbox 695 2308 898 2367; x_wconf 90' lang='lat' dir='ltr'><strong>quanta</strong></span> <span class='ocrx_word' id='word_1_153' title='bbox 925 2302 997 2356; x_wconf 93' lang='lat' dir='ltr'><strong>sit</strong></span> <span class='ocrx_word' id='word_1_154' title='bbox 1026 2302 1079 2356; x_wconf 93' lang='lat' dir='ltr'><strong>in</strong></span> <span class='ocrx_word' id='word_1_155' title='bbox 1111 2306 1356 2376; x_wconf 90' lang='lat' dir='ltr'><strong>utrisque</strong></span> <span class='ocrx_word' id='word_1_156' title='bbox 1381 2325 1591 2364; x_wconf 89' lang='lat' dir='ltr'><strong>morum</strong></span> <span class='ocrx_word' id='word_1_157' title='bbox 1618 2311 2016 2382; x_wconf 90' lang='lat' dir='ltr'><strong>discrepantia,</strong></span> <span class='ocrx_word' id='word_1_158' title='bbox 2043 2322 2105 2366; x_wconf 86' lang='lat' dir='ltr'><strong>ut</strong></span> <span class='ocrx_word' id='word_1_159' title='bbox 2126 2322 2274 2369; x_wconf 90' lang='lat' dir='ltr'><strong>certe</strong></span> 
     </span>
    </p>
   </div>
   <div class='ocr_carea' id='block_1_25' title="bbox 694 2390 2271 2461">
    <p class='ocr_par' dir='ltr' id='par_1_25' title="bbox 694 2390 2271 2461">
     <span class='ocr_line' id='line_1_25' title="bbox 694 2390 2271 2461; baseline 0.013 -20"><span class='ocrx_word' id='word_1_160' title='bbox 694 2391 808 2443; x_wconf 86' lang='lat' dir='ltr'><strong>non</strong></span> <span class='ocrx_word' id='word_1_161' title='bbox 845 2390 1120 2450; x_wconf 90' lang='lat' dir='ltr'><strong>immerito</strong></span> <span class='ocrx_word' id='word_1_162' title='bbox 1143 2397 1372 2453; x_wconf 88' lang='lat' dir='ltr'><strong>miretur</strong></span> <span class='ocrx_word' id='word_1_163' title='bbox 1399 2399 1585 2456; x_wconf 87' lang='lat' dir='ltr'><strong>Jesum</strong></span> <span class='ocrx_word' id='word_1_164' title='bbox 1614 2405 1960 2459; x_wconf 89' lang='lat' dir='ltr'><strong>recedentem</strong></span> <span class='ocrx_word' id='word_1_165' title='bbox 1996 2420 2025 2458; x_wconf 91' lang='lat' dir='ltr'><strong>a</strong></span> <span class='ocrx_word' id='word_1_166' title='bbox 2054 2405 2271 2461; x_wconf 75' lang='lat' dir='ltr'><strong>Judch-</strong></span> 
     </span>
    </p>
   </div>
   <div class='ocr_carea' id='block_1_26' title="bbox 694 2482 2271 2565">
    <p class='ocr_par' dir='ltr' id='par_1_26' title="bbox 694 2482 2271 2565">
     <span class='ocr_line' id='line_1_26' title="bbox 694 2482 2271 2565; baseline 0.01 -31"><span class='ocrx_word' id='word_1_167' title='bbox 694 2496 816 2534; x_wconf 88' lang='lat' dir='ltr'><strong>rum</strong></span> <span class='ocrx_word' id='word_1_168' title='bbox 846 2482 1156 2557; x_wconf 81' lang='lat' dir='ltr'><strong>Synagoga,</strong></span> <span class='ocrx_word' id='word_1_169' title='bbox 1203 2500 1257 2543; x_wconf 90' lang='lat' dir='ltr'><strong>et</strong></span> <span class='ocrx_word' id='word_1_170' title='bbox 1289 2491 1611 2562; x_wconf 79' lang='lat' dir='ltr'><strong>alienigenis</strong></span> <span class='ocrx_word' id='word_1_171' title='bbox 1651 2495 1893 2564; x_wconf 91' lang='lat' dir='ltr'><strong>seipsum</strong></span> <span class='ocrx_word' id='word_1_172' title='bbox 1927 2495 2271 2565; x_wconf 79' lang='lat' dir='ltr'><strong>largientem.</strong></span> 
     </span>
    </p>
   </div>
   <div class='ocr_carea' id='block_1_27' title="bbox 695 2568 2275 2649">
    <p class='ocr_par' dir='ltr' id='par_1_27' title="bbox 695 2568 2275 2649">
     <span class='ocr_line' id='line_1_27' title="bbox 695 2568 2275 2649; baseline 0.009 -26"><span class='ocrx_word' id='word_1_173' title='bbox 695 2568 855 2636; x_wconf 85' lang='lat' dir='ltr'><strong>Quod</strong></span> <span class='ocrx_word' id='word_1_174' title='bbox 905 2574 1049 2628; x_wconf 90' lang='lat' dir='ltr'><strong>enim</strong></span> <span class='ocrx_word' id='word_1_175' title='bbox 1102 2574 1307 2634; x_wconf 73' lang='lat' dir='ltr'><strong>Iudaeis</strong></span> <span class='ocrx_word' id='word_1_176' title='bbox 1355 2590 1627 2637; x_wconf 90' lang='lat' dir='ltr'><strong>venturus</strong></span> <span class='ocrx_word' id='word_1_177' title='bbox 1684 2592 1833 2639; x_wconf 91' lang='lat' dir='ltr'><strong>esset</strong></span> <span class='ocrx_word' id='word_1_178' title='bbox 1882 2584 2159 2649; x_wconf 86' lang='lat' dir='ltr'><strong>Christus,</strong></span> <span class='ocrx_word' id='word_1_179' title='bbox 2218 2593 2275 2639; x_wconf 87' lang='lat' dir='ltr'><strong>et</strong></span> 
     </span>
    </p>
   </div>
   <div class='ocr_carea' id='block_1_28' title="bbox 693 2664 2276 2738">
    <p class='ocr_par' dir='ltr' id='par_1_28' title="bbox 693 2664 2276 2738">
     <span class='ocr_line' id='line_1_28' title="bbox 693 2664 2276 2738; baseline 0.011 -24"><span class='ocrx_word' id='word_1_180' title='bbox 693 2677 835 2731; x_wconf 90' lang='lat' dir='ltr'><strong>quas</strong></span> <span class='ocrx_word' id='word_1_181' title='bbox 861 2664 932 2718; x_wconf 88' lang='lat' dir='ltr'><strong>ob</strong></span> <span class='ocrx_word' id='word_1_182' title='bbox 963 2680 1051 2720; x_wconf 86' lang='lat' dir='ltr'><strong>res</strong></span> <span class='ocrx_word' id='word_1_183' title='bbox 1084 2670 1436 2737; x_wconf 88' lang='lat' dir='ltr'><strong>appariturus</strong></span> <span class='ocrx_word' id='word_1_184' title='bbox 1473 2680 1643 2738; x_wconf 89' lang='lat' dir='ltr'><strong>esset,</strong></span> <span class='ocrx_word' id='word_1_185' title='bbox 1683 2674 1920 2729; x_wconf 84' lang='lat' dir='ltr'><strong>Mosaica</strong></span> <span class='ocrx_word' id='word_1_186' title='bbox 1945 2676 2032 2731; x_wconf 80' lang='lat' dir='ltr'><strong>lex</strong></span> <span class='ocrx_word' id='word_1_187' title='bbox 2065 2676 2276 2731; x_wconf 89' lang='lat' dir='ltr'><strong>denun-</strong></span> 
     </span>
    </p>
   </div>
   <div class='ocr_carea' id='block_1_29' title="bbox 693 2755 2272 2836">
    <p class='ocr_par' dir='ltr' id='par_1_29' title="bbox 693 2755 2272 2836">
     <span class='ocr_line' id='line_1_29' title="bbox 693 2755 2272 2836; baseline 0.009 -27"><span class='ocrx_word' id='word_1_188' title='bbox 693 2755 886 2823; x_wconf 89' lang='lat' dir='ltr'><strong>tiabat,</strong></span> <span class='ocrx_word' id='word_1_189' title='bbox 942 2767 995 2813; x_wconf 90' lang='lat' dir='ltr'><strong>et</strong></span> <span class='ocrx_word' id='word_1_190' title='bbox 1047 2762 1407 2829; x_wconf 75' lang='lat' dir='ltr'><strong>gravissimus</strong></span> <span class='ocrx_word' id='word_1_191' title='bbox 1473 2764 1567 2819; x_wconf 90' lang='lat' dir='ltr'><strong>ille</strong></span> <span class='ocrx_word' id='word_1_192' title='bbox 1624 2767 2015 2836; x_wconf 90' lang='lat' dir='ltr'><strong>prophetarum</strong></span> <span class='ocrx_word' id='word_1_193' title='bbox 2067 2768 2272 2825; x_wconf 85' lang='lat' dir='ltr'><strong>chorus</strong></span> 
     </span>
    </p>
   </div>
   <div class='ocr_carea' id='block_1_30' title="bbox 691 2849 2274 2926">
    <p class='ocr_par' dir='ltr' id='par_1_30' title="bbox 691 2849 2274 2926">
     <span class='ocr_line' id='line_1_30' title="bbox 691 2849 2274 2926; baseline 0.009 -25"><span class='ocrx_word' id='word_1_194' title='bbox 691 2849 1043 2917; x_wconf 65' lang='lat' dir='ltr'><strong>praedicabat,</strong></span> <span class='ocrx_word' id='word_1_195' title='bbox 1065 2859 1230 2923; x_wconf 90' lang='lat' dir='ltr'><strong>atque</strong></span> <span class='ocrx_word' id='word_1_196' title='bbox 1257 2854 1395 2924; x_wconf 91' lang='lat' dir='ltr'><strong>ipsis</strong></span> <span class='ocrx_word' id='word_1_197' title='bbox 1423 2858 1816 2926; x_wconf 88' lang='lat' dir='ltr'><strong>propemodum</strong></span> <span class='ocrx_word' id='word_1_198' title='bbox 1840 2856 2052 2912; x_wconf 89' lang='lat' dir='ltr'><strong>foribus</strong></span> <span class='ocrx_word' id='word_1_199' title='bbox 2078 2859 2274 2915; x_wconf 88' lang='lat' dir='ltr'><strong>adesse</strong></span> 
     </span>
    </p>
   </div>
   <div class='ocr_carea' id='block_1_31' title="bbox 691 2938 2275 3015">
    <p class='ocr_par' dir='ltr' id='par_1_31' title="bbox 691 2938 2275 3015">
     <span class='ocr_line' id='line_1_31' title="bbox 691 2938 2275 3015; baseline 0.01 -23"><span class='ocrx_word' id='word_1_200' title='bbox 691 2938 1128 3009; x_wconf 87' lang='lat' dir='ltr'><strong>demonstrabat,</strong></span> <span class='ocrx_word' id='word_1_201' title='bbox 1159 2946 1389 3002; x_wconf 88' lang='lat' dir='ltr'><strong>dicens:</strong></span> <span class='ocrx_word' id='word_1_202' title='bbox 1430 2966 1448 3000; x_wconf 83' lang='grc' dir='ltr'><strong>ι</strong></span> <span class='ocrx_word' id='word_1_203' title='bbox 1500 2948 1641 3004; x_wconf 87' lang='lat' dir='ltr'><strong>Ecce</strong></span> <span class='ocrx_word' id='word_1_204' title='bbox 1692 2949 1839 3006; x_wconf 88' lang='lat' dir='ltr'><strong>Deus</strong></span> <span class='ocrx_word' id='word_1_205' title='bbox 1884 2960 2097 3015; x_wconf 87' lang='lat' dir='ltr'><strong>noster,</strong></span> <span class='ocrx_word' id='word_1_206' title='bbox 2145 2968 2275 3008; x_wconf 86' lang='lat' dir='ltr'><strong>ecce</strong></span> 
     </span>
    </p>
   </div>
   <div class='ocr_carea' id='block_1_32' title="bbox 692 3026 2274 3111">
    <p class='ocr_par' dir='ltr' id='par_1_32' title="bbox 692 3026 2274 3111">
     <span class='ocr_line' id='line_1_32' title="bbox 692 3026 2274 3111; baseline 0.011 -31"><span class='ocrx_word' id='word_1_207' title='bbox 692 3026 959 3086; x_wconf 87' lang='lat' dir='ltr'><strong>Dominus</strong></span> <span class='ocrx_word' id='word_1_208' title='bbox 987 3034 1029 3088; x_wconf 82' lang='grc'>⁸.</span> <span class='ocrx_word' id='word_1_209' title='bbox 1071 3053 1089 3086; x_wconf 74' lang='grc' dir='ltr'><strong>ι</strong></span> <span class='ocrx_word' id='word_1_210' title='bbox 1134 3034 1200 3088; x_wconf 84' lang='grc' dir='ltr'>Ει</span> <span class='ocrx_word' id='word_1_211' title='bbox 1243 3048 1552 3105; x_wconf 89' lang='lat' dir='ltr'><strong>postremus</strong></span> <span class='ocrx_word' id='word_1_212' title='bbox 1600 3041 1848 3094; x_wconf 92' lang='lat' dir='ltr'><strong>omnium</strong></span> <span class='ocrx_word' id='word_1_213' title='bbox 1904 3056 2134 3111; x_wconf 82' lang='lat' dir='ltr'><strong>magnus</strong></span> <span class='ocrx_word' id='word_1_214' title='bbox 2181 3043 2274 3097; x_wconf 89' lang='lat' dir='ltr'><strong>ille</strong></span> 
     </span>
    </p>
   </div>
   <div class='ocr_carea' id='block_1_33' title="bbox 693 3117 2274 3202">
    <p class='ocr_par' dir='ltr' id='par_1_33' title="bbox 693 3117 2274 3202">
     <span class='ocr_line' id='line_1_33' title="bbox 693 3117 2274 3202; baseline 0.011 -30"><span class='ocrx_word' id='word_1_215' title='bbox 693 3117 839 3174; x_wconf 90' lang='lat' dir='ltr'><strong>inter</strong></span> <span class='ocrx_word' id='word_1_216' title='bbox 874 3130 1035 3175; x_wconf 87' lang='lat' dir='ltr'><strong>natos</strong></span> <span class='ocrx_word' id='word_1_217' title='bbox 1070 3126 1361 3180; x_wconf 88' lang='lat' dir='ltr'><strong>mulierum</strong></span> <span class='ocrx_word' id='word_1_218' title='bbox 1392 3127 1655 3192; x_wconf 83' lang='lat' dir='ltr'><strong>Joannes,</strong></span> <span class='ocrx_word' id='word_1_219' title='bbox 1693 3141 2015 3201; x_wconf 72' lang='lat' dir='ltr'><strong>prresentem</strong></span> <span class='ocrx_word' id='word_1_220' title='bbox 2048 3134 2159 3202; x_wconf 91' lang='lat' dir='ltr'><strong>jam</strong></span> <span class='ocrx_word' id='word_1_221' title='bbox 2220 3144 2274 3189; x_wconf 90' lang='lat' dir='ltr'><strong>et</strong></span> 
     </span>
    </p>
   </div>
   <div class='ocr_carea' id='block_1_34' title="bbox 692 3216 2273 3295">
    <p class='ocr_par' dir='ltr' id='par_1_34' title="bbox 692 3216 2273 3295">
     <span class='ocr_line' id='line_1_34' title="bbox 692 3216 2273 3295; baseline 0.01 -32"><span class='ocrx_word' id='word_1_222' title='bbox 692 3222 1111 3268; x_wconf 88' lang='lat' dir='ltr'><strong>conversantem</strong></span> <span class='ocrx_word' id='word_1_223' title='bbox 1153 3216 1519 3279; x_wconf 89' lang='lat' dir='ltr'><strong>monstrabat,</strong></span> <span class='ocrx_word' id='word_1_224' title='bbox 1552 3218 1741 3274; x_wconf 88' lang='lat' dir='ltr'><strong>dicens</strong></span> <span class='ocrx_word' id='word_1_225' title='bbox 1775 3240 1789 3273; x_wconf 89' lang='lat'><strong><em>:</em></strong></span> <span class='ocrx_word' id='word_1_226' title='bbox 1830 3240 1849 3271; x_wconf 73' lang='grc' dir='ltr'><strong>ι</strong></span> <span class='ocrx_word' id='word_1_227' title='bbox 1897 3221 2036 3278; x_wconf 86' lang='lat' dir='ltr'><strong>Ecce</strong></span> <span class='ocrx_word' id='word_1_228' title='bbox 2085 3227 2273 3295; x_wconf 80' lang='lat' dir='ltr'><strong>Agntts</strong></span> 
     </span>
    </p>
   </div>
   <div class='ocr_carea' id='block_1_35' title="bbox 693 3302 2274 3382">
    <p class='ocr_par' dir='ltr' id='par_1_35' title="bbox 693 3302 2274 3382">
     <span class='ocr_line' id='line_1_35' title="bbox 693 3302 2274 3382; baseline 0.009 -27"><span class='ocrx_word' id='word_1_229' title='bbox 693 3302 809 3367; x_wconf 89' lang='lat' dir='ltr'><strong>Dei,</strong></span> <span class='ocrx_word' id='word_1_230' title='bbox 853 3304 944 3373; x_wconf 88' lang='lat' dir='ltr'><strong>qui</strong></span> <span class='ocrx_word' id='word_1_231' title='bbox 982 3306 1122 3360; x_wconf 89' lang='lat' dir='ltr'><strong>tollit</strong></span> <span class='ocrx_word' id='word_1_232' title='bbox 1164 3317 1444 3376; x_wconf 88' lang='lat' dir='ltr'><strong>peccatum</strong></span> <span class='ocrx_word' id='word_1_233' title='bbox 1487 3310 1677 3363; x_wconf 86' lang='lat' dir='ltr'><strong>mundi</strong></span> <span class='ocrx_word' id='word_1_234' title='bbox 1707 3310 1752 3365; x_wconf 81' lang='lat'><strong>’.</strong></span> <span class='ocrx_word' id='word_1_235' title='bbox 1797 3329 1815 3362; x_wconf 74' lang='grc' dir='ltr'><strong>ι</strong></span> <span class='ocrx_word' id='word_1_236' title='bbox 1860 3310 1921 3365; x_wconf 79' lang='lat' dir='ltr'><strong>Et</strong></span> <span class='ocrx_word' id='word_1_237' title='bbox 1965 3313 2110 3382; x_wconf 90' lang='lat' dir='ltr'><strong>quod</strong></span> <span class='ocrx_word' id='word_1_238' title='bbox 2151 3331 2274 3369; x_wconf 91' lang='lat' dir='ltr'><strong>om-</strong></span> 
     </span>
    </p>
   </div>
   <div class='ocr_carea' id='block_1_36' title="bbox 690 3396 2271 3472">
    <p class='ocr_par' dir='ltr' id='par_1_36' title="bbox 690 3396 2271 3472">
     <span class='ocr_line' id='line_1_36' title="bbox 690 3396 2271 3472; baseline 0.009 -25"><span class='ocrx_word' id='word_1_239' title='bbox 690 3409 816 3448; x_wconf 90' lang='lat' dir='ltr'><strong>nem</strong></span> <span class='ocrx_word' id='word_1_240' title='bbox 856 3396 1279 3451; x_wconf 87' lang='lat' dir='ltr'><strong>admirationem</strong></span> <span class='ocrx_word' id='word_1_241' title='bbox 1326 3407 1573 3468; x_wconf 88' lang='lat' dir='ltr'><strong>superat,</strong></span> <span class='ocrx_word' id='word_1_242' title='bbox 1615 3400 1911 3455; x_wconf 91' lang='lat' dir='ltr'><strong>multorum</strong></span> <span class='ocrx_word' id='word_1_243' title='bbox 1953 3417 2180 3472; x_wconf 90' lang='lat' dir='ltr'><strong>operum</strong></span> <span class='ocrx_word' id='word_1_244' title='bbox 2220 3405 2271 3462; x_wconf 75' lang='lat' dir='ltr'><strong>vi</strong></span> 
     </span>
    </p>
   </div>
   <div class='ocr_carea' id='block_1_37' title="bbox 691 3488 2269 3560">
    <p class='ocr_par' dir='ltr' id='par_1_37' title="bbox 691 3488 2269 3560">
     <span class='ocr_line' id='line_1_37' title="bbox 691 3488 2269 3560; baseline 0.009 -22"><span class='ocrx_word' id='word_1_245' title='bbox 691 3500 758 3539; x_wconf 86' lang='lat' dir='ltr'><strong>ac</strong></span> <span class='ocrx_word' id='word_1_246' title='bbox 809 3495 1080 3556; x_wconf 88' lang='lat' dir='ltr'><strong>potestate</strong></span> <span class='ocrx_word' id='word_1_247' title='bbox 1129 3488 1315 3543; x_wconf 82' lang='lat' dir='ltr'><strong>divina</strong></span> <span class='ocrx_word' id='word_1_248' title='bbox 1376 3492 1618 3560; x_wconf 89' lang='lat' dir='ltr'><strong>seipsum</strong></span> <span class='ocrx_word' id='word_1_249' title='bbox 1673 3491 1924 3547; x_wconf 77' lang='lat' dir='ltr'><strong>Salvator</strong></span> <span class='ocrx_word' id='word_1_250' title='bbox 1970 3497 2269 3551; x_wconf 88' lang='lat' dir='ltr'><strong>revelabat.</strong></span> 
     </span>
    </p>
   </div>
   <div class='ocr_carea' id='block_1_38' title="bbox 691 3580 2270 3660">
    <p class='ocr_par' dir='ltr' id='par_1_38' title="bbox 691 3580 2270 3660">
     <span class='ocr_line' id='line_1_38' title="bbox 691 3580 2270 3660; baseline 0.009 -28"><span class='ocrx_word' id='word_1_251' title='bbox 691 3580 833 3648; x_wconf 84' lang='lat' dir='ltr'><strong>Quid</strong></span> <span class='ocrx_word' id='word_1_252' title='bbox 864 3582 1027 3653; x_wconf 75' lang='lat' dir='ltr'><strong>igitur</strong></span> <span class='ocrx_word' id='word_1_253' title='bbox 1063 3583 1141 3636; x_wconf 94' lang='lat' dir='ltr'><strong>illi</strong></span> <span class='ocrx_word' id='word_1_254' title='bbox 1176 3582 1242 3637; x_wconf 93' lang='lat' dir='ltr'><strong>ad</strong></span> <span class='ocrx_word' id='word_1_255' title='bbox 1286 3582 1495 3638; x_wconf 89' lang='lat' dir='ltr'><strong>nefaria</strong></span> <span class='ocrx_word' id='word_1_256' title='bbox 1531 3587 1763 3642; x_wconf 90' lang='lat' dir='ltr'><strong>consilia</strong></span> <span class='ocrx_word' id='word_1_257' title='bbox 1800 3590 2110 3660; x_wconf 73' lang='lat' dir='ltr'><strong>praecipites</strong></span> <span class='ocrx_word' id='word_1_258' title='bbox 2152 3607 2270 3645; x_wconf 85' lang='lat' dir='ltr'><strong>ma-</strong></span> 
     </span>
    </p>
   </div>
   <div class='ocr_carea' id='block_1_39' title="bbox 692 3672 2271 3749">
    <p class='ocr_par' dir='ltr' id='par_1_39' title="bbox 692 3672 2271 3749">
     <span class='ocr_line' id='line_1_39' title="bbox 692 3672 2271 3749; baseline 0.008 -24"><span class='ocrx_word' id='word_1_259' title='bbox 692 3672 1028 3727; x_wconf 83' lang='lat' dir='ltr'><strong>chinantur?</strong></span> <span class='ocrx_word' id='word_1_260' title='bbox 1050 3672 1276 3728; x_wconf 81' lang='lat' dir='ltr'><strong>Mortem</strong></span> <span class='ocrx_word' id='word_1_261' title='bbox 1306 3675 1427 3743; x_wconf 85' lang='lat' dir='ltr'><strong>ejus</strong></span> <span class='ocrx_word' id='word_1_262' title='bbox 1456 3676 1660 3746; x_wconf 87' lang='lat' dir='ltr'><strong>injuste</strong></span> <span class='ocrx_word' id='word_1_263' title='bbox 1684 3690 1967 3749; x_wconf 86' lang='lat' dir='ltr'><strong>appetunt,</strong></span> <span class='ocrx_word' id='word_1_264' title='bbox 1996 3682 2271 3738; x_wconf 88' lang='lat' dir='ltr'><strong>insidian-</strong></span> 
     </span>
    </p>
   </div>
   <div class='ocr_carea' id='block_1_40' title="bbox 692 3763 2273 3838">
    <p class='ocr_par' dir='ltr' id='par_1_40' title="bbox 692 3763 2273 3838">
     <span class='ocr_line' id='line_1_40' title="bbox 692 3763 2273 3838; baseline 0.01 -23"><span class='ocrx_word' id='word_1_265' title='bbox 692 3770 786 3817; x_wconf 89' lang='lat' dir='ltr'><strong>tur</strong></span> <span class='ocrx_word' id='word_1_266' title='bbox 819 3763 1006 3834; x_wconf 89' lang='lat' dir='ltr'><strong>impie,</strong></span> <span class='ocrx_word' id='word_1_267' title='bbox 1054 3766 1255 3820; x_wconf 76' lang='lat' dir='ltr'><strong>caedem</strong></span> <span class='ocrx_word' id='word_1_268' title='bbox 1314 3768 1613 3824; x_wconf 89' lang='lat' dir='ltr'><strong>crudeliter</strong></span> <span class='ocrx_word' id='word_1_269' title='bbox 1650 3771 2061 3838; x_wconf 89' lang='lat' dir='ltr'><strong>machinantur,</strong></span> <span class='ocrx_word' id='word_1_270' title='bbox 2106 3782 2161 3828; x_wconf 91' lang='lat' dir='ltr'><strong>et</strong></span> <span class='ocrx_word' id='word_1_271' title='bbox 2204 3774 2273 3831; x_wconf 87' lang='lat' dir='ltr'><strong>de</strong></span> 
     </span>
    </p>
   </div>
   <div class='ocr_carea' id='block_1_41' title="bbox 694 3856 2271 3929">
    <p class='ocr_par' dir='ltr' id='par_1_41' title="bbox 694 3856 2271 3929">
     <span class='ocr_line' id='line_1_41' title="bbox 694 3856 2271 3929; baseline 0.008 -21"><span class='ocrx_word' id='word_1_272' title='bbox 694 3864 842 3909; x_wconf 90' lang='lat' dir='ltr'><strong>terra</strong></span> <span class='ocrx_word' id='word_1_273' title='bbox 873 3870 938 3911; x_wconf 92' lang='lat' dir='ltr'><strong>ac</strong></span> <span class='ocrx_word' id='word_1_274' title='bbox 968 3856 1192 3911; x_wconf 87' lang='lat' dir='ltr'><strong>civitate</strong></span> <span class='ocrx_word' id='word_1_275' title='bbox 1226 3873 1325 3914; x_wconf 89' lang='lat' dir='ltr'><strong>sua</strong></span> <span class='ocrx_word' id='word_1_276' title='bbox 1365 3860 1596 3929; x_wconf 87' lang='lat' dir='ltr'><strong>ejiciunt</strong></span> <span class='ocrx_word' id='word_1_277' title='bbox 1637 3863 1827 3929; x_wconf 88' lang='lat' dir='ltr'><strong>vitam,</strong></span> <span class='ocrx_word' id='word_1_278' title='bbox 1870 3864 2074 3929; x_wconf 87' lang='lat' dir='ltr'><strong>lumen,</strong></span> <span class='ocrx_word' id='word_1_279' title='bbox 2124 3866 2271 3920; x_wconf 88' lang='lat' dir='ltr'><strong>illam</strong></span> 
     </span>
    </p>
   </div>
   <div class='ocr_carea' id='block_1_42' title="bbox 693 3946 2273 4023">
    <p class='ocr_par' dir='ltr' id='par_1_42' title="bbox 693 3946 2273 4023">
     <span class='ocr_line' id='line_1_42' title="bbox 693 3946 2273 4023; baseline 0.006 -20"><span class='ocrx_word' id='word_1_280' title='bbox 693 3946 941 4003; x_wconf 84' lang='lat' dir='ltr'><strong>omnium</strong></span> <span class='ocrx_word' id='word_1_281' title='bbox 991 3949 1245 4015; x_wconf 91' lang='lat' dir='ltr'><strong>salutem,</strong></span> <span class='ocrx_word' id='word_1_282' title='bbox 1280 3952 1427 4007; x_wconf 88' lang='lat' dir='ltr'><strong>viam</strong></span> <span class='ocrx_word' id='word_1_283' title='bbox 1481 3953 1657 4023; x_wconf 80' lang='lat' dir='ltr'><strong>regni,</strong></span> <span class='ocrx_word' id='word_1_284' title='bbox 1706 3963 1761 4009; x_wconf 93' lang='lat' dir='ltr'><strong>et</strong></span> <span class='ocrx_word' id='word_1_285' title='bbox 1789 3962 2137 4023; x_wconf 86' lang='lat' dir='ltr'><strong>peccatorum</strong></span> <span class='ocrx_word' id='word_1_286' title='bbox 2185 3973 2273 4013; x_wconf 90' lang='lat' dir='ltr'><strong>re-</strong></span> 
     </span>
    </p>
   </div>
   <div class='ocr_carea' id='block_1_43' title="bbox 693 4039 2274 4120">
    <p class='ocr_par' dir='ltr' id='par_1_43' title="bbox 693 4039 2274 4120">
     <span class='ocr_line' id='line_1_43' title="bbox 693 4039 2274 4120; baseline 0.007 -27"><span class='ocrx_word' id='word_1_287' title='bbox 693 4039 1038 4104; x_wconf 87' lang='lat' dir='ltr'><strong>missionem,</strong></span> <span class='ocrx_word' id='word_1_288' title='bbox 1081 4049 1247 4112; x_wconf 90' lang='lat' dir='ltr'><strong>atque</strong></span> <span class='ocrx_word' id='word_1_289' title='bbox 1291 4044 1603 4115; x_wconf 90' lang='lat' dir='ltr'><strong>adoptionis</strong></span> <span class='ocrx_word' id='word_1_290' title='bbox 1646 4045 1702 4099; x_wconf 92' lang='lat' dir='ltr'><strong>in</strong></span> <span class='ocrx_word' id='word_1_291' title='bbox 1741 4044 1833 4101; x_wconf 86' lang='lat' dir='ltr'><strong>Dei</strong></span> <span class='ocrx_word' id='word_1_292' title='bbox 1880 4048 2019 4103; x_wconf 83' lang='lat' dir='ltr'><strong>filios</strong></span> <span class='ocrx_word' id='word_1_293' title='bbox 2049 4048 2274 4120; x_wconf 83' lang='lat' dir='ltr'><strong>largito-</strong></span> 
     </span>
    </p>
   </div>
   <div class='ocr_carea' id='block_1_44' title="bbox 692 4129 2272 4203">
    <p class='ocr_par' dir='ltr' id='par_1_44' title="bbox 692 4129 2272 4203">
     <span class='ocr_line' id='line_1_44' title="bbox 692 4129 2272 4203; baseline 0.006 -19"><span class='ocrx_word' id='word_1_294' title='bbox 692 4143 828 4184; x_wconf 88' lang='lat' dir='ltr'><strong>rem.</strong></span> <span class='ocrx_word' id='word_1_295' title='bbox 885 4129 1154 4196; x_wconf 81' lang='lat' dir='ltr'><strong>Quocirca</strong></span> <span class='ocrx_word' id='word_1_296' title='bbox 1208 4132 1456 4187; x_wconf 81' lang='lat' dir='ltr'><strong>Salvator</strong></span> <span class='ocrx_word' id='word_1_297' title='bbox 1509 4135 1633 4203; x_wconf 88' lang='lat' dir='ltr'><strong>jure</strong></span> <span class='ocrx_word' id='word_1_298' title='bbox 1684 4136 1944 4193; x_wconf 89' lang='lat' dir='ltr'><strong>dicebat:</strong></span> <span class='ocrx_word' id='word_1_299' title='bbox 1989 4157 2007 4189; x_wconf 74' lang='grc' dir='ltr'><strong>ι</strong></span> <span class='ocrx_word' id='word_1_300' title='bbox 2047 4137 2272 4196; x_wconf 82' lang='lat' dir='ltr'><strong>Jerusa-</strong></span> 
     </span>
    </p>
   </div>
   <div class='ocr_carea' id='block_1_45' title="bbox 692 4220 2271 4302">
    <p class='ocr_par' dir='ltr' id='par_1_45' title="bbox 692 4220 2271 4302">
     <span class='ocr_line' id='line_1_45' title="bbox 692 4220 2271 4302; baseline 0.007 -25"><span class='ocrx_word' id='word_1_301' title='bbox 692 4220 821 4286; x_wconf 87' lang='lat' dir='ltr'><strong>lem,</strong></span> <span class='ocrx_word' id='word_1_302' title='bbox 857 4220 1180 4291; x_wconf 79' lang='lat' dir='ltr'><strong>Jerusalem,</strong></span> <span class='ocrx_word' id='word_1_303' title='bbox 1215 4241 1337 4295; x_wconf 69' lang='lat' dir='ltr'><strong>qua:</strong></span> <span class='ocrx_word' id='word_1_304' title='bbox 1364 4225 1574 4281; x_wconf 90' lang='lat' dir='ltr'><strong>occidis</strong></span> <span class='ocrx_word' id='word_1_305' title='bbox 1608 4228 1926 4297; x_wconf 87' lang='lat' dir='ltr'><strong>prophetas,</strong></span> <span class='ocrx_word' id='word_1_306' title='bbox 1960 4238 2018 4285; x_wconf 91' lang='lat' dir='ltr'><strong>et</strong></span> <span class='ocrx_word' id='word_1_307' title='bbox 2062 4233 2271 4302; x_wconf 82' lang='lat' dir='ltr'><strong>lapidas</strong></span> 
     </span>
    </p>
   </div>
   <div class='ocr_carea' id='block_1_46' title="bbox 691 4310 2271 4393">
    <p class='ocr_par' dir='ltr' id='par_1_46' title="bbox 691 4310 2271 4393">
     <span class='ocr_line' id='line_1_46' title="bbox 691 4310 2271 4393; baseline 0.008 -28"><span class='ocrx_word' id='word_1_308' title='bbox 691 4324 788 4365; x_wconf 87' lang='lat' dir='ltr'><strong>ens</strong></span> <span class='ocrx_word' id='word_1_309' title='bbox 821 4310 912 4379; x_wconf 89' lang='lat' dir='ltr'><strong>qui</strong></span> <span class='ocrx_word' id='word_1_310' title='bbox 941 4310 1010 4365; x_wconf 89' lang='lat' dir='ltr'><strong>ad</strong></span> <span class='ocrx_word' id='word_1_311' title='bbox 1042 4319 1093 4367; x_wconf 92' lang='lat' dir='ltr'><strong>te</strong></span> <span class='ocrx_word' id='word_1_312' title='bbox 1132 4313 1285 4370; x_wconf 86' lang='lat' dir='ltr'><strong>missi</strong></span> <span class='ocrx_word' id='word_1_313' title='bbox 1312 4323 1477 4370; x_wconf 90' lang='lat' dir='ltr'><strong>sunt:</strong></span> <span class='ocrx_word' id='word_1_314' title='bbox 1512 4317 1730 4386; x_wconf 86' lang='lat' dir='ltr'><strong>quoties</strong></span> <span class='ocrx_word' id='word_1_315' title='bbox 1761 4319 1908 4372; x_wconf 86' lang='lat' dir='ltr'><strong>volui</strong></span> <span class='ocrx_word' id='word_1_316' title='bbox 1935 4335 2271 4393; x_wconf 74' lang='lat' dir='ltr'><strong>congregare</strong></span> 
     </span>
    </p>
   </div>
   <div class='ocr_carea' id='block_1_47' title="bbox 693 4400 2268 4483">
    <p class='ocr_par' dir='ltr' id='par_1_47' title="bbox 693 4400 2268 4483">
     <span class='ocr_line' id='line_1_47' title="bbox 693 4400 2268 4483; baseline 0.011 -29"><span class='ocrx_word' id='word_1_317' title='bbox 693 4400 835 4457; x_wconf 88' lang='lat' dir='ltr'><strong>ﬁlios</strong></span> <span class='ocrx_word' id='word_1_318' title='bbox 864 4409 1012 4469; x_wconf 89' lang='lat' dir='ltr'><strong>tuos,</strong></span> <span class='ocrx_word' id='word_1_319' title='bbox 1057 4406 1333 4473; x_wconf 85' lang='lat' dir='ltr'><strong>quomodo</strong></span> <span class='ocrx_word' id='word_1_320' title='bbox 1371 4407 1575 4477; x_wconf 82' lang='lat' dir='ltr'><strong>gallina</strong></span> <span class='ocrx_word' id='word_1_321' title='bbox 1602 4420 1900 4481; x_wconf 78' lang='lat' dir='ltr'><strong>congregat</strong></span> <span class='ocrx_word' id='word_1_322' title='bbox 1934 4413 2111 4483; x_wconf 93' lang='lat' dir='ltr'><strong>pullos</strong></span> <span class='ocrx_word' id='word_1_323' title='bbox 2138 4431 2268 4471; x_wconf 88' lang='lat' dir='ltr'><strong>suos</strong></span> 
     </span>
    </p>
   </div>
   <div class='ocr_carea' id='block_1_48' title="bbox 2372 556 3894 630">
    <p class='ocr_par' dir='ltr' id='par_1_48' title="bbox 2372 556 3894 630">
     <span class='ocr_line' id='line_1_48' title="bbox 2372 556 3894 630; baseline 0.003 -23"><span class='ocrx_word' id='word_1_324' title='bbox 2372 556 2531 619; x_wconf 78' lang='grc' dir='ltr'>εὐθὺς</span> <span class='ocrx_word' id='word_1_325' title='bbox 2569 556 2858 626; x_wconf 80' lang='grc' dir='ltr'><strong>εὑρηκέναι</strong></span> <span class='ocrx_word' id='word_1_326' title='bbox 2890 556 3024 625; x_wconf 78' lang='grc' dir='ltr'>φησὶ</span> <span class='ocrx_word' id='word_1_327' title='bbox 3060 556 3150 609; x_wconf 81' lang='grc' dir='ltr'><strong>τὸν</strong></span> <span class='ocrx_word' id='word_1_328' title='bbox 3190 557 3442 627; x_wconf 84' lang='grc' dir='ltr'>Χριστὸν,</span> <span class='ocrx_word' id='word_1_329' title='bbox 3469 556 3589 610; x_wconf 77' lang='grc' dir='ltr'>οὐδὲ</span> <span class='ocrx_word' id='word_1_330' title='bbox 3618 558 3675 611; x_wconf 80' lang='grc' dir='ltr'>ὲν</span> <span class='ocrx_word' id='word_1_331' title='bbox 3700 561 3894 630; x_wconf 74' lang='grc' dir='ltr'>πρώτοις</span> 
     </span>
    </p>
   </div>
   <div class='ocr_carea' id='block_1_49' title="bbox 2371 647 3894 721">
    <p class='ocr_par' dir='ltr' id='par_1_49' title="bbox 2371 647 3894 721">
     <span class='ocr_line' id='line_1_49' title="bbox 2371 647 3894 721; baseline 0.007 -22"><span class='ocrx_word' id='word_1_332' title='bbox 2371 647 2572 716; x_wconf 81' lang='grc' dir='ltr'>ἑαυτῆς</span> <span class='ocrx_word' id='word_1_333' title='bbox 2596 647 2838 718; x_wconf 76' lang='grc' dir='ltr'><strong>εἰσφέρει</strong></span> <span class='ocrx_word' id='word_1_334' title='bbox 2867 648 3117 719; x_wconf 79' lang='grc' dir='ltr'>διήγησιν</span> <span class='ocrx_word' id='word_1_335' title='bbox 3138 648 3229 701; x_wconf 82' lang='grc' dir='ltr'><strong>τὸν</strong></span> <span class='ocrx_word' id='word_1_336' title='bbox 3274 648 3479 717; x_wconf 80' lang='grc' dir='ltr'><strong>Ἰησοῦν</strong></span> <span class='ocrx_word' id='word_1_337' title='bbox 3510 665 3525 679; x_wconf 75' lang='grc' dir='ltr'><strong><em>ο</em></strong></span> <span class='ocrx_word' id='word_1_338' title='bbox 3557 650 3590 719; x_wconf 80' lang='grc' dir='ltr'>ἢ</span> <span class='ocrx_word' id='word_1_339' title='bbox 3614 650 3716 721; x_wconf 86' lang='grc' dir='ltr'><strong>γάρ</strong></span> <span class='ocrx_word' id='word_1_340' title='bbox 3740 652 3797 705; x_wconf 85' lang='grc' dir='ltr'><strong>ἂν</strong></span> <span class='ocrx_word' id='word_1_341' title='bbox 3822 660 3894 711; x_wconf 76' lang='grc' dir='ltr'><strong>καὶ</strong></span> 
     </span>
    </p>
   </div>
   <div class='ocr_carea' id='block_1_50' title="bbox 2370 739 3894 819">
    <p class='ocr_par' dir='ltr' id='par_1_50' title="bbox 2370 739 3894 819">
     <span class='ocr_line' id='line_1_50' title="bbox 2370 739 3894 819; baseline 0.004 -26"><span class='ocrx_word' id='word_1_342' title='bbox 2370 739 2663 810; x_wconf 87' lang='grc' dir='ltr'>διεπτύσθη</span> <span class='ocrx_word' id='word_1_343' title='bbox 2689 739 2934 802; x_wconf 88' lang='grc' dir='ltr'>δικαίως,</span> <span class='ocrx_word' id='word_1_344' title='bbox 2958 740 3034 803; x_wconf 85' lang='grc' dir='ltr'><strong>ὡς</strong></span> <span class='ocrx_word' id='word_1_345' title='bbox 3059 740 3194 793; x_wconf 82' lang='grc' dir='ltr'>πολὺ</span> <span class='ocrx_word' id='word_1_346' title='bbox 3230 740 3327 810; x_wconf 77' lang='grc' dir='ltr'>μὲν</span> <span class='ocrx_word' id='word_1_347' title='bbox 3352 740 3413 793; x_wconf 87' lang='grc' dir='ltr'><strong>τὸ</strong></span> <span class='ocrx_word' id='word_1_348' title='bbox 3446 742 3642 812; x_wconf 84' lang='grc' dir='ltr'><strong>μέτρον</strong></span> <span class='ocrx_word' id='word_1_349' title='bbox 3669 742 3767 795; x_wconf 88' lang='grc' dir='ltr'><strong>τῶν</strong></span> <span class='ocrx_word' id='word_1_350' title='bbox 3786 747 3894 819; x_wconf 71' lang='grc' dir='ltr'>αὐτῇ</span> 
     </span>
    </p>
   </div>
   <div class='ocr_carea' id='block_1_51' title="bbox 2371 832 3896 903">
    <p class='ocr_par' dir='ltr' id='par_1_51' title="bbox 2371 832 3896 903">
     <span class='ocr_line' id='line_1_51' title="bbox 2371 832 3896 903; baseline 0.005 -19"><span class='ocrx_word' id='word_1_351' title='bbox 2371 833 2688 903; x_wconf 77' lang='grc' dir='ltr'><strong>πρεπόντων</strong></span> <span class='ocrx_word' id='word_1_352' title='bbox 2716 832 3079 887; x_wconf 77' lang='grc' dir='ltr'>ἀναϐαίνουσα</span> <span class='ocrx_word' id='word_1_353' title='bbox 3119 833 3311 901; x_wconf 86' lang='grc' dir='ltr'>λόγων,</span> <span class='ocrx_word' id='word_1_354' title='bbox 3342 834 3443 886; x_wconf 81' lang='grc' dir='ltr'><strong>οὐκ</strong></span> <span class='ocrx_word' id='word_1_355' title='bbox 3476 835 3717 902; x_wconf 82' lang='grc' dir='ltr'>ἀγνῶτας</span> <span class='ocrx_word' id='word_1_356' title='bbox 3739 836 3789 889; x_wconf 78' lang='grc' dir='ltr'>δὲ</span> <span class='ocrx_word' id='word_1_357' title='bbox 3813 840 3896 891; x_wconf 86' lang='grc' dir='ltr'><strong>τῶν</strong></span> 
     </span>
    </p>
   </div>
   <div class='ocr_carea' id='block_1_52' title="bbox 2371 925 3896 999">
    <p class='ocr_par' dir='ltr' id='par_1_52' title="bbox 2371 925 3896 999">
     <span class='ocr_line' id='line_1_52' title="bbox 2371 925 3896 999; baseline 0.003 -22"><span class='ocrx_word' id='word_1_358' title='bbox 2371 926 2541 993; x_wconf 83' lang='grc' dir='ltr'>αὐτῆς</span> <span class='ocrx_word' id='word_1_359' title='bbox 2572 925 2785 995; x_wconf 80' lang='grc' dir='ltr'>τρόπων</span> <span class='ocrx_word' id='word_1_360' title='bbox 2837 927 2964 988; x_wconf 77' lang='grc' dir='ltr'>τοὺς</span> <span class='ocrx_word' id='word_1_361' title='bbox 2996 926 3377 996; x_wconf 80' lang='grc' dir='ltr'><strong>ἀκροωμένους</strong></span> <span class='ocrx_word' id='word_1_362' title='bbox 3420 925 3754 996; x_wconf 87' lang='grc' dir='ltr'>εύρίσκουσα.</span> <span class='ocrx_word' id='word_1_363' title='bbox 3784 930 3896 999; x_wconf 77' lang='grc' dir='ltr'>Προ-</span> 
     </span>
    </p>
   </div>
   <div class='ocr_carea' id='block_1_53' title="bbox 2371 1016 3898 1093">
    <p class='ocr_par' dir='ltr' id='par_1_53' title="bbox 2371 1016 3898 1093">
     <span class='ocr_line' id='line_1_53' title="bbox 2371 1016 3898 1093; baseline 0.005 -25"><span class='ocrx_word' id='word_1_364' title='bbox 2371 1016 2716 1087; x_wconf 77' lang='grc' dir='ltr'>εξευμαρίζει</span> <span class='ocrx_word' id='word_1_365' title='bbox 2763 1016 3050 1088; x_wconf 77' lang='grc' dir='ltr'>τοιγαροῦν</span> <span class='ocrx_word' id='word_1_366' title='bbox 3093 1018 3172 1087; x_wconf 82' lang='grc' dir='ltr'>τῷ</span> <span class='ocrx_word' id='word_1_367' title='bbox 3205 1018 3478 1088; x_wconf 86' lang='grc' dir='ltr'>θαύματι,</span> <span class='ocrx_word' id='word_1_368' title='bbox 3514 1019 3608 1072; x_wconf 83' lang='grc' dir='ltr'><strong>καὶ</strong></span> <span class='ocrx_word' id='word_1_369' title='bbox 3654 1021 3728 1090; x_wconf 81' lang='grc' dir='ltr'>τῷ</span> <span class='ocrx_word' id='word_1_370' title='bbox 3756 1039 3898 1093; x_wconf 81' lang='grc' dir='ltr'>παρα-</span> 
     </span>
    </p>
   </div>
   <div class='ocr_carea' id='block_1_54' title="bbox 2370 1109 3898 1184">
    <p class='ocr_par' dir='ltr' id='par_1_54' title="bbox 2370 1109 3898 1184">
     <span class='ocr_line' id='line_1_54' title="bbox 2370 1109 3898 1184; baseline 0.005 -23"><span class='ocrx_word' id='word_1_371' title='bbox 2370 1109 2506 1179; x_wconf 77' lang='grc' dir='ltr'>δόξῳ</span> <span class='ocrx_word' id='word_1_372' title='bbox 2551 1109 3074 1181; x_wconf 82' lang='grc' dir='ltr'>προκαταπλήξασα,</span> <span class='ocrx_word' id='word_1_373' title='bbox 3119 1110 3397 1182; x_wconf 80' lang='grc' dir='ltr'>λειοτέραν</span> <span class='ocrx_word' id='word_1_374' title='bbox 3429 1110 3619 1183; x_wconf 81' lang='grc' dir='ltr'>ὥσπερ</span> <span class='ocrx_word' id='word_1_375' title='bbox 3662 1116 3723 1184; x_wconf 86' lang='grc' dir='ltr'>τῇ</span> <span class='ocrx_word' id='word_1_376' title='bbox 3754 1115 3898 1170; x_wconf 84' lang='grc' dir='ltr'>πίστει</span> 
     </span>
    </p>
   </div>
   <div class='ocr_carea' id='block_1_55' title="bbox 2369 1201 3898 1277">
    <p class='ocr_par' dir='ltr' id='par_1_55' title="bbox 2369 1201 3898 1277">
     <span class='ocr_line' id='line_1_55' title="bbox 2369 1201 3898 1277; baseline 0.005 -24"><span class='ocrx_word' id='word_1_377' title='bbox 2369 1203 2469 1273; x_wconf 85' lang='grc' dir='ltr'>τὴν</span> <span class='ocrx_word' id='word_1_378' title='bbox 2502 1201 2619 1256; x_wconf 80' lang='grc' dir='ltr'>ὁδὸν</span> <span class='ocrx_word' id='word_1_379' title='bbox 2658 1201 3051 1273; x_wconf 80' lang='grc' dir='ltr'>ἀπεργάζεται.</span> <span class='ocrx_word' id='word_1_380' title='bbox 3092 1222 3110 1254; x_wconf 76' lang='grc' dir='ltr'><strong>ι</strong></span> <span class='ocrx_word' id='word_1_381' title='bbox 3150 1203 3313 1255; x_wconf 80' lang='grc' dir='ltr'>Δεῦτε</span> <span class='ocrx_word' id='word_1_382' title='bbox 3336 1243 3352 1266; x_wconf 94' lang='grc'><strong>,</strong></span> <span class='ocrx_word' id='word_1_383' title='bbox 3393 1204 3486 1257; x_wconf 74' lang='grc' dir='ltr'><strong>καὶ</strong></span> <span class='ocrx_word' id='word_1_384' title='bbox 3532 1204 3668 1258; x_wconf 84' lang='grc' dir='ltr'>ίδετε</span> <span class='ocrx_word' id='word_1_385' title='bbox 3692 1245 3705 1268; x_wconf 87' lang='grc'><strong>,</strong></span> <span class='ocrx_word' id='word_1_386' title='bbox 3736 1225 3753 1257; x_wconf 80' lang='grc' dir='ltr'><strong>ι</strong></span> <span class='ocrx_word' id='word_1_387' title='bbox 3792 1209 3898 1277; x_wconf 76' lang='grc' dir='ltr'>φησὶ</span> 
     </span>
    </p>
   </div>
   <div class='ocr_carea' id='block_1_56' title="bbox 2373 1293 3899 1370">
    <p class='ocr_par' dir='ltr' id='par_1_56' title="bbox 2373 1293 3899 1370">
     <span class='ocr_line' id='line_1_56' title="bbox 2373 1293 3899 1370; baseline 0.005 -25"><span class='ocrx_word' id='word_1_388' title='bbox 2373 1293 2629 1355; x_wconf 80' lang='grc' dir='ltr'>συνετῶς,</span> <span class='ocrx_word' id='word_1_389' title='bbox 2661 1295 2941 1363; x_wconf 76' lang='grc' dir='ltr'>μονονουχὶ</span> <span class='ocrx_word' id='word_1_390' title='bbox 2969 1296 3327 1366; x_wconf 88' lang='grc' dir='ltr'>θερμοτέραις</span> <span class='ocrx_word' id='word_1_391' title='bbox 3357 1296 3534 1365; x_wconf 81' lang='grc' dir='ltr'>βοῶσα</span> <span class='ocrx_word' id='word_1_392' title='bbox 3568 1299 3765 1365; x_wconf 82' lang='grc' dir='ltr'>φωναῖς</span> <span class='ocrx_word' id='word_1_393' title='bbox 3784 1315 3796 1328; x_wconf 84' lang='grc'><em>’</em></span> <span class='ocrx_word' id='word_1_394' title='bbox 3820 1302 3899 1370; x_wconf 82' lang='grc' dir='ltr'>ἀρ-</span> 
     </span>
    </p>
   </div>
   <div class='ocr_carea' id='block_1_57' title="bbox 2372 1386 3900 1461">
    <p class='ocr_par' dir='ltr' id='par_1_57' title="bbox 2372 1386 3900 1461">
     <span class='ocr_line' id='line_1_57' title="bbox 2372 1386 3900 1461; baseline 0.004 -23"><span class='ocrx_word' id='word_1_395' title='bbox 2372 1386 2521 1439; x_wconf 88' lang='grc' dir='ltr'>κέσει</span> <span class='ocrx_word' id='word_1_396' title='bbox 2549 1386 2642 1438; x_wconf 76' lang='grc' dir='ltr'><strong>καὶ</strong></span> <span class='ocrx_word' id='word_1_397' title='bbox 2670 1386 2806 1456; x_wconf 86' lang='grc' dir='ltr'>μόνη</span> <span class='ocrx_word' id='word_1_398' title='bbox 2839 1387 2975 1458; x_wconf 82' lang='grc' dir='ltr'>πρὸς</span> <span class='ocrx_word' id='word_1_399' title='bbox 3010 1386 3191 1440; x_wconf 82' lang='grc' dir='ltr'>πίστιν</span> <span class='ocrx_word' id='word_1_400' title='bbox 3215 1389 3247 1457; x_wconf 84' lang='grc' dir='ltr'><strong>ή</strong></span> <span class='ocrx_word' id='word_1_401' title='bbox 3272 1387 3389 1451; x_wconf 86' lang='grc' dir='ltr'>θέα,</span> <span class='ocrx_word' id='word_1_402' title='bbox 3418 1390 3513 1441; x_wconf 87' lang='grc' dir='ltr'>καί</span> <span class='ocrx_word' id='word_1_403' title='bbox 3536 1388 3900 1461; x_wconf 79' lang='grc' dir='ltr'>πληροφορήσει</span> 
     </span>
    </p>
   </div>
   <div class='ocr_carea' id='block_1_58' title="bbox 2374 1476 3902 1551">
    <p class='ocr_par' dir='ltr' id='par_1_58' title="bbox 2374 1476 3902 1551">
     <span class='ocr_line' id='line_1_58' title="bbox 2374 1476 3902 1551; baseline 0.004 -22"><span class='ocrx_word' id='word_1_404' title='bbox 2374 1477 2644 1547; x_wconf 86' lang='grc' dir='ltr'>παρόντας</span> <span class='ocrx_word' id='word_1_405' title='bbox 2682 1476 3122 1546; x_wconf 84' lang='grc' dir='ltr'>ἀξιολογωτέροις</span> <span class='ocrx_word' id='word_1_406' title='bbox 3150 1482 3262 1541; x_wconf 86' lang='grc' dir='ltr'>τοῖς</span> <span class='ocrx_word' id='word_1_407' title='bbox 3305 1477 3596 1548; x_wconf 81' lang='grc' dir='ltr'>θαύμασιν.</span> <span class='ocrx_word' id='word_1_408' title='bbox 3634 1480 3691 1531; x_wconf 89' lang='lat'><strong>&#39;0</strong></span> <span class='ocrx_word' id='word_1_409' title='bbox 3717 1480 3813 1551; x_wconf 77' lang='grc' dir='ltr'>γὰρ</span> <span class='ocrx_word' id='word_1_410' title='bbox 3838 1500 3902 1550; x_wconf 84' lang='grc' dir='ltr'>γι-</span> 
     </span>
    </p>
   </div>
   <div class='ocr_carea' id='block_1_59' title="bbox 2373 1569 3901 1640">
    <p class='ocr_par' dir='ltr' id='par_1_59' title="bbox 2373 1569 3901 1640">
     <span class='ocr_line' id='line_1_59' title="bbox 2373 1569 3901 1640; baseline 0.003 -18"><span class='ocrx_word' id='word_1_411' title='bbox 2373 1569 2597 1623; x_wconf 85' lang='grc' dir='ltr'>νώσκων</span> <span class='ocrx_word' id='word_1_412' title='bbox 2621 1569 2690 1622; x_wconf 86' lang='grc' dir='ltr'><strong>τά</strong></span> <span class='ocrx_word' id='word_1_413' title='bbox 2723 1571 3097 1640; x_wconf 78' lang='grc' dir='ltr'>κεκρυμμένα,</span> <span class='ocrx_word' id='word_1_414' title='bbox 3128 1570 3221 1623; x_wconf 68' lang='grc' dir='ltr'><strong>καῖ⁵</strong></span> <span class='ocrx_word' id='word_1_415' title='bbox 3252 1570 3312 1622; x_wconf 85' lang='grc' dir='ltr'>τὸ</span> <span class='ocrx_word' id='word_1_416' title='bbox 3343 1570 3487 1640; x_wconf 84' lang='grc' dir='ltr'>μέγα</span> <span class='ocrx_word' id='word_1_417' title='bbox 3525 1571 3681 1624; x_wconf 88' lang='grc' dir='ltr'>τοῦτο</span> <span class='ocrx_word' id='word_1_418' title='bbox 3708 1575 3791 1627; x_wconf 76' lang='grc' dir='ltr'>καὶ</span> <span class='ocrx_word' id='word_1_419' title='bbox 3812 1574 3901 1627; x_wconf 87' lang='grc' dir='ltr'>θεο-</span> 
     </span>
    </p>
   </div>
   <div class='ocr_carea' id='block_1_60' title="bbox 2374 1659 3903 1734">
    <p class='ocr_par' dir='ltr' id='par_1_60' title="bbox 2374 1659 3903 1734">
     <span class='ocr_line' id='line_1_60' title="bbox 2374 1659 3903 1734; baseline 0.003 -22"><span class='ocrx_word' id='word_1_420' title='bbox 2374 1659 2582 1730; x_wconf 85' lang='grc' dir='ltr'>πρεπὲς</span> <span class='ocrx_word' id='word_1_421' title='bbox 2609 1659 2825 1729; x_wconf 86' lang='grc' dir='ltr'>ἀξίωμα</span> <span class='ocrx_word' id='word_1_422' title='bbox 2851 1660 3058 1730; x_wconf 85' lang='grc' dir='ltr'>λαχὼν,</span> <span class='ocrx_word' id='word_1_423' title='bbox 3077 1663 3192 1724; x_wconf 85' lang='grc' dir='ltr'><strong>πῶς</strong></span> <span class='ocrx_word' id='word_1_424' title='bbox 3223 1662 3323 1715; x_wconf 82' lang='grc' dir='ltr'><strong>οὐκ</strong></span> <span class='ocrx_word' id='word_1_425' title='bbox 3356 1660 3415 1726; x_wconf 78' lang='grc' dir='ltr'><strong>ἐξ</strong></span> <span class='ocrx_word' id='word_1_426' title='bbox 3440 1662 3687 1733; x_wconf 83' lang='grc' dir='ltr'>ὲξουρίας</span> <span class='ocrx_word' id='word_1_427' title='bbox 3716 1664 3903 1734; x_wconf 86' lang='grc' dir='ltr'>δραμεῖ-</span> 
     </span>
    </p>
   </div>
   <div class='ocr_carea' id='block_1_61' title="bbox 2374 1744 3554 1824">
    <p class='ocr_par' dir='ltr' id='par_1_61' title="bbox 2374 1744 3554 1824">
     <span class='ocr_line' id='line_1_61' title="bbox 2374 1744 3554 1824; baseline 0.003 -19"><span class='ocrx_word' id='word_1_428' title='bbox 2374 1769 2464 1806; x_wconf 85' lang='grc' dir='ltr'><strong>ται</strong></span> <span class='ocrx_word' id='word_1_429' title='bbox 2487 1752 2621 1823; x_wconf 82' lang='grc' dir='ltr'>πρδς</span> <span class='ocrx_word' id='word_1_430' title='bbox 2654 1750 2752 1822; x_wconf 85' lang='grc' dir='ltr'><strong>τὴν</strong></span> <span class='ocrx_word' id='word_1_431' title='bbox 2774 1744 2848 1805; x_wconf 84' lang='grc' dir='ltr'>ὧν</span> <span class='ocrx_word' id='word_1_432' title='bbox 2874 1751 2940 1805; x_wconf 80' lang='grc' dir='ltr'><strong>ἂν</strong></span> <span class='ocrx_word' id='word_1_433' title='bbox 2967 1750 3207 1821; x_wconf 84' lang='grc' dir='ltr'>βούλοιτο</span> <span class='ocrx_word' id='word_1_434' title='bbox 3240 1754 3554 1824; x_wconf 85' lang='grc' dir='ltr'>πλήρωσιν;</span> 
     </span>
    </p>
   </div>
   <div class='ocr_carea' id='block_1_62' title="bbox 2456 1838 3903 1914">
    <p class='ocr_par' dir='ltr' id='par_1_62' title="bbox 2456 1838 3903 1914">
     <span class='ocr_line' id='line_1_62' title="bbox 2456 1838 3903 1914; baseline 0.003 -21"><span class='ocrx_word' id='word_1_435' title='bbox 2456 1841 2744 1910; x_wconf 78' lang='grc' dir='ltr'><strong>Ἐξῆλθον</strong></span> <span class='ocrx_word' id='word_1_436' title='bbox 2770 1838 2883 1897; x_wconf 85' lang='grc' dir='ltr'><strong>οὖν</strong></span> <span class='ocrx_word' id='word_1_437' title='bbox 2907 1842 2977 1895; x_wconf 80' lang='grc' dir='ltr'>ἐκ</span> <span class='ocrx_word' id='word_1_438' title='bbox 2992 1842 3102 1911; x_wconf 84' lang='grc' dir='ltr'>τῆς</span> <span class='ocrx_word' id='word_1_439' title='bbox 3125 1843 3375 1910; x_wconf 79' lang='grc' dir='ltr'>πόλεως,</span> <span class='ocrx_word' id='word_1_440' title='bbox 3394 1844 3489 1897; x_wconf 79' lang='grc' dir='ltr'><strong>καί</strong></span> <span class='ocrx_word' id='word_1_441' title='bbox 3518 1843 3766 1913; x_wconf 78' lang='grc' dir='ltr'>ἤρχοντο</span> <span class='ocrx_word' id='word_1_442' title='bbox 3787 1849 3903 1914; x_wconf 73' lang='grc' dir='ltr'>πρὸς</span> 
     </span>
    </p>
   </div>
   <div class='ocr_carea' id='block_1_63' title="bbox 2374 1935 2579 1989">
    <p class='ocr_par' dir='ltr' id='par_1_63' title="bbox 2374 1935 2579 1989">
     <span class='ocr_line' id='line_1_63' title="bbox 2374 1935 2579 1989; baseline 0 0"><span class='ocrx_word' id='word_1_443' title='bbox 2374 1935 2579 1989; x_wconf 80' lang='grc' dir='ltr'>αὐτόν.</span> 
     </span>
    </p>
   </div>
   <div class='ocr_carea' id='block_1_64' title="bbox 2449 2024 3907 2099">
    <p class='ocr_par' dir='ltr' id='par_1_64' title="bbox 2449 2024 3907 2099">
     <span class='ocr_line' id='line_1_64' title="bbox 2449 2024 3907 2099; baseline 0 -20"><span class='ocrx_word' id='word_1_444' title='bbox 2449 2026 2710 2095; x_wconf 85' lang='grc' dir='ltr'>Ἔλεγχος</span> <span class='ocrx_word' id='word_1_445' title='bbox 2758 2025 2859 2095; x_wconf 84' lang='grc' dir='ltr'><strong>τῆς</strong></span> <span class='ocrx_word' id='word_1_446' title='bbox 2901 2024 3165 2080; x_wconf 87' lang='grc' dir='ltr'>Ἰουδαίων</span> <span class='ocrx_word' id='word_1_447' title='bbox 3204 2026 3637 2098; x_wconf 83' lang='grc' dir='ltr'>σκληροκαρδίας</span> <span class='ocrx_word' id='word_1_448' title='bbox 3667 2028 3722 2097; x_wconf 65' lang='grc' dir='ltr'><strong>,ἡ</strong></span> <span class='ocrx_word' id='word_1_449' title='bbox 3744 2029 3907 2099; x_wconf 66' lang='grc' dir='ltr'>,Σαμαρ</span> 
     </span>
    </p>
   </div>
   <div class='ocr_carea' id='block_1_65' title="bbox 2376 2121 3907 2195">
    <p class='ocr_par' dir='ltr' id='par_1_65' title="bbox 2376 2121 3907 2195">
     <span class='ocr_line' id='line_1_65' title="bbox 2376 2121 3907 2195; baseline 0.001 -20"><span class='ocrx_word' id='word_1_450' title='bbox 2376 2121 2570 2193; x_wconf 89' lang='grc' dir='ltr'>ρειτῶν</span> <span class='ocrx_word' id='word_1_451' title='bbox 2612 2121 2924 2187; x_wconf 84' lang='grc' dir='ltr'>εὐπείθεια,</span> <span class='ocrx_word' id='word_1_452' title='bbox 2975 2125 3069 2177; x_wconf 72' lang='grc' dir='ltr'><strong>καὶ</strong></span> <span class='ocrx_word' id='word_1_453' title='bbox 3109 2124 3170 2176; x_wconf 79' lang='grc' dir='ltr'>τὸ</span> <span class='ocrx_word' id='word_1_454' title='bbox 3207 2125 3265 2177; x_wconf 83' lang='grc' dir='ltr'><strong>ὲν</strong></span> <span class='ocrx_word' id='word_1_455' title='bbox 3310 2124 3541 2186; x_wconf 79' lang='grc' dir='ltr'>ἐκείνοις</span> <span class='ocrx_word' id='word_1_456' title='bbox 3588 2125 3907 2195; x_wconf 82' lang='grc' dir='ltr'>ἀπάνθρωπον</span> 
     </span>
    </p>
   </div>
   <div class='ocr_carea' id='block_1_66' title="bbox 2373 2213 3907 2287">
    <p class='ocr_par' dir='ltr' id='par_1_66' title="bbox 2373 2213 3907 2287">
     <span class='ocr_line' id='line_1_66' title="bbox 2373 2213 3907 2287; baseline 0.002 -21"><span class='ocrx_word' id='word_1_457' title='bbox 2373 2215 2433 2266; x_wconf 80' lang='grc' dir='ltr'>ὲν</span> <span class='ocrx_word' id='word_1_458' title='bbox 2477 2216 2544 2283; x_wconf 84' lang='grc' dir='ltr'>τῇ</span> <span class='ocrx_word' id='word_1_459' title='bbox 2582 2213 2787 2267; x_wconf 89' lang='grc' dir='ltr'>τούτων</span> <span class='ocrx_word' id='word_1_460' title='bbox 2838 2215 3137 2287; x_wconf 82' lang='grc' dir='ltr'>ἡμερότητι</span> <span class='ocrx_word' id='word_1_461' title='bbox 3184 2215 3549 2284; x_wconf 87' lang='grc' dir='ltr'>διαφαίνεται.</span> <span class='ocrx_word' id='word_1_462' title='bbox 3614 2216 3721 2268; x_wconf 72' lang='grc' dir='ltr'>Καὶ</span> <span class='ocrx_word' id='word_1_463' title='bbox 3760 2217 3907 2287; x_wconf 76' lang='grc' dir='ltr'>ὁράτω</span> 
     </span>
    </p>
   </div>
   <div class='ocr_carea' id='block_1_67' title="bbox 2375 2304 3906 2378">
    <p class='ocr_par' dir='ltr' id='par_1_67' title="bbox 2375 2304 3906 2378">
     <span class='ocr_line' id='line_1_67' title="bbox 2375 2304 3906 2378; baseline 0.003 -21"><span class='ocrx_word' id='word_1_464' title='bbox 2375 2305 2539 2359; x_wconf 89' lang='grc' dir='ltr'>πάλιν</span> <span class='ocrx_word' id='word_1_465' title='bbox 2563 2307 2591 2359; x_wconf 94' lang='lat'><strong>6</strong></span> <span class='ocrx_word' id='word_1_466' title='bbox 2637 2304 2939 2376; x_wconf 85' lang='grc' dir='ltr'>φιλομαθὴς</span> <span class='ocrx_word' id='word_1_467' title='bbox 2976 2307 3076 2376; x_wconf 81' lang='grc' dir='ltr'><strong>τῆς</strong></span> <span class='ocrx_word' id='word_1_468' title='bbox 3110 2308 3169 2359; x_wconf 83' lang='grc' dir='ltr'>ὲν</span> <span class='ocrx_word' id='word_1_469' title='bbox 3203 2307 3406 2377; x_wconf 82' lang='grc' dir='ltr'>ἀμφοῖν</span> <span class='ocrx_word' id='word_1_470' title='bbox 3444 2308 3616 2373; x_wconf 72' lang='grc' dir='ltr'>ἕξεως</span> <span class='ocrx_word' id='word_1_471' title='bbox 3639 2308 3730 2378; x_wconf 85' lang='grc' dir='ltr'><strong>τὴν</strong></span> <span class='ocrx_word' id='word_1_472' title='bbox 3756 2308 3906 2376; x_wconf 79' lang='grc' dir='ltr'>διαφο-</span> 
     </span>
    </p>
   </div>
   <div class='ocr_carea' id='block_1_68' title="bbox 2379 2396 3906 2470">
    <p class='ocr_par' dir='ltr' id='par_1_68' title="bbox 2379 2396 3906 2470">
     <span class='ocr_line' id='line_1_68' title="bbox 2379 2396 3906 2470; baseline 0.002 -21"><span class='ocrx_word' id='word_1_473' title='bbox 2379 2396 2510 2467; x_wconf 82' lang='grc' dir='ltr'><strong>ράν,</strong></span> <span class='ocrx_word' id='word_1_474' title='bbox 2551 2396 2639 2449; x_wconf 78' lang='grc' dir='ltr'>ἵνα</span> <span class='ocrx_word' id='word_1_475' title='bbox 2662 2396 2727 2465; x_wconf 76' lang='grc' dir='ltr'>δὴ</span> <span class='ocrx_word' id='word_1_476' title='bbox 2756 2396 2849 2449; x_wconf 72' lang='grc' dir='ltr'><strong>καὶ</strong></span> <span class='ocrx_word' id='word_1_477' title='bbox 2892 2396 3036 2466; x_wconf 86' lang='grc' dir='ltr'>μάλα</span> <span class='ocrx_word' id='word_1_478' title='bbox 3066 2398 3290 2460; x_wconf 87' lang='grc' dir='ltr'>δικαίως</span> <span class='ocrx_word' id='word_1_479' title='bbox 3315 2398 3683 2470; x_wconf 79' lang='grc' dir='ltr'>ἀποθαυμόιζῃ</span> <span class='ocrx_word' id='word_1_480' title='bbox 3714 2400 3793 2453; x_wconf 69' lang='grc' dir='ltr'>τὸν</span> <span class='ocrx_word' id='word_1_481' title='bbox 3825 2401 3906 2469; x_wconf 79' lang='grc' dir='ltr'><strong>’1η-</strong></span> 
     </span>
    </p>
   </div>
   <div class='ocr_carea' id='block_1_69' title="bbox 2376 2485 3905 2559">
    <p class='ocr_par' dir='ltr' id='par_1_69' title="bbox 2376 2485 3905 2559">
     <span class='ocr_line' id='line_1_69' title="bbox 2376 2485 3905 2559; baseline 0.005 -22"><span class='ocrx_word' id='word_1_482' title='bbox 2376 2485 2503 2538; x_wconf 93' lang='grc' dir='ltr'>σοῦν</span> <span class='ocrx_word' id='word_1_483' title='bbox 2526 2488 2628 2555; x_wconf 82' lang='grc' dir='ltr'><strong>τῆς</strong></span> <span class='ocrx_word' id='word_1_484' title='bbox 2658 2486 2756 2556; x_wconf 86' lang='grc' dir='ltr'><strong>μὲν</strong></span> <span class='ocrx_word' id='word_1_485' title='bbox 2772 2485 2879 2539; x_wconf 85' lang='grc' dir='ltr'><strong>τῶν</strong></span> <span class='ocrx_word' id='word_1_486' title='bbox 2895 2485 3161 2541; x_wconf 80' lang='grc' dir='ltr'>Ἰουδαίων</span> <span class='ocrx_word' id='word_1_487' title='bbox 3177 2488 3564 2558; x_wconf 80' lang='grc' dir='ltr'>ἀποδημοῦντα</span> <span class='ocrx_word' id='word_1_488' title='bbox 3596 2490 3905 2559; x_wconf 78' lang='grc' dir='ltr'>Συναγωγῆς,</span> 
     </span>
    </p>
   </div>
   <div class='ocr_carea' id='block_1_70' title="bbox 2376 2576 3905 2650">
    <p class='ocr_par' dir='ltr' id='par_1_70' title="bbox 2376 2576 3905 2650">
     <span class='ocr_line' id='line_1_70' title="bbox 2376 2576 3905 2650; baseline 0.005 -21"><span class='ocrx_word' id='word_1_489' title='bbox 2376 2577 2567 2630; x_wconf 78' lang='grc' dir='ltr'>ἑαυτὸν</span> <span class='ocrx_word' id='word_1_490' title='bbox 2634 2577 2691 2630; x_wconf 78' lang='grc' dir='ltr'>δὲ</span> <span class='ocrx_word' id='word_1_491' title='bbox 2764 2576 2965 2647; x_wconf 82' lang='grc' dir='ltr'>μᾶλλον</span> <span class='ocrx_word' id='word_1_492' title='bbox 3029 2580 3142 2641; x_wconf 85' lang='grc' dir='ltr'>τοῖς</span> <span class='ocrx_word' id='word_1_493' title='bbox 3208 2578 3522 2647; x_wconf 87' lang='grc' dir='ltr'>ἀλλογενέσι</span> <span class='ocrx_word' id='word_1_494' title='bbox 3589 2580 3905 2650; x_wconf 81' lang='grc' dir='ltr'>δωρούμενον.</span> 
     </span>
    </p>
   </div>
   <div class='ocr_carea' id='block_1_71' title="bbox 2388 2666 3908 2741">
    <p class='ocr_par' dir='ltr' id='par_1_71' title="bbox 2388 2666 3908 2741">
     <span class='ocr_line' id='line_1_71' title="bbox 2388 2666 3908 2741; baseline 0.005 -21"><span class='ocrx_word' id='word_1_495' title='bbox 2388 2666 2662 2732; x_wconf 88' lang='grc' dir='ltr'>Ἰουδαίοις</span> <span class='ocrx_word' id='word_1_496' title='bbox 2694 2667 2792 2738; x_wconf 82' lang='grc' dir='ltr'><strong>μὲν</strong></span> <span class='ocrx_word' id='word_1_497' title='bbox 2830 2669 2939 2739; x_wconf 71' lang='grc' dir='ltr'>γὰρ</span> <span class='ocrx_word' id='word_1_498' title='bbox 2970 2669 3052 2722; x_wconf 81' lang='grc' dir='ltr'><strong>ὅτι</strong></span> <span class='ocrx_word' id='word_1_499' title='bbox 3081 2669 3199 2738; x_wconf 80' lang='grc' dir='ltr'>ἥξει</span> <span class='ocrx_word' id='word_1_500' title='bbox 3232 2670 3326 2723; x_wconf 77' lang='grc' dir='ltr'><strong>καὶ</strong></span> <span class='ocrx_word' id='word_1_501' title='bbox 3363 2671 3458 2723; x_wconf 74' lang='grc' dir='ltr'>ἐπὶ</span> <span class='ocrx_word' id='word_1_502' title='bbox 3486 2671 3631 2725; x_wconf 86' lang='grc' dir='ltr'>τίσιν</span> <span class='ocrx_word' id='word_1_503' title='bbox 3659 2672 3908 2741; x_wconf 80' lang='grc' dir='ltr'>ἀναφανεί-</span> 
     </span>
    </p>
   </div>
   <div class='ocr_carea' id='block_1_72' title="bbox 2374 2757 3910 2832">
    <p class='ocr_par' dir='ltr' id='par_1_72' title="bbox 2374 2757 3910 2832">
     <span class='ocr_line' id='line_1_72' title="bbox 2374 2757 3910 2832; baseline 0.005 -23"><span class='ocrx_word' id='word_1_504' title='bbox 2374 2773 2463 2810; x_wconf 85' lang='grc' dir='ltr'><strong>ται</strong></span> <span class='ocrx_word' id='word_1_505' title='bbox 2498 2757 2746 2827; x_wconf 72' lang='grc' dir='ltr'>Χριστδς,</span> <span class='ocrx_word' id='word_1_506' title='bbox 2775 2760 2804 2810; x_wconf 98' lang='lat'><strong>6</strong></span> <span class='ocrx_word' id='word_1_507' title='bbox 2835 2757 2925 2811; x_wconf 76' lang='grc' dir='ltr'>διὰ</span> <span class='ocrx_word' id='word_1_508' title='bbox 2948 2758 3190 2822; x_wconf 83' lang='grc' dir='ltr'>Μωσέως</span> <span class='ocrx_word' id='word_1_509' title='bbox 3216 2759 3504 2829; x_wconf 81' lang='grc' dir='ltr'>διήγγελλε</span> <span class='ocrx_word' id='word_1_510' title='bbox 3526 2761 3707 2831; x_wconf 89' lang='grc' dir='ltr'>νόμος,</span> <span class='ocrx_word' id='word_1_511' title='bbox 3734 2780 3910 2832; x_wconf 77' lang='grc' dir='ltr'>προφη-</span> 
     </span>
    </p>
   </div>
   <div class='ocr_carea' id='block_1_73' title="bbox 2374 2847 3909 2924">
    <p class='ocr_par' dir='ltr' id='par_1_73' title="bbox 2374 2847 3909 2924">
     <span class='ocr_line' id='line_1_73' title="bbox 2374 2847 3909 2924; baseline 0.005 -25"><span class='ocrx_word' id='word_1_512' title='bbox 2374 2847 2485 2900; x_wconf 88' lang='grc' dir='ltr'><strong>τῶν</strong></span> <span class='ocrx_word' id='word_1_513' title='bbox 2511 2847 2569 2900; x_wconf 78' lang='grc' dir='ltr'><strong>δὲ</strong></span> <span class='ocrx_word' id='word_1_514' title='bbox 2605 2850 2633 2901; x_wconf 95' lang='lat'><strong>6</strong></span> <span class='ocrx_word' id='word_1_515' title='bbox 2668 2849 2977 2919; x_wconf 86' lang='grc' dir='ltr'>πάνσεμνος</span> <span class='ocrx_word' id='word_1_516' title='bbox 3006 2850 3340 2920; x_wconf 80' lang='grc' dir='ltr'>ἀνεκήρυττε</span> <span class='ocrx_word' id='word_1_517' title='bbox 3372 2852 3535 2921; x_wconf 85' lang='grc' dir='ltr'>χορὸς</span> <span class='ocrx_word' id='word_1_518' title='bbox 3557 2893 3573 2915; x_wconf 92' lang='grc'><strong>,</strong></span> <span class='ocrx_word' id='word_1_519' title='bbox 3629 2854 3719 2907; x_wconf 79' lang='grc' dir='ltr'>καὶ</span> <span class='ocrx_word' id='word_1_520' title='bbox 3754 2871 3909 2924; x_wconf 75' lang='grc' dir='ltr'>μονονο</span> 
     </span>
    </p>
   </div>
   <div class='ocr_carea' id='block_1_74' title="bbox 2376 2939 3905 3013">
    <p class='ocr_par' dir='ltr' id='par_1_74' title="bbox 2376 2939 3905 3013">
     <span class='ocr_line' id='line_1_74' title="bbox 2376 2939 3905 3013; baseline 0.004 -23"><span class='ocrx_word' id='word_1_521' title='bbox 2376 2940 2496 3008; x_wconf 76' lang='grc' dir='ltr'>ουχὶ</span> <span class='ocrx_word' id='word_1_522' title='bbox 2522 2940 2766 3010; x_wconf 87' lang='grc' dir='ltr'>παρόντα</span> <span class='ocrx_word' id='word_1_523' title='bbox 2807 2939 2991 2993; x_wconf 84' lang='grc' dir='ltr'>λοιπὸν</span> <span class='ocrx_word' id='word_1_524' title='bbox 3022 2941 3115 2993; x_wconf 77' lang='grc' dir='ltr'><strong>ἐπὶ</strong></span> <span class='ocrx_word' id='word_1_525' title='bbox 3153 2942 3343 3012; x_wconf 86' lang='grc' dir='ltr'>θύραις</span> <span class='ocrx_word' id='word_1_526' title='bbox 3390 2943 3699 2998; x_wconf 76' lang='grc' dir='ltr'>ἐπεδείκνυε</span> <span class='ocrx_word' id='word_1_527' title='bbox 3733 2945 3905 3013; x_wconf 75' lang='grc' dir='ltr'>λέγων’</span> 
     </span>
    </p>
   </div>
   <div class='ocr_carea' id='block_1_75' title="bbox 2382 3030 3909 3103">
    <p class='ocr_par' dir='ltr' id='par_1_75' title="bbox 2382 3030 3909 3103">
     <span class='ocr_line' id='line_1_75' title="bbox 2382 3030 3909 3103; baseline 0.005 -20"><span class='ocrx_word' id='word_1_528' title='bbox 2382 3051 2401 3082; x_wconf 81' lang='lat' dir='ltr'><strong>r</strong></span> <span class='ocrx_word' id='word_1_529' title='bbox 2440 3030 2573 3084; x_wconf 82' lang='grc' dir='ltr'>Ἰδοὺ</span> <span class='ocrx_word' id='word_1_530' title='bbox 2602 3034 2630 3085; x_wconf 90' lang='grc' dir='ltr'>ὁ</span> <span class='ocrx_word' id='word_1_531' title='bbox 2660 3032 2793 3096; x_wconf 86' lang='grc' dir='ltr'>Θεὸς</span> <span class='ocrx_word' id='word_1_532' title='bbox 2817 3031 2974 3103; x_wconf 84' lang='grc' dir='ltr'>ἡμῶν</span> <span class='ocrx_word' id='word_1_533' title='bbox 2992 3072 3007 3097; x_wconf 92' lang='grc'><strong>,</strong></span> <span class='ocrx_word' id='word_1_534' title='bbox 3046 3032 3153 3086; x_wconf 80' lang='grc' dir='ltr'>ἰδοὺ</span> <span class='ocrx_word' id='word_1_535' title='bbox 3182 3033 3403 3103; x_wconf 80' lang='grc' dir='ltr'>Κύριος.</span> <span class='ocrx_word' id='word_1_536' title='bbox 3438 3053 3458 3087; x_wconf 75' lang='grc' dir='ltr'><strong>ι</strong></span> <span class='ocrx_word' id='word_1_537' title='bbox 3509 3037 3618 3089; x_wconf 72' lang='grc' dir='ltr'>Καὶ</span> <span class='ocrx_word' id='word_1_538' title='bbox 3645 3036 3909 3100; x_wconf 82' lang='grc' dir='ltr'>τελευταῖος</span> 
     </span>
    </p>
   </div>
   <div class='ocr_carea' id='block_1_76' title="bbox 2377 3120 3907 3197">
    <p class='ocr_par' dir='ltr' id='par_1_76' title="bbox 2377 3120 3907 3197">
     <span class='ocr_line' id='line_1_76' title="bbox 2377 3120 3907 3197; baseline 0.004 -25"><span class='ocrx_word' id='word_1_539' title='bbox 2377 3120 2470 3172; x_wconf 72' lang='grc' dir='ltr'><strong>ἐπὶ</strong></span> <span class='ocrx_word' id='word_1_540' title='bbox 2496 3122 2661 3174; x_wconf 79' lang='grc' dir='ltr'>πᾶσιν</span> <span class='ocrx_word' id='word_1_541' title='bbox 2697 3122 2725 3173; x_wconf 96' lang='lat'><strong>6</strong></span> <span class='ocrx_word' id='word_1_542' title='bbox 2754 3122 2926 3191; x_wconf 84' lang='grc' dir='ltr'>μέγας</span> <span class='ocrx_word' id='word_1_543' title='bbox 2954 3123 3011 3175; x_wconf 80' lang='grc' dir='ltr'><strong>ὲν</strong></span> <span class='ocrx_word' id='word_1_544' title='bbox 3036 3126 3315 3194; x_wconf 83' lang='grc' dir='ltr'>γεννητοῖς</span> <span class='ocrx_word' id='word_1_545' title='bbox 3356 3126 3631 3192; x_wconf 84' lang='grc' dir='ltr'>γυναικῶν</span> <span class='ocrx_word' id='word_1_546' title='bbox 3676 3126 3907 3197; x_wconf 75' lang='grc' dir='ltr'>Ἰωάννης,</span> 
     </span>
    </p>
   </div>
   <div class='ocr_carea' id='block_1_77' title="bbox 2377 3209 3909 3284">
    <p class='ocr_par' dir='ltr' id='par_1_77' title="bbox 2377 3209 3909 3284">
     <span class='ocr_line' id='line_1_77' title="bbox 2377 3209 3909 3284; baseline 0.002 -23"><span class='ocrx_word' id='word_1_547' title='bbox 2377 3209 2476 3280; x_wconf 67' lang='grc' dir='ltr'>ἤδη</span> <span class='ocrx_word' id='word_1_548' title='bbox 2509 3210 2814 3280; x_wconf 81' lang='grc' dir='ltr'>πεφηνότα,</span> <span class='ocrx_word' id='word_1_549' title='bbox 2845 3211 2940 3264; x_wconf 75' lang='grc' dir='ltr'>καὶ</span> <span class='ocrx_word' id='word_1_550' title='bbox 2964 3211 3418 3281; x_wconf 85' lang='grc' dir='ltr'>συνδιαιτώμενον</span> <span class='ocrx_word' id='word_1_551' title='bbox 3452 3212 3687 3284; x_wconf 79' lang='grc' dir='ltr'>φανερὸν</span> <span class='ocrx_word' id='word_1_552' title='bbox 3715 3212 3909 3281; x_wconf 72' lang='grc' dir='ltr'>καθίστη</span> 
     </span>
    </p>
   </div>
   <div class='ocr_carea' id='block_1_78' title="bbox 2375 3302 3909 3378">
    <p class='ocr_par' dir='ltr' id='par_1_78' title="bbox 2375 3302 3909 3378">
     <span class='ocr_line' id='line_1_78' title="bbox 2375 3302 3909 3378; baseline 0.003 -25"><span class='ocrx_word' id='word_1_553' title='bbox 2375 3302 2565 3370; x_wconf 89' lang='grc' dir='ltr'>λέγων,</span> <span class='ocrx_word' id='word_1_554' title='bbox 2606 3322 2624 3354; x_wconf 82' lang='grc' dir='ltr'><strong>ι</strong></span> <span class='ocrx_word' id='word_1_555' title='bbox 2652 3305 2757 3357; x_wconf 85' lang='grc' dir='ltr'>Ἴδε</span> <span class='ocrx_word' id='word_1_556' title='bbox 2789 3305 2817 3356; x_wconf 94' lang='lat'><strong>6</strong></span> <span class='ocrx_word' id='word_1_557' title='bbox 2845 3304 3041 3375; x_wconf 83' lang='grc' dir='ltr'>Ἀμνὸς</span> <span class='ocrx_word' id='word_1_558' title='bbox 3071 3304 3165 3358; x_wconf 82' lang='grc' dir='ltr'><strong>τοῦ</strong></span> <span class='ocrx_word' id='word_1_559' title='bbox 3204 3304 3338 3358; x_wconf 88' lang='grc' dir='ltr'><strong>Θεοῦ</strong></span> <span class='ocrx_word' id='word_1_560' title='bbox 3368 3307 3398 3359; x_wconf 94' lang='lat'><strong>6</strong></span> <span class='ocrx_word' id='word_1_561' title='bbox 3430 3305 3605 3378; x_wconf 77' lang='grc' dir='ltr'>αἴρων</span> <span class='ocrx_word' id='word_1_562' title='bbox 3642 3307 3737 3377; x_wconf 81' lang='grc' dir='ltr'>τὴν</span> <span class='ocrx_word' id='word_1_563' title='bbox 3760 3308 3909 3375; x_wconf 83' lang='grc' dir='ltr'>ἀμαρ-</span> 
     </span>
    </p>
   </div>
   <div class='ocr_carea' id='block_1_79' title="bbox 2374 3392 3909 3468">
    <p class='ocr_par' dir='ltr' id='par_1_79' title="bbox 2374 3392 3909 3468">
     <span class='ocr_line' id='line_1_79' title="bbox 2374 3392 3909 3468; baseline 0.004 -25"><span class='ocrx_word' id='word_1_564' title='bbox 2374 3392 2493 3444; x_wconf 89' lang='grc' dir='ltr'>τίαν</span> <span class='ocrx_word' id='word_1_565' title='bbox 2524 3393 2619 3445; x_wconf 86' lang='grc' dir='ltr'><strong>τοῦ</strong></span> <span class='ocrx_word' id='word_1_566' title='bbox 2646 3393 2872 3463; x_wconf 82' lang='grc' dir='ltr'>κόσμου.</span> <span class='ocrx_word' id='word_1_567' title='bbox 2895 3414 2913 3446; x_wconf 76' lang='grc' dir='ltr'><strong>ι</strong></span> <span class='ocrx_word' id='word_1_568' title='bbox 2950 3394 3058 3447; x_wconf 77' lang='grc' dir='ltr'><strong>Καὶ</strong></span> <span class='ocrx_word' id='word_1_569' title='bbox 3092 3396 3214 3447; x_wconf 90' lang='grc' dir='ltr'>τότε</span> <span class='ocrx_word' id='word_1_570' title='bbox 3240 3395 3456 3449; x_wconf 88' lang='grc' dir='ltr'>πάντων</span> <span class='ocrx_word' id='word_1_571' title='bbox 3497 3397 3909 3468; x_wconf 80' lang='grc' dir='ltr'>παραδοξότερον,</span> 
     </span>
    </p>
   </div>
   <div class='ocr_carea' id='block_1_80' title="bbox 2372 3484 3911 3559">
    <p class='ocr_par' dir='ltr' id='par_1_80' title="bbox 2372 3484 3911 3559">
     <span class='ocr_line' id='line_1_80' title="bbox 2372 3484 3911 3559; baseline 0.001 -22"><span class='ocrx_word' id='word_1_572' title='bbox 2372 3484 2461 3537; x_wconf 79' lang='grc' dir='ltr'><strong>διά</strong></span> <span class='ocrx_word' id='word_1_573' title='bbox 2490 3484 2699 3536; x_wconf 85' lang='grc' dir='ltr'>πολλῶν</span> <span class='ocrx_word' id='word_1_574' title='bbox 2749 3486 3091 3556; x_wconf 83' lang='grc' dir='ltr'>πραγμάτων</span> <span class='ocrx_word' id='word_1_575' title='bbox 3113 3527 3127 3551; x_wconf 93' lang='grc'><strong>,</strong></span> <span class='ocrx_word' id='word_1_576' title='bbox 3175 3487 3461 3559; x_wconf 88' lang='grc' dir='ltr'>δυνάμεώς</span> <span class='ocrx_word' id='word_1_577' title='bbox 3486 3507 3547 3542; x_wconf 89' lang='grc' dir='ltr'><strong>τε</strong></span> <span class='ocrx_word' id='word_1_578' title='bbox 3587 3490 3680 3543; x_wconf 75' lang='grc' dir='ltr'><strong>καὶ</strong></span> <span class='ocrx_word' id='word_1_579' title='bbox 3703 3489 3911 3553; x_wconf 75' lang='grc' dir='ltr'>ἐξουσίας</span> 
     </span>
    </p>
   </div>
   <div class='ocr_carea' id='block_1_81' title="bbox 2374 3574 3912 3651">
    <p class='ocr_par' dir='ltr' id='par_1_81' title="bbox 2374 3574 3912 3651">
     <span class='ocr_line' id='line_1_81' title="bbox 2374 3574 3912 3651; baseline 0.003 -24"><span class='ocrx_word' id='word_1_580' title='bbox 2374 3574 2712 3648; x_wconf 77' lang='grc' dir='ltr'>θεοπρεποῦς</span> <span class='ocrx_word' id='word_1_581' title='bbox 2746 3578 2936 3630; x_wconf 80' lang='grc' dir='ltr'>ἑαυτὸν</span> <span class='ocrx_word' id='word_1_582' title='bbox 2973 3580 3001 3630; x_wconf 94' lang='lat'><strong>6</strong></span> <span class='ocrx_word' id='word_1_583' title='bbox 3022 3578 3215 3649; x_wconf 84' lang='grc' dir='ltr'>Σωτὴρ</span> <span class='ocrx_word' id='word_1_584' title='bbox 3245 3579 3601 3646; x_wconf 82' lang='grc' dir='ltr'>ὲξεκάλυπτε.</span> <span class='ocrx_word' id='word_1_585' title='bbox 3654 3581 3718 3633; x_wconf 89' lang='grc' dir='ltr'>Τί</span> <span class='ocrx_word' id='word_1_586' title='bbox 3745 3580 3802 3651; x_wconf 76' lang='grc' dir='ltr'>δὴ</span> <span class='ocrx_word' id='word_1_587' title='bbox 3826 3580 3912 3631; x_wconf 86' lang='grc' dir='ltr'>λοι-</span> 
     </span>
    </p>
   </div>
   <div class='ocr_carea' id='block_1_82' title="bbox 2374 3662 3912 3739">
    <p class='ocr_par' dir='ltr' id='par_1_82' title="bbox 2374 3662 3912 3739">
     <span class='ocr_line' id='line_1_82' title="bbox 2374 3662 3912 3739; baseline 0.004 -24"><span class='ocrx_word' id='word_1_588' title='bbox 2374 3662 2475 3716; x_wconf 81' lang='grc' dir='ltr'><strong>πὸν</strong></span> <span class='ocrx_word' id='word_1_589' title='bbox 2499 3666 2592 3717; x_wconf 77' lang='grc' dir='ltr'><strong>ἐπὶ</strong></span> <span class='ocrx_word' id='word_1_590' title='bbox 2615 3663 2828 3730; x_wconf 82' lang='grc' dir='ltr'>τούτοις</span> <span class='ocrx_word' id='word_1_591' title='bbox 2854 3667 2905 3719; x_wconf 81' lang='grc' dir='ltr'>οἱ</span> <span class='ocrx_word' id='word_1_592' title='bbox 2944 3668 3081 3737; x_wconf 82' lang='grc' dir='ltr'>πρὸς</span> <span class='ocrx_word' id='word_1_593' title='bbox 3114 3669 3377 3732; x_wconf 77' lang='grc' dir='ltr'>ὲκτόπους</span> <span class='ocrx_word' id='word_1_594' title='bbox 3412 3668 3660 3737; x_wconf 85' lang='grc' dir='ltr'>ἀχάλινοι</span> <span class='ocrx_word' id='word_1_595' title='bbox 3685 3668 3912 3739; x_wconf 80' lang='grc' dir='ltr'>μελετῶσι</span> 
     </span>
    </p>
   </div>
   <div class='ocr_carea' id='block_1_83' title="bbox 2375 3755 3912 3827">
    <p class='ocr_par' dir='ltr' id='par_1_83' title="bbox 2375 3755 3912 3827">
     <span class='ocr_line' id='line_1_83' title="bbox 2375 3755 3912 3827; baseline 0.001 -18"><span class='ocrx_word' id='word_1_596' title='bbox 2375 3755 2608 3827; x_wconf 74' lang='grc' dir='ltr'>βουλάςς</span> <span class='ocrx_word' id='word_1_597' title='bbox 2658 3757 2895 3811; x_wconf 82' lang='grc' dir='ltr'>Φονῶσιν</span> <span class='ocrx_word' id='word_1_598' title='bbox 2944 3759 3166 3823; x_wconf 87' lang='grc' dir='ltr'>ἀδίκως,</span> <span class='ocrx_word' id='word_1_599' title='bbox 3200 3759 3608 3814; x_wconf 69' lang='grc' dir='ltr'>ἐπιϐουλεύουσι</span> <span class='ocrx_word' id='word_1_600' title='bbox 3652 3758 3912 3823; x_wconf 76' lang='grc' dir='ltr'>δυσσεϐῶς,</span> 
     </span>
    </p>
   </div>
   <div class='ocr_carea' id='block_1_84' title="bbox 2374 3849 3914 3923">
    <p class='ocr_par' dir='ltr' id='par_1_84' title="bbox 2374 3849 3914 3923">
     <span class='ocr_line' id='line_1_84' title="bbox 2374 3849 3914 3923; baseline -0.001 -21"><span class='ocrx_word' id='word_1_601' title='bbox 2374 3849 2593 3919; x_wconf 87' lang='grc' dir='ltr'>φονοῦσι</span> <span class='ocrx_word' id='word_1_602' title='bbox 2632 3849 2982 3922; x_wconf 88' lang='grc' dir='ltr'>δυστρόπως,</span> <span class='ocrx_word' id='word_1_603' title='bbox 3018 3852 3121 3922; x_wconf 81' lang='grc' dir='ltr'><strong>γῆς</strong></span> <span class='ocrx_word' id='word_1_604' title='bbox 3149 3869 3208 3904; x_wconf 89' lang='grc' dir='ltr'><strong>τε</strong></span> <span class='ocrx_word' id='word_1_605' title='bbox 3239 3852 3331 3905; x_wconf 77' lang='grc' dir='ltr'><strong>καὶ</strong></span> <span class='ocrx_word' id='word_1_606' title='bbox 3372 3852 3583 3916; x_wconf 85' lang='grc' dir='ltr'>πόλεως</span> <span class='ocrx_word' id='word_1_607' title='bbox 3616 3857 3712 3923; x_wconf 80' lang='grc' dir='ltr'><strong>τῆς</strong></span> <span class='ocrx_word' id='word_1_608' title='bbox 3740 3849 3914 3904; x_wconf 74' lang='grc' dir='ltr'>ἑαυτῶν</span> 
     </span>
    </p>
   </div>
   <div class='ocr_carea' id='block_1_85' title="bbox 2372 3944 3913 4017">
    <p class='ocr_par' dir='ltr' id='par_1_85' title="bbox 2372 3944 3913 4017">
     <span class='ocr_line' id='line_1_85' title="bbox 2372 3944 3913 4017; baseline 0 -20"><span class='ocrx_word' id='word_1_609' title='bbox 2372 3944 2717 4008; x_wconf 82' lang='grc' dir='ltr'>ἐξελαύνουσι</span> <span class='ocrx_word' id='word_1_610' title='bbox 2749 3945 2848 4016; x_wconf 84' lang='grc' dir='ltr'>τὴν</span> <span class='ocrx_word' id='word_1_611' title='bbox 2878 3944 3053 4017; x_wconf 78' lang='grc' dir='ltr'>ζωὴν,</span> <span class='ocrx_word' id='word_1_612' title='bbox 3080 3946 3141 3998; x_wconf 84' lang='grc' dir='ltr'><strong>τὸ</strong></span> <span class='ocrx_word' id='word_1_613' title='bbox 3174 3945 3290 4013; x_wconf 85' lang='grc' dir='ltr'><strong>φῶς</strong></span> <span class='ocrx_word' id='word_1_614' title='bbox 3312 3984 3326 4009; x_wconf 88' lang='grc'><strong>,</strong></span> <span class='ocrx_word' id='word_1_615' title='bbox 3360 3946 3460 4015; x_wconf 79' lang='grc' dir='ltr'><strong>τὴν</strong></span> <span class='ocrx_word' id='word_1_616' title='bbox 3490 3947 3746 3999; x_wconf 84' lang='grc' dir='ltr'>ἁπάντων</span> <span class='ocrx_word' id='word_1_617' title='bbox 3772 3960 3913 4011; x_wconf 87' lang='grc' dir='ltr'>σωτη-</span> 
     </span>
    </p>
   </div>
   <div class='ocr_carea' id='block_1_86' title="bbox 2374 4033 3915 4109">
    <p class='ocr_par' dir='ltr' id='par_1_86' title="bbox 2374 4033 3915 4109">
     <span class='ocr_line' id='line_1_86' title="bbox 2374 4033 3915 4109; baseline -0.003 -20"><span class='ocrx_word' id='word_1_618' title='bbox 2374 4037 2514 4109; x_wconf 89' lang='grc' dir='ltr'>ρίαν,</span> <span class='ocrx_word' id='word_1_619' title='bbox 2540 4037 2639 4107; x_wconf 82' lang='grc' dir='ltr'>τὴν</span> <span class='ocrx_word' id='word_1_620' title='bbox 2664 4039 2744 4099; x_wconf 87' lang='grc' dir='ltr'><strong>είς</strong></span> <span class='ocrx_word' id='word_1_621' title='bbox 2764 4036 3039 4106; x_wconf 86' lang='grc' dir='ltr'>βασιλείαν</span> <span class='ocrx_word' id='word_1_622' title='bbox 3069 4036 3205 4098; x_wconf 78' lang='grc' dir='ltr'>ὁδὸν,</span> <span class='ocrx_word' id='word_1_623' title='bbox 3230 4037 3321 4089; x_wconf 60' lang='grc' dir='ltr'><strong>καί⁷</strong></span> <span class='ocrx_word' id='word_1_624' title='bbox 3343 4036 3451 4088; x_wconf 86' lang='grc' dir='ltr'><strong>τῶν</strong></span> <span class='ocrx_word' id='word_1_625' title='bbox 3488 4033 3915 4105; x_wconf 74' lang='grc' dir='ltr'>πλημμελούντων</span> 
     </span>
    </p>
   </div>
   <div class='ocr_carea' id='block_1_87' title="bbox 2372 4125 3917 4198">
    <p class='ocr_par' dir='ltr' id='par_1_87' title="bbox 2372 4125 3917 4198">
     <span class='ocr_line' id='line_1_87' title="bbox 2372 4125 3917 4198; baseline -0.001 -19"><span class='ocrx_word' id='word_1_626' title='bbox 2372 4127 2469 4198; x_wconf 83' lang='grc' dir='ltr'><strong>τὴν</strong></span> <span class='ocrx_word' id='word_1_627' title='bbox 2513 4128 2739 4196; x_wconf 80' lang='grc' dir='ltr'>ἄφεσιν,</span> <span class='ocrx_word' id='word_1_628' title='bbox 2780 4128 2879 4197; x_wconf 83' lang='grc' dir='ltr'>τῆς</span> <span class='ocrx_word' id='word_1_629' title='bbox 2913 4127 3184 4190; x_wconf 77' lang='grc' dir='ltr'>υἱοθεσίας</span> <span class='ocrx_word' id='word_1_630' title='bbox 3220 4128 3310 4179; x_wconf 85' lang='grc' dir='ltr'><strong>τὸν</strong></span> <span class='ocrx_word' id='word_1_631' title='bbox 3344 4128 3601 4197; x_wconf 86' lang='grc' dir='ltr'>χορηγόν.</span> <span class='ocrx_word' id='word_1_632' title='bbox 3662 4126 3759 4179; x_wconf 85' lang='grc' dir='ltr'>Διά</span> <span class='ocrx_word' id='word_1_633' title='bbox 3785 4125 3917 4178; x_wconf 79' lang='grc' dir='ltr'>τοῦτο</span> 
     </span>
    </p>
   </div>
   <div class='ocr_carea' id='block_1_88' title="bbox 2370 4219 3913 4290">
    <p class='ocr_par' dir='ltr' id='par_1_88' title="bbox 2370 4219 3913 4290">
     <span class='ocr_line' id='line_1_88' title="bbox 2370 4219 3913 4290; baseline -0.002 -18"><span class='ocrx_word' id='word_1_634' title='bbox 2370 4219 2595 4282; x_wconf 85' lang='grc' dir='ltr'>δικαίως</span> <span class='ocrx_word' id='word_1_635' title='bbox 2624 4219 2859 4288; x_wconf 76' lang='grc' dir='ltr'>ἔφασκεν</span> <span class='ocrx_word' id='word_1_636' title='bbox 2894 4221 2923 4272; x_wconf 95' lang='lat'><strong>6</strong></span> <span class='ocrx_word' id='word_1_637' title='bbox 2954 4220 3146 4289; x_wconf 84' lang='grc' dir='ltr'>Σωτήρ</span> <span class='ocrx_word' id='word_1_638' title='bbox 3168 4236 3181 4251; x_wconf 81' lang='grc' dir='ltr'><strong>ο</strong></span> <span class='ocrx_word' id='word_1_639' title='bbox 3219 4239 3237 4271; x_wconf 73' lang='grc' dir='ltr'><strong>ι</strong></span> <span class='ocrx_word' id='word_1_640' title='bbox 3275 4220 3655 4290; x_wconf 82' lang='grc' dir='ltr'>Ἰερουσαλὴμ,</span> <span class='ocrx_word' id='word_1_641' title='bbox 3680 4221 3913 4286; x_wconf 68' lang='grc' dir='ltr'>Ἰερουσαα</span> 
     </span>
    </p>
   </div>
   <div class='ocr_carea' id='block_1_89' title="bbox 2370 4306 3913 4383">
    <p class='ocr_par' dir='ltr' id='par_1_89' title="bbox 2370 4306 3913 4383">
     <span class='ocr_line' id='line_1_89' title="bbox 2370 4306 3913 4383; baseline -0.008 -12"><span class='ocrx_word' id='word_1_642' title='bbox 2370 4310 2503 4383; x_wconf 80' lang='grc' dir='ltr'>λὴμ,</span> <span class='ocrx_word' id='word_1_643' title='bbox 2526 4313 2558 4383; x_wconf 79' lang='grc' dir='ltr'>ἡ</span> <span class='ocrx_word' id='word_1_644' title='bbox 2585 4312 2980 4367; x_wconf 83' lang='grc' dir='ltr'>ἀποκτείνουσα</span> <span class='ocrx_word' id='word_1_645' title='bbox 3000 4312 3125 4375; x_wconf 81' lang='grc' dir='ltr'>τοὺς</span> <span class='ocrx_word' id='word_1_646' title='bbox 3148 4313 3454 4382; x_wconf 81' lang='grc' dir='ltr'>προφήτας,</span> <span class='ocrx_word' id='word_1_647' title='bbox 3476 4312 3573 4364; x_wconf 75' lang='grc' dir='ltr'>καὶ</span> <span class='ocrx_word' id='word_1_648' title='bbox 3598 4306 3913 4363; x_wconf 74' lang='grc' dir='ltr'>λιθοϐολοῦσα</span> 
     </span>
    </p>
   </div>
   <div class='ocr_carea' id='block_1_90' title="bbox 2370 4398 3915 4472">
    <p class='ocr_par' dir='ltr' id='par_1_90' title="bbox 2370 4398 3915 4472">
     <span class='ocr_line' id='line_1_90' title="bbox 2370 4398 3915 4472; baseline -0.006 -16"><span class='ocrx_word' id='word_1_649' title='bbox 2370 4404 2495 4466; x_wconf 80' lang='grc' dir='ltr'>τοὺς</span> <span class='ocrx_word' id='word_1_650' title='bbox 2532 4402 2973 4472; x_wconf 84' lang='grc' dir='ltr'>ἀπεσταλμένους</span> <span class='ocrx_word' id='word_1_651' title='bbox 3018 4402 3154 4471; x_wconf 84' lang='grc' dir='ltr'>πρὸς</span> <span class='ocrx_word' id='word_1_652' title='bbox 3191 4400 3360 4471; x_wconf 80' lang='grc' dir='ltr'>αὐτὴν</span> <span class='ocrx_word' id='word_1_653' title='bbox 3382 4439 3397 4464; x_wconf 97' lang='grc'><strong>,</strong></span> <span class='ocrx_word' id='word_1_654' title='bbox 3442 4401 3679 4463; x_wconf 81' lang='grc' dir='ltr'>ποσάκις</span> <span class='ocrx_word' id='word_1_655' title='bbox 3709 4398 3915 4468; x_wconf 70' lang='grc' dir='ltr'>ἠθέλησα</span> 
     </span>
    </p>
   </div>
   <div class='ocr_carea' id='block_1_91' title="bbox 692 4491 2272 4571">
    <p class='ocr_par' dir='ltr' id='par_1_91' title="bbox 692 4491 2272 4571">
     <span class='ocr_line' id='line_1_91' title="bbox 692 4491 2272 4571; baseline 0.008 -24"><span class='ocrx_word' id='word_1_656' title='bbox 692 4491 798 4547; x_wconf 74' lang='lat' dir='ltr'><strong>Sub</strong></span> <span class='ocrx_word' id='word_1_657' title='bbox 823 4493 963 4555; x_wconf 88' lang='lat' dir='ltr'><strong>alas,</strong></span> <span class='ocrx_word' id='word_1_658' title='bbox 996 4500 1050 4547; x_wconf 88' lang='lat' dir='ltr'><strong>et</strong></span> <span class='ocrx_word' id='word_1_659' title='bbox 1090 4495 1350 4551; x_wconf 78' lang='lat' dir='ltr'><strong>noluisti?</strong></span> <span class='ocrx_word' id='word_1_660' title='bbox 1392 4496 1533 4554; x_wconf 90' lang='lat' dir='ltr'><strong>Ecce</strong></span> <span class='ocrx_word' id='word_1_661' title='bbox 1574 4500 1922 4571; x_wconf 86' lang='lat' dir='ltr'><strong>relinquetur</strong></span> <span class='ocrx_word' id='word_1_662' title='bbox 1976 4504 2133 4560; x_wconf 86' lang='lat' dir='ltr'><strong>vobis</strong></span> <span class='ocrx_word' id='word_1_663' title='bbox 2172 4506 2272 4560; x_wconf 82' lang='lat' dir='ltr'><strong>do-</strong></span> 
     </span>
    </p>
   </div>
   <div class='ocr_carea' id='block_1_92' title="bbox 2370 4491 3914 4571">
    <p class='ocr_par' dir='ltr' id='par_1_92' title="bbox 2376 4491 3914 4565">
     <span class='ocr_line' id='line_1_92' title="bbox 2376 4491 3914 4565; baseline -0.007 -13"><span class='ocrx_word' id='word_1_664' title='bbox 2376 4499 2796 4565; x_wconf 82' lang='grc' dir='ltr'>ὲπισυναγαγεῖν</span> <span class='ocrx_word' id='word_1_665' title='bbox 2823 4496 2891 4549; x_wconf 73' lang='grc' dir='ltr'>τὰ</span> <span class='ocrx_word' id='word_1_666' title='bbox 2912 4495 3076 4549; x_wconf 84' lang='grc' dir='ltr'>τέκνα</span> <span class='ocrx_word' id='word_1_667' title='bbox 3101 4512 3214 4559; x_wconf 91' lang='grc' dir='ltr'>σου,</span> <span class='ocrx_word' id='word_1_668' title='bbox 3241 4492 3299 4545; x_wconf 85' lang='grc' dir='ltr'>ὃν</span> <span class='ocrx_word' id='word_1_669' title='bbox 3318 4493 3516 4563; x_wconf 88' lang='grc' dir='ltr'>τρόπον</span> <span class='ocrx_word' id='word_1_670' title='bbox 3540 4493 3691 4564; x_wconf 78' lang='grc' dir='ltr'>ὅρνις</span> <span class='ocrx_word' id='word_1_671' title='bbox 3722 4491 3914 4543; x_wconf 70' lang='grc' dir='ltr'>ἐπισυνρ</span> 
     </span>
    </p>
   </div>
   <div class='ocr_carea' id='block_1_93' title="bbox 694 4585 2266 4651">
    <p class='ocr_par' dir='ltr' id='par_1_93' title="bbox 694 4585 2266 4651">
     <span class='ocr_line' id='line_1_93' title="bbox 694 4585 2266 4651; baseline 0.009 -14"><span class='ocrx_word' id='word_1_672' title='bbox 694 4599 819 4638; x_wconf 79' lang='lat' dir='ltr'><strong>nius</strong></span> <span class='ocrx_word' id='word_1_673' title='bbox 846 4593 1021 4638; x_wconf 83' lang='lat' dir='ltr'><strong>vestra</strong></span> <span class='ocrx_word' id='word_1_674' title='bbox 1052 4585 1268 4640; x_wconf 88' lang='lat' dir='ltr'><strong>deserta</strong></span> <span class='ocrx_word' id='word_1_675' title='bbox 1292 4587 1356 4639; x_wconf 85' lang='grc'>¹⁰.</span> <span class='ocrx_word' id='word_1_676' title='bbox 1392 4606 1410 4639; x_wconf 79' lang='grc' dir='ltr'><strong>ι</strong></span> <span class='ocrx_word' id='word_1_677' title='bbox 1443 4589 1774 4646; x_wconf 83' lang='lat' dir='ltr'><strong>Samaritani</strong></span> <span class='ocrx_word' id='word_1_678' title='bbox 1798 4608 1930 4647; x_wconf 88' lang='lat' dir='ltr'><strong>vero</strong></span> <span class='ocrx_word' id='word_1_679' title='bbox 1952 4593 2266 4651; x_wconf 70' lang='lat' dir='ltr'><strong>Iudaeorum</strong></span> 
     </span>
    </p>
   </div>
   <div class='ocr_carea' id='block_1_94' title="bbox 698 4674 2269 4752">
    <p class='ocr_par' dir='ltr' id='par_1_94' title="bbox 698 4674 2269 4752">
     <span class='ocr_line' id='line_1_94' title="bbox 698 4674 2269 4752; baseline 0.008 -22"><span class='ocrx_word' id='word_1_680' title='bbox 698 4674 948 4731; x_wconf 81' lang='lat' dir='ltr'><strong>vecordia</strong></span> <span class='ocrx_word' id='word_1_681' title='bbox 977 4676 1234 4732; x_wconf 83' lang='lat' dir='ltr'><strong>videntur</strong></span> <span class='ocrx_word' id='word_1_682' title='bbox 1269 4680 1530 4749; x_wconf 90' lang='lat' dir='ltr'><strong>potiores,</strong></span> <span class='ocrx_word' id='word_1_683' title='bbox 1564 4699 1796 4752; x_wconf 89' lang='lat' dir='ltr'><strong>quorum</strong></span> <span class='ocrx_word' id='word_1_684' title='bbox 1827 4686 2081 4742; x_wconf 90' lang='lat' dir='ltr'><strong>duritiem</strong></span> <span class='ocrx_word' id='word_1_685' title='bbox 2130 4688 2269 4743; x_wconf 91' lang='lat' dir='ltr'><strong>faci-</strong></span> 
     </span>
    </p>
   </div>
   <div class='ocr_carea' id='block_1_95' title="bbox 694 4766 2268 4835">
    <p class='ocr_par' dir='ltr' id='par_1_95' title="bbox 694 4766 2268 4835">
     <span class='ocr_line' id='line_1_95' title="bbox 694 4766 2268 4835; baseline 0.008 -15"><span class='ocrx_word' id='word_1_686' title='bbox 694 4766 849 4822; x_wconf 80' lang='lat' dir='ltr'><strong>litate</strong></span> <span class='ocrx_word' id='word_1_687' title='bbox 878 4783 977 4822; x_wconf 87' lang='lat' dir='ltr'><strong>sua</strong></span> <span class='ocrx_word' id='word_1_688' title='bbox 1012 4767 1314 4835; x_wconf 79' lang='lat' dir='ltr'><strong>vincentes,</strong></span> <span class='ocrx_word' id='word_1_689' title='bbox 1350 4786 1458 4825; x_wconf 92' lang='lat' dir='ltr'><strong>uno</strong></span> <span class='ocrx_word' id='word_1_690' title='bbox 1479 4772 1752 4829; x_wconf 82' lang='lat' dir='ltr'><strong>duntaxat</strong></span> <span class='ocrx_word' id='word_1_691' title='bbox 1781 4775 1968 4829; x_wconf 91' lang='lat' dir='ltr'><strong>audito</strong></span> <span class='ocrx_word' id='word_1_692' title='bbox 1999 4777 2268 4833; x_wconf 90' lang='lat' dir='ltr'><strong>miraculo</strong></span> 
     </span>
    </p>
   </div>
   <div class='ocr_carea' id='block_1_96' title="bbox 692 4860 2265 4930">
    <p class='ocr_par' dir='ltr' id='par_1_96' title="bbox 692 4860 2265 4930">
     <span class='ocr_line' id='line_1_96' title="bbox 692 4860 2265 4930; baseline 0.006 -17"><span class='ocrx_word' id='word_1_693' title='bbox 692 4860 984 4916; x_wconf 89' lang='lat' dir='ltr'><strong>confestim</strong></span> <span class='ocrx_word' id='word_1_694' title='bbox 1038 4860 1105 4915; x_wconf 89' lang='lat' dir='ltr'><strong>ad</strong></span> <span class='ocrx_word' id='word_1_695' title='bbox 1152 4860 1341 4918; x_wconf 82' lang='lat' dir='ltr'><strong>Jesum</strong></span> <span class='ocrx_word' id='word_1_696' title='bbox 1402 4877 1720 4930; x_wconf 88' lang='lat' dir='ltr'><strong>accurrunt,</strong></span> <span class='ocrx_word' id='word_1_697' title='bbox 1782 4882 1891 4921; x_wconf 92' lang='lat' dir='ltr'><strong>non</strong></span> <span class='ocrx_word' id='word_1_698' title='bbox 1948 4875 2265 4924; x_wconf 88' lang='lat' dir='ltr'><strong>sanctorum</strong></span> 
     </span>
    </p>
   </div>
   <div class='ocr_carea' id='block_1_97' title="bbox 692 4950 2269 5029">
    <p class='ocr_par' dir='ltr' id='par_1_97' title="bbox 692 4950 2269 5029">
     <span class='ocr_line' id='line_1_97' title="bbox 692 4950 2269 5029; baseline 0.008 -27"><span class='ocrx_word' id='word_1_699' title='bbox 692 4950 1083 5021; x_wconf 87' lang='lat' dir='ltr'><strong>prophetarum</strong></span> <span class='ocrx_word' id='word_1_700' title='bbox 1108 4953 1333 5009; x_wconf 91' lang='lat' dir='ltr'><strong>vocibus</strong></span> <span class='ocrx_word' id='word_1_701' title='bbox 1369 4955 1603 5018; x_wconf 93' lang='lat' dir='ltr'><strong>inducti,</strong></span> <span class='ocrx_word' id='word_1_702' title='bbox 1628 4972 1739 5011; x_wconf 91' lang='lat' dir='ltr'><strong>non</strong></span> <span class='ocrx_word' id='word_1_703' title='bbox 1769 4956 2023 5014; x_wconf 84' lang='lat' dir='ltr'><strong>Mosaicis</strong></span> <span class='ocrx_word' id='word_1_704' title='bbox 2060 4974 2269 5029; x_wconf 65' lang='lat' dir='ltr'><strong>praeco-</strong></span> 
     </span>
    </p>
   </div>
   <div class='ocr_carea' id='block_1_98' title="bbox 691 5039 2271 5122">
    <p class='ocr_par' dir='ltr' id='par_1_98' title="bbox 691 5039 2271 5122">
     <span class='ocr_line' id='line_1_98' title="bbox 691 5039 2271 5122; baseline 0.008 -29"><span class='ocrx_word' id='word_1_705' title='bbox 691 5039 820 5105; x_wconf 89' lang='lat' dir='ltr'><strong>niis,</strong></span> <span class='ocrx_word' id='word_1_706' title='bbox 859 5050 951 5094; x_wconf 87' lang='lat' dir='ltr'><strong>aut</strong></span> <span class='ocrx_word' id='word_1_707' title='bbox 992 5039 1223 5098; x_wconf 84' lang='lat' dir='ltr'><strong>Joannis</strong></span> <span class='ocrx_word' id='word_1_708' title='bbox 1278 5044 1636 5111; x_wconf 85' lang='lat' dir='ltr'><strong>indicatione,</strong></span> <span class='ocrx_word' id='word_1_709' title='bbox 1684 5046 1780 5102; x_wconf 90' lang='lat' dir='ltr'><strong>sed</strong></span> <span class='ocrx_word' id='word_1_710' title='bbox 1832 5049 1996 5105; x_wconf 91' lang='lat' dir='ltr'><strong>unius</strong></span> <span class='ocrx_word' id='word_1_711' title='bbox 2044 5050 2271 5122; x_wconf 88' lang='lat' dir='ltr'><strong>ejusque</strong></span> 
     </span>
    </p>
   </div>
   <div class='ocr_carea' id='block_1_99' title="bbox 691 5134 2271 5213">
    <p class='ocr_par' dir='ltr' id='par_1_99' title="bbox 691 5134 2271 5213">
     <span class='ocr_line' id='line_1_99' title="bbox 691 5134 2271 5213; baseline 0.008 -27"><span class='ocrx_word' id='word_1_712' title='bbox 691 5134 1017 5201; x_wconf 88' lang='lat' dir='ltr'><strong>peccatricis</strong></span> <span class='ocrx_word' id='word_1_713' title='bbox 1070 5135 1401 5191; x_wconf 72' lang='lat' dir='ltr'><strong>mulierculm</strong></span> <span class='ocrx_word' id='word_1_714' title='bbox 1460 5138 1798 5193; x_wconf 90' lang='lat' dir='ltr'><strong>narratione.</strong></span> <span class='ocrx_word' id='word_1_715' title='bbox 1870 5138 2003 5195; x_wconf 84' lang='lat' dir='ltr'><strong>Jure</strong></span> <span class='ocrx_word' id='word_1_716' title='bbox 2084 5141 2271 5213; x_wconf 90' lang='lat' dir='ltr'><strong>itaque</strong></span> 
     </span>
    </p>
   </div>
   <div class='ocr_carea' id='block_1_100' title="bbox 694 5222 2269 5299">
    <p class='ocr_par' dir='ltr' id='par_1_100' title="bbox 694 5222 2269 5299">
     <span class='ocr_line' id='line_1_100' title="bbox 694 5222 2269 5299; baseline 0.01 -24"><span class='ocrx_word' id='word_1_717' title='bbox 694 5222 1001 5282; x_wconf 87' lang='lat' dir='ltr'><strong>Servatoris</strong></span> <span class='ocrx_word' id='word_1_718' title='bbox 1037 5226 1091 5282; x_wconf 90' lang='lat' dir='ltr'><strong>in</strong></span> <span class='ocrx_word' id='word_1_719' title='bbox 1120 5243 1215 5284; x_wconf 90' lang='lat' dir='ltr'><strong>eos</strong></span> <span class='ocrx_word' id='word_1_720' title='bbox 1246 5229 1585 5285; x_wconf 89' lang='lat' dir='ltr'><strong>admirantes</strong></span> <span class='ocrx_word' id='word_1_721' title='bbox 1612 5231 1964 5299; x_wconf 90' lang='lat' dir='ltr'><strong>sententiam,</strong></span> <span class='ocrx_word' id='word_1_722' title='bbox 1997 5235 2269 5292; x_wconf 74' lang='lat' dir='ltr'><strong>exclame-</strong></span> 
     </span>
    </p>
   </div>
   <div class='ocr_carea' id='block_1_101' title="bbox 692 5313 2265 5394">
    <p class='ocr_par' dir='ltr' id='par_1_101' title="bbox 692 5313 2265 5394">
     <span class='ocr_line' id='line_1_101' title="bbox 692 5313 2265 5394; baseline 0.011 -29"><span class='ocrx_word' id='word_1_723' title='bbox 692 5328 856 5368; x_wconf 90' lang='lat' dir='ltr'><strong>mus:</strong></span> <span class='ocrx_word' id='word_1_724' title='bbox 891 5332 910 5365; x_wconf 74' lang='grc' dir='ltr'><strong>ι</strong></span> <span class='ocrx_word' id='word_1_725' title='bbox 941 5313 1133 5372; x_wconf 85' lang='lat' dir='ltr'><strong>Justus</strong></span> <span class='ocrx_word' id='word_1_726' title='bbox 1184 5333 1265 5381; x_wconf 86' lang='lat' dir='ltr'><strong>es,</strong></span> <span class='ocrx_word' id='word_1_727' title='bbox 1307 5317 1567 5386; x_wconf 88' lang='lat' dir='ltr'><strong>Domine,</strong></span> <span class='ocrx_word' id='word_1_728' title='bbox 1623 5331 1674 5377; x_wconf 91' lang='lat' dir='ltr'><strong>et</strong></span> <span class='ocrx_word' id='word_1_729' title='bbox 1716 5333 1926 5378; x_wconf 89' lang='lat' dir='ltr'><strong>rectum</strong></span> <span class='ocrx_word' id='word_1_730' title='bbox 1994 5324 2265 5394; x_wconf 76' lang='lat' dir='ltr'><strong>judicium</strong></span> 
     </span>
    </p>
   </div>
   <div class='ocr_carea' id='block_1_102' title="bbox 692 5404 1004 5455">
    <p class='ocr_par' dir='ltr' id='par_1_102' title="bbox 692 5404 1004 5455">
     <span class='ocr_line' id='line_1_102' title="bbox 692 5404 1004 5455; baseline 0 -2"><span class='ocrx_word' id='word_1_731' title='bbox 692 5410 841 5454; x_wconf 86' lang='lat' dir='ltr'><strong>tuum</strong></span> <span class='ocrx_word' id='word_1_732' title='bbox 877 5404 942 5455; x_wconf 86' lang='grc'>¹¹.</span> <span class='ocrx_word' id='word_1_733' title='bbox 986 5422 1004 5453; x_wconf 77' lang='grc' dir='ltr'><strong>ι</strong></span> 
     </span>
    </p>
   </div>
   <div class='ocr_carea' id='block_1_103' title="bbox 2373 4579 3917 4659">
    <p class='ocr_par' dir='ltr' id='par_1_103' title="bbox 2373 4579 3917 4659">
     <span class='ocr_line' id='line_1_103' title="bbox 2373 4579 3917 4659; baseline -0.008 -15"><span class='ocrx_word' id='word_1_734' title='bbox 2373 4590 2495 4659; x_wconf 88' lang='grc' dir='ltr'>άγει</span> <span class='ocrx_word' id='word_1_735' title='bbox 2528 4589 2596 4642; x_wconf 85' lang='grc' dir='ltr'><strong>τὰ</strong></span> <span class='ocrx_word' id='word_1_736' title='bbox 2629 4588 2818 4643; x_wconf 90' lang='grc' dir='ltr'>νοσσία</span> <span class='ocrx_word' id='word_1_737' title='bbox 2844 4588 3042 4656; x_wconf 79' lang='grc' dir='ltr'>ἑαυτῆς</span> <span class='ocrx_word' id='word_1_738' title='bbox 3074 4584 3179 4638; x_wconf 78' lang='grc' dir='ltr'><strong>ὑπὸ</strong></span> <span class='ocrx_word' id='word_1_739' title='bbox 3211 4584 3307 4647; x_wconf 80' lang='grc' dir='ltr'>τὰς</span> <span class='ocrx_word' id='word_1_740' title='bbox 3343 4584 3652 4654; x_wconf 83' lang='grc' dir='ltr'>πτέρυγας,</span> <span class='ocrx_word' id='word_1_741' title='bbox 3707 4581 3795 4641; x_wconf 72' lang='grc' dir='ltr'>κα)</span> <span class='ocrx_word' id='word_1_742' title='bbox 3836 4579 3917 4632; x_wconf 74' lang='grc' dir='ltr'><strong>οὐκ</strong></span> 
     </span>
    </p>
   </div>
   <div class='ocr_carea' id='block_1_104' title="bbox 2367 4671 3911 4752">
    <p class='ocr_par' dir='ltr' id='par_1_104' title="bbox 2367 4671 3911 4752">
     <span class='ocr_line' id='line_1_104' title="bbox 2367 4671 3911 4752; baseline -0.01 -17"><span class='ocrx_word' id='word_1_743' title='bbox 2367 4681 2669 4752; x_wconf 74' lang='grc' dir='ltr'>ἠθελήσατε</span> <span class='ocrx_word' id='word_1_744' title='bbox 2692 4679 2855 4744; x_wconf 77' lang='grc' dir='ltr'>;Ἰδου</span> <span class='ocrx_word' id='word_1_745' title='bbox 2884 4677 3102 4746; x_wconf 79' lang='grc' dir='ltr'>ἀφίεται</span> <span class='ocrx_word' id='word_1_746' title='bbox 3132 4676 3260 4746; x_wconf 80' lang='grc' dir='ltr'>ὑμῖν</span> <span class='ocrx_word' id='word_1_747' title='bbox 3285 4671 3471 4735; x_wconf 75' lang='grc' dir='ltr'>ὁοῖκος</span> <span class='ocrx_word' id='word_1_748' title='bbox 3496 4673 3653 4743; x_wconf 85' lang='grc' dir='ltr'>ὑμῶν</span> <span class='ocrx_word' id='word_1_749' title='bbox 3671 4672 3911 4743; x_wconf 77' lang='grc' dir='ltr'>ἕρημος.»</span> 
     </span>
    </p>
   </div>
   <div class='ocr_carea' id='block_1_105' title="bbox 2369 4763 3916 4844">
    <p class='ocr_par' dir='ltr' id='par_1_105' title="bbox 2369 4763 3916 4844">
     <span class='ocr_line' id='line_1_105' title="bbox 2369 4763 3916 4844; baseline -0.01 -19"><span class='ocrx_word' id='word_1_750' title='bbox 2369 4774 2701 4844; x_wconf 84' lang='grc' dir='ltr'>Σαμαρεῖται</span> <span class='ocrx_word' id='word_1_751' title='bbox 2723 4770 2777 4823; x_wconf 77' lang='grc' dir='ltr'>δὲ</span> <span class='ocrx_word' id='word_1_752' title='bbox 2806 4769 2916 4822; x_wconf 86' lang='grc' dir='ltr'><strong>τῶν</strong></span> <span class='ocrx_word' id='word_1_753' title='bbox 2943 4768 3208 4821; x_wconf 85' lang='grc' dir='ltr'>Ἰουδαίων</span> <span class='ocrx_word' id='word_1_754' title='bbox 3260 4765 3515 4828; x_wconf 87' lang='grc' dir='ltr'>ἀπονοίας</span> <span class='ocrx_word' id='word_1_755' title='bbox 3560 4763 3916 4831; x_wconf 79' lang='grc' dir='ltr'>ἀναφαίνονται</span> 
     </span>
    </p>
   </div>
   <div class='ocr_carea' id='block_1_106' title="bbox 2372 4852 3916 4935">
    <p class='ocr_par' dir='ltr' id='par_1_106' title="bbox 2372 4852 3916 4935">
     <span class='ocr_line' id='line_1_106' title="bbox 2372 4852 3916 4935; baseline -0.011 -18"><span class='ocrx_word' id='word_1_756' title='bbox 2372 4864 2677 4935; x_wconf 81' lang='grc' dir='ltr'>κρείττονες</span> <span class='ocrx_word' id='word_1_757' title='bbox 2701 4903 2715 4925; x_wconf 92' lang='grc'><strong>,</strong></span> <span class='ocrx_word' id='word_1_758' title='bbox 2744 4863 2839 4914; x_wconf 72' lang='grc' dir='ltr'>καὶ</span> <span class='ocrx_word' id='word_1_759' title='bbox 2870 4860 2968 4932; x_wconf 85' lang='grc' dir='ltr'>τὴν</span> <span class='ocrx_word' id='word_1_760' title='bbox 2998 4859 3223 4913; x_wconf 78' lang='grc' dir='ltr'>ἐνοῦσαν</span> <span class='ocrx_word' id='word_1_761' title='bbox 3249 4859 3432 4922; x_wconf 79' lang='grc' dir='ltr'>αὐτοῖς</span> <span class='ocrx_word' id='word_1_762' title='bbox 3463 4856 3792 4923; x_wconf 84' lang='grc' dir='ltr'>δυσμάθειαν</span> <span class='ocrx_word' id='word_1_763' title='bbox 3819 4852 3916 4910; x_wconf 78' lang='grc' dir='ltr'>ταῖς</span> 
     </span>
    </p>
   </div>
   <div class='ocr_carea' id='block_1_107' title="bbox 2371 4943 3916 5021">
    <p class='ocr_par' dir='ltr' id='par_1_107' title="bbox 2371 4943 3916 5021">
     <span class='ocr_line' id='line_1_107' title="bbox 2371 4943 3916 5021; baseline -0.012 -14"><span class='ocrx_word' id='word_1_764' title='bbox 2371 4952 2705 5015; x_wconf 82' lang='grc' dir='ltr'>εύπειθείαις</span> <span class='ocrx_word' id='word_1_765' title='bbox 2729 4950 3052 5021; x_wconf 82' lang='grc' dir='ltr'>νικήσαντες</span> <span class='ocrx_word' id='word_1_766' title='bbox 3070 4992 3084 5014; x_wconf 91' lang='grc'><strong>,</strong></span> <span class='ocrx_word' id='word_1_767' title='bbox 3117 4948 3233 5011; x_wconf 81' lang='grc' dir='ltr'>ἐνὸς</span> <span class='ocrx_word' id='word_1_768' title='bbox 3264 4948 3356 5001; x_wconf 75' lang='grc' dir='ltr'>καὶ</span> <span class='ocrx_word' id='word_1_769' title='bbox 3385 4948 3547 5018; x_wconf 84' lang='grc' dir='ltr'>μόνου</span> <span class='ocrx_word' id='word_1_770' title='bbox 3575 4943 3916 5000; x_wconf 83' lang='grc' dir='ltr'>κατακούσαν-</span> 
     </span>
    </p>
   </div>
   <div class='ocr_carea' id='block_1_108' title="bbox 2369 5032 3913 5114">
    <p class='ocr_par' dir='ltr' id='par_1_108' title="bbox 2369 5032 3913 5114">
     <span class='ocr_line' id='line_1_108' title="bbox 2369 5032 3913 5114; baseline -0.011 -14"><span class='ocrx_word' id='word_1_771' title='bbox 2369 5063 2461 5110; x_wconf 89' lang='grc' dir='ltr'><strong>τες</strong></span> <span class='ocrx_word' id='word_1_772' title='bbox 2505 5038 2812 5114; x_wconf 82' lang='grc' dir='ltr'>θαύματος,</span> <span class='ocrx_word' id='word_1_773' title='bbox 2856 5041 3104 5112; x_wconf 85' lang='grc' dir='ltr'>δρομαῖοι</span> <span class='ocrx_word' id='word_1_774' title='bbox 3130 5038 3433 5109; x_wconf 77' lang='grc' dir='ltr'>βαδίζουσιν</span> <span class='ocrx_word' id='word_1_775' title='bbox 3463 5038 3555 5092; x_wconf 76' lang='grc' dir='ltr'>ἐπὶ</span> <span class='ocrx_word' id='word_1_776' title='bbox 3585 5038 3677 5090; x_wconf 73' lang='grc' dir='ltr'>τὸν</span> <span class='ocrx_word' id='word_1_777' title='bbox 3718 5032 3913 5104; x_wconf 87' lang='grc' dir='ltr'>Ἰησοῦν,</span> 
     </span>
    </p>
   </div>
   <div class='ocr_carea' id='block_1_109' title="bbox 2370 5126 3916 5202">
    <p class='ocr_par' dir='ltr' id='par_1_109' title="bbox 2370 5126 3916 5202">
     <span class='ocr_line' id='line_1_109' title="bbox 2370 5126 3916 5202; baseline -0.008 -12"><span class='ocrx_word' id='word_1_778' title='bbox 2370 5139 2432 5190; x_wconf 86' lang='grc' dir='ltr'><strong>οὐ</strong></span> <span class='ocrx_word' id='word_1_779' title='bbox 2456 5139 2575 5198; x_wconf 83' lang='grc' dir='ltr'>ταῖς</span> <span class='ocrx_word' id='word_1_780' title='bbox 2599 5133 2707 5187; x_wconf 89' lang='grc' dir='ltr'><strong>τῶν</strong></span> <span class='ocrx_word' id='word_1_781' title='bbox 2734 5133 2903 5201; x_wconf 84' lang='grc' dir='ltr'>ἀγίων</span> <span class='ocrx_word' id='word_1_782' title='bbox 2922 5131 3215 5202; x_wconf 82' lang='grc' dir='ltr'>προφητῶν</span> <span class='ocrx_word' id='word_1_783' title='bbox 3231 5129 3691 5198; x_wconf 84' lang='grc' dir='ltr'>ἀναπεπεισμένοι</span> <span class='ocrx_word' id='word_1_784' title='bbox 3718 5126 3916 5195; x_wconf 77' lang='grc' dir='ltr'>φωναῖς,</span> 
     </span>
    </p>
   </div>
   <div class='ocr_carea' id='block_1_110' title="bbox 2368 5219 3912 5295">
    <p class='ocr_par' dir='ltr' id='par_1_110' title="bbox 2368 5219 3912 5295">
     <span class='ocr_line' id='line_1_110' title="bbox 2368 5219 3912 5295; baseline -0.01 -12"><span class='ocrx_word' id='word_1_785' title='bbox 2368 5230 2431 5283; x_wconf 81' lang='grc' dir='ltr'><strong>οὐ</strong></span> <span class='ocrx_word' id='word_1_786' title='bbox 2464 5226 2780 5287; x_wconf 79' lang='grc' dir='ltr'>Μωσαῖκοῖς</span> <span class='ocrx_word' id='word_1_787' title='bbox 2811 5222 3189 5295; x_wconf 82' lang='grc' dir='ltr'>κηρύγμασιν,</span> <span class='ocrx_word' id='word_1_788' title='bbox 3239 5221 3274 5292; x_wconf 80' lang='grc' dir='ltr'><strong>ἢ</strong></span> <span class='ocrx_word' id='word_1_789' title='bbox 3312 5223 3431 5285; x_wconf 88' lang='grc' dir='ltr'>ταῖς</span> <span class='ocrx_word' id='word_1_790' title='bbox 3469 5221 3717 5274; x_wconf 87' lang='grc' dir='ltr'>Ἰωάννου</span> <span class='ocrx_word' id='word_1_791' title='bbox 3742 5219 3912 5273; x_wconf 82' lang='grc' dir='ltr'>δακτυ-</span> 
     </span>
    </p>
   </div>
   <div class='ocr_carea' id='block_1_111' title="bbox 2370 5306 3915 5387">
    <p class='ocr_par' dir='ltr' id='par_1_111' title="bbox 2370 5306 3915 5387">
     <span class='ocr_line' id='line_1_111' title="bbox 2370 5306 3915 5387; baseline -0.012 -11"><span class='ocrx_word' id='word_1_792' title='bbox 2370 5321 2681 5386; x_wconf 82' lang='grc' dir='ltr'>λοδειξίαις,</span> <span class='ocrx_word' id='word_1_793' title='bbox 2753 5317 2891 5371; x_wconf 88' lang='grc' dir='ltr'><strong>ἀλλά</strong></span> <span class='ocrx_word' id='word_1_794' title='bbox 2945 5316 3075 5387; x_wconf 80' lang='grc' dir='ltr'>μιᾶς</span> <span class='ocrx_word' id='word_1_795' title='bbox 3141 5313 3325 5377; x_wconf 80' lang='grc' dir='ltr'>αὐτοῖς</span> <span class='ocrx_word' id='word_1_796' title='bbox 3384 5313 3784 5384; x_wconf 74' lang='grc' dir='ltr'>ἐξηγουμένης,</span> <span class='ocrx_word' id='word_1_797' title='bbox 3838 5306 3915 5361; x_wconf 81' lang='grc' dir='ltr'>καὶ</span> 
     </span>
    </p>
   </div>
   <div class='ocr_carea' id='block_1_112' title="bbox 2369 5400 3912 5483">
    <p class='ocr_par' dir='ltr' id='par_1_112' title="bbox 2369 5400 3912 5483">
     <span class='ocr_line' id='line_1_112' title="bbox 2369 5400 3912 5483; baseline -0.013 -13"><span class='ocrx_word' id='word_1_798' title='bbox 2369 5415 2529 5470; x_wconf 87' lang='grc' dir='ltr'>τοῦτο</span> <span class='ocrx_word' id='word_1_799' title='bbox 2565 5408 2887 5483; x_wconf 90' lang='grc' dir='ltr'>ἀμαρτωλοῦ</span> <span class='ocrx_word' id='word_1_800' title='bbox 2921 5406 3195 5477; x_wconf 86' lang='grc' dir='ltr'>γυναικός.</span> <span class='ocrx_word' id='word_1_801' title='bbox 3255 5404 3505 5473; x_wconf 83' lang='grc' dir='ltr'>Εύλόγως</span> <span class='ocrx_word' id='word_1_802' title='bbox 3529 5402 3807 5475; x_wconf 82' lang='grc' dir='ltr'>τοιγαροῦν</span> <span class='ocrx_word' id='word_1_803' title='bbox 3834 5400 3912 5466; x_wconf 69' lang='grc' dir='ltr'>τὴν</span> 
     </span>
    </p>
   </div>
   <div class='ocr_carea' id='block_1_113' title="bbox 689 5495 3915 5581">
    <p class='ocr_par' dir='ltr' id='par_1_113' title="bbox 689 5495 3915 5581">
     <span class='ocr_line' id='line_1_113' title="bbox 689 5495 3915 5581; baseline 0 -34"><span class='ocrx_word' id='word_1_804' title='bbox 689 5495 775 5547; x_wconf 73' lang='grc' dir='ltr'><strong>ἐπ’</strong></span> <span class='ocrx_word' id='word_1_805' title='bbox 806 5495 1003 5558; x_wconf 77' lang='grc' dir='ltr'>αὐτοὺς</span> <span class='ocrx_word' id='word_1_806' title='bbox 1035 5498 1129 5551; x_wconf 81' lang='grc' dir='ltr'><strong>τοῦ</strong></span> <span class='ocrx_word' id='word_1_807' title='bbox 1158 5499 1410 5570; x_wconf 80' lang='grc' dir='ltr'>Σωτῆρος</span> <span class='ocrx_word' id='word_1_808' title='bbox 1441 5501 1918 5573; x_wconf 75' lang='grc' dir='ltr'>ἁποθαυμάζοντες</span> <span class='ocrx_word' id='word_1_809' title='bbox 1942 5505 2139 5577; x_wconf 74' lang='grc' dir='ltr'>ψῆφον,</span> <span class='ocrx_word' id='word_1_810' title='bbox 2171 5509 2266 5565; x_wconf 74' lang='grc' dir='ltr'>καὶ</span> <span class='ocrx_word' id='word_1_811' title='bbox 2301 5511 2460 5581; x_wconf 78' lang='grc' dir='ltr'>ἡμεῖς</span> <span class='ocrx_word' id='word_1_812' title='bbox 2488 5502 2972 5575; x_wconf 78' lang='grc' dir='ltr'>ἀναφθεγξώμεθα·</span> <span class='ocrx_word' id='word_1_813' title='bbox 3023 5522 3041 5554; x_wconf 75' lang='grc' dir='ltr'><strong>ι</strong></span> <span class='ocrx_word' id='word_1_814' title='bbox 3065 5502 3279 5566; x_wconf 84' lang='grc' dir='ltr'>Δίκαιος</span> <span class='ocrx_word' id='word_1_815' title='bbox 3309 5497 3391 5568; x_wconf 75' lang='grc' dir='ltr'><strong>εἴ,</strong></span> <span class='ocrx_word' id='word_1_816' title='bbox 3423 5500 3591 5571; x_wconf 82' lang='grc' dir='ltr'>Κύριε</span> <span class='ocrx_word' id='word_1_817' title='bbox 3618 5541 3631 5567; x_wconf 87' lang='grc'><strong>,</strong></span> <span class='ocrx_word' id='word_1_818' title='bbox 3694 5499 3781 5552; x_wconf 75' lang='grc' dir='ltr'><strong>καὶ</strong></span> <span class='ocrx_word' id='word_1_819' title='bbox 3839 5495 3915 5547; x_wconf 57' lang='grc' dir='ltr'><strong>εἰς</strong></span> 
     </span>
    </p>
   </div>
   <div class='ocr_carea' id='block_1_114' title="bbox 692 5584 1292 5657">
    <p class='ocr_par' dir='ltr' id='par_1_114' title="bbox 692 5584 1292 5657">
     <span class='ocr_line' id='line_1_114' title="bbox 692 5584 1292 5657; baseline 0.01 -21"><span class='ocrx_word' id='word_1_820' title='bbox 692 5584 809 5637; x_wconf 84' lang='grc' dir='ltr'>θεῖα</span> <span class='ocrx_word' id='word_1_821' title='bbox 841 5589 875 5657; x_wconf 83' lang='grc' dir='ltr'><strong>ὴ</strong></span> <span class='ocrx_word' id='word_1_822' title='bbox 918 5588 1100 5657; x_wconf 87' lang='grc' dir='ltr'>κρίσις</span> <span class='ocrx_word' id='word_1_823' title='bbox 1128 5606 1239 5642; x_wconf 81' lang='grc' dir='ltr'>σου.</span> <span class='ocrx_word' id='word_1_824' title='bbox 1277 5611 1292 5641; x_wconf 84' lang='grc' dir='ltr'><strong>ι</strong></span> 
     </span>
    </p>
   </div>
   <div class='ocr_carea' id='block_1_115' title="bbox 754 5763 2272 5843">
    <p class='ocr_par' dir='ltr' id='par_1_115' title="bbox 754 5763 2245 5843">
     <span class='ocr_line' id='line_1_115' title="bbox 754 5763 2245 5843; baseline 0.007 -25"><span class='ocrx_word' id='word_1_825' title='bbox 754 5763 772 5791; x_wconf 74' lang='grc'>⁸</span> <span class='ocrx_word' id='word_1_826' title='bbox 813 5763 913 5821; x_wconf 82' lang='lat' dir='ltr'><strong>lsa.</strong></span> <span class='ocrx_word' id='word_1_827' title='bbox 952 5783 1041 5831; x_wconf 56' lang='grc' dir='ltr'>χιι,</span> <span class='ocrx_word' id='word_1_828' title='bbox 1078 5767 1129 5822; x_wconf 84' lang='grc'>9.</span> <span class='ocrx_word' id='word_1_829' title='bbox 1211 5769 1229 5799; x_wconf 84' lang='grc'><strong>⁹</strong></span> <span class='ocrx_word' id='word_1_830' title='bbox 1262 5768 1417 5823; x_wconf 83' lang='lat' dir='ltr'><strong>Joan.</strong></span> <span class='ocrx_word' id='word_1_831' title='bbox 1454 5769 1605 5835; x_wconf 72' lang='lat'><strong>1,29.</strong></span> <span class='ocrx_word' id='word_1_832' title='bbox 1691 5771 1729 5801; x_wconf 82' lang='grc'><strong>¹⁰</strong></span> <span class='ocrx_word' id='word_1_833' title='bbox 1764 5771 1952 5827; x_wconf 79' lang='lat' dir='ltr'><strong>Matth.</strong></span> <span class='ocrx_word' id='word_1_834' title='bbox 1981 5776 2245 5843; x_wconf 62' lang='lat'><strong>“111,37,</strong></span> 
     </span>
    </p>
   </div>
   <div class='ocr_carea' id='block_1_116' title="bbox 2370 5763 3057 5843">
    <p class='ocr_par' dir='ltr' id='par_1_116' title="bbox 2448 5777 3057 5843">
     <span class='ocr_line' id='line_1_116' title="bbox 2448 5777 3057 5843; baseline -0.011 -6"><span class='ocrx_word' id='word_1_835' title='bbox 2448 5780 2484 5812; x_wconf 83' lang='lat'>“</span> <span class='ocrx_word' id='word_1_836' title='bbox 2520 5777 2663 5837; x_wconf 79' lang='lat' dir='ltr'><strong>Psal.</strong></span> <span class='ocrx_word' id='word_1_837' title='bbox 2696 5791 2895 5843; x_wconf 64' lang='lat' dir='ltr'><strong>cum,</strong></span> <span class='ocrx_word' id='word_1_838' title='bbox 2938 5777 3057 5831; x_wconf 77' lang='grc'><strong>137.</strong></span> 
     </span>
    </p>
   </div>
  </div>
