4118 6544
229 404 330 460 Sil

1255 388 1321 443 IN
1360 385 1654 444 JOANNIS
1676 382 1858 441 EVAN
1872 380 2138 440 GELIUM
2176 377 2306 434 LIB.
2343 379 2411 434 Il.

3367 374 3474 427 52‘2

317 515 415 567 Ἐν
430 508 497 563 δὲ
506 506 587 573 τῷ
594 501 821 576 μεταξὺ
833 500 1073 571 ἠρώτων
1088 501 1273 555 αὐτὸν
1286 503 1340 554 οΙ
1352 497 1805 570 μοθηταὶβιύτοῦ

1979 491 2068 557 IV,
2101 494 2189 546 '5l.
2228 490 2439 545 Interea
2484 488 2740 559 rogabant
2784 502 2902 541 eum
2948 484 3198 552 discipuli
3236 484 3373 553 ejus,
3401 476 3476 537 di-

224 604 508 672 λέγοντες
526 613 543 630 ⁸
591 594 800 656 Ῥαόϐὶ,
828 592 1001 662 φάγε.
1042 591 1104 643 '0
1135 589 1203 642 δὲ
1225 590 1394 644 εἶπεν
1419 587 1642 653 αὐτοῖς.

302 690 587 759 Οἰκονομεῖ
618 686 716 757 μὲν
750 684 948 755 ἄριστα
990 681 1085 735 τοῦ
1116 680 1322 751 βιϐλίου
1348 680 1446 752 τὴν
1476 678 1800 750 συγγραφὴν

224 786 255 837 ὁ
284 781 567 839 θεσπέσιος
612 771 1033 842 εὑαγγελιστὴς,
1081 768 1491 841 παραλιμπάνει
1541 767 1600 820 δὲ
1648 766 1801 820 οὐδὲν

224 874 336 926 τῶν
363 873 462 924 ὅσα
500 867 566 938 δὴ
604 866 821 929 πάντως
852 866 964 926 τοῖς
1008 860 1410 931 ἐντευξομένοις
1458 858 1677 911 ἔσεσθαι
1712 874 1801 910 πι-

227 960 408 1012 στεύει
429 953 704 1024 λυσιτελῆ.
744 954 941 1005 Ἀκουε
966 950 1143 1004 τοίνυν
1168 950 1317 1013 ὅπως
1346 951 1479 1020 ἡμῖν
1509 948 1801 1015 ἀξιολογω-

222 1053 390 1106 τάτου
429 1048 754 1121 πράγματος
787 1044 1050 1113 γεγονότα
1088 1042 1250 1097 πάλιν
1294 1041 1661 1113 ὑπογραμμὸν
1691 1041 1804 1093 εισ-

224 1143 385 1212 φέρει
405 1140 497 1193 τὸν
533 1136 760 1207 Ἰησοῦν.
795 1135 960 1189 οὐδὲν
991 1135 1098 1205 γὰρ
1129 1129 1281 1204 οἶμαι
1314 1131 1589 1186 τεθεῖσθαι
1623 1131 1802 1202 μάτην

223 1234 284 1285 ὲν
312 1234 430 1293 ταῖς
460 1229 568 1282 τῶν
590 1227 762 1297 ἀγίων
796 1227 1157 1296 συγγραφαῖς,
1193 1224 1327 1277 ἀλλὰ
1348 1225 1441 1277 καὶ
1468 1223 1603 1293 ὅπερ
1629 1222 1694 1275 ἀν
1720 1238 1802 1284 τις

222 1323 406 1392 οἴηται
436 1319 629 1390 μικρὸν
648 1359 665 1385 ,
712 1318 810 1370 οὐκ
850 1315 1323 1387 εὐκαταφρόνητον
1351 1313 1538 1371 ὠδῖνον
1576 1311 1688 1364 ἐσθ’
1713 1312 1801 1364 ὅτε

219 1414 325 1485 τὴν
346 1412 615 1482 ὠφέλειαν
643 1409 976 1480 εὑρίσκεται.
1037 1406 1365 1476 ’Δρξάμενος
1390 1400 1679 1472 τοιγαροῦν
1703 1402 1801 1470 τῆς

222 1499 583 1575 Σαμαρειτῶν
611 1498 964 1569 ἐπιστροφῆς,
980 1497 1074 1551 καὶ
1096 1498 1219 1550 ὅσον
1245 1494 1456 1547 οὐδέπω
1495 1491 1802 1562 προσδοκω-

222 1594 409 1664 μένων
427 1590 609 1645 αὐτῶν
630 1607 645 1621 ·
692 1590 809 1660 ⁴ᾔδει
835 1589 943 1659 γάρ
982 1587 1208 1658 ἥξοντας
1250 1586 1325 1649 ὼς
1346 1585 1476 1647 Θεός
1501 1602 1513 1614 ο
1560 1583 1679 1646 ὅλος
1701 1584 1800 1653 μὲν

217 1679 283 1747 ἐξ
309 1684 438 1735 ὅλου
457 1680 603 1751 ,πρὸς
633 1679 731 1749 τὴν
762 1679 870 1731 τῶν
897 1676 1248 1748 κεκλημένων
1290 1675 1564 1747 σωτηρίαν
1595 1672 1801 1727 συντεί-

218 1787 408 1835 νεται,
457 1772 692 1823 ποιεῖται
732 1769 791 1823 δὲ
836 1769 994 1838 λόγον
1037 1769 1228 1823 οὐδένα
1268 1770 1367 1839 τῆς
1415 1767 1509 1820 τοῦ
1554 1764 1802 1835 σώματος

1902 596 2114 639 centes:
2148 582 2335 645 Rnbbi,
2368 580 2659 635 manduca.
2691 579 2793 634 Ille
2819 589 2995 632 autent
3030 576 3157 628 dicit
3199 576 3297 628 eis.

1975 676 2134 746 196
2177 675 2403 728 Divinos
2432 673 2767 742 evangelista
2804 670 3069 741 praaclaro
3092 668 3289 722 librum
3317 682 3478 721 suum

1899 769 2094 823 ordine
2125 767 2426 835 componit,
2461 764 2707 833 nihilque
2735 761 3100 832 praetermittit
3136 774 3326 815 eorum
3358 774 3479 828 qua:

1901 857 2205 911 lectoribus
2236 857 2359 911 usui
2388 854 2504 909 fore
2536 855 2834 909 existimat.
2859 853 3001 907 Audi
3026 866 3158 922 ergo
3186 866 3298 922 quo
3321 862 3479 921 pacto

1899 952 1976 1004 rei
2017 948 2450 1020 praeclarissima:
2478 945 2664 1000 Jesum
2714 945 2874 1000 nobis
2926 945 3235 1013 exemplum
3283 956 3480 997 rursus

1898 1050 2123 1097 statuat.
2165 1040 2313 1094 Nihil
2348 1041 2494 1094 enim
2534 1038 2740 1092 frustra
2768 1038 2822 1090 in
2848 1048 3168 1091 sanctorum
3207 1036 3361 1089 libris
3386 1050 3478 1104 po-

1899 1135 2065 1189 situm
2112 1148 2235 1188 esse
2262 1138 2415 1201 puto,
2455 1130 2549 1185 sed
2581 1128 2729 1199 quod
2774 1142 3003 1198 parvum
3034 1127 3339 1192 existimas,
3372 1141 3479 1179 non

1900 1224 2270 1294 paenitendum
2306 1221 2635 1292 quandoque
2681 1219 2975 1274 utilitatem
3022 1219 3296 1287 parturire
3337 1231 3480 1270 com-

1902 1316 2101 1386 peries.
2133 1314 2465 1383 Auspicatus
2488 1312 2655 1382 igitur
2683 1324 2712 1363 a
2742 1309 3220 1364 Samaritanorum
3248 1320 3482 1361 conver-

1901 1409 2077 1470 sione,
2104 1417 2159 1461 et
2186 1421 2308 1461 cum
2330 1405 2555 1475 jamjam
2578 1410 3036 1473 exspectarentur
3064 1400 3166 1470 ipsi
3201 1402 3483 1468 (venturos

1900 1499 2047 1554 enim
2077 1505 2332 1561 noverat,
2362 1504 2422 1550 ut
2448 1494 2633 1561 Deus),
2662 1502 2811 1549 totus
2841 1493 2896 1547 in
2932 1493 3164 1548 salutem
3181 1492 3482 1546 electorum

1902 1591 2193 1649 incumbit.
2234 1588 2512 1644 nutriendi
2566 1602 2697 1641 vero
2745 1585 2993 1656 corporis
3044 1598 3230 1639 curam
3279 1582 3483 1636 nullam

1904 1681 2083 1745 habet,
2127 1682 2256 1736 licet
2299 1680 2462 1734 etiam
2511 1695 2578 1734 ex
2624 1680 2820 1734 itinere
2858 1676 3213 1747 defatigatus,
3250 1680 3310 1727 ut
3345 1674 3481 1727 scri-

1904 1780 2060 1843 ptum
2119 1782 2204 1827 est
2236 1773 2314 1836 ¹¹,
2374 1786 2484 1842 quo
2537 1771 2795 1826 nimirum
2848 1768 3106 1823 Ecclesiae.
3164 1766 3484 1822 doctoribus

217 1860 433 1931 τροφῆς
451 1901 466 1925 ,
494 1861 670 1915 καίτοι
699 1860 792 1915 καὶ
821 1859 1118 1931 κεκμηκὼς
1152 1862 1218 1912 ὲκ
1236 1859 1336 1929 τῆς
1366 1857 1700 1928 ὁδοιπορίας,
1727 1855 1803 1919 ὡς

1908 1864 2084 1918 denuo
2111 1863 2305 1933 prosit,
2341 1871 2395 1917 et
2437 1862 2680 1918 laborem
2712 1859 3001 1931 aspernari
3048 1859 3267 1921 doceat,
3308 1856 3484 1924 majo-

218 1956 554 2024 γέγραπται,
586 1952 672 2005 ἵνα
697 1951 785 2005 διὰ
809 1950 1001 2003 τούτου
1035 1950 1196 2004 πάλιν
1218 1951 1344 2013 τοὺς
1375 1951 1433 2002 ὲν
1466 1951 1584 2011 ταῖς
1603 1946 1803 2016 ἐκκλη-

218 2046 368 2107 σίαις
412 2043 670 2115 ὠφελήσῃ
694 2043 1050 2106 διδασκάλους
1069 2081 1085 2106 ,
1128 2043 1224 2095 καὶ
1255 2042 1504 2112 καμάτου
1536 2041 1635 2111 μὲν
1662 2054 1802 2092 παν-

218 2137 308 2200 τὸς
331 2135 605 2208 ἀναπείσῃ
649 2136 951 2207 περιορᾷν,
997 2134 1282 2206 κρείττονα
1318 2134 1374 2187 δὲ
1421 2133 1523 2202 τῆς
1560 2133 1690 2202 περὶ
1740 2130 1802 2183 τὸ

218 2227 388 2297 σῶμα
418 2227 695 2297 φροντίδος
747 2227 845 2296 τὴν
878 2228 971 2280 ἐπὶ
1009 2230 1123 2291 τοῖς
1173 2225 1503 2295 σωζομένοις
1530 2222 1798 2279 ποιεῖσθαι

219 2318 484 2388 σπουδήν
517 2336 536 2369 ι
565 2318 702 2371 Οὐαὶ
722 2317 851 2388 γὰρ,
877 2318 1041 2388 φησὶν
1061 2319 1090 2370 ὀ
1113 2318 1418 2388 προφήτης,
1445 2318 1496 2370 οἱ
1525 2316 1805 2379 ποιοῦντες

215 2410 275 2463 τὸ
306 2408 476 2479 ἔργον
505 2409 710 2481 Κυρίου
744 2409 983 2479 ἀμελῶς.
1018 2426 1040 2463 ι
1079 2410 1195 2462 Ἵνα
1218 2408 1398 2462 τοίνυν
1444 2408 1804 2479 μανθάνωμεν

215 2502 273 2552 ὲν
322 2503 443 2562 τοῖς
482 2498 743 2561 τοιούτοις
790 2498 1023 2569 μάλιστα
1059 2499 1273 2570 καιροῖς
1317 2499 1525 2552 ἀσιτείν
1575 2498 1803 2552 εἰωθότα

216 2592 304 2645 τὸν
329 2591 573 2661 Κύριον,
618 2589 938 2661 ἐρωτῶντας
965 2589 1208 2661 εἰσφέρει
1239 2591 1365 2652 τοὺς
1391 2590 1667 2660 μαθητὰς,
1714 2589 1809 2642 καὶ

220 2682 511 2752 μονονουχὶ
551 2681 1140 2752 προκυλινδουμένους,
1191 2683 1280 2735 ἵνα
1318 2682 1381 2752 δή
1416 2700 1467 2734 τι
1498 2682 1671 2752 βραχὺ
1699 2680 1808 2733 τῶν

1902 1968 2127 2023 remque
2160 1953 2353 2007 salutis
2381 1953 2753 2021 proximorum
2790 1965 2956 2021 quam
2982 1950 3069 2003 sui
3101 1949 3357 2017 corporis
3388 1961 3486 2000 cu-

1900 2059 2015 2098 ram
2051 2059 2263 2113 gerere.
2295 2062 2313 2094 ι
2348 2042 2438 2097 ναξ
2458 2043 2625 2108 enim,
2658 2042 2843 2112 inquit
2865 2040 3152 2111 propheta,
3174 2041 3269 2110 qui
3304 2038 3486 2093 facitis

1904 2149 2042 2202 epus
2077 2131 2293 2186 Domini
2334 2132 2671 2203 negligenter
2707 2131 2772 2185 ¹³.
2814 2149 2833 2182 ι
2867 2129 2933 2184 Ut
2962 2144 3092 2200 ergo
3130 2129 3409 2183 discamus
3433 2126 3485 2180 in

1906 2222 2218 2278 istiusmodi
2264 2223 2499 2276 maxime
2527 2222 2865 2291 temporibus
2899 2220 3193 2275 Dominum
3233 2218 3487 2289 jejunarc

1904 2314 2149 2376 solitum,
2185 2313 2592 2382 interrogantes
2640 2313 2849 2367 inducit
2895 2311 3217 2380 discipulos,
3267 2325 3333 2364 ac
3365 2316 3482 2362 tan-

1903 2415 2015 2459 tum
2052 2420 2159 2459 non
2211 2405 2445 2474 genibus
2498 2404 2792 2459 advolutos
2851 2411 3058 2473 petere,
3114 2408 3176 2454 ut
3211 2399 3487 2453 modicum

1903 2497 2033 2567 quid
2053 2511 2241 2551 eorum
2265 2511 2387 2566 quae
2419 2496 2776 2565 suppetebant
2812 2496 2865 2549 in
2901 2493 3273 2549 necessarium
3305 2490 3488 2545 cibum

1912 2595 2155 2657 caperet.
2194 2586 2468 2641 Petierant
2501 2588 2698 2656 quippe
2730 2587 2918 2641 urbem
2956 2595 3015 2639 ut
3044 2584 3198 2639 cibos
3227 2589 3489 2649 emerent,

1913 2693 2119 2748 eosque
2141 2677 2256 2746 jam
2299 2677 2618 2730 attulerant.

216 2777 679 2846 πεπορισμένων,
728 2777 805 2840 ὡς
847 2777 1220 2848 ἀπαραίτητόν
1254 2794 1313 2830 τε
1362 2778 1456 2830 καὶ
1499 2777 1803 2845 ἀναγκαίαν
1842 2775 2129 2845 ποιήσαιτο
2175 2774 2400 2843 τροφήν.
2438 2771 2814 2842 Ἀπελύθησαν
2852 2772 2960 2840 γὰρ
3004 2772 3085 2835 είς
3151 2772 3251 2842 τὴν
3316 2768 3490 2825 πόλιν,

218 2872 301 2924 ἵνα
335 2872 552 2943 τροφάς
599 2871 944 2944 ἀγοράσωσιν
965 2913 982 2941 ,
1028 2872 1094 2935 ἃς
1128 2874 1222 2925 καὶ
1245 2873 1500 2943 παρῆσαν
1530 2873 1630 2943 ἠδη
1662 2871 2143 2940 συγκομισάμενοι.

300 2964 453 3033 Ἐγὼ
476 2963 714 3032 ,βρῶσιν
731 2964 849 3034 ἔχω
869 2964 1081 3036 φαγεῖν
1099 3008 1114 3032 ,
1144 2964 1225 3032 ἣν
1250 2965 1419 3035 ὑμεῖς
1447 2966 1558 3019 οὐκ
1586 2963 1805 3017 οἴδατε.

1984 2960 2188 3026 ωδε,
2228 2958 2340 3031 Ego
2392 2960 2565 3014 cibum
2612 2959 2775 3014 habeo
2818 2959 3159 3029 manducare,
3204 2974 3356 3028 quem
3402 2973 3491 3012 ros

1913 3053 2146 3106 nescitis.

287 3139 610 3210 Χαριέντως
644 3139 745 3209 μὲν
776 3142 804 3193 ό
836 3140 1024 3213 Σωτὴρ
1068 3143 1175 3195 ἀπὸ
1203 3143 1311 3195 τῶν
1348 3143 1406 3196 ὲν
1444 3143 1600 3215 χερσὶ
1624 3160 1804 3213 πραγο

1981 3142 2130 3199 Scite
2159 3141 2413 3197 Salvator
2450 3157 2481 3196 e
2508 3156 2565 3195 re
2597 3141 2853 3211 prtesenti
2892 3140 3303 3206 responsionem
3330 3141 3492 3195 texit.

222 3232 421 3300 μάτων
465 3231 741 3301 ὲξυφαίνει
768 3232 866 3303 τὴν
917 3234 1225 3305 ἀπόκρισιν.
1262 3237 1439 3290 Μόνον
1468 3237 1525 3289 δὲ
1551 3236 1670 3307 οὐχί
1702 3253 1804 3307 φη-

222 3338 305 3373 σιν
337 3324 798 3392 ὲπεσκιασμένως
821 3364 837 3389 ,
882 3325 957 3389 ὼς
985 3326 1142 3398 εἴπερ
1180 3326 1369 3380 εἰδεῖεν
1394 3328 1547 3380 αὐτοὶ
1571 3328 1671 3397 τὴν
1699 3328 1804 3379 Σα-

223 3415 508 3484 μαρειτῶν
536 3416 629 3468 ἐπὶ
662 3415 832 3487 θύρας
861 3413 1029 3471 οὖσαν
1060 3416 1419 3488 ἐπιστροφὴν,
1445 3416 1661 3486 ἐκείνης
1686 3415 1808 3487 ἐχε-

221 3504 345 3556 σθαι
390 3505 593 3573 μᾶλλον
619 3506 695 3571 ὡς
716 3508 930 3578 τρυφῆς
948 3548 962 3571 ,
989 3508 1022 3585 ἢ
1052 3509 1230 3577 σάρκα
1254 3507 1473 3576 τρέφειν
1501 3505 1806 3560 ἀνέπειθον.

235 3594 330 3646 Ἐκ
361 3595 426 3646 δὲ
462 3595 526 3666 δὴ
549 3596 742 3648 τούτου
770 3597 932 3648 πάλιν
962 3597 1094 3664 ὅσην
1119 3596 1231 3666 ἔχει
1257 3596 1356 3665 τὴν
1381 3596 1460 3659 εἰς
1489 3593 1808 3663 ἀνθρώπους

223 3686 456 3754 ἀγάπην
504 3687 537 3754 ἡ
588 3686 705 3738 θεία
754 3686 915 3754 φύσις
948 3684 1126 3750 ἔξεστι
1179 3685 1405 3755 μαθεῖν’
1460 3685 1663 3756 τροφὴν
1701 3683 1811 3753 γὰρ

224 3776 426 3847 ὥσπερ
455 3778 669 3846 ἡγεῖται
718 3776 809 3830 καὶ
837 3776 1049 3849 τρυφὴν
1079 3776 1187 3831 τῶν
1212 3776 1568 3830 ἀπολωλότων
1596 3775 1695 3845 τὴν
1730 3776 1812 3839 είς

228 3867 514 3939 σωτηρίαν
534 3867 864 3940 ἀναδρομήν.

296 3960 565 4028 Ἔλεγον
581 3955 695 4013 οὖν
712 3963 766 4014 οὶ
783 3960 1042 4029 μαθηταὶ
1066 3959 1214 4027 πρὸς
1236 3960 1551 4025 ἀλλήλους
1577 3974 1591 3989 ·
1624 3957 1813 4027 Mdu;-

226 4049 495 4119 ἤνεγκεν
531 4050 690 4115 αὺτῷ
721 4052 975 4121 φαγεῖν;
999 4052 1157 4121 λέγει
1185 4051 1390 4117 αὐτοῖς
1416 4054 1448 4105 ό
1491 4051 1740 4118 Ἰησοῦς.

295 4142 587 4194 Σκοτεινὸν
622 4142 752 4195 ὅντα
783 4142 873 4195 τὸν
900 4141 1055 4211 λόγον
1090 4141 1242 4196 οὔπω
1276 4142 1530 4205 συνέντες
1567 4143 1616 4195 οί
1648 4142 1816 4213 μαθη-

227 4235 339 4300 ταὶ,
364 4233 438 4286 τὰ
478 4233 735 4296 πολλάκις
780 4235 1037 4302 γεγονότα
1082 4234 1203 4287 καθ’
1234 4235 1457 4297 ἑαυτοὺς
1488 4234 1811 4303 ἐλογίζοντο,

229 4326 325 4378 καὶ
367 4327 505 4395 πρὸς
528 4325 627 4387 τὰς
657 4324 907 4395 συνήθεις
941 4324 1359 4379 καταϐαίνουσιν
1391 4325 1618 4392 ἐννοίας,
1649 4343 1817 4397 προσ-

227 4416 404 4486 ῆχθαι
440 4416 541 4487 μὲν
576 4416 679 4469 ὑπό
715 4434 809 4470 του
840 4415 1044 4488 τροφὴν
1075 4417 1476 4481 ὑποπτεύοντες
1509 4418 1686 4488 αὐτῷ,
1733 4437 1817 4472 τι-

1909 3234 2143 3288 Tantum
2180 3249 2290 3288 non
2354 3242 2535 3285 autem
2596 3232 2907 3295 subinnuit,
2955 3231 3103 3301 quod
3163 3231 3209 3286 si
3269 3240 3493 3287 nossent

1911 3324 2386 3378 Samaritanorum
2446 3323 2866 3377 conversionem
2914 3323 3051 3392 ipsis
3101 3324 3493 3393 propemodum

1909 3418 2205 3473 instantem
2260 3415 2495 3477 foribus,
2529 3415 2579 3469 ei
2622 3416 2805 3484 potius
2850 3415 3169 3468 incumbere
3220 3428 3319 3469 ceu
3355 3414 3492 3469 deli-

1908 3507 2012 3563 ciis
2064 3505 2552 3575 persuaderentur,
2609 3520 2772 3574 quam
2833 3504 3138 3560 nutrienda:
3191 3505 3344 3558 carni
3400 3520 3492 3558 va-

1909 3611 2057 3651 care.
2091 3596 2231 3651 liinc
2264 3610 2396 3651 vero
2450 3597 2633 3651 denuo
2684 3597 2900 3651 discere
2960 3597 3092 3649 licet
3139 3604 3400 3663 quantam
3438 3596 3492 3650 in

1912 3686 2161 3741 homines
2198 3686 2395 3741 haheat
2441 3684 2647 3741 natura
2674 3685 2857 3739 divina
2911 3686 3285 3740 cbaritatem:
3338 3685 3493 3739 cibo-

1912 3793 2033 3832 rum
2068 3778 2213 3832 enim
2250 3788 2305 3833 et
2336 3777 2662 3833 deliciarum
2708 3778 2831 3833 loco
2857 3778 2907 3833 ei
2934 3785 3022 3832 est
3060 3776 3399 3846 perditorum
3428 3778 3494 3830 ad

1912 3869 2146 3925 salutem
2172 3870 2437 3924 reversio.

1982 3959 2075 4025 IV,
2108 3962 2196 4015 55.
2242 3959 2500 4015 Dicebant
2525 3974 2646 4030 ergo
2672 3958 2920 4026 discipuli
2941 3959 3009 4012 ad
3032 3959 3288 4013 invicem:
3319 3958 3494 4013 Num-

1913 4053 2037 4122 quid
2071 4055 2265 4123 aliquis
2298 4053 2482 4107 attulit
2530 4054 2578 4107 ei
2612 4053 2974 4109 manducare?
3012 4052 3156 4106 Dicit
3193 4054 3270 4107 eis
3312 4053 3493 4107 Jesus.

1987 4140 2289 4197 Obscurum
2324 4157 2630 4198 sermonem
2674 4157 2799 4197 cum
2839 4143 3095 4211 discipuli
3135 4143 3377 4196 nondum
3408 4144 3494 4196 in-

1915 4234 2246 4302 telligerent,
2296 4250 2419 4304 qua:
2452 4250 2595 4304 saepe
2628 4236 2971 4305 contigerant
3013 4237 3153 4304 apud
3198 4250 3257 4290 se
3281 4236 3490 4305 cogita-

1913 4325 2069 4388 bant,
2102 4334 2157 4379 et
2185 4325 2255 4379 de
2284 4340 2435 4379 more
2458 4326 2886 4395 suspicabantur
2921 4342 2949 4378 a
2971 4325 3206 4395 quodam
3231 4326 3280 4380 ei
3308 4326 3489 4379 cibum

1916 4418 2165 4480 allatum,
2201 4416 2570 4471 delicatiorem
2614 4416 2873 4471 nimirum
2923 4427 2977 4472 et
3026 4417 3308 4473 meliorem
3353 4433 3491 4487 quo-

232 4506 513 4576 μιωτέραυ
536 4505 592 4557 δέ
623 4523 761 4572 πως,
793 4506 826 4578 ἢ
857 4507 950 4560 καὶ
981 4506 1165 4578 ἡδίονα
1190 4508 1290 4573 τῆς
1327 4509 1455 4578 παρ’
1486 4509 1667 4562 αὐτῶν
1688 4510 1806 4562 συλ-

1918 4506 2209 4561 dammodo
2238 4523 2304 4562 eo
2334 4522 2493 4579 quem
2528 4516 2908 4579 corrogarant.

231 4598 489 4666 λεγείσης
514 4598 778 4669 ὑπάρχειν
809 4599 999 4669 αὑτήν.

311 4691 497 4759 Ἐμὸν
527 4688 738 4759 βρῶμά
786 4690 957 4744 ἐστιν
980 4731 994 4755 ,
1055 4692 1154 4744 ἵνα
1200 4694 1433 4759 ποιήσω
1486 4692 1553 4747 τὸ
1588 4694 1815 4763 θέλημα

232 4782 336 4834 τοῦ
373 4780 727 4848 πέμψαντός
750 4797 845 4849 με,
870 4779 965 4832 καὶ
994 4780 1284 4833 τελειώσω
1306 4781 1494 4835 αὑτοῦ
1524 4782 1591 4835 τὸ
1615 4781 1810 4850 ἔργον.

304 4874 473 4926 ὐλον
524 4871 842 4943 ἀπορρήξας
887 4872 983 4924 τοῦ
1013 4871 1169 4940 λόγου
1209 4872 1270 4925 τὸ
1312 4873 1641 4943 κατάλυμμα
1682 4872 1813 4944 [γρ.

235 4966 508 5035 κάλυμμα
563 4974 656 5016 aut
712 4961 1083 5033 καταλύμμα]
1134 4964 1570 5037 διαφανεστάτην
1632 4967 1818 5028 αὐτοῖς

234 5057 490 5123 ἀπέδειξε
513 5056 612 5126 τὴν
642 5055 925 5126 ἀλήθειαν,
950 5055 1023 5117 ὡς
1050 5055 1105 5107 δὲ
1138 5057 1260 5108 ὅσον
1280 5057 1490 5110 οὐδέπω
1517 5059 1616 5127 τῆς
1640 5059 1816 5111 οἰκου-

239 5150 411 5219 μένης
452 5147 731 5217 ἐσομένοις
768 5146 1108 5209 διδασκάλοις
1133 5147 1301 5200 τύπον
1323 5148 1516 5200 ἑαυτὸν
1548 5149 1810 5219 εἰσφέρει,

239 5238 494 5290 συντόνου
534 5252 593 5287 τε
641 5235 736 5287 καὶ
776 5235 897 5287 λίαν
925 5233 1153 5306 ἀρίστης
1183 5235 1417 5305 σπουδῆς
1436 5274 1452 5300 ,
1508 5235 1606 5304 τῆς
1633 5236 1724 5286 ἐπὶ
1753 5234 1815 5288 τὸ

237 5328 437 5400 χρῆναι
459 5326 730 5380 διδάσκειν
757 5324 982 5394 δηλαδὴ,
1008 5326 1099 5378 καὶ
1126 5325 1224 5393 τῆς
1253 5324 1555 5393 ἀναγκαίας
1585 5325 1676 5379 τοῦ
1710 5324 1815 5378 σὼ-

242 5434 412 5487 ματος
445 5416 631 5486 χρείας
661 5413 919 5482 δευτέραν
946 5412 1175 5482 ἐχούσης
1217 5410 1305 5464 διὰ
1333 5410 1492 5464 τοῦτο
1518 5412 1615 5482 τὴν
1647 5430 1812 5481 φρον-

239 5508 379 5561 τίδα.
434 5506 640 5577 Βρῶμα
683 5504 791 5575 γὰρ
824 5499 963 5557 εἶναι
995 5503 1166 5571 λέγων
1204 5502 1382 5573 ἐαυτῷ
1405 5501 1815 5574 θυμηρέστατον

241 5600 301 5652 τὸ
329 5599 550 5669 ποιῆσαι
585 5597 646 5650 τὸ
670 5596 877 5666 θέλημα
910 5594 1002 5647 τοῦ
1040 5594 1352 5665 πέμψαντος
1383 5594 1564 5660 αὑτὸν,
1610 5594 1703 5649 καὶ
1727 5612 1817 5648 τε-

319 5791 363 5821 ⁸¹
394 5787 547 5843 Jean.
588 5805 660 5854 tv,
684 5788 736 5842 6.
820 5788 860 5819 ’³
886 5786 1084 5842 Jerem.
1116 5799 1280 5840 sum
1312 5825 1327 5851 ,
1368 5782 1454 5837 10.

1999 4682 2275 4753 ιξγῃγ,
2315 4683 2405 4738 54.
2448 4683 2597 4739 Meus
2638 4684 2787 4738 cibus
2815 4693 2916 4748 est,
2964 4692 3021 4738 ut
3059 4684 3255 4753 faciam
3307 4687 3494 4741 uoluu-

1927 4784 2089 4828 tatem
2114 4774 2227 4842 ejus
2260 4775 2353 4844 qui
2392 4775 2535 4830 misit
2563 4792 2662 4838 me,
2695 4785 2742 4829 et
2769 4776 3039 4844 perficiam
3076 4792 3205 4845 opus
3243 4778 3377 4846 ejus.

1994 4862 2157 4916 Omni
2193 4863 2462 4917 velamine
2493 4865 2765 4918 sermonis
2795 4864 3046 4935 disrupto
3087 4865 3490 4934 apertissimum

1923 4954 2170 5009 ostendit
2214 4953 2296 5008 eis
2351 4955 2670 5019 veritatem,
2732 4964 2787 5009 et
2835 4955 2947 5024 jam
3000 4954 3241 5023 seipsum
3294 4953 3493 5008 futuris

1922 5047 2074 5101 orbis
2105 5048 2386 5117 magistris
2414 5047 2720 5118 exemplum
2761 5049 2954 5104 statuit
2984 5046 3237 5101 acerrimi
3268 5054 3324 5099 et
3360 5060 3494 5114 prae‘

1921 5137 2052 5190 clari
2088 5136 2154 5189 ad
2183 5136 2487 5190 docendum
2526 5136 2693 5190 studii
2722 5175 2737 5200 ,
2781 5136 2869 5189 cui
2918 5134 3220 5189 necessaria
3244 5135 3494 5204 corporis

1919 5227 2083 5281 etiam
2135 5226 2515 5296 praeferantur.
2569 5226 2702 5280 Nam
2764 5241 2886 5280 cum
2935 5224 3327 5279 suavissimum
3384 5225 3492 5279 sibi

1919 5332 2044 5371 eum
2079 5317 2260 5371 cibum
2287 5332 2409 5373 esse
2435 5317 2608 5381 dicit,
2646 5317 2903 5372 nimirum
2936 5314 3115 5369 facere
3147 5315 3491 5369 voluntatem

1918 5410 2040 5478 ejus
2074 5424 2103 5462 a
2136 5424 2244 5479 quo
2269 5410 2471 5464 missus
2496 5417 2613 5471 est,
2637 5417 2691 5461 et
2724 5406 2986 5477 perlicere
3006 5405 3126 5475 ejus
3156 5422 3324 5477 opus,
3361 5422 3493 5477 apo-

1923 5502 2102 5557 stolici
2134 5502 2422 5557 ministerii
2454 5516 2653 5555 munus
2672 5497 2956 5554 describit.
2977 5496 3253 5563 Quantum
3284 5511 3413 5551 vero
3439 5496 3492 5550 in

1923 5594 2035 5650 illis
2064 5592 2306 5648 studium
2337 5596 2460 5650 cs'se
2489 5593 2724 5657 debeat,
2773 5590 2920 5646 clare
2959 5588 3218 5645 ostendit.
3256 5587 3491 5641 Doceudi
