4118 6570
685 368 790 427 323

1660 361 1717 416 S.
1745 359 2023 415 CYRILLI
2052 358 2524 417 ALEXANDRINI
2564 362 2879 418 ARCHIEP.
3796 369 3879 427 324

684 484 829 537 enim
863 495 1011 536 cum
1038 479 1281 535 intentos
1311 475 1435 530 illos
1470 487 1594 528 esse
1622 473 1887 527 duntaxat
1916 478 2128 541 oportet
2151 510 2166 535 ,
2197 478 2253 525 et

2365 474 2575 528 iudicat
2620 474 2784 529 αὐτοῦ
2830 474 2891 526 τὸ
2921 472 3117 542 ἔργον,
3167 471 3264 541 τῆς
3305 470 3403 541 μὲν
3443 470 3778 544 ἀποσωλικῆς
3796 477 3877 532 λεια

686 588 715 626 a
739 572 922 627 carnis
946 571 1161 625 deliciis
1189 569 1244 623 in
1267 578 1477 621 tantum
1510 563 1765 619 recedere
1784 604 1798 627 ,
1831 572 1890 617 ut
1920 578 1987 617 ne
2010 576 2260 617 necessa-

687 666 830 716 rium
866 660 1085 731 quidem
1118 658 1443 727 obsequium
1488 655 1782 708 admittant
1822 652 1968 723 quod
1996 651 2065 706 ad
2091 651 2257 706 vitam

685 751 1115 809 conservandam
1143 749 1453 805 exhibetur.
1496 748 1676 815 Atque
1714 745 1831 799 haec
1860 744 2005 798 dicta
2034 742 2256 813 quidem

686 845 799 898 sint
841 840 1318 909 inpraesentiarum
1374 844 1634 905 tanquam
1673 834 1741 887 ad
1771 840 1959 903 typum
1990 841 2045 886 et
2074 847 2259 887 exem-

687 936 836 1004 plum
865 932 1182 1002 apostolicae
1220 931 1343 984 vitae
1380 928 1729 999 pertinentia.
1776 924 1932 991 Quod
1966 925 2013 980 si
2049 923 2257 994 aliquid

688 1026 858 1093 magis
888 1023 1254 1094 dogmaticum
1286 1020 1598 1076 addendum
1633 1025 1716 1073 est
1746 1018 1817 1072 iis
1846 1032 1967 1088 qua:
1994 1016 2254 1079 diximus,

685 1118 760 1168 ait
795 1118 1023 1169 missum
1052 1129 1110 1167 se
1140 1128 1170 1164 a
1200 1110 1310 1165 Deo
1340 1120 1394 1165 et
1420 1110 1615 1175 Patre,
1652 1108 1734 1162 vel
1763 1107 1973 1161 ratione
2005 1107 2260 1159 incarna-

689 1207 853 1259 tionis
888 1220 983 1275 per
1008 1218 1169 1273 quam
1196 1202 1401 1256 mundo
1423 1215 1546 1254 eum
1575 1214 1741 1254 carne
1773 1198 1970 1261 illuxit,
2001 1195 2258 1264 benepla-

687 1295 798 1349 cito
841 1303 898 1350 et
936 1304 1072 1349 nutu
1111 1293 1294 1347 Patris
1322 1330 1337 1356 ,
1384 1292 1466 1345 vel
1506 1299 1567 1343 ut
1614 1288 1849 1343 Verbum
1887 1304 1952 1343 ex
1990 1287 2257 1356 genitoris

690 1396 871 1444 mente
900 1387 1159 1458 prodiens
1186 1382 1591 1456 quodammodo
1613 1421 1628 1445 ,
1657 1390 1712 1434 et
1744 1383 2080 1435 voluntatem
2102 1392 2257 1433 snam

691 1480 1040 1549 adimplens,
1101 1493 1207 1531 non
1259 1484 1316 1531 ut
1372 1476 1563 1529 alienze
1616 1472 1918 1526 voluntatis
1964 1478 2259 1525 exsecutor

688 1578 1025 1640 assumptus,
1058 1569 1151 1624 sed
1187 1569 1302 1636 ipse
1323 1581 1449 1621 cum
1485 1565 1557 1619 sit
1582 1570 1637 1618 et
1667 1561 1907 1618 Verbum
1936 1563 2129 1617 vivens
2152 1600 2167 1625 ,
2206 1570 2260 1615 et

686 1661 1136 1715 manifestissima
1185 1658 1364 1713 Patris
1406 1657 1663 1711 voluntas
1689 1696 1703 1722 ,
1747 1661 2001 1725 prompte
2032 1667 2261 1708 servans

683 1768 781 1807 eos
810 1753 903 1822 qui
936 1753 1235 1821 perierunt.
1281 1749 1555 1815 Quocirca
1590 1762 1729 1817 opus
1773 1746 1894 1816 ejus
1922 1762 1953 1800 a
1983 1761 2094 1817 quo
2125 1746 2260 1801 mis-

2359 565 2643 637 τουργείας
2662 565 2970 635 οδιαγράφει
3002 563 3063 615 τὸ
3095 562 3451 633 ἐπιτήδευμα.
3485 562 3714 617 Ποταποὶ
3735 566 3784 618 δὲ
3803 570 3880 640 τὴν

2361 657 2473 723 ἕξιν
2499 657 2767 726 ὑπάρχειν
2811 655 3086 725 ὀφείλουσι
3127 652 3463 723 καταμηνύει
3504 655 3701 722 σαφῶς.
3726 656 3881 711 Iuv-.5-

2359 746 2553 798 τάσθαι
2585 745 2693 814 γάρ
2719 744 2783 813 δὴ
2809 744 2949 796 κατά
2976 743 3037 794 τὸ
3062 741 3207 805 είκὸς
3226 780 3241 804 ,
3294 742 3587 809 ἀναγκαῖον
3618 742 3792 806 αὐτοὺς
3811 748 3881 801 ἐπὶ

2364 836 2545 907 μόνοις
2573 838 2684 898 τοῖς
2718 834 3109 895 διδασκαλικοῖς
3133 831 3639 903 φροντίσμασι,δείν
3666 833 3718 885 δὲ
3738 838 3883 890 τοσοῦ-

2358 946 2455 983 τον
2477 930 2775 998 ἀποφοιτᾷν
2795 927 2896 997 τῆς
2920 928 2999 989 είς
3032 927 3213 996 σάρκα
3244 923 3483 995 τρυφῆς,
3512 923 3587 986 ὡς
3613 924 3725 993 μηδ’
3752 929 3883 997 αὐτὴν

2359 1021 2681 1093 προσίεσθαι
2712 1020 2809 1091 τὴν
2839 1020 2914 1083 ὡς
2946 1019 3004 1086 ἐξ
3032 1020 3278 1087 ἀνάγκης
3310 1014 3624 1086 θεραπείαν,
3647 1015 3727 1068 διά
3751 1019 3883 1087 μόνην

2358 1112 2785 1183 ἐπιτελουμένην
2836 1111 2935 1181 τὴν
2976 1109 3072 1163 τοῦ
3118 1108 3370 1162 τεθνάναι
3415 1106 3755 1176 παραίτησιν.
3802 1109 3885 1161 Καὶ

2358 1207 2530 1262 ταῦτα
2560 1208 2658 1278 μὲν
2684 1204 2920 1276 εἰρήσθω
2939 1207 3075 1272 πρὸς
3110 1202 3171 1253 τὸ
3197 1200 3391 1269 παρὸν,
3423 1198 3497 1259 ὼς
3523 1199 3601 1258 είς
3622 1197 3790 1258 τύπον,
3816 1201 3885 1250 καὶ

2361 1297 2726 1369 ὑπογραμμὸν
2766 1292 3129 1362 ἀποπολικῆς
3172 1290 3513 1343 συντείνοντα
3535 1286 3801 1350 πολιτείας.
3840 1289 3885 1341 Ei

2358 1389 2414 1443 δὲ
2468 1388 2575 1458 χρὴ
2616 1388 2729 1449 τοῖς
2772 1384 3085 1456 εἰρημένοις
3132 1382 3227 1434 καὶ
3266 1378 3727 1449 δογματικώτερον
3752 1390 3884 1448 προσ-

2361 1484 2620 1544 ϐαλόντας
2654 1481 2846 1541 εἰπεῖν,
2879 1475 3216 1532 ἀπεστάλθαι
3246 1474 3400 1543 φησι,
3430 1472 3587 1540 δῆλον
3604 1470 3658 1523 δὲ
3684 1470 3885 1543 ὅτιπαρὰ

2359 1574 2453 1628 τοῦ
2476 1573 2609 1628 Θεοῦ
2638 1572 2731 1624 καὶ
2755 1572 2985 1640 Πατρός,
3008 1568 3041 1637 ἢ
3067 1566 3207 1620 κατά
3232 1565 3321 1618 τὸν
3343 1565 3443 1633 τῆς
3470 1562 3885 1632 ὲνανθρωπήσεως

2361 1669 2560 1737 τρόπον
2582 1707 2596 1730 ,
2646 1664 2765 1718 καθ’
2800 1663 2859 1715 ὃν
2896 1658 3172 1730 ἐπέλαμψε
3202 1656 3280 1728 τῷ
3312 1659 3503 1725 κόσμῳ
3538 1654 3672 1723 μετὰ
3704 1652 3884 1722 σαρκὸς,

2363 1759 2579 1829 εὐδοκία
2615 1763 2705 1811 καὶ
2747 1754 3049 1809 συναινέσει
3082 1750 3177 1804 τοῦ
3208 1748 3449 1819 Πατρὸς,
3498 1746 3531 1817 ἢ
3566 1745 3637 1807 ὡς
3667 1744 3815 1811 Λόγος
3840 1746 3887 1797 ὲκ

685 1860 781 1900 sus
806 1853 909 1907 est,
943 1859 1066 1898 cum
1104 1858 1164 1898 se
1189 1842 1463 1908 dixisset,
1505 1841 1622 1909 ipse
1646 1837 1926 1909 perfeCtor
1956 1852 2079 1893 esse
2111 1836 2252 1892 vide-

2365 1852 2456 1906 τοῦ
2487 1851 2846 1921 γεννήσαντος
2872 1845 2965 1898 νοῦ
2995 1843 3326 1914 προκύπτων
3350 1839 3551 1907 τρόπον
3572 1835 3689 1889 τινά
3707 1874 3720 1899 ,
3746 1836 3824 1888 καὶ
3844 1838 3889 1889 τὸ

687 1948 795 1992 tur.
847 1935 1042 1991 Omnia
1089 1935 1235 1989 enim
1284 1949 1314 1986 a
1365 1931 1530 1986 Patre
1557 1946 1653 2001 per
1695 1929 1895 1983 Filium
1938 1930 1994 1983 in
2031 1928 2257 1998 Spiritu.

687 2026 885 2083 Filium
919 2029 1119 2098 quippe
1160 2026 1395 2082 Verbum
1420 2064 1433 2088 ,
1471 2024 1763 2078 consilium
1789 2063 1804 2088 ,
1839 2022 2171 2075 voluntatem
2208 2027 2263 2074 et

688 2118 947 2172 virtutem
973 2132 1095 2172 esse
1119 2115 1299 2169 Patris
1325 2115 1392 2179 ιδ,
1412 2113 1638 2177 nemini,
1664 2114 1874 2182 opinor,
1905 2126 2010 2165 non
2033 2119 2117 2166 est
2148 2126 2263 2164 ma-

689 2208 948 2262 nifestum
989 2224 1002 2260 :
1035 2206 1130 2261 sed
1162 2205 1259 2261 abs
1293 2221 1351 2261 re
1399 2221 1507 2258 non
1534 2204 1638 2258 erit
1673 2204 1725 2256 id
1763 2204 1925 2257 etiam
1973 2218 2041 2256 ex
2078 2201 2263 2255 divina

692 2300 989 2369 Scriptura
1008 2297 1392 2367 comprobare.
1426 2295 1595 2366 Igitur
1642 2294 1854 2349 videbis
1873 2293 2112 2349 Verbum
2141 2307 2265 2348 esse

688 2404 758 2442 ex
786 2390 889 2442 boc
928 2388 1048 2441 loco
1075 2402 1087 2437 :
1131 2404 1149 2436 ι
1180 2384 1235 2439 In
1269 2385 1542 2455 principio
1572 2392 1692 2437 erat
1723 2382 1953 2438 Verbum
1981 2422 1997 2446 ,
2041 2390 2098 2436 et
2128 2380 2263 2435 Ver-

690 2480 820 2533 bnm
858 2488 977 2534 erat
1014 2480 1159 2549 apud
1188 2477 1390 2541 Deum,
1429 2486 1482 2531 et
1517 2476 1659 2530 Deus
1704 2481 1823 2529 erat
1868 2473 2105 2528 Verbum
2138 2474 2202 2525 ¹⁵.
2241 2490 2259 2522 ι

690 2571 913 2627 Videbis
945 2572 1231 2626 consilium
1254 2610 1268 2633 ,
1315 2571 1369 2624 in
1414 2585 1479 2625 eo
1514 2568 1659 2638 quod
1696 2570 1773 2621 ait
1804 2567 2094 2623 Psalmista
2140 2581 2267 2620 ora-

689 2664 840 2718 tione
869 2662 936 2716 ad
964 2662 1131 2717 Deum
1169 2669 1223 2716 et
1255 2660 1471 2715 Patrem
1507 2673 1818 2714 conversa:
1879 2676 1898 2709 ι
1940 2659 1998 2712 1η
2034 2657 2266 2712 consilio

689 2760 785 2808 tuo
816 2752 1099 2808 deduxisti
1126 2766 1212 2806 me
1238 2752 1302 2805 '°.
1337 2769 1357 2803 ι
1387 2749 1614 2805 Videbis
1648 2751 1983 2804 voluntatem
2013 2763 2171 2812 esse,
2208 2749 2263 2802 in

689 2857 756 2898 eo
802 2842 951 2913 quod
998 2843 1113 2913 ipse
1148 2842 1284 2897 dicit
1334 2864 1346 2897 :
1407 2860 1424 2892 ι
1464 2840 1725 2905 Domine,
1770 2842 1823 2895 in
1857 2840 2138 2895 voluntate
2169 2849 2265 2893 tua

690 2933 994 3003 praestitisti
1026 2933 1208 2988 decori
1237 2947 1369 3015 .meo
1409 2933 1669 2986 virtutem
1696 2932 1761 2987 ".
1794 2951 1812 2984 ι
1844 2929 2089 2987 Roborat
2119 2932 2265 2986 enim

692 3025 1011 3080 sanctorum
1052 3023 1329 3087 decorem,
1354 3022 1408 3076 id
1458 3031 1542 3077 est
1575 3037 1792 3077 onmem
1820 3023 2041 3077 virtutis
2067 3024 2265 3076 bonam

697 3116 1082 3172 habitudinem
1131 3117 1320 3170 vivens
1347 3130 1409 3168 ac
1436 3116 1746 3171 subsistens
1775 3116 1954 3171 Patris
1980 3116 2263 3176 voluntas,

696 3208 802 3263 hoc
829 3216 913 3262 est
933 3205 1127 3259 Filius.
1145 3202 1413 3257 Virtutem
1438 3206 1641 3273 quippe
1668 3207 1821 3257 illum
1845 3222 1967 3260 esse
1992 3208 2119 3259 hinc
2149 3223 2271 3260 rur-

698 3313 822 3353 sum
854 3297 1162 3366 intelliges:
1213 3293 1373 3363 198
1416 3313 1433 3344 ς
1463 3294 1675 3359 Manda,
1707 3293 1871 3359 Deus,
1903 3296 2089 3349 virtuti
2126 3304 2232 3349 tua:
2253 3335 2268 3359 ,

696 3388 959 3441 confirma
992 3386 1095 3439 hoc
1117 3426 1134 3451 ,
1178 3383 1350 3448 Deus,
1377 3386 1521 3452 quod
1555 3383 1833 3453 perfecisti
1877 3384 1932 3439 in
1963 3388 2121 3440 nobis
2157 3386 2222 3439 ⁸⁸.
2248 3403 2265 3437 ι

699 3475 865 3531 Vides
902 3476 959 3530 in
999 3476 1085 3529 liis
1114 3474 1304 3544 utique
1354 3474 1449 3528 Dei
1497 3488 1561 3527 ac
1600 3472 1780 3528 Patris
1813 3475 2156 3544 beneplacito
2190 3478 2273 3529 in-

700 3577 984 3624 carnatam
1014 3569 1136 3636 ejus
1168 3568 1465 3631 virtutem,
1505 3567 1607 3621 hoc
1636 3577 1719 3621 est
1764 3566 1962 3621 Filium
1992 3608 2008 3631 ,
2051 3578 2107 3621 ut
2140 3584 2272 3623 con-

699 3661 1063 3716 firmaretltoc
1091 3660 1237 3730 quod
1269 3661 1428 3715 nobis
1461 3659 1692 3729 perfecit
1722 3674 1944 3729 corpus.
1974 3660 2085 3715 Nisi
2124 3662 2267 3714 enim

700 3753 1000 3808 habitasset
1033 3754 1089 3807 in
1121 3753 1301 3817 nobis,
1330 3752 1574 3823 profecto
1604 3767 1672 3807 ne
1702 3752 1817 3822 ipsa
1846 3752 2064 3822 quidem
2088 3752 2271 3806 carnis

700 3853 896 3899 natura
924 3843 1292 3897 infirmitatem
1320 3858 1385 3896 ex
1418 3844 1775 3913 corruptione
1805 3842 2110 3912 profectam
2140 3858 2273 3896 exu-

699 3938 853 3991 isset.
885 3935 1022 3989 Cnm
1061 3950 1191 4004 ergo
1237 3934 1410 3989 Filius
1461 3936 1531 3989 sit
1583 3936 1725 3989 bona
1766 3934 1940 3989 Patris
1973 3935 2226 3989 voluntas
2252 3974 2270 4001 ,

700 4027 914 4098 perficit
944 4041 1080 4095 opus
1111 4028 1262 4095 ejus,
1296 4028 1525 4080 salutem
1557 4026 1804 4081 tribuens
1835 4025 2187 4081 credentibus
2216 4027 2271 4080 in

699 4134 845 4173 eum.
886 4117 995 4173 Sed
1027 4118 1248 4188 objiciet
1298 4118 1481 4175 forsan
1522 4118 1772 4188 aliquis:
1828 4116 1885 4171 Si
1937 4117 2110 4174 Filius
2156 4119 2274 4188 ipse

699 4220 784 4265 est
812 4209 1067 4264 voluntas
1095 4209 1295 4273 Patris,
1327 4226 1489 4279 quam
1524 4210 1859 4264 voluntatem
1886 4209 2065 4264 Patris
2091 4210 2271 4280 perfe-

2362 1944 2519 2007 δόξαν
2548 1939 2879 2010 ἀποπληρῶν
2897 1979 2912 2003 ,
2940 1937 3039 2005 οὐχ
3060 1936 3135 1998 ὡς
3168 1932 3462 2003 ἀλλοτρίων
3492 1928 3616 1999 θελη
3627 1929 3792 1997 μάτων
3812 1945 3889 1981 παν

2366 2033 2657 2107 ραληφθεὶς
2689 2029 2982 2100 ὑπουργὸς,
3014 2026 3130 2081 ἀλλ’
3161 2024 3323 2087 αὐτὸς
3354 2022 3617 2091 ὑπάρχων
3652 2020 3737 2073 καὶ
3758 2019 3891 2087 Λόγος

2362 2128 2391 2179 ό
2416 2112 2524 2189 ζῶν
2544 2167 2557 2190 ,
2599 2123 2695 2175 καὶ
2730 2121 2940 2190 θέλημα
2969 2117 3063 2171 τοῦ
3094 2116 3300 2186 Πατρὸς
3329 2114 3717 2184 ἐναργέστατον
3736 2152 3749 2176 ,
3785 2112 3892 2164 ἑτοί-

2369 2237 2484 2289 μως
2509 2214 2789 2278 διασώζων
2824 2212 2947 2275 τοὺς
2986 2208 3352 2270 ἀπολωλότας.
3403 2206 3502 2259 Διὰ
3529 2205 3635 2275 γάρ
3651 2221 3726 2256 τοι
3749 2202 3891 2266 τοῦτο,

2365 2312 2459 2363 καὶ
2511 2308 2602 2361 τοῦ
2645 2303 2995 2375 πεπομφότος
3047 2301 3211 2355 αὐτὸν
3245 2296 3381 2351 εἶναι
3427 2296 3491 2350 τὸ
3542 2296 3695 2365 ἔργον
3739 2292 3921 2353 εἰπὼν,⁴

2365 2401 2525 2464 αὐτὸς
2557 2401 2751 2470 ὁρᾶται
2776 2395 3089 2462 τελειωτής.
3122 2392 3305 2445 Πάντα
3326 2389 3433 2458 γὰρ
3456 2388 3609 2458 παρά
3637 2385 3824 2455 Πατρός
3840 2383 3892 2437 δι’

2367 2491 2496 2545 Υἱοῦ
2524 2492 2581 2543 ὲν
2612 2488 2890 2558 Πνεύματι
2913 2501 2927 2514 ·
2986 2486 3067 2537 ὅτι
3099 2483 3209 2551 γάρ
3239 2481 3334 2533 καὶ⁵
3380 2479 3541 2546 λόγος
3560 2518 3573 2540 ,
3626 2477 3714 2530 καὶ
3742 2475 3890 2546 βουλὴ,

2365 2585 2461 2636 καὶ
2502 2582 2711 2651 θέλημα
2731 2622 2745 2645 ,
2796 2580 2889 2632 καὶ
2922 2576 3149 2644 δύναμις
3180 2572 3274 2626 τοῦ
3303 2573 3516 2641 Πατρός
3560 2572 3699 2622 ἐστιν
3731 2567 3892 2630 όΥίὸς,

2366 2671 2505 2728 εἶναι
2536 2672 2634 2742 μὲν
2670 2673 2839 2725 ἆπασι
2877 2667 3084 2739 νομίζω
3108 2664 3449 2733 καταφανές·
3500 2662 3657 2715 λυπεῖ
3689 2660 3739 2713 δὲ
3774 2659 3893 2712 οὐδὲν

2367 2767 2462 2821 καὶ
2502 2765 2610 2818 ἀπὸ
2651 2763 2750 2833 τῆς
2806 2761 2955 2823 θείας
3009 2756 3383 2811 πιστώσασθαι
3424 2753 3668 2825 Γραφῆς.
3725 2748 3894 2803 Οὐκοῦν

2366 2860 2544 2929 ὁράτω
2574 2856 2671 2926 μέν
2713 2871 2799 2917 τις
2824 2853 3135 2921 ὑπάρχοντα
3164 2848 3337 2915 Λόγον
3374 2850 3431 2899 εν
3454 2845 3536 2914 τῷ
3560 2860 3575 2874 ο
3625 2862 3641 2893 ι
3682 2843 3758 2894 Ἐν
3782 2842 3893 2911 ἀρχῇ

2365 2947 2434 3023 ἦν
2464 2952 2492 3002 6
2518 2948 2688 3014 Λόγος
2705 2985 2718 3008 ,
2758 2946 2847 3000 καὶ
2871 2944 2899 2995 6
2932 2943 3103 3009 Λόγος
3128 2936 3196 3010 ἦν
3223 2938 3359 3007 πρὸς
3383 2937 3474 2989 τὸν
3498 2934 3629 2987 Θεὸν
3648 2973 3661 2993 ,
3690 2932 3773 2984 καὶ
3793 2930 3895 2991 Geo:

2369 3021 2437 3113 ἦν
2460 3044 2487 3094 ὁ
2515 3040 2706 3105 Λόγος.
2736 3056 2754 3087 ι
2804 3035 3015 3106 Ὀράτω
3050 3032 3245 3101 βουλὴν
3272 3031 3328 3082 ἐν
3359 3029 3436 3099 τῷ
3468 3027 3668 3095 λέγειν,
3697 3025 3765 3086 ὡς
3787 3021 3895 3092 πρὸς

2370 3134 2501 3186 Θεὸν
2527 3133 2620 3185 καὶ
2644 3130 2862 3200 Πατέρα
2880 3166 2893 3189 ,
2940 3127 3029 3178 τὸν
3056 3122 3338 3193 Μελῳδόν·
3374 3138 3391 3171 ι
3429 3120 3520 3172 Ἐν
3545 3122 3611 3188 τῇ
3644 3117 3787 3187 βουλῇ
3817 3132 3894 3183 μου

2371 3223 2658 3295 ὡδήγησάς
2693 3238 2778 3291 με.
2812 3240 2828 3270 ι
2894 3218 3107 3289 Ὀράτω
3141 3214 3351 3282 θέλημα
3381 3211 3544 3265 πάλιν
3578 3210 3633 3261 ὲν
3659 3208 3730 3277 τῷ
3751 3206 3896 3273 λέγειν

2371 3294 2531 3364 αὐτόν
2554 3329 2568 3343 ο
2626 3330 2645 3358 ι
2670 3309 2839 3378 Κύριε
2861 3346 2875 3369 ,
2936 3308 2993 3357 ἐν
3020 3306 3098 3374 τῷ
3132 3303 3399 3373 θελήματί
3434 3318 3529 3353 σου
3558 3300 3813 3368 παράσχου
3837 3294 3897 3363 τῷ

2371 3402 2554 3454 κάλλει
2582 3417 2681 3470 μου
2711 3398 2959 3465 δύναμιν.
2988 3416 3005 3447 ι
3051 3396 3250 3463 Νευροῖ
3274 3392 3381 3463 γὰρ
3407 3391 3514 3443 τῶν
3539 3390 3704 3456 ἁγίων
3732 3387 3784 3438 τὸ
3803 3384 3897 3438 κάλ·

2372 3498 2481 3558 λος,
2511 3494 2655 3545 τοῦτ’
2688 3491 2805 3543 ἔστι
2831 3528 2844 3550 ,
2888 3490 2986 3558 τὴν
3011 3488 3226 3539 ἃπασαν
3250 3484 3449 3555 ἀρετῆς
3477 3482 3686 3545 εὐεξίαν
3705 3521 3717 3543 ,
3743 3478 3795 3528 τὸ
3816 3475 3898 3539 ζῶν

2371 3604 2428 3640 τε
2461 3588 2552 3638 καὶ
2581 3583 2939 3635 ἐνυπόστατον
2969 3579 3179 3648 θέλημα
3203 3576 3295 3628 τοῦ
3318 3576 3551 3645 Πατρὸς,
3584 3572 3718 3625 τοῦτ’
3740 3569 3899 3622 ἔστινὸ

2372 3678 2519 3739 Υἱός.
2566 3678 2685 3728 ’Ὁτι
2714 3674 2821 3743 γάρ
2863 3675 2977 3725 ἐστι
3021 3670 3115 3722 καὶ
3164 3668 3421 3736 δύναμις,
3486 3665 3649 3717 πάλιν
3694 3661 3900 3715 ἐντεῦθεν

2374 3766 2621 3833 συνήσεις
2643 3779 2656 3791 ο
2712 3782 2728 3812 ι
2764 3760 3065 3821 Ἐντειλαι,
3117 3758 3309 3827 φησιν,
3360 3759 3389 3809 ὁ
3419 3756 3583 3817 Θεὸς,
3620 3756 3682 3823 τῇ
3715 3752 3900 3821 δυνάμει

2374 3874 2489 3918 σου,
2522 3855 2855 3923 δυνάμωσον,
2886 3854 2913 3904 6
2937 3851 3090 3912 Θεὸς,
3124 3848 3297 3909 τοῦτο,
3332 3848 3358 3899 ὃ
3388 3848 3729 3916 κατειργάσω
3748 3846 3897 3913 ἡμῖν.»

2385 3949 2545 4019 Ὁρᾷς
2580 3949 2635 3999 ὲν
2664 3945 2871 4007 τούτοις
2898 3942 3141 4015 ἀκριϐῶς
3171 3940 3389 4011 εὐδοκία
3423 3938 3517 3991 τοῦ
3551 3938 3682 3991 Θεοῦ
3706 3939 3789 3989 καὶ
3812 3936 3901 3986 Πα-

2372 4039 2532 4110 τρὸς,
2572 4037 2948 4109 σαρκωθεῖσαν
2989 4032 3155 4087 αὐτοῦ
3200 4034 3299 4102 τὴν
3337 4032 3603 4101 δύναμιν,
3656 4030 3786 4083 τοῦτ’
3812 4028 3900 4079 ἔστι

2372 4135 2462 4187 τὸν
2476 4134 2622 4195 Υίὸν,
2652 4132 2739 4184 ἵνα
2766 4129 3058 4199 δυναμώσῃ
3080 4127 3256 4191 τοῦτο,
3277 4127 3410 4195 ὅπερ
3429 4127 3562 4195 ἡμῖν
3583 4120 3903 4192 κατηρτίσατο

2374 4227 2552 4294 σῶμα.
2600 4225 2660 4276 Εἰ
2695 4222 2768 4293 μὴ
2802 4222 2912 4292 γὰρ
2946 4220 3254 4289 ἐσκήνωσεν
3278 4220 3334 4270 ὲν
3362 4219 3525 4288 ἡμῖν,
3574 4216 3680 4268 οὐδ’
3714 4214 3773 4266 ἂν
3796 4212 3903 4271 ὅλως

700 4310 891 4357 cturus
924 4303 1126 4357 missus
1158 4303 1273 4357 est?
1303 4303 1464 4356 Aliud
1503 4302 1649 4357 enim
1682 4317 1805 4358 esse
1846 4302 2009 4358 debet
2051 4305 2101 4357 id
2128 4304 2266 4373 quod

2370 4316 2469 4385 τὴν
2507 4314 2615 4368 ἀπὸ
2636 4314 2840 4383 φθορᾶς
2870 4311 3154 4365 ἀσθένειαν
3198 4312 3231 4381 ἡ
3261 4312 3356 4379 τῆς
3400 4308 3604 4379 σαρκὸς
3641 4304 3905 4360 ἀπεδύσατο

700 4393 981 4462 perficitur
1034 4395 1102 4448 ab
1154 4410 1219 4448 eo
1261 4395 1354 4463 qui
1404 4396 1637 4464 perficit.
1664 4394 1803 4460 Quid
1850 4394 2014 4463 igitur
2051 4396 2117 4449 ad
2163 4396 2265 4450 hoc

2376 4380 2554 4475 φύσις.
2610 4380 2777 4467 Λύτὸνς
2812 4401 3100 4475 τοιγαροῦν
3128 4380 3389 4471 ὑπάρχων
3420 4400 3448 4451 6
3481 4400 3607 4461 Υἱὸς
3646 4398 3705 4450 τὸ
3738 4394 3905 4464 ἀγαθὸν

700 4484 966 4538 dicimus?
995 4483 1173 4555 Exigit
1206 4485 1423 4555 quidem
1462 4486 1743 4540 nominum
1776 4486 2052 4555 impositio
2088 4501 2269 4539 rerum

702 4575 1128 4646 significatartnn
1177 4577 1589 4644 diversitatem,
1638 4578 1730 4632 sed
1776 4577 1831 4631 in
1888 4576 1999 4633 Deo
2037 4593 2177 4647 saepe
2216 4578 2269 4633 id

703 4668 1030 4737 negligitur,
1065 4675 1118 4721 et
1148 4676 1356 4723 natura:
1389 4684 1657 4738 supremae
1686 4671 1827 4723 ratio
1860 4671 2270 4726 accurationem

703 4759 851 4814 illam
890 4759 1120 4829 respuit.
1164 4757 1275 4814 Nec
1326 4760 1470 4813 enim
1512 4774 1574 4815 ea
1619 4775 1739 4830 qua:
1776 4761 1844 4815 de
1870 4762 1987 4830 ipsa
2017 4761 2275 4817 dicuntur

706 4861 766 4905 ut
796 4865 924 4906 vere
954 4866 1013 4906 se
1048 4851 1250 4905 habent
1283 4852 1473 4919 utique
1510 4852 1914 4922 exprimuntur,
1957 4853 2051 4907 sed
2090 4869 2186 4923 pro
2211 4868 2277 4908 eo

701 4957 767 4996 ac
805 4949 984 5012 potest
1030 4956 1292 4995 enarrare
1338 4941 1519 5010 lingua
1544 4982 1559 5008 ,
1603 4950 1657 4996 ct
1696 4943 1847 4997 auris
1887 4944 2124 4999 hominis
2178 4960 2276 4997 au-

703 5034 839 5088 dire.
876 5033 978 5099 Qui
1018 5035 1163 5087 enim
1214 5034 1363 5088 videt
1414 5034 1469 5086 in
1515 5033 1832 5103 :cnigmate,
1883 5034 1938 5088 in
1986 5036 2277 5104 aenigmate

702 5141 917 5195 quoque
947 5126 1204 5195 loquitur.
1236 5124 1377 5191 Quid
1408 5124 1552 5179 enim
1584 5123 1771 5189 facies,
1801 5140 1927 5179 cum
1955 5126 2002 5181 is
2029 5127 2122 5196 qui
2149 5128 2276 5181 sin:-

705 5221 825 5289 plex
870 5230 992 5281 est,
1034 5232 1229 5274 natura
1265 5219 1462 5289 duplex
1508 5220 1790 5289 apparebit
1823 5221 2056 5276 dicendo
2088 5221 2153 5276 de
2193 5221 2270 5276 ls—

704 5315 953 5368 raelitis:
1008 5332 1026 5364 c
1068 5314 1133 5367 Et
1181 5316 1323 5371 ﬁlios
1378 5332 1509 5373 suos
1561 5318 1832 5372 ducebant
1885 5331 1979 5386 per
2050 5316 2270 5387 ignem,

708 5406 853 5474 quod
906 5420 1015 5458 non
1060 5407 1311 5462 mandavi
1362 5409 1473 5475 eis,
1512 5417 1566 5465 et
1615 5426 1724 5465 non
1774 5409 2022 5465 ascendit
2068 5409 2120 5462 in
2177 5422 2275 5462 cor

711 5511 891 5551 meum
923 5497 985 5551 ".
1018 5516 1036 5548 ι
1075 5500 1269 5554 Annon
1301 5502 1447 5556 enim
1476 5517 1703 5558 necesse
1736 5510 1818 5558 est
1850 5517 1945 5556 cor
1977 5500 2121 5554 aliud
2154 5512 2275 5553 esse

707 5589 777 5643 ab
808 5603 874 5643 eo
914 5589 966 5642 in
1001 5606 1109 5660 quo
1142 5593 1268 5647 est?
1315 5592 1379 5648 Et
1409 5595 1686 5665 quomodo
1714 5594 1828 5664 jam
1860 5592 2090 5662 simplex
2134 5590 2276 5646 Deus

782 5699 824 5730 “
854 5699 873 5752 l
907 5701 1099 5774 Cor._gt,
1140 5706 1225 5770 18,
1258 5706 1346 5760 ει.
1427 5708 1468 5741 ¹⁸
1500 5705 1659 5764 Joan.
1694 5723 1733 5774 ι,
1784 5707 1834 5762 l.

712 5784 849 5825 rem.
888 5786 1001 5839 xix,
1027 5772 1079 5829 5.

1912 5708 1954 5739 “
1978 5706 2119 5763 Psal.
2160 5724 2329 5776 Lxxn,
2366 5707 2457 5763 ‘24.

2376 4498 2469 4552 τοῦ
2486 4497 2697 4569 Πατρὸς
2730 4496 2959 4567 θέλημα,
2975 4495 3172 4547 τελειοῖ
3196 4493 3256 4545 τὸ
3279 4492 3435 4563 ἔργον
3458 4492 3645 4554 αὑτοῦ,
3674 4486 3905 4558 σωτηρίαν

2377 4590 2488 4652 τοῖς
2540 4586 2885 4640 πιστεύουσιν
2918 4587 2997 4649 εἰς
3030 4584 3190 4638 αὑτὸν
3225 4584 3584 4655 δωρούμενος.
3650 4581 3779 4634 Ἀλλ’
3817 4578 3908 4647 ἐρεῖ

2376 4697 2460 4744 τις
2501 4680 2637 4750 πρὸς
2667 4678 2823 4731 τοῦτο
2854 4678 3013 4747 τυχόν
3036 4694 3049 4708 ·
3097 4679 3159 4730 Εἰ
3184 4677 3343 4739 αὐτός
3370 4678 3515 4729 ἐστιν
3552 4679 3580 4730 ὁ
3617 4675 3740 4737 Υἱὸς
3762 4673 3815 4724 τὸ
3840 4670 3908 4721 θέ-

2379 4775 2442 4841 λη
2454 4792 2526 4843 μα
2549 4773 2641 4824 τοῦ
2658 4772 2888 4843 Πατρὸς,
2910 4773 3062 4823 ποῖον
3077 4770 3357 4840 ἀπεστάλη
3383 4770 3487 4840 πλη
3497 4768 3687 4840 ρώσων
3698 4766 3880 4833 θέλημα
3896 4778 3907 4825 ;

2375 4866 2465 4916 Δεῖ
2490 4864 2599 4933 γὰρ
2626 4862 2811 4931 ἓτερον
2832 4858 2971 4915 εἶναι
2995 4862 3145 4932 παρά
3165 4862 3254 4913 τὸν
3284 4862 3387 4931 πλη
3399 4862 3595 4930 ροῦντα
3623 4861 3679 4912 τὸ
3708 4853 3909 4925 πληρού-

2377 4972 2555 5026 μενον.
2593 4955 2657 5007 Τί
2685 4950 2776 5007 οὖν
2806 4954 2913 5024 ἄρα
2950 4954 3085 5024 πρὸς
3107 4953 3264 5005 τοῦτό
3296 4970 3479 5022 φαμεν
3507 4968 3520 5015 ;
3576 4952 3809 5003 ’Λπαιτεί
3833 4948 3910 5017 μὲν

2371 5046 2541 5107 ὅντως
2564 5045 2676 5097 τῶν
2707 5046 2987 5114 ὀνομάτων
3017 5046 3047 5114 ἡ
3082 5044 3230 5107 θέσις
3265 5044 3372 5097 τῶν
3410 5042 3810 5112 σημαινομένων
3834 5038 3910 5106 τὴν

2373 5137 2667 5206 ἑτερότητα
2688 5176 2701 5198 ,
2729 5135 3015 5206 άδιαφορεῖ
3062 5134 3117 5186 δὲ
3162 5134 3422 5198 πολλάκις
3451 5136 3543 5187 ἐπὶ
3577 5133 3708 5187 Θεοῦ
3728 5174 3742 5199 ,
3767 5127 3911 5185 καὶτὸ

2379 5227 2601 5298 ἀκριϐὲς
2631 5228 2689 5279 ὲν
2717 5224 2925 5287 τούτοις
2949 5226 2976 5277 6
3015 5226 3113 5293 τῆς
3140 5226 3401 5280 ἀνωτάτω
3431 5225 3643 5293 φύσεως
3670 5221 3912 5295 παραιτεῖ-

2379 5338 2469 5376 ται
2498 5320 2673 5388 λόγος.
2718 5318 2973 5372 Λαλεῖται
2996 5320 3103 5387 γὰρ
3136 5316 3206 5370 τὰ
3238 5318 3363 5389 περὶ
3391 5318 3583 5388 αὐτῆς,
3607 5319 3702 5387 οὐχ
3727 5316 3795 5377 ὡς
3821 5316 3910 5382 ἔχει

2381 5409 2597 5471 πάντως
2618 5406 2896 5476 ἀληθείας,
2928 5406 3041 5459 ἀλλ’
3063 5407 3210 5469 ὅπως
3243 5406 3307 5460 ἂν
3341 5407 3555 5462 δύναιτο
3578 5404 3911 5477 διερμηνεύειν

2379 5501 2413 5570 ή
2442 5498 2673 5567 γλῶττα,
2710 5496 2801 5548 καὶ
2839 5492 2932 5560 οὖς
2954 5497 3361 5567 κατακροᾶσθαι
3388 5499 3447 5551 τὸ
3486 5497 3828 5569 ἀνθρώπινον.
3868 5492 3910 5543 '0

2381 5592 2489 5663 γάρ
2523 5593 2579 5644 έν
2613 5589 2898 5659 αἰνίγματι
2935 5588 3179 5659 βλέπων,
3234 5592 3292 5643 ὲν
3333 5591 3610 5660 αἰνίγματι
3645 5590 3734 5643 καὶ
3769 5584 3905 5640 λαλεῖ.

2555 5707 2594 5737 ⁸⁷
2629 5706 2773 5766 Psal.
2806 5722 2959 5774 XXIX,
3000 5707 3051 5763 8.
3162 5708 3203 5741 ⁸⁸
3233 5706 3381 5766 Psal.
3416 5724 3584 5777 van,
3616 5708 3704 5764 29.
3777 5696 3909 5756 "18-
