4118 6528
211 406 330 462 325

1276 394 1339 449 IN
1379 389 1667 450 JOANNIS
1701 385 2155 445 EVANGELIUM
2191 384 2321 441 LIB.
2355 384 2420 439 ll.

3371 373 3478 434 526

225 516 383 570 Ἐπεὶ
407 515 458 566 τί
492 513 736 584 ποιήσεις
759 512 885 565 ὅταν
909 513 937 563 ό
957 508 1158 572 ἁπλοῦς
1188 509 1318 579 ἡμῖν
1355 508 1455 575 τὴν
1493 505 1654 574 φύσιν
1686 505 1797 557 είσ-

1916 516 2024 556 asse
2053 497 2415 554 censebitur?
2445 497 2632 568 Itaque
2663 497 2905 552 humano
2933 495 3152 567 quidem
3194 506 3347 548 more
3389 489 3477 546 di-

213 610 380 680 σαίνῃ
405 605 653 670 διπλοῦς,
702 604 792 658 διὰ
818 603 913 657 τοῦ
956 603 1135 671 λέγειν
1165 599 1409 671 περὶτοῦ
1443 598 1502 663 ἐξ
1541 596 1757 668 Ἰσραήλ
1776 609 1791 626 ⁸

218 717 239 752 ι
271 701 381 754 Καὶ
395 699 463 752 τά
483 697 648 750 τέκνα
675 695 852 750 αὐτῶν
872 695 1058 764 διῆγον
1084 693 1173 747 διὰ
1205 691 1399 763 πυρὸς,
1419 691 1447 743 ὃ
1473 690 1574 743 οὐκ
1596 690 1796 742 ἐνετειο

213 791 401 861 λάμην
427 790 625 854 αὐτοῖς,
663 788 756 840 καὶ
784 787 883 840 οὐκ
911 786 1082 854 ἀνέϐη
1115 786 1207 838 ἐπὶ
1233 785 1330 855 τὴν
1359 781 1591 852 καρδίαν
1620 797 1742 849 μου.
1772 797 1790 830 ι

210 873 297 934 Ἦ
323 880 432 949 γάρ
450 881 548 932 οὐκ
562 881 771 949 ἀνάγκη
787 878 884 949 τὴν
904 876 1128 948 καρδίαν
1152 876 1344 945 ἑτέραν
1361 873 1628 942 ὑπάρχειν
1651 869 1799 941 παρὰ

214 974 311 1026 τὸν
339 975 396 1027 ὲν
433 966 586 1043 ᾧπερ
616 971 731 1024 ἐστί
756 988 768 1034 ;
815 970 925 1024 Καὶ
967 968 1086 1032 πῶς
1117 967 1323 1040 ἁπλοῦς
1363 966 1446 1018 ἔτι
1477 964 1799 1036 νοηθήσεται

211 1065 387 1130 Θεός;
448 1063 656 1116 Οὐκοῦν
715 1061 1069 1132 ἀνθρωπίνως
1131 1059 1231 1130 μὲν
1274 1058 1514 1111 λαλεῖ-,ται
1566 1057 1634 1109 τὰ
1671 1055 1800 1127 περὶ

210 1155 352 1208 Θεοῦ
372 1173 388 1188 θ
418 1157 618 1209 νοεῖται
647 1155 702 1207 δὲ
733 1152 924 1217 οὕτως,
947 1151 1022 1214 ὠς
1054 1151 1121 1204 ἂν
1149 1151 1415 1222 άρμόττοι
1445 1148 1586 1219 Θεῷ,
1617 1148 1712 1200 καὶ
1739 1147 1801 1200 τὸ

214 1249 415 1318 μέτρον
457 1248 554 1317 τῆς
590 1245 868 1317 ἡμετέρας
895 1244 1176 1315 γλώττης,
1216 1242 1313 1314 τὴν
1343 1243 1435 1295 ἐπὶ
1467 1241 1676 1304 πάντας
1701 1240 1802 1293 οὐκ

210 1339 466 1410 ἀδικήσει
507 1337 687 1408 φύσιν.
728 1337 847 1392 Κᾶν
898 1337 1221 1407 εὑρίσκηται
1267 1331 1554 1406 τοιγαροῦν
1595 1332 1624 1384 ό
1653 1330 1801 1398 Υἱὸς,

209 1427 291 1489 ῶς
322 1425 452 1497 περί
486 1442 630 1489 τινος
662 1426 849 1496 ἑτέρου
883 1424 1057 1494 λέγων
1100 1423 1196 1477 τοῦ
1224 1423 1534 1494 θελήματος
1563 1419 1654 1474 τοῦ
1683 1421 1799 1472 Ila.-

209 1519 367 1588 τρδς.
398 1518 786 1589 ἀδιαφορήσεις
817 1515 1180 1586 οἰκονομικῶς
1204 1517 1273 1586 τῇ
1304 1513 1412 1568 τῶν
1447 1513 1624 1581 λόγων
1655 1510 1810 1564 ἀσθε-

210 1608 338 1680 νείᾳ.
385 1607 684 1679 περιτιθεὶς
733 1607 795 1660 τὸ
839 1606 913 1677 μὴ
954 1603 1214 1660 δύνασθαί
1262 1620 1316 1657 τι
1371 1600 1554 1672 μεῖζον
1602 1599 1806 1662 εἰπεῖν,

213 1701 362 1771 μήτε
401 1701 507 1772 μὴν
545 1700 748 1771 ἑτέρως
782 1699 1164 1770 κατασημῆναι
1192 1696 1254 1750 τὸ
1291 1694 1641 1767 δηλούμενον.
1698 1691 1810 1744 Kal.

1902 605 2102 650 cuntur
2129 608 2250 662 qua:
2284 593 2351 646 de
2381 590 2489 646 Deo
2520 591 2816 662 loquimur,
2854 590 2947 646 sed
2981 603 3046 644 eo
3080 585 3243 642 modo
3277 584 3482 639 intelli-

1902 693 2108 757 guntur
2132 699 2242 754 quo
2272 682 2382 738 Deo
2413 683 2766 750 conveniunt,
2800 690 2854 737 et
2880 682 3077 752 linguae
3105 685 3308 734 nostrae
3329 676 3482 730 inﬁr-

1904 777 2070 829 mitas
2103 789 2376 844 supremae
2402 773 2475 828 illi
2513 783 2724 828 natura:
2757 774 2890 827 nihil
2920 771 3142 826 olliciet.
3176 769 3329 824 Licet
3350 780 3483 836 ergo

1905 864 2104 921 Filium
2137 867 2205 921 de
2247 867 2528 920 voluntate
2566 864 2746 920 Patris
2779 865 2929 946 loqui
2972 863 3312 932 comperias,
3359 867 3481 914 tan-

1905 971 2069 1028 quam
2104 957 2171 1013 de
2199 959 2302 1010 alia
2330 957 2589 1027 quadam,
2619 971 2776 1025 aequo
2807 957 2992 1009 animo
3021 954 3074 1008 id
3109 955 3274 1018 feres,
3305 952 3479 1006 imbe—
3562 968 3575 993 -·

1905 1048 2119 1102 eillitati
2180 1047 2455 1102 sermonis
2511 1045 2760 1099 consulte
2815 1043 3109 1099 tribuendo
3163 1043 3310 1112 quod
3370 1057 3480 1096 non

1907 1139 2080 1210 possit
2119 1138 2297 1207 majus
2328 1138 2609 1209 quidpiam
2650 1136 2867 1200 dicere,
2905 1151 3083 1206 neque
3127 1135 3284 1188 aliter
3331 1139 3482 1188 certe

1907 1242 2022 1282 rem
2055 1227 2416 1297 signiﬁcatam
2448 1227 2774 1297 exprimere.
2825 1231 3006 1295 Atque
3045 1226 3160 1279 haec
3183 1225 3330 1278 dicta
3359 1223 3484 1292 qui-

1908 1317 2030 1373 dem
2061 1327 2226 1375 sunto
2247 1333 2441 1372 rursus
2463 1319 2531 1372 ad
2553 1319 3042 1373 demonstrandum
3071 1315 3268 1370 Filium
3293 1315 3484 1369 volun-

1903 1417 2072 1465 tatem
2107 1407 2290 1465 Patris
2340 1411 2554 1466 censeri
2607 1425 2828 1480 quoque
2874 1419 3129 1479 oportere
3174 1427 3186 1463 :
3231 1406 3290 1462 ln
3333 1407 3484 1462 dicto

1902 1517 2034 1557 vero
2063 1504 2343 1572 proposito
2367 1539 2382 1564 ,
2424 1503 2575 1556 nulla
2607 1501 2746 1556 ratio
2774 1509 2934 1571 coget
2968 1501 3273 1571 intelligere
3304 1498 3485 1557 Patris

1908 1595 2285 1660 voluntatem,
2343 1593 2440 1649 sed
2487 1593 2870 1649 indiﬁ'erenter
2914 1594 3113 1648 bonam
3150 1593 3483 1648 voluntatem

1908 1703 2041 1758 erga
2070 1701 2166 1741 eos
2200 1687 2292 1756 qui
2322 1687 2604 1756 perierunt
2634 1687 3022 1756 intelligemus.

209 1771 526 1864 ταῦταμὲν
560 1791 799 1862 εἰρήσθω
836 1789 998 1843 πάλιν
1027 1790 1108 1850 είς
1145 1785 1419 1850 ἀπόδειξιν
1468 1783 1561 1836 τοῦ
1585 1780 1823 1835 νοεῖσθαι
1869 1777 1966 1830 καὶ
1995 1776 2208 1848 θέλημα
2253 1776 2348 1828 τοῦ
2386 1777 2600 1847 Πατρὸς
2631 1775 2723 1829 τὸν
2752 1775 2899 1829 Υίόν.
2941 1775 3028 1827 Ἐν
3061 1772 3118 1827 δέ
3141 1791 3205 1842 γε
3236 1771 3315 1843 τῷ
3344 1777 3482 1842 προ,

212 1888 464 1958 κειμένῳ
497 1887 678 1960 ῥητῷ,
713 1886 870 1954 λόγος
909 1884 1005 1955 μὲν
1031 1883 1208 1946 οὐδεὶς
1235 1880 1541 1950 ἀναγκάσει
1570 1877 1782 1948 θέλημα
1819 1872 2060 1927 νοεῖσθαι
2083 1870 2178 1925 τοῦ
2206 1872 2418 1942 Πατρός
2448 1871 2538 1924 τὸν
2578 1871 2740 1936 Υἱὸν,
2782 1869 3056 1938 διαφόρως
3099 1869 3212 1923 ¹ἵσ.
3255 1867 3483 1938 ἀδιαφό-

214 1982 374 2055 ρως]
417 1982 474 2035 δὲ
509 1979 709 2051 μᾶλλον
745 1976 1158 2050 παραδεξόμεθα
1190 1977 1286 2049 τὴν
1317 1977 1409 2028 ἐπὶ
1441 1977 1554 2038 τοῖς
1579 1972 1886 2029 ἀπολωλόσι
1918 1968 2116 2041 βουλὴν
2140 1967 2378 2038 ἀγαθήν.

288 2076 418 2143 Οὐχ
453 2071 620 2141 ὑμεῖς
655 2071 882 2140 λέγετε,
918 2068 1007 2123 ὅτι
1046 2067 1411 2139 τετράμηνός
1457 2067 1609 2131 ἐστι,
1645 2064 1742 2120 καί
1778 2067 1811 2118 ὀ

1985 2060 2087 2125 IV,
2145 2061 2232 2113 55.
2295 2057 2485 2112 Nonne
2526 2075 2615 2113 vos
2660 2059 2838 2113 dicitis
2887 2058 3027 2130 quod
3059 2057 3230 2113 adhuc
3257 2065 3486 2128 quatuor

211 2165 504 2235 θερισμὸς
531 2163 764 2232 ἔρχεται
791 2178 804 2226 ;

287 2258 522 2329 Δέχεται
563 2255 724 2309 πάλιν
759 2254 852 2308 τοῦ
882 2253 1042 2323 λόγου
1081 2251 1180 2316 τάς
1211 2248 1494 2322 ἀφορμὰς,
1543 2248 1650 2303 ἀπὸ
1683 2265 1806 2300 και-

217 2349 352 2420 ροῦ,
412 2347 508 2402 καὶ
546 2346 868 2419 πράγματος
895 2385 910 2409 ,
958 2345 1053 2397 καὶ
1076 2342 1183 2396 ἀπὸ
1225 2342 1333 2394 τῶν
1367 2343 1424 2393 ἐν
1447 2340 1693 2410 αἰσθήσει
1741 2340 1806 2409 τῇ

214 2439 546 2512 παχυτέρα,
604 2435 994 2506 πνευματικῶν
1056 2433 1431 2504 θεωρημάτων
1479 2431 1808 2485 ἀναπλάττει

213 2535 498 2602 διήγησιν.
545 2529 685 2598 Ὥρα
719 2527 816 2598 μὲν
847 2525 952 2595 γὰρ
982 2519 1050 2596 ἦν
1078 2522 1346 2594 χειμῶνος
1377 2521 1453 2575 ἔτι
1487 2524 1606 2574 κατ’
1636 2524 1812 2574 ἐκεῖνο

215 2623 442 2696 καιροῦ,
475 2621 770 2694 ἀρτιθαλὴς
807 2619 885 2683 δὲ,
908 2620 1000 2672 καὶ
1031 2617 1150 2681 νέος
1176 2616 1284 2669 τῶν
1314 2615 1642 2686 σπερμάτων
1665 2617 1691 2667 ό
1722 2615 1812 2667 κά-

214 2720 398 2788 λαμος
429 2715 588 2787 μόγις
618 2713 713 2784 μὲν
765 2711 867 2781 τῆς
900 2709 1142 2781 ἀρούρας
1175 2706 1454 2778 ὲξέφριττε
1476 2724 1488 2737 ·
1527 2704 1720 2775 καιροῦ
1753 2703 1810 2756 δὲ

214 2809 509 2880 τεσσάρων
543 2803 730 2877 μηνῶν
755 2801 1203 2864 διῖππεῦσαντος,
1235 2800 1316 2862 είς
1341 2797 1438 2867 τὴν
1461 2794 1552 2849 τοῦ
1572 2792 1812 2866 θερίζον-

215 2919 312 2964 τος
345 2903 506 2972 χεῖρα
555 2896 842 2950 πεσεῖσθαι
884 2893 1268 2964 προσεδοκᾶτο.
1324 2909 1342 2941 ι
1371 2891 1483 2960 Οὐχ
1512 2889 1668 2959 ὑμεῖς
1696 2881 1808 2946 οὖν,

218 2990 415 3060 φησὶν,
454 2989 503 3040 oi
527 2986 826 3057 ἄνθρωποι,
859 2984 1046 3053 λέγετε
1074 2983 1154 3036 ὅτι
1182 2980 1518 3051 τετράμηνός
1549 2980 1689 3044 ἐστι,
1720 2977 1815 3028 καὶ

217 3083 247 3133 ό
273 3080 541 3151 θερισμὸς
573 3078 791 3150 ἔρχεται
819 3094 832 3143 ;
866 3095 884 3128 ι

305 3172 470 3226 Ἰδοὺ
522 3170 676 3240 λέγω
719 3167 879 3238 ὑμῖν·
939 3164 1221 3233 Ἔπάριιτε
1264 3161 1409 3228 τοὺς
1464 3159 1813 3230 ὀφθαλμοὺς

216 3263 418 3333 ὑμῶν,
449 3261 545 3315 καὶ
582 3259 881 3314 θεάσασθε
917 3257 1021 3323 τὰς
1070 3255 1285 3325 χώρας,
1323 3255 1412 3308 ὅτι
1450 3254 1668 3308 λευκαί
1694 3255 1812 3305 εισι

217 3353 383 3422 πρὸς
409 3353 715 3422 θερισμόν.

293 3443 594 3496 Ἰόυτέστιν
625 3441 803 3509 ὀλίγον
830 3437 939 3492 τῶν
977 3438 1070 3490 ἐπὶ
1099 3437 1202 3507 γῆς
1236 3433 1577 3506 πραγμάτων
1605 3430 1694 3483 τὸν
1715 3428 1815 3498 τῆς
1843 3463 1883 3519 C

221 3533 476 3594 διανοίας
527 3529 803 3600 ὀφθαλμὸν
847 3527 1251 3597 άνοχλίσαντες,
1301 3525 1392 3577 τὸν
1445 3520 1813 3592 πνευματικὸν

223 3624 519 3695 ἀναθρεῖ-τε
570 3620 789 3691 σπόρον,
844 3619 924 3672 ὅτι
967 3617 1406 3671 λελευκάνθισται
1450 3616 1549 3687 μὲν
1589 3615 1682 3667 ἐπὶ
1718 3614 1814 3684 τὴν

225 3718 418 3770 ἅλωνα
464 3715 811 3785 βαδιούμενος
853 3711 978 3782 ἤδη*
1022 3709 1176 3764 καλεῖ
1203 3710 1260 3763 δὲ
1305 3709 1490 3762 λοιπὸν
1517 3710 1601 3778 ἐφ’
1637 3707 1816 3778 ἑαυτῷ

222 3810 320 3863 τὸν
357 3808 616 3878 ἀμητῆρα
667 3805 903 3876 σίδηρον.
951 3803 1083 3856 Ἀπὸ
1127 3803 1185 3855 δὲ
1229 3803 1331 3872 τῆς
1372 3802 1686 3873 ὁμοιότητος
1708 3799 1815 3853 τῶν

224 3903 283 3952 ἐν
359 3899 569 3968 ἱστορίᾳ
618 3899 955 3968 πραγμάτων
996 3895 1298 3966 θεωρήσεις
1346 3891 1405 3944 τὸ
1467 3891 1813 3961 δηλούμενον.

225 3989 448 4059 Σπόρον
503 3987 601 4057 μὲν
649 3988 758 4058 γάρ
801 3989 1016 4057 νοήσεις
1058 3986 1148 4037 τὸν
1192 3982 1413 4054 νοητὸν,
1461 3983 1555 4034 καὶ
1606 3979 1816 4050 πληθὺν

224 4079 528 4150 ἀσταχύων
554 4079 964 4151 πνευματικῶν,
985 4078 1111 4141 τοὺς
1136 4075 1224 4130 διὰ
1246 4076 1345 4145 τῆς
1373 4073 1482 4127 τῶν
1521 4071 1816 4145 προφητῶν

225 4171 725 4243 προγεωρηθέντας
748 4171 930 4240 φωνῆς
959 4169 1037 4232 είς
1053 4168 1150 4238 τὴν
1177 4166 1474 4238 μέλλουσαν
1497 4164 1818 4236 ἀναδειχθή-

229 4263 428 4317 σεσθαι
456 4265 636 4315 πίστιν
660 4261 752 4316 διά
798 4260 1056 4330 Χριστοῦ.
1087 4257 1444 4313 Λευκαίνεται
1475 4256 1530 4310 δὲ
1560 4253 1818 4324 πέπειρός

226 4378 288 4413 τε
329 4359 426 4411 καὶ
466 4357 681 4427 ἕτοιμος
713 4357 812 4427 ἤδη
845 4356 981 4426 πρὸς
1017 4353 1078 4406 τὸ
1127 4350 1401 4405 πιστεύειν
1431 4350 1816 4423 γεγενημένος,

227 4450 332 4501 καὶ
378 4445 844 4517 συμπεπηγμένος
888 4445 967 4506 εἰς
1018 4441 1326 4494 εὐλάϐειαν.
1370 4439 1426 4492 '0
1454 4439 1510 4490 δὲ
1546 4437 1640 4490 τοῦ
1667 4437 1816 4507 θερί-

229 4538 427 4602 ζοντος
461 4537 698 4606 σίδηρος,
753 4537 781 4588 ό
809 4533 1062 4606 λαμπρός
1106 4531 1166 4584 τέ
1206 4533 1322 4584 ἐστι
1356 4529 1450 4582 καὶ
1502 4527 1818 4598 τομῶτατος

227 4629 349 4683 τῶν
376 4626 688 4682 ἀποστόλων
718 4627 894 4694 λόγος,
921 4623 1023 4694 τῆς
1071 4623 1169 4694 μὲν
1203 4620 1345 4675 κατὰ
1381 4619 1541 4690 νόμον
1570 4618 1821 4690 λατρείας

230 4719 548 4790 ἀποκείρων
574 4719 699 4781 τοὺς
729 4715 1132 4787 ἀκροωμένους,
1179 4713 1272 4766 ἐπὶ
1297 4711 1470 4782 δὲτὴν
1509 4711 1621 4764 ᾶλω
1649 4727 1818 4781 μετα-

1909 2169 2112 2208 menses
2141 2161 2301 2215 sunt,
2333 2161 2381 2205 et
2411 2153 2594 2205 messis
2625 2153 2784 2205 venit.

1982 2246 2338 2300 Occasionem
2359 2244 2575 2298 dicendi
2602 2261 2819 2299 rursum
2841 2259 2870 2298 a
2899 2251 3144 2312 tempore
3167 2251 3221 2298 et
3238 2256 3297 2296 re
3318 2241 3484 2312 capit,

1911 2342 1966 2391 et
2000 2337 2068 2390 ab
2103 2336 2170 2390 iis
2197 2351 2316 2405 qua:
2348 2335 2452 2390 sub
2484 2350 2702 2389 sensum
2738 2334 2896 2404 199
2921 2334 3123 2388 cadunt
3155 2333 3486 2404 Spiritalium

1913 2427 2432 2497 contemplationum
2459 2426 2874 2495 explicationem
2909 2424 3160 2478 adornat.
3188 2422 3318 2476 Erat
3341 2421 3488 2476 enim

1912 2527 2028 2574 tum
2064 2519 2245 2573 adhuc
2284 2519 2479 2572 hiemis
2515 2527 2844 2586 tempestas,
2885 2525 2938 2571 et
2964 2515 3166 2572 virides
3200 2531 3264 2570 ac
3298 2529 3490 2571 recen-

1912 2620 1996 2666 tes
2029 2611 2196 2665 culmi
2235 2611 2472 2664 nondum
2516 2609 2570 2662 in
2611 2610 2819 2678 campis
2860 2607 3356 2664 inhorrescebant;
3392 2605 3490 2660 sed

1912 2703 2101 2772 elapso
2151 2701 2540 2771 quadrimestri
2592 2702 2772 2770 spatio
2829 2701 2884 2754 in
2935 2714 3238 2756 messorum
3294 2712 3490 2752 manus

1914 2795 2200 2849 deventuri
2233 2803 2411 2849 erant.
2444 2813 2461 2844 ι
2503 2793 2695 2849 Nonne
2728 2808 2824 2849 vos
2858 2793 3045 2863 igitur,
3075 2791 3272 2862 inquit,
3304 2789 3490 2844 dicitis

1915 2888 2059 2956 quod
2095 2887 2274 2941 adhuc
2299 2897 2534 2958 quatuor
2568 2901 2787 2942 menses
2843 2893 3017 2948 sunt,
3063 2893 3118 2940 et
3155 2883 3352 2940 messis
3391 2896 3490 2937 ve-

1915 2980 2031 3034 nit?
2066 2999 2084 3033 ι

1990 3155 2078 3218 IV,
2128 3156 2215 3208 55.
2263 3154 2394 3206 Ecce
2444 3170 2536 3222 ego
2579 3153 2700 3206 dico
2744 3150 3139 3202 vobis:Levate
3181 3147 3362 3201 oculos
3405 3163 3492 3201 ue-

1916 3257 2077 3305 stros,
2099 3256 2145 3297 et
2171 3243 2336 3295 videte
2370 3245 2625 3309 regiones,
2647 3241 2771 3308 quia
2795 3239 2932 3294 alba:
2955 3240 3076 3308 jam
3106 3248 3228 3292 sunt
3260 3238 3328 3292 ad
3355 3255 3492 3292 mes-

1917 3350 2046 3387 sem.

1989 3425 2104 3480 lloc
2141 3433 2245 3488 est,
2292 3441 2319 3477 a
2352 3426 2516 3481 rebus
2550 3425 2789 3480 terrenis
2824 3424 3131 3480 intellectus
3171 3424 3328 3480 oculo
3359 3438 3495 3494 pau-

1923 3517 2032 3568 luut
2061 3515 2278 3568 sublato
2301 3515 2570 3583 spiritalia
2596 3521 2712 3567 sata
2737 3513 3166 3581 circumspicito,
3191 3511 3494 3568 ﬂavescen-

1922 3608 1994 3660 tia
2040 3606 2184 3675 jam,
2239 3615 2291 3660 et
2347 3607 2401 3659 in
2441 3621 2624 3659 aream
2657 3621 2780 3658 mox
2831 3613 3097 3666 ventura,
3131 3614 3184 3657 ct
3227 3605 3495 3661 messoris

1921 3698 2130 3752 ferrum
2162 3697 2378 3751 laudent
2413 3699 2752 3768 appetentia.
2814 3696 2854 3748 A
2903 3697 3263 3751 similitudine
3312 3704 3493 3751 autem

1920 3807 2104 3846 rerum
2144 3807 2262 3860 qua:
2296 3791 2383 3844 hic
2419 3795 2921 3843 commemorantur
2958 3789 3232 3856 spectabis
3265 3787 3316 3841 id
3347 3785 3493 3858 quod

1921 3883 2293 3952 signiﬁcatur.
2328 3881 2458 3934 Sata
2500 3880 2642 3934 enitn
2679 3879 2947 3948 spiritalia
2983 3879 3075 3932 hic
3108 3879 3496 3948 intelliges,‘et

1921 3975 2197 4044 spicarum
2250 3955 2581 4043 spiritaliuin
2628 3971 3069 4036 multitudinem,
3102 3987 3196 4026 eos
3230 3972 3324 4040 qui
3365 3988 3492 4041 pro-

1923 4066 2208 4136 phetarum
2266 4077 2398 4117 voce
2462 4061 2615 4131 prius
2672 4061 2876 4114 exculti
2939 4067 3070 4114 sunt
3126 4058 3195 4114 ad
3251 4057 3492 4114 futuram

1921 4156 2124 4210 Christi
2172 4155 2332 4209 ﬁdem
2369 4150 2713 4208 instituendi.
2755 4148 3033 4204 Flavescit
3087 4164 3242 4213 vero,
3292 4149 3387 4219 qui
3439 4156 3496 4203 et

1921 4258 2172 4301 maturus
2205 4253 2261 4301 et
2295 4256 2518 4314 paratus
2545 4245 2658 4314 jam
2694 4252 2778 4297 est
2817 4242 2881 4296 ad
2918 4239 3273 4304 credendum,
3321 4246 3375 4295 et
3425 4239 3494 4292 ad

1923 4341 2244 4408 religionem
2301 4337 2678 4390 conﬁrmatus.
2727 4333 2989 4387 Messoris
3030 4340 3208 4386 autem
3257 4329 3492 4397 ferrum,

1922 4430 2207 4501 splendida
2245 4436 2326 4482 est
2383 4438 2435 4482 et
2489 4426 2809 4481 acutissima
2851 4424 3168 4494 praedicatio
3217 4425 3496 4494 apostolo-

1921 4538 2067 4586 rum,
2106 4520 2386 4574 auditores
2416 4517 2637 4588 quidem
2678 4532 2708 4570 a
2736 4516 2886 4570 cultu
2926 4515 3084 4586 legali
3115 4529 3396 4580 resecans,
3443 4524 3498 4570 et

1923 4614 1978 4667 in
2013 4627 2194 4665 aream
2236 4608 2599 4673 transferens,
2647 4608 2752 4662 hoc
2802 4617 2884 4663 est
2922 4607 2977 4662 in
3019 4605 3323 4662 Ecclesiam
3374 4606 3494 4672 Dei,

1924 4705 2016 4759 tthi
2059 4705 2322 4757 virtutum
2366 4701 2655 4755 laboribus
2707 4699 2930 4754 contriti
2975 4714 3146 4768 purus
3178 4698 3336 4755 cibus
3381 4699 3499 4754 elli-

227 4811 428 4873 τιθεὶς,
458 4810 600 4862 τοῦτ’
627 4809 793 4871 ἔστιν,
820 4809 913 4861 ἐπὶ
936 4805 1034 4878 τὴν
1053 4803 1381 4874 Ἐκκλησίαν
1399 4801 1492 4854 τοῦ
1519 4800 1674 4854 Θεοῦ·
1695 4799 1812 4852 ἔνθα

1925 4799 2159 4860 cientur,
2191 4795 2503 4850 collectoris
2536 4794 2735 4848 horreo
2772 4792 3153 4863 dignissimus.

229 4906 296 4965 δὴ
335 4904 644 4975 τριϐόμενοι
689 4921 748 4956 τε
783 4904 878 4957 καὶ
928 4901 1110 4963 πόνοις
1155 4897 1376 4967 ἀγαθῶν
1423 4895 1817 4965 ὲνθλιϐόμενοι,
1857 4892 2094 4963 καθαρὸς
2125 4889 2614 4962 ,ἀποδειχθήσονται
2657 4889 2801 4952 σῖτος
2861 4886 2960 4957 τῆς
3028 4884 3121 4938 τοῦ
3177 4885 3500 4952 συνάγοντος

233 4995 527 5064 ἀποθήκης
557 4995 798 5058 ὲπάξιος.

314 5090 461 5157 Ἤδη
485 5092 516 5143 ό
541 5088 800 5158 θερίζων,
834 5085 1056 5157 μισθὸν
1091 5084 1405 5152 λαμϐάνει,
1439 5081 1536 5134 καὶ
1567 5081 1819 5150 συνάγει

236 5180 480 5250 καρπὸν
526 5183 612 5248 εἰς
648 5179 802 5247 ζωὴν
848 5176 1117 5240 αἰώνιον,
1166 5176 1267 5228 ἵνα
1305 5177 1338 5228 ό
1371 5173 1634 5239 σπείρων
1671 5171 1818 5238 ὁμοῦ

239 5277 448 5343 χαιζρῃ,
491 5273 593 5326 καί
629 5276 661 5326 ό
706 5271 959 5340 θερῒων.
1017 5269 1112 5322 Ἑν
1167 5267 1278 5336 γὰρ
1324 5265 1512 5326 τούτῳ
1556 5266 1588 5316 ὀ
1641 5263 1821 5330 λόγος

239 5365 533 5433 ἀληθινός
542 5363 784 5428 ἐστι,ότι
797 5358 1203 5427 άλλοςέστὶνό
1220 5356 1503 5424 σπείρων,
1523 5352 1619 5406 καὶ
1634 5351 1823 5416 ἄλλος

241 5461 276 5514 ό
302 5455 558 5525 θερίζων.

320 5549 517 5617 Λόγου.
553 5548 736 5619 φησὶν,
778 5547 806 5599 ὁ
836 5545 1029 5612 καιρὸς
1057 5541 1150 5596 τοῦ
1190 5538 1480 5602 καλοῦντος
1503 5537 1582 5599 εἰς
1605 5535 1786 5589 πίστιν
1805 5573 1820 5599 ,

243 5640 341 5693 xii.
387 5637 496 5690 τῶν
533 5637 772 5708 νομικῶν
813 5653 872 5689 τε
925 5635 1019 5689 καὶ
1060 5629 1413 5705 προφητικῶν
1453 5625 1823 5697 κηρυγμάτων

243 5731 348 5798 τὴν
372 5730 452 5792 εἰς
489 5728 638 5791 τέλος
669 5728 851 5797 ἄφιξιν
883 5728 995 5789 τοῖς
1039 5721 1411 5794 ἀκρωομένοις
1453 5716 1823 5770 ἐπιδεικνύον-

245 5835 361 5881 τος.
403 5819 462 5872 'U
491 5819 588 5889 μὲν
617 5818 724 5890 γὰρ
763 5820 944 5888 νόμος,
996 5817 1069 5880 ῶς
1109 5816 1164 5869 ὲν
1196 5813 1374 5876 σκιαῖς
1409 5811 1527 5873 ταῖς
1575 5811 1632 5863 ὲν
1669 5807 1824 5878 τύπῳ

1996 5074 2088 5139 1V,
2120 5071 2311 5127 56-37.
2351 5066 2477 5120 Jam
2511 5065 2602 5135 qui
2645 5065 2813 5128 metit,
2861 5058 3147 5117 mercedem
3190 5059 3401 5127 accipit,
3446 5066 3498 5112 et

1927 5174 2202 5238 congregat
2226 5163 2456 5232 fructum
2491 5160 2545 5212 in
2569 5157 2729 5210 vitam
2757 5164 3005 5208 wternam
3031 5167 3049 5204 :
3073 5159 3130 5204 ut
3155 5159 3203 5202 et
3231 5149 3320 5220 qui
3338 5149 3499 5203 semi-

1929 5270 2021 5315 nat
2061 5257 2220 5312 simul
2260 5252 2523 5324 gaudeat,
2569 5257 2618 5302 et
2666 5247 2754 5317 qui
2790 5246 2955 5298 metit.
3006 5241 3071 5295 In
3106 5242 3202 5295 hoc
3249 5242 3388 5296 enim
3420 5250 3499 5295 est

1921 5352 2140 5422 uerbum
2178 5363 2385 5410 rerum,
2427 5343 2553 5413 quia
2594 5339 2730 5393 alius
2766 5345 2842 5390 est
2880 5334 2971 5405 qui
3007 5334 3252 5401 seminat,
3278 5342 3328 5387 et
3359 5333 3498 5386 alius

1928 5455 2005 5500 est
2027 5443 2114 5512 qui
2146 5441 2312 5494 metit.

2001 5533 2261 5603 Tempus,
2289 5527 2492 5599 inquit,
2537 5530 2621 5580 est
2652 5519 2802 5577 verbi
2839 5518 3087 5575 vocantis
3130 5517 3196 5572 ad
3243 5515 3401 5570 ﬁdem
3445 5522 3502 5570 et

1931 5621 2465 5681 consummationem
2502 5615 2757 5686 legalium
2791 5619 2844 5666 et
2877 5608 3324 5681 propheticorum
3359 5621 3499 5675 prte-

1934 5715 2223 5773 coniorum
2255 5709 2602 5764 auditoribus
2631 5701 2992 5760 ostendentis.
3040 5697 3147 5753 Lex
3178 5697 3324 5752 enim
3355 5696 3504 5750 velut

1937 5809 1991 5862 in
2012 5804 2223 5862 umbris
2279 5802 2460 5872 typico
2519 5795 2667 5852 cultu
2720 5802 3005 5850 venturum
3064 5785 3500 5859 prtenuntiabat,
