4118 6552
670 326 776 385 5‘27

670 439 952 494 Christum
997 438 1257 495 videlicet
1305 456 1317 493 :

671 531 1062 587 annuntiantes
1118 530 1361 603 Spiritus
1404 544 1719 595 sermones,
1758 530 1985 601 jamjam
2013 532 2237 586 adfutu-

669 640 790 679 rum
832 624 1256 695 przesignabant.
1298 620 1434 677 Cum
1476 629 1656 676 autem
1699 630 1887 690 portas
1939 622 2235 690 introierit,

668 733 820 788 spem
870 731 978 771 non
1025 715 1238 771 diﬂ'eret
1271 716 1326 770 in
1358 715 1579 784 longum
1617 723 1833 782 tempus
1862 715 2235 784 apostolorum

664 807 1004 877 praedicatio,
1053 807 1150 863 sed
1195 807 1307 877 jam
1352 814 1672 875 prmsentem
1703 820 1827 858 eum
1860 805 2111 860 ostendet
2140 805 2235 875 qui

663 900 1134 969 exspectabatur:
1172 904 1225 952 et
1261 897 1423 966 200
1460 904 1625 950 metet
1677 895 1897 966 quidem
1948 910 2016 951 ex
2073 895 2236 965 legali

662 988 815 1041 cultu
846 1002 948 1043 eos
998 987 1094 1057 qui
1142 986 1322 1040 adhuc
1362 986 1465 1055 legi
1512 986 1786 1052 serviunt,
1822 992 1878 1041 et
1909 984 2013 1040 soli
2043 985 2234 1040 littera:

661 1078 951 1143 incubant,
984 1086 1148 1149 atque
1192 1078 1377 1133 instar
1398 1077 1803 1147 manipulorum
1850 1075 2146 1131 transferet
2176 1077 2233 1130 in

660 1186 844 1226 mores
869 1181 925 1226 et
955 1172 1433 1226 conversationem
1455 1169 1850 1240 evangelicam,
1882 1176 1935 1221 et
1962 1167 2233 1221 resecabit

659 1263 913 1319 similiter
980 1264 1049 1318 ab
1118 1278 1306 1317 errore
1365 1263 1456 1331 qui
1522 1258 1928 1315 multitudinem
2001 1258 2228 1313 deorum

660 1355 861 1409 astruit
887 1353 1157 1409 idolorum
1190 1354 1479 1416 cultorem,
1516 1367 1752 1421 eumque
1782 1350 1848 1404 ad
1889 1350 2227 1422 agnitionem

657 1442 776 1497 veri
820 1442 916 1496 Dei
952 1442 1235 1512 perducet,
1287 1449 1340 1496 et
1390 1448 1448 1495 ut
1498 1441 1553 1494 in
1608 1454 1824 1496 summa
1872 1440 2051 1511 quoad
2101 1440 2229 1495 licet

655 1534 927 1598 dicamus,
959 1550 1055 1589 eos
1100 1534 1194 1603 qui
1223 1543 1435 1588 terrena
1473 1533 1652 1588 adhuc
1679 1533 1931 1602 sapiunt,
1961 1532 2027 1587 ad
2059 1547 2227 1605 ange-

654 1622 832 1677 lorum
872 1626 1040 1678 vitam
1089 1640 1187 1695 per
1246 1622 1407 1678 tidem
1468 1623 1522 1677 iu
1572 1622 1855 1678 Christum
1906 1625 2222 1680 transferet.

654 1714 805 1768 Hanc
838 1726 1044 1783 autem,
1080 1716 1283 1785 inquit,
1315 1713 1634 1786 praedicatio
1664 1731 1973 1771 messorum
2008 1715 2219 1771 elﬁciet.

650 1803 858 1862 Merces
905 1821 1037 1862 vero
1099 1822 1211 1861 non
1258 1806 1432 1861 deerit
1472 1823 1486 1859 :
1528 1806 1886 1876 congregabit
1940 1806 2086 1861 enim
2140 1807 2220 1862 cis

652 1894 893 1950 fructum
924 1897 1018 1967 qui
1045 1898 1099 1950 in
1122 1897 1289 1951 vitam
1318 1903 1577 1950 mternam
1602 1898 1809 1950 nutriat
1840 1913 1853 1962 ;
1885 1912 2063 1966 neque
2093 1912 2221 1952 vero

650 1988 745 2057 qui
802 1989 1146 2058 perceperint
1196 1988 1299 2044 soli
1356 1988 1412 2042 in
1468 1988 1667 2057 seipsis
1714 1989 2063 2058 gaudebunt,
2123 1989 2220 2045 sed

650 2085 913 2149 tanquam
968 2080 1063 2149 qui
1115 2079 1401 2149 prophetis
1464 2080 1940 2143 adlaboraverint,
1991 2090 2044 2135 et
2098 2090 2220 2136 sata

650 2171 805 2241 prius
859 2172 929 2226 ab
977 2171 1046 2228 iis
1099 2173 1315 2228 exculta
1362 2172 1725 2237 messuerint,
1766 2187 1928 2227 unam
1984 2188 2108 2228 cum
2152 2174 2220 2231 iis

648 2260 1029 2317 celebritatem
1073 2270 1358 2335 peragent.
1410 2263 1530 2329 Quo
1570 2261 1799 2327 factum,
1852 2263 2113 2330 arbitror,
2158 2277 2220 2321 ut

646 2348 852 2407 Paulus
876 2354 1344 2423 sapientissimus,
1380 2354 1473 2424 qui
1499 2369 1685 2408 rerum
1724 2356 2033 2410 futurarum
2060 2365 2219 2427 typos

647 2442 897 2510 apprime
930 2452 1179 2508 noverat,
1213 2445 1281 2501 de
1310 2446 1519 2501 sanctis
1552 2445 1805 2516 patribus
1840 2461 1904 2501 ac
1935 2448 2218 2517 pr0phetis

646 2533 896 2589 dixerit:
928 2556 947 2587 ι
984 2535 1096 2592 Hos
1143 2536 1403 2592 nimirum
1448 2552 1643 2593 omnes
1688 2538 1963 2608 perfectos
1998 2539 2018 2613 [
2064 2540 2215 2612 Vulg.

647 2625 959 2698 probatos]
996 2643 1092 2697 per
1126 2627 1286 2682 [idem
1335 2644 1443 2684 non
1497 2630 1778 2700 accepisse
1830 2631 2219 2702 repromissio-

645 2732 809 2782 nem,
846 2717 958 2773 Deo
993 2735 1092 2789 pro
1127 2720 1287 2777 nobis
1316 2721 1512 2776 melius
1553 2721 1763 2791 aliquid
1790 2722 2133 2790 providente,
2163 2734 2221 2779 ut

645 2822 755 2863 non
773 2808 895 2865 sine
919 2811 1077 2865 nobis
1102 2822 1620 2867 consummareutur
1648 2813 1696 2844 ⁸ο
1724 2831 1772 2865 ι.
1795 2813 2047 2869 Salvator
2072 2815 2219 2870 enim

646 2914 947 2955 messorem
979 2902 1149 2956 voluit
1176 2920 1284 2957 una
1310 2905 1547 2974 gaudere
1581 2921 1705 2959 cum
1735 2912 1941 2960 satore.

1667 328 1724 382 S.
1761 327 2037 385 CYRILLI
2070 330 2537 389 ALEXANDRINI
2574 335 2891 396 ARCIIIEP.

1370 437 1651 508 propheta:
1696 454 1827 493 vero
1863 448 1985 510 post
2030 442 2223 510 ipsum1

2338 445 2645 516 λατρείαις,
2694 452 2992 523 προεδήλου
3047 456 3140 507 τὸν
3190 459 3544 531 ἀφιξόμενον,
3599 463 3748 517 τοῦτ’
3800 466 3907 519 ἔστι

3813 353 3908 409 328

2341 542 2594 613 Χριστόνο
2646 549 2918 617 προφῆται
2957 549 3013 601 δὲ
3064 554 3182 620 μετ’
3225 554 3409 621 αὑτὸν,
3457 557 3583 621 τοὺς
3625 558 3780 628 παρά
3820 561 3906 615 τοῦ

2339 634 2650 705 Πνεύματος
2676 637 3166 709 διαπορθμεύοντες
3204 642 3395 713 λόγους
3441 648 3637 718 μικρὸν
3663 649 3789 703 ὅσον
3821 654 3908 705 καὶ

2336 725 2412 789 ὡς
2472 728 2572 798 ήδη
2621 732 2993 801 παρεσόμενόν
3038 750 3099 786 τε
3148 736 3241 788 καὶ
3299 738 3496 808 ἥξοντα
3547 743 3904 812 προεμήνυον.

2350 818 2567 890 Ἐπειδὴ
2595 821 2651 873 δέ
2680 822 2810 875 εἴσω
2846 822 3043 894 βέϐηκε
3078 825 3277 897 θυρῶν,
3316 830 3417 882 οὐκ
3458 832 3537 895 εἰς
3572 832 3769 886 ἐλπίδα
3808 851 3907 903 μα-

2336 909 2473 979 κρὰν
2498 910 2760 982 ἀναθήσει
2797 915 2857 966 τὸ
2898 915 3264 986 προσδοκηθέν
3294 920 3405 973 τῶν
3432 921 3749 977 ἀποστόλων
3773 926 3803 978 ό
3827 925 3906 977 λό-

2334 1018 2449 1070 γος,
2483 1003 2596 1056 ἀλλ’
2619 1004 2718 1075 ήδη
2741 1007 2911 1077 παρὸν
2939 1008 3217 1075 ἐπιδείξει⁹
3254 1011 3349 1064 καὶ
3377 1011 3579 1083 θερίσει
3610 1016 3710 1085 μὲν
3740 1017 3807 1070 ἐκ
3828 1034 3905 1070 νο-

2337 1093 2504 1163 μικῆς
2529 1095 2782 1166 λατρείας
2804 1098 2929 1162 τοὺς
2950 1098 3029 1151 ἔτι
3058 1100 3206 1171 νόμῳ
3230 1101 3597 1169 δουλεύοντας,
3639 1107 3734 1161 καὶ
3763 1109 3905 1179 μόνῳ

2334 1183 2818 1255 προσκαθημένους
2854 1188 2931 1258 τῷ
2964 1189 3271 1260 γράμματι,
3308 1193 3601 1265 μεταθήσει
3647 1198 3706 1250 δὲ
3751 1198 3903 1271 δίκην

2330 1273 2659 1345 δραγμάτων
2705 1278 2783 1341 είς
2827 1277 2937 1345 ἕξιν
2960 1297 3019 1333 τε
3058 1281 3152 1334 καὶ
3199 1282 3472 1340 πολιτείαν
3523 1289 3901 1362 εὐαγγελικὴν,

2330 1368 2591 1439 ἀποκερεί
2617 1368 2673 1422 δὲ
2719 1371 2920 1441 ὁμοίως
2960 1374 3222 1429 πολυθέου
3270 1376 3370 1446 μὲν
3420 1379 3625 1451 πλάνης
3669 1381 3766 1435 τόν
3798 1384 3902 1437 τῶν

2330 1458 2561 1512 εἱδῖιλων
2606 1463 3008 1534 προσκυνητὴν,
3056 1466 3295 1535 μετοίσει
3344 1468 3400 1521 δέ
3434 1469 3571 1541 πρὸς
3606 1471 3900 1541 ἐπίγνωσιν

2326 1551 2419 1605 τοῦ
2456 1552 2577 1606 κατ’
2622 1553 2884 1624 ἀλήθειαν
2933 1556 3085 1619 ὄντος
3133 1557 3292 1623 Θεοῦ,
3339 1561 3431 1613 καὶ
3469 1562 3528 1614 τὸ
3559 1562 3806 1633 σύμπαν,
3830 1564 3902 1630 ὡς

2326 1642 2425 1706 ἔνι,
2457 1644 2548 1696 καὶ
2595 1644 2894 1717 συλλήϐδην
2932 1647 3126 1710 εἰπεῖν.
3172 1651 3299 1713 τοὺς
3345 1652 3672 1720 φρονοῦντας
3711 1653 3795 1709 ἔτι
3838 1657 3902 1710 τὰ

2252 1779 2298 1838 Β
2326 1734 2420 1787 ἐπὶ
2461 1734 2559 1803 τῆς
2610 1734 2716 1803 γῆς
2767 1735 2904 1806 πρὸς
2951 1736 3052 1808 τὴν
3105 1738 3214 1791 τῶν
3268 1740 3515 1809 ἀγγέλων
3571 1744 3900 1814 μεταστήσει

2328 1823 2471 1894 ζωὴν
2496 1825 2582 1878 διὰ
2618 1826 2853 1891 πίστεως
2884 1827 2984 1899 τῆς
3017 1830 3100 1892 είς
3140 1831 3393 1901 Χριστόν.
3436 1832 3653 1904 Ταύτην
3690 1834 3793 1905 μὲν
3816 1835 3899 1906 δὴ,

2327 1916 2514 1983 φησὶν,
2546 1917 2574 1970 ὁ
2597 1917 2708 1969 τῶν
2740 1917 3003 1989 θεριστῶν
3033 1919 3386 1993 ἐξεργάσεται
3424 1924 3598 1992 λόγος.
3634 1927 3829 1980 Ἔσται
3856 1927 3899 1980 δ’

2323 2002 2416 2060 οὖν
2458 2008 2606 2078 ὅμως
2641 2008 2743 2062 οὐκ
2775 2009 3036 2083 ἀμισθής
3084 2012 3300 2079 συνάξει
3327 2015 3435 2087 γὰρ
3469 2017 3533 2086 δὴ
3563 2019 3783 2083 πάντως
3807 2020 3900 2073 αύ-

2323 2099 2438 2158 τοῖς
2464 2098 2556 2151 τὸν
2581 2100 2660 2162 εἰς
2689 2099 2832 2172 ζωὴν
2874 2101 3090 2158 αἰώνιον
3127 2105 3501 2177 ἀποτρέψοντα
3531 2109 3764 2180 καρπόν·
3810 2113 3900 2166 καὶ

2325 2188 2387 2241 οὐ
2418 2187 2481 2259 δή
2528 2205 2631 2243 που
2668 2190 2925 2256 λαϐόντες
2958 2193 3109 2263 μόνοι
3154 2195 3276 2249 καθ’
3316 2197 3540 2260 ἑαυτοὺς
3593 2198 3901 2271 εὐφρανθή-

2327 2292 2526 2338 σονται.
2560 2277 2676 2331 ἀλλ’
2699 2277 2776 2340 ὡς
2826 2281 2938 2344 τοῖς
2965 2280 3076 2334 τῶν
3119 2284 3417 2355 προφητῶν
3463 2286 3900 2359 ἐπικεκμηκότες

2325 2367 2528 2432 πόνοις,
2562 2371 2654 2421 καὶ
2679 2370 2771 2424 τὸν
2811 2374 2940 2444 παρ’
2968 2373 3192 2427 ἐκείνων
3230 2378 3726 2449 προγεωργηθέντα
3759 2379 3900 2452 θερί-

2325 2474 2518 2522 σαντες
2547 2458 2769 2531 σπόρον,
2802 2461 2932 2531 μίαν
2973 2463 3156 2528 αὐτοῖς
3194 2466 3685 2539 ἐπιτελέσουσιτὴν
3730 2472 3898 2542 πανή-

2320 2565 2499 2620 γυριν;
2549 2547 2716 2621 υῑμαι
2758 2553 2803 2606 δ’
2829 2552 3003 2622 ἔγωγε
3030 2555 3123 2610 τὸν
3161 2556 3468 2625 σοφώτατον
3497 2559 3727 2624 Παῦλον,
3776 2562 3898 2625 τοὺς

2321 2640 2414 2694 ἐπὶ
2440 2643 2551 2705 τοῖς
2579 2642 2828 2713 μέλλουσι
2861 2644 3064 2708 τύπους
3092 2648 3520 2719 ἐκμεμαθηκότα
3569 2651 3781 2719 σαφῶς,
3811 2654 3896 2704 ἐν-

2321 2731 2511 2786 τεῦθεν
2556 2735 2730 2787 εἰπεῖν
2756 2735 2883 2807 περί
2918 2754 2975 2789 τε
2998 2737 3107 2791 τῶν
3143 2739 3313 2809 ἁγίων
3360 2742 3613 2811 πατέρων
3642 2745 3740 2797 καὶ
3768 2761 3899 2815 προσ

2323 2822 2527 2893 φητῶν,
2556 2824 2637 2878 ὅτι
2668 2843 2688 2878 ι
2734 2828 2844 2879 Καὶ
2869 2821 3013 2881 οὗτοι
3040 2829 3243 2893 πάντες
3270 2832 3648 2897 τελειωθέντες
3691 2834 3780 2888 διὰ
3802 2836 3897 2906 τῆς

2330 2914 2562 2979 πίστεως
2595 2917 2694 2970 οὐκ
2736 2918 3058 2988 ἐκομίσαντο
3108 2921 3207 2993 τὴν
3236 2924 3589 2994 ἐπαγγελίαν,
3637 2924 3734 2979 τοῦ
3765 2926 3896 2979 Θεοῦ

644 2991 773 3061 περὶ
794 2991 951 3062 ἡμῶν
980 2995 1223 3064 κρεῖττόν
1244 3012 1296 3047 τι
1322 2994 1792 3066 προϐλεψαμένου,
1866 2997 1955 3050 ἵνα
2011 2997 2087 3070 μὴ
2152 3003 2321 3073 χωρὶς
2359 3004 2516 3075 ἡμῶν
2564 3006 2938 3063 τελειωθῶσιν.
2979 3029 2998 3060 ι
3060 2991 3226 3081 Ὁμοῦ
3287 2991 3404 3085 γὰρ
3442 3014 3636 3085 χρῆναι
3692 3016 3897 3087 χαίρειν

643 3081 964 3150 ἐδοκίμασεν
990 3087 1065 3170 -ό
1120 3086 1310 3159 Σωτὴρ
1359 3088 1435 3158 τῷ
1493 3091 1900 3161 προεσπαρκότι
1963 3092 2057 3147 τὸν
2121 3094 2398 3170 θεριστήν.

718 3168 808 3235 IV,
846 3169 936 3224 58.
982 3168 1092 3240 Ego
1122 3171 1244 3225 misi
1293 3188 1380 3227 vos
1406 3187 1594 3229 metere
1628 3182 1767 3246 quod
1803 3197 1894 3235 vos
1931 3199 2039 3238 non
2064 3186 2215 3243 labo-
2241 3194 2287 3254 Ο

643 3260 852 3313 fastis:
884 3260 979 3313 alii
1027 3261 1430 3331 laboraverunt,
1473 3275 1523 3320 et
1567 3282 1656 3320 vos
1700 3269 1756 3321 in
1790 3267 1996 3325 labores
2041 3287 2223 3328 eorum

645 3352 935 3405 iutroistis.

716 3441 913 3496 Totum
942 3443 1023 3498 eis
1048 3444 1260 3500 tandem
1294 3446 1499 3501 revelat
1528 3450 1873 3520 mysterium,
1899 3459 1954 3507 et
1979 3453 2222 3511 obscuro

644 3532 885 3587 circuitu
935 3535 1227 3590 verborum
1289 3536 1507 3592 sublato
1574 3540 2082 3598 manifestissimam
2140 3548 2221 3603 rei

645 3628 973 3699 signiﬁcata:
1001 3632 1329 3685 sententiam
1362 3632 1603 3688 exhibet.
1634 3633 1768 3689 Cum
1800 3645 1982 3692 autem
2028 3638 2221 3692 Salva-

646 3728 735 3774 tor
763 3720 1066 3789 prophetas
1104 3729 1158 3775 et
1196 3725 1477 3792 apostolos
1516 3725 1796 3795 diligeret,
1848 3744 1950 3783 nec
2000 3730 2219 3785 illorum

646 3810 833 3867 labore
861 3826 1051 3867 carere
1077 3814 1197 3868 vult
1223 3817 1525 3885 apostolos,
1561 3832 1666 3873 nec
1708 3820 1920 3875 sanctis
1956 3821 2221 3891 apostolis

644 3910 813 3959 totam
854 3904 1085 3974 gloriam
1132 3906 1324 3962 tribuit
1365 3923 1558 3963 eorum
1615 3911 1713 3980 qui
1763 3911 2011 3966 salvandi
2062 3920 2221 3968 erant

642 4007 742 4069 per
771 3992 930 4047 ﬁdem
964 3995 1017 4049 in
1050 3995 1229 4065 ipsum
1267 4016 1280 4052 :
1316 3998 1410 4054 sed
1448 4008 1760 4070 temperans
1788 4004 2217 4074 quodammodo,

642 4090 698 4136 ct
730 4092 919 4139 mutua
950 4088 1267 4157 operatione
1302 4094 1638 4159 permiscens
1671 4103 2032 4166 utrorumque
2062 4096 2219 4151 labo-

642 4189 779 4239 rem,
822 4192 989 4230 unum
1025 4177 1146 4233 fore
1190 4180 1266 4234 ait
1312 4181 1367 4234 in
1415 4182 1666 4253 utrisque
1711 4184 1900 4254 gloriae
1950 4186 2217 4241 studium.

641 4265 906 4321 Introisse
935 4275 1116 4323 tamen
1162 4270 1445 4339 apostolos
1474 4272 1528 4326 in
1558 4281 1878 4329 sanctorum
1930 4276 2219 4346 propheta-

641 4369 763 4410 rum
794 4358 1008 4414 labores
1026 4361 1246 4424 asserit,
1276 4377 1383 4417 non
1416 4363 1741 4433 permittens
1773 4365 2037 4421 insultare
2068 4368 2217 4436 prio-

639 4461 763 4499 rum
812 4448 1110 4513 nobilitati,
1163 4450 1259 4505 sed
1310 4466 1407 4507 eos
1467 4452 1672 4508 honore
1726 4458 1981 4525 prosequi
2035 4458 2215 4526 potius

642 4537 1022 4603 persuadens,
1073 4547 1131 4592 ut
1177 4541 1272 4611 qui
1329 4542 1516 4598 labore
1568 4552 1622 4599 et
1662 4551 1905 4615 tempore
1956 4557 2214 4617 prazeant.

640 4623 919 4691 Optimum
966 4635 1144 4681 autem
1188 4629 1335 4684 istud
1376 4631 1537 4686 nobis
1567 4648 1787 4704 quoque
1827 4634 2215 4690 documentum

642 4710 780 4775 fore,
818 4714 942 4783 quis
969 4732 1213 4772 annuere
1235 4719 1604 4774 detrectabit?

2400 3192 2548 3262 Ἐγὼ
2577 3195 2906 3250 ἀπέστειλα
2926 3195 3083 3267 ὑμᾶς
3103 3197 3370 3266 θερίζειν,
3408 3200 3439 3254 ὃ
3469 3203 3582 3271 οὐχ
3612 3204 3785 3273 ὑμεῖς
3807 3221 3896 3259 κε·

2324 3283 2667 3339 κοπιάκατε·
2698 3287 2873 3341 ἄλλοι
2901 3289 3315 3357 κεκοπιάκασι,
3340 3292 3434 3345 καί
3461 3295 3547 3359 εὶς
3570 3293 3679 3347 τὸν
3711 3297 3896 3348 κόπον

2322 3372 2521 3425 αὐτῶν
2555 3376 3001 3445 εἰσεληλύθατε.

2397 3462 2538 3532 ἼΙδη
2571 3463 2632 3516 τὸ
2664 3465 2882 3535 σύμπαν
2911 3469 3094 3532 αὐτοῖς
3140 3471 3509 3527 ἀνακαλύπτει
3567 3477 3892 3548 μυστήριον,

2323 3553 2415 3604 καὶ
2442 3555 2539 3622 τὴν
2567 3556 2937 3627 αἰνιγματώδη
2968 3558 3076 3611 τῶν
3104 3558 3277 3629 λόγων
3335 3564 3653 3637 ἀποστήσας
3684 3570 3885 3640 περιῶ

2322 3640 2439 3728 λὴν,
2474 3646 2876 3717 ἐναργεστάτην
2912 3647 3005 3702 τοῦ
3037 3652 3434 3722 σημαινομένου
3466 3656 3770 3727 παρίστησι
3804 3660 3888 3728 τὴ*

2320 3725 2578 3784 διάνοιαν.
2615 3731 3027 3805 Φιλοπροφήτης
3058 3736 3114 3790 δὲ
3145 3737 3218 3791 ὢν
3240 3741 3269 3791 ὁ
3301 3742 3511 3814 Σωτὴρ,
3549 3725 3645 3798 καὶ
3673 3725 3897 3817 (ριλαπό-

2324 3821 2528 3885 στολος,
2559 3821 2681 3876 οὔτε
2711 3824 2801 3877 τὸν
2832 3826 3056 3880 ἐκείνων
3087 3829 3243 3883 πόνον
3282 3832 3385 3898 ἔξω
3412 3837 3511 3906 τῆς
3531 3836 3641 3890 τῶν
3672 3840 3899 3893 ἀποστό-

2321 3910 2431 3963 λων
2462 3912 2643 3981 τίθησι
2685 3915 2887 3985 χειρὸς,
2929 3916 3052 3970 οὔτε
3118 3920 3226 3991 μὴν
3276 3922 3584 3996 ὁλοκλήρως
3633 3930 3898 4000 ἀπονέμει

2320 4003 2433 4065 τοῖς
2462 4002 2633 4069 ἁγίοις
2664 4005 2981 4069 ἀποστόλοις
3020 4008 3080 4059 τὸ
3100 4010 3191 4062 ἐπὶ
3221 4012 3334 4074 τοῖς
3368 4012 3655 4082 μέλλουσιν
3684 4018 3897 4071 ἀνασω-

2322 4089 2583 4160 θήσεσθαι
2611 4093 2870 4164 καύχημα
2903 4095 2990 4148 διὰ
3039 4098 3276 4163 πίστεως
3301 4100 3399 4170 τῆς
3431 4104 3510 4165 είς
3538 4105 3728 4159 αὐτόν’
3774 4108 3896 4163 ἀνα-

2321 4182 2561 4252 κεράσας
2606 4183 2662 4236 δὲ
2702 4185 2892 4257 ὥσπερ
2940 4187 3032 4239 καὶ
3055 4192 3175 4252 ταῖς
3200 4191 3257 4242 ἐν
3299 4192 3555 4262 ἀλλήλαις
3599 4198 3896 4268 ἐνεργείαις

2320 4268 2420 4343 [αι.
2453 4274 2817 4346 συνεργείαις]
2834 4276 3103 4359 ἀναμίξας
3134 4280 3223 4333 τὸν
3245 4282 3522 4354 ἑκατέρων
3552 4286 3740 4347 πόνον,
3774 4290 3897 4359 μίαν

2320 4362 2539 4417 ἔσεσθαί
2569 4382 2721 4436 φησι.
2756 4358 2851 4419 καὶ
2892 4368 3035 4437 μάλα
3066 4372 3308 4437 εἰκότως,
3340 4375 3425 4426 ἐπ’
3456 4376 3659 4445 ἀμφοῖν
3814 4396 3897 4448 φι-

2319 4455 2588 4527 λοτιμίαν.
2637 4458 3023 4529 Είσϐεϐηκέναι
3073 4478 3137 4529 γε
3191 4464 3296 4533 μὴν
3329 4466 3422 4517 ἐπὶ
3451 4470 3563 4530 τοῖς
3591 4468 3702 4521 τῶν
3730 4471 3898 4538 ἁγίων

2324 4546 2620 4616 προφητῶν
2672 4550 2798 4611 τοὺς
2846 4550 3177 4615 ἀποστόλους
3240 4552 3639 4610 διαϐεϐαιοῦται
3696 4560 3896 4624 πόνοις,

2321 4639 2444 4699 ταῖς
2495 4637 2603 4691 τῶν
2667 4639 3046 4710 προλαϐόντων
3114 4644 3383 4709 εὐκλείαις
3437 4648 3537 4702 οὐκ
3588 4653 3899 4722 ἐπιτρέπων

2323 4730 2656 4793 ἐνάλλεσθαι,
2690 4734 2853 4803 τιμᾷν
2897 4733 2953 4786 δὲ
3000 4734 3198 4803 μᾶλλον
3238 4736 3547 4790 ἀναπείθων
3574 4740 3796 4809 αὐτοὺς,
3828 4743 3901 4808 ὡς

639 4808 1020 4878 ἡγησαμένους
1052 4810 1109 4864 ἐν
1138 4829 1196 4864 τε
1241 4814 1409 4885 πόνῳ,
1453 4815 1548 4869 καὶ
1579 4816 1777 4887 χρόνῳ.
1811 4817 2111 4873 Κάλλιστον
2154 4821 2208 4875 δὲ
2244 4822 2306 4895 δή
2335 4842 2435 4877 που
2461 4827 2555 4878 καὶ
2584 4829 2713 4897 ἡμῖν
2742 4828 2821 4880 ὅτι
2863 4827 2925 4898 δὴ
2956 4829 3169 4892 πάντως
3196 4828 3346 4883 ἔσται
3372 4831 3432 4884 τὸ
3493 4832 3757 4903 μάθημα,
3822 4838 3902 4899 τίς

638 4898 667 4951 ὁ
704 4903 973 4953 συναινεῖν
1006 4906 1434 4975 παραιτούμενος
1463 4922 1479 4972 ;

709 4993 865 5061 201
890 4992 953 5046 IV
972 5033 987 5058 ,
1016 4995 1106 5051 59.
1139 4995 1223 5049 Ex
1243 5000 1453 5053 civitate
1482 5009 1657 5054 autem
1689 5001 1787 5055 illa
1804 5003 1957 5057 multi
1986 5006 2218 5060 credide-

641 5090 762 5133 runt
804 5085 857 5134 in
895 5098 1015 5136 eum
1042 5085 1512 5143 Samaritanorum
1536 5130 1553 5154 ,
1586 5102 1797 5161 propter
1838 5096 2045 5147 verbum
2098 5113 2217 5150 mu-

642 5172 785 5225 lieris
817 5175 1170 5231 testimonium
1195 5179 1548 5248 perhibentis:
1573 5184 1711 5251 Quia
1734 5185 1867 5238 dixit
1892 5185 2019 5239 milii
2038 5189 2217 5241 omnia

640 5282 959 5336 quiscunque
986 5269 1107 5336 feci.

713 5354 809 5410 llis
847 5359 1027 5412 verbis
1066 5376 1287 5418 rursum
1336 5366 1508 5421 Israel
1553 5368 1990 5433 condemnatur,
2036 5378 2092 5424 et
2146 5385 2214 5424 ex

643 5444 1118 5507 Samaritanorum
1156 5454 1419 5513 facilitate
1448 5459 1622 5516 durus
1653 5467 1705 5515 et
1736 5460 2062 5530 prrefractus
2089 5460 2212 5530 ejus

642 5538 861 5593 animus
894 5543 1164 5610 arguitur.
1210 5545 1575 5606 Vehementer
1598 5552 1745 5607 enim
1780 5553 2010 5607 miratur
2044 5568 2210 5607 evan-

731 5719 776 5751 ’°
802 5718 963 5776 Hebr.
994 5737 1082 5786 st,
1114 5724 1201 5787 '59,
1237 5726 1303 5780 £0

2408 5008 2508 5060 Ἐκ
2529 5005 2596 5057 δὲ
2620 5003 2730 5072 τῆς
2762 5008 2993 5070 πόλεως
3018 5005 3254 5072 ἐκείνης
3278 5008 3494 5061 πολλοὶ
3527 5010 3904 5067 ἐπίστευσαν

2322 5101 2409 5163 εἰς
2432 5096 2619 5151 αὐτὸν
2649 5093 2767 5147 τῶν
2790 5093 3163 5162 Σαμαρειτῶν
3193 5095 3291 5149 διὰ
3314 5096 3422 5150 τὸν
3445 5100 3635 5168 λόγον
3664 5102 3775 5171 τῆς
3798 5125 3901 5172 γυ-

2321 5191 2531 5255 ναικὸς
2575 5188 3020 5258 μαρτυρούσης·
3061 5188 3189 5240 Ὅτι
3225 5184 3356 5241 εἶπέ
3394 5206 3496 5258 μοι
3530 5190 3750 5259 πάντα,
3785 5194 3899 5249 ὅσα

2321 5278 2600 5345 ἐποίησα.

2395 5368 2798 5439 Κατακρίνεται
2835 5367 2994 5420 πάλιν
3014 5368 3107 5421 καὶ
3135 5368 3222 5421 διὰ
3248 5369 3451 5424 τούτων
3480 5373 3509 5423 ὁ
3544 5372 3782 5442 Ἰσραὴλ,
3804 5374 3895 5427 καὶ

2317 5460 2403 5513 διὰ
2464 5460 2563 5529 τῆς
2621 5458 2971 5530 Σαμαρειτῶν
3039 5460 3381 5524 εὐπειθείας,
3433 5462 3778 5536 ἀφιλομαθής
3834 5481 3888 5515 τε

2317 5552 2451 5621 ὀμοῦ
2488 5552 2580 5605 καὶ
2610 5550 2825 5621 ἀπηνὴς
2870 5549 3230 5620 ἐξελέγχεται.
3285 5552 3566 5622 Θαυμάζει
3610 5555 3718 5626 γὰρ
3775 5555 3884 5607 λίαν
