4118 6556
189 459 295 517 τεο

1216 452 1283 512 ΙΝ
1323 449 1609 508 JOANNIS
1647 445 2099 505 EVANGELIUM
2141 448 2275 505 LIB.
2314 448 2378 504 II.

3314 451 3423 510 $30

185 574 216 625 ό
238 567 625 640 εύαγγελιστὴς
658 567 884 633 πολλοὺς
920 570 998 634 είς
1025 566 1261 640 Χριστὸν
1301 562 1743 627 πεπιστευκέναι,

1863 561 2044 633 ςειὶειο
2077 563 2283 618 multos
2321 562 2377 617 in
2425 560 2707 617 Christum
2747 559 3080 628 credidisse,
3129 574 3256 617 cum
3305 562 3427 619 ait:

187 661 378 727 λέγων,
411 676 428 709 ι
456 657 558 712 Διά
588 659 679 712 τὸν
720 658 878 727 λόγον
905 660 1004 731 τῆς
1028 658 1303 729 γυναικὸς,
1344 677 1364 711 ι
1420 656 1598 711 καίτοι
1642 654 1751 709 τῶν

184 750 271 804 διὰ
323 749 488 819 νόμου
541 749 1074 820 παιδαγωγουμένων
1130 751 1212 813 είς
1277 749 1375 820 τὴν
1429 747 1523 801 ἐπὶ
1578 746 1753 816 τούτῳ

185 840 402 908 γνῶσιν,
440 839 564 891 οὔτε
601 838 700 904 τὰς
742 841 984 903 Μωσέως
1034 837 1490 911 παραδεξαμένων
1545 838 1750 909 φωνὰς,

184 929 304 982 οὔτε
342 930 455 993 τοῖς
492 930 784 1001 προφητῶν
812 932 894 985 ὅτι
943 930 1222 984 πείθεσθαι
1251 930 1358 1002 χρὴ
1385 931 1753 1000 διεγνωκότων

187 1026 522 1098 κηρύγμασι.
544 1027 1062 1099 Προκατασκευὰζει
1089 1027 1145 1080 δέ
1170 1026 1261 1081 διά
1283 1026 1509 1092 τούτων,
1554 1026 1754 1096 μᾶλλον

183 1118 239 1171 δὲ
271 1118 727 1189 προαπολογεῖται
758 1120 957 1187 σοφῶς,
989 1119 1072 1172 ὅτι
1101 1119 1322 1190 χάριτός
1340 1135 1401 1171 τε
1422 1120 1514 1171 καὶ
1541 1117 1755 1180 ἐλπίδος

186 1210 280 1279 τῆς
300 1212 381 1273 είς
407 1209 644 1280 Χριστὸν
672 1209 1039 1280 ἐξωσθήσεται
1074 1211 1173 1280 μὲν
1198 1209 1433 1279 εὐλόγως
1451 1210 1481 1261 ὁ
1518 1208 1752 1280 Ἰσραὴλ,

186 1300 597 1371 ἁντεισσήσεται
626 1299 684 1353 δὲ
710 1300 818 1353 τῶν
863 1300 1054 1366 ἐθνῶν,
1090 1301 1209 1372 ἦτοι
1231 1300 1339 1354 τῶν
1365 1300 1687 1369 ἀλλογενῶν,
1718 1301 1751 1371 ἡ

184 1391 574 1463 εὐπειθεστέρα
599 1390 827 1463 πληθύς.

262 1482 357 1545 Ὠς
414 1478 528 1538 οὖν
584 1478 775 1561 ἦλθον
836 1482 988 1550 πρὸς
1042 1480 1229 1535 αὐτὸν
1275 1484 1330 1536 ol
1383 1480 1752 1550 Σαμαρεῖται,

182 1571 423 1639 ἠρώτων
470 1573 657 1626 αὐτὸν
689 1571 888 1642 μεῖναι
929 1574 1063 1640 παρ’
1114 1571 1335 1637 αὐτοῖς·
1372 1573 1470 1625 καὶ
1523 1573 1755 1640 ἔμεινεν

180 1662 305 1716 ἐκεῖ
330 1663 443 1717 δύο
466 1662 707 1732 ἡμέρας.
736 1664 845 1717 Καὶ
884 1662 1093 1729 πολλῷ
1125 1662 1373 1728 πλειους
1386 1662 1756 1716 ἐπίστευσαν

181 1755 277 1808 διὰ
303 1755 414 1807 τὸν
442 1756 629 1824 λόγον
650 1756 862 1810 αὐτοῦ.

261 1844 573 1916 Ἑξηγείται
611 1846 709 1916 μὲν
756 1849 831 1910 ὡς
879 1849 937 1900 ἐν
986 1846 1248 1918 ἁπλότητι
1272 1847 1469 1916 λόγων,
1504 1846 1532 1898 ὃ
1562 1845 1624 1915 δὴ
1657 1858 1753 1914 γε·

179 1934 370 1987 νὲσθαι
408 1937 754 2007 συμϐέϐηκεν
782 1954 794 1966 ο
839 1938 1034 2008 ἑτέραν
1065 1939 1122 1991 δὲ
1151 1939 1340 2010 ῶσπερ
1369 1937 1617 2010 ἐξαρτύει
1647 1938 1755 1991 πὰο

178 2025 261 2079 λιν
291 2026 582 2092 ἀπόδειξιν.
609 2027 699 2081 τοῦ
723 2029 919 2100 χρῆναι
944 2028 1167 2095 δικαίως
1205 2028 1634 2103 ἀπορῤίπτεσθαι
1661 2030 1758 2099 μέν

180 2121 277 2187 τῆς
328 2121 545 2183 ἐλπίδος
576 2120 668 2173 τὸν
724 2122 957 2193 Ἰσραὴλ,
1004 2122 1501 2194 μεταμοσχεύεσθαι
1528 2121 1583 2176 δέ
1631 2123 1757 2183 τοὺς

180 2209 493 2277 ωλογενεῖς
550 2211 639 2264 ἐπ’
686 2212 878 2283 αὐτήν.
924 2211 1160 2266 Ἰουδαῖοι
1212 2214 1312 2284 μὲν
1359 2213 1467 2284 γὰρ
1511 2212 1758 2283 θαυματ-

180 2300 489 2370 ουργοῦντα
540 2302 797 2366 ποικίλως
848 2303 941 2357 τὸν
985 2303 1215 2376 Ἰησοῦν,
1267 2307 1363 2359 καὶ
1404 2308 1462 2358 ἐν
1519 2306 1645 2376 δόξῃ
1690 2308 1754 2376 τῇ

183 2391 488 2461 θεοπρεπεῖ
533 2393 925 2464 διαλάμποντα,
976 2398 1200 2466 πικραῖς
1239 2412 1301 2449 τε
1327 2397 1421 2450 καὶ
1464 2398 1760 2468 ἀφορήτοις

184 2481 465 2545 ὑπονοίαις
493 2483 791 2554 ὑϐρίζουσι,
834 2488 928 2539 καὶ
959 2487 1211 2540 τοσοῦτον
1263 2490 1611 2559 ἐμπαροινεῖν
1658 2487 1759 2541 οὐκ

183 2573 550 2644 ἐρυθριῶντες
577 2575 907 2637 ἁλίσκονται.
928 2577 1003 2641 ὡς
1025 2577 1230 2642 ἕξοικόν
1254 2595 1313 2632 τε
1344 2578 1636 2644 ποιεῖσθαι,
1667 2580 1759 2633 καὶ

181 2665 397 2727 πόλεως
424 2669 523 2736 τῆς
546 2667 809 2738 σφετέρας
827 2666 1071 2722 ἐλαύνειν
1094 2669 1410 2738 ἐπείγεσθαι
1425 2670 1516 2724 τὸν
1541 2671 1759 2741 ἀπάσης

182 2756 372 2819 αὐτοῖς
395 2756 655 2826 εὐθυμίας
676 2758 951 2828 πρόξενον.
988 2760 1318 2830 Σαμαρεῖται
1342 2761 1399 2814 δέ
1424 2778 1487 2829 γε
1520 2764 1648 2832 μιᾶς
1666 2779 1761 2831 γυ-

182 2848 372 2911 ναικὸς
388 2847 846 2918 ἀναπεπεισμένοι
883 2849 1081 2918 λόγοις,
1111 2850 1400 2922 δρομαίους
1426 2853 1523 2923 μὲν
1547 2853 1627 2905 ὅτι
1654 2854 1759 2925 χρὴ

182 2940 319 3010 πρὸς
344 2940 508 2994 αὐτὸν
543 2940 886 3009 ἀφικνεῖσθαι
914 2940 1236 3009 λογίζονται.
1263 2943 1483 3015 Ἐπειδὴ
1512 2944 1568 2997 δὲ
1603 2939 1757 3015 ἧκον,

179 3030 517 3102 ἐκλιπαροῦν
546 3031 894 3097 ἐσπούδαζον,
922 3034 1001 3096 εἷς
1030 3049 1089 3085 τε
1111 3031 1323 3086 τὸάστυ
1342 3034 1761 3106 παρελθεῖν,καὶ
1798 3073 1811 3083 .

179 3122 269 3174 τὸν
296 3124 571 3193 σωτήριον
593 3124 775 3185 αὐτοῖς
790 3122 1298 3191 ἐπιδαψιλεύσασθαι
1324 3125 1500 3194 λόγον’
1525 3124 1761 3178 ἐπινεύει

1860 669 1878 703 ι
1922 651 2153 723 Propter
2183 651 2412 707 verbum
2447 650 2696 706 mulieris
2718 690 2733 716 ,
2776 669 2795 703 ι
2831 651 3083 721 quamvis
3126 651 3165 707 ii
3206 653 3300 723 qui
3330 669 3431 724 per

1854 743 2030 815 legem
2078 743 2147 798 ad
2197 743 2360 799 istius
2408 742 2747 812 agnitionem
2799 743 3219 810 erudiebantur,
3250 760 3430 815 neque

1854 837 2061 908 Moysis
2088 838 2254 892 verba
2285 835 2650 905 susceperint,
2668 837 3253 907 nequeprophetarum
3283 853 3427 909 pra:-

1854 929 2034 985 coniis
2069 927 2408 983 credendum
2454 941 2579 982 esse
2622 929 2960 984 censuerint.
3001 930 3213 986 Astruit
3258 946 3428 1003 porro

1857 1018 1943 1075 his
1997 1018 2182 1073 verbis
2247 1025 2302 1071 et
2366 1016 2424 1070 iu
2490 1025 2839 1073 antecessum
2896 1019 3177 1088 sapienter
3234 1022 3430 1091 probat

1854 1107 2111 1164 Israelem
2145 1106 2321 1177 gratia
2357 1114 2411 1162 et
2449 1122 2546 1175 spe
2593 1106 2687 1158 illa
2738 1106 2795 1159 in
2842 1106 3125 1163 Christum
3167 1111 3291 1179 jure
3330 1110 3431 1166 de-

1857 1199 2133 1253 turbatum
2181 1198 2287 1260 iri,
2333 1205 2387 1252 et
2422 1197 2477 1250 in
2510 1200 2632 1266 ejus
2674 1197 2854 1252 locum
2888 1199 3131 1268 gentium
3167 1207 3262 1254 aut
3301 1200 3431 1254 alie-

1854 1292 2175 1361 nigenarum
2217 1288 2621 1345 multitudinem
2654 1290 3129 1361 obsequentiorem
3176 1290 3432 1346 introdu-

1854 1378 2107 1433 cendann

1926 1468 1995 1522 IV
2016 1510 2031 1536 ,
2069 1470 2160 1537 40,
2190 1468 2277 1522 41.
2322 1469 2455 1523 Cum
2485 1485 2606 1540 ergo
2629 1470 2890 1524 uenissent
2924 1471 2992 1523 ad
3026 1486 3145 1524 eum
3176 1469 3428 1525 Samari-

1857 1564 1993 1626 tani,
2033 1572 2347 1631 rogaverunt
2383 1578 2500 1616 eum
2528 1574 2585 1616 ut
2619 1564 2691 1616 ibi
2725 1573 2998 1617 maneret:
3039 1572 3089 1616 et
3124 1564 3318 1617 mansit
3357 1562 3431 1616 ibi

1856 1653 1988 1708 duos
2013 1654 2145 1708 dies.
2183 1652 2253 1707 Et
2287 1654 2452 1707 multo
2477 1654 2652 1724 plures
2685 1654 3023 1708 crediderunt
3065 1655 3119 1707 in
3151 1670 3271 1708 eum
3306 1669 3433 1723 pro-

1856 1756 1971 1816 pter
2004 1762 2297 1801 sermonem
2323 1746 2459 1815 ejus.

1933 1838 2287 1908 Simplicibus
2318 1837 2499 1892 verbis
2533 1836 2587 1892 id
2618 1837 2761 1907 quod
2804 1838 3009 1891 factum
3044 1843 3129 1892 est
3164 1838 3431 1907 exponit;

1865 1930 1959 1984 sed
2000 1930 2162 1983 aliam
2211 1943 2405 1983 rursus
2453 1927 2983 1982 demonstrationem
3028 1925 3434 1995 quodammodo

1863 2028 2176 2091 praeparat,
2211 2019 2477 2073 nimirum
2507 2017 2763 2072 lsraelem
2793 2018 2990 2073 merito
3014 2031 3110 2087 spe
3143 2015 3304 2087 dejici
3329 2055 3345 2081 ,
3380 2024 3435 2073 et

1864 2112 1921 2166 in
1971 2126 2093 2167 eam
2149 2110 2490 2181 alienigenas
2536 2109 2954 2178 transplantari.
3001 2106 3175 2163 Judaei
3225 2108 3434 2179 quippe

1863 2202 2134 2258 miracula
2168 2200 2339 2256 variis
2367 2200 2547 2254 modis
2572 2206 2878 2268 patrantem
2909 2197 3096 2255 Iesum
3117 2238 3133 2261 ,
3162 2206 3218 2255 et
3246 2199 3434 2255 divina

1864 2295 2038 2366 gloria
2065 2291 2474 2363 praefulgentem
2505 2293 2704 2346 acerbo
2735 2298 2789 2345 et
2820 2291 3043 2345 immani
3074 2290 3259 2347 furore
3305 2306 3436 2361 pro-

1864 2396 2193 2460 sequuntur,
2223 2393 2279 2441 et
2310 2398 2376 2439 eo
2412 2366 2856 2453 intemperiarum
2889 2381 3176 2439 devenisse
3214 2398 3435 2454 compe-

1863 2481 2123 2545 riuntur,
2167 2485 2227 2532 ut
2265 2484 2539 2532 extorrem
2590 2485 2644 2530 et
2696 2490 2728 2530 θ
2779 2473 3000 2529 civitate
3046 2489 3146 2529 sua
3190 2476 3435 2531 exsulem

1865 2570 2051 2627 facere
2096 2576 2368 2624 conentur
2425 2566 2607 2623 omnis
2661 2564 2942 2622 felicitatis
2994 2565 3432 2621 conciliatorem.

1867 2663 2199 2720 Samaritani
2249 2675 2404 2724 vero,
2458 2659 2624 2714 unius
2680 2655 3017 2710 mulierculae
3084 2651 3434 2711 sermonibus

1866 2754 2156 2828 persuasi,
2199 2750 2517 2808 existimant
2564 2762 2759 2818 magno
2812 2762 2980 2801 cursu
3024 2745 3092 2801 ad
3144 2761 3269 2801 eum
3310 2761 3436 2802 esse

1865 2844 2289 2918 properandum.
2322 2844 2457 2897 Cum
2493 2849 2675 2894 autem
2714 2837 3029 2902 venissent,
3077 2836 3238 2891 enixe
3269 2849 3433 2904 roga-

1864 2942 1998 2997 bant
2030 2946 2093 2992 ut
2136 2936 2190 2990 in
2223 2935 2413 2988 urbem
2455 2932 2736 3001 migraret,
2776 2936 2830 2983 et
2855 2928 3146 2983 salutarem
3188 2928 3271 2984 eis
3313 2942 3434 2983 ser-

1865 3045 2088 3088 monem
2133 3027 2342 3083 affatim
2384 3025 2723 3094 largiretur;
2759 3021 2981 3089 utrique
3016 3034 3147 3073 vero
3182 3026 3437 3089 prompte

1867 3123 2121 3179 Christus
2165 3118 2391 3181 annuit,
2439 3128 2565 3170 cum
2605 3113 2839 3183 gratiam
2880 3126 2990 3166 non
3032 3110 3433 3166 infructuosam

182 3210 238 3263 δὲ
266 3210 579 3282 προχείρως
622 3213 702 3275 είς
737 3213 904 3282 ἄμφω
935 3214 1189 3284 Χριστὸς,
1228 3215 1329 3268 οὐκ
1372 3214 1621 3285 ἄκαρπον
1648 3214 1761 3268 ἐσε-

1870 3214 1986 3268 fore
2014 3216 2224 3266 nosset.
2252 3204 2404 3259 Multi
2427 3203 2573 3258 enim
2596 3200 2954 3257 crediderunt
2982 3199 3038 3253 in
3061 3214 3185 3254 eum
3211 3208 3437 3269 prepter

182 3302 308 3356 σθαι
353 3302 456 3371 τὴν
475 3301 636 3373 χάριν
664 3301 839 3364 είδὼς.
862 3303 1053 3357 Πολλοὶ
1078 3304 1187 3376 γὰρ
1214 3305 1539 3359 ἐπίστευσαν
1563 3306 1651 3361 διὰ
1670 3307 1761 3361 τὸν

1867 3315 2178 3362 sermonem
2219 3296 2359 3367 ejus.
2390 3292 2803 3348 Animadvertat
2842 3304 3038 3345 rursus
3091 3288 3147 3342 iu
3193 3288 3279 3344 his
3311 3303 3436 3343 ver-

180 3391 343 3461 λόγον
382 3394 570 3449 αὑτοῦ.
604 3392 763 3447 Ἰστω
792 3394 953 3449 πάλιν
1002 3396 1093 3449 διὰ
1126 3398 1329 3451 τούτων
1362 3399 1389 3450 ό
1434 3396 1677 3467 φιλόθεός
1702 3414 1762 3451 τε

182 3485 275 3537 καὶ
300 3484 658 3554 φιλευλαὸὴς,
707 3485 789 3538 ὅτι
819 3486 927 3539 τῶν
976 3486 1074 3557 μὲν
1110 3486 1424 3541 λυπούντων
1450 3487 1610 3541 αὐτὸν
1651 3489 1761 3541 ἀπ-

180 3574 472 3626 ανίσταται
506 3574 761 3644 Χριστὸς,
799 3574 1118 3639 ἐνοικίζεται
1159 3576 1215 3628 δέ
1260 3580 1373 3642 τοῖς
1415 3577 1763 3648 εὐφραίνουσι

179 3662 248 3716 δι’
268 3665 523 3733 ὑπακοῆς
552 3682 610 3717 τε
636 3664 729 3718 καὶ
755 3665 989 3728 πίστεως
1007 3665 1237 3737 ἀγαθῆς.

255 3754 341 3823 Τῇ
368 3772 432 3809 τε
457 3756 688 3825 γυναικί
729 3756 963 3826 ἔλεγον,
990 3758 1079 3810 ὅτι
1110 3758 1325 3812 Οὐκέτι
1358 3757 1455 3812 διὰ
1486 3756 1598 3826 τὴν
1639 3757 1765 3827 σὴν

178 3848 413 3902 λαλιὰν
463 3849 841 3917 πιστεύομεν
883 3848 1053 3902 αὐτοὶ
1103 3849 1215 3917 γὰρ
1259 3850 1605 3919 ἀκηκόαμεν
1664 3850 1765 3903 καὶ

180 3936 459 4007 οἴδαμεν,
494 3937 582 3990 ὅτι
614 3933 791 4005 οὗτός
839 3937 1011 3991 ἐστιν
1055 3937 1292 4007 ἀληθῶς
1322 3942 1356 3994 ὁ
1402 3940 1606 4008 Σωτὴρ
1657 3941 1763 3995 τοῦ

179 4030 422 4096 κόσμου
454 4032 486 4083 ὀ
512 4030 783 4098 Χριστός.

266 4120 412 4173 Ἀπὸ
438 4120 546 4173 τῶν
578 4120 838 4191 μειζόνων
868 4122 1235 4193 Σαμαρείταις
1261 4122 1294 4192 ἠ
1318 4121 1518 4186 πίστις,
1533 4122 1646 4176 ’καὶ
1663 4123 1765 4175 οὐκ

177 4211 239 4276 ἐξ
267 4206 353 4265 ὧν
387 4209 465 4263 ἔτι
486 4211 612 4281 παρ’
647 4210 834 4283 ἐτέρου
883 4212 1261 4283 μανθάνουσιν,
1298 4211 1410 4264 ἀλλ’
1450 4210 1510 4275 ἐξ
1530 4204 1605 4264 ὧν
1633 4210 1765 4264 αύτ-

178 4303 345 4374 ήκοοι
376 4302 655 4370 γεγονότες
702 4302 1092 4373 θαυμάζουσιν.
1136 4302 1461 4369 Ἐγνωκέναι
1480 4300 1538 4354 δέ
1567 4317 1729 4369 φασιν
1749 4338 1764 4362 ,

180 4395 383 4465 ὅτιπερ
424 4394 510 4463 εἴη
556 4391 742 4463 σαφῶς
775 4394 934 4459 αὐτὸς
962 4396 990 4445 ὁ
1036 4393 1129 4446 τοῦ
1174 4393 1379 4463 κόσμου
1432 4391 1644 4462 Σωτὴρ,
1674 4391 1766 4443 πίε

182 4501 362 4547 στεως
388 4484 644 4556 ἐνέχυρον
674 4486 771 4557 τῆς
803 4487 882 4550 εἰς
907 4485 1066 4538 αὐτὸν
1098 4485 1312 4548 ἐλπίδος
1348 4484 1447 4556 τὴν
1477 4482 1767 4554 ὁμολογίαν

180 4575 345 4630 ποιού
356 4591 530 4646 μενοι.

247 4667 424 4722 Μετὰ
486 4668 554 4720 δὲ
610 4668 718 4734 τὰς
763 4667 874 4723 δύο
928 4669 1148 4737 ἡμέρας
1208 4668 1471 4737 ἐξῆλθεν
1534 4667 1763 4722 ἐκεῖθεν

177 4762 267 4826 είς
303 4759 427 4828 τὴν
454 4760 812 4814 Γαλιλαίαν.
846 4760 1040 4824 Αὐτὸς
1077 4759 1187 4828 γὰρ
1236 4758 1474 4829 Ἰησοῦς
1516 4759 1764 4829 ἐμαρτύ-

171 4865 402 4917 ρησεν,
445 4848 533 4902 ὅτι
578 4849 891 4918 προφήτης
927 4851 998 4903 ἐν
1054 4849 1129 4918 τῇ
1160 4849 1278 4917 ίὸίᾳ
1311 4849 1545 4919 πατρίδι
1589 4850 1764 4919 τιμὴν

179 4943 295 4994 οὐκ
318 4941 470 5007 ἔχει.

259 5028 478 5092 Ἐξεισι
511 5029 613 5098 μέν
638 5030 748 5082 ἀπὸ
780 5032 877 5100 τῆς
904 5028 1239 5099 Σαμαρείας,
1266 5026 1638 5099 κατασπείρας
1660 5026 1762 5097 ἤδη

180 5122 273 5174 τὸν
321 5122 590 5191 σωτήριον
613 5120 789 5186 λόγον,
829 5122 925 5175 καὶ
963 5119 1210 5191 γεωργοῦ
1234 5137 1378 5182 τινος
1415 5119 1569 5189 δίκην
1598 5121 1764 5186 ἐγκαι-

179 5210 474 5281 τακρύψας
520 5212 618 5281 τὴν
657 5213 839 5265 πίστιν
886 5215 998 5275 τοῖς
1049 5211 1287 5266 οἰκοῦσιν
1329 5210 1515 5282 αὐτὴν,
1549 5210 1646 5281 οὐχ
1676 5209 1764 5263 ἴνα

180 5304 306 5364 ταῖς
341 5302 452 5353 τῶν
479 5302 752 5355 λασόντων
779 5304 1167 5372 καταδεσμοίτο
1197 5304 1447 5364 σιωπαϊς,
1484 5302 1581 5371 ὴρε
1590 5300 1765 5369 μοῦσα

180 5392 390 5462 τρόπον
417 5394 540 5448 τινὰ
562 5396 655 5449 καὶ
680 5396 1170 5465 κατακεχωσμένη,
1211 5394 1325 5448 ἀλλ’
1357 5395 1444 5448 ἴνα
1462 5394 1525 5463 δὴ
1562 5393 1765 5460 μᾶλλον

181 5483 308 5544 ταῖς
342 5484 596 5537 ἀπάντων
634 5484 1033 5552 ἐγκαταφύοιτο
1058 5483 1275 5553 ψυχαῖς,
1318 5479 1564 5553 ἕρπουσά
1589 5496 1649 5531 τε
1671 5478 1767 5532 καὶ

181 5572 539 5646 ὂιῖκνουμένη
592 5574 730 5646 πρὸς
769 5575 830 5628 τὸ
863 5574 1047 5644 μεῖζον
1095 5574 1203 5639 ἀεὶ,
1234 5572 1328 5627 καί⁹
1365 5569 1501 5641 πρὸς
1543 5569 1641 5641 τὴν
1675 5570 1767 5621 ἐκ·

184 5665 530 5735 φανεστέραν
553 5667 817 5737 τρέχουσα
853 5665 1099 5735 δύναμιν.
1143 5663 1359 5733 Ἐπειδὴ
1394 5662 1450 5714 δὲ
1479 5660 1567 5714 διὰ
1600 5659 1764 5730 μέσου

186 5756 457 5825 κειμένην
501 5757 835 5827 παρατρέχει
889 5756 987 5825 τὴν
1017 5754 1287 5824 Ναζαρὲτ,
1326 5756 1384 5806 ἐν
1410 5746 1553 5826 ᾗπερ
1605 5750 1764 5804 αὑτὸν

185 5847 635 5913 κατατετράφθαι
685 5848 859 5923 λόγος,
890 5847 966 5909 ὡς
1010 5844 1255 5898 ἐντεῦθεν
1299 5845 1420 5913 ﬁbri,
1460 5843 1554 5897 καὶ
1604 5842 1766 5899 ἀστὸν

476 5943 748 6002 ΡΑτιιοι..
794 5942 908 6001 GR.
957 5939 1216 5998 LXXIII.

1863 3398 1949 3453 bis
1996 3394 2094 3448 Dei
2141 3405 2208 3446 ac
2248 3385 2526 3452 religionis
2577 3381 2827 3453 quisquis
2873 3387 2960 3435 est
3003 3393 3225 3445 amans,
3275 3377 3436 3432 Chri-

1865 3497 2010 3544 stum
2046 3484 2113 3538 ab
2153 3482 2238 3535 his
2272 3479 2491 3548 quidem
2532 3474 2788 3531 recedere
2833 3472 2927 3544 qui
2963 3487 3087 3527 eum
3116 3470 3435 3535 oil‘endunt,

1864 3582 1919 3637 in
1950 3578 2019 3633 iis
2052 3582 2230 3630 autem
2252 3570 2503 3625 habitare
2531 3567 2624 3637 qui
2668 3580 2793 3620 eum
2827 3562 3136 3619 exhilarant
3173 3575 3272 3631 per
3308 3560 3437 3617 obe-

1863 3670 2123 3727 dientiam
2156 3674 2209 3720 et
2234 3678 2384 3734 spem
2404 3663 2624 3716 bonam.

1934 3762 2097 3831 202
2133 3756 2224 3823 IV,
2252 3755 2342 3810 42.
2379 3752 2448 3807 Ει
2485 3748 2698 3804 mulieri
2732 3746 3003 3811 dicebant,
3028 3744 3151 3817 quia
3177 3741 3297 3797 Non
3315 3741 3436 3812 jam

1864 3866 2075 3925 propter
2128 3860 2274 3904 tuam
2320 3844 2581 3916 loquelam
2634 3838 2892 3895 credimus
2929 3855 2948 3893 :
2998 3838 3099 3905 ipsi
3151 3837 3290 3890 enim
3339 3850 3439 3925 au-

1864 3924 2129 4005 divimus,
2166 3949 2217 3994 et
2259 3940 2455 3992 scimus
2499 3934 2627 4005 quia
2676 3947 2790 3987 vere
2831 3938 2910 3985 est
2952 3928 3201 3985 Salvator
3250 3924 3437 3981 mundi

1866 4034 2131 4091 Christus.

1936 4125 1984 4178 Α
2011 4121 2313 4192 majoribus
2352 4117 2519 4173 rebus
2559 4111 2891 4168 Samaritani
2922 4110 3190 4173 credunt,
3234 4115 3287 4163 et
3321 4121 3437 4162 non

1866 4232 1929 4271 ex
1972 4215 2040 4270 iis
2071 4225 2194 4282 quat
2225 4206 2450 4263 aliunde
2478 4205 2592 4274 jam
2636 4202 2950 4270 accipiunt,
2997 4197 3092 4253 sed
3123 4213 3187 4252 ex
3220 4196 3290 4252 iis
3316 4212 3438 4266 qua:

1868 4307 2172 4361 hauserunt
2218 4300 2323 4370 ipsi
2366 4296 2596 4351 auribus
2635 4292 2931 4346 mirantur.
2980 4288 3151 4342 Aiunt
3198 4302 3329 4342 vero
3376 4303 3437 4341 se

1868 4410 2032 4451 nosse
2061 4393 2240 4463 ipsum
2276 4403 2400 4444 esse
2436 4382 2626 4438 mundi
2659 4379 3030 4441 Salvatorem,
3074 4378 3272 4447 pignus
3311 4376 3434 4432 fidei

1868 4485 2272 4544 confessionem
2308 4478 2423 4548 spei
2451 4477 2507 4532 in
2534 4476 2713 4544 ipsum
2746 4472 3033 4527 facientes.

1848 4662 1851 4665 ’
1943 4663 2043 4727 IV,
2080 4660 2269 4715 43-44.
2313 4655 2442 4712 Post
2485 4652 2616 4706 duos
2664 4660 2840 4704 autem
2889 4647 3000 4703 dies
3038 4648 3167 4703 exiit
3216 4647 3334 4701 inde
3385 4652 3441 4705 in

1871 4756 2174 4813 Galilaeam.
2226 4748 2345 4817 Ipse
2374 4747 2513 4801 enim
2552 4742 2709 4796 Iesus
2746 4740 3099 4795 testimonium
3136 4738 3437 4809 perhibuit,

1869 4851 1992 4923 quia
2020 4844 2271 4917 propheta
2296 4842 2352 4894 in
2384 4854 2484 4893 sua
2514 4835 2693 4904 patria
2724 4832 2971 4886 honorem
2994 4847 3099 4884 non
3138 4829 3310 4884 habet.

1946 5018 2183 5075 Discedit
2211 5031 2276 5070 ex
2311 5011 2560 5067 Samaria
2592 5015 2878 5079 postquam
2906 5003 3198 5059 salutarem
3231 5014 3440 5056 sermo—

1869 5128 1992 5170 nem
2020 5106 2435 5181 proseminavit,
2460 5112 2515 5158 et
2544 5102 2717 5156 instar
2745 5096 2995 5168 agricola:
3018 5094 3176 5147 fidem
3206 5092 3258 5146 in
3288 5091 3438 5146 illius

1870 5203 2173 5259 incolarum
2204 5195 2481 5252 mentibus
2510 5190 2747 5253 defodit,
2783 5203 2892 5244 non
2940 5196 3001 5240 ut
3042 5183 3264 5238 silentio
3303 5197 3439 5237 con-

1869 5295 2234 5364 stringeretur
2266 5289 2444 5343 otiosa
2477 5298 2541 5340 ac
2563 5278 2966 5352 quodammodo
2988 5276 3183 5331 obruta
3207 5315 3222 5340 ,
3255 5272 3350 5331 sed
3383 5282 3442 5327 ut

1871 5388 1929 5441 in
1973 5383 2217 5440 omnium
2270 5377 2475 5434 animis
2513 5377 2881 5435 insereretur,
2933 5369 3106 5439 magis
3150 5382 3214 5424 ac
3261 5366 3437 5436 magis

1871 5490 2157 5539 crescens,
2187 5483 2353 5543 atque
2379 5468 2445 5524 ad
2478 5468 2737 5537 majorem
2768 5464 2875 5517 vim
2933 5474 3258 5531 properans.
3290 5456 3438 5523 Quo-

1873 5571 2020 5626 niam
2047 5575 2228 5622 autem
2262 5561 2674 5630 interiacentem
2699 5554 2971 5610 Nazareth
3001 5549 3436 5623 praetervehitur,

1872 5662 1927 5715 in
1959 5673 2067 5729 qua
2098 5657 2365 5713 educatus
2403 5652 2578 5708 fuisse
2623 5647 2985 5721 perhibetur,
3030 5645 3103 5698 ita
3156 5650 3215 5696 ut
3262 5656 3330 5695 ex
3374 5655 3439 5695 ea

1872 5741 2008 5808 urbe
2030 5747 2296 5805 oriundus
2316 5752 2370 5800 ct
2397 5745 2541 5799 Illius
2564 5741 2701 5796 civis
2734 5745 2975 5811 putetur,
3006 5743 3060 5793 et
3086 5736 3139 5789 in
3162 5732 3439 5789 Galilaeam

1874 5838 2177 5903 descendit,
2194 5836 2461 5892 rationem
2488 5830 2642 5889 allen
2668 5827 2985 5887 necessario
3002 5840 3102 5880 cur
3124 5824 3194 5880 sit
3220 5828 3442 5894 praeter-

3011 5915 3075 5978 ll
