4118 6528
637 378 735 432 ast
1626 373 1684 429 S.
1719 372 1998 430 CYRILIJ
2036 371 2509 430 ALEXANDRINI
2533 373 2854 431 ARCHIEP.

3788 376 3900 435 55‘!

635 497 852 554 vectus,
884 489 1067 559 aitque
1097 486 1281 544 Jesum
1322 485 1499 556 ipsum
1534 491 1795 541 testatum
1821 499 1946 542 esse
1979 485 2216 556 prophe-

2325 480 2459 539 εἶναι
2496 486 2693 551 δοκεῖν,
2720 485 2970 557 καταίρει
2999 483 3054 539 δὲ
3085 484 3284 556 μᾶλλον
3326 486 3404 551 εἰς
3444 487 3543 558 τήν
3588 482 3899 541 Γαλιλαίανο

640 592 749 635 tam
784 581 839 634 in
874 581 1057 651 patria
1089 594 1186 633 sua
1215 578 1423 633 honore
1456 590 1666 632 carere.
1694 576 1774 630 ita
1806 577 1952 631 enim
1983 574 2096 630 fere
2122 591 2221 629 na-

638 679 760 725 tura
788 668 1092 740 comparati
1110 682 1325 729 sumus,
1356 674 1416 721 ut
1439 667 1582 735 quod
1617 664 1891 719 familiare
1924 663 2082 718 nobis
2108 671 2217 727 est,

642 763 766 817 licet
804 759 1063 816 eximium
1111 765 1166 813 et
1211 757 1511 828 pretiosum
1564 756 1677 822 sit,
1728 754 1889 808 nihili
1928 753 2218 809 ducamus.

637 850 824 921 Neque
861 864 990 904 vero
1024 848 1241 904 volebat
1284 848 1539 903 Salvator
1575 846 1819 900 honores
1864 843 1969 899 sibi
2005 842 2074 898 ab
2112 843 2222 899 illis

637 956 761 995 eum
795 938 935 995 fastu
962 946 1016 995 et
1052 940 1353 995 ambitione
1381 938 1604 1001 venari,
1641 934 1739 992 sed
1777 935 2026 1005 apprime
2053 948 2221 989 nove-

636 1041 723 1088 rat
768 1031 915 1103 quod
960 1032 1105 1102 apud
1161 1046 1258 1086 eos
1315 1031 1412 1102 qui
1458 1045 1528 1085 ne
1564 1027 1953 1092 honorandum
1997 1026 2219 1097 quidem

637 1126 963 1196 magistrum
1002 1124 1292 1194 putabant,
1320 1132 1580 1192 acceptus
1616 1130 1670 1177 et
1702 1120 1890 1176 suavis
1929 1134 2037 1173 non
2074 1126 2223 1173 esset

642 1218 767 1271 lidei
828 1231 1011 1272 sermo
1069 1214 1310 1271 futurus.
1374 1212 1800 1268 Praetervehitur
1847 1212 2035 1279 itaque
2091 1209 2220 1279 jure

642 1309 838 1363 merito
870 1345 886 1369 ,
950 1320 1051 1362 nec
1105 1306 1323 1360 inanem
1383 1305 1440 1358 in
1493 1318 1588 1358 eos
1640 1302 1889 1356 laborem
1944 1301 2223 1356 insumere

642 1400 900 1469 dignatur
924 1440 939 1464 ,
973 1398 1066 1467 qui
1101 1397 1237 1452 nihil
1266 1405 1454 1451 essent
1498 1394 1753 1450 utilitatis
1789 1393 1918 1448 inde
1956 1392 2217 1464 capturi:

641 1500 695 1544 ct
730 1504 827 1559 per
868 1490 971 1542 hoc
1007 1489 1241 1558 gratiam
1283 1485 1757 1556 contemptoribus
1806 1491 2053 1554 praestat.
2100 1482 2220 1538 Non

640 1584 785 1635 enim
828 1580 1092 1635 credibile
1129 1586 1250 1633 erat
1288 1592 1388 1633 eos
1434 1576 1529 1646 qui
1576 1582 1732 1630 tanto
1765 1575 1999 1631 crimine
2029 1588 2089 1629 se
2117 1574 2220 1628 ob-

638 1671 972 1739 stringerent
1015 1667 1238 1738 impune
1285 1667 1336 1721 id
1376 1666 1657 1731 l‘acturos,
1699 1679 1826 1719 cum
1867 1664 1923 1719 in
1968 1660 2222 1718 confesso

638 1760 710 1811 sit
755 1758 900 1827 apud
933 1772 1166 1823 omnes,
1218 1765 1521 1811 extremam
1570 1769 1789 1824 pmnam
1842 1760 2221 1822 reportaturus

2324 576 2638 646 ἀναγκαίως
2681 580 2916 632 ποιεῖται
2939 578 3037 649 τὴν
3058 578 3355 646 ἀπολογίαν
3386 578 3485 649 τῆς
3517 579 3898 650 παραδρομῆς,

2322 667 2415 722 καί
2445 684 2629 737 φησιν,
2674 669 2755 722 ὅτι
2787 669 3214 741 μεμαρτύρηκεν
3265 668 3427 732 αὐτὸς
3478 670 3508 721 6
3545 669 3774 740 Ἰησοῦς,
3817 670 3903 723 δτι

2324 759 2611 829 προφήτης
2653 760 2710 811 ὲν
2740 762 2807 831 τῇ
2870 760 2975 831 ἰδίᾳ
3025 759 3244 831 πατρίδι
3285 760 3450 830 τιμὴν
3480 760 3580 813 ούκ
3623 759 3758 830 ἔχει.
3791 761 3903 813 Πε-

2324 848 2574 919 φύκαμεν
2606 849 2717 920 γάρ
2758 868 2877 914 πως
2910 850 3063 905 οὐδὲν
3103 851 3356 922 ἡγεῖσθαι
3392 851 3454 904 τὸ
3506 851 3756 922 σύνηθες,
3794 850 3903 903 κᾶν

2323 942 2557 1012 ὑπάρχοι
2601 943 2744 1012 μέγα
2774 943 2870 997 καὶ
2916 942 3118 1013 τίμιον.
3157 944 3268 997 Καὶ
3302 943 3364 997 οὐ
3394 942 3565 1013 δήπου
3616 942 3717 1005 τὰς
3768 943 3906 1013 παρ’

2322 1032 2546 1085 ἐκείνων
2577 1033 2660 1086 ὅτι
2703 1034 2885 1105 δεήσοι
2924 1034 3194 1105 θηρᾶσθαι
3228 1033 3393 1105 τιμὰς
3431 1036 3460 1087 6
3492 1035 3685 1106 Σωτὴρ
3722 1033 3904 1088 ἐδοκί-

2326 1123 2517 1193 μαζεν,
2552 1125 2609 1177 ἐν
2638 1125 2832 1196 ἀνδρὸς
2854 1125 3129 1194 φιλοδόξου
3164 1127 3308 1190 τινὸς
3340 1126 3490 1191 τάξει
3512 1127 3607 1179 καὶ
3634 1125 3903 1196 φιλοκομο

2324 1214 2553 1280 παστοῦ,
2595 1215 2708 1269 ἀλλ’
2761 1217 3030 1284 ἠπίστατο
3084 1217 3303 1287 σαφῶς,
3357 1218 3439 1271 ὅτι
3489 1220 3600 1280 τοῖς
3659 1216 3905 1287 μηδόλως

2322 1306 2612 1377 οἰομένοις,
2640 1309 2721 1361 ὅτι
2772 1310 3037 1380 προσήκοι
3068 1310 3235 1380 τιμᾷν
3280 1309 3372 1363 τὸν
3413 1309 3756 1371 διδάσκοντα,
3794 1306 3903 1359 οὐδ’

2321 1393 2388 1446 ἂν
2434 1394 2510 1447 ἔτι
2536 1395 2739 1464 γλυκύς
2769 1413 2830 1449 τε
2875 1398 2967 1450 καὶ
3014 1397 3415 1469 εύπαράδεκτος
3445 1399 3474 1451 6
3515 1397 3614 1468 τῆς
3666 1395 3906 1458 πίστεως

2322 1483 2529 1553 γένοιτο
2572 1487 2748 1555 λόγος.
2807 1488 3143 1559 Παρελαύνει
3185 1489 3475 1558 τοιγαροῦν
3525 1488 3773 1551 εἰκότως,
3824 1486 3906 1547 εἰς

2322 1575 2736 1649 ὠφελουμένους
2772 1580 2925 1633 οὐδὲν
2968 1581 3213 1644 εἰκαίους
3258 1580 3532 1635 ἀναλῶσαι
3563 1579 3763 1641 πόνους
3805 1576 3906 1629 οὐκ

2322 1667 2512 1733 ἀξιῶν,
2546 1672 2639 1723 καὶ
2655 1672 2814 1742 χάριν
2841 1672 2898 1725 δὲ
2924 1672 3009 1726 διὰ
3030 1672 3221 1725 τούτου
3242 1675 3355 1735 τοῖς
3378 1668 3779 1740 καταφρονοῦσι
3806 1684 3903 1721 κα-

2321 1760 2582 1824 τατιθείς.
2607 1764 2681 1815 Οὐ
2713 1763 2822 1834 γὰρ
2846 1759 2914 1834 ἦν
2939 1763 3084 1827 εἰκὸς
3113 1765 3190 1827 εἰς
3219 1763 3471 1818 τοσοῦτον
3498 1761 3906 1832 ἐξαμαρτάνον-

637 1852 731 1919 qui
760 1849 1195 1919 contempserint
1223 1862 1371 1912 eum,
1406 1862 1472 1903 ac
1505 1854 1615 1901 tam
1648 1844 1979 1900 admirabile
2012 1842 2217 1898 donum

2325 1863 2419 1910 τας
2449 1853 2666 1920 νηποινὶ
2690 1851 2849 1906 τοῦτο
2876 1853 3095 1923 δράσειν
3134 1854 3350 1919 αὐτοὺς,
3385 1850 3821 1924 ὁμολογουμένου
3844 1847 3907 1918 δὴ

640 1941 975 2015 respuerint.

2323 1938 2560 2005 πάντως,
2601 1944 2698 1994 καὶ
2729 1944 3230 2014 ἀναμφισϐητήτως
3277 1944 3515 2014 ἔχοντος,
3563 1943 3641 2005 ὼς
3671 1940 3774 2012 τὴν
3816 1939 3907 1993 ἐπὶ

639 2036 1007 2107 τοῖςὲσχάτοις
1023 2032 1338 2091 άποίσονται
1364 2032 1586 2087 κόλασιν
1609 2032 1656 2086 οἱ
1675 2032 2038 2104 καταφρονεῖν
2062 2028 2360 2099 ἐγνωκότες
2396 2034 2584 2097 αὐτοῦ,
2618 2038 2711 2092 καί
2737 2037 2837 2110 τήν
2900 2038 3075 2105 οὕτως
3141 2039 3573 2112 ἀξιοθαύμαστον
3636 2033 3905 2109 περιπτύ-

639 2150 789 2195 οντες
818 2133 1049 2203 δωρεάν.

708 2221 800 2288 IV,
830 2223 917 2277 45.
952 2221 1083 2277 Cum
1110 2238 1232 2293 ergo
1253 2222 1473 2277 venisset
1502 2223 1555 2275 in
1579 2220 1884 2286 Galilaeam,
1906 2227 2218 2287 exceperunt

638 2330 753 2369 eum
780 2312 1013 2376 Galilaai,
1042 2330 1160 2366 cum
1195 2314 1372 2366 omnia
1403 2312 1650 2366 vidissent
1680 2311 1838 2380 203
1864 2326 1984 2380 qua:
2020 2308 2216 2374 fecerat

640 2404 1025 2475 Hierosolymis
1080 2403 1135 2458 in
1178 2406 1262 2458 die
1304 2403 1486 2472 festo:
1554 2414 1602 2457 et
1649 2403 1749 2470 ipsi
1786 2402 1925 2456 enim
1973 2409 2218 2454 venerant

639 2496 708 2549 ad
739 2496 877 2549 diem
909 2495 1123 2564 festum.

709 2587 829 2641 Non
852 2594 1058 2640 temere
1078 2583 1285 2640 Galilazi
1315 2583 1624 2653 suscipiunt
1654 2580 1867 2647 Jesum,
1897 2580 1991 2637 sed
2024 2580 2223 2650 partim

638 2686 707 2740 ob
739 2683 1007 2739 miracula
1049 2696 1173 2753 quae
1214 2680 1327 2751 jam
1366 2680 1433 2734 ab
1476 2695 1542 2734 eo
1591 2678 1799 2749 patrari
1825 2676 2074 2731 viderant
2099 2675 2227 2745 jure

638 2777 882 2839 attoniti,
922 2774 1125 2845 partim
1156 2774 1227 2828 ob
1274 2773 1533 2843 pietatem
1582 2770 1639 2824 in
1685 2771 1867 2839 ipsum
1912 2766 2224 2822 Judaeorum

640 2868 1075 2922 condemuantes
1148 2863 1485 2927 vecordiam,
1548 2869 1603 2915 et
1653 2861 1825 2915 animi
1874 2860 2119 2915 candore
2164 2872 2227 2913 ac

638 2959 992 3029 simplicitate
1017 2956 1130 3010 illis
1160 2955 1214 3009 in
1253 2954 1368 3024 lege
1398 2951 1637 3008 eruditis
1683 2953 1926 3021 potiores
1958 2949 2183 3020 reperti.

708 3130 801 3197 IV,
850 3132 939 3186 46.
1007 3128 1153 3183 Venit
1184 3144 1304 3199 ergo
1329 3128 1519 3181 iterum
1550 3127 1604 3180 in
1643 3125 1793 3180 Cana
1850 3123 2112 3189 Galilrea’,
2138 3124 2226 3177 ubi

638 3225 773 3297 fecit
796 3238 989 3293 aquam
1024 3221 1219 3275 vinum.

710 3316 855 3372 inter
877 3312 1145 3370 candidos
1170 3310 1418 3367 homines
1450 3309 1650 3365 lubens
1668 3317 1922 3363 versatur
1946 3306 2223 3371 Christus,
2252 3338 2293 3395 ο

2397 2220 2539 2273 Ὅτε
2562 2216 2677 2276 οὖν
2712 2217 2898 2292 ἦλθεν
2944 2224 3032 2287 είς
3070 2222 3188 2290 τὴν
3212 2223 3570 2290 Γαλιλαίαν,
3619 2224 3905 2291 ἐδέξαντο

2324 2312 2510 2365 αὑτὸν
2536 2315 2590 2365 οἱ
2618 2312 2928 2367 Γαλιλαῖοι
2962 2312 3158 2368 πάντα
3185 2313 3528 2382 ἑωρακότες,
3558 2317 3677 2370 ὅσα
3706 2318 3905 2386 exolu-

2325 2417 2438 2456 σεν
2457 2402 2526 2455 ἐν
2566 2402 3004 2474 Ἱεροσολύμοις
3032 2404 3102 2457 ἐν
3131 2402 3207 2473 τῇ
3232 2404 3428 2474 ἑορτῇ·
3462 2405 3561 2459 καί
3589 2408 3763 2462 αὐτοί
3800 2409 3904 2478 γὰρ

2325 2490 2518 2563 ἦλθον
2534 2496 2622 2560 είς
2647 2495 2762 2562 τὴν
2798 2495 3031 2564 ἑορτήν.

2397 2585 2511 2638 Οὐκ
2543 2586 2966 2655 ἀπερισκέπτως
2997 2588 3046 2640 οἰ
3076 2586 3349 2641 Γαλιλαῖοι
3381 2586 3627 2657 δέχονται
3653 2589 3747 2643 τὸν
3799 2592 3901 2659 ’1η-

2332 2673 2483 2738 σοῦν,
2510 2674 2646 2728 ἀλλὰ
2676 2678 2772 2729 καὶ
2797 2676 2951 2729 αὐτοὶ
2979 2676 3045 2729 δι’
3069 2669 3145 2730 ὧν
3162 2677 3262 2747 ἤδη
3281 2676 3557 2748 θαυματου
3567 2678 3802 2748 ργοῦντα
3823 2697 3904 2733 τε-

2329 2767 2549 2821 θέανται
2569 2768 2793 2831 δικαίως
2837 2768 3369 2839 καταπληττόμενοι,
3419 2771 3515 2823 καὶ
3568 2770 3657 2823 διὰ
3701 2770 3805 2839 τῆς
3830 2774 3904 2833 εἰς

2328 2860 2489 2913 αὑτὸν
2518 2859 2804 2923 εὐλαϐείας
2846 2860 2948 2922 τὰς
2972 2859 3082 2914 τῶν
3126 2860 3397 2913 Ἰουδαίων
3430 2862 3691 2926 ἀπονοίας
3737 2879 3904 2915 κατα-

2325 2952 2662 3015 δικάζοντες,
2705 2952 2799 3005 καὶ
2839 2952 2972 3005 πολὺ
3009 2952 3146 3023 πρὸς
3186 2951 3609 3023 εὐγνωμοσύνην
3648 2952 3903 3022 ἀμείνους

2325 3041 2435 3093 τῶν
2461 3040 2785 3112 νομομαθῶν
2813 3041 3223 3112 εὑρισκόμενοι.

2396 3127 2623 3187 *Ηλθεν
2648 3128 2763 3187 οὖν
2780 3130 2968 3185 πάλιν
2982 3133 3071 3197 εἰς
3097 3131 3212 3200 τὴν
3239 3130 3406 3188 Κανᾶ
3422 3131 3533 3201 τῆς
3553 3133 3901 3199 Γαλιλαίας,

2330 3218 2483 3271 ὅπου
2505 3218 2755 3284 ἐποίησε
2808 3218 2876 3272 τὸ
2894 3219 3053 3287 ὕδωρ
3084 3219 3272 3275 οἶνον.

2409 3308 2809 3381 Ἐμφιλοχωρεῖ
2825 3312 2938 3373 τοῖς
2971 3309 3311 3381 εὐγνώμοσιν
3347 3312 3376 3364 6
3404 3311 3660 3382 Χριστὸς,
3681 3312 3780 3367 καὶ
3800 3315 3902 3377 τοῖς

636 3418 938 3480 gratosque
959 3414 1012 3462 et
1034 3402 1432 3460 beneﬁciorum
1467 3415 1759 3465 memores,
1789 3400 1983 3469 eisque
2010 3398 2221 3468 majora

2328 3398 2670 3469 ἑτοιμότερόν
2701 3416 2819 3462 πως
2850 3400 2988 3453 ἰοῦσι
3026 3399 3162 3472 πρὸς
3200 3401 3299 3472 τὴν
3329 3395 3404 3455 ὧν
3456 3402 3523 3457 ἂν
3578 3398 3638 3457 εὖ
3678 3403 3899 3458 πάθοιεν

637 3502 780 3555 bona
815 3498 1022 3553 ail‘atim
1074 3496 1332 3567 largitur.
1365 3491 1528 3549 Venit
1552 3507 1686 3562 ergo
1726 3490 1994 3546 miracula
2043 3489 2225 3543 factu-

638 3607 736 3647 rus
787 3591 845 3645 in
876 3588 1049 3653 Cana,
1109 3586 1435 3643 existimans
1483 3585 1712 3653 insuper
1763 3596 1889 3637 esse
1950 3581 2225 3651 iuvandos

637 3682 759 3751 ejus
796 3680 1029 3744 incolas,
1062 3678 1322 3748 opinione
1353 3676 1409 3730 in
1443 3687 1637 3730 eorum
1673 3672 1897 3738 animis,
1942 3685 2041 3741 per
2071 3672 2224 3738 signa

638 3762 760 3843 quae
794 3772 851 3826 in
885 3772 977 3825 illa
1008 3770 1121 3840 jam
1154 3768 1383 3833 fecerat,
1422 3762 1833 3836 quodammodo
1862 3763 2051 3827 insita,
2088 3777 2226 3816 cun-

638 3873 728 3920 cta
756 3878 880 3920 eum
916 3861 1096 3918 facere
1132 3875 1313 3933 posse.

712 4036 806 4102 IV,
843 4038 1028 4092 46-48.
1096 4036 1164 4090 Et
1192 4046 1306 4091 erat
1346 4036 1562 4106 quidam
1610 4033 1844 4104 regulus,
1889 4032 2040 4100 cujus
2081 4032 2226 4100 ﬁlius

640 4128 1019 4200 inﬁrmabamr
1065 4127 1462 4196 Capharnaum.
1507 4124 1608 4178 Hic
1656 4141 1773 4178 cum
1819 4124 2052 4177 audisset
2102 4123 2228 4190 quia

637 4219 794 4276 Jesus
826 4220 1089 4273 adveniret
1122 4233 1153 4270 a
1182 4214 1378 4269 Iudaea
1403 4218 1455 4268 in
1486 4214 1791 4278 Galilamm,
1822 4214 1953 4267 abiit
1978 4213 2046 4266 ad
2083 4229 2224 4274 eum,

638 4324 687 4367 et
716 4312 932 4382 rogabat
968 4326 1083 4362 eum
1116 4319 1171 4361 ut
1199 4307 1532 4362 descenderet
1559 4318 1609 4361 et
1632 4317 1845 4361 sanaret
1877 4306 2048 4373 ﬁlium
2074 4306 2225 4373 ejus;

640 4402 922 4469 incipiebat
952 4401 1092 4454 enim
1127 4398 1284 4452 mori.
1327 4398 1475 4451 Dixit
1505 4415 1627 4467 ergo
1668 4395 1824 4450 Iesus
1858 4395 1925 4448 ad
1952 4411 2090 4449 eum.

711 4579 1088 4634 Proliciscitur
1127 4578 1345 4649 quidem
1392 4577 1483 4631 ille
1532 4577 1778 4647 regulus,
1834 4584 2101 4644 tanquam
2159 4573 2225 4627 ad

2325 3488 2577 3561 αἴσθησίν
2610 3507 2669 3543 τε
2704 3492 2799 3544 καὶ
2825 3491 3048 3560 γνῶσιν,
3100 3493 3194 3545 καὶ
3231 3492 3491 3563 μειζόνων
3534 3493 3760 3562 ἀγαθῶν
3792 3497 3902 3549 ἑπι-

2325 3580 2668 3650 δαψιλεύεται
2697 3584 3003 3654 χορηγίαις.
3036 3585 3295 3655 Ἔρχεται
3325 3584 3506 3641 τοίνυν
3549 3590 3901 3659 τερατοποιή-

2329 3688 2437 3724 σων
2466 3673 2523 3725 ἐν
2548 3674 2720 3744 Κανᾷ,
2754 3674 3125 3744 προσωφελεῖν
3156 3675 3254 3745 μὲν
3283 3677 3364 3729 ὅτι
3410 3679 3676 3748 προσήκοι
3700 3680 3828 3742 τοὺς
3852 3681 3901 3733 ἐν

2327 3761 2467 3832 αὐτῇ
2516 3761 2863 3831 λογιζόμενος
2897 3804 2912 3830 ,
2956 3766 3520 3837 προκατεσπαρμένην
3577 3767 3634 3820 δὲ
3682 3768 3899 3839 ὥσπερ,

2327 3850 2414 3904 διὰ
2435 3851 2542 3906 τῶν
2570 3853 2670 3923 ήδη
2698 3853 3210 3925 προτετελεσμένων
3244 3856 3302 3908 ὲν
3333 3857 3468 3927 αὐτῇ
3499 3857 3765 3927 σημείων,
3811 3856 3901 3927 τήν

2327 3941 2421 3993 τοῦ
2453 3941 2630 3995 πάντα
2657 3942 2915 3997 δύνασθαι
2946 3944 3079 4014 δρᾷν
3112 3943 3380 4015 ὑπόληψιν
3403 3946 3563 4017 ἔχων.

2397 4029 2517 4087 Ἦν
2542 4033 2609 4120 δέ
2629 4050 2719 4099 τις
2745 4036 3088 4100 βασιλικὸς,
3121 4032 3193 4092 οὗ
3213 4039 3246 4090 ό
3271 4038 3401 4103 υίὸς
3425 4038 3669 4107 ἠσθένει
3693 4038 3765 4092 ἐν
3793 4040 3901 4092 Ka-

2328 4126 2641 4194 φαρναούμ
2671 4124 2829 4196 [vulg.
2861 4127 3283 4199 Καπερναούμ].
3316 4125 3502 4196 Οὗτος
3520 4130 3797 4195 ἀκούσας
3818 4128 3899 4183 ὅτι

2342 4214 2580 4280 Ἰησοῦς
2612 4214 2827 4283 ἢκειὲκ
2854 4215 2965 4285 τῆς
2986 4215 3283 4285 Ἰουδαίας
3315 4221 3402 4283 είς
3432 4218 3545 4287 τὴν
3569 4217 3899 4273 Γαλιλαίαν

2329 4303 2566 4373 ἀπῆλθε
2598 4306 2747 4373 πρὸς
2770 4307 2978 4370 αὐτὸν,
3019 4309 3117 4361 καί
3139 4309 3335 4377 ἠρώτα
3373 4310 3476 4364 ἵνα
3504 4308 3758 4378 καταϐῇ,
3802 4311 3894 4364 καί

2330 4397 2573 4463 ἰάσηται
2619 4397 2805 4451 αὑτοῦ
2844 4396 2954 4451 τὸν
3000 4398 3158 4461 υἱὸν,
3206 4400 3425 4467 ἔμελλε
3476 4399 3585 4468 γὰρ
3637 4400 3892 4467 ἀποθνή-

2329 4500 2520 4538 σκειν.
2548 4480 2737 4538 Εἶπεν
2770 4481 2884 4540 οὖν
2911 4489 2943 4539 ό
3001 4485 3241 4553 Ἰησοῦς
3263 4487 3413 4554 πρὸς
3440 4489 3645 4541 αὐτόν.

2402 4578 2657 4649 Πρόσεισι
2700 4578 2797 4647 μὲν
2851 4579 2879 4630 6
2929 4577 3223 4646 βασιλικὸς,
3274 4580 3351 4643 ὡς
3403 4579 3541 4651 πρὸς
3578 4579 3901 4649 θεραπεύειν

638 4684 765 4724 eum
798 4670 885 4724 cui
928 4670 1001 4723 sit
1050 4666 1280 4722 sanandi
1320 4674 1563 4735 potestas
1597 4684 1608 4718 :
1644 4666 1738 4719 sed
1772 4664 2016 4718 nondum
2060 4662 2223 4717 intel-

2334 4671 2585 4741 ἰσχύοντα
2616 4685 2630 4698 ⁸
2667 4673 2778 4724 νοεῖ
2810 4670 2867 4723 δὲ
2901 4669 3055 4723 οὔπω
3080 4671 3220 4724 κατὰ
3248 4672 3408 4740 φύσιν
3442 4671 3575 4725 Θεὸν
3605 4671 3738 4723 ὄντα
3769 4687 3783 4699 ο
3812 4671 3900 4722 καὶ

639 4760 761 4830 ligit
803 4759 1109 4815 secundum
1144 4766 1397 4812 naturam
1433 4772 1555 4813 esse
1597 4755 1808 4810 Deum:
1843 4764 1897 4810 et
1935 4754 2223 4808 Dominum

2328 4764 2532 4834 Κύριον
2565 4763 2664 4833 μὲν
2701 4761 2985 4826 ἀποκαλεῖ,
3025 4761 3086 4814 τὸ
3113 4762 3158 4814 δ’
3208 4761 3405 4832 ἀληθὲς
3448 4762 3546 4831 τῆς
3586 4762 3901 4830 κυριότητος

638 4852 862 4921 quidem
908 4867 1032 4906 eum
1064 4852 1323 4921 appellat,
1356 4850 1452 4905 sed
1486 4863 1669 4903 veram
1706 4845 2109 4901 dominationis
2153 4844 2223 4899 di-

2328 4857 2544 4927 ἀξίωμα
2574 4855 2788 4909 δίδωσιν
2814 4853 3085 4923 οὐδαμῶς.
3143 4854 3213 4906 Ἦ
3262 4854 3369 4923 γάρ
3412 4851 3479 4905 ἂν
3523 4851 3685 4913 εὐθὺς
3739 4851 3901 4903 ἐδεῖτο

637 4943 899 5012 gnitatem
929 4956 1276 5011 nequaquam
1312 4941 1361 4996 ei
1395 4940 1616 4995 tribuit.
1655 4937 1874 5007 Alioqui
1895 4937 2046 4992 enim
2080 4937 2223 4992 illico

2329 4946 2678 5019 προσπεσὼν,
2717 4944 2813 5013 οὐχ
2858 4945 2945 4997 ἵνα
2991 4943 3055 5013 δὴ
3109 4944 3326 5005 πάντως
3356 4942 3450 4994 ἐπὶ
3477 4939 3576 5008 τὴν
3608 4940 3795 4993 ἑστίαν
3818 4939 3901 5009 βσ-

640 5032 706 5085 ad
737 5047 913 5105 genua
940 5032 1062 5101 ejus
1085 5031 1381 5095 accideret,
1412 5039 1743 5100 rogaretque
1774 5044 1881 5083 non
1913 5036 1973 5083 ut
2003 5028 2223 5083 domum

2326 5039 2483 5104 δίζοι,
2512 5038 2607 5090 καὶ
2633 5034 2952 5088 καταϐαίνοι
2983 5034 3080 5085 σὺν
3112 5032 3261 5102 αὐτῷ
3285 5032 3422 5101 πρὸς
3479 5031 3541 5083 τὸ
3588 5029 3903 5100 ἀῤῥωστοῦν

638 5136 698 5175 se
736 5122 1035 5183 conferret,
1094 5129 1147 5176 et
1198 5134 1386 5175 secum
1448 5120 1516 5174 ad
1568 5128 1927 5190 mgrotantem
1984 5134 2217 5189 puerum

2331 5130 2634 5200 μειράκιον,
2667 5124 2783 5179 ἀλλ’
2830 5124 2919 5177 ἴνα
2953 5123 3018 5192 δὴ
3074 5122 3273 5191 μᾶλλον
3324 5119 3772 5184 ὲξουσιαστικῶς,
3815 5120 3903 5171 καὶ

636 5212 1021 5278 descenderet,
1064 5212 1159 5268 sed
1200 5212 1387 5282 potius
1439 5220 1498 5264 ut
1552 5226 1651 5281 pro
1704 5225 1803 5265 sua
1859 5219 2130 5281 potestate
2166 5216 2221 5263 et

2325 5220 2619 5290 θεοπρεπεῖ
2666 5218 3045 5287 προστάγματι
3090 5213 3189 5285 τὴν
3226 5212 3607 5284 ὲπισκήψασαν
3658 5211 3901 5275 ἐξελάσαι

639 5314 777 5359 nutu
809 5306 997 5360 divino
1032 5306 1282 5361 morbum
1312 5304 1571 5359 infestum
1600 5305 1864 5373 abigeret.
1901 5303 2046 5368 Quid
2072 5302 2218 5357 enim

2325 5311 2497 5364 νόσον.
2530 5308 2594 5362 Τί
2644 5309 2758 5380 γὰρ
2790 5306 2896 5360 ἔδει
2922 5307 3178 5377 παρεῖναι
3209 5303 3288 5373 τῷ
3340 5303 3601 5372 κάμνοντι
3634 5301 3727 5355 τὸν
3758 5294 3902 5369 ᾧπερ

637 5410 868 5451 necesse
899 5406 1019 5451 erat
1058 5404 1264 5466 aegroto
1301 5404 1485 5450 astare
1516 5412 1639 5451 eum
1680 5396 1770 5450 cui
1805 5396 1971 5449 etiam
2002 5394 2219 5449 absenti

2325 5397 2388 5473 ἦν
2424 5400 2681 5455 δύνασθαι
2729 5396 3035 5461 διασώζειν,
3067 5395 3163 5449 καὶ
3188 5394 3401 5456 ἀπόντι,
3431 5392 3667 5463 ῥᾳδίως
3697 5391 3824 5455 Πῶς
3849 5392 3901 5445 δὲ

638 5484 804 5540 facile
846 5492 1064 5554 poterat
1118 5483 1349 5538 reddere
1398 5485 1732 5539 sanitatem?
1770 5483 2060 5550 Quomodo
2088 5499 2220 5540 vero

2325 5494 2441 5548 λίαν
2472 5495 2572 5546 οὐκ
2618 5490 2854 5561 ἀμαθὲς,
2897 5487 3107 5556 ὅτιμὲν
3158 5486 3308 5538 ἔσται
3357 5484 3585 5538 θανάτου
3644 5485 3897 5555 κρείττων

636 5592 747 5632 non
775 5577 931 5631 valde
964 5576 1191 5632 stultum
1225 5584 1312 5631 est
1349 5576 1672 5632 existimare
1702 5576 1882 5645 ipsum
1912 5584 2089 5629 morte
2118 5590 2218 5645 po-

2325 5580 2731 5652 ὑπολαμόάνειν
2760 5577 2945 5640 αὐτὸν,
2976 5574 3108 5628 Θεὸν
3131 5574 3187 5627 δὲ
3218 5574 3483 5644 ὑπάρχειν
3507 5574 3715 5627 οἴεσθαι
3746 5572 3895 5650 μηδα-

635 5668 833 5721 tiorem
879 5666 1018 5732 fore,
1049 5676 1103 5721 et
1124 5682 1249 5722 eum
1281 5667 1373 5737 qui
1409 5667 1651 5736 repletus
1686 5669 1759 5723 sit
1795 5666 1978 5722 divina
2008 5666 2210 5752 virtute

2327 5671 2442 5743 μῶς
2472 5671 2564 5725 τὸν
2599 5665 2941 5739 θεοπρεποῦς
2975 5663 3158 5739 ἰσχύος
3192 5662 3660 5749 πεπληρωμένους

638 5768 981 5829 nequaquam
1024 5754 1198 5813 Deum
1230 5770 1353 5811 esse
1384 5758 1615 5833 putare?
2182 5748 2197 5752 ⁷
3320 5748 3325 5749 ί
