4118 6552
233 387 335 449 555

1269 383 1334 438 IN
1374 382 1655 441 JOANNIS
1692 379 2143 439 EVANGELIUM
2185 381 2313 438 LIB.
2343 385 2404 438 II.

3357 389 3462 447 33-5

297 504 435 559 Ἐὰν
473 497 798 568 μὴσημεῖα
829 496 927 551 καὶ
965 497 1176 565 τέρατα
1219 499 1400 568 τδητε,
1434 503 1505 555 οὐ
1551 499 1635 570 μὴ
1695 513 1790 550 πι-

1969 495 2057 562 ιν,
2087 497 2173 552 48.
2230 497 2352 552 Nisi
2381 499 2531 569 signa
2564 506 2612 553 et
2639 500 2880 572 prodigia
2916 501 3172 570 videritis,
3211 519 3315 558 non
3357 481 3465 560 cre-

234 598 536 660 στεύσητε.
571 591 736 658 Λέγει
768 591 917 657 πρὸς
952 589 1136 643 αὐτὸν
1159 593 1192 642 o'
1218 591 1562 656 βασιλικός.

310 684 541 755 Ἀπηνὴς
601 683 697 752 μὲν
743 682 821 735 ἔτι
864 685 976 747 τοῖς
1030 684 1404 753 πλανωμένοις
1456 679 1792 744 ἐναυλίζεται

236 779 370 841 νοῦς,
402 777 561 844 λόγου
586 775 644 828 δέ
674 793 790 838 πως
813 774 964 828 ἔσται
1005 776 1098 829 τοῦ
1150 774 1443 838 καλοῦντος
1487 775 1566 835 εἰς
1612 773 1794 825 πίστιν

234 874 468 943 κρεῖττον
491 868 552 921 τὺ
582 868 1136 940 θαυματουργότερον.
1163 869 1261 921 Διά
1287 884 1351 934 γε
1370 864 1525 918 τοῦτο
1554 864 1794 934 τεράτων

233 961 430 1016 δεῖσθαι
465 959 666 1029 μᾶλλον
700 960 899 1022 αὐτοὺς
925 960 1160 1029 ἔφασκεν
1181 962 1209 1012 ὁ
1239 957 1426 1028 Σωτὴρ
1451 957 1529 1018 εἰς
1554 955 1614 1007 τὸ
1638 954 1794 1006 δύνα-

234 1054 350 1106 σθαι
385 1051 581 1122 ῥαδίως
612 1050 744 1122 πρὸς
766 1051 826 1103 τὸ
852 1051 1129 1121 συμφέρον
1164 1045 1672 1119 μεταπαιδεύεσθαι,
1703 1043 1795 1097 καὶ

234 1146 459 1198 τδνῦντα
498 1142 639 1196 κατὰ
666 1141 827 1210 φύσιν
858 1140 1241 1208 ἐπιγινώσκειν
1264 1141 1416 1196 Θεόν.

298 1237 506 1303 Κύριε,
561 1231 846 1300 κατάϐηθι
888 1231 1034 1299 πρὶν
1075 1230 1400 1286 ἀποθανεῖν
1439 1230 1502 1284 τὸ
1553 1229 1795 1283 παιδίον

270 1342 360 1378 ου.

230 1344 515 1481 μοῗόλίγος
542 1412 637 1482 μὲν
668 1411 862 1482 κομιδῆ
898 1411 1032 1480 πρὸς
1062 1410 1276 1464 σύνεσιν
1305 1414 1332 1466 ὁ
1365 1411 1664 1482 βασιλικὸς,
1701 1427 1794 1480 νη·

231 1509 406 1575 πιάζει
444 1509 500 1563 δέ
560 1527 676 1572 πως
726 1508 852 1578 περὶ
902 1507 1001 1576 τὴν
1031 1508 1130 1576 τῆς
1167 1506 1387 1576 χάριτος
1437 1505 1672 1574 αἴτησιν,
1703 1502 1796 1553 καὶ

232 1602 403 1672 ἡρέμα
439 1599 768 1670 παραληρῶν
806 1599 906 1651 οὐκ
935 1598 1268 1651 αἰσθάνεται.
1325 1597 1398 1649 Οὐ
1431 1595 1539 1665 γὰρ
1577 1596 1658 1648 ὅτι
1700 1594 1796 1663 μό-

229 1707 312 1743 νον
357 1689 566 1758 ἰσχύσει
609 1687 819 1756 παρὼν,
880 1685 994 1740 ἀλλ’
1031 1688 1110 1740 ὅτι
1161 1688 1225 1758 δὴ
1264 1686 1480 1749 παντως
1511 1686 1603 1738 καὶ
1641 1684 1797 1737 ἀπὼν

227 1782 509 1851 ἐνεργήσει
553 1778 968 1841 πεπιστευκὼς.
1029 1777 1534 1849 ἁξιοπρεπεστάτην
1594 1775 1660 1829 ἂν
1709 1775 1794 1826 ἐπ’

1895 591 2049 644 detis.
2084 589 2224 643 Dicit
2263 591 2473 660 regulus
2501 590 2568 643 ad
2603 607 2742 647 eum.

1968 680 2148 735 Durus
2191 682 2410 751 quidem
2456 681 2635 738 adhuc
2665 682 2719 737 in
2761 683 2830 740 iis
2855 692 2938 739 est
2969 684 3205 750 animus,
3237 685 3332 742 sed
3367 703 3466 742 ex-

1896 769 2205 826 hortatione
2231 772 2299 825 ad
2334 770 2494 826 fidem
2535 773 2749 843 potiora
2791 774 2976 831 futura
3020 786 3149 833 sunt
3176 778 3462 835 miracula.

1894 862 2240 932 Proindcque
2261 862 2534 932 prodigiis
2555 879 2695 933 opus
2717 864 2831 921 illis
2855 882 2973 922 esse
2999 867 3248 924 Salvator
3264 869 3464 934 aiebat,

1895 952 2057 1024 204
2097 962 2155 1007 ιιι
2188 953 2348 1007 facile
2391 961 2616 1023 possent
2663 953 2731 1007 ad
2776 956 3054 1010 meliorem
3085 955 3297 1028 frugem
3337 975 3465 1012 ern-

1896 1045 2027 1108 diri,
2062 1054 2115 1099 et
2141 1059 2444 1117 agnoscere
2489 1043 2660 1099 Deum
2690 1060 2814 1099 esse
2843 1047 3145 1101 secundum
3189 1056 3464 1104 naturam.

1969 1222 2059 1284 IV,
2098 1223 2186 1278 49.
2243 1222 2488 1288 Domine,
2543 1223 2793 1278 descende
2846 1226 3156 1296 priusquam
3208 1229 3472 1280 moriatur

1895 1313 2040 1382 ﬁlius
2075 1330 2239 1368 meus.

1966 1406 2245 1473 Angustus
2279 1404 2436 1460 valde
2460 1415 2548 1460 est
2586 1405 2758 1475 reguli
2798 1405 3038 1473 animus,
3067 1408 3199 1478 quin
3239 1423 3469 1479 puerum

1898 1509 1957 1549 se
1993 1497 2176 1565 prodit
2205 1499 2258 1549 in
2295 1497 2526 1564 petenda
2561 1497 2760 1566 gratia,
2803 1512 2904 1552 nec
2951 1500 3118 1553 sentit
3163 1515 3222 1555 se
3267 1501 3471 1555 sensim

1897 1585 2153 1639 delirare.
2188 1583 2324 1638 Nam
2366 1587 2412 1640 si
2445 1601 2554 1640 non
2585 1586 2749 1640 modo
2780 1595 3103 1657 prmsentem
3132 1632 3145 1656 ,
3181 1592 3274 1646 sed
3304 1591 3472 1644 etiam

1898 1675 2185 1730 absentem
2229 1675 2510 1731 Christum
2548 1677 2654 1731 vim
2687 1694 2841 1733 suam
2879 1695 3134 1736 exserere
3158 1697 3321 1752 posse
3352 1698 3474 1738 cre-

1899 1766 2150 1831 didisset,
2184 1767 2251 1820 de
2281 1768 2376 1821 illo
2424 1783 2523 1835 pro
2553 1783 2619 1822 eo
2654 1783 2718 1823 ac
2767 1770 2925 1824 decet
2969 1773 3258 1829 sensisset.
3316 1772 3474 1829 Nunc

226 1871 371 1940 αύτῷ
405 1871 506 1940 τὴν
537 1869 790 1939 διάληψιν
833 1870 1149 1939 ἐποιήσατο.
1192 1867 1328 1920 Νυνὶ
1364 1867 1421 1918 δὲ
1475 1865 1688 1935 φρονῶν
1737 1880 1797 1915 τε

1903 1866 2086 1911 autem
2123 1857 2526 1912 absurdissime
2566 1858 2730 1912 sentit
2779 1874 2843 1913 ac
2892 1861 3025 1915 facit
3073 1864 3164 1932 qui
3213 1864 3474 1921 virtutem

227 1962 316 2014 καὶ
350 1962 607 2029 πράττων
635 1957 1086 2028 παραλογώτατα,
1117 1957 1214 2028 τὴν
1257 1956 1374 2026 Θεῷ
1419 1956 1517 2025 μὲν
1553 1954 1794 2026 πρέπου-

228 2068 320 2103 σαν
353 2050 508 2120 ἰσχὺν
542 2051 780 2112 ἀπαιτεῖ,
814 2048 888 2110 ὡς
922 2047 979 2099 δὲ
1005 2047 1138 2098 Θεὸν
1172 2046 1271 2098 ούκ
1300 2045 1472 2097 οἴεται
1511 2043 1580 2096 τὰ
1620 2043 1797 2096 πάντα

226 2138 488 2209 πληροῦν,
523 2139 634 2191 ἀλλ’
665 2137 785 2190 οὐδὲ
818 2135 1047 2189 θανάτου
1096 2133 1426 2204 γενήσεσθαι
1491 2134 1795 2202 κρείττονα,

227 2227 397 2279 καίτοι
420 2225 499 2296 τῷ
534 2225 770 2296 πλείστῳ
784 2223 1124 2296 κρατηθέντα
1157 2222 1595 2276 πλεονεκτεῖσθαι
1624 2238 1800 2291 παρα-

227 2317 402 2371 καλῶν
437 2334 452 2348 ο
485 2317 672 2387 ἔμελλε
707 2316 815 2386 γὰρ
845 2315 1209 2386 ἀποθνήσκειν
1235 2315 1262 2365 ὁ
1291 2315 1441 2375 παῖς.

291 2410 464 2476 Λέγει
485 2407 645 2473 αὐτῷ
672 2411 703 2462 ό
750 2406 989 2474 Ἰησοῦς
1011 2421 1024 2437 ·
1054 2404 1337 2471 Πορεύου,
1361 2408 1393 2458 ό
1408 2405 1537 2468 υἱός
1561 2421 1676 2458 σου
1708 2401 1795 2470 ζῆ.

291 2501 484 2564 Οὕτως
517 2500 623 2554 ἔδει
651 2498 973 2552 πιστεύοντα
999 2495 1347 2567 προσελθεῖν,
1396 2496 1510 2548 ἀλλ’
1569 2496 1628 2547 οὐ
1679 2497 1798 2557 ταῖς

226 2593 376 2662 ἡμῶν
406 2592 674 2661 ἀμαθίαις
701 2590 1017 2658 φιλονεικῶν
1082 2590 1272 2657 δρᾶται
1320 2587 1551 2657 Χριστός
1583 2602 1594 2613 ·
1642 2587 1798 2658 εὐερ-

225 2686 368 2751 γετεῖ
399 2683 460 2734 δὲ
494 2681 657 2734 πάλιν
687 2681 782 2732 καὶ
825 2679 1139 2740 πταίοντας.
1177 2678 1251 2740 ὡς
1295 2676 1444 2738 Θεός.
1493 2678 1669 2744 Ὅπερ
1707 2671 1799 2728 οὖν

225 2775 325 2826 ἔδει
356 2774 572 2845 δρῶντα
602 2769 997 2841 θαυμάζεσθαι,
1037 2768 1195 2822 τοῦτο
1238 2769 1332 2821 καὶ
1373 2766 1448 2837 μὴ
1503 2767 1800 2837 δεδρακότα

222 2864 464 2918 διδάσκει
497 2863 588 2916 τὸν
613 2863 914 2932 ἄνθρωπον,
938 2859 1072 2929 ὁμοῦ
1103 2860 1193 2912 καὶ
1217 2859 1323 2910 τῶν
1357 2858 1656 2911 καλλίστων
1687 2861 1800 2911 εισ-

225 2955 436 3024 ηγητὴς
461 2995 475 3018 ,
505 2954 600 3008 καὶ
647 2953 754 3004 τῶν
787 2952 844 3003 ὲν
887 2951 1071 3019 εὐχαῖς
1123 2949 1341 3017 ἀγαθῶν
1384 2950 1618 3020 χορηγὸς
1672 2950 1800 3002 ἀνα-

223 3044 595 3114 διικνύμενος.
645 3042 731 3094 Ἐν
769 3038 867 3109 μὲν
926 3039 1036 3108 γὰρ
1091 3037 1172 3108 τῷ
1221 3058 1239 3088 ι
1276 3038 1513 3108 Πορεύου
1549 3057 1566 3088 ι
1605 3038 1664 3090 τὸ
1711 3057 1802 3090 πι-

228 3136 436 3188 στεύειν
465 3134 631 3197 ὲστὶν,
662 3135 718 3186 ὲν
755 3132 810 3185 δὲ
831 3130 908 3200 τῷ
934 3149 951 3183 1
1001 3130 1062 3182 ὐ
1091 3131 1203 3192 υἱός
1229 3147 1321 3182 σου
1358 3129 1447 3198 ζῇ,
1492 3148 1511 3182 ι
1546 3128 1655 3181 τῶν
1703 3146 1799 3182 πο-

226 3223 503 3293 θουμένων
528 3224 561 3291 ἡ
594 3197 892 3290 πλήρωσις
923 3219 1065 3289 μετὰ
1103 3219 1304 3287 πολλῆς
1347 3197 1494 3281 τινος
1537 3219 1633 3271 καὶ
1676 3218 1794 3271 θεο-
1824 3197 1864 3252 C

226 3314 470 3384 πρεποῦς
496 3311 739 3376 ἐξουσίας
766 3308 1152 3379 ὲκφαινομένη.

303 3407 700 3458 Ἐπίστευσεν
724 3405 756 3456 ὀ
784 3401 1093 3470 ἅνθρωπος
1113 3398 1192 3463 τῷ
1213 3400 1394 3468 λόγῳ,
1419 3391 1465 3465 ᾧ
1493 3395 1661 3452 εἶπεν
1687 3399 1795 3452 αὺ-

225 3498 301 3563 τῷ
325 3502 358 3551 d
382 3495 652 3563 Ἰησοῦς,
675 3494 771 3548 καὶ
799 3493 1135 3560 ἐπορεύετο.
1179 3490 1332 3557 Ἤδη
1374 3490 1442 3542 δὲ
1479 3489 1667 3544 αὑτοῦ
1697 3506 1800 3542 κα-

224 3589 631 3651 ταϐαίνοντος,
673 3588 727 3639 oi
759 3583 968 3637 δοῦλοι
998 3581 1184 3636 αὐτοῦ
1212 3582 1576 3649 ἀπήντησαν
1615 3579 1796 3645 αὐτῷ,

224 3682 315 3734 καὶ
339 3679 718 3747 ἀπήγγειλαν
745 3675 1051 3744 λέγοντες,
1074 3674 1162 3727 ὅτι
1203 3676 1235 3727 ό
1261 3674 1390 3738 υἱός
1410 3689 1526 3726 σου
1566 3671 1655 3740 ζῇ.

295 3772 391 3824 Ἐν
418 3769 518 3822 τοῦ
544 3767 794 3836 Σωτῆρος
824 3765 1103 3834 ἐπίταγμα
1138 3764 1232 3816 δύο
1260 3762 1552 3833 θεραπεύει
1599 3762 1795 3831 ψυχάς.

224 3861 310 3930 Τῷ
347 3860 451 3911 μὲν
480 3857 588 3925 γὰρ
619 3853 880 3926 βασιλικῷ
913 3853 1012 3922 τὴν
1057 3851 1295 3921 ἀσυνήθη
1350 3851 1531 3903 πίστιν
1578 3850 1802 3920 ἐνεργά-

225 3951 394 4015 ζεται,
441 3947 673 4000 θανάτου
703 3946 760 3998 δὲ
796 3945 854 3997 τὸ
885 3943 1168 4014 μειράκιον
1215 3942 1425 4008 ὲξέλκει
1465 3942 1799 4012 σωματικοῦ.

224 4039 318 4105 Τίς
366 4041 429 4093 δὲ
475 4038 581 4109 πρὸ
626 4037 770 4099 τινος
821 4035 958 4098 ὅλως
985 4033 1269 4102 ὑγιάζεται
1301 4032 1535 4102 χαλεπὸν
1576 4035 1748 4086 εἰπεῖν
1785 4049 1799 4064 ο

224 4135 390 4202 ἄμφω
427 4130 556 4203 γὰρ,
583 4125 757 4200 οἶμαι,
787 4127 927 4180 κατὰ
968 4125 1164 4178 ταυτὸν
1208 4124 1526 4196 σύνδρομον,
1560 4129 1671 4187 τοῖς
1707 4122 1802 4176 τοῦ

224 4225 480 4296 Σωτῆρος
503 4221 660 4292 ἡμῶν
700 4218 1038 4288 ἐπιτάγμασι
1066 4220 1167 4288 τῆς
1194 4216 1350 4270 νόσου
1385 4216 1660 4285 λαϐούσης
1707 4215 1803 4285 τὴν

223 4313 392 4366 λύσιν.
433 4310 861 4379 Ἀπαγγέλλουσι
907 4306 962 4361 δὲ
990 4306 1089 4376 τὴν
1133 4305 1225 4358 τοῦ
1286 4305 1471 4368 παιδὸς
1508 4304 1803 4376 θεραπείαν

227 4403 572 4462 ὑπαντῶντες
597 4400 803 4452 οἰκέται
833 4397 991 4466 ὁμοῦ,
1045 4397 1140 4449 καλ⁸
1168 4395 1275 4448 τῶν
1307 4395 1466 4447 θείων
1497 4395 1803 4463 ἐπιταγμά-

1904 1947 2013 2003 Deo
2064 1948 2282 2016 quidem
2332 1949 2745 2003 convenientem
2783 1952 3043 2018 postulat,
3084 1952 3179 2006 sed
3215 1962 3272 2007 ut
3303 1954 3474 2010 Deum

1903 2043 2130 2112 implere
2191 2053 2394 2097 cuncta
2458 2044 2637 2115 ipsum
2700 2062 2810 2102 non
2867 2046 3168 2112 existimat,
3221 2045 3317 2100 sed
3372 2061 3476 2102 nec

1903 2142 2134 2188 mortem
2163 2143 2572 2204 superaturum,
2618 2138 2742 2194 licet
2767 2138 2880 2207 jam
2917 2139 3030 2192 fere
3073 2137 3348 2192 morituro
3391 2137 3477 2208 ip-

1903 2239 2022 2278 sum
2086 2227 2345 2296 opitulari
2411 2238 2630 2300 rogaret
2686 2249 2699 2285 :
2771 2229 3070 2300 incipiebat
3124 2229 3271 2284 enim
3333 2230 3475 2285 mori

1901 2331 2057 2386 puer.

1972 2406 2062 2470 IV,
2101 2407 2189 2462 50.
2252 2408 2393 2463 Dicit
2416 2411 2464 2463 ei
2488 2409 2683 2463 Jesus:
2717 2409 2877 2469 Vade.
2905 2413 3049 2482 filius
3083 2422 3201 2468 tuus
3226 2415 3366 2469 vivit.

1973 2498 2064 2553 Sic
2093 2501 2378 2570 oportebat
2412 2503 2723 2559 credentem
2763 2509 3065 2573 accedere,
3097 2507 3194 2562 sed
3225 2514 3474 2561 nostram

1901 2593 2236 2661 imperitiam
2279 2593 2535 2650 Christus
2591 2611 2696 2650 non
2748 2597 2953 2666 reiicit,
3004 2598 3136 2668 quin
3185 2607 3476 2669 peccantes

1901 2683 2062 2734 etiam
2104 2681 2380 2738 beneficiis
2410 2683 2592 2748 allicit,
2630 2693 2690 2738 ut
2733 2683 2897 2740 Deus.
2938 2685 3094 2751 Quod
3125 2686 3295 2754 igitur
3323 2685 3475 2740 laudi

1901 2782 2049 2827 esset
2082 2773 2312 2834 homini,
2346 2775 2390 2827 si
2421 2773 2643 2840 faceret,
2679 2775 2780 2828 hoc
2812 2775 2978 2828 etiam
3010 2791 3117 2830 non
3154 2775 3352 2832 fecisse
3375 2775 3476 2828 do-

1902 2875 1988 2918 cet
2071 2865 2232 2919 simul
2289 2867 2552 2920 virtutum
2608 2867 2866 2936 magister
2924 2875 2978 2922 et
3025 2867 3295 2921 bonorum
3352 2881 3476 2938 qua:

1903 2964 2164 3026 petuntur
2196 2957 2419 3025 largitor
2450 2958 2803 3014 constitutus.
2843 2956 2978 3010 Nam
3007 2957 3062 3012 in
3092 2973 3158 3013 eo
3183 2958 3333 3029 quod
3374 2959 3475 3025 ait,

1908 3067 1925 3097 ι
1957 3046 2128 3112 Vade,
2167 3068 2184 3099 ι
2218 3048 2351 3102 tides
2383 3057 2462 3102 est
2490 3066 2503 3114 ;
2533 3049 2585 3102 in
2618 3065 2682 3104 eo
2710 3065 2839 3103 vero
2865 3049 3011 3120 quod
3041 3049 3195 3114 dicit,
3250 3068 3269 3101 ι
3301 3049 3476 3105 Filius

1903 3147 2032 3194 tnns
2071 3139 2227 3203 vivit,
2269 3158 2287 3191 ι
2322 3141 2400 3193 rei
2442 3148 2641 3210 optatae
2673 3143 3079 3195 consummatio
3113 3157 3237 3196 cum
3271 3142 3476 3215 ingenti

1897 3229 2133 3298 quadam
2162 3237 2217 3284 et
2247 3229 2357 3284 Deo
2391 3230 2738 3285 convenienti
2771 3239 3042 3299 potestate
3069 3232 3266 3287 elucet.

1969 3402 2058 3470 IV,
2109 3403 2198 3468 50,
2233 3405 2319 3458 5i.
2358 3403 2598 3459 Credidit
2627 3407 2781 3461 homo
2812 3411 3043 3463 sermoni
3083 3426 3233 3480 quem
3264 3412 3399 3466 dixit
3423 3411 3475 3467 ei

1897 3493 2075 3557 Jesus,
2109 3503 2157 3547 et
2184 3494 2317 3546 ibat.
2349 3493 2474 3548 lam
2509 3504 2684 3548 autem
2729 3512 2788 3550 eo
2810 3497 3170 3561 descendente,
3220 3501 3353 3553 servi
3383 3515 3478 3554 oe-

1899 3596 2177 3639 currerunt
2219 3588 2288 3649 ei,
2339 3597 2389 3640 et
2429 3587 2826 3655 nuntiaverunt,
2872 3589 3123 3655 dicentes,
3165 3592 3290 3660 quia
3331 3593 3476 3661 ﬁlius

1897 3673 2009 3740 ejus
2049 3676 2257 3727 viveret.

1971 3763 2152 3818 Unum
2188 3766 2497 3821 Salvatoris
2534 3767 2849 3822 mandatum
2878 3768 3018 3824 duas
3052 3779 3213 3824 sanat
3237 3771 3474 3828 animas.

1902 3850 1961 3907 In
1996 3856 2190 3923 regulo
2231 3857 2436 3925 quippe
2482 3857 2760 3910 insolitam
2803 3858 2962 3911 fidem
3004 3866 3288 3927 operatur,
3326 3869 3380 3914 et
3409 3876 3477 3916 ex

1902 3959 2164 4014 corporea
2199 3953 2376 4000 morte
2399 3945 2870 4000 adolescentulum
2899 3949 3084 4017 eripit.
3125 3947 3256 4004 Uter
3291 3959 3475 4005 autem

1903 4037 2055 4106 prior
2112 4045 2338 4090 sanetur
2384 4035 2601 4090 difﬁcile
2652 4038 2798 4092 dictu
2823 4046 2938 4105 est;
2999 4040 3160 4094 ambo
3205 4041 3373 4102 enim,
3415 4049 3478 4094 ut

1902 4141 2048 4191 reor,
2081 4126 2271 4181 eodem
2300 4137 2545 4197 tempore
2568 4128 2875 4184 Salvatoris
2907 4132 3079 4184 nostri
3099 4131 3260 4200 jussu
3279 4132 3479 4186 morbo

1904 4221 2085 4274 soluto
2146 4221 2324 4274 sanati
2377 4220 2621 4276 fuerunt.
2677 4220 2833 4276 Servi
2888 4231 3066 4277 autem
3096 4231 3475 4290 occurrentes,

1904 4311 2056 4378 pueri
2098 4309 2434 4363 curationem
2469 4312 2795 4364 annuntiant
2833 4311 2989 4379 juxta
3022 4319 3076 4364 et
3113 4311 3282 4366 divini
3315 4328 3474 4367 man-

1904 4401 2016 4453 dati
2041 4402 2400 4465 celeritatem,
2425 4402 2645 4456 (Jhristo
2678 4402 2731 4456 id
2763 4403 2951 4471 utique
2974 4404 3152 4471 palam
3180 4405 3474 4460 ordinante

224 4510 332 4546 των
361 4489 847 4549 ἀπολευκαίνοντες
866 4486 965 4557 τὴν
979 4484 1209 4555 ὀξύτητα
1230 4499 1243 4514 ·
1269 4482 1540 4536 καὶτοῦτο
1563 4483 1628 4553 δὴ
1661 4485 1800 4553 μάλα

1905 4497 1958 4540 et
1989 4488 2264 4542 infirmum
2299 4490 2581 4543 dominum
2629 4490 2780 4544 illum
2809 4492 2923 4561 spei
2971 4502 3167 4548 eventu
3199 4495 3265 4548 ad
3315 4493 3472 4550 tidem

229 4583 416 4652 σαφῶς
442 4580 847 4651 οἰκονομοῦντος
871 4577 1129 4649 Χριστοῦ,
1163 4577 1257 4630 καὶ
1283 4575 1359 4646 τῷ
1391 4575 1529 4628 τέλει
1567 4577 1665 4646 τῆς
1718 4577 1803 4629 ἑλ-

229 4676 379 4739 πίδος
417 4674 555 4744 ταχὺ
603 4670 945 4742 βεϐαιοῦντος
978 4671 1059 4734 εἰς
1105 4669 1290 4722 πίστιν
1335 4666 1660 4720 ἀσθενοῦντα
1713 4669 1803 4720 τὸν

227 4766 524 4833 δεσπὼην.

1906 4580 2017 4633 cito
2055 4579 2432 4635 confirmante.

309 4857 595 4910 Ἐπύθετο
628 4849 740 4910 οὖν
759 4853 895 4920 παρ’
917 4852 1115 4907 αὐτῶν
1152 4850 1266 4917 τὴν
1292 4849 1473 4917 ὤραν,
1495 4850 1563 4904 ἐν
1592 4845 1631 4922 ᾖ
1658 4868 1800 4919 κομ-

1971 4833 2060 4902 ιν,
2111 4836 2298 4893 52-54.
2355 4836 2723 4911 Interrogabat
2764 4858 2885 4912 ergo
2931 4842 3118 4897 horam
3180 4842 3246 4896 ab
3288 4843 3362 4897 eis
3418 4842 3472 4896 in

229 4948 495 5015 ψότερον
540 4945 706 5013 ἔσχε.
754 4943 863 4996 Καὶ
890 4939 1062 4995 εἷπον
1089 4937 1246 5004 αὐτῷ
1299 4940 1420 5002 ὅτι,
1457 4938 1605 5004 Χθές
1644 4939 1800 5007 (ἦραν

1900 4944 2003 4996 qua
2033 4931 2218 4987 melius
2241 4931 2499 4987 habuerit.
2539 4932 2607 4988 Et
2633 4934 2878 4988 dixerunt
2909 4936 2956 4988 ei
3003 4935 3150 5004 quia,
3183 4935 3310 4988 Heri
3344 4933 3474 4988 liora

228 5037 492 5106 ἑϐδόμην
521 5035 756 5105 ἀφῆκεν
788 5033 974 5087 αὑτὸν
1015 5035 1046 5086 ό
1077 5032 1346 5099 πυρετός.
1394 5032 1580 5098 Ἔγνω
1625 5027 1739 5086 οὖν
1770 5035 1800 5084 ό

1909 5028 2129 5094 septima
2161 5025 2373 5094 reliquit
2434 5042 2553 5079 eum
2608 5024 2792 5092 febris.
2846 5023 3098 5093 Cognovit
3144 5023 3303 5092 205
3353 5039 3476 5093 ergo

230 5126 439 5194 Πατὴρ
457 5166 471 5189 ,
507 5125 598 5180 ὅτι
622 5126 692 5179 ἐν
708 5125 907 5190 ἐκείνῃ
935 5121 1007 5190 τῇ
1032 5121 1149 5188 ὥρᾳ
1173 5161 1187 5185 ,
1223 5121 1290 5174 ἐν
1316 5115 1356 5191 ᾗ
1389 5117 1558 5174 εἷπεν
1589 5121 1748 5186 αὐτῷ
1771 5124 1800 5172 d

1906 5128 2058 5186 pater
2100 5120 2224 5189 quia
2265 5118 2362 5171 illa
2407 5118 2538 5171 hora
2591 5126 2707 5170 erat
2759 5117 2815 5169 in
2867 5132 2970 5184 qua
3013 5114 3146 5166 dixit
3194 5114 3242 5166 ei
3277 5111 3476 5167 Iesus:

240 5214 498 5283 Ἰησοῦς,
527 5213 616 5267 ὅτι
648 5213 702 5265 '0
725 5213 854 5277 υἱός
886 5227 1001 5265 σου
1043 5207 1110 5276 ζῇ
1130 5225 1143 5238 '
1179 5209 1275 5262 καὶ
1310 5209 1672 5262 ἐπίστευσεν
1693 5211 1800 5261 αὑ·

1912 5208 2088 5262 Filius
2120 5218 2240 5261 tuus
2293 5208 2436 5262 vivit.
2491 5205 2558 5260 Et
2591 5205 2813 5260 credidit
2855 5205 2980 5272 ipse,
3023 5211 3071 5255 et
3121 5201 3308 5256 domus
3363 5201 3477 5269 ejus

230 5306 355 5372 τὸς,
379 5306 478 5358 καὶ
508 5305 548 5371 ἡ
564 5303 720 5358 οἰκία
745 5301 931 5355 αὑτοῦ
953 5301 1086 5367 ὅλη.
1115 5300 1295 5354 Τοῦτο
1319 5298 1503 5353 πάλιν
1523 5298 1800 5365 δεύτερον

1912 5310 2041 5354 tota.
2071 5299 2184 5355 Hoc
2215 5302 2404 5354 iterum
2443 5297 2726 5354 secundum
2751 5297 2957 5367 signum
2994 5295 3113 5362 fecit
3143 5291 3321 5357 Iesus,
3361 5309 3480 5347 cum

231 5396 487 5466 σημεῖον
520 5395 807 5462 ἐποίησεν
845 5396 877 5447 ὀ
918 5390 1152 5459 Ἰησοῦς
1188 5390 1382 5445 ἐλθὼν
1413 5392 1480 5443 ἐκ
1519 5389 1629 5456 τῆς
1671 5391 1806 5443 Ἰου-
1909 5395 2130 5448 venisset
2158 5412 2190 5446 α
2215 5393 2408 5448 ,Ιιιάτεα
2437 5393 2490 5446 in
2520 5390 2820 5445 σαιίιωαιη.

231 5488 408 5553 δαίας
434 5490 519 5550 εὶς
535 5486 651 5554 τὴν
668 5485 1021 5540 Γαλιλαίαν.
1978 5531 1982 5534 ,
3498 5533 3503 5541 ,

314 5579 773 5634 Ἀναπυνθάνεται
801 5579 898 5649 τὴν
923 5577 1070 5648 ὥραν
1102 5577 1201 5647 τῆς
1219 5578 1317 5630 ἐπὶ
1354 5576 1412 5629 τὸ
1441 5578 1685 5645 κρεῖττον
1713 5573 1800 5625 τοῦ

1984 5570 2312 5625 Sciscitatnr
2345 5583 2452 5638 qua
2487 5567 2623 5620 hora
2665 5572 2902 5635 aegrotus
2940 5564 3333 5618 convalescere
3368 5573 3482 5615 cce-

231 5672 514 5734 νοσοῦντος
562 5670 766 5740 ῥοπῆς,
824 5671 871 5720 εἰ
923 5668 1203 5737 συντρέχει
1245 5665 1555 5738 δοκιμάζων
1599 5664 1677 5733 τῷ
1707 5664 1800 5733 τῆς

1910 5671 2085 5732 perat,
2124 5669 2183 5715 ut
2235 5660 2551 5729 exploraret
2604 5671 2674 5710 an
2719 5660 3058 5709 momentum
3111 5653 3244 5710 illud
3291 5651 3485 5721 gratias

233 5763 456 5830 χάριτος
481 5761 673 5831 χρόνῳ.
720 5758 932 5828 Ἐπειδὴ
960 5758 1013 5810 δὲ
1039 5756 1210 5822 οὕτως
1235 5756 1378 5826 ἔχειν
1397 5797 1412 5820 ,
1440 5757 1533 5809 καὶ
1562 5755 1658 5825 οὐχ
1687 5755 1800 5807 ἑτέ-

1913 5753 2142 5823 tempori
2175 5757 2524 5822 congrueret.
2559 5746 2860 5819 Postquam
2889 5752 3072 5802 autem
3104 5745 3177 5800 Its
3219 5757 3331 5798 rem
3358 5753 3481 5798 esse
