4102 6554
600 402 705 458 555

1585 390 1643 444 S.
1673 385 1948 444 CYRILLI
1974 386 2448 442 ALEXANDRINI
2489 385 2815 442 ARCHIEP.

3736 387 3841 445 σεο

597 511 885 580 comperit,
908 523 1031 562 cum
1075 513 1186 560 tota
1216 504 1380 558 domo
1410 501 1673 567 salvator,
1704 500 1953 555 miraculi
1990 500 2164 553 virtu-

2273 515 2377 568 ρως
2408 496 2733 561 ἐδιδάσκετο,
2764 493 2994 559 σώζεται
3021 494 3259 561 πανοικὶ,
3284 495 3381 568 τὴν
3409 493 3505 549 τοῦ
3543 496 3842 569 παραδόξου

597 614 707 659 tem
766 602 986 657 Christo
1032 598 1316 659 tribuens,
1354 604 1408 649 et
1459 595 1747 662 quemdam
1807 591 1975 646 veluti
2024 592 2162 662 grati

599 693 768 749 animi
806 691 1061 750 fructum.
1097 685 1387 740 (irmiorem
1422 698 1617 753 nempe
1652 683 1835 747 (idem,
1867 682 2125 738 ederetis.

668 870 734 932 ν,
765 869 877 922 ί-ί.
915 867 1043 920 Post
1084 866 1193 919 hinc
1234 870 1348 916 erat
1388 862 1497 914 dies
1541 860 1703 927 festus
1742 857 2075 921 Judaorum,
2113 868 2165 911 et

602 956 835 1011 ascendit
868 955 1021 1009 Jesus
1072 951 1514 1020 Hierosolymam.
1550 948 1646 1001 Est
1692 959 1869 1001 autem
1906 947 2162 1000 Hieroso-

601 1051 757 1121 lymis
788 1047 1060 1116 probatica
1094 1044 1318 1113 piscina,
1339 1056 1456 1111 qua?
1479 1039 1878 1109 cognominatur
1909 1036 2167 1090 Hebraice

602 1137 911 1200 Bethsaida,
937 1138 1160 1205 quinque
1202 1134 1436 1202 porticus
1487 1131 1702 1184 habens.
1733 1128 1800 1182 In
1833 1129 1913 1181 his
1952 1127 2166 1197 jacebat

601 1231 885 1286 multitudo
935 1244 1126 1298 magna
1176 1226 1555 1295 languentium,
1611 1236 1890 1282 ramorum,
1949 1219 2164 1273 claudo-

604 1340 742 1388 rum,
762 1320 1058 1381 aridorum,
1079 1318 1491 1385 exspectantium
1519 1330 1669 1383 aqum
1695 1320 1913 1365 motum.
1934 1310 2166 1378 Angelus

600 1417 741 1470 enim
774 1413 987 1467 Domini
1018 1407 1361 1463 descendebat
1395 1404 1677 1459 secundum
1708 1411 1904 1468 tempus
1930 1401 1981 1453 in
2008 1400 2168 1468 pisci-

2263 590 2495 660 δύναμιν
2522 589 2743 651 ἀναθεὶς
2771 586 2848 657 τῷ
2867 587 3087 658 Σωτῆρι
3115 586 3356 659 Χριστῷ,
3385 587 3481 641 καὶ
3506 586 3698 659 ὥσπερ
3722 590 3846 644 τινὰ

2271 682 2365 749 τῆς
2411 680 2504 732 ἐπὶ
2543 679 2749 743 τούτοις
2787 678 3137 750 εὐχαριστίας
3181 679 3389 749 καρπθν
3433 679 3844 753 ἀσφαλεστέραν

2266 774 2560 843 προσάγων
2589 772 2687 842 τὴν
2720 772 2921 824 πίστιν.

2336 865 2497 918 Μετὰ
2527 864 2713 918 ταῦτα
2742 861 2822 934 ἦν
2845 863 2882 927 ἡ
2915 862 3090 931 ἑορτὴ
3117 861 3236 916 τῶν
3269 863 3591 929 Ἰουδαίων,
3618 862 3717 917 καὶ
3743 864 3846 918 ἀν-

2264 956 2370 1023 έϐη
2408 959 2441 1010 d
2495 957 2724 1023 Ἰησοῦς
2764 959 2851 1021 είς
2887 955 3287 1023 Ἰεροσόλυμα.
3331 957 3496 1009 Ἔστι
3523 954 3590 1009 δὲ
3624 956 3695 1009 ἐν
3720 956 3845 1021 τοῖς

2277 1048 2707 1115 Ἰεροσολύμοις
2749 1045 2846 1098 ἐπὶ
2874 1044 2949 1113 τῇ
2976 1043 3304 1113 προϐατικῇ
3340 1046 3762 1115 κολυμϐήθρα,
3804 1048 3843 1112 ἠ

2265 1138 2661 1207 ἐπιλεγομένη
2714 1136 3004 1205 Ἐϐραϊστί
3055 1136 3331 1203 Βηθεσόα
3352 1178 3367 1202 ,
3426 1135 3606 1190 πέντε
3656 1138 3846 1201 στοὰς

2266 1232 2517 1297 ἔχουσα.
2562 1232 2658 1284 Ἐν
2688 1230 2931 1293 ταύταις
2960 1228 3260 1282 κατέκειτο
3279 1226 3512 1294 πλῆθος
3544 1226 3705 1280 πολὺ
3727 1224 3845 1278 τῶν

2268 1322 2704 1385 ἀσθενούντων,
2732 1319 2998 1389 τυφλῶν,
3025 1318 3256 1388 χωλῶν,
3285 1318 3500 1387 ξηρῶν,
3528 1315 3845 1386 ἐκδεχομέ-

2266 1425 2391 1463 νων
2419 1410 2533 1478 τὴν
2570 1411 2676 1464 τοῦ
2706 1409 2923 1474 ὕδατος
2956 1409 3224 1478 κίνησιν.
3273 1409 3548 1479 Ἄγγελος
3588 1407 3697 1478 γὰρ
3728 1411 3844 1461 Κυ-

603 1519 746 1565 nant,
779 1511 826 1554 et
869 1496 1171 1551 movebatur
1201 1509 1359 1563 aqua.
1398 1491 1462 1544 Et
1515 1494 1603 1561 qui
1637 1492 1784 1561 prior
1814 1489 2166 1542 descendisset

2273 1501 2399 1566 ρίου
2432 1500 2580 1555 κατὰ
2609 1500 2814 1568 καιρὸν
2839 1499 3184 1553 κατέϐαινεν
3217 1498 3286 1552 ἐν
3333 1498 3408 1567 τῇ
3438 1498 3843 1566 κολυμϐήθρᾳ,

600 1597 656 1647 in
692 1593 951 1660 piscinam
1002 1593 1115 1654 post
1164 1584 1445 1637 motionem
1500 1598 1671 1651 aqum,
1714 1597 1876 1635 sanus
1926 1579 2084 1649 ﬁebat
2133 1596 2168 1632 a

598 1696 901 1753 quacunque
930 1675 1260 1732 detinebatur
1286 1675 1617 1744 inﬁrmitate.

2270 1590 2367 1643 καὶ
2391 1589 2689 1658 ἐτάρασσε
2716 1590 2780 1642 τὸ
2804 1589 2979 1656 ὕδωρ.
3007 1589 3062 1640 '0
3092 1584 3206 1642 οὖν
3236 1586 3463 1655 πρῶτος
3490 1587 3672 1654 ἐμϐὰς
3692 1587 3847 1655 μετὰ

2271 1682 2385 1749 τὴν
2405 1681 2673 1750 ταραχὴν
2698 1680 2805 1735 τοῦ
2828 1680 3066 1747 ὕδατος,
3091 1679 3268 1750 ὑγιὴς
3284 1678 3529 1749 ἐγίνετο,
3548 1677 3595 1743 ᾧ
3619 1677 3848 1744 δήποτε
3882 1716 3885 1717 ν

2270 1773 2575 1841 κατείχετο
2605 1772 2920 1840 νοσήματι.

666 1851 786 1905 Non
832 1858 1040 1905 temere
1088 1848 1284 1902 beatus
1333 1845 1673 1915 evangelista
1725 1845 2003 1915 praedictis
2035 1860 2167 1899 con-

2292 1846 2295 1851 I
2339 1864 2415 1917 οὐ
2444 1864 2620 1934 μάτην
2641 1862 2799 1925 εὐθὺς
2826 1862 3182 1916 ἐπισυνάπτει
3207 1863 3318 1924 τοῖς
3344 1860 3652 1933 εἰρημένοις
3673 1858 3704 1911 ὁ
3739 1876 3847 1927 μα-

596 1946 778 2015 jungit
819 1939 1122 1995 Salvatoris
1157 1940 1210 1991 in
1246 1938 1437 1991 urbem
1479 1935 1986 2006 Hierosolymorum
2042 1937 2170 1992 red-

602 2039 762 2101 itum;
787 2033 881 2089 sed
911 2031 959 2087 ei
990 2030 1334 2101 prOpositum
1362 2035 1479 2082 erat
1510 2026 1904 2090 ostendere,ut
1928 2026 2166 2094 videtur,

602 2134 870 2195 quantum
924 2122 1243 2190 alienigenae
1296 2117 1500 2172 Judwis
1550 2117 1842 2172 obediendi
1908 2117 2169 2173 facultate

601 2220 952 2288 praestarent,
992 2218 1047 2265 et
1088 2214 1296 2279 quanta
1345 2214 1667 2261 cerneretur
1703 2207 1757 2260 in
1789 2207 2042 2276 utrisque
2080 2206 2167 2260 iu-

602 2305 752 2378 genii
795 2320 857 2358 ac
888 2316 1102 2358 morum
1146 2296 1483 2353 did‘erentia.
1530 2295 1643 2352 lloc
1674 2297 1825 2353 enim
1868 2304 2031 2366 pacto
2080 2296 2170 2350 di-

602 2412 759 2454 scere
802 2393 1021 2451 licebat.
1054 2390 1206 2461 justo
1245 2388 1674 2458 cunctipotentis
1710 2386 1804 2442 Dei
1845 2385 2077 2455 judicio,
2114 2393 2169 2442 et

601 2501 895 2562 personam
949 2484 1201 2550 accipere
1233 2480 1537 2534 nescientis
1583 2476 1838 2533 Israelem
1885 2492 1979 2546 spe
2021 2477 2170 2532 exei-

602 2584 755 2647 dere,
792 2579 930 2634 etin
964 2576 1087 2646 ejus
1127 2575 1309 2627 locum
1350 2572 1592 2641 gentium
1638 2569 2045 2625 multitudinem
2084 2570 2171 2625 in-

601 2673 752 2728 duci.
781 2670 959 2724 Grave
1005 2672 1187 2721 autem
1219 2679 1329 2718 non
1357 2664 1462 2718 erit
1496 2662 1791 2717 collatione
1823 2663 2061 2731 capitum
2105 2676 2170 2717 ea

599 2774 722 2837 qua
745 2765 1006 2819 dicuntur
1028 2758 1355 2830 expendere.
1379 2753 1632 2811 Ostendit
1662 2754 1829 2825 igitur
1858 2755 2033 2823 ipsum
2062 2767 2171 2808 uno

600 2854 819 2925 quidem
850 2850 1125 2906 miraculo
1162 2846 1639 2901 Samaritanorum
1673 2843 1862 2899 urbem
1893 2857 2170 2909 servasse,

598 2947 710 3000 alio
757 2941 944 2998 itidem
998 2940 1152 2993 illum
1193 2938 1467 3008 regulum,
1498 2946 1554 2990 et
1602 2950 1701 3004 per
1738 2936 1872 2989 illud
1910 2934 2031 3004 ejus
2077 2936 2174 2991 do-

602 3037 718 3091 mui
749 3033 1035 3104 suppetias
1063 3029 1288 3084 omnino
1329 3028 1541 3083 tulisse.
1574 3026 1839 3082 Testatus
1867 3036 2049 3081 autem
2084 3026 2172 3081 his

604 3125 787 3182 verbis
835 3119 1314 3194 promptissimum
1360 3131 1487 3171 esse
1536 3116 1863 3186 alienigenis
1915 3117 1983 3170 ad
2035 3117 2168 3171 obe-

604 3216 864 3275 diendum
898 3211 1169 3273 studium,
1203 3222 1427 3263 rursum
1468 3205 1845 3278 Hierosolyma
1880 3207 2031 3261 illum
2070 3207 2173 3262 mi-

605 3308 919 3364 raculorum
969 3302 1239 3359 editorem
1291 3299 1540 3364 reducit,
1578 3309 1636 3353 et
1669 3314 1783 3353 rem
1821 3298 1933 3355 Deo
1970 3315 2173 3354 conve-

604 3400 844 3455 nientem
894 3394 1080 3449 facere
1132 3390 1395 3447 ostendit.
1434 3388 1745 3444 lnveterato
1788 3389 1934 3445 enim
1983 3390 2174 3445 morbo

606 3490 962 3564 paralyticum
1014 3484 1237 3549 liberat,
1266 3481 1428 3537 sicuti
1481 3479 1743 3534 nimirum
1786 3481 2173 3536 moribundum

605 3582 779 3654 reguli
813 3580 1010 3635 ﬁlium.
1042 3575 1151 3630 Sed
1179 3574 1268 3628 hic
1291 3587 1415 3626 cum
1442 3571 1700 3629 universa
1729 3571 1893 3628 domo
1916 3572 2172 3639 credidit,

606 3683 661 3729 et
713 3672 882 3727 Deum
944 3668 1234 3722 confessus
1292 3672 1380 3719 est
1426 3662 1616 3719 Jesum
1667 3683 1679 3719 :
1730 3665 1832 3726 illi,
1885 3680 2009 3718 cum
2049 3680 2173 3720 eum

606 3764 772 3836 203
819 3758 1082 3817 admirari
1138 3757 1421 3820 deberent,
1461 3758 1609 3810 illico
1644 3756 1710 3810 ad
1759 3754 1962 3810 caedem
2009 3756 2176 3826 depo-

606 3864 792 3919 scunt,
823 3862 877 3908 et
909 3848 1314 3906 benefactorem
1358 3863 1542 3910 suum,
1575 3862 1675 3901 ceu
1704 3847 1975 3916 iniquum,
2012 3848 2178 3917 impie

606 3951 1036 4017 persequuntur,
1068 3942 1172 4012 ipsi
1204 3956 1265 3997 se
1299 3941 1640 4010 turpissima:
1679 3942 1757 3995 rei
1803 3940 2175 3994 condemnan-

608 4049 713 4100 tes,
750 4050 845 4103 per
875 4047 1037 4103 quam
1071 4032 1506 4101 alienigenarum
1564 4030 1848 4099 sapientiae
1880 4037 1934 4083 et
1984 4029 2176 4100 pietati

608 4131 660 4182 in
696 4125 981 4183 Christum
1013 4124 1175 4193 longe
1200 4121 1491 4193 postpositi
1522 4121 1964 4190 comperiantur.
1998 4122 2177 4192 Atque

608 4222 711 4277 hoc
735 4228 821 4276 est
852 4224 1002 4274 certe
1027 4215 1172 4286 quod
1199 4216 1254 4269 in
1283 4213 1520 4269 Psalmis
1551 4212 1757 4266 dicitur
1782 4212 1857 4267 de
1888 4213 2020 4280 ipsis
2050 4227 2177 4266 ora-

607 4313 754 4367 tione
795 4309 864 4365 ad
918 4307 1204 4363 Dominum
1260 4303 1444 4359 Jesum
1487 4318 1756 4358 conversa
1792 4321 1805 4357 :
1846 4324 1865 4355 ι
1903 4304 2176 4370 Quoniam

606 4418 777 4474 pones
803 4416 900 4455 eos
935 4400 1164 4453 dorsum
1196 4397 1266 4450 ²¹.
1315 4415 1334 4448 ι
1372 4394 1508 4449 Nam
1534 4396 1628 4465 qui
1657 4396 1819 4466 primi
1845 4396 1919 4451 ob
1950 4397 2176 4452 electio-

2268 1953 2456 2025 κάριος
2504 1952 2894 2024 εὐαγγελιστὴς
2954 1953 3054 2023 τὴν
3091 1952 3338 2005 ἐντεῦθεν
3383 1954 3464 2014 είς
3499 1951 3847 2023 Ἰεροσόλυμα

2266 2045 2360 2098 τοῦ
2392 2046 2643 2116 Σωτῆρος
2668 2044 2922 2099 ἐπάνοδον
2943 2060 2957 2075 ·
2982 2043 3098 2098 ἀλλ’
3128 2039 3195 2114 ἧν
3224 2042 3393 2113 αὐτῷ,
3422 2043 3562 2097 κατά
3588 2042 3650 2094 τὸ
3675 2042 3848 2104 εἰκὸς,

2268 2136 2526 2200 ἐπιδείξαι
2560 2136 2759 2199 σκοπὸς
2781 2177 2794 2200 ,
2841 2137 2964 2189 ὅσον
2989 2136 3085 2204 μὲν
3124 2134 3380 2204 ἀμείνους
3412 2134 3489 2195 είς
3534 2131 3850 2184 εὐπείθειαν

2279 2225 2549 2277 Ἰουδαίων
2597 2225 2929 2293 ἀλλογενεῖς,
2972 2223 3113 2293 πόση
3145 2223 3202 2276 δέ
3235 2224 3293 2274 ἐν
3342 2223 3544 2291 ἀμφοῖν
3591 2218 3762 2285 ἒξεώς
3787 2236 3850 2271 τε
3892 2262 3895 2265 ,

2267 2315 2362 2369 καὶ
2393 2316 2610 2385 τρόπων
2644 2316 2837 2387 ὁρᾶται
2868 2314 3120 2384 διαφορά.
3169 2309 3278 2366 Ἦν
3322 2315 3432 2384 γὰρ
3464 2312 3636 2376 οὕτως
3674 2313 3850 2382 ἡμᾶς,

2268 2403 2363 2457 κα)⁵
2390 2404 2490 2472 οὐχ
2513 2403 2713 2474 ἑτέρως
2741 2402 3001 2473 ἐκμαθεῖν
3021 2442 3036 2466 ,
3063 2402 3146 2456 ὅτι
3165 2401 3329 2471 ψήφῳ
3357 2400 3541 2471 δικαίᾳ
3575 2400 3670 2453 τοῦ
3706 2400 3851 2453 πάν-

2266 2508 2376 2545 των
2439 2492 2764 2561 κρατοῦντος
2825 2491 2997 2556 Θεοῦ,
3052 2491 3146 2544 καὶ
3208 2489 3498 2562 ἀνθρώπου
3554 2490 3853 2561 πρόσωπον

2267 2584 2369 2635 οὐκ
2393 2582 2598 2644 εἰδότος
2623 2581 2828 2648 λαϐεῖν,
2862 2583 3160 2637 ἀποπίπτει
3193 2583 3290 2653 μὲν
3324 2582 3547 2645 εἰκότως
3570 2583 3669 2653 τῆς
3699 2583 3855 2636 ἐλπί·

2268 2673 2353 2735 δος
2376 2674 2404 2725 ό
2442 2672 2676 2745 Ἰσραήλ,
2704 2672 3188 2746 ἀντεισφέρεταιδέ
3222 2672 3329 2728 τῶν
3359 2672 3528 2727 ἐθνῶν
3559 2675 3592 2745 ἡ
3617 2673 3853 2746 πληθύς.

2270 2766 2519 2821 Χαλεπὸν
2548 2767 2606 2819 δέ
2636 2768 2785 2821 οὐδὲν
2821 2769 2886 2838 τῇ
2928 2767 3036 2820 τῶν
3074 2766 3385 2836 κεφαλαίων
3419 2768 3857 2838 ἀντιπαραθέσει

2273 2856 2707 2926 προσϐλέποντας
2736 2857 2833 2927 τὴν
2866 2856 2959 2909 ἐπὶ
2987 2858 3096 2918 τοῖς
3119 2856 3431 2926 λεγομένοις
3455 2856 3728 2910 ποιεῖσθαι
3766 2856 3857 2926 βάς

2275 2964 2453 3001 σανον.
2484 2947 2690 3012 Ἔδειξε
2714 2949 2891 3001 τοίνυν
2914 2947 3072 3000 αὐτὸν
3096 2946 3176 3000 ἑνὶ
3199 2946 3295 3016 μὲν
3315 2945 3523 3016 σημείῳ
3546 2946 3644 3015 τὴν
3664 2946 3856 3014 Σαμα-

2277 3039 2468 3110 ρειτῶν
2495 3038 2851 3093 ἀνασώσαντα
2891 3039 3044 3094 πόλιν
3065 3079 3079 3101 ,
3108 3037 3188 3089 ἐνὶ
3216 3036 3272 3089 δὲ
3298 3037 3558 3099 ὡσαύτως
3583 3037 3675 3089 τὸν
3705 3036 3858 3105 βασι-

2272 3129 2444 3197 λικὸν,
2470 3131 2564 3184 καὶ
2591 3131 2657 3183 δι’
2680 3131 2888 3184 ἐκείνου
2910 3131 3036 3192 τοὺς
3067 3131 3125 3181 ἐν
3150 3129 3287 3199 αὐτῇ
3316 3128 3532 3189 πάντως
3561 3128 3738 3196 δήπου
3761 3128 3857 3181 καὶ

2273 3218 2393 3273 λίαν
2423 3220 2768 3291 ὠφεληκότα.
2788 3221 3272 3292 Ἐπιμαρτυρήσας
3296 3219 3354 3272 δέ
3373 3218 3461 3272 διὰ
3483 3218 3689 3272 τούτων
3718 3219 3856 3273 πολὺ

2272 3313 2333 3366 τὸ
2363 3314 2651 3384 πρόχειρον
2686 3315 2798 3376 τοῖς
2837 3312 3179 3380 ἀλλογενέσιν
3212 3313 3292 3375 είς
3320 3310 3663 3371 εὐπείθειαν,
3720 3313 3858 3363 ἀνα-

2274 3402 2433 3472 φέρει
2499 3403 2661 3455 πάλιν
2706 3403 2785 3465 είς
2852 3401 3203 3472 Ἱεροσόλυμα
3260 3401 3352 3453 τὸν
3411 3398 3855 3469 θαυματουργδν,

2274 3495 2509 3565 πρᾶγμα
2535 3492 2590 3546 δὲ
2621 3492 2922 3565 θεοπρεπὲς
2951 3492 3300 3546 ἐπιτελοῦντα
3330 3491 3581 3545 δεικνύει.
3620 3490 3857 3543 Παλαισ-

2272 3584 2442 3654 τάτης
2474 3583 2582 3657 γὰρ
2614 3584 2933 3654 παραδόξως
2972 3582 3248 3655 ἐλευθεροῖ
3280 3582 3369 3634 τὸν
3409 3580 3728 3653 παραλύτην
3766 3581 3857 3633 νό-

2276 3691 2393 3738 σου,
2416 3674 2607 3745 ὥσπερ
2634 3671 2726 3728 οὖν
2745 3673 2937 3745 ἀμέλει
2967 3673 3299 3729 θανατοῦντα
3324 3672 3418 3726 τοῦ
3450 3671 3731 3743 βασιλικοῦ
3762 3670 3855 3724 τὸν

2275 3763 2425 3817 Υίόν.
2464 3763 2604 3816 Ἀλλ’
2635 3765 2665 3816 ό
2697 3764 2795 3835 μὲν
2821 3764 3109 3817 ἐπίστευσε
3138 3763 3358 3816 πανοικὶ
3378 3803 3393 3827 ,
3422 3764 3518 3815 καλ⁵
3540 3762 3675 3814 Θεὸν
3706 3761 3857 3831 ὡμο-

2274 3855 2423 3923 λόγει
2452 3854 2546 3909 τὸν
2568 3854 2800 3926 Ἰησοῦν·
2839 3856 2889 3909 oi
2914 3855 2991 3917 δὲ.
3017 3852 3493 3925 καταπλήττεσθαι
3515 3852 3655 3915 δέον,
3673 3851 3823 3922 φονῶ
3838 3880 3854 3891 ο

2279 3965 2362 4001 σιν
2386 3947 2546 4010 εὐθὺς
2568 3987 2583 4011 ,
2625 3947 2720 4000 καὶ
2744 3946 3001 4000 διώκουσι
3019 3944 3294 4007 δυσσεϐῶς
3330 3943 3405 4005 ὡς
3435 3941 3853 4014 παρανομοῦντα

2275 4037 2368 4089 τὸν
2388 4036 2702 4106 εὐεργέτην,
2722 4035 2877 4089 αὐτοὶ
2900 4032 3019 4089 καθ’
3045 4033 3254 4087 ἑαυτῶν
3282 4034 3380 4103 τὴν
3400 4033 3490 4084 ἐπὶ
3512 4034 3623 4092 τοῖς
3644 4031 3854 4100 αἰσχίο-

2279 4142 2364 4180 σιν
2397 4126 2670 4198 ὁρίζοντες
2706 4126 2914 4196 ψῆφον,
2962 4126 3028 4178 δι’
3059 4118 3136 4178 ὧν
3180 4124 3279 4193 τῆς
3315 4125 3371 4175 ἐν
3406 4125 3516 4187 τοῖς
3544 4122 3851 4190 ἀλλογενέσι

2280 4215 2563 4277 συνέσεως,
2582 4216 2678 4268 καὶ
2707 4215 2807 4283 τῆς
2836 4215 2916 4277 είς
2947 4214 3182 4285 Χριστὸν
3219 4212 3501 4275 εὐλαϐείας
3543 4212 3722 4264 ὀπίσω
3754 4226 3848 4264 πε-

2280 4307 2464 4370 σόντες
2500 4307 2832 4360 ἁλίσκονται.
2872 4307 2983 4360 Καὶ
3015 4304 3173 4359 τοῦτο
3190 4300 3259 4375 ἦν
3289 4305 3397 4376 ἄρα
3427 4304 3487 4357 τὸ
3514 4305 3641 4374 περὶ
3672 4302 3851 4357 αὐτῶν

2278 4400 2337 4453 ἐν
2367 4397 2618 4468 Ψαλμοῖς
2646 4397 2933 4469 είρημένον
2952 4436 2966 4459 ,
2994 4395 3070 4459 ὡς
3096 4396 3231 4467 πρὸς
3259 4396 3349 4449 τὸν
3374 4394 3575 4466 Κύριον
3611 4392 3846 4464 Ἰησοῦν·

607 4508 730 4548 nem
766 4502 979 4561 patrum
1036 4487 1329 4543 constituti
1377 4494 1529 4551 sunt,
1573 4486 1752 4540 ultimi
1786 4496 1842 4540 et
1892 4496 2016 4557 post
2047 4503 2170 4558 gen-

2285 4508 2303 4541 ι
2328 4490 2449 4543 ’Ότι
2479 4488 2667 4559 θήσεις
2709 4489 2907 4550 αὐτοὺς
2943 4487 3130 4542 νῶτον.
3170 4506 3189 4539 ι
3223 4488 3284 4540 Οἱ
3317 4485 3425 4555 γὰρ
3450 4484 3657 4555 πρῶτοι
3685 4501 3851 4537 κατα-

607 4585 743 4638 tinm
768 4579 1112 4635 vocationem
1162 4576 1388 4630 venient
1424 4592 1439 4629 :
1479 4594 1497 4627 ι
1546 4575 1684 4630 Cum
1714 4577 1860 4632 enim
1891 4578 2175 4648 plenitudo

604 4673 851 4748 gentium
919 4669 1239 4730 intraverit,
1301 4676 1431 4722 tunc
1499 4670 1681 4722 omnis
1756 4668 1925 4724 Israel
1988 4672 2174 4727 salvus

607 4771 699 4824 liet
736 4769 804 4819 ".
848 4784 866 4817 ι
928 4763 1085 4818 Hunc
1137 4762 1295 4817 nobis
1365 4761 1891 4829 contemplationum
1946 4779 2171 4834 scopum

608 4860 750 4930 parit
780 4855 1085 4911 concinnus
1123 4853 1214 4907 ille
1249 4852 1489 4921 capitum
1522 4851 1660 4905 ordo
1692 4865 1758 4905 ac
1804 4867 2112 4910 consensus
2155 4873 2168 4910 :

520 4948 527 4955 ’
605 4947 880 5019 sigillatim
939 4958 1068 4999 vero
1116 4941 1518 4997 versiculorum
1573 4942 1902 4997 sententiam
1969 4960 2171 5000 exuen-

604 5040 822 5096 demus.

673 5217 741 5283 ν,
766 5219 819 5284 5,
844 5217 897 5274 6.
942 5216 1074 5271 Erat
1113 5226 1286 5271 autem
1327 5214 1543 5286 quidam
1584 5215 1739 5271 homo
1770 5216 1841 5270 ibi
1883 5219 2099 5289 triginta
2124 5229 2173 5273 et

604 5319 720 5362 octo
750 5324 913 5361 annos
951 5308 1144 5361 habens
1184 5309 1238 5360 in
1274 5308 1587 5375 inﬁrmitate
1612 5324 1734 5361 sua.
1765 5307 1919 5362 Hunc
1955 5327 2073 5363 cum
2103 5313 2173 5364 vi-

602 5399 769 5452 disset
796 5396 951 5452 Jesus
986 5398 1270 5467 jacentem,
1293 5408 1343 5452 et
1383 5415 1502 5452 cum
1542 5401 1867 5469 cognovisset
1898 5403 2020 5469 quia
2051 5403 2167 5472 jam

602 5487 825 5541 multum
858 5498 1054 5554 tempus
1094 5486 1327 5541 haberet.

669 5577 996 5647 Azymorum
1055 5576 1193 5631 festo
1243 5590 1275 5629 a
1331 5573 1536 5630 Judaeis
1589 5577 1888 5644 celebrato,
1944 5580 1998 5633 in
2056 5595 2167 5651 quo

669 5753 711 5786 ¹¹
765 5753 908 5812 Psal.
945 5770 1034 5819 xx,
1064 5754 1149 5808 l5.
1227 5752 1272 5780 “
1301 5748 1455 5805 Rom.
1491 5765 1568 5815 ιι,
1604 5750 1696 5817 25,
1730 5751 1821 5804 ‘26.

2276 4580 2597 4651 τεταγμένοι
2635 4580 2726 4634 διά
2749 4580 2847 4651 τὴν
2872 4578 2982 4631 τῶν
3016 4576 3266 4648 πατέριον
3296 4574 3572 4646 ὲπιλογὴν,
3610 4573 3847 4645 ὕστεροι.

2275 4676 2371 4727 καὶ
2414 4673 2646 4727 κατόπιν
2690 4672 2792 4743 τῆς
2845 4672 2955 4723 τῶν
3003 4670 3171 4723 ἐθνῶν
3208 4667 3513 4738 βαδιοῦνται
3563 4666 3845 4736 κλήσεως’

2281 4766 2478 4819 «Ὅταν
2505 4765 2612 4836 γὰρ
2633 4765 2695 4817 τὸ
2718 4763 2987 4835 πλήρωμα
3009 4762 3114 4815 τῶν
3136 4760 3305 4813 ἐθνῶν
3330 4760 3563 4832 εἰσέλθῃ,
3594 4759 3718 4810 τότε
3746 4760 3850 4819 πᾶς

2286 4854 2501 4923 Ἰσραὴλ
2532 4854 2860 4925 σωθήσεται·
2900 4871 2918 4904 ι
2948 4851 3137 4904 τοῦτον
3178 4851 3309 4920 ἡμῖν
3342 4848 3450 4901 τῶν
3475 4847 3849 4917 θεωρημάτων

2276 4944 2454 4998 ὠδίνει
2486 4944 2578 4998 τὸν
2611 4942 2811 4997 σκοπὸν
2851 4946 2951 5013 τῆς
2995 4942 3101 4996 τῶν
3138 4939 3449 5008 κεφαλαίων
3497 4937 3773 5007 συνθήκης
3813 4937 3849 5004 ή

2283 5036 2554 5108 εὔρυθμος
2581 5036 2762 5100 τάξις·
2804 5033 3145 5104 ποιησόμεθα
3169 5033 3228 5085 δὲ
3261 5030 3403 5084 κατά
3435 5030 3599 5101 μέρος
3628 5030 3726 5082 καὶ⁸
3753 5029 3847 5098 τῆς

2281 5129 2338 5182 ἐν
2362 5131 2473 5191 τοῖς
2494 5127 2695 5197 στίχοις
2716 5126 2955 5188 διανοίας
2979 5123 3177 5195 ἀκριϐῆ
3203 5121 3299 5192 τὴν
3320 5122 3566 5190 ζήτησιν.

2348 5216 2461 5274 Ἦν
2482 5218 2550 5271 δέ
2598 5235 2690 5284 τις
2714 5217 3024 5285 ἅνθρωπος
3058 5214 3186 5267 ἐκεῖ
3216 5212 3529 5281 τριάκοντα
3558 5209 3658 5262 καὶ
3700 5206 3848 5260 ὀκτὼ

2275 5311 2378 5377 ἔτη
2410 5308 2568 5379 ἔχων
2597 5309 2668 5362 ἐν
2714 5306 2787 5376 τῇ
2820 5306 3105 5372 ἀσθενείᾳ
3145 5300 3352 5358 αὐτοῦ.
3403 5300 3623 5355 Τοῦτον
3651 5298 3790 5351 ἰδὼν
3811 5299 3847 5350 ό

2287 5402 2519 5468 Ἰησοῦς
2546 5400 2975 5469 κατακείμενον
2993 5436 3009 5462 ,
3048 5395 3147 5449 καὶ
3170 5393 3355 5464 γνοὺς
3384 5391 3473 5445 ὅτι
3502 5389 3707 5443 πολὺν
3729 5387 3845 5456 ἤδη

2274 5492 2498 5561 χρόνον
2524 5488 2555 5542 ἕ
2558 5506 2668 5557 χει.

2344 5579 2455 5652 Τὴν
2494 5579 2586 5634 ἐπὶ
2628 5580 2741 5643 τοῖς
2779 5577 3011 5650 ἀζύμοις
3038 5573 3228 5648 ἑορτὴν
3267 5569 3697 5627 ἐπιτελεσάντων
3742 5568 3844 5621 τῶν
