4102 6524
219 436 311 494 557

1206 433 1271 498 ΙΝ
1293 432 1579 495 ΙΟΑΝΝΙΒ
1628 432 2081 503 EVANGELIUM
2132 434 2258 492 LIB.
2312 436 2370 493 11.

3330 431 3433 486 558

226 544 505 611 Ἰουδαίων,
545 545 602 598 ὲν
710 544 804 599 καὶ
842 546 904 601 τὸ
951 547 1222 619 πρόϐατον
1250 547 1621 617 ἀποσφάττειν
1649 546 1761 609 ἔθος

1870 546 2040 601 moris
2087 556 2206 602 erat
2260 547 2404 619 apud
2452 562 2548 604 eos
2598 547 2823 605 Paschte
2876 547 3136 603 nimirum
3190 552 3437 615 tempore

215 642 401 704 αὐτοῖς,
431 638 569 691 κατά
594 637 683 690 τὸν
707 638 800 693 τοῦ
825 639 1015 709 Πάσχα
1033 639 1276 709 δηλονότι
1308 638 1519 709 καιρὸν,
1541 637 1766 708 ἀπαίρει

218 732 304 802 μὲν
327 730 419 798 τῆς
465 730 842 801 Ἰερουσαλὴμ,
884 732 1250 802 Σαμαρείταις
1311 731 1367 784 δὲ
1403 732 1500 785 καὶ
1542 730 1766 800 ἀλλογε-

215 822 348 874 νέσιν
376 822 403 873 ό
441 822 670 890 Χριστὸς
705 822 1058 893 ἐπιμίσγεται
1077 865 1093 890 ,
1132 824 1224 878 καὶ
1253 824 1489 878 διδάσκει
1518 825 1646 894 παρ’
1671 823 1768 877 αὑ-

212 915 334 976 τοῖς,
362 912 450 964 ἐπὶ
475 914 593 975 ταῖς
622 913 728 965 τῶν
757 914 1064 986 Φαρισαίων
1092 915 1441 986 δυστροπίαις
1464 913 1767 985 λελυπημέ-

214 1017 309 1064 νος.
362 1001 758 1072 ’Υπονοστήσας
803 1003 859 1056 δὲ
911 1002 1064 1073 μόλις
1105 1004 1245 1057 κατά
1298 1004 1389 1057 τὸν
1440 1004 1627 1075 καιρὸν
1668 1003 1767 1075 τῆς

215 1087 362 1155 ἁγίας
383 1088 774 1159 Πεντηκοστῆς,
811 1088 949 1161 αῦτη
979 1090 1089 1162 γὰρ
1111 1088 1178 1162 ἦν
1203 1091 1419 1162 ἑφεξῆς,
1454 1094 1548 1145 καὶ
1571 1091 1765 1160 γείτων

213 1178 264 1229 ἑν
306 1177 411 1238 τοῖς
464 1175 854 1249 Ἰεροσολύμοις
905 1182 940 1250 ἡ
994 1182 1327 1252 πανήγυρις,
1377 1183 1470 1236 ἐπὶ
1516 1184 1627 1245 τοῖς
1665 1181 1767 1252 τῆς

213 1263 573 1336 κολυμϐήθρας
609 1266 764 1322 ὕδασι
812 1268 1021 1336 ὑγιάζει
1058 1270 1147 1323 τὸν
1178 1270 1516 1341 παράλυτον,
1556 1272 1765 1343 μακρὸν

215 1355 303 1423 μὲν
345 1356 400 1407 έν
434 1357 714 1429 ἀρρωστίᾳ
744 1358 1127 1429 δαπανήσαντα
1174 1360 1362 1429 χρόνον
1420 1356 1519 1430 (ἦν
1545 1362 1654 1433 γὰρ
1698 1361 1761 1433 δὴ

211 1444 294 1497 καὶ
316 1444 493 1512 ὃγδοον
525 1446 643 1511 ἔτος
667 1448 757 1502 ἐπὶ
788 1448 1091 1520 τριακοστῷ
1113 1451 1154 1519 ),
1179 1450 1316 1521 πλὴν
1339 1450 1491 1504 οὔπω
1509 1450 1645 1522 πρὸς
1672 1451 1765 1505 τὸν

211 1536 268 1587 ἐκ
298 1535 453 1604 νόμου
496 1536 698 1591 τέλειον
729 1539 955 1609 ἀριθμὸν
993 1540 1401 1611 ἀναϐεϐηκότα,
1458 1541 1600 1612 φημὶ
1623 1540 1678 1594 δὲ
1699 1540 1763 1614 δὴ

209 1625 290 1677 τὸν
310 1626 370 1678 ὲκ
397 1624 533 1681 δέκα
562 1630 834 1698 τετράκις,
860 1632 977 1700 ήτοι
999 1631 1448 1701 τεσσαρακοστὸν.
1474 1631 1532 1684 ὐ
1556 1631 1654 1703 μὲν
1672 1628 1763 1688 οὖν

207 1714 295 1784 τῆς
321 1715 555 1786 ἱστορίας
584 1719 711 1788 ἡμῖν
736 1719 796 1771 ὲν
816 1719 1025 1783 τούτοις
1048 1720 1341 1774 καταλύσει
1362 1721 1537 1788 λόγος.
1581 1722 1765 1775 Μετα-

207 1805 518 1858 σκευαστέον
543 1806 600 1860 δὲ
616 1808 776 1862 πάλιν
799 1812 878 1874 είς
896 1810 1128 1882 Θεωρίαν
1154 1810 1527 1882 πνευματικήν
1547 1810 1635 1864 τὸν
1656 1811 1764 1865 ἀπὸ

1870 650 2068 705 agnum
2119 636 2283 690 etiam
2333 637 2604 701 occidere,
2635 637 2868 692 discedit
2918 636 3135 707 quidem
3183 634 3437 689 Hieroso-

1869 726 2054 796 lymis,
2087 734 2141 781 et
2175 741 2300 780 cum
2338 725 2701 784 Samaritanis
2732 737 2785 783 et
2821 729 3145 797 alienigenis
3181 727 3436 787 Christus

1866 826 2140 884 versatur,
2190 818 2462 888 docetque
2512 821 2654 891 apud
2702 837 2821 886 eos,
2860 821 3264 880 Pharisamrum
3317 838 3437 892 per-

1866 909 2129 964 versitate
2197 908 2463 966 oﬁ‘ensus.
2516 910 2760 967 Tandem
2819 928 2950 967 vero
3010 914 3158 966 circa
3222 920 3436 981 tempus

1868 1008 2076 1054 sanctae
2130 1000 2485 1058 Pentecosws
2543 1018 2830 1066 reversus,
2883 1004 2987 1058 hoc
3035 1006 3179 1059 enim
3236 1004 3434 1058 festum

1868 1089 2268 1164 Hierosolymis
2307 1105 2432 1164 post
2478 1094 2614 1147 illud
2649 1095 2897 1164 proxime
2931 1093 3333 1153 celebrabatur,
3369 1092 3433 1143 ad

1866 1192 2040 1248 aquas
2081 1183 2308 1250 piscinae
2356 1184 2713 1254 paralyticum
2760 1190 2942 1249 sanat,
2970 1183 3061 1252 qui
3112 1182 3274 1251 longo
3324 1182 3435 1251 jam

1865 1275 2115 1339 tempore
2152 1271 2206 1325 in
2245 1272 2566 1326 inﬁrmitate
2601 1272 2946 1326 detinebatur
2978 1270 3263 1339 (agebatur
3290 1267 3435 1319 cnim

1865 1367 2092 1415 octavus
2156 1376 2335 1417 annus
2408 1376 2574 1430 supra
2637 1360 3024 1431 trigesimum),
3064 1366 3437 1413 verumtamen

1865 1450 2108 1504 nondum
2149 1451 2217 1505 ad
2272 1468 2558 1506 numerum
2610 1468 2674 1507 ex
2724 1452 2838 1521 lege
2882 1450 3184 1521 perfectum
3244 1462 3437 1518 perve-

1864 1549 2043 1607 nerat,
2072 1542 2332 1596 nimirum
2366 1544 2459 1613 qui
2495 1551 2691 1613 quater
2718 1543 2901 1597 decies
2943 1546 3288 1606 numeratur,
3321 1538 3438 1592 sivo

1863 1629 2372 1701 quadragesimum.
2437 1632 2610 1703 Igitur
2676 1633 2923 1687 historiae
2999 1631 3219 1701 quidem
3295 1630 3438 1681 ratio

1866 1720 2153 1775 hactenus.
2188 1721 2632 1778 Transferendus
2678 1730 2761 1777 est
2818 1731 3001 1777 autem
3052 1722 3128 1774 rei
3171 1728 3334 1791 typus
3368 1714 3435 1771 ad

1864 1811 2167 1882 spiritalem
2198 1814 2741 1882 contemplationem.
2762 1811 2953 1867 Jesum
2985 1813 3128 1867 enim
3166 1810 3434 1864 offensum

205 1895 289 1950 τοῦ
316 1895 637 1966 πράγματος
667 1898 857 1955 τύπον.
892 1901 965 1954 Τὸ
1001 1901 1100 1971 μὲν
1139 1901 1247 1973 γάρ
1274 1902 1374 1972 τῆς
1409 1901 1761 1974 Ἰερουσαλὴμ

1865 1901 2153 1958 discedere
2204 1901 2601 1975 Hierosolymis
2646 1910 2771 1971 post
2812 1903 2939 1973 agni
2995 1901 3345 1965 occisionem,
3382 1909 3438 1954 et

203 1986 558 2056 λελυπημένον
587 1989 988 2044 ἀπανίστασθαι
1014 1992 1105 2046 τὸν
1137 1992 1344 2062 Ἰησοῦν
1379 1992 1518 2063 μετά
1541 1994 1638 2067 τήν
1667 1993 1760 2047 τοῦ

203 2077 455 2146 προϐάτου
495 2080 745 2149 σφαγήν
798 2080 1164 2151 Σαμαρείταις
1200 2083 1290 2145 δὲ,
1338 2085 1433 2136 καὶ
1464 2083 1763 2153 Γαλιλαίοις

203 2169 468 2237 ἑπιφοιτᾷν
490 2210 504 2231 ,
541 2169 637 2221 καὶ
665 2171 755 2223 τὸν
783 2171 1047 2242 σωτήριον
1083 2173 1313 2236 ἐκείνοις
1353 2173 1642 2244 κηρύττειν
1671 2174 1762 2227 λό-

204 2274 308 2325 γον,
339 2256 389 2310 τί
413 2257 477 2311 ἂν
505 2258 752 2329 βούλοιτο
781 2262 1065 2331 σημαίνειν
1103 2263 1197 2318 ἓτε
1210 2280 1320 2335 ρον,
1348 2264 1381 2333 ἦ
1411 2264 1508 2336 τὴν
1532 2265 1763 2336 γενομέ-

204 2364 290 2417 νην
324 2349 385 2401 ὲκ
424 2349 533 2401 τῶν
575 2351 843 2404 Ἰουδαίων
864 2353 1207 2425 ἀναχώρησιν
1242 2353 1405 2408 αὑτοῦ
1432 2395 1447 2417 ,
1499 2353 1635 2424 μετά
1664 2358 1762 2426 την

204 2440 255 2492 ὲν
276 2439 378 2505 τοῖς
416 2439 814 2510 Ἰεροσολύμοις
860 2444 952 2495 ἐπὶ
985 2443 1062 2513 τῷ
1090 2444 1251 2515 τιμίῳ
1287 2445 1505 2517 σταυρῷ
1550 2447 1763 2517 σφαγήν

202 2546 255 2582 τε
275 2530 359 2582 καὶ
386 2528 639 2596 θάνατον,
667 2534 754 2586 ὅτε
784 2534 848 2602 δὴ
872 2534 963 2587 καὶ
985 2538 1101 2600 τοῖς
1124 2537 1181 2603 ἐξ
1212 2537 1377 2590 ἐθνῶν
1398 2554 1457 2590 τε
1488 2539 1580 2590 καὶ
1608 2538 1762 2591 ἀλλο⁴

202 2620 395 2689 γενέσιν
436 2624 750 2693 ἐχαρίζετο,
797 2625 1085 2695 δηλοῦσθαι
1138 2627 1372 2680 κελεύων
1416 2631 1526 2692 τοῖς
1571 2628 1762 2681 ἑαυτοῦ

204 2709 451 2778 μαθηταῖς
484 2713 629 2782 μετά
670 2713 768 2785 τὴν
801 2715 865 2768 ἐκ
896 2717 1104 2785 νεκρῶν
1134 2718 1453 2780 ἀναϐίωσιν,
1502 2719 1583 2771 ὅτι
1633 2736 1768 2790 προ-

202 2800 311 2869 άγει
338 2802 543 2869 πάντας
573 2805 655 2869 εἰς
684 2806 784 2875 τὴν
814 2807 1121 2863 Γαλιλαίαν.
1171 2809 1244 2862 Τὸ
1273 2810 1329 2862 δὲ
1365 2810 1459 2862 ἐπὶ
1483 2810 1628 2863 τέλει
1654 2810 1767 2865 τῶν

202 2893 485 2963 ἑϐδομάδων
524 2897 633 2966 τῆς
662 2898 822 2963 ἀγίας
857 2900 1232 2970 Πεντηκοστῆς
1266 2899 1645 2972 παλινδρομεῖν
1670 2901 1765 2954 αὑο

200 2984 283 3037 τὸν
315 2986 391 3049 είς
422 2986 791 3060 Ἰεροσόλυμα,
828 2990 1077 3062 καθάπερ
1099 2993 1155 3043 ὲν
1180 2990 1371 3054 τύποις
1403 2992 1497 3045 καὶ
1522 2992 1769 3061 αἰνίγμα-

204 3091 279 3127 οιν
300 3076 582 3145 ὑποφαίνει
618 3080 778 3133 πάλιν
809 3080 906 3151 τὴν
929 3080 1193 3151 ἐσομένην
1224 3083 1303 3145 εἰς
1346 3081 1632 3146 Ἰουδαίους
1667 3082 1768 3153 τῆς

1866 2009 1991 2047 cum
2024 1992 2393 2050 Samaritanis
2423 2005 2477 2050 et
2504 1994 2742 2050 Galilazis
2768 1995 3001 2058 versari,
3035 1993 3437 2063 salutaremque

1865 2082 2173 2138 doctrinam
2226 2085 2306 2140 eis
2361 2085 2683 2159 praedicare,
2734 2084 2864 2155 quid
2926 2083 3073 2137 aliud
3130 2084 3235 2137 sibi
3283 2084 3434 2146 velit,

1865 2190 2029 2247 quam
2068 2191 2191 2229 eum
2229 2178 2527 2233 recessisse
2557 2192 2586 2230 a
2616 2176 2820 2232 ludatis
2850 2187 3141 2245 postquam
3186 2176 3238 2228 in
3272 2188 3438 2229 cruce

1866 2266 2186 2321 immolatus
2214 2277 2299 2321 est
2328 2283 2390 2321 ac
2415 2275 2685 2330 mortuus,
2711 2268 2928 2336 quando
2959 2265 3216 2318 nimirum
3254 2264 3435 2334 genti-

1866 2357 2010 2417 libus
2045 2367 2099 2412 et
2154 2359 2479 2429 alienigenis
2525 2361 2755 2428 gratiam
2798 2360 3029 2427 largitus
3087 2363 3193 2419 est,
3236 2355 3436 2425 jubens

1865 2448 2134 2503 declarari
2167 2450 2287 2506 suis
2316 2449 2609 2519 discipulis
2652 2465 2711 2505 se
2747 2458 2871 2520 post
2902 2447 3364 2502 resurrectionem
3405 2461 3437 2498 a

1867 2539 2099 2593 mortuis
2155 2556 2556 2609 praecessurum
2604 2556 2794 2596 onmes
2846 2542 2899 2596 in
2936 2538 3249 2595 Galilaram?
3281 2537 3437 2604 Quod

1867 2640 2049 2686 autem
2088 2633 2192 2688 sub
2220 2633 2381 2687 ﬁnem
2428 2633 2825 2687 hebdomadum
2863 2633 3022 2702 207
3055 2639 3264 2688 sancta:
3294 2630 3435 2684 Pen-

1867 2729 2104 2777 tecostes
2135 2722 2249 2792 ipse
2284 2724 2579 2777 revertitur
2617 2722 3079 2794 Hierosolymam,
3118 2723 3350 2793 figurate
3384 2729 3438 2775 et

1866 2811 2213 2881 terrigmatice
2245 2828 2469 2869 rursum
2513 2813 2784 2884 signiﬁcat
2832 2812 3071 2867 futuram
3107 2813 3280 2866 nostri
3314 2809 3435 2864 Sal-

1869 2903 2076 2957 vatoris
2100 2904 2168 2957 ad
2191 2902 2408 2958 Judreos
2433 2918 2530 2974 pro
2552 2918 2648 2958 sua
2679 2903 3012 2973 benignitate
3028 2916 3156 2971 erga
3188 2899 3437 2955 homines

1867 2994 2233 3049 reversionem
2273 2994 2480 3048 ultimis
2520 2994 2805 3063 praesentis
2830 2993 2933 3048 arvi
2988 2991 3349 3060 temporibus.
3381 2991 3435 3044 in

1867 3100 1978 3157 quo
2017 3101 2119 3143 nos
2149 3086 2342 3140 salvati
2379 3101 2476 3156 per
2504 3087 2660 3141 ﬁdem
2691 3087 2746 3139 in
2779 3086 2983 3154 ipsum,
3016 3084 3279 3138 salutaris
3300 3098 3430 3152 pas-

203 3166 286 3219 τοῦ
315 3168 564 3238 Σωτῆρος
591 3170 750 3240 ήμῶν
780 3173 844 3224 ὲκ
885 3161 1293 3241 φιλανθρωπίας
1334 3171 1682 3242 ὑποστροφὴν
1710 3173 1761 3223 έν

1869 3177 2043 3233 sionis
2077 3178 2430 3233 sanctissima
2485 3177 2619 3232 festa
2669 3177 3031 3231 celebramus.
3065 3174 3218 3240 Quod
3255 3182 3436 3228 autem

203 3256 429 3325 ἐσχάτοις
452 3258 547 3311 τοῦ
578 3260 845 3330 παρόντος
879 3260 1072 3325 αἰῶνος
1103 3264 1336 3331 καιροῖς,
1370 3261 1490 3314 καθ’
1521 3262 1689 3332 ὅνπερ
1714 3269 1761 3314 οι

1868 3268 2204 3340 paralyticus
2229 3278 2358 3325 ante
2386 3278 2601 3338 tempus
2626 3284 2689 3323 ex
2716 3269 2831 3337 lege
2860 3265 3159 3337 perfectum
3184 3275 3435 3326 sanatur,

201 3343 278 3397 διὰ
302 3345 395 3415 τῆς
425 3348 503 3409 εἰς
539 3347 707 3401 αὑτὸν
741 3348 1180 3420 ἀνασεσωσμένοι
1230 3351 1463 3414 πίστεως
1485 3390 1499 3414 ,
1550 3350 1647 3415 τάς
1672 3352 1761 3405 ἐπὶ

1864 3360 2039 3429 typice
2104 3375 2324 3415 rursum
2390 3360 2646 3415 lsraelcm
2706 3358 2983 3429 signiﬁcat
3037 3357 3091 3411 in
3154 3356 3436 3412 Christum

200 3436 268 3503 τῷ
297 3440 542 3508 σωτηρίῳ
592 3440 753 3495 πάθει
789 3441 1127 3511 πανσέμνους
1166 3442 1517 3513 ἐπιτελοῦμεν
1545 3442 1760 3513 έορτάς.

1858 3450 2028 3520 impie
2067 3450 2491 3513 debacchatum,
2532 3451 2585 3505 in
2624 3448 2945 3505 inﬁrmitate
2984 3449 3205 3519 quidem
3243 3448 3434 3503 deten-

203 3526 267 3581 Τό
290 3529 342 3581 δὲ
374 3530 777 3602 θεραπεύεσθαι
814 3533 904 3586 τὸν
936 3532 1243 3603 παράλυτον
1288 3532 1396 3604 πρὸ
1440 3533 1632 3606 καιροῦ
1660 3534 1759 3589 τοῦ

1864 3552 1969 3596 tum
1995 3541 2083 3605 iri,
2113 3550 2168 3596 et
2204 3541 2565 3613 paralyticum
2603 3540 2883 3609 multoque
2923 3548 3169 3609 tempore
3198 3540 3434 3593 inertem

201 3619 327 3673 κατά
367 3620 531 3691 νόμον
569 3622 810 3688 τελείου,
852 3623 1105 3693 σημαίνει
1150 3622 1310 3677 πάλιν
1353 3624 1429 3688 ὡς
1461 3624 1550 3678 διὰ
1583 3626 1756 3679 τύπου

201 3709 282 3763 τοῦ
329 3713 779 3783 συμϐεϐηκότος,
836 3716 918 3768 ὅτι
958 3713 1229 3777 δυσσεϐῶς
1277 3715 1687 3787 ὲμπαροινήσας
1732 3719 1760 3770 ό

212 3800 406 3872 Ἰσραὴλ
436 3803 515 3873 τῷ
537 3804 761 3877 Χριστῷ
786 3804 1071 3875 ἀσθενήσει
1100 3805 1200 3873 μὲν
1222 3844 1237 3868 ,
1268 3805 1361 3856 καὶ⁸
1384 3806 1761 3878 παραλυθήσε-

198 3904 307 3955 ται,
352 3896 443 3947 καὶ
480 3897 733 3966 μακροὺς
759 3899 816 3950 ὲν
848 3899 1016 3970 ἀργία
1046 3899 1368 3969 κατατρίψει
1394 3902 1615 3971 χρόνους
1634 3939 1648 3962 ,
1696 3901 1758 3954 οὑ

201 3984 294 4052 μὴν
337 3987 414 4050 εἰς
459 3988 676 4041 τελείαν
719 3990 997 4060 οίχήσεται
1028 3991 1279 4054 κόλασιν,
1334 3991 1451 4045 ἀλλ’
1495 3992 1646 4045 ἔσται
1678 4010 1763 4056 τις

196 4077 328 4147 αὑτῷ
357 4081 504 4149 παρά
526 4081 626 4134 τοῦ
656 4082 906 4152 Σωτῆρος
927 4084 1219 4154 έπισκοπὴ.
1242 4085 1334 4139 καὶ
1365 4086 1759 4157 ὑγιασθήσεται

196 4166 278 4219 καὶ
308 4167 462 4233 αὑτὸς
506 4171 607 4224 ἐπὶ
650 4174 716 4243 τῇ
766 4172 1119 4245 κολυμϐήθρᾳ
1160 4174 1229 4227 δι’
1264 4174 1510 4245 ὑπακοῆς
1549 4175 1640 4229 καὶ
1672 4176 1760 4229 πί-

1864 3633 2003 3698 fore,
2048 3649 2158 3689 non
2211 3642 2393 3689 tamen
2440 3643 2687 3688 extremo
2750 3633 3026 3703 supplicio
3104 3633 3432 3703 periturum'

1864 3725 1958 3780 sed
2000 3725 2339 3780 Salvatorem
2369 3739 2495 3779 eum
2550 3731 2960 3794 respecturum,
2989 3732 3044 3778 et
3078 3723 3256 3792 ipsum
3294 3738 3436 3793 quo-

1864 3832 1971 3887 que
2021 3817 2290 3872 salvatum
2337 3816 2405 3870 iri
2455 3817 2509 3869 in
2557 3815 2793 3885 piscina,
2832 3830 2928 3884 per
2965 3815 3332 3870 obedientiam
3369 3828 3434 3867 ac

1866 3907 2047 3962 ﬁdem.
2079 3905 2235 3973 Quod
2268 3916 2450 3960 autem
2481 3921 2548 3961 ex
2581 3906 2699 3975 lege
2742 3904 2927 3959 divina
2961 3902 3435 3974 quadragenarius

1866 4013 2132 4053 numerus
2163 3995 2440 4067 perfectus
2466 3997 2556 4062 sit,
2603 4010 2766 4051 nemo
2797 4011 2906 4049 non
2952 3995 3113 4049 facile
3145 3993 3433 4063 intelliget,

1864 4090 1957 4158 qui
1986 4090 2040 4143 in
2080 4089 2314 4145 lectione
2338 4087 2650 4153 divinarum
2681 4086 3090 4156 Scripturarum
3117 4089 3188 4140 sit
3216 4086 3297 4139 vel
3323 4099 3435 4138 mc-

1863 4178 2124 4233 diocriter
2152 4185 2426 4232 versatus.

199 4277 369 4327 στεως.
407 4266 528 4318 Ὅτι
561 4266 624 4318 δὲ
658 4267 860 4331 τέλειος
891 4269 1031 4322 κατά
1069 4270 1231 4340 νόμον
1257 4271 1346 4323 τὸν
1373 4269 1514 4323 θεῖόν
1549 4272 1695 4323 ἐστιν
1723 4269 1751 4320 ὁ
1788 4274 2194 4344 τεσσαράκοντα
2258 4270 2524 4342 ἀριθμὸς,
2580 4268 2875 4339 οὐδαμόθεν
2906 4266 2972 4320 ἂν
3008 4266 3217 4334 γένοιτο
3281 4263 3413 4335 χαλε

197 4356 285 4411 πδν
305 4359 580 4429 ἐκμαθεῖν,
618 4364 729 4423 τοῖς
754 4361 900 4428 ἅπαξ
929 4366 1047 4428 ταῖς
1074 4364 1244 4428 θείαις
1262 4365 1506 4435 ὁμιλοῦσι
1534 4365 1793 4435 Γραφαῖς.

259 4450 419 4518 Λέγει
444 4450 610 4516 αὐτῷ
637 4454 669 4505 ὀ
712 4453 939 4520 Ἰησοῦς
962 4470 978 4487 ο
1010 4455 1216 4523 Θέλεις
1237 4457 1411 4526 ὑγιὴς
1442 4457 1754 4525 γενέσθαι;

1926 4450 1994 4514 ν,
2030 4449 2082 4505 6.
2126 4448 2271 4502 Dicit
2303 4449 2351 4502 ei
2380 4446 2538 4501 Jesus
2577 4462 2595 4500 :
2644 4444 2733 4499 Vis
2760 4460 2917 4497 sanun
2962 4442 3121 4506 fieri?
3144 4440 3432 4509 Respondit

207 4537 492 4610 Ἀπεκρίθη
516 4542 684 4607 αὐτῷ
713 4546 745 4597 ό
772 4544 1064 4600 ἀσθενῶν.

269 4629 557 4697 Ἀπόδειξις
591 4634 827 4705 ἐναργὴς
858 4636 954 4707 τῆς
993 4638 1071 4701 είς
1097 4638 1264 4707 ἄκρον
1298 4638 1632 4709 ἀγαθότητος
1662 4639 1755 4693 τοῦ

197 4721 445 4792 Χριστοῦ,
498 4726 561 4779 τὸ
612 4728 687 4797 μὴ
728 4728 946 4791 πάντως
993 4729 1090 4792 τὰς
1131 4730 1239 4784 ἀπὸ
1284 4730 1391 4782 τῶν
1442 4730 1757 4800 καμνόντων

199 4812 415 4879 ἱκετείας
439 4818 759 4889 ἐκδέχεσθαι
778 4860 792 4883 ,
824 4819 1045 4889 φθάνειν
1066 4821 1122 4875 δὲ
1152 4821 1331 4875 αὑτῶν
1362 4825 1425 4892 τῇ
1461 4819 1757 4891 φιλανθρωο

196 4904 285 4975 πίει
307 4906 401 4977 τὴν
423 4911 656 4980 αἴτησιν.
721 4911 1029 4982 Ἐπιτρέχει
1057 4911 1164 4983 γὰρ
1186 4953 1200 4975 ,
1233 4912 1309 4975 ὡς
1336 4914 1467 4983 ὁρᾷς
1486 4952 1501 4975 ,
1534 4912 1611 4981 τῷ
1643 4929 1756 4964 κει-

200 4997 363 5067 μένῳ.
411 5001 507 5053 καὶ
536 5003 901 5073 κατοικτείρει
937 5003 1030 5055 τὸν
1059 5003 1336 5072 κάμνοντα
1358 5002 1755 5072 παρακλήσεως

194 5084 321 5157 δίχα.
368 5091 440 5142 To
468 5092 526 5146 δὲ
560 5095 609 5145 εί
657 5094 898 5163 βούλοιτο
937 5097 1037 5164 τῆς
1074 5095 1386 5166 ἀρρωστίας
1420 5092 1754 5147 ἀπαλλάττε-

196 5179 305 5233 σθαι
331 5184 737 5251 φιλοπευστεῖν,
767 5189 826 5241 οὑ
867 5188 1229 5259 διερωτῶντος
1260 5183 1328 5256 ἦν
1361 5186 1420 5252 ἐξ
1452 5186 1671 5255 ἀγνοίας
1696 5187 1758 5241 τὸ

197 5273 345 5325 πᾶσιν
374 5277 824 5347 ὁμολογουμένως
853 5278 1189 5347 καταφανὲς,
1226 5278 1340 5330 ἀλλ’
1385 5279 1464 5340 εἰς
1506 5278 1758 5349 θερμοτέ-

196 5376 286 5427 ραν
325 5364 698 5431 διανιστάντος
747 5368 1042 5439 ἐπιθυμίαν
1090 5367 1185 5421 τοῦ
1243 5368 1601 5439 πράγματος,
1662 5367 1756 5418 καὶ

197 5453 317 5523 πρλς
353 5457 413 5510 τὸ
460 5458 588 5511 λίαν
620 5459 1071 5529 ἐσπουδασμένως
1095 5461 1267 5513 αἰτεῖν
1296 5457 1750 5530 παροτρύνοντος-

196 5544 260 5595 Τὸ
289 5546 343 5599 δὲ
392 5550 441 5601 εί
475 5548 717 5617 βούλοιτο
745 5550 853 5602 τῶν
894 5549 1248 5621 ποθουμὲνων
1286 5553 1469 5619 τυχεῖν
1521 5549 1752 5619 ἐρωτᾷν,

198 5630 420 5701 ἔμφασιν
452 5654 577 5689 τινα
613 5639 701 5691 καὶ
730 5639 887 5707 λόγον
914 5639 1092 5693 ὠδίνει
1138 5638 1233 5691 τοῦ
1281 5638 1536 5692 δύνασθαι
1581 5655 1757 5704 παρα-

201 5724 355 5789 σχεῖν,
375 5725 615 5798 εὑτρεπῆ
635 5744 691 5779 τε
714 5729 813 5799 ἤδη
845 5729 980 5799 πρὸς
1010 5727 1169 5780 τοῦτο
1188 5727 1461 5795 γενέσθαι,
1483 5728 1649 5798 μόνην
1673 5727 1755 5780 ἔτι

204 5816 552 5885 περιμένοντα
578 5819 666 5873 τοῦ
691 5820 785 5892 τὴν
819 5821 977 5892 χάριν
1005 5818 1361 5891 κομιζομένου
1388 5820 1485 5889 τὴν
1520 5818 1749 5891 αἴτησιν.

1859 4544 1905 4596 ei
1946 4541 2248 4610 languidus.

1934 4631 2282 4686 Manifestum
2336 4637 2721 4697 argumentum
2772 4640 3001 4681 summa:
3033 4623 3236 4679 Christi
3270 4624 3432 4678 boni-

1863 4727 2015 4789 tatis,
2042 4722 2185 4794 quod
2218 4722 2407 4790 utique
2438 4718 2806 4773 laborantium
2844 4732 3037 4788 preces
3089 4732 3197 4771 non
3234 4730 3430 4785 exspe-

1860 4825 1993 4879 ctet,
2025 4817 2121 4872 sed
2186 4814 2506 4886 petitionem
2558 4811 2896 4881 benignitate
2946 4824 3046 4865 sua
3111 4807 3430 4878 praeveniat.

1861 4908 2117 4963 Occurrit
2168 4906 2356 4971 enim,
2409 4915 2471 4960 ut
2516 4902 2694 4967 vides,
2727 4902 2972 4972 jacenti,
3029 4907 3082 4954 et
3141 4900 3434 4953 miseratur

1858 5015 2065 5070 aegrum
2098 5010 2390 5068 antequam
2427 4997 2475 5052 ei
2523 4995 2813 5065 supplicet.
2844 4992 3002 5058 Quod
3047 4998 3228 5043 autem
3262 4988 3435 5041 inter-

1859 5100 2016 5161 rogat
2045 5098 2223 5145 utrum
2264 5090 2396 5143 velit
2424 5087 2743 5142 inﬁrmitate
2770 5082 3015 5145 liberari,
3036 5095 3145 5134 non
3169 5078 3312 5132 istud
3349 5086 3433 5131 est

1865 5179 2173 5250 ignorantis
2204 5179 2255 5233 id
2298 5178 2443 5248 quod
2485 5176 2743 5231 omnibus
2788 5181 2938 5227 certe
2969 5170 3208 5241 patebat,
3233 5168 3326 5223 sed
3364 5170 3429 5220 ad

1861 5271 2239 5326 vehementius
2291 5270 2444 5324 illius
2483 5267 2561 5323 rei
2610 5265 2855 5321 studium
2904 5260 3197 5317 excitantis
3247 5270 3302 5315 ct
3364 5259 3437 5312 ad.

1864 5361 2212 5432 ﬁagitandam
2255 5361 2545 5416 sanitatem
2580 5354 2912 5427 instigantis.
2938 5352 3093 5418 Quod
3130 5360 3310 5406 autem
3348 5350 3431 5405 in-

1862 5461 2102 5523 terrogat
2149 5461 2334 5508 utrum
2402 5452 2528 5505 velit
2588 5466 2648 5505 re
2702 5454 2891 5516 Optata
2943 5445 3073 5509 frui,
3123 5442 3431 5513 emphasim

1865 5547 2156 5617 quamdam
2213 5545 2403 5606 habet,
2439 5557 2545 5612 qua
2600 5540 2872 5610 signiﬁcat
2923 5552 2982 5591 se
3027 5550 3145 5590 eam
3192 5533 3436 5604 praebere

1864 5652 2047 5707 posse,
2090 5634 2315 5704 jamque
2369 5634 2435 5686 ad
2485 5631 2535 5685 id
2583 5625 2952 5700 przestandum
3008 5632 3251 5693 paratum
3286 5636 3445 5683 esse,

1865 5729 2151 5797 solamque
2187 5724 2505 5793 pctitioncm
2545 5722 2665 5792 ejus
2697 5719 2789 5790 qui
2831 5716 3060 5789 gratiam
3107 5718 3448 5770 acccoturus.

1864 5828 2002 5885 erat,
2027 5817 2354 5890 prmstolari.
