4102 6526
683 409 790 513 σεο
1669 459 1729 515 s.
1770 455 2051 518 CYRILLI
2076 454 2550 515 ALEXANDBINI
2583 455 2902 514 meumr.
3838 457 3943 518 sto

753 565 821 633 ν,
862 570 987 638 7,8.
1023 570 1283 640 Domine,
1322 571 1586 628 hominem
1631 589 1737 629 non
1786 573 1981 640 habeo,
2027 584 2087 629 ut
2140 592 2211 629 cur

2316 590 2335 636 ι
2432 574 2627 643 Κύριε,
2646 573 2959 641 ἄνθρωπον
2987 571 3097 627 οὐκ
3126 570 3244 642 ἔχω
3265 573 3387 639 ἵνα,
3415 574 3562 628 ὅταν
3578 570 3850 643 ταραχθῇ
3874 572 3940 627 τό

682 660 897 717 turbata
928 663 1094 733 fuerit
1128 681 1288 736 aqua,
1325 665 1504 721 mittat
1556 681 1637 721 me
1683 667 1735 719 in
1775 666 2042 739 piscinam
2078 684 2099 721 ξ
2136 667 2205 720 du

2367 665 2545 737 ὕδωρ,
2576 663 2803 735 ἐμϐάλῃ
2832 681 2909 735 με
2928 666 3010 731 εις
3039 663 3152 733 τὴν
3180 666 3602 735 κολυμϐήθραν
3620 681 3634 695 ⁸
3653 664 3723 717 ἐν
3752 658 3803 731 ᾧ
3832 663 3941 734 γὰρ

678 751 824 805 venio
864 756 1002 810 enim
1041 772 1166 827 ego.
1213 756 1354 811 alius
1396 766 1519 813 ante
1562 773 1645 812 me
1689 756 1979 813 descendit.
2029 757 2170 812 Dicit

2363 757 2606 825 ἔρχομαι
2643 755 2787 825 ἐγὼ,
2821 756 3011 822 ἄλλος
3040 756 3153 824 πρὸ
3196 757 3341 827 ἐμοῦ
3363 757 3724 811 καταϐαίνει.
3774 756 3940 825 Λέγει

675 837 837 894 Jesus
864 855 884 896 :
923 841 1113 913 Surge.

2362 847 2522 914 αὐτῷ
2542 851 2574 901 ὀ
2616 848 2845 916 Ἰησοῦς
2869 865 2882 877 ο
2910 850 3183 917 Ἕγειραι.

747 929 910 986 Circa
939 932 1087 989 diem
1127 944 1333 992 sanctae
1380 935 1737 992 Pentecostes
1794 937 1974 1008 angeli
2024 937 2211 993 deseer

2432 938 2590 992 Κατὰ
2610 940 2708 1010 τὴν
2743 939 2958 1010 ἡμέραν
2996 940 3095 1010 τῆς
3132 939 3293 1008 ἁγίας
3327 939 3733 1009 Πεντηκοστῆς,
3772 940 3937 1007 ἄγγε-

672 1021 868 1079 dentes
898 1024 967 1082 de
992 1028 1134 1083 cmlo
1160 1029 1385 1102 piscina:
1416 1043 1616 1099 aquam
1640 1029 1961 1096 turbabant,
1992 1046 2055 1085 ex
2080 1046 2211 1101 eoqtl

2358 1031 2439 1084 λοι
2472 1029 2906 1097 καταφοιτῶντες
2945 1028 3004 1094 ἐξ
3050 1029 3277 1100 ούρανοῦ
3319 1030 3381 1083 τὸ
3422 1033 3522 1099 τῆς
3550 1028 3937 1099 κολυμϐήθρας

673 1127 872 1169 sonum
902 1116 1142 1174 edebant
1168 1121 1222 1174 in
1257 1121 1477 1191 signum
1512 1136 1625 1176 suae
1655 1122 1981 1191 praesentiae.
2017 1122 2083 1177 Et
2109 1138 2211 1192 aqu

2354 1119 2711 1192 ἐξετάραττον
2761 1118 2945 1197 ὓδωρ,
3012 1114 3129 1172 εἶτα
3182 1120 3274 1174 τὸν
3338 1119 3585 1173 ἐντεῦθεν
3651 1118 3934 1172 ἐποιοῦντο

671 1216 737 1255 ex
768 1205 981 1260 sanctis
1013 1208 1309 1278 spiritibus
1336 1209 1809 1266 sanctiﬁcabatur.
1856 1209 2014 1276 Quod
2046 1211 2091 1265 si
2126 1214 2211 1281 qui

2353 1211 2560 1265 κτύπον
2584 1212 2684 1283 τῆς
2721 1210 2931 1265 ἑαυτῶν
2958 1211 3282 1277 ἐπιστασίας
3318 1212 3411 1265 τὸν
3440 1214 3677 1282 κήρυκα.
3734 1211 3848 1264 Καὶ
3876 1211 3933 1262 τὸ

670 1305 735 1348 ex
770 1298 1161 1364 aagrotantium
1214 1300 1373 1355 turba
1406 1300 1561 1370 prius
1601 1316 1765 1371 quam
1796 1302 1978 1356 caeteri
2016 1301 2211 1359 descen

2354 1302 2453 1371 μὲν
2497 1302 2639 1373 ὕδωρ
2673 1302 2730 1368 ἐξ
2766 1301 2939 1369 ἁγίων
2968 1302 3294 1373 πνευμάτων
3333 1301 3591 1373 ήγιάζετο
3613 1315 3629 1331 ·
3668 1302 3719 1356 εί
3753 1301 3811 1354 δέ
3851 1318 3933 1363 τις

669 1384 866 1450 disset,
892 1389 1057 1458 208
1081 1389 1332 1461 deposito
1356 1390 1555 1446 infesto
1585 1392 1776 1447 morbo
1807 1406 1977 1448 sanus
2009 1394 2211 1449 redibat

2348 1392 2488 1464 ἔφθη
2530 1391 2918 1463 προκατελθεῖν
2948 1392 3045 1463 τῆς
3086 1391 3195 1445 τῶν
3222 1392 3524 1446 νοσούντων
3557 1390 3836 1461 πληθύος,
3872 1392 3930 1444 τὸ

667 1477 767 1532 sed
800 1481 1111 1537 sanationis
1160 1482 1242 1536 vis
1280 1488 1335 1537 et
1381 1482 1521 1537 ratio
1553 1482 1602 1538 ei
1640 1490 1854 1537 tantum
1907 1486 2211 1554 congrueba

2348 1480 2629 1551 συντρίϐον
2674 1481 2837 1535 αὑτὸν
2880 1480 3387 1553 ἀποφορτισάμενος
3436 1481 3686 1536 ἀνέϐαινε
3732 1480 3926 1545 πάθος,

666 1568 762 1637 qui
811 1570 963 1638 prior
1010 1579 1368 1642 occupasset;
1399 1572 1547 1642 quod
1598 1573 1816 1644 signum
1860 1589 2082 1644 quoque
2125 1590 2211 1630 era

2344 1574 2422 1636 είς
2456 1573 2552 1627 ἕνα
2594 1572 2650 1625 δὲ
2706 1574 2866 1643 μόνον
2919 1573 3013 1626 τὸν
3064 1572 3491 1645 προαρπάζοντα
3544 1575 3930 1644 συνεμετρεῖτο

664 1660 860 1716 auxilii
900 1661 1053 1721 illius
1085 1663 1277 1734 legalis
1317 1679 1417 1735 per
1453 1671 1677 1725 sanctos
1712 1667 1940 1737 angelos
1971 1666 2040 1721 ad
2075 1682 2211 1722 unan

2342 1663 2442 1734 τῆς
2466 1662 2761 1734 θεραπείας
2790 1666 2822 1735 ἡ
2850 1663 3096 1734 δύναμις.
3130 1665 3270 1718 Ἀλλ’
3295 1660 3366 1736 ἦν
3392 1664 3667 1719 καὶτοῦτο
3696 1668 3925 1735 σημεῖον

661 1768 729 1810 ac
759 1754 930 1811 solam
959 1752 1276 1811 Iudaeorum
1309 1766 1526 1828 gentem
1559 1759 1909 1828 pertinentis,
1941 1774 2006 1815 ac
2033 1760 2211 1814 nullan

2339 1756 2439 1828 τῆς
2486 1756 2553 1810 δι’
2587 1757 2834 1825 ἀγγέλων
2861 1758 3088 1829 νομικῆς
3115 1757 3380 1829 ὠφελείας
3416 1758 3502 1827 ἐφ’
3541 1757 3600 1810 ἐν
3636 1759 3733 1811 καὶ
3767 1758 3926 1828 μόνον

662 1834 930 1914 praeterea
960 1848 1239 1911 curantis,
1268 1848 1313 1900 A
1343 1848 1460 1909 Dan
1484 1850 1632 1904 enim
1672 1866 1845 1925 usque
1873 1850 1941 1905 ad
1965 1850 2211 1907 Bersabel

2339 1849 2399 1903 τὸ
2442 1849 2552 1903 τῶν
2595 1848 2864 1903 Ἰουδαίων
2896 1849 3051 1917 γένος
3077 1851 3493 1922 ἐκτεινομένης,
3536 1850 3724 1920 ἕτερον
3757 1849 3815 1901 δὲ
3843 1849 3925 1901 ἐπ’

662 1934 907 1992 Mosaica
960 1945 1237 2007 praecepta
1288 1938 1733 2007 praedicabantur
1771 1941 2085 1997 ministrata
2143 1957 2209 2012 pe

2340 1940 2523 2004 αὐτοῖς
2544 1938 2951 2013 θεραπευούσης
2965 1940 3178 1996 οὐδένα.
3195 1943 3327 1995 ’Δπὸ
3350 1940 3459 2013 γάρ
3478 1941 3586 1994 Δάν
3607 1942 3705 2012 τῆς
3729 1940 3924 1993 καλου-

663 2028 893 2098 angelos
940 2029 998 2085 in
1050 2038 1234 2085 monte
1265 2028 1398 2085 Sina
1436 2032 1584 2086 circa
1624 2032 1744 2088 dies
1797 2042 2004 2088 sanctae
2043 2032 2239 2088 Pente-

661 2128 848 2176 costes
894 2121 1091 2178 ultimo
1137 2122 1473 2179 constituta.
1524 2121 1761 2193 Ideoque
1816 2123 2043 2195 piscina:
2091 2139 2235 2195 aqua

657 2209 768 2266 alio
807 2219 1056 2282 tempore
1092 2226 1201 2267 non
1258 2212 1609 2277 turbabatur,
1660 2213 1978 2284 signiﬁcans
2012 2224 2236 2269 sancto-

658 2315 781 2355 rum
833 2301 1151 2373 angelorum
1183 2301 1237 2363 in
1283 2318 1345 2359 se
1371 2303 1720 2365 descensum.
1754 2303 2099 2378 Paralyticus
2128 2304 2234 2367 ita-

656 2406 765 2461 que
794 2406 920 2446 cum
950 2407 1057 2447 non
1089 2393 1319 2450 haberet
1349 2409 1379 2448 a
1420 2410 1530 2464 quo
1559 2396 1619 2459 in,
1647 2410 1843 2467 aquam
1875 2394 2229 2465 dojiceretur,

654 2491 767 2537 tam
794 2483 1045 2543 morbum
1066 2499 1228 2555 quam
1256 2485 1500 2561 inopiam
1531 2502 1689 2551 suam
1716 2485 1969 2550 deﬂebat.
1998 2486 2226 2550 dicens:

658 2591 678 2625 ι
726 2573 1017 2636 Hominem
1046 2593 1160 2633 non
1194 2577 1390 2645 habeo,
1417 2582 1511 2650 qui
1537 2594 1623 2637 me
1654 2579 1914 2635 nimirum
1940 2579 1996 2634 in
2027 2594 2228 2649 aquam

652 2665 927 2724 demittat.
972 2689 991 2722 ι
1028 2669 1394 2743 Exspectabat
1434 2673 1581 2731 enim
1614 2674 1721 2735 sibi
1758 2672 1827 2728 ab
1860 2671 1989 2738 Iesu
2035 2671 2228 2728 datum

653 2758 724 2823 iri
754 2760 1070 2818 consilium.

2341 2031 2542 2105 μένης,
2590 2032 2684 2086 καὶ
2716 2033 2819 2096 ἕως
2849 2032 3129 2104 Βηρσαϐεέ
3166 2033 3236 2088 τὰ
3281 2033 3368 2087 διά
3402 2034 3644 2096 Μωσέως
3678 2032 3923 2085 ἐλαλεῖτο

2338 2125 2763 2198 προστάγματα,
2803 2124 3191 2195 διακονηθέντα
3220 2124 3287 2179 δι’
3305 2125 3551 2195 ἀγγέλων
3576 2126 3634 2177 ἐν
3660 2124 3780 2195 ὄρει
3794 2125 3921 2193 Σινᾷ

2340 2218 2484 2277 κατὰ
2539 2218 2639 2282 τὰς
2687 2217 2901 2289 ἡμέρας
2948 2217 3050 2288 τῆς
3111 2216 3337 2288 ὕστερον
3392 2215 3702 2289 ὁρισθείσης
3760 2216 3920 2283 ἁγίας

2339 2310 2739 2383 Πεντηκοστῆς.
2795 2310 2895 2363 Διά
2923 2309 3031 2381 γάρ
3056 2326 3137 2362 τοι
3162 2309 3351 2374 τοῦτο,
3382 2310 3476 2363 καὶ
3507 2306 3917 2379 τῆςκκολυμϐἠ-

2338 2398 2474 2475 θρας
2504 2400 2565 2452 τὸ
2596 2398 2739 2470 ὕδωρ
2783 2398 2882 2452 οὐκ
2916 2400 2973 2454 ἐν
3022 2398 3193 2469 ἑτέρῳ
3242 2397 3669 2469 συνεταράττετο
3719 2396 3917 2467 καιρῷ,

2334 2491 2434 2561 τὴν
2462 2491 2570 2543 τῶν
2598 2490 2769 2556 ἀγίων
2794 2488 3042 2558 ἀγγέλων
3080 2490 3160 2552 είς
3192 2488 3351 2543 ἐαυτὸ
3378 2491 3641 2558 σημαῖνον
3672 2487 3765 2540 διὰ
3798 2486 3915 2540 τού-

2333 2600 2427 2636 του
2465 2582 2834 2654 καταδρομήν.
2896 2582 3012 2635 Οὐκ
3056 2581 3194 2654 ἔχων
3220 2579 3508 2653 τοιγδροῦν
3550 2581 3577 2633 ό
3605 2577 3916 2649 παράλυτος

2332 2674 2424 2728 τὸν
2455 2675 2536 2737 είς
2562 2652 2801 2743 τὸῖῦδωρ
2830 2652 3263 2736 ἐξακοντίζοντα,
3299 2652 3435 2741 μετά
3468 2670 3563 2723 τοῦ
3596 2670 3913 2739 συνέχοντος

2335 2765 2561 2831 πάθους,
2594 2766 2690 2820 καὶ
2716 2764 2814 2837 τὴν
2846 2764 2955 2818 τῶν
2985 2763 3397 2834 θεραπευόντων
3425 2763 3661 2833 ἐρημίαν
3696 2762 3912 2835 ἐθρήνει

650 2845 862 2905 λέγων’
895 2869 913 2902 ι
938 2852 1260 2924 Ἄνθρωπον
1290 2854 1390 2913 οὐκ
1418 2854 1547 2926 ἔχω,
1581 2855 1672 2909 τὸν
1700 2857 1779 2920 είς
1814 2856 1877 2909 τὸ
1919 2857 2063 2929 ὓδωρ
2093 2854 2533 2937 κατακομίζοντα
2579 2855 2801 2927 δηλαδή.
2839 2873 2857 2907 ι
2898 2853 3069 2907 Τοῦτο
3114 2852 3224 2927 γὰρ
3258 2852 3473 2917 πάντως
3506 2855 3653 2926 ἐρεῖν
3693 2870 3758 2906 τε
3825 2855 3912 2907 καὶ

651 2941 1041 3013 συμϐουλεύειν
1064 2947 1213 3018 αύτῷ
1244 2951 1613 3021 προσεδόκησε
1634 2951 1725 3004 τὸν
1765 2952 1995 3022 Ἰησοῦν.

718 3034 786 3102 V,
826 3035 941 3092 8-.9.
985 3038 1132 3097 Tolle
1155 3043 1437 3110 grabatum
1465 3052 1634 3107 tuum,
1665 3053 1713 3101 et
1740 3045 1977 3099 ambula.
2008 3044 2075 3099 Et
2104 3053 2220 3105 sla-

2396 3035 2576 3108 Ἀρον
2604 3038 2713 3093 τὸν
2747 3038 3084 3107 κράϐὅατόν
3115 3051 3263 3105 σου,
3292 3036 3391 3091 καί
3422 3036 3757 3105 περιπάτει.
3804 3038 3905 3092 Kal

646 3126 742 3182 tim
771 3144 934 3185 sanus
976 3129 1150 3198 factus
1175 3143 1254 3191 est
1281 3132 1435 3193 homo
1461 3134 1573 3198 ille,
1606 3145 1656 3189 et
1693 3137 1909 3189 sustulit
1935 3136 2211 3206 grabatum

2325 3131 2544 3197 εὐθέως
2584 3129 3034 3201 ἐγένετο.ὑγιὴς
3078 3132 3111 3183 ό
3136 3127 3478 3196 ἅνθρωπος,
3527 3127 3624 3179 καὶ
3668 3124 3784 3195 ἦρε
3809 3128 3908 3181 τὸν

644 3231 823 3284 suum,
854 3226 906 3276 et
947 3218 1278 3280 ambulabat.
1322 3220 1457 3275 Erat
1492 3230 1666 3281 autem
1698 3222 1991 3279 Sabbatum
2046 3223 2102 3277 in
2136 3222 2211 3277 die

2323 3222 2655 3291 κράόὅατον
2679 3222 2869 3276 αὐτοῦ
2887 3262 2902 3287 ,
2947 3220 3045 3275 καί
3072 3217 3426 3289 περιεπάτει.
3450 3214 3562 3274 Ἦν
3590 3217 3661 3271 δὲ
3680 3219 3903 3274 Σάϐϐα-

641 3306 758 3366 illo.

709 3395 823 3454 Deo
867 3400 1203 3459 conveniens
1229 3409 1316 3457 est
1357 3402 1491 3463 illud
1535 3403 1780 3473 iussum,
1814 3411 1869 3459 et
1900 3403 2122 3459 virtutis
2154 3419 2219 3465 ac

638 3492 935 3560 potestatis
964 3492 1263 3549 humanam
1289 3495 1728 3555 mediocritatem
1755 3496 2072 3553 excedentis
2103 3510 2219 3550 ma-

638 3577 1063 3638 nifestissimum
1094 3582 1259 3639 habet
1295 3596 1706 3655 argumentum,
1750 3587 1869 3645 Non
1909 3587 2056 3649 enim
2090 3602 2216 3661 pre-

637 3679 799 3726 catur
845 3673 1141 3729 sanitatem
1198 3691 1364 3747 :egro,
1411 3693 1480 3733 ne
1513 3679 1724 3735 sanctis
1762 3680 2039 3752 aliquibus
2088 3696 2216 3749 pro-

635 3762 818 3834 phetis
850 3764 967 3836 ipse
1015 3781 1239 3837 quoque
1272 3768 1471 3825 similis
1501 3770 1776 3838 videatur,
1807 3773 1903 3828 sed
1952 3782 2210 3842 tanquam

635 3854 903 3911 virtutum
938 3855 1204 3914 Dominus
1241 3875 1341 3930 pro
1367 3869 1499 3915 nutu
1520 3877 1584 3917 ac
1619 3871 1894 3933 potestate
1927 3863 2040 3918 ﬁeri
2073 3879 2213 3934 pra:-

633 3946 790 4017 cipit.
826 3946 1028 4015 jubens
1058 3959 1117 4005 ut
1156 3952 1313 4007 laetus
1345 3953 1567 4007 domum
1602 3953 1812 4017 redeat,
1841 3963 1895 4010 et
1949 3955 2208 4010 lectulum

632 4037 882 4095 humeris
925 4040 1104 4105 tollat,
1138 4051 1201 4096 ut
1248 4053 1589 4114 spectatores
1644 4046 1908 4101 virtutem
1948 4046 2069 4115 ejus
2115 4047 2209 4116 qui

631 4130 850 4185 sanavit
889 4131 1020 4187 inde
1061 4130 1621 4204 colligerent.'.lussa
1666 4146 1850 4192 autem
1899 4136 2032 4191 facit
2065 4154 2210 4209 aeger

630 4219 802 4286 illico,
832 4229 887 4276 et
916 4238 1013 4293 per
1062 4224 1440 4281 obedientiam
1469 4241 1534 4283 ac
1588 4228 1749 4282 ﬁdem
1802 4227 2205 4297 optatissimam

628 4312 735 4367 sibi
777 4315 1011 4383 gratiam
1044 4316 1329 4373 conciliat.
1361 4316 1639 4384 Quoniam
1681 4327 1863 4376 autem
1913 4320 1967 4375 in
2004 4334 2210 4389 praece-

627 4403 887 4460 dentibus
942 4406 1123 4476 ipsum
1174 4408 1230 4467 in
1271 4408 1499 4478 ﬁguram
1552 4420 1606 4465 et
1638 4418 1827 4482 typum
1862 4413 2047 4483 populi
2106 4410 2205 4465 Ju-

629 4493 773 4548 ilaici
808 4497 1162 4564 protulimus,
1192 4502 1351 4568 quasi
1386 4499 1440 4554 in
1484 4500 1695 4555 ultimis
1728 4502 2070 4572 temporibus
2114 4515 2205 4556 sa-

631 4582 797 4641 nandi
832 4603 845 4638 :
875 4585 1131 4654 agedum,
1163 4602 1360 4645 rursus
1393 4592 1774 4662 excogitemus
1819 4593 2023 4662 aliquid
2055 4594 2203 4662 quod

626 4673 907 4741 prioribus
961 4676 1074 4732 illis
1124 4679 1417 4735 sententiis
1469 4682 1818 4751 respondeat.
1858 4684 1916 4738 lu
1962 4682 2203 4741 Sabbato

624 4763 881 4823 Christus
909 4765 1183 4824 hominem
1214 4782 1393 4835 sanat,
1429 4782 1684 4832 sanatum
1716 4790 1845 4830 vero
1881 4776 2069 4830 statim
2102 4777 2201 4830 ob-

624 4856 993 4912 servationem
1028 4859 1255 4931 legalem
1292 4864 1507 4920 solvere
1542 4866 1720 4936 jubet,
1772 4867 2017 4924 suadens
2052 4876 2112 4922 ut
2144 4868 2201 4925 in

624 4942 867 5001 Sabbato
902 4948 1006 5003 iter
1056 4949 1251 5019 faciat,
1284 4954 1449 5025 idque
1504 4956 1703 5015 lectulo
1755 4968 2038 5021 oneratus,
2075 4958 2202 5012 licet

623 5049 813 5110 aperte
848 5043 1050 5100 clamet
1091 5046 1297 5109 alicubi
1356 5065 1453 5119 per
1483 5066 1654 5106 unum
1705 5060 2023 5107 sanctorum
2069 5068 2201 5122 pro-

622 5132 909 5201 phetarum
942 5134 1085 5193 Deus
1117 5158 1131 5194 ι
1168 5159 1187 5192 ι
1226 5139 1411 5212 Neque
1445 5143 1808 5213 exportabitis
1838 5145 1925 5203 die
1970 5144 2193 5200 Sabbati

620 5222 865 5289 pondera
897 5239 927 5279 e
957 5224 1218 5284 domibus
1248 5232 1533 5288 vestris“.
1563 5252 1580 5285 ›
1612 5233 1802 5306 Neque
1831 5251 1962 5289 vero
1990 5236 2195 5291 dixerit

618 5312 875 5382 quisquis
908 5332 1054 5374 same
1079 5336 1312 5393 usquam
1358 5325 1432 5380 sit
1464 5328 1685 5391 mentis,
1720 5327 1883 5397 209
1916 5328 2191 5382 hominem

617 5404 771 5459 illum
819 5406 1133 5466 divinorum
1196 5417 1581 5473 mandatorum
1637 5420 1791 5473 reddi
1849 5427 2194 5489 contempto-

613 5510 730 5550 rem
763 5512 779 5549 :
812 5496 1068 5557 Christus
1107 5506 1250 5560 enim
1287 5510 1437 5565 velut
1487 5511 1541 5565 in
1594 5518 1725 5581 typo
1754 5509 1961 5565 Judazis
2006 5521 2194 5566 osten-

612 5585 776 5641 debat
801 5603 898 5644 eos
928 5593 1149 5657 quidem
1188 5608 1445 5655 sanatum
1485 5602 1551 5656 iri
1592 5618 1688 5672 per
1720 5602 2088 5658 obedientiam
2130 5619 2194 5659 ac

2323 3331 2430 3370 τον
2457 3313 2526 3367 ἐν
2554 3313 2758 3381 ἐκείνῃ
2798 3310 2873 3379 τῇ
2898 3312 3108 3381 ἡμέρᾳ.

2392 3404 2707 3478 Θεοπρεπές
2747 3404 2807 3457 τὸ
2839 3403 3149 3472 ἐπίταγμα,
3190 3403 3284 3457 καὶ
3312 3403 3411 3473 τῆς
3440 3402 3583 3472 ὑπὲρ
3611 3400 3903 3473 ἄνθρωπον

2318 3494 2603 3566 δυνάμεώς
2650 3511 2709 3547 τε
2754 3493 2848 3547 κα)⁸
2896 3493 3143 3559 ἐξουσίας
3192 3493 3595 3563 ἐναργεστάτην
3634 3491 3778 3561 ἔχων
3809 3492 3901 3562 τὴν

2318 3584 2609 3649 ἀπόδειξιν.
2668 3584 2741 3639 Oi:
2780 3582 2888 3654 γάρ
2937 3582 3229 3653 ἐπεύχεται
3272 3581 3349 3653 τῷ
3386 3580 3625 3653 κειμένῳ
3668 3582 3772 3650 τῆς
3805 3582 3897 3651 ἀρ·

2320 3677 2552 3750 ρωστίας
2601 3676 2699 3748 τὴν
2731 3673 2884 3726 λύσιν
2904 3712 2921 3737 ,
2965 3673 3053 3727 ἵνα
3085 3673 3159 3744 μὴ
3190 3673 3330 3726 κατά
3354 3689 3506 3735 τινας
3540 3671 3784 3740 φαίνοιτο
3811 3674 3897 3724 καὶ

2314 3767 2479 3829 αὐτὸς
2515 3766 2624 3819 τῶν
2648 3765 2821 3834 ἁγίων
2849 3764 3178 3837 προφητῶν,
3226 3763 3340 3818 ἀλλ’
3370 3763 3445 3826 ὠς
3478 3762 3589 3815 τῶν
3615 3762 3896 3832 δυνάμεων

2314 3859 2519 3930 Κύριος
2566 3855 2993 3931 ἐξουσιαστικῶς
3022 3856 3301 3910 ἐπιτάττει
3328 3853 3613 3931 γενέσθαι,
3642 3853 3891 3924 χαίροντα

2317 3952 2414 4021 μὲν
2447 3950 2629 4005 οἴκαδε
2657 3947 2893 4020 βαδίζειν
2922 3947 3111 4011 εἰπὼν,
3135 3946 3442 4018 ἐπωμάδιον
3467 3946 3521 4001 δέ
3547 3945 3816 3998 ποιεῖσθαι
3836 3944 3891 3996 τὸ

2312 4040 2563 4094 κλινίδιον
2585 4079 2598 4103 ,
2644 4040 2940 4109 ὑπόμνημα
2979 4037 3079 4106 τῆς
3106 4037 3201 4090 τοῦ
3236 4036 3677 4109 θεραπεύσαντος
3713 4034 3889 4105 ίσχύος

2309 4132 2421 4193 τοῖς
2443 4129 2641 4200 ὁρῶσιν
2657 4130 2933 4198 ἐσόμενον.
2959 4128 3191 4198 Πράττει
3215 4127 3271 4180 δὲ
3294 4128 3639 4203 παραχρῆμα
3656 4126 3716 4179 τὸ
3741 4142 3887 4196 προσ-

2309 4204 2507 4290 ταχθὲν
2527 4223 2555 4274 ό
2575 4220 2767 4285 νοσῶν,
2787 4220 2882 4272 καὶ
2902 4220 2969 4272 δι’
3000 4219 3268 4289 ὑπακοῆς,
3292 4221 3386 4273 καὶ
3406 4219 3643 4282 πίστεως
3664 4218 3761 4290 τὴν
3785 4233 3886 4285 τρι-

2309 4312 2543 4381 πόθητον
2570 4311 2748 4381 ἐαυτῷ
2778 4310 3226 4382 πραγματεύεται
3248 4311 3427 4381 χάριν.
3472 4310 3691 4380 Ἐπειδὴ
3718 4311 3773 4363 δὲ
3803 4308 3885 4362 διὰ

2305 4403 2414 4455 τῶν
2445 4402 2824 4474 προλαϐόντων
2866 4402 2947 4465 είς
2982 4401 3164 4454 είκόνα
3192 4402 3286 4455 καὶ
3314 4401 3482 4454 τύπον
3509 4402 3608 4471 τῆς
3632 4402 3742 4455 τῶν
3765 4402 3883 4454 ’1ου-

2307 4496 2467 4548 δαίων
2503 4492 2741 4565 πληθύος
2764 4492 2928 4545 αὑτὸν
2958 4486 3355 4563 είσηγάγομεν,
3408 4493 3482 4555 ὡς
3511 4492 3810 4563 μελλούσης
3830 4493 3873 4543 ἐς.

2310 4588 2556 4656 ὑστέροις
2590 4583 2989 4657 θεραπεύεσθαι
3012 4588 3223 4655 καιροῖς
3244 4601 3258 4616 ’
3280 4584 3409 4654 φέρε
3436 4585 3497 4655 δή
3518 4602 3570 4637 τι
3592 4584 3755 4638 πάλιν
3773 4586 3857 4636 ἐπι

2310 4681 2592 4750 νοήσωμεν
2620 4682 2741 4742 ταῖς
2771 4679 2851 4741 εἰς
2890 4677 3049 4731 τοῦτο
3082 4677 3377 4748 συμϐαῖνον
3419 4677 3652 4742 ἐννοίαις
3695 4676 3880 4731 ἀναλό-

2307 4792 2419 4844 γως
2445 4777 2555 4838 τοῖς
2588 4774 3102 4845 προεξητασμένοις.
3147 4774 3233 4826 Ἐν
3268 4772 3530 4849 Σαϐϐάτῳ
3559 4772 3653 4826 τὸν
3681 4773 3878 4843 ἀνθρωρ

2308 4885 2408 4923 πον
2437 4866 2648 4936 ὑγιάζει
2681 4866 2944 4936 Χριστὸς,
2970 4862 3298 4933 ύγιασθέντα
3326 4863 3382 4917 δὲ
3418 4865 3759 4935 παραχρῆμα
3785 4863 3874 4932 τὴν

2307 4958 2537 5031 νομικὴν
2589 4958 2864 5012 ἐπιτάττει
2921 4955 3220 5028 παραλύειν
3270 4956 3597 5027 συνήθειαν,
3651 4973 3872 5026 περιπα-

2306 5054 2417 5105 τεῖν
2447 5050 2756 5105 ἀναπείθων
2789 5050 2849 5101 ἐν
2876 5048 3140 5118 Σαϐϐάτῳ
3158 5087 3173 5111 ,
3219 5048 3312 5101 καὶ
3349 5047 3510 5101 τοῦτο
3538 5047 3615 5119 τῷ
3644 5048 3872 5115 κλινιδίῳ

2302 5142 2765 5215 πεφορτισμένον,
2803 5141 2976 5195 καίτοι
3009 5139 3304 5211 διαρρήδην
3342 5139 3573 5210 βοῶντος
3621 5140 3715 5193 τοῦ
3745 5140 3869 5193 Θεοῦ

2301 5236 2368 5289 δι’
2414 5235 2533 5299 ἑνός
2566 5251 2669 5287 που
2710 5232 2818 5286 τῶν
2855 5231 3023 5299 ἁγίων
3064 5243 3395 5302 προφητων·
3462 5249 3480 5281 ι
3512 5233 3621 5285 Καὶ
3651 5232 3749 5285 οὐκ
3793 5230 3872 5295 ἐξ·

2301 5328 2476 5381 οίσετε
2521 5326 2881 5397 βαστάγματα
2928 5324 2987 5387 ἐξ
3030 5326 3217 5377 οίκιων
3256 5324 3410 5394 ὑμῶν
3458 5328 3523 5395 τῇ
3566 5325 3749 5396 ἡμέρᾳ
3784 5323 3868 5375 τοῦ

2303 5419 2604 5474 Σαϐϐάτου.
2637 5438 2655 5470 ι
2704 5419 2813 5472 Καὶ
2840 5418 2900 5471 ού
2943 5417 3006 5487 δή
3056 5432 3158 5468 που
3201 5416 3425 5486 φήσειεν
3468 5417 3535 5470 ἄν
3564 5435 3671 5483 τις,
3722 5419 3780 5480 ὃς
3813 5433 3867 5483 γε

2304 5510 2644 5581 σωφρονοίη,
2694 5509 3111 5580 καταφρονητήν
3162 5525 3283 5561 τινα
3309 5548 3324 5571 ,
3377 5508 3470 5561 καὶ
3519 5507 3726 5579 ἐξήνιον
3771 5507 3867 5558 τῶν

2302 5605 2460 5659 θείων
2482 5604 2831 5676 ἐνταλμάτων
2870 5602 3249 5657 ἀποτελεῖσθαι
3276 5602 3366 5656 τὸν
3408 5604 3712 5673 ἄνθρωπον·
3756 5601 3863 5653 ἀλλ’

612 5675 774 5733 iidem
832 5677 886 5731 in
923 5686 1185 5743 extremis
1222 5691 1410 5748 saeculi
1454 5691 1791 5764 temporibus
1836 5710 1847 5748 :
1885 5692 1985 5749 hoc
2030 5694 2173 5757 enim

2316 5716 2359 5762 ›;
2396 5697 2454 5751 ἐν
2493 5696 2647 5768 τύπῳ
2679 5699 2790 5761 τοῖς
2840 5694 3112 5760 Ἰουδαίοις
3153 5694 3385 5767 φανερὸν
3423 5695 3593 5748 ἐποίει
3618 5691 3861 5764 Χριστὸς,

694 5854 743 5893 ’⁸
775 5854 980 5916 larem.
1023 5879 1158 5932 χιιι,
1189 5868 1281 5924 2|.
