4102 6556
314 398 419 454 διι

1308 436 1313 442 ι
1374 398 1443 466 ιιι
1482 408 1770 469 JOANNIS
1792 410 2246 470 EVANGELIUM
2282 414 2410 470 ιω.
2444 385 2547 469 n.‘

3461 421 3567 497 ξιτ

314 514 401 569 ὅτι
435 514 934 589 θἐραπευθῆσονται
976 522 1073 593 μὲν
1112 522 1178 577 δι’
1224 524 1471 597 ὗπακοῆς
1510 529 1601 581 καὶ
1652 527 1878 592 πίστεως

1990 529 2233 583 arbitror
2255 529 2571 598 signiilcare
2602 528 2930 600 Sabbatum,
2955 533 3050 605 qui
3079 532 3198 591 dies
3229 544 3311 590 est
3337 536 3565 593 ultimus

314 607 375 658 ιν
403 607 651 677 ἐσχάτοις
693 610 789 663 τοῦ
844 612 1040 676 αἰῶνος
1079 618 1323 689 καιροίςο
1376 619 1535 673 τοῦτο
1575 619 1685 690 γὰρ
1734 614 1878 690 οἶμαι

1997 619 2380 677 hebdomadis.
2412 621 2517 677 Per
2551 620 2712 677 iidem
2753 639 2883 681 vero
2914 633 3140 683 sanatos
3172 634 3227 682 et
3259 628 3312 682 in
3350 629 3565 682 novita-

313 698 377 751 τὸ
419 699 701 755 Σάϐϐατον
739 703 957 775 δηλοῦν,
986 706 1305 763 τελευταίαν
1332 705 1497 766 οὖσαν
1528 712 1628 782 τῆς
1658 711 1888 783 ἑϐδομά-

218 826 233 834 -
311 790 402 854 δος
422 793 655 863 ἡμέραν.
697 797 1114 869 Κομισαμένους
1135 799 1192 854 δὲ
1223 802 1370 869 ἆπαξ
1398 801 1497 874 τὴν
1532 803 1619 857 διὰ
1650 804 1886 869 πίστεως

311 881 648 952 θεραπείαν,
685 888 779 941 καὶ
831 890 913 953 είς
965 893 1261 963 καινότητα
1312 895 1884 968 μεταρῤυθμισθέντας

310 973 482 1044 ζωῆς,
516 975 614 1047 τὴν
650 978 750 1048 μὲν
794 979 887 1033 τοῦ
932 982 1157 1053 νομικοῦ
1187 986 1515 1057 γράμματος
1548 987 1887 1059 παλαιότητα

311 1067 444 1135 παρ’
476 1068 630 1121 οὐδὲν
675 1069 886 1142 ἀνάγκη
945 1074 1229 1141 ποιεῖσθαι,
1283 1078 1663 1148 παραιτεῖσθαι
1695 1077 1752 1131 δὲ
1785 1076 1885 1150 τὴν

305 1159 387 1221 ὡς
414 1161 473 1212 ὲν
504 1164 682 1224 σκιαῖς
710 1163 1078 1238 αἰνιγματώδη
1102 1166 1379 1239 λατρείαν.
1423 1168 1704 1223 Ἐντεῦθεν
1728 1164 1882 1239 οἴμαι

304 1247 541 1303 λαϐόντα
582 1250 677 1304 τοῦ
728 1252 886 1321 λόγου
932 1255 1032 1318 τὰς
1076 1256 1334 1328 ἀφορμάς
1359 1257 1575 1311 καὶτὸν
1612 1256 1882 1328 μακάριον

303 1341 611 1397 ἐπιστεῖλαι
660 1345 871 1399 Παῦλον
917 1349 1029 1409 τοῖς
1076 1347 1215 1418 μετὰ
1243 1348 1341 1419 τὴν
1382 1349 1564 1403 πίστιν
1592 1348 1876 1417 παλινδροο

1994 720 2101 768 tem
2124 712 2252 770 vitae
2276 711 2604 768 reformatos
2626 714 2824 771 litterae
2850 717 3072 787 quidem
3099 718 3290 790 legalis
3322 716 3563 774 vetusta~

1993 808 2100 855 tem
2130 816 2357 859 necesse
2378 809 2464 857 est
2489 802 2751 873 abjicere,
2784 815 2839 862 et
2865 808 3074 864 cultum
3105 810 3346 880 typicum
3380 814 3560 881 repel-

1991 889 2125 945 lere.
2154 890 2293 946 Hinc
2318 891 2610 948 occasione
2640 901 2883 964 sumpta,
2907 896 3127 953 beatum
3158 914 3378 971 quoque
3418 898 3560 953 Pau-

1991 980 2104 1036 lum
2136 982 2334 1052 opinor
2364 982 2655 1053 scripsisse
2680 983 2751 1041 iis
2777 986 2873 1054 qui
2901 994 3025 1057 post
3064 987 3220 1045 tidem
3247 998 3557 1061 susceptam

1989 1083 2345 1129 revertuntur
2372 1075 2441 1129 ad
2469 1075 2641 1146 legem
2668 1094 2684 1132 :
2719 1095 2738 1128 ι
2777 1078 2908 1133 Dico
2930 1088 3112 1135 autem
3145 1082 3302 1137 vobis
3323 1083 3474 1152 quia,
3511 1084 3556 1137 si

1985 1163 2484 1231 circumcidamini,
2514 1164 2771 1222 Christus
2820 1167 2981 1224 vobis
3026 1169 3163 1223 nihil
3215 1170 3491 1240 proderit;
3535 1189 3551 1222 ι

1986 1253 2151 1308 item:
2183 1272 2203 1306 ι
2235 1254 2494 1309 Evacuati
2524 1256 2658 1313 estis
2685 1271 2716 1311 a
2740 1256 2984 1324 Christo,
3016 1258 3114 1329 qui
3137 1259 3195 1314 in
3227 1260 3346 1330 lege
3390 1259 3558 1329 justi-

1983 1343 2249 1409 ﬁcamini,
2285 1357 2314 1398 a
2341 1345 2514 1415 gratia
2548 1346 2836 1402 excidistis
2863 1350 2930 1402 “.
2971 1366 2990 1399 ι

306 1435 506 1505 μοῦσιν
534 1438 629 1492 ἐπὶ
650 1438 739 1492 τὸν
767 1440 958 1509 νόμον·
1031 1459 1048 1491 ι
1080 1441 1237 1512 Λέγω
1273 1442 1331 1496 δὲ
1361 1442 1511 1514 ὑμῖν,
1583 1443 1664 1496 ὅτι
1727 1440 1826 1494 ἐὰν
1882 1436 2319 1507 περιτέμνησθε,
2365 1438 2598 1509 Χριστὸς
2646 1439 2793 1509 ὑμᾶς
2840 1440 2991 1493 οὐδὲν
3039 1440 3331 1513 ὠφελήσει·
3390 1462 3408 1496 ι
3465 1445 3558 1498 καὶ

301 1529 505 1582 πάλιν·
555 1549 573 1583 ι
618 1532 1019 1604 Κατηργήθητε
1076 1534 1183 1587 ἀπὸ
1237 1533 1505 1606 Χριστοῦ,
1563 1534 1761 1596 οίτινες
1811 1532 1870 1585 ὲν
1907 1528 2056 1599 νόμῳ
2085 1526 2413 1593 δικαιοῦσθε,
2444 1528 2545 1597 τῆς
2581 1529 2800 1599 χάριτος
2837 1530 3147 1595 ἐξεπέσατε.
3186 1552 3205 1584 ι

380 1623 639 1690 Ἔλεγον
674 1617 787 1678 οὗν
822 1626 877 1677 oi
934 1624 1209 1679 ἰουδαῖοι
1244 1624 1326 1692 τῷ
1357 1624 1872 1695 τεθεραπευμένφο

2054 1617 2121 1683 ν,
2158 1617 2244 1671 10.
2288 1618 2540 1672 Dicebant
2565 1635 2688 1690 ergo
2719 1619 2901 1675 Judaei
2931 1623 3013 1675 illi
3047 1624 3138 1692 qui
3175 1634 3399 1679 sanatus
3434 1627 3554 1695 fuc-

299 1712 613 1767 Σὰὅόατόν
661 1714 826 1782 ἐστι,
885 1714 984 1768 καὶ
1032 1718 1142 1770 οὐκ
1188 1691 1395 1781 ἔξεστί
1440 1691 1540 1771 σοι
1592 1691 1727 1785 ἆραι
1774 1713 1878 1769 τὸν

1984 1718 2071 1763 rat
2099 1726 2118 1762 :
2153 1709 2444 1765 Sabbatum
2473 1718 2574 1774 est,
2617 1727 2721 1765 non
2770 1712 2889 1766 licet
2922 1712 3017 1766 tibi
3053 1691 3239 1769 tollere
3270 1691 3554 1786 grabatum

295 1803 637 1872 κράϐϐατόν
673 1822 812 1861 σου.

389 1894 835 1965 Ἐπικαιρότατον
888 1890 1040 1966 οἶμαι
1077 1895 1204 1968 βοᾷν
1262 1897 1354 1950 ἐπὶ
1400 1896 1641 1959 τούτοις⁶
1680 1914 1700 1948 ι
1747 1894 1879 1948 Ἰδοὺ

292 1982 433 2045 λαὸς
460 1985 661 2056 μωρὸς,
699 1987 794 2039 καὶ
829 1986 1089 2059 ἀκάρδιος
1108 2001 1122 2015 ·
1159 1986 1430 2057 ὀφθαλμοὶ
1458 1987 1661 2052 αὐτοῖς,
1690 1984 1787 2039 καὶ
1817 1985 1878 2037 ού

296 2072 582 2141 βλέπουσι.
625 2092 644 2127 ι
675 2075 741 2128 Τί
780 2075 891 2147 γὰρ
939 2075 1007 2130 ἂν
1047 2076 1259 2145 γένοιτο
1292 2076 1403 2129 τῶν
1425 2075 1682 2130 τοιούτων
1714 2076 1880 2130 ἀπαι-

292 2163 645 2235 δευτότερον,
681 2163 716 2236 ἢ
759 2166 813 2219 τί
862 2166 998 2237 πρὸς
1043 2166 1396 2236 ἀναισθησίαν
1436 2166 1498 2219 τὸ
1538 2164 1761 2236 μεῖζον;
1805 2163 1879 2217 Τὸ

300 2255 407 2324 μὲν
439 2254 549 2327 γὰρ
592 2257 675 2309 ὅτι
720 2257 987 2329 προσήκει
1037 2257 1339 2328 θαυμάζειν
1391 2256 1608 2319 αὐτοὺς,
1649 2256 1747 2327 τὴν
1779 2254 1876 2307 τοῦ

295 2348 740 2418 Θεραπεύσαντος
774 2346 1003 2419 δύναμιν
1048 2349 1107 2402 ού
1134 2349 1376 2419 δέχονται
1407 2347 1550 2402 κατά
1588 2345 1713 2399 νοῦν
1737 2361 1751 2378 ο
1785 2363 1872 2398 πι-

294 2437 428 2505 κρο)⁸
458 2436 515 2488 δὲ
548 2437 700 2500 ὄντες
741 2438 1086 2508 ὲπιτιμηταὶ,
1136 2438 1231 2492 καὶ
1274 2438 1433 2508 μόνον
1486 2437 1686 2500 είδότες
1718 2434 1877 2490 τοῦτο

268 2525 517 2593 καλῶς,
571 2525 919 2596 παρανομίας
987 2526 1292 2599 ἐγκλήματι
1344 2524 1733 2597 περιϐάλλουσι
1782 2524 1875 2578 τὸν

293 2616 428 2684 ἄρτι
458 2615 551 2667 καὶ
579 2613 731 2683 μόλις
754 2613 854 2684 τῆς
889 2616 1110 2686 μακρᾶς
1150 2615 1502 2684 ἀνακύψαντα
1538 2613 1717 2679 νόσου,
1755 2612 1874 2666 κεῖ-

295 2704 428 2758 σθαι
472 2705 529 2758 δὲ
565 2706 725 2759 πάλιν
766 2704 1145 2759 ἐπιτάττουσιν
1184 2705 1440 2775 ἀμαθῶς,
1482 2705 1558 2767 ὡς
1585 2704 1679 2758 καὶ
1707 2704 1767 2757 ὲν
1793 2703 1874 2774 τῷ

293 2798 500 2869 χρῆναι
550 2799 723 2850 νοσεῖν
774 2796 873 2866 τῆς
931 2799 1012 2861 είς
1065 2797 1126 2850 τὸ
1172 2796 1446 2851 Σάϐϐατον
1487 2795 1874 2867 πληρουμένης

290 2893 488 2961 τιμῆς.

380 2978 443 3031 '0
480 2979 549 3034 δὲ
579 2981 866 3049 ἀπεκρίθη
904 2978 1111 3042 αὐτοῖς
1139 2995 1152 3009 ·
1199 2979 1263 3031 '0
1305 2976 1569 3045 ποιήσας
1592 2994 1669 3047 με
1703 2976 1866 3047 ὑγιῆ,
1901 3019 1943 3076 C

289 3070 530 3138 ἐκεῖνός
556 3090 658 3142 μοι
684 3069 882 3127 εἶπεν
908 3067 1096 3139 *Αρον
1120 3070 1227 3124 τὸν
1246 3068 1579 3137 κράϐϐατόν
1600 3084 1739 3137 σου,
1775 3069 1872 3123 καί

293 3164 622 3231 περιπάτει.
667 3163 1008 3233 Ἡρώτησαν
1040 3158 1154 3219 οὖν
1181 3162 1386 3215 αὐτόν.

371 3253 698 3326 Σοφωτάτην
738 3257 765 3309 6
813 3255 971 3325 λόγος
1011 3254 1192 3309 ὡδίνει
1239 3251 1336 3324 τὴν
1378 3250 1620 3314 ἔννοιαν,
1656 3251 1749 3304 καὶ
1774 3252 1875 3321 τῆς

307 3343 579 3399 Ἰουδαίων
620 3346 951 3418 δυστροπίας
995 3346 1457 3416 ἀποκρουστικήν.
1512 3341 1729 3413 Ἐπειδὴ
1765 3340 1875 3411 γὰρ

290 3435 398 3486 ούκ
423 3433 632 3498 ἔξεστιν
664 3438 722 3489 ὲν
764 3426 1028 3506 Σαϐϐάτῳ
1053 3477 1067 3501 ,
1108 3434 1292 3505 φησὶν,
1331 3433 1511 3487 οἴκαδε
1542 3434 1644 3505 τὴν
1684 3434 1875 3501 κλίνην

294 3526 489 3580 ἑλόντα
547 3527 825 3597 βαδίζειν,
883 3527 1227 3598 παρανομίας
1280 3525 1359 3596 τῷ
1416 3524 1875 3597 τεθεραπευμένῳ

294 3620 599 3689 βάπτοντες
643 3621 894 3691 γραφὴν,
941 3620 1256 3689 ἀναγκαίως
1306 3619 1491 3682 αὐτοῖς
1540 3617 1875 3689 γοργοτέραν

294 3707 586 3775 ἀντεξάγει
632 3709 732 3776 τὴν
763 3707 1088 3775 ἀπολογίαν,
1131 3708 1336 3760 ἐκεῖνον
1369 3705 1520 3776 αύτῷ
1552 3707 1874 3776 περιπατεῖν

292 3797 613 3851 ἐντετάλθαι
672 3797 879 3865 λέγων,
941 3797 999 3860 ὃς
1049 3797 1142 3851 καὶ
1202 3796 1303 3867 τῆς
1348 3796 1537 3865 ὑγείας
1594 3794 1872 3866 ἀνεδείχθη

290 3888 483 3959 δοτὴρ,
514 3889 673 3956 μόνον
701 3887 758 3941 δὲ
781 3888 903 3958 οὐχ).
946 3887 1189 3941 τοιοῦτόν
1220 3887 1272 3940 τί
1302 3903 1467 3955 φησιν
1487 3900 1502 3916 ·
1558 3884 1874 3954 Ἀξιολογώ-

290 3995 481 4043 τατον,
508 3970 553 4031 ὦ
583 3970 731 4032 οῦτοι
749 4019 765 4043 ,
795 3977 938 4049 φημὶ
967 3978 1103 4048 πρὸς
1123 3977 1184 4031 τὸ
1216 3976 1415 4047 χρῆναι
1443 3975 1740 4045 τιμᾶσθαι,
1782 3976 1876 4028 καὶ

290 4070 488 4123 λυπεῖν
520 4069 826 4124 ἐπιτάττειν
861 4070 961 4133 τὰς
1006 4067 1101 4122 τοῦ
1158 4067 1439 4122 Σαϐϐάτου
1489 4067 1677 4137 τιμὰς,
1709 4068 1802 4121 τὸν
1830 4060 1874 4136 ᾧ

290 4161 534 4231 τοσαύτη
567 4162 859 4232 πρόσεστιν
896 4161 1080 4229 ἰσχῦς,
1132 4158 1247 4212 ἔστι
1290 4159 1385 4213 καὶ
1432 4159 1627 4229 χάρις,
1674 4157 1750 4223 ὡς
1776 4158 1875 4230 τὴν

293 4248 439 4318 ὶμὴν
461 4247 712 4314 ἐξελάσαι
743 4246 917 4302 νόσον.
955 4247 1016 4300 Εἰ
1047 4244 1156 4317 γὰρ
1177 4245 1273 4299 τοῦ
1303 4248 1557 4316 τυχόντος
1586 4246 1701 4298 ἐστὶ
1726 4246 1785 4299 τὸ
1819 4248 1877 4300 ὲν

1984 1805 2153 1849 tuum.

2052 1885 2223 1940 Valae
2267 1895 2598 1957 opportune,
2637 1895 2698 1943 ut
2731 1905 2875 1953 reor,
2909 1890 3003 1946 hic
3042 1892 3201 1947 nobis
3242 1894 3548 1951 exclaman~

1981 1976 2111 2031 dum
2151 1984 2236 2033 est
2264 1994 2276 2028 :
2309 1994 2328 2028 (
2358 1977 2498 2033 Ecce
2529 1981 2766 2048 populus
2799 1981 3000 2037 stultus
3022 1993 3076 2037 et
3102 1998 3296 2040 vecors
3339 2001 3353 2036 :
3406 1987 3553 2041 oculi

1981 2075 2113 2124 sunt
2159 2069 2319 2140 ipsis,
2349 2077 2405 2125 et
2449 2086 2561 2125 non
2594 2069 2783 2125 vident
2800 2071 2867 2123 ³⁸.
2907 2092 2926 2125 ι
2955 2072 3097 2138 Quid
3125 2075 3273 2129 enim
3315 2075 3402 2131 his
3434 2068 3553 2132 stu-4

1979 2158 2168 2228 pidius
2195 2168 2290 2214 aut
2331 2158 2570 2215 inertius
2605 2173 2730 2215 esse
2770 2161 2987 2230 potest?
3013 2160 3132 2217 Non
3172 2165 3317 2217 enim
3345 2163 3555 2219 intelli-

1980 2257 2116 2320 gunt
2146 2248 2557 2319 suspiciendam
2594 2250 2699 2306 sibi
2720 2265 2844 2306 esse
2869 2251 2975 2305 vim
3006 2260 3059 2307 et
3086 2260 3410 2322 potestatem
3431 2256 3553 2326 ejus

1977 2340 2074 2411 qui
2101 2340 2364 2396 sanavit:
2402 2340 2497 2397 sed
2529 2340 2634 2395 hoc
2663 2356 2834 2395 unum
2878 2342 3085 2407 sciunt,
3117 2346 3319 2400 acerbe
3372 2346 3553 2401 incre-

1978 2445 2131 2501 pare,
2161 2430 2407 2501 adeoque
2422 2430 2641 2486 violataa
2666 2430 2806 2502 legis
2835 2432 3046 2487 crimen
3077 2432 3352 2488 intentant
3378 2436 3429 2490 ei
3454 2436 3548 2505 qui

1976 2537 2174 2579 recens
2197 2536 2262 2577 ac
2289 2523 2381 2578 vix
2409 2522 2673 2577 diuturno
2700 2522 2891 2578 morbo
2922 2524 3141 2579 solutus
3167 2524 3367 2591 fuerat,
3392 2540 3549 2580 eum-

1975 2629 2083 2684 que
2114 2628 2334 2668 rursum
2356 2613 2689 2669 decumbere
2720 2613 2887 2669 stulte
2920 2614 3270 2685 przecipiunt,
3302 2616 3464 2686 quasi
3494 2617 3549 2671 in

1974 2705 2276 2778 :cgrotandi
2307 2704 2644 2761 necessitate
2679 2704 2909 2761 Sabbati
2942 2706 3121 2762 honor
3152 2708 3450 2763 consistat.

2048 2970 2114 3038 V,
2141 2973 2227 3029 Η.
2268 2972 2368 3029 Ille
2407 2984 2584 3028 autem
2626 2974 2895 3041 respondit
2928 2974 3002 3028 eis
3039 2990 3057 3028 :
3092 2972 3195 3040 Qui
3228 2989 3307 3026 me
3351 2987 3544 3027 sanum

1977 3064 2122 3133 fecit,
2152 3065 2243 3119 ille
2271 3065 2398 3119 mihi
2432 3066 2610 3120 dixit:
2639 3065 2787 3120 Tolle
2826 3064 3110 3136 grabatum
3144 3075 3312 3131 tuum,
3347 3075 3396 3119 ct
3430 3082 3543 3121 am-

1977 3154 2123 3208 bula.
2162 3154 2626 3227 lnterrogavcrunt
2653 3172 2776 3227 ergo
2808 3172 2947 3212 eum.

2047 3246 2527 3316 Sapientissimam
2568 3250 2685 3302 haec
2715 3247 2881 3303 verba
2925 3247 3259 3304 sententiam
3303 3246 3545 3318 pariunt,

1975 3354 2084 3408 qua
2114 3336 2433 3392 Judeorum
2471 3338 2809 3408 perversitas
2853 3338 3187 3408 exploditur.
3222 3336 3360 3392 Cum
3396 3338 3545 3392 enim

1976 3430 2165 3487 dicant
2204 3445 2312 3485 non
2345 3430 2512 3487 licere
2536 3429 2590 3483 in
2632 3427 2900 3494 Sabbato.
2930 3429 3146 3486 sublato
3168 3429 3421 3501 grabato.
3450 3428 3549 3485 do-

1977 3537 2124 3576 mum
2154 3523 2450 3592 prolicisci,
2476 3521 2951 3593 praevaricationis
2974 3523 3179 3578 crimen
3199 3522 3247 3576 ei
3273 3525 3366 3591 qui
3387 3537 3549 3577 sana-

1977 3620 2068 3667 tus
2099 3611 2277 3665 iuerat
2301 3615 2664 3677 intentantes,
2684 3612 3005 3667 necessario
3037 3611 3123 3667 his
3157 3612 3431 3667 acriorem
3451 3612 3548 3666 de-

1976 3704 2285 3759 fensionem
2300 3704 2548 3774 opponit,
2568 3704 2760 3760 dicens
2777 3704 2846 3759 ab
2863 3704 2960 3758 illo
2981 3718 3039 3759 se
3057 3702 3375 3758 ambulandi
3396 3716 3551 3758 man-

1976 3794 2166 3849 datum
2197 3796 2504 3864 accepisse,
2532 3811 2562 3849 a
2594 3810 2701 3864 quo
2728 3795 3021 3850 sanitatem
3040 3793 3206 3850 etiam
3239 3794 3468 3865 accepit,
3496 3806 3550 3851 et

1979 3885 2293 3941 istiusmodi
2322 3886 2582 3955 quiddam
2616 3894 2831 3941 tantum
2858 3901 2964 3939 non
2997 3885 3073 3939 ait
3099 3902 3112 3937 :
3136 3884 3417 3939 Summam
3453 3902 3549 3940 au-

1976 3978 2288 4032 ctoritatem
2340 3992 2452 4048 qua
2498 3977 2799 4031 Sabbatum
2852 3976 3016 4045 210
3051 3976 3158 4031 coli
3206 3986 3302 4030 aut
3353 3976 3546 4032 violari

1973 4068 2167 4138 jubeat
2200 4069 2256 4122 in
2299 4083 2365 4123 eo
2406 4083 2531 4124 esse
2567 4069 2715 4131 dico,
2762 4069 2854 4123 cui
2905 4076 3055 4121 tanta
3096 4067 3175 4122 vis
3212 4068 3355 4123 inest
3385 4076 3550 4140 atque

1976 4159 2174 4231 gratia,
2199 4167 2259 4213 ut
2291 4174 2474 4213 meum
2511 4160 2762 4215 morbum
2795 4159 3058 4229 abegerit.
3087 4156 3223 4211 Nam
3262 4159 3306 4215 si
3337 4174 3398 4214 ea
3430 4160 3550 4214 laus

1980 4266 2011 4303 a
2033 4249 2229 4318 quovis
2253 4249 2433 4303 aliena
2479 4258 2585 4312 est,
2617 4249 2926 4318 virtutique
2963 4263 3027 4302 ac
3061 4250 3321 4318 potestati
3353 4249 3550 4304 divinae

292 4339 507 4401 τούτοις
557 4337 881 4407 διαπρέπειν
927 4337 1242 4408 ἀλλότριον,
1291 4337 1521 4408 ἁρμόσει
1570 4336 1629 4389 δὲ
1676 4336 1874 4406 μᾶλλον

1980 4342 2261 4403 convenit,
2300 4340 2580 4410 quomodo
2612 4355 2676 4394 ea
2714 4340 2952 4404 excidet,
2992 4338 3191 4409 inquit,
3227 4341 3318 4410 qui
3353 4356 3549 4410 opera-

293 4430 549 4501 ἐνεργείᾳ
592 4429 685 4481 καὶ
722 4427 950 4497 δυνάμει
988 4427 1313 4497 θεοπρεπεῖ,
1358 4426 1475 4490 πῶς
1508 4426 1575 4481 ἂν
1617 4427 1870 4498 ἁμάρτοι,

294 4522 483 4591 φησιν,
529 4522 558 4573 ό
602 4519 805 4573 τούτων
839 4517 1105 4590 ὲργάτηςς
1136 4520 1169 4588 ἢ
1218 4518 1336 4582 πῶς
1380 4517 1448 4571 ἂν
1472 4518 1533 4571 ού
1557 4519 1775 4583 πάντως
1806 4520 1875 4573 τά

294 4610 671 4682 κεχαρισμένα
707 4609 825 4679 Θεῷ
870 4607 1319 4679 συμϐουλεύσειεν
1362 4609 1391 4660 6
1444 4608 1722 4681 θεοπρεπῆ
1775 4608 1873 4679 τὴν

291 4704 524 4772 δύναμιν
568 4703 742 4772 ἐχων;
779 4700 982 4773 Τρέφει
1032 4700 1212 4755 τοίνυν
1257 4701 1315 4754 ὲν
1367 4699 1548 4772 ἑαυτῷ
1596 4701 1801 4771 πικρὰν
1847 4704 1877 4755 ό

290 4796 452 4863 λόγος
480 4794 580 4864 τὴν
602 4793 861 4862 ἔμφασιν.

369 4888 470 4949 Τίς
499 4886 671 4939 ἐστιν
697 4887 728 4938 ό
756 4883 1065 4951 ἄνθρωπος
1102 4886 1135 4937 ὁ
1176 4883 1359 4937 εἰπών
1388 4900 1486 4938 σοι
1508 4899 1522 4915 °
1553 4879 1739 4952 'Apor
1769 4884 1876 4939 τὸν

292 4975 633 5044 κράϐὄατόν
660 4988 799 5038 σου,
834 4974 934 5027 καὶ
959 4974 1308 5041 περιπάτεις
1357 4977 1410 5027 '0
1436 4975 1504 5028 δὲ
1539 4976 1726 5042 ἰαθεὶς
1761 4979 1873 5031 οὐκ

294 5068 426 5135 ᾔδει
454 5068 549 5131 τίς
585 5066 788 5118 ἐστιν’
839 5067 872 5119 ό
908 5066 1017 5135 γὰρ
1055 5065 1295 5133 Ἰησοῦς
1338 5066 1664 5131 ἐξένευσεν
1686 5067 1875 5135 ὄχλου

292 5161 473 5224 ὄντος
504 5159 574 5210 ὲν
600 5156 679 5223 τῷ
719 5158 898 5221 τόπῳ.
930 5158 1093 5211 Μετὰ
1134 5157 1323 5211 ταῦτα
1365 5160 1634 5227 εὑρίσκει
1689 5159 1877 5214 αὐτὸν

294 5254 326 5303 ό
369 5249 615 5316 Ἰησοῦς
642 5249 714 5302 ἐν
741 5246 820 5314 τῷ
848 5247 1001 5316 ίερῷ,
1050 5248 1149 5304 καί
1178 5245 1347 5303 εἷπεν
1376 5251 1556 5315 αὐτῷ.

370 5340 685 5410 ¹Ἀπληστος
722 5340 802 5402 εἰς
856 5339 1171 5410 μιαιφονίαν
1214 5341 1325 5394 τῶν
1379 5341 1649 5396 Ἰουδαίων
1674 5344 1704 5397 6
1733 5345 1877 5409 νοῦς.

1978 4447 2073 4485 rur
2101 4431 2331 4487 isthaac?
2354 4438 2451 4485 aut
2484 4429 2762 4501 quomodo
2790 4445 2897 4484 non
2931 4436 2985 4483 et
3009 4440 3236 4499 accepta
3268 4428 3378 4485 Deo
3412 4446 3548 4486 con-

1976 4522 2141 4586 sulet,
2177 4523 2270 4591 qui
2293 4521 2484 4576 divina
2512 4529 2787 4591 potestate
2822 4519 3087 4590 praiditus
3116 4522 3239 4575 est?
3267 4519 3324 4575 In
3361 4537 3419 4577 se
3447 4523 3547 4577 ita-

1975 4630 2083 4686 que
2114 4614 2228 4669 lnec
2263 4613 2432 4670 verba
2459 4612 2746 4669 continent
2785 4626 2967 4667 acrem
3005 4610 3331 4681 emphasim.

2048 4894 2113 4958 ν,
2154 4894 2337 4948 12-14.
2368 4892 2498 4959 Quis
2539 4901 2616 4947 est
2654 4892 2746 4946 ille
2775 4890 2928 4945 homo
2945 4889 3037 4960 qui
3075 4888 3212 4942 dixit
3238 4887 3331 4941 tibi
3363 4905 3380 4942 :
3407 4888 3553 4942 Tolle

1975 4986 2257 5057 grabatum
2315 4995 2487 5048 tuum,
2529 4993 2579 5038 et
2620 4983 2880 5037 ambula?
2918 4980 2974 5035 Is
3017 4980 3107 5050 qui
3153 4993 3315 5032 sanus
3374 4978 3548 5045 fuerat

1974 5077 2214 5145 e/fectus,
2247 5077 2509 5130 nesciebat
2533 5075 2653 5145 quis
2687 5083 2821 5129 esset
2849 5089 2867 5127 :
2908 5070 3065 5126 Jesus
3099 5070 3238 5123 enim
3266 5068 3549 5122 declinavit

1978 5183 2010 5219 a
2041 5167 2194 5219 turba
2218 5168 2507 5220 constituta
2539 5165 2747 5220 inloco.
2782 5163 2976 5217 Postea
3009 5160 3201 5214 invenit
3234 5176 3353 5213 eum
3394 5157 3551 5214 Jesus

1980 5258 2034 5310 in
2071 5257 2283 5324 templo,
2318 5266 2368 5311 et
2400 5258 2538 5311 dixit
2568 5257 2673 5311 illi.

2053 5343 2377 5414 [inexplebili
2427 5343 2595 5399 caedis
2646 5341 2947 5412 cupiditate
3013 5338 3167 5393 ardet
3236 5336 3553 5394 Judazorvm

298 5431 627 5504 Διερευνῶσι
656 5431 746 5486 τὸν
774 5431 1124 5498 ἐπιτάξαντα,
1172 5433 1590 5487 συνεπιπλὲκειν
1618 5434 1780 5490 αύτὸν
1804 5437 1878 5508 τῷ

1991 5435 2225 5489 animus.
2250 5433 2656 5504 lndaganteum
2682 5431 2776 5501 qui
2802 5445 3012 5501 aegrum
3043 5430 3213 5500 jussit
3246 5432 3553 5494 ambulare,

298 5522 619 5593 παραδόξως
652 5524 964 5592 ὑγιασθέντι
997 5523 1389 5595 βουλευόμενοι.
1430 5527 1610 5591 Μόνος
1647 5526 1776 5599 γάρ,
1805 5527 1878 5593 ὡς

1989 5533 2296 5584 statuentes
2326 5528 2505 5597 ipsum
2529 5541 2634 5581 una
2657 5539 2781 5579 cum
2818 5538 2883 5577 eo
2915 5521 3006 5592 qui
3031 5521 3360 5577 mirabiliter
3393 5537 3553 5575 sana-

298 5616 465 5678 εἰκὸς,
504 5615 828 5669 κινδυνεύων
857 5614 1046 5670 ἐλύπει
1066 5615 1155 5670 διὰ
1173 5616 1233 5669 τὺ
1262 5617 1561 5687 Σάϐϐατον,
1592 5619 1620 5673 6
1651 5618 1878 5691 βρόχους

1986 5627 2076 5677 tus
2108 5619 2293 5678 fuerat
2329 5620 2568 5676 irrctire.
2603 5617 2961 5690 Angebantur
2989 5616 3157 5681 enim,
3196 5623 3256 5670 ut
3310 5620 3552 5684 apparet,

377 5792 424 5825 “
458 5794 641 5851 σλιπ.
674 5812 727 5863 v,
758 5795 813 5863 2,
851 5795 902 5850 4.
988 5798 1031 5829 ’⁵
1067 5793 1268 5852 Jcrcm.
1300 5813 1353 5865 v,
1389 5797 1477 5852 2L
