4102 6550
639 378 747 434 545

1634 376 1692 432 S.
1732 373 2012 432 CYRILLI
2049 373 2527 432 ALEXANDRINI
2560 369 2882 428 ARCHIEP.
3777 374 3865 432 δυ

640 487 789 560 quod
842 486 998 543 solus
1044 464 1472 556 periclitaretur,
1514 492 1740 555 propter
1782 482 2103 551 Sabbatum,
2155 484 2204 540 is

2312 485 2438 555 ἄρτι
2483 485 2576 538 καὶ
2604 482 2839 551 παγίδας
2881 478 3156 548 ἀφύκτους
3194 476 3511 551 διαδραμὼν
3537 517 3552 543 ,
3584 482 3678 535 καὶ
3712 485 3866 543 αὐτῶν

638 580 734 650 qui
764 578 925 634 modo
950 579 1177 648 laqueos
1205 576 1548 633 inevitabiles
1573 576 1888 648 aufugerat,
1910 586 1965 634 et
1986 592 2051 632 ex
2071 577 2205 648 ipsis

638 669 835 724 mortis
876 668 1063 738 ianuis
1094 667 1330 723 eductus
1360 666 1561 722 fuerat.
1587 666 1857 722 Medicum
1889 682 2021 722 vero
2058 666 2203 721 indi-

639 775 771 815 care
804 774 913 814 non
948 767 1152 829 potest,
1201 758 1454 828 quamvis
1483 774 1606 813 eum
1668 758 1917 815 studiose
1960 758 2208 829 inquire-

638 858 786 915 rent,
810 850 1033 906 Christo
1061 851 1305 921 seipsum
1332 850 1600 921 singulari
1618 852 1860 907 consilio
1890 852 2125 917 celante,
2148 857 2209 905 ut

638 956 832 997 eorum
880 942 1235 1012 intemperias
1266 943 1591 999 declinaret.
1632 942 1822 1013 Neque
1855 958 1987 999 vero
2022 942 2206 1013 fugam

640 1033 906 1105 suscipit,
950 1034 1109 1105 quasi
1154 1035 1270 1105 pati
1320 1034 1532 1105 aliquid
1578 1035 1725 1091 velut
1764 1050 1829 1089 et
1879 1034 2209 1089 necessitate

641 1126 845 1195 possit,
885 1126 993 1182 nisi
1040 1126 1157 1195 pati
1202 1125 1384 1189 velit,
1448 1126 1544 1181 sed
1591 1126 1755 1180 nobis
1794 1124 1960 1181 etiam
2008 1125 2064 1179 in
2106 1123 2209 1179 hoc

640 1218 952 1286 exemplum
987 1218 1230 1287 seipsum
1260 1232 1455 1273 rursus
1482 1217 1701 1272 statuit.

712 1305 782 1372 ν,
814 1308 900 1362 14.
931 1306 1066 1362 Ecce
1103 1325 1266 1361 sanus
1305 1325 1383 1371 es,
1413 1308 1528 1379 jam
1571 1309 1680 1363 noli
1703 1322 1939 1375 peccare,
1976 1321 2039 1360 ne
2074 1304 2211 1360 dete-

646 1397 759 1450 rius
791 1399 886 1451 tibi
924 1396 1127 1466 aliquid
1174 1400 1469 1467 contingat.

714 1486 818 1554 Qui
847 1487 1035 1543 divino
1062 1488 1299 1542 consilio
1326 1488 1566 1557 primum
1602 1488 1787 1552 latuit,
1824 1485 2018 1542 eodem
2064 1501 2211 1542 nunc

642 1591 865 1631 rursum
924 1585 1173 1647 apparet,
1234 1578 1563 1647 congruenti
1611 1580 1912 1648 unicuique
1966 1591 2212 1648 tempore

643 1674 883 1722 servato.
936 1666 1048 1722 Nec
1076 1669 1224 1723 enim
1252 1669 1557 1739 quidquam
1597 1670 1667 1724 ab
1697 1685 1764 1725 eo
1793 1670 1885 1739 qui
1925 1681 2209 1739 peccatum

642 1754 821 1808 nescit
883 1754 1003 1809 ﬁeri
1058 1765 1239 1825 potest
1295 1760 1507 1831 absque
1567 1760 1913 1815 convenienti
1972 1760 2207 1814 ratione.

2313 573 2733 643 ὲξειλκυσμὲνος
2779 570 2889 624 τῶν
2924 569 3020 623 τοῦ
3066 568 3295 622 θανάτου
3348 569 3563 624 πυλῶν.
3611 571 3789 627 Εῖπεῖν
3820 579 3866 632 δὲ

2312 668 2403 720 τὸν
2444 665 2627 736 ἰατρὸν
2668 662 2847 717 καίτοι
2881 660 3330 727 φιλοπευστοῦσιν
3374 661 3481 715 οὐκ
3535 661 3670 732 ἔχει,
3712 667 3869 734 καλῶς
3918 674 3919 677 “

2313 775 2372 811 τε
2403 759 2496 811 καὶ
2535 755 2895 826 οἰκονομικῶς
2926 751 3375 824 κατακρύψαντος
3405 754 3605 807 ἑαυτὸν
3631 756 3720 808 τοῦ
3755 760 3867 831 Χρι-

2316 848 2474 913 στοῦ,
2516 849 2602 901 ἵνα
2628 847 2689 900 τὸ
2730 844 3047 916 παραυτίκα
3086 844 3286 916 θερμὸν
3325 844 3430 913 τῆς
3456 844 3681 897 ἐκείνων
3711 847 3864 919 ὀργῆς

2313 941 2519 1008 διεξίοι.
2546 940 2657 993 Καὶ
2691 938 2788 1007 οὐχ
2826 936 2903 1000 ῶς
2942 954 2995 989 τι
3024 936 3216 989 παθεῖν
3252 936 3328 999 ὼς
3360 935 3424 999 ἐξ
3459 936 3707 1007 ἀνάγκης
3734 939 3863 996 δυνά.

2318 1049 2497 1105 μενος,
2523 1033 2571 1083 εί
2596 1029 2671 1101 μὴ
2706 1027 2943 1099 βούλοιτο
2970 1026 3182 1090 παθεῖν,
3213 1026 3531 1096 ἐπιτηδεύει
3568 1028 3667 1096 τὴν
3689 1031 3865 1101 φυγὴν,

2313 1123 2429 1177 ἀλλ’
2474 1124 2605 1193 ⁴ἡμῖν
2646 1118 3011 1191 ὑπογραμμὸν
3059 1118 3152 1172 καὶ
3188 1116 3360 1188 τούτῳ
3400 1117 3469 1190 δὴ
3510 1118 3671 1173 πάλιν
3703 1121 3869 1176 ἑαυτὸν

2316 1212 2600 1275 καθιστάς.

2389 1302 2511 1356 Ἴδε
2544 1299 2722 1371 ὑγιὴς
2756 1299 3032 1369 γέγονας,
3064 1295 3277 1367 μηκέτι
3315 1295 3646 1366 ἁμάρτανε,
3671 1298 3766 1354 ινα
3794 1301 3867 1369 μή

2317 1394 2521 1464 χεῖρόν
2556 1392 2659 1446 σοι’
2691 1408 2744 1444 τι
2770 1393 3030 1458 γένηται.

2387 1483 2759 1555 Οἰκονομικῶς
2789 1481 2857 1535 τά
2896 1481 3087 1551 πρῶτα
3128 1478 3306 1533 λαθὼν
3340 1478 3699 1550 ἐμφανίζεται
3731 1481 3867 1542 πάλιν

2316 1574 2701 1647 οἰκονομικῶς,
2739 1573 2829 1626 τὸν
2865 1572 3121 1643 ἁρμόδιον
3163 1570 3377 1639 ἑκάστῳ
3406 1569 3656 1638 τηρήσας
3682 1572 3865 1639 καιρόν.

2317 1672 2391 1726 Οὐ
2416 1670 2525 1741 γὰρ
2544 1665 2611 1740 ἦν
2629 1684 2682 1720 τι
2704 1663 2958 1734 γενέσθαι
2994 1662 3146 1733 ποιρά
3170 1660 3265 1715 τοῦ
3309 1660 3386 1731 μὴ
3422 1659 3630 1721 εἰδότος
3655 1660 3866 1731 ἐξαμαρ·

2316 1765 2448 1825 τεϊν,
2476 1761 2504 1813 ὂ
2545 1759 2619 1830 μὴ
2653 1758 2869 1819 πάντως
2921 1754 3033 1825 ἔχει
3074 1753 3230 1821 λόγον
3264 1752 3354 1820 ὑφ’
3405 1749 3589 1820 ἐαυτῷ
3632 1751 3720 1803 τὸν
3758 1753 3868 1820 πρέ-

643 1840 1002 1900 Occasionem
1050 1846 1218 1916 igitur
1266 1863 1392 1903 eum
1437 1850 1755 1920 alloquendi
1806 1851 2072 1906 salutaris
2118 1851 2211 1904 illa

2312 1867 2502 1907 ποντα.
2524 1848 2806 1919 Πρόφασιν
2842 1844 3023 1898 τοίνυν
3043 1842 3144 1913 τῆς
3167 1842 3301 1913 πρὸς
3333 1839 3501 1894 αὐτὸν
3524 1838 3794 1905 διαλέξεως
3816 1842 3865 1895 τὸ

644 1932 947 1991 admonitio
978 1938 1235 2007 praebuit,
1260 1955 1369 2010 qua
1401 1938 1512 2009 jam
1554 1957 1665 1996 non
1701 1943 1936 2012 amplius
1975 1956 2213 2013 peccan-

643 2024 775 2080 dum
804 2028 965 2092 dixit,
1016 2044 1086 2084 ne
1123 2030 1493 2088 deterioribus
1528 2048 1691 2100 quam
1724 2034 1877 2103 prius
1912 2035 2074 2089 malis
2108 2034 2213 2087 im-

643 2116 899 2186 plicetur.
949 2118 1090 2174 llinc
1120 2136 1285 2189 porro
1316 2121 1479 2177 docet
1523 2139 1636 2178 non
1669 2125 1850 2180 solum
1882 2125 1938 2179 in
1970 2124 2214 2179 futurum

639 2208 910 2279 judicium
942 2212 1323 2280 peccatoribus
1371 2213 1541 2268 Deum
1588 2230 1875 2272 reservare
1920 2216 2215 2285 supplicia,

644 2299 747 2356 sed
773 2300 829 2355 in
864 2303 1194 2372 corporibus
1230 2304 1408 2359 adhuc
1441 2305 1706 2377 degentes
1736 2308 1902 2363 etiam
1935 2317 2078 2363 ante.
2095 2321 2215 2362 ma-

644 2405 814 2462 gnum
854 2400 909 2447 et
954 2392 1308 2450 manifestum
1362 2396 1515 2452 illum
1566 2397 1779 2454 Judicis
1831 2399 2214 2454 universorum

645 2480 792 2537 diem
829 2482 1001 2538 variis
1042 2485 1220 2541 modis
1252 2490 1468 2556 punire.
1494 2488 1655 2554 Quod
1687 2500 1868 2544 autem
1912 2504 2057 2558 saepe
2086 2488 2217 2543 leri-

643 2585 772 2625 mur
795 2573 1165 2642 percutientes
1212 2584 1267 2629 et
1312 2576 1651 2634 oti‘endentes
1697 2577 1895 2642 Deum,
1926 2578 2217 2633 testabitur

644 2675 814 2732 porro
866 2664 1318 2734 sapientissimus
1371 2667 1579 2726 Paulus
1614 2671 1702 2727 his
1761 2671 1948 2727 verbis
1982 2689 1995 2725 :
2036 2690 2054 2722 ι
2087 2670 2216 2726 ldeo

644 2749 791 2805 inter
817 2766 918 2807 vos
948 2754 1105 2809 multi
1144 2756 1342 2812 inﬁrmi
1374 2766 1427 2812 et
1474 2761 1796 2827 imbecilles,
1837 2771 1892 2816 et
1936 2760 2217 2815 dormiunt

643 2839 804 2895 multi
826 2858 839 2892 :
863 2842 1011 2911 quod
1030 2844 1075 2898 si
1101 2848 1475 2918 nosmetipsos
1489 2848 1947 2919 dijudicaremus,
1967 2866 2075 2905 non
2106 2852 2218 2905 uti-

644 2946 752 3002 que
782 2932 1184 3002 judicaremur.
1215 2936 1354 2992 Dum
1382 2939 1700 3008 iudicamur
1734 2943 1892 3011 211
1940 2950 2147 3007 autem,
2185 2956 2218 2996 a

646 3022 882 3080 Domino
922 3028 1278 3098 corripimur,
1303 3039 1363 3084 ut
1399 3046 1511 3086 non
1537 3047 1662 3087 cum
1692 3033 1798 3089 hoc
1822 3033 2028 3089 mundo
2058 3033 2215 3088 dam-

646 3128 842 3169 nemur
859 3117 925 3171 ".
962 3136 983 3169 ι

715 3226 787 3297 ν,
817 3228 906 3285 15.
936 3228 1079 3284 Abiit
1113 3232 1274 3301 igitur
1299 3233 1388 3288 ille
1417 3233 1660 3297 homo,et
1700 3237 1964 3291 nuntiavit
2008 3236 2213 3293 Iudaeis

644 3331 774 3388 quia
801 3315 958 3373 Iesus
993 3328 1127 3374 esset
1158 3322 1247 3388 qui
1268 3321 1391 3390 fecit
1422 3340 1541 3378 eum
1568 3341 1779 3379 sanum.

712 3405 922 3489 Judaais
958 3410 1167 3466 indicat
1191 3411 1404 3478 Jesum,
1436 3431 1546 3470 non
1579 3427 1636 3471 ut
1674 3418 1805 3472 mali
1840 3417 2123 3488 quidpiam
2158 3418 2218 3474 in

646 3501 834 3573 ipsum
870 3504 1177 3559 machinari
1204 3505 1495 3572 audentes,
1525 3507 1678 3579 impii
1696 3524 1818 3565 esse
1832 3510 2217 3582 deprehende-

646 3603 864 3661 rentur,
931 3596 1025 3653 sed
1108 3608 1168 3652 ut
1242 3598 1622 3655 admirabilem
1692 3601 1859 3656 istum
1942 3602 2216 3658 medicum

644 3697 1034 3759 agnoscerent,
1086 3690 1134 3746 si
1194 3691 1320 3762 quis
1357 3692 1524 3747 etiam
1571 3707 1764 3749 eorum
1812 3697 1993 3750 curari
2031 3696 2213 3750 vellet.

644 3778 1036 3836 Animadverte
1062 3781 1208 3837 enim
1231 3797 1340 3852 quo
1367 3790 1530 3853 pacto
1567 3783 1623 3839 id
1660 3784 1711 3839 ei
1738 3787 2082 3855 propositum
2121 3786 2213 3840 sit.

645 3866 767 3924 Non
795 3872 962 3936 enim,
999 3880 1061 3926 ut
1092 3873 1501 3944 vitilitigatores
1550 3877 1803 3931 nonnulli
1837 3878 2215 3943 volunt,nun-

646 3958 752 4014 tiat
798 3958 987 4016 Iesum
1023 3977 1149 4017 esse
1181 3978 1304 4017 eum
1338 3964 1432 4035 qui
1468 3965 1754 4021 ambulare
1795 3967 1965 4036 jussit
1995 3968 2049 4021 in
2081 3966 2218 4022 Sab-

646 4048 796 4114 Lato,
838 4049 934 4105 sed
986 4052 1081 4122 qui
1135 4067 1330 4108 sanum
1386 4070 1448 4110 se
1494 4054 1646 4111 fecit.
1699 4055 1814 4112 Hoc
1862 4065 2047 4112 autem
2096 4066 2216 4113 erat

646 4139 785 4195 nihil
838 4141 986 4196 aliud
1021 4158 1185 4213 agere
1231 4158 1397 4215 quam
1440 4146 1714 4202 medicum
1751 4147 2020 4204 duntaxat
2068 4150 2215 4205 indi-

645 4246 791 4287 care.

714 4340 779 4408 V,
814 4342 903 4397 i6.
929 4343 1215 4412 Propterea
1258 4349 1702 4419 persequebantur
1726 4350 1905 4405 Judazi
1934 4349 2139 4417 Iesum,
2164 4361 2213 4406 et

644 4434 947 4500 quwrebaut
1005 4451 1124 4488 eum
1174 4438 1492 4508 interﬁcere,
1529 4442 1657 4511 quia
1708 4442 1819 4496 hcce
1875 4442 2105 4512 faciebat
2157 4444 2211 4498 in

652 4520 901 4579 Sabbato.
930 4524 1088 4581 Iesus
1120 4537 1293 4582 autem
1334 4533 1598 4599 respondit
1625 4535 1723 4588 eis.

714 4659 835 4714 Non
871 4661 1197 4731 simpliciter
1218 4666 1308 4720 hic
1336 4666 1651 4725 Judaeorum
1683 4671 1842 4727 furor
1867 4673 2212 4729 ostenditur:

644 4765 755 4805 non
788 4751 932 4806 enim
963 4753 1110 4820 quod
1140 4752 1325 4809 Jesum
1360 4769 1767 4829 persequuntur
1801 4760 2091 4827 duntaxat,
2118 4763 2215 4819 sed

643 4857 810 4911 quam
867 4842 938 4897 ob
992 4858 1214 4899 causam
1276 4847 1330 4901 id
1377 4847 1558 4906 facere
1621 4852 1888 4916 audeant,
1941 4855 2216 4926 signiﬁcat

644 4949 848 4990 rursus
883 4937 1245 5007 evangelista,
1283 4954 1409 4995 cum
1450 4944 1698 5013 emphasi
1751 4946 1976 5013 dicens,
2006 4966 2024 4999 ι
2069 4948 2213 5013 Quia

642 5026 760 5080 hare
789 5025 1022 5081 faciebat
1053 5028 1107 5082 in
1143 5028 1406 5088 Sabbato.
1444 5052 1464 5086 ι
1492 5031 1839 5092 insectantur
1865 5040 2011 5094 enim
2045 5040 2212 5095 stulte

640 5121 698 5169 et
727 5116 911 5185 impie,
944 5116 1101 5187 quasi
1141 5118 1230 5173 lex
1257 5119 1395 5177 bene
1423 5138 1584 5194 agere
1634 5125 1689 5180 in
1736 5127 1980 5184 Sabbato
2019 5130 2210 5200 prohi-

641 5201 795 5269 beat,
827 5208 1187 5277 nequeliceat
1214 5212 1345 5281 aegri
1379 5213 1653 5282 misereri,
1682 5224 1738 5272 et
1772 5221 1932 5288 quasi
1963 5230 2212 5291 oporteat

641 5293 820 5364 legem
864 5310 1083 5353 omnem
1131 5300 1439 5369 charitatis,
1473 5304 1838 5367 fraternitatis
1878 5311 2118 5378 laudem,
2158 5322 2211 5368 et

642 5384 1005 5445 humanitatis
1050 5393 1281 5461 gratiam
1337 5394 1635 5464 deponere.
1680 5398 1867 5457 Multis
1919 5410 2104 5457 autem
2144 5418 2211 5459 ac

640 5475 814 5532 variis
862 5479 1174 5538 rationibus
1224 5485 1519 5542 ostendere
1566 5489 1692 5558 quis
1738 5499 1954 5561 posset,
1989 5490 2209 5548 Iudaeos

579 5594 583 5597 -
641 5567 779 5623 nihil
807 5583 917 5625 non
957 5571 1085 5627 boni
1116 5577 1461 5648 repudiasse,
1492 5580 1830 5653 lcgislatoris
1863 5583 1933 5643 de
1964 5583 2208 5643 Sabbato

711 5725 757 5756 “
789 5723 809 5779 ι
841 5723 969 5784 Cor.
1002 5742 1079 5794 an,
1113 5729 1303 5788 50-39..

2239 3189 2286 3250 C

2310 1939 2633 2012 ψυχωφελὲς
2654 1938 2892 1990 ἐποιεῖτο
2912 1932 3299 2005 παράγγελμα,
3330 1930 3534 2002 μηκέτι
3559 1929 3867 1999 πλημμελεῐι

2312 2036 2510 2106 χρῆναι
2563 2030 2775 2099 λέγων,
2831 2028 2919 2082 ἵνα
2971 2027 3046 2097 μὴ
3083 2025 3293 2097 χείροσι
3314 2023 3427 2076 τῶν
3488 2023 3864 2093 παρῳχηκότων

2312 2123 2667 2193 ἐπαλγύνοιτο
2708 2122 2920 2184 κακοῖς.
2951 2118 3203 2172 Διδάσκει
3249 2114 3304 2168 δὲ
3349 2114 3441 2167 διὰ
3474 2113 3693 2175 τούτων,
3721 2113 3787 2175 ὡς
3814 2115 3864 2166 ού

2316 2218 2475 2288 μόνον
2501 2217 2581 2280 είς
2597 2213 2697 2285 τὴν
2718 2212 3016 2283 μέλλουσαν
3037 2208 3255 2263 ἔσεσθαι
3288 2206 3475 2279 κρίσιν
3506 2205 3854 2275 ἀποθησαυρί-

2314 2309 2396 2374 {at
2419 2307 2551 2369 Θεὸς
2578 2307 2688 2369 τοῖς
2710 2302 3019 2373 ἀνθρώποις
3039 2300 3108 2354 τὰ
3128 2297 3605 2369 πλημμελήματα,
3641 2298 3863 2366 μαστιγοῖ

2312 2400 2371 2453 δὲ
2413 2399 2673 2460 ποικίλως
2707 2396 2787 2449 ἔτι
2827 2394 3038 2459 ζῶντας
3092 2394 3149 2446 ἐν
3207 2390 3463 2461 σώμασι,
3520 2390 3614 2442 καὶ
3658 2388 3862 2460 πρὸτῆς

2317 2489 2558 2561 μεγάλης
2580 2487 2674 2542 καὶ
2696 2484 2991 2555 ἐπιφανοῦς
3022 2483 3236 2555 ἡμέρας
3270 2479 3365 2534 τοῦ
3398 2481 3535 2534 πᾶσι
3562 2478 3856 2541 δικάσοντος.

2316 2583 2437 2636 Ὅτι
2476 2581 2534 2634 δὲ
2571 2579 2829 2641 πολλάκις
2868 2573 3216 2647 πληττόμεθα
3256 2570 3552 2634 πταίοντες
3581 2588 3639 2622 τε
3678 2569 3759 2622 καὶ
3786 2567 3862 2619 λυ-

2315 2672 2541 2737 ποῦντες
2568 2671 2660 2725 τὸν
2689 2669 2852 2733 Θεὸν,
2882 2666 3324 2739 ἐπιμαρτυρήσει
3357 2663 3501 2734 βοῶν
3528 2665 3557 2716 ό
3585 2660 3861 2729 σοφώτατος

2314 2765 2559 2828 Παῦλος
2605 2781 2623 2815 ι
2678 2761 2777 2815 Διά
2814 2759 2973 2814 τοῦτο
3017 2762 3074 2812 ὲν
3109 2758 3239 2827 ὑμῖν
3289 2755 3477 2808 πολλοὶ
3505 2753 3758 2816 ἀσθενεῖς,
3786 2750 3860 2803 καὶ

2315 2859 2622 2928 ἄρρωστοι,
2676 2853 2770 2907 καὶ
2810 2850 3109 2921 κοιμῶνται
3156 2847 3367 2901 ἱκανοί·
3427 2846 3477 2897 εί
3523 2844 3630 2915 γὰρ
3670 2842 3859 2904 ἑαυτοὺς

2317 2945 2603 3016 ἐκρίνομεν
2626 2983 2642 3010 ,
2686 2941 2787 2995 οὐκ
2827 2940 2893 2993 ἂν
2943 2937 3294 3011 ἐκρινόμεθα.
3323 2936 3657 3008 Κρινόμενοι
3695 2933 3746 2985 δὲ
3777 2932 3861 2983 ὑπὸ

2315 3036 2525 3106 Κυρίου
2544 3030 2931 3102 παιδευόμεθα,
2955 3030 3043 3083 ἵνα
3078 3029 3155 3100 μὴ
3179 3030 3278 3083 σὺν
3303 3027 3381 3099 τῷ
3408 3027 3601 3096 κόσμῳ
3628 3040 3858 3094 κατακρι-

2319 3127 2525 3198 θῶμεν.
2558 3145 2578 3177 ι

2416 3239 2701 3309 Απῆλθεν
2724 3232 2839 3292 οὖν
2867 3238 2901 3292 ό
2924 3235 3253 3302 ἅνθρωπος,
3290 3229 3389 3285 καὶ
3416 3226 3548 3284 εἶπε
3585 3226 3702 3292 τοῖς
3735 3226 3857 3279 Ἰου-

2319 3334 2510 3399 δαίοις
2541 3332 2629 3385 ὅτι
2680 3328 2920 3397 Ἰησοῦς
2939 3327 3110 3381 ἐστιν
3141 3327 3173 3379 ό
3198 3323 3465 3392 ποιήσας
3508 3317 3688 3374 αὑτὸν
3725 3311 3856 3382 ὑγιῆ.

2389 3420 2744 3492 Καταμηνύει
2787 3420 2845 3473 δὲ
2891 3420 3003 3479 τοῖς
3053 3415 3328 3477 Ἰουδαίοις
3371 3413 3467 3466 τὸν
3512 3407 3730 3480 Ἰησοῦν,
3776 3404 3857 3473 οὺχ

2321 3516 2410 3568 ἵνα
2436 3531 2490 3567 τι
2526 3513 2663 3584 δρᾷν
2706 3511 2786 3574 είς
2826 3509 2986 3563 αὐτὸν
3038 3503 3457 3575 ἀποτολμῶντες
3499 3499 3665 3554 δεινὸν
3700 3497 3858 3551 δυσσε-

2319 3604 2541 3667 ϐοῦντες
2570 3603 2919 3664 ἁλίσκωνται,
2964 3598 3079 3653 ἀλλ’
3115 3598 3181 3650 ἵν’
3205 3636 3220 3660 ,
3271 3596 3428 3665 εἴπερ
3485 3591 3741 3664 βούλοιντο
3782 3586 3857 3638 καὶ

2318 3695 2473 3748 αὐτοὶ
2511 3690 2939 3764 θεραπεύεσθαι,
2973 3689 3065 3743 τὸν
3102 3683 3543 3754 ἀξιοθαύμαστον
3578 3680 3754 3735 είδεῖεν
3792 3677 3857 3727 ία-

2318 3787 2464 3859 τρόν.
2513 3785 2795 3854 Ἐπιτήρει
2829 3784 2940 3852 γὰρ
2980 3782 3128 3843 ὅπως
3166 3773 3317 3840 οὗτος
3344 3772 3413 3845 ἦν
3447 3773 3637 3843 ἐκείνῳ
3668 3768 3854 3828 σκοπός.

2319 3880 2393 3935 Ού
2426 3879 2535 3950 γὰρ
2584 3876 2725 3930 κατά
2767 3891 2888 3928 τινα
2922 3871 3029 3925 τῶν
3063 3867 3516 3938 φιλεγκλημόνων
3562 3859 3855 3929 ἀπαγγέλλει

2318 3968 2658 4045 προσελθὼν,
2671 3970 2753 4022 ὅτι
2777 3965 2985 4037 Ἰησοῦς
3003 3966 3149 4017 ἐστιν
3164 3964 3191 4016 ὁ
3208 3961 3533 4031 περιπατεῖν
3551 3954 3786 4017 ἐπιτάξας
3803 3952 3854 4045 ἐν

2317 4035 2602 4131 Σαϐϐάτῳ,
2638 4058 2751 4112 ἀλλ’
2781 4035 2848 4109 ὀ
2862 4053 3123 4120 ποιήσας
3150 4051 3337 4105 αὐτὸν
3360 4047 3520 4120 ὑγιῆ.
3548 4044 3708 4099 Τοῦτο
3729 4042 3777 4094 δὲ
3800 4035 3854 4107 ἦν

2317 4156 2505 4227 ἔτερόν
2537 4130 2592 4207 τι
2624 4149 2904 4213 ποιοῦντος
2949 4146 3137 4211 οὐδὲν,
3172 4143 3290 4199 ἀλλ’
3321 4142 3355 4211 ἢ
3398 4142 3559 4212 μόνον
3589 4138 3672 4191 τὸν
3705 4130 3856 4203 ἰατρὸν

2319 4247 2699 4320 σημαίνοντος.

2387 4359 2495 4415 Καὶ
2526 4358 2623 4411 διὰ
2645 4354 2820 4409 τοῦτο
2848 4352 3093 4407 ἐδίωκον
3108 4348 3213 4403 τὸν
3245 4346 3494 4416 Ἰησοῦν
3514 4346 3565 4397 ot
3598 4333 3850 4395 Ἰουδαῖοι,

2318 4452 2419 4507 καὶ
2449 4449 2697 4517 ἐζήτουν
2721 4444 2908 4500 αὐτὸν
2942 4440 3320 4502 ἀποκτεῖναι,
3359 4437 3449 4490 ὅτι
3480 4433 3660 4489 ταῦτα
3700 4425 3852 4517 ἐποίει

2243 4527 2292 4585 D
2317 4546 2386 4599 ὲν
2414 4514 2755 4604 Σαϐϐάτοις.
2812 4536 2874 4588 '0
2904 4534 2972 4587 δὲ
3012 4530 3244 4600 Ἰησοῦς
3275 4529 3634 4597 ἀπεκρίνατο
3660 4514 3850 4576 αὐτοῖς.

2390 4674 2504 4743 Οὐχ
2534 4670 2713 4740 ἁπλῆν
2745 4670 2773 4721 ὁ
2799 4667 2956 4735 λόγος
3001 4663 3115 4734 ἔχει
3143 4664 3200 4716 ἐν
3229 4660 3439 4722 τούτοις
3476 4658 3573 4728 τῆς
3621 4646 3851 4743 Ἰουδαίων

2319 4738 2620 4836 παρανοίας
2645 4738 2743 4831 τὴν
2767 4759 3027 4828 ἐξήγησιν
3046 4771 3061 4786 ο
3096 4755 3158 4807 οὺ
3185 4753 3293 4822 γὰρ
3322 4752 3404 4804 ὅτι
3424 4748 3674 4803 διώκουσι
3700 4738 3848 4811 μόνον,

2318 4856 2431 4912 ἀλλ’
2457 4855 2549 4909 ἐπὶ
2581 4852 2691 4905 τίσι
2720 4849 2879 4904 τοῦτο
2911 4849 3045 4919 δρᾷν
3087 4845 3187 4899 οὐκ
3238 4842 3606 4913 αίσχύνονται,
3644 4844 3849 4894 καταση-

2323 4949 2503 5023 μαίνει
2532 4946 2695 5001 πάλιν
2724 4946 2752 4998 ὁ
2776 4939 3166 5011 εὐαγγελιστὴς
3198 4933 3651 5025 ὲμφαντικώτατα
3674 4924 3846 5025 λέγων·

2324 5060 2345 5095 ι
2379 5043 2501 5097 Ὅτι
2530 5038 2705 5094 ταῦτα
2750 5036 2924 5090 ἐποίει
2978 5035 3036 5087 ὲν
3076 5031 3359 5100 Σαϐϐάτῳ.
3412 5046 3430 5079 ι
3482 5023 3730 5079 Διώκουσι
3759 5023 3847 5100 γαρ

2316 5130 2544 5202 ἀμαθῶς
2586 5146 2646 5182 τε
2686 5126 2779 5181 καὶ
2820 5121 3117 5184 δυσσεϐῶς,
3151 5120 3227 5182 ὡς
3265 5098 3622 5187 ἀγαθοεργεῖν
3638 5110 3702 5202 ἐν
3729 5098 3846 5202 ξαῦσ

2320 5196 2471 5293 ϐἀτῳ
2502 5219 2596 5275 τοῦ
2630 5219 2794 5289 νόμου
2825 5213 3236 5275 διακωλύοντος,
3262 5210 3337 5272 ὡς
3361 5209 3461 5262 οὐκ
3490 5205 3604 5269 ἐξὸν
3632 5196 3846 5293 ἐλεεῖνλτε

2319 5317 2416 5371 καὶ
2452 5311 2848 5382 κατοικτείρειν
2892 5308 3019 5369 τοὺς
3049 5303 3375 5373 κάμνοντας,
3412 5300 3487 5361 ὡς
3518 5281 3844 5382 ἁποδῆσξῑσῗαξ

2318 5368 2436 5455 δέον
2481 5401 2571 5454 τὸν
2622 5368 2975 5467 ἣςιάγάπης
3002 5368 3245 5462 θεσμὸν,
3284 5388 3376 5442 τὸν
3407 5387 3502 5457 τῆς
3541 5368 3845 5470 φιλαδελφίας

2318 5494 2569 5556 ἔπαινον,
2630 5465 2728 5561 την
2779 5488 2880 5558 τῆς
2926 5484 3265 5557 ἡμερότητος
3308 5480 3489 5551 χάριν.
3537 5472 3642 5529 Καὶ
3680 5465 3726 5519 τί
3758 5465 3843 5561 γᾴρ

2316 5586 2435 5657 οὐχὶ
2483 5582 2593 5638 τῶν
2640 5578 2861 5650 ἀγαθῶν
2910 5572 3215 5631 ἀποπτύσαι
3267 5570 3406 5627 κατά
3462 5563 3715 5623 ποικίλους
3761 5546 3840 5622 μὲν
