4102 6540
220 397 323 453 3ιὸ

1260 386 1328 442 ΙΝ
1369 384 1655 442 ,ιυΑΝΝιδ
1683 378 2132 438 ΕνΑΝιῖιῑιιυΜ
2170 377 2299 433 LIB.
2344 376 2404 433 ll.

3348 378 3452 433 346

220 511 328 579 ιχοι
352 521 431 568 τις
464 502 531 556 ἂν
560 496 836 563 ἀποδεῖξαι
861 497 1113 569 τρόπους,
1139 497 1239 550 οὐκ
1263 497 1467 559 εἰδότας
1496 487 1780 556 Ἰουδαίους

1887 491 2226 545 voluntatem
2279 489 2617 561 ignorantes,
2658 502 2713 547 et
2755 490 3051 546 vanissime
3094 488 3224 543 illud
3258 490 3453 546 obser-

219 599 307 653 τὸν
344 593 464 664 περὶ
495 591 555 645 τὺ
574 589 847 643 Σάϐϐατον
883 586 976 640 τοῦ
1003 586 1293 657 νομοθέτου
1325 587 1544 652 σκοπὸν,
1576 587 1778 638 είκαιο-

220 688 380 756 τάτην
432 680 645 736 τελείαν
697 679 783 733 ἐπ’
840 678 989 748 αύτῷ
1042 676 1396 747 ποιουμένους
1436 675 1535 746 τὴν
1586 674 1777 744 ἐπιτή-

223 795 392 852 ρησιν.
424 775 532 828 Καὶ
561 772 687 843 γὰρ,
715 772 792 834 ὡς
824 771 985 835 αὐτὸς
1006 769 1107 841 ἔφη
1140 786 1244 823 που
1270 767 1523 839 Χριστὸς,
1552 768 1780 830 ἕκαστος

222 866 391 924 αὐτῶν
420 863 511 917 τὸν
548 863 680 915 ἴδιον
725 860 850 931 βοῦν
870 900 886 924 ,
916 861 1035 931 ἦτοι
1077 860 1138 912 τὸ
1170 858 1444 928 πρόϐατον
1476 857 1781 924 ἀπαγαγὼν

222 955 442 1017 ποτίζει,
475 953 568 1005 καὶ
598 950 897 1020 περιτομὴν
925 949 1192 1019 λαμϐάνει
1237 947 1522 1018 ἄνθρωπος
1550 949 1606 1000 ἐν
1640 944 1780 998 Σαϐ-

222 1045 383 1112 ϐάτῳ,
424 1042 512 1094 ἴνα
547 1040 621 1112 μὴ
657 1040 789 1111 λυθῇ
831 1042 858 1091 ό
880 1039 1041 1109 νόμος
1068 1037 1327 1100 Μωσέως.
1365 1034 1498 1090 Εἶτα
1528 1035 1779 1106 χολῶσιν,

221 1135 298 1187 ὅτι
327 1132 444 1185 ὅλον
479 1131 761 1201 ἄνθρωπον
808 1130 937 1199 ὑγιῆ
981 1128 1238 1199 ἐποίησεν
1276 1130 1334 1179 ὲν
1376 1126 1658 1197 Σαϐϐάτῳ,
1692 1123 1783 1177 διὰ

221 1222 410 1293 πολλὴν
442 1221 587 1292 ἠθῶν
632 1220 961 1291 δυστροπίαν
1006 1236 1064 1271 τε
1096 1217 1229 1289 ὁμοῦ
1278 1217 1373 1271 καὶ
1402 1215 1781 1280 ἀπαιδευσίαν,

216 1315 331 1379 ,οὐδὲ
353 1312 461 1366 τῶν
488 1311 698 1380 ἀλόγων
733 1311 823 1363 τὸν
858 1312 980 1365 κατ’
1007 1310 1193 1363 είκόνα
1223 1308 1321 1378 τὴν
1351 1307 1502 1360 θείαν
1524 1307 1785 1375 γεγονότα

221 1402 624 1475 προτάττοντες,
657 1400 772 1453 ἀλλ’
802 1400 1008 1464 ἐξεῖναι
1038 1400 1134 1471 μὲν
1171 1398 1440 1470 πρόϐατον
1473 1396 1643 1449 ἐλεεῖν
1681 1396 1787 1450 οἰό-

222 1510 365 1565 μενοι
401 1493 511 1546 δεῖν
553 1493 612 1546 ἐν
641 1492 925 1563 Σαϐϐάτῳ,
960 1492 1053 1545 καὶ
1080 1490 1237 1562 λιμοῦ
1284 1490 1376 1544 καὶ
1411 1488 1571 1560 δίψης
1613 1487 1788 1542 ἀπαλ-

220 1586 427 1641 λάττειν
472 1582 852 1654 ἀνεγκλήτως,
899 1582 1265 1653 παρανομίαις
1313 1580 1371 1635 δὲ
1410 1580 1505 1633 καὶ
1537 1582 1655 1643 ταῖς
1695 1578 1788 1630 ἐπὶ

216 1679 322 1740 τοῖς
348 1676 600 1745 ἐσχάτοις
629 1673 952 1727 ὑποκεῖσθαι
1001 1676 1279 1744 γραφαῖς,
1331 1674 1459 1735 τοὺς
1507 1671 1667 1740 οἵπερ
1721 1668 1788 1723 ἂν

217 1767 451 1835 γένοιντο
480 1763 706 1835 χρηστοί
732 1780 792 1816 τε
830 1763 924 1816 καὶ
949 1763 1143 1831 ἀγαθοὶ
1174 1764 1300 1834 περὶ
1333 1762 1422 1816 τὸν
1449 1762 1615 1824 πέλας
1648 1759 1787 1814 κατὰ

216 1855 273 1909 τὸ
312 1853 611 1908 Σάϐϐατον.
660 1854 777 1906 Ἵνα
814 1854 877 1923 δὴ
928 1854 1090 1907 πάλιν
1136 1854 1432 1923 θεωρῶμέν
1480 1853 1677 1915 αὐτοὺς
1727 1851 1785 1903 ού
1820 1836 1860 1890 Β

221 1945 453 2016 μετρίως
477 1945 913 2015 ἀνοηταίνοντας,
940 1943 1029 1998 διά
1053 1961 1111 1997 τε
1134 1943 1293 1997 τοῦτο
1317 1943 1543 2006 δικαίως
1571 1942 1789 1996 ἀκούειν

216 2036 552 2106 όφείλοντας’
593 2053 611 2086 ι
652 2034 933 2088 Πλανᾶσθε
982 2033 1056 2104 μὴ
1100 2035 1299 2098 είδότες
1336 2035 1435 2098 τάς
1480 2035 1728 2105 Γραφὰς,
1764 2050 1782 2083 ι

219 2128 341 2197 φέρε
364 2126 431 2198 δὴ
464 2127 557 2181 καὶ
587 2129 652 2181 ἐκ
679 2127 790 2179 τῶν
823 2126 985 2198 ἱερῶν
1006 2125 1262 2188 λαϐόντες
1288 2126 1636 2196 Γραμμάτων
1668 2125 1789 2177 ἐπιο

216 2217 543 2286 δεικνύωμεν
572 2218 851 2289 ἐναργῶς,
907 2217 1001 2271 καὶ
1043 2215 1212 2269 πάλαι
1254 2214 1788 2286 προαναζωγραφού-

221 2323 369 2377 μενον
399 2306 481 2370 ὡς
509 2308 566 2359 ὲν
593 2306 749 2378 τύπῳ
780 2307 870 2361 τὸν
905 2305 1112 2377 Ἰησοῦν
1152 2304 1548 2377 ἀδιαφοροῦντα
1581 2304 1708 2376 περὶ
1728 2304 1789 2357 τὸ

219 2395 509 2451 Σάϐϐατον.
545 2397 753 2451 Οὐκοῦν
791 2398 850 2451 ἐν
897 2398 1044 2468 γήρᾳ
1088 2396 1319 2468 μακρῷ,
1370 2396 1550 2459 καθὼς
1582 2396 1787 2467 γέγρα-

219 2502 358 2547 πται,
390 2485 507 2539 τῶν
530 2486 882 2555 ἀνθρωπίνων
905 2485 1357 2557 ἀποδημήσαντος
1385 2485 1476 2538 τοῦ
1508 2485 1785 2553 πανσόφου

217 2578 488 2643 Μωσέως,
537 2579 631 2632 καὶ
676 2579 756 2641 είς
786 2579 882 2642 τὰς
928 2579 1041 2632 ἄνω
1092 2577 1550 2648 μεθορμισθέντος
1598 2578 1783 2648 μονὰς,

218 2670 381 2740 κρίσει
409 2671 511 2723 καὶ
546 2669 714 2741 ψήφῳ
742 2670 836 2723 τοῦ
871 2669 1089 2724 πάντων
1122 2670 1447 2740 κρατοῦντος
1479 2670 1638 2734 Θεοῦ,
1686 2670 1787 2739 τὴν

218 2762 507 2832 ἠγεμονίαν
526 2762 623 2833 τὴν
647 2762 738 2814 ἐπὶ
768 2762 859 2815 τὸν
898 2762 1115 2833 Ἰσραὴλ
1144 2762 1300 2831 ἔλαχέ
1331 2779 1387 2815 τε
1424 2762 1519 2816 καὶ
1546 2761 1789 2833 ἐκληρώ-

219 2871 338 2907 σατο
370 2857 506 2916 παῖς
532 2855 561 2905 ό
596 2852 691 2906 τοῦ
725 2854 878 2925 Ναυῆ
915 2854 1145 2925 Ἰησοῦς.
1195 2854 1412 2924 Ἐπειδὴ
1449 2854 1506 2906 δὲ
1553 2854 1783 2925 μυριάνο

216 2942 360 3012 δρους
428 2943 666 2998 ιπλιτῶν
733 2944 999 3015 ἀριθμοὺς
1042 2946 1226 3014 κύκλῳ
1294 2945 1632 3015 περιστήσας
1689 2945 1789 3015 τῆς

228 3034 517 3104 Ἱεριχοῦς,
581 3035 721 3087 ἐλεῖν
764 3052 825 3087 τε
877 3036 978 3106 ἤδη
1025 3036 1120 3089 καὶ
1168 3035 1565 3107 καταστρέφειν
1616 3036 1786 3105 αὐτὴν

1880 590 2099 638 vantos.
2142 580 2296 647 Nam,
2327 590 2385 635 ut
2419 582 2535 651 ipse
2586 582 2840 639 Christus
2877 582 3018 637 dixit
3056 580 3278 647 alicubi,
3330 585 3453 652 qui-

1879 673 2012 728 libet
2053 686 2248 727 eorum
2283 672 2450 727 boves
2502 687 2564 727 ac
2585 688 2714 728 oves
2744 689 2872 729 suas
2902 671 3227 742 adaquat",
3256 681 3311 727 et
3340 674 3454 727 cir.

1879 763 2279 818 cumcisionem
2338 763 2503 817 homo
2543 764 2778 832 suscipit
2825 764 2881 817 in
2935 764 3199 832 Sabbato,
3245 772 3451 819 utnon

1881 854 2131 910 solvatur
2174 853 2259 906 lex
2311 851 2535 922 Moysis.
2586 851 2654 904 At
2705 852 3063 922 indignantur
3092 854 3241 924 quod
3278 854 3453 908 homi-

1881 960 2010 998 nem
2049 945 2104 999 in
2126 944 2216 998 die
2242 941 2466 997 Sabbati
2489 951 2664 997 totum
2691 944 2917 1000 sanitati
2940 946 3201 1013 restituit,
3225 955 3455 1016 propter

1883 1052 2157 1093 summam
2215 1050 2430 1089 morum
2483 1036 2899 1102 perversitatem
2938 1037 3103 1091 simul
3135 1047 3189 1092 et
3242 1040 3452 1093 rudita-

1883 1136 2017 1192 tem,
2049 1143 2117 1181 ne
2152 1126 2330 1181 brutis
2359 1126 2581 1197 quidem
2614 1126 2750 1196 ipsis
2780 1128 3184 1197 atquiparantes
3210 1145 3335 1184 eum
3356 1130 3451 1198 qui

1884 1221 1950 1275 ad
1984 1221 2278 1291 imaginem
2311 1218 2405 1275 Dei
2445 1218 2626 1273 factus
2654 1225 2760 1285 est,
2794 1218 2888 1274 sed
2926 1220 2981 1273 in
3011 1217 3258 1274 Sabbato
3289 1220 3459 1275 licere

1884 1311 2105 1382 quidem
2147 1312 2269 1367 ovis
2327 1310 2711 1366 misericordia
2752 1311 2965 1377 teneri.
3021 1326 3259 1381 eamque
3313 1312 3458 1365 citra

1884 1402 2104 1471 culpam
2138 1401 2280 1456 fame
2310 1416 2373 1457 ac
2414 1401 2506 1457 siti
2542 1401 2769 1456 liberari
2802 1417 2967 1471 posse
2986 1402 3295 1466 credentes,
3315 1417 3455 1471 pra:-

1886 1490 2123 1545 varicari
2150 1506 2282 1546 vero
2312 1497 2365 1544 et
2405 1491 2670 1545 extremis
2698 1491 2991 1561 suppliciis
3020 1490 3291 1546 obnoxios
3328 1505 3463 1546 esse

1886 1581 2201 1650 quicunque
2234 1580 2481 1636 bonitate
2511 1588 2564 1634 et
2594 1581 2797 1649 pietate
2820 1595 2949 1649 erga
2984 1581 3294 1649 proximum
3328 1588 3457 1633 nte-

1889 1681 2079 1730 rentur
2108 1673 2164 1728 in
2200 1672 2457 1728 Sabbato.
2493 1672 2563 1727 Ut
2597 1682 2748 1728 certe
2778 1674 3063 1729 videamus
3108 1688 3203 1728 eos
3259 1688 3455 1727 rursus

1890 1781 2002 1821 non
2046 1765 2404 1820 mediocriter
2440 1764 2708 1829 insanire,
2748 1774 2911 1833 atque
2950 1764 3156 1818 idcirco
3190 1764 3313 1833 jure
3345 1764 3459 1817 illis

1888 1855 2221 1912 audiendum
2263 1855 2424 1927 212
2452 1869 2615 1909 esse:
2648 1872 2666 1904 ι
2700 1853 2911 1909 Erratis
2950 1855 3263 1909 nescientes
3299 1852 3452 1907 Scri-

1887 1958 2082 2020 pturas
2101 1946 2169 2011 ²⁸,
2206 1964 2224 1998 ι
2250 1961 2347 2016 age
2371 1961 2504 2016 ergo
2528 1945 2714 2000 allatis
2735 1960 2959 2015 quoque
2986 1958 3269 2000 sacrarum
3302 1942 3442 1997 Scri-

1888 2048 2175 2111 pturarum
2223 2036 2555 2091 testimoniis
2585 2036 2734 2091 clare
2786 2034 3144 2090 ostendamus
3178 2034 3459 2104 quondam

1887 2132 2054 2187 etiam
2104 2129 2283 2200 typice
2332 2126 2738 2198 praetiguratum
2785 2125 2961 2181 fuisse
3011 2122 3196 2181 Jesum
3231 2122 3457 2178 Sabbati

1886 2221 2328 2277 observationem
2388 2228 2767 2274 contemnere.
2822 2215 2995 2287 Igitur
3046 2213 3457 2285 sapientissimo

1886 2313 2093 2383 Moyse,
2128 2319 2190 2365 ut
2224 2310 2487 2378 scriptum
2519 2315 2624 2373 est,
2658 2307 2713 2361 in
2760 2315 3007 2362 extrema
3047 2312 3331 2361 senectute
3368 2318 3455 2357 re-

1885 2403 1992 2457 bus
2028 2400 2283 2455 humanis
2309 2398 2593 2461 defuncto,
2630 2404 2684 2453 et
2712 2396 2776 2453 ad
2833 2410 3104 2466 supernas
3138 2394 3456 2449 mansiones

1887 2492 2173 2555 translato,
2213 2490 2423 2559 judicio
2472 2504 2537 2543 ac
2571 2488 2848 2544 sententia
2882 2484 3313 2557 cunctipoteutis
3350 2481 3448 2537 Dei

1885 2584 2056 2639 Josue
2086 2583 2232 2637 illius
2260 2580 2408 2636 Nave
2428 2579 2801 2635 lsraelitarum
2834 2578 3086 2646 regimen
3120 2574 3363 2630 obtinuit
3385 2575 3452 2628 ι’.

1887 2676 1990 2742 Qui
2045 2690 2172 2729 cum
2224 2670 2718 2727 innumerabilibus
2767 2675 3106 2722 armatorum
3147 2665 3322 2734 copiis
3368 2662 3458 2718 Jeo

1887 2765 2199 2820 riclinntcm
2252 2761 2585 2824 obsedisset,
2613 2773 2844 2829 eamque
2886 2759 2937 2813 vi
2982 2771 3299 2827 expugnare
3343 2763 3458 2809 sta-

1887 2855 2106 2920 tuisset,
2144 2855 2363 2925 signum
2404 2852 2554 2907 dedit
2587 2851 2793 2905 Levitis
2849 2858 2906 2904 ut
2961 2849 3092 2901 totis
3124 2863 3217 2903 sex
3260 2845 3457 2899 diebus

1887 2948 2100 3003 circum
2136 2947 2331 3001 urbem
2387 2959 2569 3000 arcam
2620 2942 2920 3007 deferrent,
2950 2942 3181 3010 septima
3215 2950 3367 3000 vero,
3402 2935 3455 2989 id

1888 3047 1973 3094 est
2010 3037 2277 3099 Sabbato,
2298 3033 2751 3090 innumerabilem
2781 3032 3014 3085 militum
3048 3027 3456 3087 multitudinem

216 3123 479 3191 ἐϐούλετο,
518 3126 768 3197 σύνθημα
801 3126 898 3196 μὲν
939 3129 1053 3190 τοῖς
1093 3126 1331 3190 λευίταις
1370 3127 1563 3193 ἐδίδου,
1600 3126 1785 3196 κύκλῳ

1890 3130 2033 3184 tubis
2064 3129 2320 3197 clangere
2348 3126 2513 3181 simul
2540 3124 2732 3194 jussit,
2762 3130 2929 3192 atque
2963 3121 3038 3175 ita
3077 3118 3365 3175 concussis
3395 3132 3460 3171 ac

219 3216 497 3285 περιάγειν
545 3217 644 3288 τὴν
692 3218 923 3271 κιϐωτὸν
951 3257 967 3283 ,
1001 3219 1087 3285 ἐφ’
1131 3218 1282 3282 ὅλαις
1322 3218 1383 3285 ἐξ
1415 3220 1508 3273 τὸν
1548 3217 1781 3289 ἀριθμὸν

1890 3222 2093 3279 dirutis
2150 3219 2427 3274 mmnibus
2480 3216 2715 3285 ingressi
2768 3215 2959 3268 urbem
3010 3222 3295 3281 ceperunt,
3348 3224 3457 3262 non

217 3307 475 3378 ἡμέραις,
505 3311 572 3378 τῇ
603 3308 658 3361 δὲ
686 3307 916 3379 ἑϐδόμη,
948 3306 1094 3361 τοῦτ’
1125 3307 1273 3370 ἐστι,
1302 3307 1441 3365 κατά
1477 3308 1537 3361 τὸ
1571 3308 1785 3361 Σάϐϐα-

217 3413 317 3459 τον,
352 3398 747 3462 συναλαλάζειν
795 3401 914 3462 ταῖς
958 3398 1215 3467 σάλπιγξι
1254 3399 1351 3470 τὴν
1394 3398 1629 3469 ἄμετρον
1673 3398 1783 3451 τῶν

221 3490 637 3561 στρατευμάτων
671 3491 924 3543 ἐκέλευσε
947 3491 1179 3563 πληθὺν,
1211 3493 1305 3545 καὶ
1328 3491 1653 3560 κατεσείσθη
1687 3492 1787 3561 μὲν

218 3581 347 3635 οὕτω
376 3582 438 3635 τὸ
479 3585 695 3652 τεῖχος,
748 3582 1130 3652 είσδραμόντες
1173 3582 1230 3635 δὲ
1265 3583 1431 3646 εῐσω,
1478 3580 1787 3653 χειροῦνται

217 3672 307 3741 τὴν
333 3672 497 3725 πόλιν
522 3712 536 3735 ,
583 3672 643 3724 ού
675 3671 776 3742 τὴν
812 3671 1039 3741 ἄκαιρον
1083 3671 1176 3725 τοῦ
1211 3671 1489 3725 Σαϐϐάτου
1516 3670 1786 3742 τιμῶντες

219 3763 422 3833 ἀργίαν,
456 3763 581 3816 οὐδὲ
604 3762 667 3815 τὸ
696 3764 851 3833 νικᾷν
870 3765 926 3815 ἐν
955 3761 1103 3833 αὐτῷ
1124 3761 1551 3833 παραιτούμενοι
1576 3762 1663 3816 διὰ
1692 3762 1786 3816 τὸν

218 3854 522 3924 ἐξείργοντα
550 3855 746 3923 νόμον,
800 3852 915 3907 ἀλλ’
943 3853 1064 3907 οὐδὲ
1102 3856 1215 3917 τοῖς
1270 3852 1445 3924 Ἰησοῦ
1483 3854 1789 3923 στρατηγή-

224 3961 371 4013 μασιν
416 3946 878 4015 ἀντιπράττοντες
910 3945 1064 4009 τότε,
1115 3944 1379 4014 λοιδορίας
1408 3945 1465 3999 δὲ
1505 3945 1788 4011 παντελῶς

220 4034 502 4108 ἐλευθέραν
546 4034 639 4088 τοῦ
683 4036 878 4105 ἀνδρὸς
920 4034 1017 4106 τὴν
1066 4034 1362 4107 ἠγεμονίαν
1420 4038 1783 4107 τηρήσαντες.

220 4127 319 4180 Καὶ
361 4130 389 4180 ό
433 4127 540 4198 μὲν
590 4126 760 4190 τύπος
802 4128 861 4179 ἐν
907 4126 1142 4191 τούτοις.
1190 4126 1408 4196 Ἐπειδὴ
1447 4127 1505 4181 δέ
1546 4129 1783 4199 παρῆνή

219 4217 467 4288 ἀλήθεια,
526 4217 668 4271 τοῦτ’
712 4218 826 4271 εστι
883 4219 1139 4289 Χριστὸς,
1179 4218 1278 4290 τὴν
1320 4220 1787 4291 ἐπιτειχισθετσαν

220 4310 347 4363 κατά
393 4310 491 4363 τοῦ
555 4310 843 4380 ἀνθρώπου
900 4310 1052 4382 παρά
1109 4311 1204 4365 τοῦ
1273 4311 1525 4366 διαϐόλου
1582 4313 1790 4385 φθοράν

220 4399 448 4454 καθελών
503 4417 565 4453 τε
612 4400 707 4453 καὶ
756 4401 1195 4471 χειρωσάμενος,
1242 4396 1363 4454 εἶτα
1410 4401 1567 4455 τοῦτο
1620 4402 1789 4457 ποιῶν

1889 3314 2249 3369 observantes
2280 3310 2730 3379 intempestivum
2766 3304 2994 3360 Sabbati
3036 3304 3233 3366 otium,
3281 3317 3460 3370 neque

1891 3405 2179 3458 victoriam
2228 3401 2324 3457 illo
2356 3400 2444 3455 die
2480 3406 2805 3454 recusantes
2836 3396 2908 3450 ob
2956 3393 3094 3465 legis
3128 3391 3457 3463 prohibitio-

1892 3512 2055 3559 nem,
2107 3493 2203 3549 sed
2250 3507 2351 3548 nec
2395 3491 2482 3547 sui
2524 3490 2684 3546 ducis
2729 3488 3020 3559 imperium
3065 3485 3457 3543 detrectantes,

1893 3588 2143 3657 adeoque
2178 3586 2357 3655 ipsum
2393 3582 2544 3638 omni
2584 3582 2749 3652 plane
2780 3578 3035 3635 convicio
3068 3577 3368 3631 liberanti-5
3392 3574 3457 3625 '°.

1888 3679 2065 3749 Atque
2099 3676 2215 3730 haec
2242 3675 2474 3745 ﬁgurate
2506 3671 2746 3741 quidem.
2775 3668 3046 3736 Quoniam
3084 3673 3267 3719 autem
3316 3661 3460 3716 veri-

1885 3777 1973 3825 tas
2022 3767 2280 3831 advenit,
2324 3765 2374 3819 id
2406 3772 2491 3819 est
2512 3762 2796 3823 Christus,
2832 3766 3143 3829 expugnata
3185 3763 3241 3810 et
3269 3766 3461 3807 eversa

1887 3856 2243 3925 corruptione
2281 3868 2311 3906 a
2347 3852 2571 3906 diabolo
2613 3850 2883 3903 adversus
2916 3855 3168 3899 naturam
3219 3840 3460 3895 hominis

1886 3956 2103 4013 erecta,
2137 3959 2378 4014 cumque
2417 3942 2472 3997 id
2519 3941 2704 3995 facere
2750 3939 3002 3993 videatur
3052 3934 3199 3989 circa
3252 3930 3463 3985 Sabba-

1888 4050 2003 4096 tum
2029 4079 2046 4105 ,
2075 4038 2232 4093 velut
2266 4038 2320 4090 in
2352 4032 2660 4105 primordio
2686 4038 2739 4087 et
2766 4031 2843 4086 rei
2875 4026 3174 4101 principio,
3202 4024 3260 4079 in
3303 4036 3464 4091 para-

1888 4132 2060 4203 lytico
2107 4129 2405 4191 nimirum,
2463 4124 2633 4179 stulte
2698 4120 3077 4189 indignantur,
3134 4112 3459 4182 obsequiqu

1890 4230 2110 4293 patrum
2142 4220 2536 4281 condemnant,
2570 4232 2682 4271 non
2730 4216 2975 4269 ferentes
3008 4210 3328 4266 morborum
3359 4204 3461 4259 do-

1890 4311 2066 4366 lorem
2109 4310 2166 4363 in
2204 4308 2448 4363 Sabbato
2484 4306 3053 4375 superari,quatenus
3078 4299 3146 4355 ad
3181 4299 3460 4353 insectan-

1892 4402 2023 4457 dum
2054 4399 2243 4456 Jesum
2276 4400 2329 4453 in
2358 4397 2601 4452 Sabbato
2634 4396 2775 4451 bene
2806 4401 3104 4450 merentem
3138 4390 3460 4459 adiguntur.

220 4492 397 4559 ὁρᾶται
449 4493 597 4547 κατά
661 4494 723 4546 τὸ
774 4494 1071 4559 σάϐϐατον,
1130 4496 1203 4558 ὡς
1250 4497 1307 4548 ἐν
1361 4496 1632 4566 προοιμίῳ
1682 4497 1775 4550 καὶ
1831 4497 1974 4568 ἀρχῇ
2026 4495 2122 4548 τοῦ
2169 4495 2511 4566 πράγματος,
2559 4492 2617 4543 ἐν
2652 4489 2730 4560 τῷ
2783 4485 3229 4563 παραλελυμένῳ,
3268 4484 3462 4549 δυσφο-

222 4586 392 4654 ροῦσιν
421 4585 787 4650 ἀπαιδεύτως,
817 4587 909 4640 καὶ
934 4589 1034 4657 τῆς
1056 4586 1166 4640 τῶν
1192 4586 1444 4657 πατέρων
1489 4587 1802 4651 εὐπειθείας
1850 4586 2291 4649 καταδικάζουσι,
2334 4582 2433 4653 τὴν
2484 4584 2547 4635 ἐκ
2578 4580 2685 4633 τῶν
2716 4577 3163 4650 ἀρρωστημάτων
3206 4575 3465 4643 ἐπήρειαν

219 4680 361 4747 νικᾷν
388 4678 446 4728 ἐν
476 4674 743 4742 Σαϐϐάτῳ
771 4674 868 4743 τὴν
901 4674 1061 4742 φύσιν
1087 4675 1188 4729 οὐκ
1221 4675 1630 4746 ἐπιτρέποντες,
1661 4677 1784 4731 ὅσον
1820 4679 1899 4742 είς
1923 4677 1985 4731 τὸ
2026 4676 2222 4748 χρῆναι
2290 4672 2506 4726 διώκειν
2549 4669 2868 4739 ἐπείγεσθαι
2911 4666 3000 4720 τὸν
3040 4664 3247 4737 Ἰησοῦν
3310 4664 3469 4732 εὐερ-

219 4769 462 4835 γετοῦντα
496 4766 638 4819 κατά
673 4766 734 4818 τὸ
772 4766 1063 4820 Σάϐϐατον.

292 4858 352 4909 '0
381 4856 589 4924 Πατήρ
617 4874 735 4925 μου
769 4856 880 4923 ἕως
908 4856 1041 4925 ἄρτι
1075 4854 1394 4926 ἐργάζεται,
1430 4857 1589 4928 κάγὼ
1624 4859 1787 4928 ἐργά-

1971 4857 2036 4923 ν,
2071 4857 2159 4913 l7.
2195 4854 2358 4909 Pater
2402 4868 2543 4907 meus
2596 4865 2758 4919 usque
2812 4846 2967 4901 modo
2994 4852 3264 4914 operatur,
3292 4850 3342 4895 et
3373 4858 3464 4910 ego

223 4941 395 5014 ζομαι.

317 5037 635 5105 Διαλέγεται
678 5037 777 5107 μὲν
823 5037 898 5101 ὡς
930 5037 989 5092 ἐν
1027 5036 1289 5106 Σαϐϐάτῳ
1324 5037 1577 5108 Χριστός.
1621 5039 1792 5094 Τοῦτο

226 5128 321 5198 γάρ
354 5130 567 5199 ἀνάγκη
615 5129 675 5183 τὸ
715 5149 733 5179 ι
768 5129 871 5192 ἓως
899 5130 1025 5199 ἄρτι
1062 5148 1079 5180 ι
1119 5127 1337 5197 δηλοῦν,
1375 5129 1463 5183 ἵνα
1494 5130 1587 5183 τὸν
1620 5132 1785 5202 ἑαυτῇ

228 5220 490 5288 πρέποντα
519 5220 675 5288 λόγον
710 5221 744 5291 ἡ
777 5219 870 5272 τοῦ
905 5220 1261 5292 θεωρήματος
1284 5220 1508 5289 δέχηται
1535 5221 1785 5292 δύναμις.

239 5309 608 5375 ’Δπαιδεύτους
663 5312 721 5365 δὲ
765 5312 925 5375 ὄντας
978 5314 1105 5375 τοὺς
1177 5312 1496 5377 Ἰουδαίους,
1561 5313 1656 5367 καὶ
1705 5313 1790 5376 τίς

230 5400 320 5469 μέν
368 5402 485 5455 ἐστι
539 5402 679 5456 κατά
739 5403 901 5472 φύσιν
954 5403 1053 5456 οὐκ
1108 5402 1318 5467 εἰδότας
1370 5404 1399 5455 ό
1448 5402 1785 5475 Μονογενὴς,

231 5490 367 5561 μόνῳ
408 5492 466 5547 δὲ
515 5494 861 5558 ἀνατιθέντας
902 5494 979 5564 τῷ
1025 5494 1143 5564 Θεῷ
1195 5494 1290 5548 καὶ
1340 5496 1517 5567 Πατρ)⁸
1566 5494 1658 5549 τοῦ
1701 5494 1789 5549 διά

227 5580 459 5643 Μωσέως
521 5584 684 5655 νόμου
748 5585 842 5638 τὸν
914 5584 1171 5655 ὁρισμὸν,
1247 5585 1398 5657 αὑτῴ
1466 5603 1524 5639 τε
1589 5586 1787 5657 χρῆναι

230 5672 315 5725 καὶ
346 5674 625 5729 πείθεσθαι
681 5676 825 5747 μόνῳ
878 5675 1387 5748 διαϐεϐαιουμένους
1412 5717 1427 5741 ,
1480 5677 1791 5731 ἀναπείθειν

1898 4964 2104 5002 oneror.

1966 4965 2104 5001 eror.

1930 4965 2202 5095 pDisserit
2248 5034 2470 5106 quidem
2520 5030 2778 5087 Christus
2814 5036 2871 5081 ut
2907 5025 2963 5080 in
3011 5022 3272 5077 Sabbato.
3312 5015 3462 5073 Istud

1895 5131 2043 5188 enim
2083 5143 2314 5184 necesse
2366 5132 2451 5180 est
2501 5118 2801 5191 significari
2850 5117 2938 5171 bis
2991 5112 3194 5173 verbis,
3232 5128 3251 5161 ι
3288 5123 3463 5177 usque

1893 5224 2085 5285 modo,
2141 5241 2159 5273 ι
2206 5227 2267 5274 ut
2315 5215 2736 5273 convenientem
2776 5209 2880 5265 sibi
2936 5217 3245 5261 sermonem
3288 5200 3372 5253 vis
3411 5209 3464 5253 et

1894 5316 2039 5372 ratio
2088 5308 2447 5368 theorematis
2483 5304 2738 5373 accipiat.
2787 5298 3074 5369 Imperitos
3122 5299 3307 5347 autem
3362 5288 3464 5343 Ju-

1895 5404 2066 5467 daeos,
2098 5412 2153 5458 et
2178 5399 2490 5456 nescientes
2517 5396 2679 5468 plane
2708 5392 2832 5460 quis
2863 5384 3171 5443 secundum
3207 5393 3459 5437 naturam

1894 5496 1967 5551 sit
2008 5492 2353 5562 Unigenitus.
2396 5487 2491 5543 sed
2538 5484 2629 5540 uni
2676 5483 2789 5536 Deo
2837 5494 2903 5533 ac
2938 5476 3088 5531 Patri
3140 5472 3460 5562 praescripta

1894 5560 2148 5638 Mosaicae
2166 5580 2300 5650 legis
2329 5578 2658 5638 tribuentes,
2686 5571 2849 5640 eique
2877 5568 2971 5623 uni
2997 5564 3298 5637 parendum
3325 5560 3463 5616 allir-

1896 5685 2130 5738 mantes,
2163 5668 2497 5742 persuadere
2548 5665 2696 5717 clare
2734 5669 2968 5715 conatur
3017 5656 3199 5713 omnia
3254 5669 3311 5709 se
3353 5668 3458 5707 una

297 5786 339 5819 "
376 5787 512 5845 Luc.
545 5805 658 5855 xui,
697 5790 774 5845 l5.
852 5790 895 5821 "'
926 5788 1113 5843 Matth.
1149 5804 1285 5857 χχιι,
1318 5790 1408 5844 29.
1491 5791 1534 5821 ²⁹
1567 5787 1721 5845 Deut.
1750 5802 1934 5851 xxxiv,
1964 5785 2017 5848 8,
2051 5785 2104 5839 9.
2184 5782 2227 5812 ³ο
2255 5778 2421 5834 Josue
2448 5791 2530 5842 ιιι,
2563 5774 2595 5828 5
2625 5786 2781 5843 sequ.
