4102 6546
672 372 804 430 ίδιτ

1685 380 1742 438 S.
1788 382 2069 440 CYRILLI
2105 385 2264 443 ALE}

2362 385 2578 443 tonum
2611 384 2927 446 meum.
3823 408 3906 466 ω

692 505 816 543 eum
847 487 1009 543 Patre
1028 488 1187 560 213
1206 487 1440 560 operari,
1465 500 1518 545 et
1547 504 1672 545 cum
1695 492 1975 550 Genitoris
2005 497 2058 550 in
2089 498 2264 567 seipse

2375 498 2632 587 πειρᾶται
2697 499 2918 568 σαφῶς,
2977 514 3060 552 οτι
3117 501 3297 555 πάντα
3342 501 3415 572 τῷ
3456 505 3630 577 Πατρὶ
3684 522 3907 587 συνεργὰ-

693 590 948 635 naturam
989 580 1223 647 habeat,
1257 591 1545 652 pr0pterea
1577 585 1723 653 quod
1761 586 1912 640 aliud
1943 601 2053 640 non
2071 597 2155 642 est
2197 588 2266 643 ab

691 672 811 737 illo,
852 671 999 742 quod
1047 671 1114 726 ad
1155 674 1480 727 substantiae
1532 673 1877 730 identitatem
1936 685 2169 747 spectat,
2208 694 2267 734 se

690 759 833 813 nihil
888 758 1034 813 aliud
1084 776 1325 830 unquam
1374 777 1670 816 sensurum
1722 779 1887 833 quam
1923 767 2067 835 quod
2118 765 2267 821 Patri

692 851 997 921 placuerit;
1039 865 1274 922 cumque
1308 853 1381 907 sit
1416 854 1662 923 ejusdem
1700 856 2045 922 substantiae,
2076 858 2265 913 eadem

694 958 917 1013 quoque
950 951 1216 1012 statuere,
1245 946 1374 1009 imo,
1401 962 1525 1001 eum
1566 947 1683 1017 ipse
1731 949 1802 1004 sit
1837 949 2027 1006 vivens
2076 950 2265 1006 consi-

690 1033 825 1089 lium
858 1042 913 1090 et
948 1037 1127 1091 virtus
1174 1036 1373 1103 Patris,
1415 1039 1601 1092 omnia
1634 1038 1690 1093 in
1714 1041 1972 1097 omnibus
2000 1057 2123 1096 cum
2170 1043 2268 1098 Pa-

690 1135 776 1182 tre
829 1127 1067 1198 operari.
1120 1127 1188 1183 Ut
1240 1145 1371 1200 ergo
1423 1128 1739 1185 Judaaorum
1799 1133 1962 1188 inane
2013 1149 2267 1189 murmur

691 1227 991 1281 amoveret,
1024 1234 1091 1274 ac
1124 1219 1366 1277 ﬂecteret
1422 1222 1757 1277 insectantes
1797 1224 1954 1293 quasi
1999 1224 2263 1280 honorem

692 1312 917 1367 Sabbati
958 1312 1256 1375 violasset,
1304 1331 1323 1364 ι
1366 1312 1527 1368 Pater
1581 1329 1773 1382 meus,
1823 1316 2041 1387 inquit,
2088 1333 2265 1388 usque

688 1403 853 1459 modo
884 1411 1163 1474 operatur.
1200 1423 1218 1455 ι
1243 1402 1374 1458 Tale
1396 1403 1541 1457 enim
1572 1404 1833 1474 quiddam
1863 1407 2264 1477 propemodum

690 1492 1005 1562 signiﬁcare
1029 1495 1142 1548 vult
1172 1511 1184 1546 :
1220 1493 1279 1549 Si
1330 1497 1537 1561 credis,
1569 1512 1602 1552 ο
1633 1497 1888 1569 quisquis
1918 1516 2000 1567 es,
2040 1509 2178 1556 nutu
2209 1508 2264 1556 et

687 1585 973 1639 voluntate
1013 1584 1104 1638 Dei
1147 1587 1396 1641 omnium
1441 1602 1625 1642 rerum
1685 1590 1899 1661 opiﬁcis
1949 1600 2262 1647 creaturam

687 1675 982 1746 gubernari
1023 1678 1189 1732 etiam
1225 1677 1314 1733 die
1352 1678 1601 1745 Sabbati,
1626 1681 1699 1735 ita
1732 1692 1793 1736 ut
1832 1684 1913 1738 sol
1936 1684 2172 1749 oriatur,
2208 1693 2262 1741 et

686 1766 951 1821 imbrifcri
1011 1767 1190 1824 fontes
1242 1770 1610 1835 resolvantur,
1657 1779 1712 1826 et
1768 1772 1984 1829 fructus
2036 1790 2067 1829 e
2113 1784 2261 1830 terra

2368 586 2541 652 ζεται,
2568 588 2661 641 καὶ
2685 588 2783 658 τὴν
2813 590 2907 642 τοῦ
2930 590 3292 660 γεννήσαντος
3319 592 3476 661 φύσιν
3503 595 3641 667 έχων
3664 600 3718 653 ἐν
3744 586 3904 680 ἑαυτῷ.

2368 678 2454 731 διὰ
2483 678 2544 730 τὸ
2578 678 2651 748 μὴ
2685 678 2871 749 ἕτερόν
2907 697 2961 733 τι
3011 681 3143 750 παρ’
3168 682 3374 735 ἐκεῖνον
3403 684 3688 757 ὑπάρχειν,
3716 693 3824 750 ὅσον
3846 678 3905 765 είς

2366 768 2480 860 τὴν
2513 769 2611 839 τῆς
2649 770 2837 833 οὐσίας
2873 772 3194 843 ταυτότητα,
3234 773 3331 844 οὐχ
3367 775 3554 848 ἔτερόν
3594 796 3645 834 τι
3690 791 3905 860 φρονήσει

2367 859 2498 951 ποτὲ
2538 860 2703 951 παρὰΔ
2726 860 2785 951 τὸ
2819 860 2895 932 τῷ
2934 861 3164 931 φύσαντι
3207 864 3423 919 δοκοῦνο
3461 867 3540 932 ὡς
3567 869 3621 923 δέ
3648 873 3743 943 τῆς
3771 879 3906 951 αὐτῆς
3960 922 3965 927 .

2368 948 2628 1019 ὑπάρχων
2652 949 2839 1014 οὐσίας
2883 952 3057 1007 ταύτά
3101 953 3196 1007 καὶ
3240 953 3606 1024 βουλεύσεται,
3657 962 3837 1029 μᾶλλον

2365 1042 2526 1105 αὐτὸς
2556 1042 2815 1112 ὑπάρχων
2853 1045 2886 1115 ἡ
2922 1044 3074 1107 ζῶσα
3106 1044 3292 1116 βουλὴ,
3330 1048 3425 1101 καὶ
3455 1048 3683 1119 δύναμις
3708 1054 3792 1108 τοῦ
3820 1059 3906 1112 Ila.

2364 1133 2512 1203 τρὸς,
2542 1135 2756 1206 ἐνεργεῖ
2802 1134 2864 1190 τὰ
2917 1137 3095 1191 πάντα
3124 1137 3183 1190 ἐν
3213 1139 3347 1191 πᾶσι
3396 1141 3537 1211 μετὰ
3569 1142 3784 1214 Πατρός.
3816 1149 3904 1205 Ἵνα

2364 1227 2543 1281 τοίνυν
2570 1226 2661 1281 τὸν
2686 1229 2889 1282 εἰκαῖον
2915 1230 3023 1283 τῶν
3064 1230 3334 1285 Ἰουδαίων
3375 1232 3777 1307 ἀποκρούσηται
3809 1258 3907 1310 γογ-

2364 1319 2593 1390 γυσμὸν,
2623 1320 2719 1374 καὶ
2762 1320 3059 1394 δυσωπήσῃ
3103 1321 3401 1387 διώκοντας
3447 1324 3533 1392 ἐφ’
3564 1319 3643 1390 οἷς
3688 1328 3906 1398 χαλεπαί.

2364 1426 2475 1463 νειν
2515 1411 2755 1479 ἐδόκουν,
2794 1411 2995 1466 ὡσανεὶ
3035 1412 3137 1482 τῆς
3188 1414 3317 1485 περὶ
3356 1414 3416 1468 τὸ
3454 1414 3727 1471 Σάϐϐατον
3769 1437 3905 1475 κατα-

2363 1500 2728 1572 φρονηθείσης
2785 1502 2985 1573 τιμῆς⁶
3024 1521 3045 1557 ι
3089 1503 3148 1557 '0
3202 1505 3394 1576 Πατήρ
3459 1522 3586 1575 μου,
3630 1510 3797 1578 φησὶν,
3825 1513 3905 1578 ἕως

2364 1588 2488 1659 ἄρτι
2514 1590 2827 1660 ἐργάζεται.
2873 1610 2891 1642 ι
2925 1591 3101 1646 Μόνον
3128 1592 3239 1663 γάρ
3271 1593 3392 1663 οὐχὶ
3430 1595 3675 1649 τοιοῦτόν
3700 1614 3747 1649 τι
3774 1616 3907 1655 uara-

2366 1679 2653 1750 σημαίνειν
2688 1681 2956 1751 βούλεται·
2989 1684 3052 1737 Εἰ
3084 1682 3380 1751 πιστεύεις,
3419 1684 3692 1756 ἄνθρωπε,
3720 1689 3905 1756 νεύματί

2361 1788 2422 1824 τε
2457 1771 2548 1825 καὶ
2579 1772 2830 1845 βουλήσει
2872 1772 2966 1827 τοῦ
3010 1775 3079 1829 τὰ
3110 1775 3287 1829 πάντα
3335 1776 3717 1847 συμπήξαντός
3755 1797 3805 1833 τε
3835 1784 3906 1834 καὶ

683 1868 1003 1928 erumpant,
1034 1875 1214 1930 neque
1238 1875 1494 1915 crescere
1518 1860 1830 1918 detrectent
1866 1872 2095 1935 propter
2123 1864 2262 1920 Sab-

2363 1864 2766 1934 τεχνησαμένου
2798 1864 2934 1919 Θεοῦ
2964 1864 3061 1937 τὴν
3093 1857 3278 1920 κτίσιν
3314 1867 3632 1924 διοικεῖσθαι
3679 1872 3762 1923 καὶ
3796 1872 3905 1925 κατὰ

685 1949 897 2016 hatum,
934 1951 1079 2020 ignis
1108 1959 1290 2006 autem
1326 1968 1424 2022 pro
1447 1968 1547 2008 sua
1581 1965 1779 2009 natura
1818 1963 1962 2026 agat,
1994 1965 2050 2012 et
2079 1958 2259 2012 homi-

685 2056 819 2094 num
856 2042 1049 2098 usibus
1100 2045 1255 2100 nullo
1293 2046 1623 2117 impediente
1657 2048 1883 2113 serviat,
1925 2047 2099 2103 latere
2147 2049 2259 2103 uti-

685 2147 794 2201 que
823 2131 1073 2199 Patrem,
1127 2150 1227 2205 pro
1261 2151 1327 2190 eo
1384 2151 1448 2191 ac
1501 2136 1671 2193 Deum
1705 2138 1882 2203 decet,
1932 2139 2151 2208 operari
2201 2139 2259 2193 in

687 2218 947 2275 Sabbato.
981 2221 1094 2276 Cur
1122 2237 1278 2293 ergo,
1309 2224 1510 2293 inquit,
1552 2225 1720 2281 stulte
1766 2226 2084 2282 criminaris
2133 2242 2260 2281 eum

683 2327 784 2382 per
816 2327 981 2382 quem
1014 2326 1213 2372 cuncta
1250 2316 1546 2385 operatur?
1577 2314 1696 2371 Non
1745 2320 1891 2372 enim
1926 2318 2087 2372 aliter
2116 2317 2260 2375 Deus

685 2417 752 2457 ac
805 2402 969 2459 Pater
1028 2414 1312 2474 operatur,
1361 2422 1527 2477 quam
1566 2424 1663 2479 per
1714 2407 1838 2463 Filii
1888 2410 2146 2466 virtutem
2206 2421 2262 2467 et

690 2492 1045 2563 sapientiam.
1094 2494 1306 2552 Idcirco
1358 2497 1569 2568 inquit,
1623 2516 1641 2549 ι
1682 2498 1795 2569 Ego
1858 2514 2079 2570 quoque
2126 2515 2258 2571 ope-

684 2599 796 2639 ror.
833 2605 852 2638 ι
882 2585 1185 2642 Confundit
1237 2589 1407 2661 igitur
1454 2591 1796 2662 argumentis
1848 2591 1905 2645 in
1956 2592 2258 2648 absurdum

683 2675 1084 2735 dcducentihus
1106 2678 1423 2736 Iudaeorum
1453 2681 1777 2737 eﬂ‘renatum
1796 2684 2062 2751 animum,
2080 2693 2261 2740 osten-

680 2765 822 2823 dens
882 2783 979 2824 eos
1018 2769 1121 2824 sibi
1161 2786 1275 2826 non
1334 2780 1446 2827 tam
1506 2788 1819 2845 repugnare
1866 2789 2031 2846 quam
2083 2774 2257 2841 Patri,

682 2859 772 2914 cui
803 2870 953 2918 certe
993 2862 1087 2918 uni
1132 2864 1269 2936 legis
1299 2864 1563 2921 honorem
1610 2866 1893 2921 ascribere
1941 2865 2257 2931 studebant,

684 2953 928 3009 nondum
959 2966 1325 3026 agnoscentes
1365 2957 1670 3013 naturalem
1701 2961 1823 3028 ejus
1852 2955 2077 3011 Filium.
2129 2954 2259 3012 Ideo

682 3047 828 3101 enim
879 3053 934 3101 et
979 3047 1337 3116 peculiariter
1397 3064 1559 3103 suum
1615 3048 1833 3104 Patrem
1884 3049 2018 3104 dicit
2064 3048 2258 3115 Deum,

685 3135 824 3190 scite
853 3136 1146 3191 admodum
1177 3137 1246 3191 ad
1283 3139 1708 3209 pulcherrimam
1743 3147 1797 3194 et
1824 3139 2082 3195 eximiam
2113 3139 2258 3193 hanc

686 3226 993 3281 doctrinam
1028 3229 1189 3298 quasi
1222 3244 1386 3284 manu
1416 3229 1718 3287 deducens.

685 3316 848 3388 φύσιν
881 3318 1024 3373 Υίόν.
1059 3318 1158 3373 Διά
1185 3321 1294 3392 γάρ
1333 3339 1414 3375 τοι
1458 3322 1613 3375 τοῦτο
1645 3321 1739 3375 καὶ
1778 3321 2079 3392 μοναδικῶς
2134 3322 2327 3376 ἑαυτοῦ

684 3414 764 3478 είς
792 3413 851 3468 τὸ
875 3415 1156 3470 κάλλιστον
1182 3416 1246 3489 δὴ
1276 3416 1457 3484 τοῦτο,
1482 3418 1576 3472 καὶ
1613 3418 1790 3489 τίμιον
1821 3417 2071 3489 μάθημα.

755 3546 821 3602 γ.
856 3548 942 3602 18.
970 3548 1255 3617 Propterea
1276 3567 1397 3621 ergo
1420 3551 1588 3622 magis
1614 3553 1919 3623 quaerebant
1939 3569 2057 3606 eum
2081 3552 2264 3606 Judaei

686 3641 1022 3710 interﬁcere:
1052 3643 1175 3713 quia
1207 3659 1311 3696 non
1340 3643 1513 3697 solum
1545 3644 1777 3700 solvebat
1809 3644 2101 3701 Sabbatum
2122 3686 2137 3708 ,
2172 3644 2261 3700 sed

687 3742 739 3787 ct
769 3733 983 3789 Patrem
1014 3750 1169 3788 suum
1201 3734 1409 3789 dicebat
1444 3734 1612 3790 Deum
1635 3777 1649 3800 ,
1681 3738 1939 3807 aqualem
1974 3754 2028 3790 re
2063 3737 2264 3805 faciens

685 3823 817 3879 Deo.

758 3955 841 4011 Ad
863 3956 1243 4013 crudelitatem
1269 3973 1446 4029 magis
1469 3973 1532 4012 ac
1555 3956 1728 4029 magis
1753 3956 1924 4012 fertur
1943 3956 2257 4012 Iudaeorum

688 4049 943 4113 auimus,
977 4057 1032 4104 et
1060 4050 1265 4120 quibus
1302 4065 1367 4105 ex
1404 4048 1572 4104 rebus
1609 4050 1796 4103 sanari
1830 4050 2133 4114 deberent,
2172 4051 2260 4106 liis

686 4148 995 4210 aegrescunt
1023 4141 1221 4209 magis,
1244 4148 1303 4193 ut
1326 4140 1403 4194 illi
1425 4140 1550 4209 jure
1575 4139 1835 4196 audiant:
1866 4141 2152 4207 Quomodo
2179 4143 2262 4197 di-

688 4230 828 4286 cetis
854 4230 1005 4299 quia,
1031 4229 1319 4301 Sapientes
1341 4244 1534 4285 sumus
1560 4228 1848 4284 nos?Cum
1872 4230 2020 4285 enim
2039 4238 2261 4299 oporte-

688 4334 773 4378 ret
800 4338 897 4377 eos
922 4322 1277 4377 convenienti
1311 4322 1524 4377 ratione
1551 4322 1618 4377 ad
1650 4323 1903 4391 pietatem
1933 4320 2262 4376 reformatos

689 4414 875 4467 animo
907 4413 1178 4482 mitigari,
1215 4414 1381 4468 etiam
1428 4428 1577 4468 nunc
1619 4413 1823 4467 caedem
1870 4413 2265 4467 machinantur

2360 1954 2420 2007 τὸ
2447 1952 2744 2021 Σάὁὸατον,
2771 1954 2847 2018 ῶς
2892 1953 3133 2025 ἀνίσχειν
3166 1955 3268 2025 μὲν
3306 1955 3477 2025 ἥλιον,
3501 1956 3839 2028 όμϐροτόκους
3862 1976 3904 2010 τε

2360 2044 2561 2114 ὁμοίως
2603 2044 2845 2098 ἀνίεσθαι
2897 2044 3118 2114 πηγάς,
3167 2046 3260 2099 καὶ
3299 2046 3547 2117 καρποὺς
3588 2047 3681 2117 μὲν
3727 2049 3784 2100 ἐκ
3826 2049 3903 2117 γῆς

2359 2134 2702 2205 ἀνατρέχειν,
2754 2135 2815 2188 οὺ
2872 2135 3348 2206 παραιτουμένους
3388 2135 3488 2207 τὴν
3534 2134 3700 2205 αὔξην
3747 2137 3822 2189 διὰ
3860 2138 3905 2189 τὸ

2360 2225 2661 2289 Σάὁὸατον,
2692 2226 2935 2297 ἐνεργεῖν
2966 2225 3023 2279 δέ
3072 2225 3141 2279 τά
3182 2228 3358 2279 οίκεῖα
3400 2226 3463 2279 τὸ
3512 2225 3641 2297 πῦρ,
3686 2229 3792 2290 ταῖς
3819 2227 3902 2279 τῶν

2360 2314 2664 2388 ἀνθρώπων
2690 2315 2923 2386 χρείαις,
2961 2315 3345 2378 ἀδιακωλύτως
3372 2316 3708 2387 ὑπηρετοῦν·
3741 2316 3834 2370 ίσθι
3854 2318 3902 2388 δὴ

2361 2405 2579 2471 πάντως
2608 2406 2885 2477 ὁμολογῶν
2919 2408 3160 2477 ἐνεργεῖν
3187 2405 3277 2459 τὸν
3311 2407 3533 2475 Πατέρα
3561 2406 3630 2459 τὰ
3669 2407 3902 2477 θεοπρεπῆ

2360 2498 2500 2552 κατὰ
2528 2498 2590 2552 τὸ
2618 2498 2913 2553 Σάϐὅατον.
2941 2499 3005 2551 Τί
3042 2498 3330 2569 τοιγαροῦν
3374 2497 3730 2561 ἀπαιδεύτως,
3753 2500 3900 2569 φησὶν,

2361 2591 2510 2659 αἰτιᾷ
2534 2590 2625 2642 τὸν
2655 2590 2722 2643 δι’
2745 2584 2806 2645 οὗ
2831 2589 2899 2643 τὰ
2929 2589 3107 2643 πάντα
3129 2588 3459 2661 ἐργάξεται;
3506 2590 3799 2659 Ἐνεργήσει
3819 2588 3901 2659 γὰρ

2360 2682 2459 2751 οὐχ
2496 2681 2699 2752 ἑτέρως
2727 2682 2754 2733 ὁ
2779 2681 2911 2745 Θεὸς
2941 2681 3035 2733 καὶ
3069 2680 3279 2751 Πατὴρ,
3304 2681 3420 2735 ἀλλ’
3446 2679 3529 2744 ὡς
3556 2680 3641 2733 διὰ
3667 2680 3901 2750 δυνάμεως

2359 2774 2453 2827 καὶ
2487 2773 2679 2842 σοφίας
2704 2772 2797 2825 τοῦ
2830 2771 2979 2825 Υίοῦ.
3013 2771 3112 2825 Διά
3143 2770 3302 2825 τοῦτο
3326 2773 3490 2844 φησι,
3534 2791 3552 2823 ι
3592 2771 3750 2839 Κάγὼ
3773 2772 3901 2840 ἐργά-

2361 2860 2543 2932 ζομαι.
2586 2882 2603 2913 ι
2632 2862 2882 2915 Δυσωπεῖ
2906 2859 3194 2932 τοιγαροῦν
3220 2865 3340 2926 ταῖς
3369 2865 3447 2926 είς
3491 2864 3686 2917 ἄτοπον
3713 2862 3899 2924 ἐννοίαις

2359 2952 2451 3007 τὸν
2482 2951 2731 3026 ἀχάλινον
2766 2952 2876 3006 τῶν
2911 2952 3214 3006 διωκόντων
3241 2952 3431 3023 θυμὸν,
3464 2954 3567 3023 οὐχ
3618 2952 3779 3022 ἐαυτῷ
3802 2969 3897 3005 ro:-

2359 3043 2516 3099 οῦτον
2546 3046 2940 3109 ἀντιτείνοντας
2986 3046 3225 3110 δεικνὺς,
3254 3044 3377 3099 ὅσον
3412 3046 3589 3101 εἰπεῖν
3623 3044 3697 3117 τῷ
3740 3046 3895 3114 Πειρη

2360 3134 2405 3209 ᾧ
2452 3140 2514 3212 δὴ
2562 3140 2657 3195 καὶ
2705 3141 2852 3211 μόνῳ
2901 3141 3000 3212 τὴν
3047 3140 3141 3195 τοῦ
3193 3142 3358 3212 νόμου
3407 3144 3577 3214 τιμὴν
3614 3143 3899 3212 ἀναγράφειν

2358 3233 2708 3300 ἐσπούδαζον,
2745 3232 2897 3287 οὔπω
2929 3232 3290 3302 γινώσκοντες
3336 3234 3426 3286 τὸν
3468 3234 3531 3300 ἐξ
3584 3233 3737 3287 αὑτοῦ
3788 3235 3899 3286 κατὰ

2364 3324 2584 3398 Πατέρα
2647 3326 2781 3397 φησὶ
2841 3326 2934 3380 τὸν
2971 3325 3123 3390 Θεὸν,
3188 3324 3530 3395 εὐφυέστατα
3601 3324 3899 3397 χειραγωγῶν

2435 3544 2536 3599 Διὰ
2568 3543 2744 3600 τοῦτο
2781 3541 2897 3602 οὖν
2923 3545 3165 3616 μᾶλλον
3198 3542 3448 3609 ἐῦξτουν
3492 3544 3676 3599 αὑτὸν
3702 3549 3750 3599 ot
3791 3547 3899 3602 Ἰου·

2366 3637 2519 3690 eam
2562 3637 2931 3703 ἀποκτεῖναι,
2986 3636 3075 3691 ὅτι
3112 3638 3184 3691 οὐ
3226 3638 3419 3706 μόνον
3450 3637 3598 3690 ἔλυε
3638 3637 3699 3689 τὸ
3727 3636 3899 3690 Σάϐϐα-

2369 3742 2494 3791 τον,
2522 3726 2679 3779 ἀλλὰ
2708 3725 2809 3779 καὶ
2834 3724 3065 3794 Πατέρα
3093 3724 3247 3779 ἴδιον
3271 3726 3442 3796 ἔλεγε
3475 3726 3583 3780 τὸν
3609 3726 3764 3791 Θεὸν,
3793 3726 3900 3779 ἴσον

2369 3815 2589 3869 ἑαυτὸν
2618 3815 2806 3871 ποιῶν
2833 3816 2912 3881 τῷ
2943 3815 3082 3881 Θεῷ.

2438 3952 2794 4006 Ἐπιτείνεται
2848 3951 2984 4022 πρὸς
3038 3949 3431 4022 ἀπανθρωπίαν
3462 3950 3575 4005 τῶν
3616 3948 3850 4004 Ἰουδαίων
3876 3960 3897 3998 ο

2365 4043 2508 4108 νοῦς,
2544 4044 2639 4098 καὶ
2686 4043 2753 4097 δι’
2799 4036 2875 4097 ὧν
2922 4043 3087 4113 ἐχρῆν
3136 4042 3561 4113 θεραπεύεσθαι,
3591 4041 3785 4095 νοσοῦσι
3809 4056 3899 4109 μειο

2366 4134 2554 4201 ζόνως,
2585 4136 2673 4189 ἵνα
2713 4135 2778 4207 δὴ
2825 4135 3046 4198 δικαίως
3098 4134 3420 4188 ἀκούσειανο
3480 4135 3608 4197 Πῶς
3650 4134 3803 4206 ἐρεῖτε
3834 4131 3896 4183 ὅτι

2365 4228 2525 4296 Σοφοί
2557 4229 2723 4298 ἐσμεν
2765 4229 2960 4297 ἡμεῖς;
2994 4226 3121 4279 Δέον
3168 4227 3278 4299 γὰρ
3323 4225 3525 4290 αὐτοὺς
3556 4220 3895 4296 ἐξημεροῦσθαι

2366 4319 2465 4387 τὴν
2500 4318 2746 4388 γνώμην,
2779 4318 3023 4389 λογισμῷ
3054 4318 3133 4389 τῷ
3160 4318 3421 4390 πρέποντι
3453 4314 3898 4388 μεταποιουμένους

2367 4410 2447 4473 είς
2493 4409 2796 4472 εὐλάϐειαν,
2832 4408 2927 4461 καὶ
2960 4409 3192 4478 φονῶσιν
3221 4409 3322 4479 ἤδη
3367 4408 3513 4462 κατά
3551 4406 3645 4462 τοῦ
3678 4405 3898 4473 πληροφο-

689 4505 813 4573 ejus
841 4507 935 4572 qui
973 4505 1140 4559 rebus
1174 4505 1310 4574 ipsis
1346 4504 1697 4559 demonstrat
1732 4504 1872 4558 nihil
1918 4505 2076 4573 plane
2108 4506 2160 4559 in
2190 4504 2264 4559 le-

2374 4500 2588 4573 ροῦντος
2620 4501 2707 4555 διὰ
2736 4500 3099 4572 πραγμάτων,
3127 4502 3203 4565 ὡς
3234 4502 3387 4555 οὐδὲν
3408 4502 3548 4565 ὅλως
3578 4504 3655 4565 είς
3681 4500 3762 4555 τὸν
3789 4498 3897 4550 θεῖον

691 4611 813 4666 gem
842 4596 1085 4650 divinam
1118 4603 1403 4667 peccatum
1434 4613 1557 4652 esse
1578 4638 1592 4662 ,
1624 4597 1851 4652 homine
1879 4596 2042 4668 214
2072 4603 2264 4652 sanato

2365 4597 2679 4666 ἡμάρτηται
2720 4594 2882 4663 νόμον
2906 4635 2921 4659 ,
2962 4593 3311 4662 ύγιασθέντος
3359 4592 3649 4664 ἀνθρώπου
3700 4590 3820 4655 κατὰ
3853 4586 3898 4639 τὸ

691 4685 781 4739 die
817 4684 1065 4739 Sabbati.
1109 4684 1333 4738 Addunt
1372 4700 1505 4740 vero
1550 4687 1617 4740 ad
1667 4687 1807 4740 iram
1850 4686 1921 4741 ob
1963 4686 2263 4741 Sabbatum

2366 4687 2658 4742 Σάῦὅατον.
2701 4686 3083 4739 Ἐπιπλὲκουσι
3137 4685 3193 4738 δὲ
3243 4688 3363 4750 ταῖς
3414 4685 3503 4740 διὰ
3556 4686 3616 4738 τὸ
3670 4681 3899 4734 Σαϐϐαῖον

691 4782 1013 4846 conceptam
1052 4776 1412 4846 blasphemiae
1440 4777 1650 4832 crimen
1682 4792 1804 4832 esse
1847 4777 2024 4847 ipsam
2064 4777 2267 4831 verita-

691 4878 840 4935 tem,
904 4884 1134 4925 suorum
1200 4877 1552 4939 peccatorum
1610 4871 1823 4926 catenis
1868 4878 2129 4940 perpetua
2184 4871 2266 4924 ira

692 4956 908 5025 seipsos
935 4956 1365 5027 ohstriugentes.
1399 4956 1803 5013 Existimabam
1835 4959 1980 5014 enim
2011 4960 2265 5028 impieta-

688 5053 802 5102 tem
825 5063 973 5112 esse,
996 5046 1532 5118 indignabanturque
1556 5049 1721 5118 quod,
1749 5064 1873 5104 cum
1898 5051 2063 5105 homo
2088 5061 2265 5116 esset,

694 5137 863 5192 Deum
888 5138 1110 5192 Patrem
1137 5154 1296 5194 suum
1329 5138 1557 5193 diceret.
1580 5139 1909 5195 Nesciehant
1931 5142 2076 5196 enim
2099 5141 2266 5196 Deum

694 5229 937 5283 Verbum
971 5232 1025 5283 in
1062 5229 1239 5284 forma
1279 5231 1424 5286 servi
1460 5240 1685 5301 propter
1712 5247 1813 5288 nos
1859 5234 2063 5288 factum
2109 5249 2267 5297 esse,

695 5326 750 5371 et
780 5333 844 5372 ex
878 5318 985 5373 Deo
1016 5319 1176 5375 Patre
1206 5321 1374 5375 vitam
1410 5336 1740 5391 promanare
1761 5366 1777 5390 ,
1819 5324 1924 5379 hoc
1955 5334 2040 5380 est
2071 5324 2268 5394 Unige-

696 5406 905 5471 nitum,
936 5408 1027 5463 cui
1055 5417 1204 5465 certe
1235 5411 1329 5464 uni
1364 5413 1584 5484 pr0prie
1614 5429 1678 5468 ac
1708 5430 1834 5470 vere
1858 5414 2025 5469 Deum
2056 5414 2270 5469 Patrem

697 5512 823 5554 esse
852 5498 1126 5564 dicimus,
1161 5504 1324 5558 nobis
1350 5520 1477 5559 vero
1504 5521 1614 5560 non
1644 5507 1796 5562 item.
1829 5506 2083 5576 Adoptivi
2125 5508 2270 5561 enim

698 5604 910 5655 sumus,
942 5590 1010 5644 ad
1055 5592 1376 5662 dignitatem
1421 5599 1901 5663 supernaturalem
1948 5598 2273 5651 honoraritis

698 5681 983 5738 voluntate
1016 5684 1193 5738 evecti
1232 5694 1285 5739 et
1334 5688 1559 5741 nomina
1589 5688 1679 5741 illa
1707 5687 1920 5742 deorum
1949 5703 2011 5742 ac
2039 5688 2273 5756 ﬁliorum

702 5769 1047 5840 obtinentes,
1082 5781 1305 5846 propter
1338 5775 1736 5834 inhabitantcm
1770 5778 2050 5834 Christum
2086 5777 2140 5835 in
2176 5792 2274 5831 no-

2366 4780 2575 4849 ὀργαῖς,
2605 4777 2679 4839 ὼς
2716 4775 3061 4846 βλασφημίας
3088 4774 3338 4845 ἔγκλημα
3376 4776 3475 4846 τὴν
3503 4771 3783 4846 ἀλήθειαν,
3818 4784 3899 4821 σει-

2370 4870 2489 4938 ραῖς
2516 4865 2623 4920 τῶν
2649 4864 2864 4918 οἰκείων
2895 4865 3381 4937 πλημμελημάτων
3411 4868 3491 4929 είς
3520 4866 3739 4925 ἀλύτους
3767 4861 3899 4930 ὀργὰς

2370 4961 2593 5023 ἑαυτοὺς
2648 4959 3134 5027 κατασφίγγοντες.
3197 4958 3488 5012 Δυσσεὸεἴν
3542 4958 3649 5027 γὰρ
3692 4954 3898 5013 ἐδόκουν,

2372 5052 2499 5105 ἴδιον
2530 5052 2611 5105 ὄτι
2639 5051 2788 5120 λέγει
2815 5051 3033 5121 Πατέρα
3060 5051 3150 5104 τὸν
3177 5051 3309 5103 Θεὸν
3334 5050 3617 5121 ἄνθρωπος
3640 5047 3709 5101 ὣν
3736 5042 3897 5112 ἀσχάλ-

2368 5144 2570 5206 λοντες.
2611 5144 2685 5196 Ού
2715 5142 2823 5213 γὰρ
2858 5142 3054 5212 ᾖδεσάν
3092 5159 3177 5193 πω
3220 5142 3309 5193 τὸν
3352 5142 3410 5192 ἐν
3442 5140 3627 5193 δούλου
3666 5136 3823 5208 μορφῇ
3850 5132 3898 5183 δι’

2371 5238 2516 5306 ἡμᾶς
2548 5235 2807 5303 γεγονότα
2838 5234 2968 5286 Θεὸν
2994 5233 3186 5300 Λόγον,
3221 5234 3318 5303 τὴν
3352 5235 3414 5285 ἐκ
3452 5231 3545 5284 τοῦ
3576 5228 3704 5283 Θεοῦ
3734 5222 3897 5292 [ἰατρὸς

2370 5312 2746 5393 ἀναδρύουσαῗ)
2791 5322 2955 5391 ζωὴν.
3006 5321 3148 5375 τοῦτ’
3195 5321 3309 5375 ἔστι
3355 5321 3446 5375 τὸν
3481 5317 3767 5388 Μονογενῆ,
3793 5308 3895 5381 ᾧδὴ

2373 5415 2467 5468 καὶ
2499 5416 2643 5487 μόνῳ
2671 5414 2873 5485 κυρίως
2905 5431 2963 5466 τε
2996 5413 3089 5467 καὶ
3119 5413 3332 5483 ἀληθῶς
3372 5409 3726 5481 ἐπιγράφεταί
3759 5423 3808 5458 τε
3829 5403 3897 5454 καὶ

2373 5507 2485 5561 ἐστι
2517 5506 2706 5576 Πατὴρ
2732 5508 2759 5559 ό
2791 5506 2941 5569 Θεὸς,
2968 5508 3100 5576 ἡμῖν
3132 5507 3188 5559 δέ
3217 5505 3416 5558 οὐκέτι.
3444 5503 3598 5557 Θετοὶ
3626 5501 3727 5570 γὰρ
3752 5495 3893 5567 ἡμεῖςν

2375 5601 2451 5660 είς
2484 5597 2545 5651 τὸ
2578 5598 2714 5669 ὑπὲρ
2748 5602 2907 5666 φύσιν
2938 5597 3154 5666 ἀξίωμα
3201 5595 3286 5649 διὰ
3332 5596 3429 5665 τὴν
3475 5593 3569 5646 τοῦ
3617 5592 3895 5660 τιμήσαντος

2376 5687 2593 5759 θέλησιν
2615 5687 3016 5752 ἀναϐαίνοντες,
3048 5686 3142 5738 καὶ
3166 5685 3225 5738 τὸ
3254 5686 3371 5740 θεοί
3407 5685 3497 5738 καὶ
3523 5682 3637 5736 viai
3663 5670 3896 5759 ulmei}

2377 5754 2745 5849 κερδαίνοντες
2798 5777 2883 5831 διὰ
2925 5776 3014 5830 τὸν
3053 5776 3110 5829 ἐν
3146 5777 3277 5847 ἡμῖν
3303 5773 3549 5831 οἰκοῦντα
3584 5767 3799 5841 Χριστὸν
3831 5754 3899 5812 διὰ
