4102 6528
226 450 341 506 549

1275 437 1341 492 IN
1376 434 1661 493 JOANNIS
1691 430 2140 488 EVANGELIUM
2172 428 2301 483 LIB.
2336 427 2396 482 ll.

3358 410 3478 487 τοι)⁴

226 584 330 621 του
387 564 541 633 ἁγίου
595 563 927 633 Πνευματος.
981 558 1073 622 Εἰς
1133 557 1231 627 τὴν
1287 558 1465 628 σάρκα
1505 552 1793 625 τοιγαροῦν

1922 552 1983 607 iis
2016 566 2113 620 per
2146 556 2400 604 sanctum
2430 544 2700 617 Spiritum
2729 542 2792 594 ".
2825 538 2962 596 Cum
2991 548 3125 607 ergo
3152 518 3325 588 solam
3352 544 3469 583 care

227 656 536 727 ἀφορῶντες
578 652 768 724 μόνην,
815 651 907 704 τὸν
945 649 1001 702 δὲ
1028 652 1085 703 ἐν
1131 651 1197 720 τῇ
1248 646 1409 719 σαρκὶ
1442 645 1795 700 κατοικοῦντα

226 746 362 798 Θεὸν
405 744 504 797 οὐκ
552 740 1020 809 ἐπιγινώσκοντες,
1070 739 1171 791 οὐκ
1222 738 1500 808 ἀνέχονται
1560 736 1693 807 πρὸς
1734 734 1797 788 τὸ

227 836 555 907 ὑπερέκεινα
581 833 682 903 τῆς
707 831 992 901 ἀνθρώπου
1023 830 1235 898 φύσεως
1284 828 1666 898 ἀναπηδῶντος
1701 827 1797 895 μέο

226 944 377 996 τρον,
426 926 512 979 διὰ
558 925 653 979 τοῦ
706 924 921 994 Πατέρα
966 921 1141 990 λέγειν
1187 920 1378 974 ἑαυτοῦ
1408 920 1498 974 τὸν
1526 919 1677 973 Θεόν.
1708 916 1797 987 Τῷ

225 1017 341 1088 γὰρ
361 1018 553 1081 εἰπεῖν,
589 1035 607 1067 ι
651 1014 710 1070 '0
758 1016 945 1084 Πατήρ
1000 1030 1123 1084 μου,
1162 1032 1180 1065 ι
1214 1014 1417 1082 ταύτην
1465 1011 1530 1065 ἂν
1575 1010 1798 1072 εἰκότως

228 1105 471 1175 εἰσφέροι
492 1104 589 1176 τὴν
621 1103 826 1156 ἔννοιαν
845 1118 858 1132 ο
886 1100 1087 1155 οἴονται
1116 1100 1171 1153 δὲ
1209 1100 1317 1152 δεῖν
1349 1100 1441 1151 τὸν
1462 1090 1613 1167 ᾧπερ
1649 1097 1798 1149 ἐστὶν

230 1198 540 1263 ἰδιαζόντως
588 1196 775 1266 Πατὴρ
829 1195 858 1247 ὀ
903 1193 1054 1259 Θεὸς,
1107 1191 1221 1246 ἴσον
1271 1188 1407 1243 εἶναι
1456 1190 1594 1243 κατὰ
1638 1188 1797 1258 φύσιν

227 1286 399 1357 αὐτῷ,
444 1285 598 1340 τοῦτο
649 1284 714 1357 δὴ
766 1284 922 1356 μόνον
975 1281 1222 1344 νοοῦντες
1274 1279 1476 1350 ὀρθῶς·
1527 1278 1638 1348 ἔχει
1690 1278 1799 1349 γὰρ

226 1378 425 1442 οὕτως,
448 1377 540 1431 καλ⁸
564 1377 662 1447 οὐχ
690 1375 911 1448 ἑτέρως.
954 1375 1041 1437 Ὧς
1086 1369 1179 1426 οῦν
1212 1372 1306 1424 καὶ
1336 1370 1538 1441 ταύτην
1579 1368 1671 1421 τοῦ
1715 1368 1800 1420 λό-

227 1488 327 1540 γου
357 1470 458 1543 τὴν
488 1470 693 1523 ἔννοιαν
722 1466 1150 1539 παρεισάγοντος
1174 1504 1189 1528 ,
1228 1461 1591 1531 ἀγανακτοῦσι
1624 1458 1801 1530 μειξό-

228 1579 335 1626 νως
362 1562 455 1614 τὸν
482 1559 639 1632 ὀρθὸν
657 1560 757 1631 τῆς
789 1556 1044 1628 ἀληθείας
1082 1553 1464 1625 ἐκτρεπόμενοι
1497 1551 1671 1619 λόγον.

832 1672 1084 1726 ΚΕΦΔΛ.
1117 1673 1208 1740 ς’.

227 1764 351 1840 Ὅέι
381 1788 491 1841 οὐκ
514 1783 778 1839 ἐλάττων
803 1786 953 1838 κατὰ
986 1784 1241 1850 δύναμιν
1271 1780 1308 1849 ἦ
1341 1781 1467 1834 κατ’
1500 1777 1805 1847 ἐνέργειαν

297 1856 416 1992 τῖεν
440 1858 539 1910 ἐπί
570 1871 729 1909 τισιν
757 1858 789 1909 ὁ
830 1854 958 1920 Υἱὸς
987 1853 1092 1907 τοῦ
1114 1852 1363 1918 Πατρός,
1392 1851 1514 1903 ἀλλ
1566 1850 1803 1901 ἰσοσθε-

297 1944 336 1980 ν
382 1947 417 1991 ς
446 1943 510 1979 τε
548 1925 645 1978 καὶ
680 1924 898 1992 ὅμοιος,
935 1925 1013 1989 ὠς
1036 1921 1105 1987 ἐξ
1132 1920 1318 1975 αὑτοῦ
1347 1920 1496 1973 κατὰ
1522 1919 1730 1988 φύσιν.

296 1919 417 1992 νής
446 1943 510 1979 τε
548 1925 645 1978 καὶ
680 1924 898 1993 ὅμοιος,
935 1919 1013 1989 ὡς
1036 1921 1105 1987 ἐξ
1132 1920 1318 1975 αὑτοῦ
1347 1920 1496 1973 κατὰ
1522 1919 1730 1988 φύσιν.

298 2017 677 2085 Ἀπεκρίνατο
708 2011 822 2071 οὖν
867 2018 900 2068 ό
955 2013 1203 2082 Ἰησοῦς,
1234 2012 1331 2066 καὶ
1368 2006 1537 2065 εἶπεν
1563 2007 1766 2073 αὐτοῖς
1785 2024 1799 2039 ·

240 2105 445 2175 Ἀμὴν,
466 2106 628 2175 ἀμὴν
648 2104 801 2175 λέγω
825 2103 988 2174 ὑμῖν,
1016 2105 1086 2158 οὐ
1111 2103 1361 2157 δύναται
1386 2105 1418 2156 ὀ
1454 2100 1585 2168 Υἱὸς
1606 2099 1803 2154 ποιεῖν

223 2198 327 2265 ἀφ’
355 2195 574 2250 ἑαυτοῦ
600 2195 798 2259 οὐδὲν,
828 2196 938 2249 ἐὰν
971 2194 1057 2263 μή
1102 2210 1157 2248 τι
1198 2192 1401 2261 ,βλέπῃ
1431 2192 1540 2245 τὸν
1576 2188 1806 2257 Πατέρα

228 2287 549 2342 ποιοῦντα*
586 2286 623 2341 d
669 2285 779 2357 γὰρ
824 2284 902 2341 ἂν
938 2285 1170 2351 ἐκεῖνος
1218 2282 1379 2353 ποι-ᾔ,
1411 2283 1597 2338 ταῦτα
1640 2280 1738 2335 καὶ
1772 2284 1805 2335 ό

237 2382 373 2446 Υἱὸς
413 2381 625 2449 ὁμοίως
655 2378 831 2433 ποιεῖ.

301 2475 485 2543 Ὅπερ
512 2474 570 2526 ὲν
592 2475 704 2535 τοῖς
728 2469 1088 2543 προλαϐοῦσιν
1113 2472 1429 2547 εζρήκαμεν,
1460 2467 1617 2521 τοῦτο
1646 2465 1805 2519 πάλιν

230 2566 407 2636 ἑτέρῳ
433 2562 774 2635 διερμηνεύει
812 2564 1032 2635 τρᾶπῳ,
1063 2561 1400 2632 πανταχόθεν
1442 2562 1534 2614 ὲπὶ
1566 2559 1666 2630 τὴν
1706 2557 1805 2626 τῆς

231 2656 494 2729 ἀληθείας
526 2655 741 2726 εὕρεσιν
776 2654 1089 2724 σαγηνεύων
1115 2655 1241 2716 τοὺς
1274 2651 1654 2723 ἀκροωμένους
1673 2667 1687 2682 ο
1718 2652 1809 2703 τὸν

228 2749 283 2803 δὲ
314 2750 378 2801 ὲν
418 2745 655 2817 πρώτοις
678 2746 738 2799 οὐ
786 2744 1189 2816 παραδεχθέντα
1233 2743 1408 2811 λόγον,
1437 2742 1527 2795 διὰ
1563 2740 1660 2812 τὴν
1699 2741 1809 2793 τῶν

232 2840 476 2894 συνιέναι
521 2837 597 2909 μὴ
629 2836 960 2907 δυνηθέντων
988 2834 1293 2897 ἀσθένειαν,
1334 2832 1534 2904 ἑτέρως
1570 2835 1811 2903 ἀναμορο

230 2934 340 3000 (poi,
375 2932 471 2984 καὶ
495 2929 582 2983 διὰ
608 2929 717 2982 τῶν
740 2926 917 2982 αὐτῶν
957 2926 1103 2980 ἰόντα
1142 2925 1533 2997 θεωρημάτων,
1568 2924 1809 2995 εἰσφέρει

230 3024 515 3091 ποικίλως.
548 3021 748 3093 Ἔργον
793 3020 837 3073 δ’
883 3019 948 3073 ἂν
996 3018 1081 3091 εἴη
1134 3017 1292 3071 τοῦτο
1332 3017 1431 3087 τῆς
1476 3015 1811 3071 διδασκάλων

230 3114 554 3187 πρεπούσης
601 3112 837 3184 ἀρετῆς,
880 3110 941 3164 τὸ
983 3128 1058 3181 μη
1101 3110 1365 3181 τρέχοντα
1395 3108 1672 3179 δηλονότι,
1719 3106 1813 3159 καὶ

231 3209 653 3277 παριπτάμενον
691 3202 801 3258 τῶν
833 3200 1228 3270 διδασκομένων
1265 3199 1362 3271 τὴν
1404 3199 1604 3268 γνῶσιν
1644 3200 1813 3251 ποιεῖ-

1836 1923 1877 1977 Β
1977 1923 2117 1977 utilis
2138 1959 2153 1982 ,
2190 1928 2245 1972 ut
2279 1931 2343 1970 ex
2372 1916 2485 1983 ipso
2519 1925 2672 1963 secuit

1896 659 2019 699 nem
2072 648 2322 712 spectent
2378 646 2433 693 et
2489 637 2659 692 Deum
2690 635 2744 688 in
2775 646 2940 687 carne
2989 627 3326 683 habitantem
3367 636 3474 673 non

1896 739 2229 805 agnoscant,
2256 745 2365 785 non
2397 728 2583 783 ferunt
2605 724 2789 780 Jesum
2817 722 2959 777 ultra
2990 724 3199 774 natura:
3223 712 3477 766 humanae

1896 823 2269 879 conditionem
2304 818 2490 875 eﬂ‘erri
2522 833 2587 872 ex
2621 830 2686 869 eo
2720 812 2865 883 quod
2893 810 3111 864 Patrem
3145 817 3305 861 suum
3338 800 3477 854 dicit

1897 916 2088 971 Deum.
2122 914 2178 977 In
2211 929 2277 968 eo
2309 911 2457 967 enim
2494 907 2640 979 quod
2672 905 2831 968 dicit,
2864 922 2881 953 ι
2914 901 3076 955 Pater
3110 910 3288 959 meus,
3316 912 3334 945 ι
3370 893 3474 946 ista

1896 1005 2173 1062 sententia
2194 1004 2318 1074 jupe
2347 998 2697 1070 exprimitur.
2734 994 3061 1048 Existimant
3090 996 3272 1042 autem
3307 996 3431 1039 eum
3457 1020 3472 1043 ,

1898 1098 1985 1153 cui
2009 1096 2228 1166 proprie
2249 1110 2315 1148 ac
2334 1089 2685 1163 peculiariter
2704 1086 2865 1140 Pater
2898 1091 2981 1138 est
3018 1080 3183 1147 Deus,
3210 1075 3473 1146 aequalem

1898 1206 2023 1246 esse
2052 1189 2100 1245 ei
2135 1185 2439 1243 secundum
2477 1189 2769 1243 naturam;
2804 1172 2951 1245 quod
2989 1184 3156 1225 unum
3190 1166 3295 1237 ipsi
3327 1171 3476 1219 recte

1892 1281 2188 1350 iudicant:
2220 1279 2294 1333 ita
2325 1277 2472 1332 enim
2518 1288 2609 1327 res
2652 1276 2771 1334 est,
2815 1282 2879 1320 ac
2924 1278 3035 1318 non
3080 1260 3261 1313 aliter.
3302 1254 3477 1321 Quasi

1898 1389 2033 1443 ergo
2064 1373 2212 1426 hunc
2244 1382 2470 1425 sensum
2505 1363 2802 1419 verborum
2840 1367 3069 1411 suorum
3109 1351 3227 1420 ipse
3269 1347 3324 1400 in
3361 1358 3478 1397 me-

1899 1468 2053 1523 dium
2084 1463 2312 1525 aderat,
2347 1458 2711 1527 indignantur
2747 1449 2943 1521 magis,
2982 1451 3193 1501 rectum
3224 1436 3477 1494 veritatis

1902 1570 2210 1615 sermonem
2241 1553 2349 1607 alio
2375 1550 2790 1617 detorquentes.

2551 1657 2702 1714 CAP.
2744 1653 2831 1709 Vl.

1905 1780 2059 1851 Quod
2093 1797 2197 1835 non
2222 1777 2394 1851 mi_n_or
2416 1769 2699 1851 secundum
2728 1768 2971 1851 virtutem
3003 1769 3093 1814 aut
3126 1765 3477 1839 operationem

1974 1856 2041 1907 sit
2079 1851 2240 1905 Patre
2269 1845 2440 1899 Filius
2464 1884 2478 1905 ,
2506 1841 2595 1895 sed
2638 1837 2858 1958 agitatis
2892 1830 3164 1899 potestatis
3186 1866 3201 1892 ,
3234 1827 3380 1895 eique
3409 1825 3481 1876 si-

1977 1923 2116 1958 ...ηερ
2190 1928 2245 1958 ul
2279 1931 2343 1958 pm
2372 1916 2485 1958 imm
2519 1925 2672 1958 secuit
2719 1923 2802 1957 um
2834 1913 3102 1957 naturam.

2719 1923 2802 1957 um
2834 1913 3102 1957 naturam.

1982 2014 2044 2069 V.
2090 2012 2178 2078 18,
2209 2009 2294 2064 i9.
2343 2001 2626 2073 Respondit
2668 2001 2845 2067 itaque
2876 1992 3062 2055 Iesus,
3105 1996 3153 2043 et
3190 1985 3325 2039 dixit
3361 1983 3435 2037 eis
3462 1998 3480 2035 :

1904 2109 2103 2171 Amen,
2142 2118 2291 2159 amen
2332 2100 2449 2152 dico
2484 2094 2624 2149 vobis
2649 2133 2665 2159 ,
2698 2106 2800 2144 non
2833 2094 2999 2156 potest
3040 2080 3213 2135 Filius
3248 2095 3278 2131 tt
3309 2093 3362 2131 se
3395 2075 3483 2144 fa-

1904 2215 2017 2254 cere
2046 2196 2332 2266 quidquam
2353 2230 2368 2254 ,
2400 2187 2504 2243 nisi
2533 2182 2670 2255 quod
2697 2178 2886 2235 viderit
2916 2174 3129 2228 Patrem
3161 2168 3435 2239 facientem
3462 2178 3482 2217 :

1903 2256 2222 2362 quiscunque
2254 2284 2389 2339 enim
2440 2278 2527 2333 ille
2564 2274 2775 2346 fecerit,
2807 2270 2915 2326 lucc
2945 2276 2993 2322 et
3037 2262 3209 2318 Filius
3238 2256 3488 2314 similiter

1906 2383 2061 2453 facit.

1978 2468 2134 2538 Quod
2178 2467 2234 2522 in
2286 2459 2726 2536 praecedentibus
2769 2453 3045 2513 diximus,
3094 2448 3197 2500 hoc
3239 2442 3348 2497 alia
3392 2453 3486 2493 ra-

1908 2564 2061 2618 tione
2098 2532 2302 2616 rursus
2328 2554 2604 2625 explicat,
2643 2547 2927 2603 auditores
2970 2554 3103 2596 suos
3139 2536 3205 2590 ad
3249 2532 3487 2604 agnitio-

1908 2670 2033 2711 nem
2062 2650 2309 2707 veritatis
2339 2656 2731 2715 usquequaque
2762 2634 3037 2691 irretiens.
3066 2629 3239 2683 Porro
3273 2623 3485 2679 d0ctri-

1910 2762 2035 2801 nam
2076 2758 2198 2815 qua:
2243 2740 2480 2812 primum
2509 2738 2763 2801 suscepta
2789 2742 2899 2782 non
2924 2734 3041 2788 est,
3067 2720 3137 2774 ob
3160 2730 3351 2773 eorum
3381 2715 3488 2767 imo

1912 2806 2266 2898 becilliiatem
2315 2833 2423 2887 alio
2453 2827 2618 2884 modo
2649 2822 2868 2891 reﬁngit
2892 2861 2906 2886 ,
2956 2824 3010 2872 et
3040 2827 3167 2869 cum
3200 2810 3254 2864 in
3286 2806 3486 2863 iisdem

1913 2935 2166 2985 versetur
2200 2919 2560 2978 theorematis
2588 2956 2603 2981 ,
2661 2913 2812 2967 varie
2866 2917 3050 2963 tamen
3096 2916 3217 2957 eam
3262 2902 3484 2952 tractat.

1913 3019 2076 3075 Probi
2118 3022 2301 3070 autem
2336 3008 2585 3082 magistri
2622 3004 2862 3059 cilicium
2905 3006 3033 3062 est,
3084 3009 3196 3050 non
3245 2988 3487 3050 cursim,

1914 3126 2093 3183 neque
2120 3103 2495 3178 perfunctorie
2513 3098 2733 3159 docere,
2754 3094 2854 3150 sed
2884 3087 3121 3160 eleganti
3154 3098 3279 3138 cum
3312 3080 3489 3133 varie-

1913 3174 2026 3263 tate
2051 3174 2365 3259 distinctam
2390 3196 2701 3251 doctrinam
2727 3186 2966 3249 tradere,
2995 3183 3317 3253 plerumque
3337 3174 3493 3227 theo-

233 3268 360 3353 σθαι
393 3268 694 3365 τὸνλόγον,
718 3294 831 3350 ἀλλ’
856 3268 1167 3365 εὐπάρυφόν
1200 3310 1259 3347 τε
1288 3268 1383 3346 καὶ
1428 3292 1697 3364 διαφόρως
1733 3290 1816 3356 ὲξ-

1922 3304 2191 3352 rematum
2225 3288 2384 3360 215
2410 3283 2784 3340 diﬂicultatem
2815 3274 3017 3332 eximio
3045 3268 3263 3325 dicendi
3294 3278 3493 3337 genere

231 3389 399 3460 ορχού
408 3405 585 3459 μενον,
612 3388 705 3441 καὶ
736 3386 813 3457 τῷ
846 3386 943 3454 τῆς
964 3385 1213 3454 φράσεως
1237 3384 1640 3455 ἐξηλλαγμένῳ,
1682 3381 1812 3434 πολ-

232 3483 397 3546 λάκις
430 3483 527 3553 τὴν
568 3482 626 3534 ὲν
666 3481 777 3542 τοῖς
821 3479 1138 3550 θεωρήμασι
1182 3476 1438 3547 φιλοῦντα
1480 3475 1818 3546 δυσχέρειαν.

246 3572 547 3644 Ἀναμίξας
585 3571 765 3623 τοίνυν
794 3569 872 3640 τῷ
899 3568 1190 3640 θεοπρεπεῖ
1228 3568 1290 3621 τὸ
1330 3566 1689 3636 ἀνθρώπινον,
1729 3567 1825 3618 καὶ

237 3668 408 3737 μέσον
439 3665 496 3731 ἐξ
528 3664 729 3734 ἀμφοῖν
771 3662 868 3715 ἒνα
917 3659 1157 3729 κεράσας
1202 3657 1381 3728 λόγον,
1415 3657 1490 3722 ώς
1517 3656 1700 3729 ἠρέμα
1728 3656 1825 3725 μὲν

236 3756 495 3827 ὑφιζάνει
526 3755 586 3806 τὸ
625 3751 703 3821 τῷ
733 3752 1028 3817 Μονογενεῐ
1075 3748 1284 3817 πρέπον
1331 3748 1566 3817 ἀξίωμα,
1594 3745 1823 3801 ἀναϐαι-

235 3865 314 3901 ¹σει
390 3846 447 3899 δὲ
505 3843 604 3913 τὴν
661 3839 949 3912 ἀνθρώπου
1004 3838 1186 3909 φύσιν,
1234 3838 1311 3902 ὼς
1366 3838 1641 3907 Δεσπότης
1686 3836 1823 3907 ἅμα,

236 3938 331 3990 καὶ
371 3936 430 3987 ὲν
466 3932 671 3994 δούλοις
718 3927 1208 3997 κατατεταγμένος,
1257 3926 1457 3997 φησίνο
1498 3945 1515 3977 ι
1548 3926 1621 3979 Οὐ
1669 3924 1827 3977 δύνα-

236 4045 327 4081 ται
373 4025 548 4076 ποιεῖν
572 4023 601 4074 ὁ
631 4019 757 4082 Υἱὸς
790 4019 883 4088 ἀφ’
913 4016 1108 4071 ἑαυτοῦ
1158 4016 1330 4080 οὐδὲν,
1364 4014 1457 4068 ἐὰν
1489 4016 1618 4085 μήτι
1654 4015 1826 4085 βλέπῃ

238 4118 330 4170 τὸν
374 4113 593 4182 Πατέρα
621 4110 875 4164 ποιοῦντα
894 4127 906 4140 ο
947 4108 983 4163 ἃ
1012 4109 1120 4180 γὰρ
1147 4108 1213 4161 ἂν
1240 4110 1445 4170 ἐκεῖνος
1478 4110 1627 4178 ποιῇ,
1661 4106 1830 4161 ταῦτα

240 4207 335 4262 καὶ
359 4212 397 4258 ab
430 4204 558 4267 Υἱὸς
586 4202 787 4272 ὁμοίως
824 4202 985 4254 ποιεῖ.
1023 4218 1041 4251 ι
1084 4200 1172 4251 Ἐν
1210 4199 1307 4268 μὲν
1340 4196 1447 4267 γὰρ
1476 4196 1552 4267 τῷ
1577 4196 1830 4250 δύνασθαι

242 4300 424 4354 ποιεῖν
458 4294 888 4367 ἀπαραλλάκτως
916 4290 986 4344 τὰ
1033 4289 1125 4343 τοῦ
1162 4288 1297 4343 Θεοῦ
1340 4290 1433 4341 καὶ⁵
1480 4288 1709 4358 Πατρὸς,
1740 4287 1832 4340 καὶ

242 4390 453 4461 ὁμοίως
498 4388 739 4457 ἐνεργεῖν
769 4384 846 4455 τῷ
879 4384 1220 4454 γεννήσαντι,
1253 4380 1353 4448 τῆς
1395 4379 1582 4441 οὐσίας
1625 4378 1832 4430 ἑαυτῶν

247 4482 521 4553 μαρτυρεῖ
552 4478 649 4546 τὴν
682 4474 1005 4546 ταυτότητα.
1048 4472 1360 4542 Ἐνεργήσει
1404 4468 1512 4540 γὰρ
1539 4469 1739 4537 ὁμοίως
1766 4467 1835 4520 τὰ

244 4576 345 4647 τὴν
387 4572 555 4643 αὐτὴν
587 4568 835 4639 ἀλλήλοις
859 4566 1091 4637 λαχόντα
1122 4563 1304 4633 φύσιν,
1335 4557 1416 4625 οἷς
1453 4560 1507 4612 δὲ
1535 4561 1563 4611 ὁ
1593 4559 1687 4612 τοῦ
1721 4560 1833 4623 πῶς

245 4666 389 4721 εἶναι
414 4664 570 4732 λόγος
600 4659 1019 4731 ἐξηλλαγμένος,
1067 4654 1275 4717 τούτοις
1318 4653 1384 4707 ἂν
1427 4649 1511 4722 εἴη
1551 4651 1644 4703 καὶ
1675 4651 1703 4701 ό
1735 4650 1834 4721 τῆς

245 4762 329 4827 ἐφ’
363 4757 564 4811 ἆπασιν
592 4751 870 4823 ἐνεργείας
894 4749 1094 4819 τρόπος
1132 4747 1230 4816 οὐχ
1262 4748 1291 4798 ό
1324 4744 1503 4807 αὐτός.
1532 4741 1741 4796 Οὐκοῦν
1761 4743 1836 4806 ὡς

249 4850 386 4911 Θεὸς
426 4845 676 4917 ἀληθινὸς
719 4845 783 4896 ὲκ
821 4840 956 4895 Θεοῦ
989 4839 1203 4909 Πατρδς
1244 4836 1516 4908 ἀληθινοῦ,
1550 4835 1721 4889 ταῦτα
1747 4834 1836 4887 δύ-

250 4939 446 4994 νασθαι
500 4938 673 4989 ποιεῖν
736 4932 935 5003 ὁμοίως
983 4929 1174 4999 ἐκείνῳ
1223 4928 1416 4997 φησὶν,
1470 4925 1584 4979 ἀλλ’
1630 4925 1717 4977 ἵνα
1759 4925 1833 4995 μὴ

252 5033 432 5101 μόνως
478 5026 577 5101 [αι.
613 5023 793 5097 μόνον]
841 5021 956 5086 ἴσος
1001 5021 1074 5075 ὢν
1113 5022 1170 5073 ὲν
1215 5019 1440 5089 δυνάμει
1479 5017 1732 5088 φαίνηται
1758 5014 1837 5086 τῷ

251 5121 452 5192 Ila-:91,
485 5114 820 5188 ὁμογνώμων
864 5114 919 5167 δὲ
970 5111 1112 5167 κατὰ
1157 5111 1353 5172 πάντα,
1404 5109 1497 5161 καὶ
1544 5109 1670 5178 μίαν
1700 5106 1838 5176 ἔχων

251 5216 351 5284 τὴν
379 5213 464 5279 ἐφ’
497 5210 671 5265 ἅπασι
701 5208 936 5277 θέλησιν,
975 5206 1048 5276 μὴ
1093 5202 1350 5257 δύνασθαι
1388 5202 1535 5270 λέγει
1577 5204 1748 5253 ποιεῖν
1781 5198 1840 5264 ἐξ

254 5300 449 5355 ἑαυτοῦ
486 5300 671 5371 μηδὲν,
698 5298 793 5351 ἐὰν
828 5298 956 5367 μήτι
988 5296 1157 5366 βλέπῃ
1183 5293 1273 5346 τὸν
1310 5292 1528 5363 Πατέρα
1558 5291 1835 5345 ποιοῦντα.

260 5395 485 5464 Ὅμοιον
509 5393 565 5446 δὲ
592 5391 668 5455 ὠς
696 5392 745 5443 εἰ
778 5390 923 5457 λέγοι
954 5387 1290 5460 τρανώτερον
1319 5385 1453 5456 πρὸς
1482 5386 1606 5447 τοὺς
1630 5383 1841 5437 διώκειν

259 5486 743 5555 ἐπιχειρήσαντας,
781 5481 971 5553 ἀνδρὸς
1019 5481 1076 5532 ὲν
1125 5478 1389 5549 Σαϐϐάτῳ
1436 5475 1842 5547 τεθεραπευμέ-

261 5593 388 5631 νου·
458 5573 870 5630 Καταλελῦσθαι
947 5571 1195 5643 νομίζετε
1235 5570 1333 5640 τὴν
1400 5568 1494 5624 τοῦ
1564 5568 1842 5622 Σαϐϐάτου

263 5665 449 5735 stiti-3v,
480 5664 592 5717 ἀλλ’
616 5664 717 5716 οὐκ
766 5663 831 5717 ἂν
887 5661 1088 5732 ἔδρασα
1128 5658 1286 5713 τοῦτό
1328 5676 1457 5712 ποτε
1494 5659 1567 5730 μὴ
1599 5660 1717 5730 οὐχὶ
1753 5660 1845 5712 τὸν

266 5758 449 5824 ὅμοιον
480 5756 715 5826 ἐργάτην
752 5754 894 5826 ὁρῶν
942 5754 1032 5806 τὸν
1078 5752 1330 5822 Πατέρα·
1380 5752 1592 5823 ἐνεργεῖ
1633 5752 1739 5823 γὰρ
1777 5753 1842 5808 τὰ

343 5871 379 5913 *³
413 5869 567 5937 (iam.
604 5883 716 5934 rm,
751 5866 829 5921 ll.
910 5867 949 5898 ³³
982 5866 1140 5923 Joan.
1174 5882 1227 5933 v,
1261 5864 1347 5931 19,
1381 5863 1467 5920 ει).

1923 3384 2272 3459 explicando.
2326 3380 2567 3434 Miscens
2605 3375 2789 3443 itaque
2826 3368 3015 3423 divino
3054 3364 3353 3418 humanum
3381 3397 3396 3421 ,
3438 3364 3493 3409 ct

1924 3479 2163 3535 medium
2191 3491 2258 3530 ex
2291 3469 2559 3529 ambobus
2591 3479 2761 3521 unum
2799 3470 3111 3517 sermonem
3145 3461 3491 3521 temperans.

1925 3563 2332 3641 quodammodo
2387 3558 2626 3616 subsidit
2671 3554 2908 3624 dignitas
2959 3544 3255 3617 Unigcnito
3307 3554 3497 3597 conve-

1926 3662 2125 3725 niens;
2188 3656 2416 3712 effertur
2470 3667 2632 3713 vero,
2686 3644 2865 3717 quoad
2919 3638 3159 3696 hominis
3220 3643 3498 3694 naturam,

1928 3760 1988 3807 ut
2047 3750 2309 3802 Dominus
2371 3742 2536 3799 simul
2592 3748 2646 3794 et
2718 3738 2863 3790 inter
2913 3744 3106 3787 servos
3157 3725 3495 3785 collocatus,

1929 3842 2151 3912 inquit:
2182 3858 2199 3890 ι
2234 3837 2352 3892 Non
2394 3840 2575 3904 potest
2615 3829 2792 3883 Filius
2828 3841 2858 3879 a
2896 3824 3079 3891 seipso
3122 3819 3302 3872 facere
3341 3812 3500 3882 quid-

1928 3904 2093 4005 quam
2121 3972 2135 3997 ,
2169 3922 2283 3985 nisi
2318 3927 2469 3997 quod
2505 3921 2707 3977 viderit
2747 3920 2964 3972 Patrem
3009 3912 3326 3967 iacientem.
3369 3904 3502 3969 Quae

1929 3992 2075 4080 enim
2146 4021 2239 4075 ille
2303 3992 2462 4082 facit,
2519 4013 2712 4068 eadem
2768 4016 2824 4064 et
2873 4006 3048 4061 Filius
3104 3999 3355 4056 similiter
3422 3992 3502 4046 fa-

1930 4116 2005 4169 cit
2029 4114 2093 4165 ".
2125 4131 2141 4163 ι
2178 4110 2235 4163 In
2261 4124 2326 4163 eo
2360 4107 2506 4162 enim
2542 4100 2688 4173 quod
2734 4103 2919 4170 potest
2963 4092 3152 4149 eadem
3184 4104 3278 4160 per
3319 4085 3503 4140 omnia

1934 4206 2115 4260 facere
2143 4214 2264 4270 qua:
2293 4205 2425 4254 sunt
2455 4194 2549 4249 Dei
2580 4208 2643 4247 ac
2673 4189 2855 4244 Patris
2877 4228 2892 4252 ,
2925 4196 2976 4240 et
3001 4181 3221 4254 operari
3250 4176 3507 4233 similiter

1934 4310 1996 4349 ac
2031 4264 2211 4355 Pater,
2243 4288 2589 4343 identitatem
2625 4280 2823 4351 probat
2858 4291 2969 4333 sua:
3000 4267 3341 4328 substantiae.
3375 4264 3506 4328 Qua:

1934 4386 2080 4441 enim
2105 4380 2353 4436 eamdem
2386 4377 2583 4433 sortita
2612 4380 2743 4427 sunt
2776 4379 3029 4424 naturam
3054 4405 3070 4429 ,
3104 4362 3358 4419 similiter
3386 4373 3508 4425 ope-

1938 4485 2133 4531 rantur
2165 4490 2180 4527 :
2213 4470 2414 4541 quibus
2449 4473 2633 4519 autem
2669 4459 2890 4517 essendi
2938 4456 3081 4510 ratio
3123 4461 3206 4508 est
3252 4449 3506 4510 diversa,

1939 4569 2026 4622 his
2054 4565 2243 4633 utique
2277 4575 2387 4615 non
2418 4558 2525 4611 erit
2556 4554 2699 4609 idem
2730 4552 2783 4604 in
2810 4546 3070 4602 omnibus
3099 4538 3366 4613 operandi
3396 4550 3510 4589 mo-

1938 4662 2066 4715 dus.
2110 4655 2279 4727 lgitur
2309 4660 2368 4705 ut
2403 4649 2548 4703 Deus
2578 4659 2742 4699 verus
2773 4657 2839 4697 ex
2880 4639 2990 4695 Deo
3020 4635 3182 4690 Patre
3216 4647 3373 4694 vero,
3418 4642 3512 4682 ea—

1939 4752 2064 4807 dem
2101 4762 2230 4802 cum
2264 4744 2360 4808 illo
2395 4740 2579 4795 facere
2611 4751 2671 4791 se
2700 4746 2868 4803 posse
2900 4729 3013 4794 ait,
3051 4724 3147 4781 sed
3184 4732 3243 4777 ut
3278 4735 3387 4775 non
3420 4732 3516 4772 so-

1940 4844 2053 4898 lum
2086 4840 2300 4894 virtute
2332 4832 2562 4902 aequalis
2592 4843 2713 4883 esse
2742 4823 2896 4879 Patri
2932 4820 3206 4879 videatur,
3242 4812 3336 4869 sed
3366 4813 3515 4880 ejus-

1941 4937 2062 4991 dem
2092 4949 2185 5004 per
2209 4928 2395 4985 omnia
2422 4922 2747 4984 sententiae,
2768 4926 2829 4972 et
2864 4929 3028 4969 unam
3066 4913 3119 4965 in
3154 4907 3369 4963 cunctis
3406 4905 3504 4954 ha-

1945 5028 2075 5082 bere
2099 5025 2437 5077 voluntatem
2459 5058 2475 5082 ,
2499 5017 2575 5069 ait
2596 5030 2654 5069 se
2679 5027 2788 5066 non
2815 5023 2977 5080 posse
3004 5005 3183 5057 iacere
3213 4996 3514 5065 quidquam

1946 5135 1975 5173 a
2013 5118 2223 5187 seipso,
2254 5112 2364 5167 nisi
2393 5108 2592 5163 viderit
2618 5105 2833 5159 Patrem
2864 5099 3180 5153 facientem.
3216 5089 3358 5142 Idem
3388 5100 3517 5139 vero

1945 5219 2031 5265 est
2067 5174 2131 5262 ac
2168 5207 2214 5261 si
2252 5205 2402 5259 dicat
2435 5198 2653 5270 planius
2691 5193 2755 5248 ad
2791 5207 2889 5247 eos
2921 5187 3013 5257 qui
3047 5184 3116 5238 ob
3148 5179 3422 5234 hominem
3463 5174 3517 5227 in

1946 5302 2036 5355 die
2066 5296 2297 5352 Sabbati
2347 5264 2605 5346 sanatum
2662 5286 2841 5354 ipsum
2894 5273 3354 5332 insectabantur:
3390 5264 3519 5318 Εχίε

1950 5391 2191 5448 stimatis
2227 5386 2454 5441 Sabbati
2491 5384 2753 5436 honorem
2778 5388 2900 5429 esse
2923 5369 3223 5431 violatum;
3253 5362 3349 5418 sed
3386 5375 3519 5414 nus-

1948 5497 2111 5553 quam
2149 5479 2297 5536 ist-td
2335 5476 2586 5531 fecissem
2611 5510 2626 5533 ,
2673 5467 2790 5539 ;nisi
2837 5462 3081 5518 viderem
3112 5456 3332 5510 Patrem
3367 5450 3521 5505 simi-

1953 5538 2079 5629 liter
2116 5573 2333 5631 faccre,
2385 5567 2479 5637 qui
2534 5538 2777 5633 qtnead
2830 5549 3281 5610 constitutionem
3330 5538 3521 5596 mundi

1952 5666 2235 5737 pertinent
2264 5660 2431 5716 etiam
2468 5655 2731 5715 Sabbato,
2765 5658 3081 5720 quanquam
3119 5654 3216 5710 per
3249 5649 3332 5690 mc
3354 5672 3367 5695 ,
3394 5645 3523 5700 per»

1952 5722 2082 5827 agit.
2136 5751 2278 5807 Fieri
2332 5765 2442 5803 non
2480 5751 2654 5818 potest
2688 5742 2875 5812 igitur,
2929 5733 3145 5812 inquit,
3198 5736 3257 5783 ut
3306 5722 3405 5817 qui
3456 5735 3518 5775 ex
