4102 6542
204 390 315 445 355

1275 377 1341 433 IN
1391 374 1683 433 JOA‘NNIS
1722 373 2172 433 EVANGELIUM
2212 374 2340 430 LIB.
2375 374 2440 431 ll.

3347 378 3455 435 55L

202 503 275 553 τὰ
300 496 388 552 τοῦ
421 492 631 565 Πατρὸς
652 494 680 547 ὁ
703 492 849 556 Υἱὸς,
876 493 924 545 εί
962 490 1050 545 διὰ
1073 488 1232 545 τοῦτο
1259 491 1477 546 ἔλαττον
1508 491 1652 562 ἔχειν
1680 490 1779 561 τῆς

1882 490 2296 545 consideremus
2327 500 2515 546 autem
2551 506 2746 549 rursus
2780 492 2938 549 aliter
2966 507 3037 547 an
3082 489 3202 547 Filii
3253 479 3469 548 natura

205 589 329 660 Pan;
361 589 435 652 ὠς
487 587 621 657 πρὸς
672 585 832 639 αὑτὸν
890 584 1072 654 ἰσχύος
1140 583 1613 654 ἁπολιμπάνεται;
1672 582 1783 635 Καὶ

200 682 373 735 ταῦτα
414 680 511 749 μὲν
545 680 696 749 ἡμῖν,
744 676 820 742 ὼς
876 679 941 729 ἐκ
995 676 1087 730 τοῦ
1136 674 1497 747 προκειμένου
1547 674 1685 745 πρὸς
1720 674 1783 726 τὸ

204 771 378 842 παρὸν
408 769 610 839 ἐλήφθη
643 768 808 839 ῥητοῦ
830 784 844 798 ⁸
876 768 1075 838 ἴδωμεν
1102 768 1159 821 δὲ
1181 767 1342 821 πάλιν
1364 766 1456 820 καὶ
1482 767 1548 819 δι’
1578 766 1780 833 ἐτέρων

207 859 373 921 ἰόντες
389 857 776 926 θεωρημάτων,
804 857 851 907 εί
874 855 1180 925 ἐπιδέχεταί
1213 872 1304 907 ποι
1333 854 1393 906 τὸ
1425 855 1483 905 ἐν
1509 853 1779 922 δευτέροις

201 945 342 1002 εἶναι
389 947 481 1000 τοῦ
533 948 743 1016 Πατρὸς
798 949 831 1017 ὴ
883 946 975 999 τοῦ
1026 946 1156 998 Υἱοῦ
1209 946 1406 1014 φύσις·
1468 943 1777 1014 προκείσθω

200 1040 256 1091 δέ
303 1039 500 1108 ὁμοίως
526 1041 658 1108 ἡμῖν
703 1039 732 1089 ό
780 1038 908 1106 περὶ
948 1036 1231 1106 δυνάμεως
1262 1036 1438 1104 λόγος.
1468 1031 1613 1105 Ἀρα
1646 1031 1777 1085 Θεὸν

1888 575 2051 633 Patre
2080 580 2257 648 possit
2287 595 2410 634 esse
2441 580 2687 648 inferior,
2710 582 2933 639 virtutis
2964 592 3017 639 et
3047 584 3334 653 potestatis
3365 601 3452 638 rae

1887 671 2037 726 tione
2069 672 2327 725 similiter
2363 674 2524 727 nobis
2554 676 2863 744 proposita.
2897 678 2981 729 An
3013 675 3181 731 Deum
3232 676 3300 731 de
3344 674 3458 730 Deo

1885 762 2194 816 secundum
2244 771 2500 816 naturam
2549 778 2613 819 ac
2663 780 2887 825 verum.
2933 773 2988 819 et
3035 767 3103 820 de
3152 764 3457 819 substantia

1883 848 2066 907 Patris
2126 866 2315 907 revera
2377 868 2502 909 esse
2562 853 2805 910 fatentur
2847 855 3089 920 Filium,
3148 864 3241 909 aut
3287 855 3455 909 Deum

1882 941 2106 1011 quidem
2144 958 2268 999 esse
2296 945 2523 1010 dicunt,
2563 947 2657 1001 sed
2713 963 2742 1001 a
2796 947 2980 1004 Patris
3036 950 3278 1005 alienum
3332 961 3459 1002 esse

1883 1033 2192 1089 substantia
2224 1036 2391 1105 impie
2425 1036 2686 1091 addunt?

201 1134 266 1184 ἐκ
292 1132 423 1185 Θεοῦ
455 1131 595 1185 κατὰ
624 1130 899 1199 φύσινκαὶ
939 1130 1210 1199 ἀληθινὸν,
1235 1131 1330 1183 καὶ
1371 1131 1433 1182 ἐκ
1472 1132 1570 1199 τῆς
1592 1127 1780 1188 οὐσίας
1820 1126 1992 1189 ὅντως
2038 1128 2133 1181 τοῦ
2189 1130 2401 1200 Πατρὸς
2440 1132 2793 1202 ὁμολογοῦσιν
2843 1133 3113 1203 ὑπάρχειν
3174 1134 3265 1186 τὸν
3306 1133 3455 1195 Υίὸν,

199 1229 232 1300 ἢ
272 1227 404 1278 Θεὸν
436 1226 535 1294 μὲν
564 1221 700 1277 εἶναι
734 1224 887 1293 φασὶ,
919 1224 980 1277 τὸ
1029 1223 1085 1276 δὲ
1118 1223 1435 1293 ἐξῳκεῖσθαι
1463 1223 1561 1294 τῆς
1587 1220 1773 1282 οὐσίας
1809 1218 1903 1271 τοῦ
1934 1222 2167 1293 Πατρὸς,
2201 1223 2606 1288 δυσσεϐοῦντες,
2634 1226 3060 1294 προσάπτουσιν.

269 1321 332 1374 Εί
361 1320 457 1389 μέν
483 1314 573 1371 οὖν
603 1318 703 1370 οὐκ
735 1320 799 1370 ἐκ
826 1320 924 1387 τῆς
944 1316 1132 1380 οὐσίας
1153 1316 1244 1369 τοῦ
1279 1316 1492 1387 Πατρὸς
1521 1312 1661 1367 εἶναι
1687 1313 1777 1365 λέ-

200 1428 389 1478 γουσιν
412 1410 590 1474 αὑτὸν,
622 1408 743 1461 οὔτε
773 1408 903 1470 Θεὸς
934 1408 1084 1461 ἔσται
1111 1408 1251 1461 κατὰ
1280 1408 1461 1476 φύσιν.
1493 1404 1617 1459 οὔτε
1645 1405 1777 1467 Θεὸς

200 1501 473 1571 ἀληθινός.
523 1500 582 1553 '0
608 1498 716 1570 γὰρ
752 1498 826 1569 μὴ
860 1501 924 1552 ἐκ
952 1498 1086 1551 Θεοῦ
1136 1498 1278 1551 κατὰ
1309 1496 1470 1566 φύσιν
1495 1495 1775 1565 ὑπάρχων,

197 1592 392 1644 οὐδ’ἂν
417 1591 553 1653 ὅλως
576 1592 747 1643 νοοῖτο
771 1590 911 1643 κατὰ
938 1591 1100 1657 φύσιν
1130 1588 1283 1652 Θεὸς,
1306 1588 1427 1641 οὑδέ
1450 1586 1597 1650 Υίὸς,
1622 1587 1671 1638 ει
1699 1584 1775 1655 μὴ

198 1683 262 1733 ἐκ
290 1682 392 1751 τῆς
431 1680 616 1743 οὑσίας
664 1680 923 1751 ἐγεννήθη
966 1678 1063 1733 τοῦ
1107 1679 1340 1751 Πατρός·
1380 1678 1530 1732 νόθον
1557 1677 1615 1732 δὲ
1644 1678 1778 1748 ἡμῖν

198 1774 292 1825 καὶ
327 1772 638 1843 πρόσφατόν
676 1789 797 1825 τινα
826 1772 1220 1842 παρεισάγουσι
1245 1771 1398 1824 Θεόν.
1439 1770 1502 1824 El
1536 1770 1593 1823 δὲ
1618 1767 1777 1823 τοῦτο

200 1865 299 1934 μέν
342 1865 447 1917 οὑκ
488 1862 692 1934 ἐροῦσι,
734 1862 830 1933 τὴν
864 1865 921 1916 ἐν
954 1866 1064 1927 τοῖς
1102 1864 1321 1925 οἰκείοις
1357 1862 1621 1932 δόγμασιν
1653 1861 1777 1913 ἀτο-

194 1956 329 2007 πίαν
373 1953 817 2025 ἐρυθριάσαντες,
866 1952 1097 2006 δώσουσι
1127 1952 1183 2005 δὲ
1225 1951 1440 2021 ἀληθῶς
1469 1953 1534 2005 ἐκ
1565 1949 1778 2019 Πατρὸς

196 2045 470 2115 ὑπάρχειν
504 2045 594 2097 τὸν
634 2044 934 2113 Μονογενῆ,
981 2044 1076 2097 καὶ
1110 2038 1252 2097 εἶναι
1282 2042 1413 2095 Θεὸν
1442 2042 1584 2095 κατὰ
1616 2040 1776 2109 φύσιν

197 2135 290 2187 καὶ
316 2133 587 2203 ἀληθινῶς
614 2149 629 2164 ·
662 2134 776 2195 πῶς
802 2133 857 2184 ἐν
883 2133 1158 2187 ἐλάττοσιν
1187 2131 1337 2185 ἔσται
1364 2131 1456 2185 τοῦ
1488 2129 1776 2202 Πατρός,ἢ

197 2225 315 2287 πῶς
368 2225 615 2294 ἀτονήσει
663 2223 789 2294 περί
836 2240 909 2287 τι,
959 2224 1052 2276 καὶ
1096 2222 1217 2292 οὐχὶ
1260 2222 1357 2291 τῆς
1396 2221 1486 2274 τοῦ
1525 2222 1779 2283 τεκόντος

196 2314 392 2378 οὑσίας
421 2314 787 2385 κατηγορήσει
812 2313 874 2365 τὸ
912 2316 1178 2384 πρᾶγμας
1228 2313 1293 2366 El.
1322 2311 1429 2383 γὰρ
1454 2312 1590 2374 ὅλως
1618 2309 1779 2365 ἀσθε-

198 2409 308 2459 νεῖν
339 2406 614 2476 ἐνδέχεται
645 2405 735 2458 τὸν
769 2404 911 2458 κατὰ
944 2403 1106 2472 φύσιν
1144 2404 1271 2456 ὄντα
1298 2402 1449 2465 Θεὸν,
1482 2401 1536 2455 τι
1572 2401 1632 2455 τὸ
1665 2418 1777 2454 κω-

198 2498 323 2550 λῦον
350 2497 472 2550 ἐστὶ
494 2495 651 2549 τοῦτο
680 2496 869 2549 παθεῖν
904 2496 996 2549 τὸν
1030 2495 1267 2568 Πατέρα,
1287 2494 1515 2566 ἐχούσης
1541 2493 1689 2557 ἅπαξ
1716 2492 1779 2545 τὸ

199 2587 463 2641 δύνασθαι
504 2586 698 2640 παθεῖν
729 2592 828 2656 τῆς
856 2587 1007 2650 θείας
1032 2587 1128 2640 καὶ
1156 2588 1395 2658 ἀρρήτου
1424 2586 1656 2655 φύσεως,
1685 2584 1778 2639 καὶ

199 2676 374 2740 οὕτως
417 2678 517 2748 ήδη
553 2676 880 2746 φαινομένης
922 2678 979 2729 ἐν
1009 2675 1123 2746 Υίῷ
1156 2676 1296 2730 κατὰ
1327 2676 1415 2729 τὸν
1445 2676 1667 2729 ἐκείνων
1692 2676 1780 2728 λό·

198 2786 329 2836 γον;
385 2768 592 2821 Οὐκοῦν
626 2769 747 2821 οὑδέ
790 2768 999 2832 ἀπαθὲς
1045 2768 1133 2822 διὰ
1166 2769 1322 2821 τοῦτο
1363 2769 1423 2821 τὸ
1455 2767 1617 2832 θεῖον,
1662 2768 1777 2821 ἀλλ’

198 2861 318 2914 οὑδέ
349 2862 412 2913 ἐν
438 2861 727 2929 ταυτότητι
778 2861 869 2914 καὶ
903 2860 1261 2931 ἀμεταϐλήτῳ
1293 2861 1531 2913 κείσεται
1562 2862 1778 2924 πάντως

202 2951 588 3021 μακαριότητι.
644 2945 778 3003 Εἶτα
814 2950 919 3014 τίς,
970 2951 1091 3003 εἰπέ
1143 2967 1253 3020 μοι,
1296 2952 1405 3004 τῶν
1449 2953 1517 3004 τὰ
1558 2951 1779 3004 τοιαῦτα

198 3030 533 3107 ὼξαζόντων
560 3042 843 3108 ἁνέξεταις
877 3042 972 3104 Τίς
999 3042 1075 3105 δέ,
1107 3043 1207 3112 τῆς
1228 3041 1373 3105 θείας
1399 3041 1608 3112 βοώσης
1636 3043 1779 3114 Γρα-

1954 1312 2114 1380 Quod
2148 1316 2192 1369 si
2236 1316 2305 1371 de
2351 1318 2663 1372 substantia
2716 1315 2898 1369 Patris
2944 1316 3123 1384 ipsum
3174 1327 3282 1366 non
3334 1328 3457 1369 esse

1880 1401 2106 1466 dicunt,
2138 1405 2299 1474 217
2329 1420 2507 1473 neque
2535 1404 2675 1459 Deus
2702 1406 2807 1458 erit
2834 1403 3136 1458 secundum
3167 1412 3453 1468 naturam,

1881 1510 2057 1563 neque
2108 1494 2255 1550 Deus
2301 1512 2488 1552 verus.
2535 1496 2639 1561 Qui
2684 1497 2829 1550 enim
2863 1495 2930 1549 de
2961 1494 3074 1549 Deo
3110 1509 3219 1548 non
3254 1502 3337 1549 est
3369 1510 3457 1550 εει-

1879 1584 2123 1638 cundum
2153 1594 2445 1653 naturam,
2482 1602 2581 1639 nec
2612 1585 2757 1640 Deus
2789 1586 2981 1655 utique
3014 1585 3333 1640 censebitur
3363 1600 3454 1640 se-

1876 1675 2121 1730 cundum
2156 1686 2447 1743 naturam,
2485 1692 2663 1747 neque
2695 1676 2903 1741 Filius,
2937 1678 3043 1731 nisi
3084 1692 3150 1732 ex
3189 1677 3454 1732 substan-

1877 1766 1953 1819 tia
1984 1765 2166 1821 Patris
2194 1768 2267 1820 sit
2295 1767 2549 1835 genitus,
2598 1767 2697 1823 sed
2739 1767 3084 1822 adulterinus
3125 1766 3346 1835 quidam
3389 1782 3454 1821 ac

1879 1872 2057 1913 novus
2090 1856 2237 1913 Deus
2266 1859 2427 1914 nobis
2460 1859 2529 1913 ab
2562 1859 2699 1929 ipsis
2730 1859 3030 1913 invehitur.
3064 1857 3225 1923 Quod
3261 1858 3309 1911 si
3346 1857 3454 1912 hoc

1878 1948 2105 2003 minime
2135 1949 2355 2019 quidem
2389 1950 2589 2003 dicturi
2647 1958 2813 2013 sunt,
2860 1950 3020 2003 veriti
3076 1935 3300 2004 suorum
3355 1949 3456 2003 do-

1879 2049 2119 2108 gmatum
2150 2039 2545 2094 absurditatem
2569 2078 2585 2104 ,
2612 2040 2707 2094 sed
2730 2038 3035 2093 concedent
3060 2052 3184 2093 rere
3207 2053 3270 2092 ex
3294 2036 3455 2091 Patre

1881 2128 2235 2201 Unigenitum
2270 2131 2576 2193 exsistere,
2621 2137 2677 2185 et
2723 2129 3027 2184 secundum
3079 2137 3337 2184 naturam
3387 2143 3455 2183 ac

1878 2236 2006 2276 vere
2037 2220 2210 2276 Deum
2246 2236 2408 2277 esse:
2445 2220 2722 2291 quomodo
2748 2219 2909 2274 Patre
2943 2220 3126 2275 minor
3170 2220 3312 2286 erit,
3358 2229 3455 2275 aut

1878 2313 2183 2383 quomodo,
2215 2313 2262 2367 si
2295 2314 2481 2369 minus
2510 2314 2629 2382 ipse
2658 2327 2821 2381 quam
2848 2310 3014 2368 Pater
3033 2313 3088 2366 in
3114 2313 3300 2381 aliquo
3330 2327 3455 2382 pos-

1878 2404 1983 2467 sit,
2015 2404 2418 2459 imbecillitatis
2446 2413 2634 2460 notam
2666 2403 2774 2460 Deo
2804 2420 2913 2459 non
2944 2404 3204 2476 allinget?
3237 2404 3370 2459 Nam
3402 2406 3451 2460 si

1878 2495 2153 2550 naturalis
2180 2494 2320 2550 Deus
2348 2494 2645 2550 imbecillis
2670 2494 2784 2551 fieri
2816 2503 3017 2566 potest,
3039 2497 3169 2565 quid
3199 2497 3455 2566 prohibet

1877 2584 2096 2641 Patrem
2132 2586 2187 2640 in
2220 2602 2280 2643 se
2309 2601 2532 2657 quoque
2563 2587 2616 2642 id
2653 2590 2974 2658 suscipere,
3019 2605 3143 2643 cum
3187 2590 3374 2643 divina
3401 2601 3457 2653 et

1881 2679 2178 2734 inellabilis
2227 2687 2422 2733 natura
2469 2679 2522 2733 id
2572 2680 2743 2734 semel
2789 2679 2989 2734 habeat
3018 2688 3075 2733 ut
3107 2680 3217 2749 pati
3246 2681 3452 2748 possit,

1882 2779 2048 2838 atque
2078 2770 2152 2823 ita
2175 2769 2291 2837 jam
2317 2808 2330 2832 ,
2366 2776 2425 2822 ut
2456 2769 2535 2823 illi
2568 2770 2757 2824 volunt
2778 2809 2792 2830 .
2845 2778 3113 2838 appareat
3161 2769 3215 2823 in
3263 2769 3456 2824 Filio?

1880 2858 2054 2930 lgitur
2082 2875 2181 2914 nec
2210 2859 2353 2915 Deus
2389 2860 2711 2930 impatibilis
2737 2861 2877 2924 erit,
2910 2875 3012 2914 nec
3045 2876 3260 2930 semper
3287 2861 3452 2924 idem,

1880 2965 1985 3005 nec
2032 2951 2085 3004 in
2114 2950 2374 3005 felicitate
2407 2951 2740 3005 immutabili
2790 2950 3142 3003 constitutus.
3192 2950 3261 3002 At
3307 2950 3453 3019 quis,

1881 3042 2138 3105 obsecro,
2182 3056 2355 3096 sanus
2396 3041 2509 3095 haec
2561 3040 2740 3095 feret?
2772 3039 2929 3105 Quis,
2963 3040 3149 3093 divina
3180 3040 3456 3094 clamante

198 3134 341 3203 φῆς,
398 3135 477 3187 ὅτι
518 3132 719 3202 Κύριος
766 3132 872 3184 τῶν
911 3132 1193 3203 δυνάμεων
1237 3136 1382 3187 ἐστιν
1424 3135 1454 3186 ό
1502 3133 1660 3197 Υἱὸς,
1717 3135 1777 3186 οὑ

1886 3132 2209 3201 Scriptura,
2264 3131 2552 3186 Dominum
2599 3131 2863 3185 virtutum
2903 3145 3024 3184 esse
3056 3128 3290 3194 Filium,
3344 3146 3454 3185 non

198 3226 613 3296 καταναρκήσει
661 3225 867 3293 λέγων,
918 3224 1283 3295 δυναμοῦσθαι
1326 3224 1547 3296 χρῄζειν
1595 3226 1777 3287 αὑτὸν,

199 3319 291 3371 καὶ
320 3317 498 3386 ἀτελῆ
527 3317 670 3370 κατὰ
695 3316 853 3370 τοῦτο
884 3316 1169 3388 ὑπάρχειν,
1203 3316 1232 3370 δ
1261 3317 1467 3387 κυρίως
1508 3319 1603 3370 καὶ
1638 3316 1782 3387 μόνῳ

200 3410 499 3479 πρόσεστιν
527 3407 676 3478 αὐτῷ
706 3406 844 3478 μετὰ
870 3408 1080 3478 Πατρὸς
1108 3410 1203 3462 καὶ
1232 3408 1387 3474 ἁγίου
1424 3407 1740 3476 Πνεὺματος
1764 3422 1779 3471 ;

213 3498 363 3568 Ἐρεῖ
390 3499 444 3551 δὲ
466 3499 628 3552 πάλιν
644 3499 774 3567 ἡμῖν
805 3499 833 3550 ό
855 3497 922 3550 δι’
943 3498 1208 3561 ἐναντίας·
1242 3497 1399 3550 Κατὰ
1419 3496 1576 3550 τοῦτό
1601 3514 1782 3567 φαμεν

202 3587 566 3657 ὑπερκεῖσθαι
600 3587 694 3639 τοῦ
728 3586 855 3639 Υίοῦ
884 3586 976 3639 τὸν
1004 3588 1246 3658 Πατέρα.
1293 3588 1352 3640 '0
1393 3587 1489 3657 μὲν
1520 3586 1627 3658 γάρ
1665 3588 1781 3639 ἐστι

199 3677 304 3730 τῶν
332 3677 516 3747 ἔργων
544 3677 1036 3747 προκαταρκτικὸς,
1085 3678 1160 3740 ὡς
1195 3677 1332 3748 ἐῃυν
1362 3677 1419 3730 ἐν
1444 3695 1503 3730 τε
1532 3679 1596 3748 τῇ
1626 3677 1783 3731 δυνά-

203 3785 289 3837 μει
318 3768 423 3819 καλ⁵
448 3769 504 3819 ἐν
534 3767 611 3837 τῷ
644 3767 821 3820 πάντα
860 3766 1058 3819 εἰδέναι
1090 3766 1151 3819 τὸ
1175 3767 1379 3821 τέλειον
1407 3783 1420 3797 ⁸
1448 3770 1476 3821 ὁ
1495 3768 1551 3821 δὲ
1583 3768 1780 3838 πρότε-

204 3877 291 3930 ρον
336 3860 554 3926 γίνεται
607 3857 836 3929 θεατὴς,
889 3853 988 3911 εἷθ’
1048 3858 1221 3921 οὕτως
1269 3860 1506 3930 ἐργάτης
1554 3863 1653 3931 τῆς
1686 3858 1780 3912 τοῦ

201 3949 421 4021 Πατρὸς
453 3950 729 4019 ἐνεργείας
767 3951 1203 4020 ἁναματτόμενος
1228 3954 1306 4015 είς
1340 3951 1530 4005 ἐαυτὸν
1558 3951 1657 4022 τὴν
1694 3952 1782 4019 μί-

203 4058 398 4112 μησιν,
431 4042 517 4094 ἵνα
548 4041 635 4095 διὰ
660 4044 755 4112 τῆς
788 4042 897 4097 τῶν
927 4042 1102 4113 ἔργων
1130 4044 1466 4113 ὁμοιότητος,
1494 4043 1590 4097 καὶ
1620 4043 1783 4106 αὐτὸς

200 4135 396 4203 νοῆται
427 4132 579 4197 Θεός.
614 4134 784 4187 Τοῦτο
817 4135 921 4207 γὰρ
959 4135 1105 4205 ἡμᾶς
1143 4134 1447 4187 ἐκδιδάσκει
1477 4134 1673 4203 λέγων,
1706 4133 1782 4204 μὴ

200 4225 466 4279 δύνασθαι
494 4230 666 4279 ποιεῖν
708 4226 800 4295 ἀφ’
830 4227 1019 4280 ἑαυτοῦ
1054 4226 1238 4296 μηδὲν,
1285 4225 1377 4279 ἐὰν
1411 4227 1483 4296 μή
1510 4243 1561 4279 τι
1608 4226 1780 4297 βλέπῃ

200 4317 289 4370 τὸν
314 4318 542 4386 Πατέρα
576 4316 849 4371 ποιοῦντα.
885 4316 950 4370 Τί
984 4317 1108 4387 φὴς.
1135 4311 1180 4369 ὦ
1211 4317 1480 4387 πάντολμε
1516 4316 1578 4369 σὺ
1606 4333 1620 4381 ;
1671 4318 1782 4387 Τῆς

200 4407 290 4459 τοῦ
325 4408 540 4477 [Ἰατρὸς
588 4407 864 4477 ἐνεργείας
897 4408 1262 4477 ἀναμάττεται
1302 4408 1430 4471 τοὺς
1473 4406 1675 4471 τύπους
1704 4409 1783 4470 είς

1883 3225 2200 3295 gravabitur
2230 3224 2416 3279 dicere
2452 3224 2629 3292 ipsum
2663 3221 3016 3276 corroborari
3061 3230 3350 3291 oportere.
3400 3230 3456 3276 et

1880 3316 2027 3386 quod
2065 3315 2284 3384 proprie
2312 3323 2365 3368 et
2393 3314 2498 3383 ipsi
2530 3313 2633 3366 soli
2667 3313 2810 3367 inest
2840 3327 2967 3365 cum
2996 3310 3158 3366 Patre
3183 3320 3237 3365 et
3263 3320 3456 3367 sancto

1884 3406 2129 3476 Spiritu,
2160 3405 2286 3459 ideo
2318 3404 2697 3474 imperfectum
2733 3405 2900 3459 esse?
2926 3403 3033 3458 Sed
3084 3420 3303 3459 rursum
3354 3419 3456 3457 no-

1880 3495 1966 3549 bis
2001 3494 2393 3549 adversarius:
2440 3494 2570 3549 ldeo
2617 3493 2920 3548 asserimus
2962 3494 3301 3561 superiorem
3331 3508 3456 3549 esse

1879 3585 2018 3641 Filio
2044 3585 2283 3641 Patrem.
2319 3584 2419 3638 llic
2447 3583 2595 3638 enim
2642 3584 2821 3653 prima
2859 3598 3026 3638 causa
3067 3592 3152 3638 est
3190 3599 3453 3652 operum,

1882 3686 2073 3748 utpote
2134 3692 2258 3731 cum
2316 3676 2593 3746 perfectus
2651 3676 2723 3730 sit
2777 3674 2983 3728 virtute
3034 3683 3090 3728 et
3138 3675 3458 3738 cognitione

1880 3784 2105 3823 rerum:
2140 3767 2231 3822 ille
2271 3782 2405 3822 vero
2455 3766 2613 3835 prius
2661 3766 2717 3818 fit
2762 3774 3057 3834 spectator,
3096 3772 3211 3817 tum
3258 3764 3459 3818 deinde

1879 3863 2167 3926 operatur,
2197 3854 2533 3922 operationis
2562 3851 2746 3907 Patris
2783 3852 3145 3906 imitationem
3184 3852 3239 3905 in
3271 3867 3330 3906 sc
3361 3867 3457 3905 ex-

1882 3948 2126 4018 primens
2150 3986 2165 4010 ,
2204 3952 2263 4000 ut
2293 3960 2391 4014 per
2422 3943 2839 3998 similitudinem
2875 3958 3102 4013 operum
3138 3943 3304 3997 etiam
3341 3943 3460 4011 ipse

1882 4041 2217 4110 intelligatur
2266 4036 2432 4091 Deus.
2487 4034 2605 4089 Hoc
2654 4035 2803 4089 enim
2846 4050 2946 4088 uos
2981 4034 3173 4098 docet,
3224 4047 3346 4086 cum
3379 4032 3459 4083 ait

1882 4146 1992 4185 non
2022 4145 2187 4200 posse
2215 4143 2245 4182 a
2272 4143 2330 4182 se
2362 4127 2546 4182 facere
2575 4124 2902 4195 quidquam,
2932 4125 3036 4179 nisi
3076 4123 3223 4193 quod
3256 4122 3456 4177 viderit

1881 4222 2097 4277 Patrem
2134 4221 2442 4275 facientem.
2479 4218 2622 4285 Quid
2658 4220 2775 4281 ais,
2810 4216 3220 4271 audacissime?
3250 4215 3455 4284 Opera-

1881 4314 2050 4368 tiouis
2081 4311 2261 4365 Patris
2294 4310 2500 4365 formas
2531 4311 2583 4363 in
2618 4324 2678 4363 se
2706 4306 2968 4378 exprimit
3015 4305 3216 4369 Filius,
3247 4313 3306 4358 ut
3348 4304 3454 4359 hoc

1884 4411 2047 4475 pacto
2082 4402 2226 4456 Deus
2262 4400 2640 4470 intelligatur?
2676 4398 2974 4466 Disciplina
3009 4410 3140 4466 ergo
3170 4395 3308 4449 Deus
3339 4402 3456 4457 est,

204 4497 401 4549 ἑαυτὸν
427 4498 457 4548 ό
484 4496 632 4561 Υἱὸς,
665 4497 750 4549 ἵνα
774 4497 861 4549 διὰ
880 4497 1067 4549 τούτου
1100 4497 1288 4567 νοῆται
1312 4497 1477 4562 Θεός;
1511 4496 1780 4560 Διδακτῶς

1891 4511 2002 4551 ηοη
2042 4503 2223 4549 autem
2268 4499 2465 4546 natura
2493 4508 2506 4544 :
2539 4498 2593 4545 et
2621 4490 2785 4545 sicuti
2822 4489 2877 4542 in
2922 4488 3083 4543 nobis
3110 4496 3194 4541 est
3228 4487 3460 4542 scientia

202 4585 293 4642 οὖν
323 4591 448 4641 ἐστι
476 4588 626 4652 Θεὸς,
660 4588 755 4641 καὶ
782 4589 961 4641 οὑκέτι
986 4588 1126 4642 κατὰ
1154 4589 1314 4658 φύσιν
1335 4605 1347 4619 ·
1399 4589 1588 4659 ὥσπερ
1631 4589 1687 4641 δὲ
1726 4589 1783 4640 ἐν

205 4682 334 4751 ἡμῖν
373 4680 651 4751 ἐπιστήμη
685 4681 778 4733 καὶ
801 4679 965 4750 τέχνη
1000 4681 1180 4751 τυχὸν,
1209 4680 1381 4745 οὕτως
1407 4682 1516 4752 ἄρα
1548 4683 1606 4734 ὲν
1636 4680 1783 4751 αὑτῷ

206 4775 319 4825 ἐστι
372 4774 432 4825 τὸ
473 4771 707 4843 ἀξίωμα,
755 4771 850 4824 καὶ
881 4771 1132 4841 τεχνίτης
1167 4772 1364 4841 μᾶλλόν
1402 4774 1518 4825 ἐστι
1544 4771 1651 4825 τῶν
1684 4771 1786 4841 τῆς

207 4865 465 4933 θεότητος
493 4863 688 4932 ἔργων,
727 4860 759 4931 ἦ
794 4860 923 4924 Θεὸς
952 4861 1200 4931 ἀληθινός
1230 4879 1245 4892 ·
1299 4863 1484 4934 ἕτερος
1524 4864 1580 4917 δέ
1609 4863 1783 4933 δήπου

208 4956 429 5017 πάντως
454 4954 614 5015 αὐτὸς
639 4954 788 5022 παρὰ
811 4953 910 5024 τὴν
931 4954 989 5006 ἐν
1015 4953 1163 5023 αὑτῷ
1190 4953 1404 5024 τέχνην,
1431 4956 1537 5010 κᾶν
1564 4948 1785 5027 ὑπάρχῃ

209 5046 546 5117 θεοπρεπὴς.
579 5044 701 5107 Πῶς
726 5039 818 5097 οὑν
850 5045 960 5116 ἄρα
985 5043 1078 5097 τὸν
1107 5043 1214 5097 τῶν
1239 5045 1339 5113 τῆς
1370 5043 1616 5115 θεότητος
1643 5047 1785 5116 ὅρων

210 5136 550 5204 ἐκϐεϐηκότα
577 5175 592 5199 ,
642 5134 733 5187 καὶ
776 5135 834 5187 ἐν
882 5134 1019 5206 μόνῃ
1060 5137 1125 5204 τῇ
1174 5134 1337 5205 τέχνῃ
1378 5134 1647 5206 φοροῦντα
1686 5135 1784 5206 τὴν

209 5229 369 5292 δόξαν
402 5225 764 5297 προσκυνοῦσι
796 5226 895 5295 μὲν
929 5225 1145 5293 ἄγγελοι
1181 5228 1301 5279 κατ’
1330 5227 1583 5296 οὐρανὸν,
1615 5244 1786 5297 προσ-

220 5316 504 5385 κυνοῦμεν
538 5314 595 5367 δὲ
630 5313 723 5366 καὶ
766 5316 928 5384 ἡμεῖς
974 5314 1343 5384 ἀνεγκλήτως,
1393 5315 1454 5368 τὸ
1486 5316 1559 5385 μὴ
1586 5318 1783 5385 χρῆναι

211 5406 493 5479 λατρεύειν
521 5405 689 5476 ἑτέρῳ
718 5404 869 5475 παρὰ
897 5405 986 5459 τὸν
1014 5404 1180 5468 ὅντως
1202 5406 1328 5458 ὅντα
1355 5406 1486 5459 Θεὸν
1507 5406 1606 5477 τῆς
1626 5407 1785 5475 ἁγίας

214 5498 605 5568 νομοθετοῦσης
632 5498 763 5567 ἡμῖν
790 5495 1049 5566 Γραφῆς;
1101 5515 1118 5548 ι
1144 5496 1365 5567 Κύριον,
1410 5516 1429 5548 ι
1469 5497 1579 5568 γὰρ
1630 5500 1784 5569 φησὶ,

222 5610 240 5642 ι
268 5592 358 5644 τὸν
382 5590 513 5643 Θεόν
542 5605 634 5642 σου
662 5589 1079 5659 προσκυνήσεις,
1104 5588 1199 5642 καὶ
1222 5588 1369 5660 αὑτῷ
1398 5589 1542 5661 μόνῳ
1568 5588 1791 5661 λατρεὺο

290 5768 339 5803 ⁸⁵
363 5768 549 5828 Matth.
585 5788 657 5839 tv,
686 5770 782 5837 {0;
817 5770 976 5826 Deut.
1012 5783 1087 5834 vt,
1119 5765 1174 5824 3.

1884 4596 1939 4643 et
1970 4602 2062 4642 ars
2086 4625 2101 4651 ,
2138 4586 2214 4639 ita
2240 4591 2325 4639 est
2356 4584 2411 4637 in
2444 4584 2566 4652 ipso
2596 4581 2878 4650 dignitas;
2911 4589 2964 4634 et
2990 4579 3208 4634 deitatis
3236 4593 3461 4649 aperum

1886 4679 2069 4749 potius
2099 4684 2185 4731 est
2212 4674 2409 4730 artifex
2432 4713 2447 4738 ,
2477 4688 2641 4744 quam
2674 4670 2816 4726 Deus
2840 4686 3004 4725 verus
3028 4679 3081 4723 et
3107 4669 3251 4723 alius
3275 4668 3461 4738 utique

1884 4772 2004 4841 ipse
2045 4784 2076 4823 a
2124 4783 2223 4822 sua
2254 4774 2373 4822 arte
2395 4805 2409 4831 ,
2442 4764 2696 4836 quamvis
2727 4761 2840 4817 Deo
2870 4762 2944 4817 sit
2977 4761 3070 4815 illa
3102 4762 3461 4815 conveniens.

1885 4862 2173 4929 Quomodo
2201 4859 2369 4931 igitur
2395 4858 2615 4928 angeli,
2649 4868 2860 4924 nosque
2889 4868 3012 4908 cum
3045 4852 3153 4906 illis
3180 4852 3317 4907 citra
3350 4850 3462 4904 cul-

1886 4969 2013 5026 pam
2041 4953 2337 5007 adoramus
2366 4965 2489 5003 eum
2527 4947 2620 5016 qui
2654 4946 2882 5001 deitatis
2924 4944 3181 4998 terminis
3221 4940 3461 5003 excidit,

1885 5053 1942 5099 et
1972 5045 2026 5099 in
2057 5043 2176 5097 sola
2207 5051 2324 5095 arte
2357 5038 2587 5110 gloriam
2622 5036 2856 5105 positam
2888 5033 3088 5096 habet,
3119 5046 3241 5085 cum
3270 5036 3462 5085 sancta

1888 5130 2178 5200 Scriptura
2225 5136 2451 5181 cautum
2485 5124 2645 5179 nobis
2692 5124 2766 5177 sit
2807 5138 2880 5177 ne
2913 5122 3079 5174 alium
3126 5132 3289 5187 quam
3337 5132 3462 5172 eum

1885 5223 1981 5293 qui
2015 5233 2205 5275 revera
2239 5219 2383 5272 Deus
2405 5222 2490 5270 est
2511 5213 2806 5269 adoremus
2828 5211 2850 5264 ?
2874 5229 2891 5261 ι
2917 5209 3206 5263 Dominum
3239 5225 3257 5256 ι
3279 5207 3424 5260 enim
3445 5244 3462 5267 ,

1889 5312 2108 5384 inquit,
2140 5329 2159 5363 ι
2193 5310 2361 5365 Deum
2393 5316 2550 5361 tuum
2590 5303 2879 5365 adorabis,
2929 5308 2981 5356 et
3032 5299 3136 5368 ipsi
3169 5298 3269 5352 soli
3302 5298 3469 5368 218

1891 5406 2099 5462 servies
2131 5403 2228 5456 ³⁵.»
2259 5399 2367 5455 Sed
2398 5415 2427 5453 a
2458 5400 2661 5454 decoro
2690 5411 2803 5451 non
2834 5394 3054 5449 aberrat
3082 5399 3269 5446 sancta
3302 5393 3469 5461 polis-

1893 5499 2093 5555 simum
2120 5495 2437 5567 angelorum
2471 5492 2661 5556 turba,
2688 5487 2785 5545 sed
2807 5485 3001 5541 Filium
3033 5484 3260 5544 adorat,
3287 5489 3339 5537 et
3370 5496 3469 5535 no-

1894 5590 2108 5645 biscum
2141 5602 2268 5644 eum
2306 5585 2443 5642 colit
2470 5597 2633 5655 quem
2666 5577 2975 5661 secundum
3007 5584 3260 5632 naturam
3296 5572 3466 5627 Deum
