4102 6534
701 362 808 417 555
1689 357 1747 413 S.
1790 356 2067 413 CYRILLI
2100 354 2578 412 ALEXANDRINI
2604 354 2926 412 ARCHIEP.
3813 372 3895 428 εδδ

699 482 852 536 novit
878 494 1003 537 ess».
1021 517 1037 545 ,
1071 493 1247 550 neque
1273 476 1567 550 disciplina
1585 518 1600 543 ,
1626 485 1687 533 ut
1716 479 1795 533 illi
1824 490 2102 549 nugantur
2126 495 2141 536 :
2168 493 2270 533 nec
2298 482 2319 536 1

2298 482 2345 536 Α
2373 493 2539 539 σεις.ο
2591 474 2727 527 Ἀλλ’
2757 474 2858 528 οὐκ
2886 473 2952 527 ἂν
2984 471 3276 542 ἀπεσφάλη
3305 474 3399 527 τοῦ
3429 475 3715 545 πρέποντος
3741 483 3770 553 ἡ
3797 486 3896 554 ἁγία

696 574 845 628 enini
869 613 885 639 ,
908 580 968 627 ut
997 581 1219 643 apparet
1243 609 1259 635 ,
1284 570 1533 626 sentiunt
1553 579 1791 641 quantas
1817 571 1874 625 in
1904 571 2273 626 absurditates

2376 568 2610 638 μάλιστα
2655 566 2765 620 τῶν
2816 567 3063 637 ἀγγέλων
3112 566 3360 638 πληθὺς,
3408 572 3696 637 προσκυνεῖ
3744 573 3793 628 δὲ
3827 579 3895 632 τὸν

700 664 827 719 inde
859 663 1236 733 prolabuntur.
1277 662 1520 717 Primum
1553 662 1758 717 etenim
1791 661 1965 716 Filius
1998 660 2276 715 alteratio-

2374 660 2523 723 Υἰὸν,
2558 659 2651 712 καὶ
2675 658 2923 730 λατρεύει
2956 658 3075 728 μεθ’
3108 658 3288 729 ἡμῶν,
3322 658 3463 712 κατὰ
3492 658 3648 727 φύσιν
3665 662 3779 717 ὅντα
3796 666 3900 722 Θεὸν

698 771 823 809 ncm
856 762 910 809 et
940 754 1301 808 mutationem
1333 753 1387 807 in
1420 753 1604 823 majus
1648 767 1679 807 a
1723 752 1924 807 minori
1969 750 2270 820 suscipiet,

2372 750 2832 819 ἐπιγινώσκουσα,
2866 751 2961 804 καὶ
2986 751 3046 803 ού
3081 749 3368 814 διδακτῶς,
3395 750 3469 813 ὡς
3496 752 3682 807 ἐκεῖνοι
3714 754 3898 827 ληροῦν·

697 845 949 913 quamvis
982 859 1080 914 per
1111 845 1434 914 prophetam
1478 843 1599 913 ipse
1642 842 1829 898 dicat:
1864 861 1881 894 ι
1915 840 2143 905 Videte,
2190 840 2271 894 vi-

2371 841 2463 905 τές
2491 858 2652 909 φασιν
2676 858 2690 873 '
2733 841 2794 894 ού
2820 841 2929 912 γὰρ
2960 840 3325 904 αἰσθάνονται,
3361 840 3500 895 κατά
3528 842 3587 894 τὸ
3618 845 3767 910 εἰκὸς,
3788 848 3896 913 ὅσοις

697 936 819 990 dcte
849 936 977 1005 quia
1020 950 1121 1005 ego
1167 950 1320 1001 sum,
1355 944 1411 990 et
1451 950 1561 990 non
1610 942 1796 989 mutor
1829 936 1897 988 ³⁸.
1930 954 1949 987 ι
1980 934 2086 990 Sed
2121 949 2276 989 men-

2273 965 2276 973 ν
2372 930 2623 985 ἐντεῦθεν
2646 948 3067 1003 περιπεσουνται
3094 934 3209 994 τοῖς
3230 931 3564 1001 ἀτοπήμασι.
3601 932 3801 1003 Πρῶτον
3821 938 3893 1007 μὲν

697 1023 865 1076 tietur
895 1024 1085 1093 utique
1111 1022 1405 1078 Psalmista
1433 1023 1684 1077 clamans
1716 1024 1770 1077 in
1817 1023 2025 1093 Spiritu
2068 1023 2136 1077 ad
2185 1021 2274 1076 Fi-

2273 1055 2274 1060 η
2372 1024 2479 1097 γὰρ
2505 1027 2532 1079 ό
2558 1025 2684 1087 Υἰὸς
2717 1023 3002 1079 ἀλλοίωσίν
3029 1041 3089 1077 τε
3119 1023 3213 1077 καὶ
3235 1021 3445 1095 τροπὴν
3484 1024 3580 1093 τὴν
3612 1024 3698 1077 ἐπὶ
3722 1026 3775 1079 τὸ
3806 1031 3893 1097 μείς

698 1113 830 1168 lium
855 1132 867 1166 :
896 1113 1009 1167 «Tu
1035 1124 1223 1168 autem
1249 1115 1391 1168 idem
1423 1115 1540 1183 ipse
1564 1129 1624 1169 es
1646 1115 1740 1167 “.i
1766 1113 2064 1183 Exspectat
2087 1113 2231 1168 enim
2255 1146 2271 1177 ,

2372 1117 2461 1180 ζον
2493 1115 2568 1180 ὡς
2596 1115 2655 1180 ἐξ
2680 1116 2960 1178 ἐλάττονος
2992 1115 3321 1181 έπιδέξεται,
3369 1114 3544 1167 καίτοι
3580 1114 3665 1169 διά
3685 1117 3769 1171 τοῦ
3793 1134 3895 1190 προ-

649 1268 665 1282 .
700 1216 761 1258 ut
793 1205 869 1259 illi
899 1214 1198 1270 asserunt,
1231 1204 1359 1259 dum
1395 1203 1557 1258 Pater
1589 1205 1735 1258 circa
1769 1204 1976 1273 aliquid
2011 1211 2269 1273 operetur

2370 1208 2539 1278 φήτου
2565 1208 2736 1275 λέγων
2762 1206 2923 1270 αὐτός
2946 1222 2962 1236 °
3002 1225 3021 1258 ι
3049 1205 3239 1273 Ἴδετε,
3270 1205 3406 1258 τδετε
3432 1206 3515 1258 ὅτι
3547 1204 3653 1273 ἐγὼ
3679 1208 3799 1277 εἰμί,
3824 1210 3896 1264 καὶ

700 1304 964 1366 tanquam
995 1296 1107 1349 dux
1154 1303 1205 1350 et
1260 1296 1543 1364 magister,
1576 1302 1656 1357 ut,
1680 1309 1745 1349 eo
1786 1302 2118 1362 conspecto,
2150 1293 2271 1362 ejus

2370 1298 2469 1350 οὐκ
2497 1297 2820 1366 ὴλλοίωμαι.
2848 1315 2866 1345 ι
2908 1293 3269 1363 Διαψεύσεται
3295 1294 3353 1348 δὲ
3382 1294 3597 1357 πάντως
3621 1297 3707 1348 καὶ
3729 1297 3754 1349 ό
3776 1298 3892 1351 Ψαλ-

700 1387 948 1442 imitator
975 1386 1086 1441 ﬁat.
1118 1387 1184 1440 At
1211 1386 1305 1455 qui
1338 1385 1452 1439 ﬁeri
1483 1393 1665 1455 potest
1708 1391 1766 1438 ut
1807 1384 1899 1453 qui
1948 1384 2268 1453 liujusmodi

2375 1389 2547 1459 μῳδὸς
2582 1392 2638 1442 ὲν
2669 1387 2969 1458 Πνεύματι,
3007 1387 3109 1440 «Σὺ
3143 1386 3199 1439 δὲ
3227 1388 3255 1439 ό
3282 1385 3443 1448 αὐτὸς
3476 1380 3545 1447 εἴ,
3577 1404 3595 1436 ι
3641 1386 3764 1456 βοῶν
3792 1390 3894 1459 πρὸς

696 1488 783 1533 est
835 1493 945 1532 non
994 1477 1247 1531 videatur
1291 1492 1355 1531 ex
1407 1476 1760 1545 ignoratione
1810 1475 1877 1529 ad
1933 1476 2267 1546 agnitionem

2370 1482 2461 1534 τὸν
2506 1481 2652 1534 Υἰόν.
2703 1481 2995 1551 Περιμένει
3044 1478 3173 1551 γὰρ,
3222 1477 3297 1542 ῶς
3346 1478 3542 1532 ἐκεῖνοί
3580 1495 3748 1547 φασιν,
3781 1483 3894 1553 ἔνερ-

698 1568 1064 1640 quorumdam
1100 1567 1292 1632 evehi,
1326 1575 1380 1621 et
1411 1582 1439 1621 a
1475 1566 1737 1621 deteriori
1770 1568 1826 1622 in
1861 1568 2057 1623 melius
2086 1575 2271 1623 trans-

2371 1574 2568 1641 γοῦντα
2601 1574 2690 1625 τὸν
2721 1572 2941 1642 Πατέρα
2973 1570 3100 1642 περί
3128 1587 3182 1622 τι
3214 1568 3322 1622 τῶν
3363 1568 3553 1632 όντων,
3583 1569 3735 1622 οἰονεί
3763 1570 3895 1641 καθη-

695 1660 934 1721 mutari,
982 1660 1029 1713 si
1071 1658 1202 1713 boni
1250 1658 1540 1727 cujusdam
1587 1657 1875 1713 scientiam
1928 1660 2271 1729 ignoratione

2371 1665 2543 1734 γητήν
2589 1680 2708 1716 τινα
2758 1662 2851 1716 καὶ
2886 1660 3227 1725 διδάσκαλον,
3276 1660 3365 1713 ἵνα
3395 1660 3676 1731 θεωρήσας
3715 1662 3895 1731 γένηται

695 1750 1154 1821 praestabiliorem
1199 1764 1325 1804 esse
1361 1749 1721 1819 iudicemus?
1764 1750 1831 1803 At
1874 1750 2135 1820 quidnam
2179 1751 2269 1804 in-
2300 1822 2315 1825 _

2300 1822 2327 1825 _
2378 1755 2635 1825 μιμητής.
2669 1750 2802 1806 Εἶτα
2834 1751 2949 1816 πῶς
2973 1754 3001 1805 ὁ
3026 1751 3264 1815 τοιοῦτος
3287 1752 3387 1804 οὐκ
3411 1751 3475 1805 ἀν
3502 1768 3577 1821 τῳ
3598 1750 3732 1817 δόξαν
3752 1754 3896 1806 Λοιπὸν

696 1861 864 1916 super
907 1844 1134 1899 absurdi
1177 1850 1462 1913 sequatur,
1510 1842 1699 1895 dicant
1749 1842 1907 1897 nobis
1947 1843 2041 1911 qui
2097 1822 2316 1912 magi-l

2299 1822 2341 1878 Β
2378 1822 2687 1914 ξιξ-ἀγνοίας
2717 1847 2816 1916 τῆς
2847 1861 3009 1897 τινων
3042 1842 3351 1897 ἀναϐαίνειν
3378 1844 3459 1906 εἰς
3483 1842 3694 1911 γνῶσιν,
3717 1845 3797 1895 καί
3816 1844 3896 1897 ἀπὸ

695 1948 869 1991 strum
915 1917 1099 2005 potius
1131 1950 1293 2005 quam
1340 1934 1555 1990 Patrem
1603 1933 1773 1987 Deum
1802 1948 1925 1989 esse
1975 1941 2267 1990 statuunt:

2370 1940 2465 1993 τοῦ
2511 1941 2753 2012 χείρονος
2808 1938 3247 2011 μετατρέπεσθαι
3300 1938 3441 2009 πρὸς
3484 1937 3726 2007 ἄμεινον,
3772 1940 3894 2009 εἰπερ

697 2039 881 2082 utrum
915 2027 1088 2083 Filius
1117 2028 1383 2098 ignorans
1416 2026 1599 2081 Patris
1630 2041 1794 2096 opera
1824 2034 2112 2097 exspectat
2139 2026 2267 2081 dum

2372 2026 2509 2085 εἶναι
2540 2031 2869 2101 λογιούμεθα
2902 2031 2961 2084 τὸ
2993 2030 3190 2084 εἰδέναι
3229 2048 3282 2084 τι
3323 2029 3434 2083 τῶν
3468 2028 3698 2097 ἀγαθῶν,
3733 2030 3813 2082 τοῦ
3837 2033 3892 2101 μὴ

695 2120 912 2181 videat,
941 2134 1007 2172 an
1037 2118 1449 2173 exactissimam
1481 2132 1672 2173 eorum
1719 2116 1972 2172 notitiam
2015 2131 2128 2172 non
2174 2116 2271 2170 ha-

2371 2123 2568 2177 εἰδέναι
2618 2121 2872 2187 κάλλιον;
2940 2116 3071 2174 Εἶτα
3118 2138 3171 2174 τι
3219 2118 3357 2191 πρὸς
3399 2119 3607 2182 τούτοις
3650 2121 3812 2190 ὁρᾶται
3849 2120 3893 2172 τὸ

696 2214 879 2269 hens?
912 2212 1047 2267 Nam
1081 2212 1126 2267 si
1161 2212 1347 2267 dicent
1379 2221 1732 2282 exspectare,
1762 2211 2015 2280 quamvis
2054 2209 2145 2264 illa
2179 2224 2272 2265 co-

2269 2240 2272 2251 ν
2371 2214 2591 2279 ἄτοπον,
2622 2213 2884 2282 λεγόντων
2912 2214 3045 2283 ἡμῖν
3074 2213 3122 2265 οί
3151 2210 3466 2281 παιδευτὴν,
3496 2210 3529 2280 ἢ
3561 2210 3762 2280 Πατέρα
3791 2212 3889 2280 pall.

696 2312 928 2374 gnoscat
948 2344 963 2367 ,
994 2305 1145 2358 clare
1173 2303 1464 2359 ostendent
1497 2302 1742 2357 inaniter
1767 2302 1982 2366 facere,
2015 2308 2070 2356 et
2097 2304 2271 2356 vanis-

2370 2309 2460 2362 λον
2498 2307 2841 2378 εἰσφέροντες
2873 2304 2963 2359 τὸν
3002 2305 3165 2359 Θεόν’
3204 2303 3436 2374 πότερόν
3469 2320 3595 2356 ποτε
3630 2302 3729 2356 τῶν
3756 2303 3892 2375 ἔργων

695 2396 848 2450 simae
879 2396 958 2450 rei
992 2410 1213 2465 operam
1245 2394 1377 2449 dare
1409 2393 1649 2449 Patrem.
1684 2394 1778 2448 llle
1810 2394 1956 2448 enim
1990 2393 2139 2464 quod
2172 2410 2269 2464 ap-

2369 2400 2463 2453 τοῦ
2496 2400 2703 2469 Πατρὸς
2735 2401 2791 2452 ὲν
2828 2397 3021 2469 ἀγνοίᾳ
3059 2394 3416 2467 καθεστηκὼς
3444 2397 3473 2448 ό
3500 2395 3623 2458 Υἱὸς
3662 2396 3892 2465 περιμένει

694 2489 871 2559 prime
922 2489 1106 2554 novit,
1160 2496 1220 2542 ut
1275 2488 1538 2558 ignorans
1586 2486 1942 2541 considerat:
1985 2486 2075 2541 hic
2120 2487 2268 2543 illius

2368 2490 2429 2543 τὸ
2466 2490 2615 2552 ἰδεῖν,
2648 2488 2681 2559 ἦ
2714 2488 2813 2558 τὴν
2841 2488 2933 2540 ἔπι
2961 2485 3171 2545 τούτοις
3195 2484 3395 2553 γνῶσιν
3428 2486 3530 2538 οὐκ
3559 2484 3687 2555 έχων
3714 2484 3890 2555 ἀκριϐε-

692 2595 928 2653 gnarum
959 2579 1159 2636 docere
1189 2579 1526 2651 aggreditur.
1560 2578 1794 2634 Cuinam
1823 2589 2005 2633 autem
2038 2580 2265 2634 dubimn

2372 2582 2605 2652 στάτηνς
2636 2581 2700 2633 Εἰ
2730 2580 2828 2649 μὲν
2846 2573 2940 2631 οῦν
2970 2577 3147 2631 εἰδότα
3173 2576 3493 2646 περιμένειν
3523 2574 3722 2647 ἐροῦσιν
3748 2574 3889 2636 αὐτὸν,

691 2686 817 2726 esse
843 2679 1023 2741 potest
1052 2673 1184 2740 quin
1221 2672 1335 2725 haec
1366 2671 1528 2741 plane
1562 2670 1801 2725 ridicula
1836 2671 1992 2725 sint?
2023 2670 2129 2725 Sed
2166 2671 2268 2726 hoc

2368 2670 2752 2744 περιττότατόν
2796 2687 2849 2723 τι
2898 2667 3159 2723 ποιοῦντα
3205 2663 3394 2737 σαφῶς
3442 2666 3775 2732 έπιδείξουσι,
3819 2666 3888 2718 καὶ

693 2761 878 2817 forsan
904 2762 1104 2818 dicturi
1132 2779 1239 2818 non
1269 2772 1434 2830 sunt,
1466 2764 1576 2819 imo
1600 2764 1932 2818 contrariam
1969 2764 2023 2818 in
2057 2774 2263 2835 partem

2367 2763 2704 2818 εἰκαιοτάτου
2734 2761 3060 2832 πράγματος
3092 2756 3452 2829 ἑπιτηδευτὴν
3482 2757 3571 2809 τὸν
3601 2757 3809 2826 Πατέρα.
3846 2756 3888 2806 ’0

692 2853 875 2922 potius
909 2868 967 2908 se
1003 2853 1365 2909 transferent.
1394 2854 1658 2909 Assereut
1687 2854 1832 2908 enim
1861 2855 2039 2925 ipsum
2073 2872 2265 2912 neces-

2370 2857 2470 2927 μὲν
2514 2855 2645 2927 γάρ,
2692 2854 2831 2924 ὅπερ
2875 2847 3017 2905 οἵδεν
3047 2850 3309 2920 ἀκριϐῶς,
3348 2849 3429 2912 ὡς
3477 2846 3678 2917 ἀγνοῶν
3714 2846 3889 2899 ἐπισκέ-

693 2942 845 2995 sario
871 2954 1201 3011 exspectare
1230 2943 1360 2997 dum
1392 2941 1559 2998 Pater
1595 2955 1876 3013 operetur,
1908 2954 1965 2998 nt
2010 2961 2077 3000 ex
2117 2946 2265 3002 illius

2368 2964 2586 3010 πτεται,
2614 2947 2644 2999 ό
2674 2944 2730 2998 δὲ
2756 2944 2848 2997 τὸν
2879 2942 3055 2997 εἰδότα
3079 2941 3349 2995 διδάσκειν
3380 2942 3661 3011 ἐπιχειρεῖ.
3692 2940 3787 2991 Kal
3809 2937 3885 2990 τίνι

690 3033 1163 3101 contemplatione
1192 3033 1373 3089 discat
1404 3035 1643 3104 operari.
1672 3034 1959 3099 Quomodo
1986 3051 2117 3106 ergo
2148 3038 2265 3092 uni-

2262 3067 2265 3077 ι
2365 3036 2474 3090 τῶν
2498 3036 2665 3088 ὅντων
2687 3033 2787 3087 οὐκ
2809 3032 2960 3085 ἔσται
2985 3031 3316 3103 καταφανὲς,
3338 3030 3425 3084 ὃτι
3444 3030 3545 3100 τῆς
3574 3028 3784 3099 ἐσχάτης
3814 3044 3882 3095 γε·

692 3139 850 3178 versa
881 3126 1035 3179 novit
1064 3133 1359 3194 antequam
1399 3126 1532 3180 ﬁant
1566 3126 1644 3180 ""i
1672 3135 1765 3181 aut
1812 3129 2089 3197 quomodo
2137 3146 2263 3185 vere
2290 3150 2312 3208 (

2290 3150 2331 3208 C
2364 3127 2634 3198 λοιότητος
2656 3126 2784 3178 εἴσω
2808 3124 3049 3178 κείσεται
3070 3123 3139 3177 τὰ
3158 3122 3381 3177 τοιαῦτα
3411 3139 3427 3188 ;
3477 3120 3631 3175 Ἀλλά
3652 3119 3787 3174 τοῦτο
3810 3119 3884 3188 μὲν

690 3216 838 3270 dicet
889 3215 1007 3285 ipse
1054 3215 1123 3271 de
1173 3216 1395 3286 seipso:
1431 3236 1453 3269 ι
1482 3216 1626 3274 Deus
1665 3220 2116 3290 appropinquans
2163 3236 2264 3291 ego

2366 3220 2466 3273 οὐκ
2495 3218 2681 3290 ἐροῦσι
2700 3215 2861 3286 τυχόν
2880 3232 2895 3246 ⁶
2935 3215 3333 3287 μεταϐήσονται
3352 3214 3409 3268 δὲ
3428 3214 3561 3287 πρὸς
3594 3212 3652 3266 τὸ
3674 3211 3884 3265 ἐναντίον.

690 3322 812 3363 sum
833 3344 848 3372 ,
880 3307 1016 3362 dicit
1046 3306 1349 3371 Dominus,
1382 3317 1436 3364 et
1460 3325 1571 3364 non
1601 3308 1743 3367 Deus
1772 3311 1839 3366 de
1884 3312 2042 3382 longe
2069 3328 2083 3364 :
2129 3328 2262 3367 num

2365 3310 2689 3383 Περιμένειν
2717 3308 2825 3380 γὰρ
2862 3308 3025 3362 αὐτὸν
3055 3308 3368 3377 ἀναγκαίως
3412 3304 3724 3378 ἐνεργοῦντα
3747 3300 3886 3355 διαϐε-

690 3400 1064 3454 abscondetur
1089 3399 1221 3470 quid
1256 3415 1286 3453 a
1316 3415 1404 3455 me
1439 3401 1482 3433 ³⁸
1503 3402 1562 3455 ἰ»
1587 3401 1876 3469 Quomodo
1915 3419 2026 3458 non
2068 3404 2264 3461 absur-

2263 3438 2264 3442 η
2366 3401 2691 3454 ϐαιὼσονται
2718 3397 2809 3450 τὸν
2842 3398 3062 3467 Πατέρα
3089 3397 3225 3468 πρὸς
3252 3396 3312 3449 τὸ
3342 3396 3687 3467 θεωρήσαντα
3718 3391 3883 3463 μαθεῖν.

689 3491 818 3545 dum
849 3501 904 3546 et
938 3492 1209 3547 insulsum
1247 3492 1353 3546 erit
1402 3491 1633 3564 Spiritui
1678 3494 1938 3561 credere,
1981 3504 2035 3552 et
2080 3497 2264 3567 inqui-

2366 3491 2489 3555 Πῶς
2521 3487 2615 3544 οὖν
2646 3483 2756 3543 οἰδε
2788 3486 2859 3541 τὰ
2906 3487 3103 3551 πάντα,
3153 3488 3283 3560 πρὶν
3326 3488 3594 3555 γενέσεως
3638 3484 3823 3548 αὑτῶνς
3860 3479 3884 3551 ἢ

689 3596 813 3636 rere
858 3595 922 3636 ac
950 3583 1094 3637 scire
1126 3580 1392 3653 profunda
1424 3583 1553 3649 Dei,
1583 3585 1900 3643 existimare
1937 3594 2116 3643 autem
2146 3590 2262 3644 lar-

2366 3583 2483 3646 πῶς
2509 3580 2798 3652 ἀληθεύσει
2835 3578 3010 3648 λέγων
3036 3579 3199 3643 αὐτὸς
3231 3580 3359 3651 περὶ
3389 3578 3584 3632 ἑαυτοῦ
3604 3593 3615 3607 ·
3657 3575 3795 3636 «Θεὸς
3818 3574 3886 3641 ἐγ-

690 3675 918 3743 gitorem
962 3673 1202 3743 Spiritus
1225 3674 1483 3745 ignorare
1505 3675 1686 3733 Patris
1719 3692 1907 3747 opera,
1936 3686 1990 3733 et
2011 3696 2116 3735 suo
2147 3679 2265 3752 Spi-

2261 3712 2265 3723 .
2364 3674 2534 3743 γίζων
2562 3674 2673 3741 ἐγώ
2704 3675 2842 3745 εἰμι,
2875 3672 3025 3740 Wet
3065 3670 3291 3742 Κύριος,
3332 3672 3430 3724 καὶ
3461 3670 3578 3741 οὐχὶ
3614 3665 3881 3738 πόρρωθεν·

688 3765 802 3818 ritu
828 3765 1010 3835 quoad
1039 3765 1410 3836 cognitionem
1439 3768 1757 3825 inferiorem
1785 3771 1953 3827 esse?
1999 3770 2259 3843 Nunquid

2366 3768 2442 3837 μὴ
2478 3768 2570 3819 ἀπ’
2598 3766 2732 3837 ἐμοῦ
2765 3765 3098 3838 κρυϐήσεταί
3131 3780 3215 3829 τι;
3247 3783 3265 3817 ι
3305 3763 3432 3827 Πῶς
3453 3763 3510 3816 δὲ
3539 3764 3633 3816 οὐκ
3652 3760 3819 3815 ἄτοπόν
3840 3772 3883 3809 τε

688 3856 835 3911 enim
884 3856 1057 3912 Filius
1109 3874 1330 3929 quoque
1364 3857 1647 3929 Sapientia
1677 3876 1799 3917 esse
1844 3862 2085 3930 desinet,
2131 3881 2257 3921 cum

2362 3858 2459 3913 καὶ
2491 3858 2700 3928 ἀμαθὲς
2733 3858 2812 3928 τῷ
2852 3857 2949 3928 μὲν
2984 3855 3263 3927 Πνεύματι
3300 3854 3597 3917 πιστεύειν,
3625 3852 3819 3922 έρευνᾷν
3840 3865 3882 3901 τι

687 3947 883 4016 utique
924 3949 1174 4019 ignoret,
1210 3951 1586 4021 discendoque
1618 3955 1932 4024 percipiat?
1965 3953 2261 4027 Sapientia:

2362 3946 2457 4000 καὶ
2483 3946 2677 4000 εἰδέναι
2708 3947 2775 3999 τὰ
2800 3945 2937 4016 βάθη
2966 3944 3061 3998 τοῦ
3089 3943 3245 4009 Θεοῦ,
3289 3943 3381 3997 τὸν
3410 3943 3470 3996 δὲ
3501 3942 3593 3996 τοῦ
3625 3943 3881 4009 Πνεύματνις

686 4037 834 4091 enim
868 4047 1051 4106 potius
1079 4054 1255 4110 capax
1296 4041 1435 4104 erit,
1468 4056 1632 4111 quam
1680 4044 1916 4113 ipsamet
1954 4047 2257 4102 secundum

2360 4039 2595 4110 χορηγὸν
2632 4039 2689 4092 ὲν
2737 4038 2931 4109 ἀγνοίᾳ
2961 4036 3290 4090 καθεστάναι
3333 4036 3575 4107 νομίζειν
3609 4035 3706 4088 τῶν
3745 4033 3882 4103 ἔργων

686 4136 937 4182 naturam
968 4128 1269 4200 Sapientia.
1302 4130 1581 4201 Sapientia
1624 4135 1829 4205 quippe
1872 4144 1957 4192 est
2010 4138 2064 4192 id
2114 4140 2259 4208 quod

2360 4130 2453 4183 τοῦ
2478 4129 2710 4202 Πατρὸς,
2738 4130 2833 4183 καὶ
2857 4129 2951 4183 τοῦ
2978 4128 3105 4181 ἰδίου
3136 4128 3474 4198 Πνεύματος,
3496 4129 3615 4180 ὅσον
3637 4128 3709 4189 εἰς
3724 4124 3880 4193 γνῶσιν

685 4219 1013 4289 sapientiam
1045 4221 1297 4292 largitur,
1332 4239 1441 4278 non
1476 4225 1622 4294 quod
1656 4228 1985 4296 sapientiam
2021 4232 2219 4302 accipit
2241 4274 2254 4295 ,

2360 4222 2881 4293 ἀπολιμπάνεσθαι;
2930 4217 3081 4292 *Δρα
3122 4220 3232 4291 γὰρ
3284 4219 3384 4273 οὐκ
3431 4219 3687 4273 ἀποϐαλεῖ
3726 4217 3803 4270 καὶ
3836 4213 3880 4265 τὸ

686 4310 1155 4381 quemadmodum
1211 4328 1406 4383 nempe
1455 4315 1619 4368 etiam
1679 4316 1863 4371 lumen
1918 4329 2003 4374 est
2056 4320 2259 4375 illumi-

2360 4312 2497 4367 εἶναι
2527 4314 2687 4384 σοφία
2716 4314 2900 4367 λοιπὸν
2935 4315 2963 4367 ὁ
3010 4312 3157 4376 Υἰὸς,
3192 4311 3426 4383 ἐπείπερ
3456 4311 3590 4375 ὅλως
3612 4309 3788 4378 ἀγνοεῖ,
3810 4305 3879 4358 καὶ

684 4417 854 4465 nans,
913 4403 1078 4474 219
1126 4420 1237 4459 non
1283 4404 1428 4475 quod
1468 4406 1833 4463 illuminatur.
1885 4407 2052 4479 Igitur
2108 4411 2253 4465 aliud

2360 4405 2626 4475 λαμϐάνει
2655 4405 2743 4459 διὰ
2779 4404 3104 4476 μαθήσεως;
3152 4402 3351 4472 Σοφίας
3384 4403 3498 4475 γὰρ
3546 4401 3731 4473 μᾶλλον
3762 4398 3880 4451 ἔσται

683 4496 945 4565 quiddam
996 4499 1116 4567 ipse
1160 4513 1354 4554 rursus
1400 4500 1507 4553 erit
1553 4501 1622 4554 ab
1665 4515 1729 4555 ea
1782 4516 1904 4571 qua:
1934 4502 1987 4556 in
2021 4504 2142 4573 ipso
2172 4487 2303 4559 estl

2287 4487 2335 4547 Ι)
2359 4497 2623 4563 δεκτικὸς,
2649 4499 2791 4568 ἤπερ
2821 4496 2953 4551 αὐτὸ
2974 4496 3113 4551 κατά
3134 4497 3295 4567 φύσιν
3334 4496 3516 4564 σοφία.
3552 4495 3708 4564 Σοφία
3730 4491 3816 4562 γὰρ
3836 4487 3878 4540 τὸ

684 4587 995 4657 sapientia:
1054 4595 1109 4642 et
1155 4588 1394 4658 primum
1430 4590 1649 4659 quidem
1697 4606 1807 4646 non
1859 4594 2111 4665 simplex,
2158 4597 2253 4651 sed

2356 4586 2574 4655 σοφοῦν,
2601 4586 2661 4639 οὐ
2684 4587 2745 4639 τὸ
2776 4584 3070 4655 σοφοῦσθαι
3095 4584 3359 4653 πεφυκὸς,
3399 4584 3586 4657 ὥσπερ
3619 4580 3704 4638 οῦν
3726 4580 3877 4653 ἀμέλει

682 4677 1026 4746 compositus
1057 4692 1121 4731 ex
1164 4677 1419 4745 duobus;
1468 4680 1665 4735 deinde
1712 4682 1854 4743 Deus
1880 4699 2001 4739 esse
2035 4700 2257 4756 quoque

2254 4708 2257 4735 ι
2354 4678 2449 4731 καὶ
2492 4677 2609 4745 φῶς
2656 4676 2717 4729 τὸ
2761 4675 3029 4745 φοηίζον,
3075 4676 3136 4730 ού
3187 4675 3248 4729 τὸ
3294 4674 3621 4744 φωτίζεσθαι
3662 4669 3874 4739 πεφυκός.

683 4768 938 4823 desinet:
978 4768 1145 4823 Deum
1198 4779 1376 4824 autem
1411 4770 1535 4826 dico
1568 4774 1866 4827 secundum
1904 4784 2155 4831 naturam
2204 4787 2256 4832 et

2255 4819 2256 4827 η
2352 4767 2559 4821 Οὐκοῦν
2589 4768 2773 4836 ἕτερόν
2802 4784 2852 4820 τι
2891 4767 3053 4820 πάλιν
3088 4767 3249 4830 αὐτὸς
3276 4768 3428 4839 παρὰ
3459 4768 3554 4837 τὴν
3576 4769 3632 4820 δν
3655 4761 3783 4833 αὐτῷ
3809 4778 3875 4813 σο-

683 4854 1152 4910 substantialiter.
1190 4854 1409 4913 Discere
1436 4874 1671 4929 namque
1709 4862 1778 4916 ab
1808 4863 2017 4933 aliquo,
2066 4876 2120 4921 et
2155 4867 2257 4921 du-

2254 4898 2257 4906 »
2355 4860 2503 4929 φίαν,
2536 4860 2630 4913 καί⁸
2668 4860 2882 4932 πρῶτον
2929 4862 3025 4929 μὲν
3056 4861 3152 4930 οὐχ
3186 4860 3413 4926 ἃπλοῦς,
3455 4860 3565 4914 ἀλλ’
3592 4860 3653 4912 ἐκ
3684 4856 3764 4910 δύο
3791 4854 3874 4905 λοι-

682 4945 879 5014 plicem
915 4960 1040 5000 esse
1069 4954 1234 5017 atque
1266 4950 1652 5020 compositum,
1687 4954 1928 5008 alienum
1974 4965 2057 5011 est
2094 4960 2249 5027 peni-

2356 4951 2456 5003 πὸν
2489 4952 2838 5020 συγκείμενος
2863 4967 2876 4981 ο
2912 4947 3028 5003 εἶτα
3055 4952 3187 5022 πρὸς
3216 4950 3393 5014 τοῦτο,
3427 4952 3520 5005 καὶ
3546 4950 3605 5003 τὸ
3632 4944 3754 5003 εἶναι
3774 4944 3875 5004 Θεὸς

682 5047 771 5091 tus
801 5052 831 5089 a
871 5035 1093 5091 deitatis
1147 5047 1363 5104 natura,
1414 5042 1503 5095 cui
1548 5050 1809 5113 tanquam
1863 5048 2145 5116 praprium
2198 5057 2252 5102 et

2250 5089 2252 5097 ι
2356 5043 2632 5106 ἀπολέσει,
2665 5042 2795 5095 Θεὸν
2826 5042 2881 5095 δέ
2918 5061 3058 5114 φημι
3108 5044 3250 5098 κατά
3287 5045 3448 5112 φύσιν
3493 5043 3583 5097 καὶ
3630 5035 3870 5097 οὐσιωδῶς·

679 5128 1144 5197 perfectissimum
1182 5130 1386 5185 bonum
1417 5134 1742 5204 simplicitas
1775 5136 1940 5192 inest.
1997 5138 2152 5205 Quod
2203 5144 2249 5196 si

2358 5134 2661 5205 Μαθήσεως
2689 5134 2797 5204 γὰρ
2825 5135 2921 5203 τῆς
2952 5135 3058 5187 ἀπό
3081 5152 3224 5197 τινος
3256 5135 3412 5199 ὅλως,
3454 5136 3548 5189 καὶ
3577 5131 3776 5201 διπλόης
3799 5126 3875 5193 τῆς

681 5219 824 5274 Deus
853 5234 961 5274 non
992 5231 1077 5275 est
1106 5223 1411 5277 secundum
1440 5234 1691 5280 naturam
1744 5226 1938 5297 Filius,
1972 5236 2252 5301 quomodo

2358 5227 2501 5280 κατὰ
2543 5226 2850 5296 σύνθεσινὴ
2892 5226 3010 5279 θεία
3057 5227 3217 5296 φύσις
3262 5228 3362 5281 οὐκ
3404 5228 3666 5297 ἀνέχεται,
3708 5222 3791 5276 καὶ
3829 5218 3875 5271 τὸ

680 5320 941 5378 operatur
978 5318 1032 5365 et
1082 5320 1309 5380 praestat
1347 5328 1408 5369 ea
1448 5329 1572 5385 qua:
1614 5316 1715 5370 soli
1749 5316 1859 5373 Deo
1889 5326 2252 5391 congruunt?

2250 5334 2252 5347 '
2359 5316 2560 5371 ἁπλοῦν
2586 5318 2660 5379 ὡς
2705 5316 2833 5368 ἴδιον
2861 5316 3082 5383 ἀγαθὸν,
3134 5318 3227 5369 καὶ
3264 5317 3324 5369 τὸ
3366 5317 3669 5370 παντέλειω
3700 5313 3870 5382 ἔχουσα.

678 5401 763 5453 An
797 5400 945 5455 enim
974 5399 1174 5456 dicturi
1206 5414 1338 5459 sunt
1370 5408 1419 5458 ei
1461 5403 1712 5462 suﬂicere
1741 5407 1808 5461 ad
1851 5410 2106 5465 virtutem
2142 5412 2250 5469 Deo

2358 5406 2470 5459 Καὶ
2494 5407 2541 5458 εἰ
2568 5407 2641 5475 μὴ
2672 5404 2788 5457 ἐστι
2816 5404 2949 5467 Θεὸς
2972 5405 3114 5458 κατά
3137 5407 3298 5474 φύσιν
3316 5408 3343 5459 ὁ
3371 5406 3514 5472 Υἰὸς,
3550 5404 3662 5467 πῶς
3682 5401 3741 5453 τὰ
3761 5398 3874 5467 μόναν

678 5491 1092 5547 convenientem
1124 5494 1268 5563 quod
1302 5494 1678 5552 tantummodo
1719 5496 1888 5553 Deum
1926 5512 2244 5571 operantem

2359 5496 2634 5563 πρέποντα
2681 5493 2799 5563 Θεῷ
2844 5494 2939 5547 καὶ
2975 5496 3205 5565 ἐνεργεῖ,
3259 5496 3352 5549 καὶ
3396 5496 3711 5565 ἐργάζεται;
3757 5483 3873 5555 ’Δρα

679 5582 930 5658 aspiciat,
959 5590 1013 5637 et
1042 5585 1158 5639 solo
1180 5600 1400 5656 aspectu
1429 5588 1481 5642 id
1509 5589 1729 5658 habere,
1754 5602 1811 5646 ut
1842 5594 1913 5647 sit
1944 5596 2244 5651 secundum

2352 5587 2461 5657 γὰρ
2493 5584 2807 5655 ἐξαρκέσειν
2842 5585 3056 5655 ἐροῦσιν
3086 5587 3253 5657 αὐτῷ,
3288 5588 3379 5640 καὶ
3411 5586 3541 5657 πρὸς
3574 5574 3873 5653 δύναμιντὴν

754 5734 796 5774 1⁸
821 5734 1053 5795 Malach.
1098 5755 1187 5807 ιιι,
1226 5740 1279 5795 6.
1324 5742 1366 5773 ³⁸
1396 5741 1538 5798 Psal.
1577 5758 1649 5808 Cl,
1687 5744 1770 5799 l3.
1850 5746 1893 5779 "
1924 5746 2059 5801 Dan.
2102 5766 2223 5816 xm,
2266 5752 2353 5807 4‘2.
2438 5756 2481 5787 ³⁸
2510 5755 2708 5813 Jcrein.
2746 5773 2902 5823 nm,
2941 5757 3030 5825 95,
3067 5757 3155 5811 Ἡ.
