4102 6544
267 401 377 456 55⁵1

1337 397 1403 455 IN
1439 394 1723 452 JOANNIS
1762 392 2231 453 EVANGELIUM.
2269 398 2397 454 LIB.
2421 399 2484 454 II.

3416 391 3523 451 358

264 510 579 582 θεοπρεπῆ,
607 509 665 564 τὸ
689 508 848 581 μόνον
881 509 1008 565 ἰδεῖν
1029 508 1355 581 ἐνεργοῦντα
1376 508 1464 562 τὸν
1481 507 1721 578 Πατέρα,
1753 505 1834 558 ml

1949 512 2201 560 naturam
2237 505 2403 572 Deus,
2444 515 2499 563 et
2529 513 2638 560 tam
2668 506 2839 561 multa
2870 504 3085 562 edicere
3111 502 3287 574 possit
3316 505 3532 574 quanta

263 602 359 655 διὰ
376 602 533 672 ψιλῆς
561 601 589 654 ὃ
613 618 758 671 τρεως
793 599 1206 672 ἀποκερδαίνειν
1237 600 1297 653 τὸ
1332 595 1469 652 εἶναι
1512 597 1655 651 κατά
1683 596 1843 667 φύσιν

263 695 422 757 θεὸς,
450 693 544 746 καὶ
568 691 803 746 τοσαῦτα
835 691 1093 745 δύνασθαι
1133 693 1324 757 ποιεῖν,
1360 692 1570 761 ὅσαπερ
1599 689 1665 743 ἂν
1696 689 1789 743 καὶ
1818 691 1846 742 6

262 784 529 838 δεικνύων
559 783 740 855 αὐτῷ;
788 785 953 839 Οὐδὲν
996 780 1089 837 οὖν
1112 784 1223 853 ἄρα
1253 783 1315 835 τὸ
1342 781 1549 836 κωλύον
1579 782 1716 845 ἐστὶ,
1752 783 1846 835 καὶ

264 875 499 938 πολλοὺς
544 876 676 944 ἡμῖν
725 874 945 945 ἑτέρους
1004 873 1387 943 ἀναδειχθῆναι
1436 872 1609 936 θεοὺς,
1659 870 1845 941 ἐθελή-

265 981 461 1028 σαντος
492 966 588 1018 καὶ
616 964 781 1018 αὐτοῦ
817 965 1080 1028 ἐπιδεῖξαι
1108 963 1202 1017 τοῦ
1240 963 1448 1031 Πατρδς
1476 964 1586 1016 τῶν
1628 962 1843 1016 οἰκείων

261 1055 446 1125 ἔργων
470 1055 568 1127 τὴν
592 1055 728 1119 ὁδὸν,
757 1056 850 1109 καὶ
873 1055 929 1106 ὲν
954 1053 1031 1124 τῷ
1057 1053 1248 1125 μαθεῖν
1273 1071 1325 1105 τι
1353 1052 1603 1123 περιττὸν
1627 1051 1727 1120 τῆς
1748 1050 1842 1103 τοῦ

261 1145 483 1215 Πατρὺς
511 1145 698 1208 οὐσίας
736 1144 979 1197 κείσεται
1009 1143 1070 1196 τὸ
1101 1143 1377 1212 ἐξαίρετον
1403 1159 1417 1174 ο
1442 1144 1502 1195 οὐ
1532 1141 1639 1210 γὰρ
1665 1140 1844 1195 διδακ-

260 1237 396 1304 τῶς,
418 1237 493 1301 ὼς
522 1237 719 1290 ἐκεῖνοί
744 1254 926 1305 φασιν,
962 1237 1042 1298 είς
1072 1235 1287 1304 ἀξίωμα
1310 1235 1369 1287 τὸ
1397 1235 1493 1305 τῆς
1515 1232 1655 1287 κατά
1681 1232 1840 1302 φύσιν

260 1332 516 1403 θεότητος
547 1330 875 1402 ἀναδραμὼν
910 1330 1223 1401 εὑρίσκεται
1266 1328 1477 1397 λέγων·
1524 1347 1542 1379 ι
1580 1327 1719 1395 Ἐγὼ
1749 1328 1842 1380 καὶ

256 1426 289 1477 6
336 1423 527 1495 Πατὴρ
573 1423 632 1475 ἓν
678 1424 864 1492 ἐσμεν.
928 1421 988 1474 '0
1034 1420 1290 1490 ἑωρακὼς
1334 1420 1454 1488 ἐμὲ,
1493 1417 1704 1488 ἑώρακε
1750 1418 1839 1470 τὸν

259 1517 507 1587 Πατέρα.
528 1535 546 1567 ι
594 1514 1103 1585 Ἀναμετρείτωσαν
1135 1512 1313 1565 τοίνυν
1343 1512 1464 1573 ὅσος
1501 1512 1685 1573 αὐτοῖς
1713 1511 1840 1564 δυσ-

259 1599 477 1675 φημτίας
524 1604 680 1676 ὄχλος
737 1606 802 1657 ὲκ
842 1603 938 1657 τοῦ
986 1602 1207 1657 τοιῶσδε
1260 1605 1401 1656 νοεῖν
1458 1601 1663 1655 ἐθέλειν
1720 1603 1838 1654 ὲπι-

257 1697 584 1769 σωρεύεται,
627 1698 722 1750 xal
768 1697 1132 1767 φρονείτωσαν
1175 1695 1348 1766 ἀληθῆ
1401 1695 1528 1766 περὶ
1563 1694 1658 1749 τοῦ
1706 1696 1837 1749 Υἱοῦ

256 1788 404 1843 καθά
438 1788 768 1858 γέγραπται.
823 1786 962 1840 Οὐτε
994 1787 1104 1858 γὰρ
1137 1788 1199 1839 ὲκ
1240 1785 1470 1856 Θεωρίας
1500 1784 1601 1856 τῆς
1638 1787 1694 1839 ὲν
1725 1789 1837 1850 τοῖς

254 1880 662 1950 ἀποτελέσμασι
697 1878 791 1932 τοῦ
828 1879 1079 1953 Πατρὸς,
1144 1876 1266 1932 οὔτε
1318 1877 1425 1949 μὴν
1468 1877 1543 1941 ὡς
1591 1896 1827 1950 προκατο
1869 1862 1910 1917 Β

251 1974 533 2045 αρκτικῶς
568 1975 625 2027 ἐν
651 1977 765 2035 τοῖς
819 1973 1000 2046 ἔργοις
1029 1972 1165 2043 ἔχων
1196 1971 1378 2036 αὐτὸν,
1406 1972 1636 2043 ποιητής
1664 1973 1833 2035 ἐστιν,

251 2067 288 2134 ἢ
326 2064 763 2137 θαυματουργὺς,
804 2066 898 2119 καὶ
938 2064 1027 2117 διά
1056 2063 1210 2116 τοῦτό
1251 2065 1396 2117 ἐστιν
1422 2062 1570 2130 Υἱὸς,
1607 2063 1721 2117 ἀλλ’
1754 2065 1837 2117 ὅτι

252 2158 484 2227 φυσικὸς
516 2158 705 2229 ὥσπερ
724 2175 806 2221 τις
838 2156 1000 2211 αὐτὸν
1031 2157 1293 2225 ἀποφέρει
1317 2156 1479 2224 νόμος
1508 2154 1602 2207 ἐπὶ
1622 2155 1719 2225 τὴν
1742 2155 1836 2208 τοῦ

251 2251 616 2319 γεννήσαντος
651 2249 1068 2321 ἀπαράλλακτον
1097 2248 1410 2319 ὁμοιότητα,
1442 2249 1490 2299 εἰ
1519 2246 1628 2319 [ἷσ.
1651 2246 1709 2319 ἢ]
1741 2248 1835 2301 καὶ

251 2338 344 2392 διὰ
370 2340 469 2409 τῆς
492 2338 599 2392 τῶν
626 2338 802 2409 ἔργων
828 2337 1150 2401 ἀηδελλιποῦς
1179 2338 1477 2408 ὲμφερείας
1499 2338 1830 2407 ἀναλάμπει,

254 2432 353 2483 καὶ
394 2431 665 2500 φαίνεται.
718 2430 1065 2501 Παραθέντες
1090 2430 1145 2483 δὲ
1174 2431 1268 2484 καὶ
1293 2430 1555 2496 εἰσαῦθις,
1587 2432 1635 2484 εί
1664 2432 1831 2498 δοκεῖ,

1945 596 1995 652 is
2033 598 2202 652 etiam
2242 598 2334 668 qui
2370 598 2422 653 ei
2457 597 2732 654 ostendit?
2766 597 2914 652 Nihil
2948 612 3080 667 ergo
3108 594 3362 667 prohibet
3384 611 3522 665 quo.

1946 690 2131 747 minus
2155 693 2313 745 multi
2347 692 2438 745 alii
2468 706 2689 762 quoque
2720 689 2794 744 dii
2819 690 3075 757 evadant,
3096 690 3140 746 si
3169 688 3332 744 Pater
3354 690 3519 744 etiam

1946 782 2064 851 ipse
2093 782 2328 837 voluerit
2378 798 2605 838 suorum
2638 797 2866 852 operum
2902 782 3042 835 viam
3080 782 3349 847 indicare,
3381 790 3436 837 et
3466 781 3520 836 in

1945 887 2352 941 supervacanea
2376 889 2435 929 re
2456 874 2723 929 discenda
2754 881 2998 944 paternae
3031 875 3353 930 substantiae
3384 889 3523 944 prae-

1944 966 2147 1021 stantia
2168 967 2552 1022 collocabitur.
2584 964 2706 1020 Non
2744 965 2889 1020 enim
2925 966 3202 1031 doctrina,
3232 973 3293 1021 ut
3316 965 3396 1020 illi
3432 965 3519 1019 di-

1943 1065 2094 1123 cunt,
2127 1058 2195 1112 ad
2247 1058 2571 1128 dignitatem
2616 1058 2888 1113 naturalis
2938 1058 3162 1113 dcitatis
3202 1058 3521 1114 ascendisse

1942 1150 2303 1219 compcritur,
2356 1165 2479 1203 cum
2516 1149 2632 1203 ait:
2687 1168 2705 1199 ι
2758 1147 2871 1219 Ego
2912 1157 2967 1204 et
3008 1148 3173 1202 Pater
3216 1163 3383 1202 unum
3425 1162 3520 1201 δυο

1943 1255 2068 1294 mus
2098 1240 2167 1293 '9.
2199 1240 2303 1306 Qui
2337 1240 2473 1295 vidit
2500 1255 2608 1305 me,
2635 1240 2769 1295 vidit
2805 1248 2860 1295 et
2890 1239 3102 1294 Patrem
3138 1240 3207 1293 ⁸⁸⁵.
3243 1256 3262 1291 ι
3304 1238 3520 1308 Expen—

1941 1330 2073 1386 dant
2103 1332 2265 1403 igitur
2293 1340 2557 1403 quantam
2586 1333 2691 1386 vim
2723 1332 3192 1402 blasphemiarum
3221 1346 3286 1385 ex
3323 1330 3519 1399 hujus-

1941 1422 2089 1477 modi
2118 1424 2393 1480 sententia
2428 1424 2715 1494 colligant,
2744 1431 2801 1478 et
2830 1438 2957 1478 vera
2987 1422 3055 1477 de
3086 1421 3225 1476 Filio
3255 1421 3516 1484 sentiant,

1942 1523 2004 1570 ut
2048 1518 2314 1586 scriptum
2352 1523 2460 1571 est.
2504 1514 2695 1585 Neque
2743 1516 2890 1570 cnim
2936 1530 3005 1570 ex
3054 1514 3521 1583 contemplatione

1942 1616 2299 1677 paternorum
2338 1623 2588 1678 operum,
2622 1622 2799 1671 neque
2832 1616 2982 1662 certe
3024 1614 3082 1660 ut
3117 1606 3209 1675 qui
3245 1605 3423 1675 ipsum
3462 1605 3516 1658 in

1940 1697 2199 1767 operibus
2228 1698 2421 1754 ducem
2457 1713 2522 1752 ac
2550 1699 2876 1769 magistrum
2919 1698 3140 1762 habeat,
3174 1695 3397 1752 eﬂ'ector
3433 1706 3519 1752 est

1942 1795 2038 1843 aut
2084 1797 2331 1859 patrator
2368 1790 2808 1855 miraculorum,
2848 1798 3013 1858 atque
3075 1790 3287 1845 idcirco
3342 1788 3518 1845 Filius

1938 1890 2044 1946 est,
2085 1882 2177 1939 sed
2210 1883 2469 1952 quoniam
2502 1883 2770 1938 naturalis
2796 1883 2963 1936 veluti
2994 1880 3243 1952 quaedam
3281 1881 3365 1935 lex
3391 1896 3514 1936 eum

1939 1975 2007 2028 ad
2051 1973 2302 2029 eamdem
2356 1989 2455 2044 per
2501 1973 2686 2028 omnia
2733 1989 2860 2027 cum
2894 1972 3055 2027 Patre
3098 1971 3516 2027 similitudinem

1938 2065 2128 2129 infert,
2149 2081 2271 2135 qua:
2303 2066 2465 2120 etiam
2502 2080 2598 2134 per
2630 2080 2856 2135 operum
2885 2064 3191 2119 absolutam
3223 2062 3517 2132 imaginem

1939 2160 2117 2214 elucet
2142 2168 2194 2213 et
2225 2167 2465 2228 apparet.
2501 2155 2608 2211 Sed
2638 2156 2923 2226 proposito
2961 2170 3160 2211 rursus
3203 2161 3377 2218 textu,
3420 2167 3517 2209 eo-

1938 2265 2046 2321 que
2095 2248 2313 2303 acutius
2336 2246 2726 2317 pervestigato,
2772 2246 3065 2316 diligenter
3099 2244 3516 2299 consideremus

1939 2356 2191 2413 quamam
2233 2341 2305 2395 sit
2337 2339 2612 2392 dictorum
2644 2340 2938 2402 sententia,
2964 2344 3019 2393 et
3048 2351 3154 2407 qua
3190 2336 3396 2407 pietate
3429 2335 3518 2390 in-

1941 2432 2182 2501 telligere
2212 2429 2368 2484 decet
2399 2429 2825 2499 perspiciamus.

253 2522 317 2574 τὸ
371 2521 467 2574 τοῦ
506 2521 667 2589 λόγου
717 2521 1031 2588 κεφάλαιον,
1080 2521 1174 2574 καὶ
1218 2520 1572 2592 δριμυτέραις
1616 2523 1865 2594 ὲρεύναις
1919 2526 2050 2583 αὐτὸ
2096 2521 2495 2595 βασανίζοντες,
2543 2521 2837 2592 θεωρῶμεν
2869 2520 3133 2594 ακριὸῶς,
3184 2523 3270 2586 τίς
3317 2521 3382 2576 ἂν
3429 2521 3516 2593 εἴη

252 2610 443 2661 λοιπὸν
480 2609 588 2661 τῶν
614 2608 923 2678 λεγομένων
950 2610 983 2679 ἡ
1011 2608 1258 2679 δύναμις,
1292 2610 1388 2661 καὶ
1426 2610 1573 2674 ὃπως
1609 2617 1877 2687 προσήκει
1908 2615 2161 2678 νοοῦντας
2192 2612 2457 2679 εὐσεϐεῖν,
2492 2612 2593 2684 ἤδη
2629 2611 3144 2683 περισκεπτιὶψεθα.

327 2699 555 2765 Οὐκοῦν,
603 2699 809 2769 Ἀμὴν,
855 2698 1018 2768 ἀμὴν
1055 2699 1209 2767 λέγω
1248 2699 1408 2768 ὑμῖν,
1449 2704 1522 2755 οὐ
1558 2701 1830 2772 δύναται,

252 2793 443 2865 φησὶν,
480 2810 511 2846 c
537 2791 671 2857 Υἱὸς
700 2789 891 2844 ποιεῖν
925 2790 1024 2859 ἀρ’
1056 2790 1273 2845 ἑαυτοῦ
1297 2790 1497 2857 οὐδὲν,
1541 2793 1650 2847 ἐὰν
1671 2795 1755 2865 μή
1778 2814 1833 2851 τι

244 2885 456 2953 βλέπῃ
488 2885 596 2937 τὸν
633 2881 866 2950 Πατέρα
908 2883 1198 2936 ποιοῦντα
1223 2899 1238 2915 ⁸
1285 2883 1325 2937 ἃ
1355 2885 1464 2954 γὰρ
1502 2886 1579 2939 ἂν
1603 2887 1831 2955 ἐκεῖνος

251 2975 423 3043 ποιῇ,
458 2975 645 3029 ταῦτα
667 2973 765 3027 καὶ
789 2977 820 3029 ό
857 2972 989 3039 Υἱὸς
1022 2973 1236 3042 ὁμοίως
1269 2974 1442 3028 ποιεῖ.
1488 2976 1650 3048 Ὁρᾷς
1683 2979 1831 3042 ὅπως

251 3070 349 3122 καὶ
376 3067 465 3121 διὰ
489 3069 587 3137 τῆς
613 3069 670 3119 ὲν
689 3068 805 3157 τοῖς
830 3064 1010 3136 ἔργοις
1035 3064 1455 3157 ἀπαραλλάκτου
1484 3068 1830 3139 ταύτότητος,
1862 3100 1903 3157 C

249 3160 439 3229 ὅμοιον
468 3157 657 3211 ἑαυτὸν
685 3156 824 3211 κατά
858 3156 1035 3209 πάντα
1064 3156 1297 3210 δεικνύει
1330 3157 1406 3227 τῷ
1434 3159 1628 3230 Πατρὶ,
1657 3160 1745 3214 ἵνα
1769 3159 1832 3231 δὴ

250 3253 512 3322 φαίνηται
542 3250 630 3304 διὰ
666 3250 856 3303 τούτου
895 3250 991 3303 καὶ
1022 3249 1121 3319 τῆς
1163 3250 1352 3313 οὐσίας
1380 3251 1545 3304 αὐτοῦ
1577 3252 1833 3323 κληρονὸ-

253 3361 356 3416 μος
383 3360 397 3375 ⁸
430 3345 504 3407 ὼς
526 3344 633 3411 γὰρ
658 3340 969 3409 ἀναγκαίως
999 3358 1057 3394 τε
1084 3342 1179 3394 καὶ
1202 3343 1609 3413 ἀναντιρῤήτως
1632 3343 1830 3415 νοηθη-

252 3437 480 3508 σομὲνου
505 3434 640 3488 Θεοῦ
680 3434 822 3489 κατὰ
855 3433 1015 3502 φύσιν
1050 3433 1313 3504 ὑπάρχειν
1341 3433 1433 3486 τοῦ
1465 3434 1562 3505 τὴν
1594 3435 1713 3505 ῖσην
1746 3438 1832 3489 ὲν-

248 3527 472 3597 ἐργειαν
499 3525 712 3596 ἔχοντος
738 3523 815 3594 τῷ
842 3522 960 3593 Θεῷ
985 3521 1080 3576 καὶ
1106 3523 1301 3591 Πατρὶ,
1328 3522 1396 3576 τὰ
1416 3524 1643 3577 τοιαῦτά
1665 3541 1831 3596 φησιν

247 3623 278 3673 6
328 3620 537 3689 Σωτήρ.
588 3614 1028 3680 Σκανδαλιξέσθω
1066 3614 1124 3668 δὲ
1160 3615 1371 3684 μηδεὶς,
1414 3615 1543 3668 ὅταν
1570 3617 1830 3689 φαίνηται

249 3712 426 3779 λέγων
458 3708 845 3780 οἰκονομικῶς,
896 3708 972 3778 μὴ
1014 3706 1480 3760 δύνασθαρποιεῖν
1510 3708 1601 3776 ἀφ’
1634 3709 1828 3763 ἑαυτοῦ

252 3803 442 3873 μηδὲν,
474 3800 568 3854 ἐὰν
615 3803 688 3870 μή
731 3817 783 3853 τι
813 3799 984 3870 βλέπῃ
1016 3795 1106 3851 τὸν
1151 3798 1367 3869 Πατέρα
1406 3797 1663 3852 ποιοῦντα
1689 3816 1703 3830 ο
1753 3800 1829 3863 ὡς

249 3892 360 3964 γὰρ
385 3891 486 3962 ἢδη
518 3890 616 3961 τὴν
647 3889 741 3943 τοῦ
768 3888 953 3941 δούλου
986 3887 1198 3958 μορφὴν
1240 3887 1621 3958 περικείμενος
1649 3888 1735 3941 διὰ
1767 3889 1828 3942 τὸ

251 3982 521 4052 ἐνωθῆναι
576 3980 771 4051 σαρκὶ,
831 3979 932 4032 οὐκ
985 3977 1309 4048 ἐλευθέραν,
1366 3979 1486 4032 οὐδὲ
1537 3980 1828 4049 ἀνειμένην

252 4071 530 4133 παντελῶς
563 4073 641 4134 είς
667 4067 942 4138 θεοπρεπῆ
975 4067 1284 4136 παρρησίαν
1320 4068 1555 4119 ἐποιεῖτο
1584 4068 1680 4137 τὴν
1715 4067 1827 4120 διά-

248 4164 427 4230 λεξιν·
462 4163 657 4234 ἐχρῆτο
698 4162 756 4214 δὲ
791 4159 988 4230 μᾶλλον
1015 4158 1241 4229 τοιαύτη
1267 4157 1332 4211 δι’
1363 4159 1672 4228 οἰκονομίαν
1714 4158 1826 4212 ἔσθ’

249 4260 363 4321 ὅτε,
410 4256 552 4327 ἥπερ
603 4254 669 4307 ἂν
700 4252 900 4324 πρέποι
945 4248 1064 4320 Θεῷ
1107 4266 1166 4301 τε
1213 4248 1347 4320 ὁμοῦ
1391 4249 1487 4303 καὶ
1532 4248 1822 4321 ἀνθρώπῳ.

250 4350 361 4403 Καὶ
404 4347 513 4417 γὰρ
544 4342 612 4417 ἦν
637 4345 805 4406 ὅντως
842 4342 982 4397 κατά
1015 4340 1212 4395 ταυτὸν
1243 4342 1527 4411 ἀμφότερα
1552 4357 1566 4371 ·
1616 4336 1695 4405 εἷς
1728 4343 1826 4413 μὲν

2012 2704 2185 2775 Igitur
2225 2718 2238 2753 :
2273 2702 2462 2768 Amen,
2510 2718 2658 2755 amen
2705 2703 2825 2756 dico
2868 2703 3030 2768 vobis,
3072 2720 3175 2758 non
3209 2714 3398 2771 potest,
3430 2704 3519 2760 in-

1941 2797 2082 2866 quit,
2113 2792 2287 2848 Filius
2329 2811 2363 2847 a
2399 2809 2453 2847 se
2483 2794 2657 2861 facere
2682 2795 2992 2864 quidquam,
3022 2795 3125 2849 nisi
3152 2795 3291 2864 quod
3330 2796 3517 2853 viderit

1942 2885 2159 2939 Patrem
2184 2885 2497 2954 facientem:
2536 2899 2858 2955 qua'cuuque
2886 2884 3026 2938 enim
3050 2885 3139 2938 ille
3166 2886 3369 2953 fecerit,
3406 2886 3517 2941 lucc

1938 2987 1987 3031 et
2021 2975 2194 3029 Filius
2222 2975 2469 3028 similiter
2501 2973 2657 3043 facit.
2694 2972 2891 3029 Cernis
2925 2982 2985 3027 ut
3013 2974 3180 3029 etiam
3215 2990 3310 3044 per
3348 2976 3516 3031 abso-

1939 3068 2267 3122 lutissimum
2300 3080 2532 3135 cperum
2586 3064 2932 3120 identitatem
2982 3064 3218 3121 similem
3259 3081 3319 3121 se
3368 3065 3516 3121 Patri

1941 3160 1998 3213 in
2027 3158 2288 3213 omnibus
2320 3156 2579 3219 ostendit,
2620 3164 2678 3209 ut
2720 3172 2816 3226 per
2871 3156 2976 3210 hoc
3013 3166 3162 3212 certe
3195 3157 3519 3213 substantia

1939 3265 2161 3320 quoque
2185 3247 2367 3302 Patris
2402 3247 2576 3301 haeres
2615 3255 2897 3316 appareat.
2933 3245 3188 3301 Salvator
3225 3247 3371 3302 enim
3401 3248 3518 3304 bam

1939 3339 2033 3401 ait,
2086 3337 2245 3407 «μιεεί
2275 3338 2594 3391 necessario
2615 3345 2671 3391 et
2706 3336 2849 3391 citra
2879 3338 3315 3392 controversiam
3352 3338 3513 3394 intel-

1938 3430 2190 3502 ligendus
2222 3428 2295 3485 sit
2324 3428 2467 3484 Deus
2494 3427 2798 3485 secundum
2833 3438 3085 3483 naturam
3107 3429 3397 3494 exsistere,
3424 3431 3514 3485 cui

1936 3523 2166 3594 aequalis
2193 3522 2267 3577 sit
2293 3536 2418 3576 cum
2452 3520 2567 3576 Deo
2587 3528 2642 3576 et
2668 3520 2831 3590 220
2852 3519 3013 3576 Patre
3042 3521 3314 3591 operatio.
3343 3520 3517 3577 Nemo

1937 3628 2115 3673 autem
2155 3615 2587 3680 scandalizetur,
2623 3631 2748 3670 cum
2797 3631 2892 3686 per
2918 3614 3390 3684 dispensationem
3430 3616 3514 3670 di-

1936 3725 2060 3765 cere
2086 3710 2303 3764 videtur
2327 3707 2502 3761 Filius
2531 3721 2640 3761 non
2664 3722 2829 3776 posse
2859 3721 2888 3760 a
2909 3721 2966 3761 se
2986 3705 3164 3761 facere
3188 3708 3513 3778 quidquam,

1934 3801 2043 3856 nisi
2091 3801 2240 3871 quod
2289 3799 2492 3855 viderit
2539 3797 2759 3853 Patrem
2812 3796 3146 3853 facientem:
3204 3813 3326 3852 nam
3383 3800 3513 3870 quia

1936 3895 2079 3950 servi
2114 3893 2345 3948 formam
2371 3891 2673 3960 assumpsit
2695 3890 2836 3954 “°“,
2869 3898 2923 3944 et
2952 3889 3115 3944 homo
3147 3889 3325 3946 factus
3353 3900 3438 3945 est
3465 3892 3513 3923 “

1933 3994 2157 4054 propter
2193 3984 2381 4038 carnis
2412 3981 2885 4050 coniunctionem,
2914 3995 3023 4034 non
3054 3995 3271 4049 semper
3291 3996 3355 4035 ea
3389 3997 3513 4051 quae

1934 4076 2045 4131 Deo
2104 4074 2364 4129 convenit
2415 4074 2668 4129 libertate
2720 4080 2888 4142 atque
2936 4072 3265 4128 auctoritate
3318 4074 3373 4127 in
3432 4073 3512 4127 lo-

1933 4166 2152 4237 quendo
2190 4166 2471 4231 utebatur,
2514 4165 2647 4235 quin
2679 4165 2865 4235 potius
2906 4179 3003 4234 per
3038 4164 3508 4234 dispensationem

1932 4272 2053 4311 eam
2099 4257 2369 4311 interdum
2412 4256 2727 4321 adhibebat,
2771 4270 2893 4325 qua:
2944 4254 3054 4310 Deo
3084 4256 3294 4325 pariter
3321 4267 3376 4312 et
3404 4257 3509 4312 ho-

1934 4348 2070 4403 mini
2096 4347 2404 4403 conveniat.
2438 4346 2567 4400 Erat
2588 4346 2736 4402 enim
2771 4354 3068 4416 utrumque
3100 4346 3265 4402 simul
3294 4363 3505 4405 revera.

249 4442 317 4512 δὴ
345 4441 504 4509 λόγος
524 4432 679 4499 οὗτος
704 4434 929 4505 ἀληθήςσ
953 4428 1107 4503 οἶμαι
1135 4433 1192 4485 δὲ
1216 4433 1326 4485 δεῖν
1348 4433 1442 4485 καὶ
1470 4432 1640 4503 ἑτέρῳ
1664 4433 1825 4487 πάλιν

1936 4439 2059 4494 Haec
2097 4440 2317 4510 quidem
2356 4438 2611 4493 doctrina
2655 4452 2783 4493 vera
2825 4445 2943 4503 est;
2995 4439 3090 4493 sed
3134 4438 3243 4493 alio
3289 4455 3509 4511 quoque

249 4528 633 4599 ἐπεξηγεῖσθαι
685 4525 871 4596 τρόπῳ
901 4523 963 4576 τὸ
1009 4523 1391 4593 προκείμενον,
1437 4524 1529 4575 καὶ
1573 4522 1825 4593 ὀξύτερόν

250 4640 368 4686 me;
400 4624 467 4691 τῇ
497 4619 590 4673 τοῦ
618 4618 969 4689 θεωρήματος
1000 4615 1255 4686 ἀκριϐείᾳ
1285 4614 1662 4685 προσϐάλλειν.
1705 4634 1723 4665 ι
1748 4615 1823 4668 Οὐ

249 4714 496 4773 δύναται,
518 4730 535 4762 ι
571 4709 756 4778 φησὶν,
782 4726 799 4759 ι
823 4704 988 4768 erit;
1013 4708 1186 4757 ποιεῖν
1204 4702 1296 4773 ἀφ’
1325 4702 1518 4756 ἑαυτοῦ
1545 4702 1823 4765 οὐδὲν,ὲάν

246 4783 396 4875 μήτι
418 4802 592 4872 βλέπῃ
608 4801 696 4853 τὸν
713 4799 930 4868 Πατέρα
946 4796 1221 4851 ποιοῦντα.
1248 4814 1266 4846 ι
1290 4794 1381 4859 Τὸ,
1407 4814 1424 4844 ι
1446 4795 1507 4847 οὐ
1533 4794 1774 4859 δύναται,
1799 4812 1816 4845 ι

249 4898 369 4965 ἦτοι
397 4894 456 4946 τὸ
484 4893 741 4946 ἀδύνατον
762 4891 1145 4961 κατηγορεῖται
1166 4886 1347 4949 τινῶν,
1379 4887 1497 4955 ἤτοι
1526 4885 1634 4939 τῶν
1656 4885 1823 4940 ὄντων

246 4986 391 5037 τισὶν
422 4983 755 5053 ἐπιφέρεται.
794 4980 964 5034 Τοῦτο
1009 4980 1117 5050 γὰρ
1158 4979 1242 5048 δὴ,
1274 4977 1334 5030 τὸ
1377 4976 1820 5048 κατηγορεῖσθαι,

247 5074 449 5144 φαμὲν,
484 5074 605 5142 οὐχὶ
636 5073 854 5133 πάντως
886 5071 1163 5140 ἀνάγκης,
1218 5069 1339 5122 οὐδὲ
1384 5068 1665 5131 ἀσθενείας
1706 5069 1823 5121 ἐστὶ

246 5165 602 5235 σημαντικόν·
631 5164 870 5216 διδάσκει
889 5162 945 5215 δὲ
972 5160 1228 5223 πολλάκις
1254 5161 1348 5213 καὶ
1377 5160 1591 5229 φύσεων
1614 5161 1819 5231 ἑδραιό-

244 5273 408 5326 τητα,
454 5256 549 5309 καὶ
593 5254 790 5307 οὐσιῶν
821 5253 1116 5323 ἀκλόνητον
1161 5253 1370 5316 στάσιν,
1405 5251 1505 5323 τὴν
1548 5253 1632 5320 ἐφ’
1676 5247 1820 5323 οῖςῆ

244 5350 415 5410 ἐστιν,
440 5347 474 5417 ἢ
494 5348 718 5416 γέγονεν
742 5347 941 5417 ἑκάστη
964 5344 1071 5397 τῶν
1100 5345 1532 5415 σημαινομένων,
1560 5344 1653 5397 καὶ
1678 5343 1822 5413 ἀπερ

241 5437 352 5493 οἶδε
389 5439 627 5510 φυσικῶς
674 5457 734 5493 τε
779 5438 872 5492 καὶ
909 5438 1262 5509 ἀμεταθέτως
1304 5440 1564 5508 ἐνεργεῖν.
1611 5435 1819 5489 Ἠκέτω

239 5532 321 5600 δὲ,
351 5535 400 5587 ει
426 5532 591 5594 δοκεῖ,
632 5532 726 5587 καὶ
757 5531 843 5584 διὰ
884 5530 1337 5601 παραδειγμάτων
1371 5532 1398 5583 6
1433 5530 1609 5597 λόγος.
1647 5529 1817 5580 Ὅταν

1932 4530 2097 4585 modo
2144 4545 2257 4584 rem
2295 4531 2633 4600 propositam
2685 4528 2912 4599 insuper
2957 4529 3508 4599 explicandam-esse

1930 4637 2076 4688 reor,
2117 4628 2172 4678 et
2202 4622 2420 4675 acutius
2450 4620 2599 4676 illius
2643 4620 3005 4676 theorematis
3043 4622 3317 4677 rationem
3354 4624 3502 4678 intu-

1930 4712 2148 4768 endam.
2183 4730 2200 4764 ι
2226 4711 2343 4768 Non
2377 4720 2579 4782 petest,
2630 4732 2647 4765 ι
2679 4712 2882 4783 inquit,
2911 4730 2928 4762 ι
2967 4711 3136 4768 Filius
3161 4728 3189 4767 a
3231 4730 3290 4769 se
3325 4713 3505 4771 facere

1931 4803 2253 4874 quidquam,
2283 4803 2387 4857 nisi
2423 4804 2568 4874 quod
2615 4803 2816 4858 viderit
2855 4802 3071 4858 Patrem
3126 4803 3436 4860 facientem.
3479 4825 3497 4857 ι

1930 4894 2069 4949 Illud
2104 4915 2122 4948 ι
2162 4893 2281 4949 Non
2314 4903 2516 4965 potest,
2566 4915 2585 4947 ι
2622 4896 2736 4951 sive
2774 4896 3098 4965 impossibile
3142 4907 3241 4961 est,
3271 4897 3339 4952 de
3377 4901 3499 4965 qui-

1931 4985 2162 5040 busdam
2187 4985 2538 5055 praedicatur,
2563 4987 2679 5042 sive
2711 4987 2994 5043 nonnullis
3018 4988 3187 5043 rebus
3219 4988 3498 5041 tribuitur.

1929 5076 2064 5132 Illud
2090 5080 2257 5141 enim,
2292 5079 2603 5148 praedicari,
2635 5096 2741 5134 non
2773 5081 2962 5150 utique
2989 5081 3373 5135 necessitatem
3406 5089 3501 5134 aut

1928 5167 2358 5223 imbecillitatem
2402 5169 2719 5239 signiﬁcare
2751 5172 3006 5234 dicimus,
3043 5169 3139 5225 sed
3181 5170 3501 5240 plerumque

1926 5257 2148 5313 denotat
2185 5268 2512 5315 naturarum
2543 5262 2921 5327 stabilitatem,
2972 5268 3026 5315 et
3065 5262 3499 5318 substantiarum

1923 5358 2125 5403 statum
2157 5351 2552 5407 inconcussum
2586 5353 2768 5422 quoad
2799 5352 3127 5420 essentiam,
3168 5361 3223 5408 et
3273 5364 3500 5408 natura-

1927 5439 2031 5495 lem
2084 5449 2251 5511 atque
2290 5442 2688 5500 immutabilem
2736 5445 3107 5513 operationem
3144 5445 3497 5516 uniuscujus-

1925 5546 2047 5600 que.
2069 5532 2196 5597 Sed,
2227 5533 2271 5589 si
2298 5533 2472 5603 juvat,
2507 5535 2671 5590 etiam
2697 5534 2964 5606 exemplis
2993 5550 3108 5591 rem
3140 5536 3495 5609 explicemus.

302 5793 355 5829 ³⁹
382 5792 542 5852 Joan.
575 5811 604 5850 χ
629 5837 643 5861 ,
678 5794 765 5853 50.
845 5796 892 5829 ⁸⁸
921 5794 1080 5851 Joan.
1113 5812 1225 5865 xxv,
1256 5796 1310 5852 9.
1383 5798 1501 5831 δυ’
1532 5796 1729 5869 Philip.
1773 5812 1809 5852 ιι

2014 5799 2059 5832 ⁸³
2083 5799 2239 5855 Joan.
2276 5816 2313 5867 I,
2349 5801 2434 5857 14.
