4102 6526
663 383 769 439 550

1679 384 1737 438 S.
1775 383 2053 439 CYRILLI
2092 381 2563 440 ALEXANDRINI
2600 382 2917 439 ARCIIIEP.
3778 400 3862 458 δα)

665 496 723 551 Si
749 496 891 567 quis,
937 496 1170 565 exempli
1204 496 1402 566 gratia,
1450 495 1602 551 dicat
1630 512 1689 552 se
1724 513 1830 552 non
1871 514 2033 568 posse
2061 513 2227 569 grave
2256 509 2285 563 Α

2256 509 2301 563 Α
2328 500 2611 571 ἄνθρωπος
2638 499 2769 573 εἴπῃ
2791 500 2972 571 τυχὸν,
3017 500 3199 573 άπηχύ
3229 519 3287 555 τε
3325 504 3437 575 lla.
3464 503 3688 579 ἀπηχὲς]
3722 511 3858 579 εἰκὸς,

665 601 826 658 atque
876 597 1092 657 portatu
1138 588 1356 642 diflicile
1406 588 1612 659 lignum
1662 598 1898 660 gestare,
1926 605 2080 645 suam
2125 589 2231 643 im-

666 679 1018 733 becillitatem
1065 678 1269 747 prodit.
1324 677 1421 732 Sin
1457 688 1637 734 autem
1668 680 1810 736 alius
1840 681 2027 735 dicat:
2061 680 2234 735 Homo

665 768 894 821 rationis
938 781 1163 836 compos
1196 782 1317 821 cum
1350 769 1479 832 sim,
1522 778 1575 823 et
1625 769 1882 823 rationali
1931 777 2232 839 prognatus

663 868 835 927 patre,
873 873 980 911 non
1009 874 1230 928 possum
1264 858 1445 916 facere
1473 862 1753 930 proprium
1781 862 1949 916 veluti
1971 860 2231 931 quiddam

662 959 715 1003 et
755 963 785 1001 a
821 950 1051 1019 meipso,
1083 950 1229 1019 quod
1277 966 1386 1006 non
1421 952 1632 1006 videam
1680 953 1860 1009 inesse
1887 961 2099 1007 natura:
2138 951 2235 1005 Pa-

662 1041 804 1105 tris;
842 1050 975 1096 tunc
1016 1042 1149 1096 illud
1185 1060 1204 1092 ι
1242 1040 1359 1096 Non
1398 1058 1621 1113 possum
1677 1063 1695 1094 ι
1733 1044 2096 1099 substantiam
2137 1042 2232 1097 fir-

663 1148 807 1186 mam
829 1148 975 1194 esse,
999 1140 1053 1187 et
1084 1134 1281 1187 mutari
1312 1149 1421 1189 non
1453 1150 1613 1205 pos:e
1638 1136 1693 1189 in
1722 1137 1868 1190 aliud
1894 1136 1961 1190 ab
1990 1151 2056 1190 eo
2085 1136 2230 1204 quod

664 1229 769 1283 est,
797 1221 1091 1291 significat.
1128 1221 1244 1276 Non
1279 1238 1503 1291 possum
1522 1224 1691 1287 enim,
1724 1224 1921 1293 inquit,
1959 1240 1988 1277 a
2022 1226 2231 1294 meipso

664 1329 773 1367 non
821 1328 943 1369 esse
988 1314 1190 1367 animal
1238 1315 1472 1369 rationis
1518 1329 1765 1386 compos,
1809 1316 2115 1386 profligatis
2163 1317 2230 1371 iis

662 1420 786 1475 quae
834 1413 1042 1460 natura:
1080 1406 1266 1459 insunt
1310 1406 1705 1474 praeroxativis.
1744 1405 1862 1460 Non
1898 1408 2044 1461 enim
2074 1408 2231 1462 video

667 1508 826 1561 posse
852 1493 953 1546 hoc
973 1492 1084 1561 pati
1114 1493 1166 1545 in
1196 1494 1371 1561 patris
1395 1502 1611 1546 natura.
1640 1493 1840 1549 Eodem
1864 1497 2047 1566 itaque
2069 1496 2229 1551 modo

662 1583 939 1636 Christum
987 1581 1256 1637 dicentem
1288 1583 1598 1653 intelliges:
1633 1602 1651 1636 ι
1686 1585 1802 1640 Non
1849 1597 2028 1657 potest
2058 1586 2229 1644 Filius

662 1686 692 1723 a
737 1686 796 1725 se
845 1670 1024 1726 facere
1069 1672 1396 1741 quidquam,
1434 1674 1541 1729 nisi
1575 1676 1723 1745 quod
1766 1678 1962 1732 viderit
2008 1677 2227 1735 Patrem

664 1762 978 1817 facientem.
1035 1780 1054 1814 ι
1106 1760 1284 1818 Nolite
1318 1764 1509 1830 enim,
1558 1766 1777 1835 inquit,
1826 1770 2230 1839 reprehendere

2334 591 2428 643 ml.
2454 589 2592 660 βαρὺ
2629 589 2703 661 μὴ
2724 590 2978 644 δύνασθαι
2998 589 3332 661 διακομίζειν
3358 591 3534 658 ξύλον,
3562 596 3656 665 τῆς
3676 597 3864 671 ἐνούσης

2333 681 2513 734 αὐτῶν
2542 680 2649 753 [ἵσ.
2674 679 2844 752 αὐτῷ]
2884 681 3169 747 ἀσθενείας
3200 686 3499 755 κατηγορεῖ
3524 700 3537 712 ·
3579 686 3700 739 ὅταν
3727 688 3777 741 δέ
3798 708 3863 755 τις

2332 773 2517 841 ἕτερος
2544 772 2697 845 εἴπῃ,
2734 772 3056 843 Ἀνθρωπος
3077 772 3152 826 ὣν
3179 773 3396 841 λογικὸς
3429 774 3569 827 κατὰ
3603 776 3767 845 φύσιν,
3790 782 3863 834 καὶ

2333 864 2397 916 ἐκ
2439 863 2657 932 λογικοῦ
2709 863 2851 916 κατά
2893 863 3056 933 φύσιν
3104 866 3505 935 γεγεννημένος
3551 867 3773 936 πατρὸς,
3813 872 3861 923 ού

2332 952 2566 1023 δύναμαι
2597 956 2770 1006 ποιεῖν
2798 952 2986 1024 ὥσπερ
3016 954 3145 1007 ῐδιόν
3169 972 3222 1009 τι
3251 956 3341 1009 καὶ
3366 957 3462 1009 ἀπ’
3494 958 3739 1026 ἐμαυτοῦ,
3760 958 3785 1011 δ
3803 962 3859 1032 μὴ

2335 1041 2544 1109 βλέπων
2568 1042 2950 1111 προσπεφυκὸς
2973 1046 3037 1113 τῇ
3070 1042 3164 1097 τοῦ
3189 1045 3555 1113 γεννήσαντος
3582 1044 3746 1113 φύσει,
3766 1050 3861 1101 τότε

2330 1132 2391 1184 τὸ
2418 1148 2436 1181 ι
2459 1131 2533 1183 Ού
2566 1130 2840 1201 δύναμαι»
2872 1132 2971 1201 τὴν
2996 1132 3095 1202 τῆς
3121 1133 3307 1196 οὐσίας
3340 1134 3677 1205 ἑδραιότητα,
3706 1137 3787 1190 καὶ
3814 1140 3861 1191 τὺ

2331 1224 2722 1295 ἀμετάπτωτον
2750 1226 2829 1289 εἰς
2852 1223 3040 1293 ἔτερόν
3063 1240 3118 1275 τι
3149 1222 3279 1295 παρ’
3310 1224 3449 1295 ὅπερ
3480 1224 3701 1294 ὑπάρχει
3724 1226 3858 1297 δηλοῖ.

2333 1316 2407 1369 Οὐ
2433 1314 2663 1385 δύναμαι
2706 1313 2838 1383 γὰρ,
2868 1315 3052 1383 φησὶν,
3084 1312 3181 1367 ἀπ’
3213 1312 3454 1383 ἐμαυτοῦ
3491 1312 3562 1383 μὴ
3591 1311 3719 1366 εἶναι
3752 1314 3860 1377 ζῶον

2331 1405 2566 1473 λογικὸν,
2610 1404 2719 1458 τῶν
2749 1408 2814 1475 τῇ
2863 1404 3021 1473 φύσει
3069 1404 3381 1474 προσόντων
3426 1404 3862 1475 κατευμεγεθήσσς

2332 1494 2836 1567 πλεονεκτημάτων.
2863 1495 2935 1548 Οὐ
2963 1494 3071 1566 γὰρ
3095 1494 3207 1566 ὁρῶ
3232 1494 3294 1547 τὸ
3325 1494 3584 1548 δύνασθαι
3611 1495 3754 1548 τοῦτο
3780 1516 3861 1550 πα-

2331 1586 2443 1639 θεῖν
2468 1588 2525 1639 ἐν
2551 1589 2617 1657 τῇ
2647 1584 2741 1639 τοῦ
2767 1585 3014 1648 τεκόντος
3049 1584 3229 1653 φύσει.
3272 1587 3429 1639 Κατά
3462 1585 3644 1638 τοῦτον
3672 1582 3754 1640 οῦν
3778 1589 3861 1658 ἀρα

2329 1680 2420 1734 τὸν
2446 1678 2647 1751 τρόπον
2671 1677 2878 1749 ἀκούσῃ
2903 1678 3154 1746 λέγοντος
3179 1677 3274 1730 τοῦ
3304 1675 3541 1747 Χριστοῦ
3558 1692 3572 1706 ’
3611 1694 3630 1729 ι
3646 1677 3714 1729 Ού
3733 1677 3859 1732 δύνα-

2330 1789 2420 1824 ται
2441 1774 2471 1824 6
2502 1771 2627 1833 Υἱὸς
2662 1772 2835 1822 ποιεῖν
2864 1770 2958 1838 ἀφ’
2983 1767 3176 1824 ἐαυτοῦ
3214 1768 3387 1833 οὐδὲν,
3416 1768 3511 1822 ἐὰν
3544 1770 3613 1838 μή
3642 1785 3689 1821 τι
3720 1768 3861 1841 βλέπῃ

662 1869 826 1924 opera
869 1852 993 1908 Filii
1026 1871 1041 1909 :
1074 1853 1350 1909 Genitoris
1396 1857 1599 1927 quippe
1633 1860 1716 1915 sui
1749 1862 2046 1915 essentiam
2083 1861 2229 1916 velut
2260 1851 2282 1909 Ι

2260 1851 2304 1909 Β
2330 1862 2421 1915 τὸν
2451 1861 2670 1930 Πατέρα
2709 1860 2989 1915 ποιοῦντα.
3030 1879 3049 1912 ι
3100 1859 3193 1931 Μὴ
3239 1860 3532 1928 ἐπιτιμᾶτε
3577 1859 3694 1928 γὰρ,
3735 1860 3856 1929 φησὶ,

663 1947 719 2000 in
775 1946 894 2001 suis
945 1945 1378 2015 cogitationibus
1428 1949 1545 2005 sive
1591 1951 1941 2007 naturalibus
1987 1953 2229 2008 motibus

664 2037 1062 2107 contemplans,
1102 2052 1333 2107 quarum
1370 2055 1555 2095 rerum
1602 2043 1852 2112 Opificem
1897 2044 2231 2100 convenien-

664 2133 749 2181 ter
795 2144 918 2183 esse
972 2130 1139 2196 videt,
1181 2131 1281 2187 has
1343 2132 1531 2202 utique
1577 2132 1731 2201 facit,
1760 2150 1823 2191 ac
1875 2137 2014 2190 nihil
2057 2138 2229 2204 aliud,

664 2234 791 2273 cum
852 2235 960 2275 non
1017 2222 1193 2293 possit
1234 2225 1441 2294 aliquid
1489 2240 1679 2280 eorum
1730 2243 1853 2298 quae
1896 2236 2093 2298 praeter
2135 2245 2234 2285 na-

664 2318 846 2364 turam
902 2326 1056 2366 suam
1103 2322 1233 2367 sunt
1287 2315 1422 2384 pati,
1464 2325 1754 2385 pr0pterea
1803 2319 1948 2388 quod
2000 2334 2067 2373 ex
2112 2319 2232 2389 ipsa

665 2410 770 2458 est.
819 2402 1064 2473 Exempli
1094 2406 1308 2476 gratia:
1360 2414 1558 2461 natura
1608 2406 1789 2463 Patris
1849 2409 2011 2464 habet
2058 2418 2117 2464 ut
2161 2410 2235 2464 sit

666 2496 1028 2563 misericors;
1063 2497 1166 2552 hoc
1201 2505 1354 2553 certo
1388 2497 1562 2555 Filius
1602 2515 1726 2554 cum
1768 2500 1818 2555 ei
1870 2515 2091 2571 quoque
2143 2502 2233 2556 in-

666 2600 788 2641 esse
828 2587 1030 2651 videat,
1066 2595 1126 2640 ut
1175 2588 1268 2656 qui
1317 2588 1390 2643 sit
1442 2590 1510 2643 ex
1570 2589 1710 2659 ipso,
1768 2591 2096 2645 naturaliter
2129 2592 2235 2645 mi-

667 2680 905 2734 sericors
935 2687 1038 2741 est,
1072 2694 1174 2735 nec
1203 2688 1384 2750 potest
1422 2680 1570 2735 aliud
1611 2696 1734 2736 esse
1758 2697 1922 2753 quam
1956 2684 2103 2753 quod
2142 2684 2233 2738 illa

665 2770 823 2838 22],
857 2776 963 2823 est.
995 2768 1168 2825 liabet
1210 2770 1356 2823 enim
1393 2784 1459 2825 ex
1492 2769 1672 2835 Patre,
1710 2780 1769 2825 ut
1818 2774 2133 2836 essentiam,
2161 2773 2234 2827 ita

666 2875 884 2931 quoque
940 2860 1191 2915 essentia;
1231 2860 1371 2915 bona
1408 2877 1421 2914 :
1465 2860 1787 2930 simpliciter
1832 2862 2131 2928 nimirum,
2181 2871 2237 2917 et

665 2947 804 3006 citra
851 2951 1326 3021 compositionem,
1376 2961 1435 3006 ut
1468 2950 1913 3022 Deuszideoque
1960 2953 2237 3022 sapienter

668 3042 854 3098 statim
907 3042 1130 3111 subiicit
1163 3056 1178 3093 :
1210 3059 1228 3091 ι
1263 3040 1614 3111 Quaecunque
1667 3043 1811 3096 enim
1872 3042 1963 3096 ille
2009 3040 2234 3104 fecerit,

668 3134 784 3188 haec
821 3140 876 3187 et
910 3131 1082 3187 Filius
1110 3131 1360 3186 similiter
1393 3132 1544 3196 facit,
1587 3151 1605 3183 ι
1640 3141 1828 3196 lotam,
1854 3141 1914 3187 ut
1936 3134 1990 3187 in
2022 3147 2234 3187 summa

2330 1954 2443 2014 τοῖς
2467 1949 2650 2022 ἔργοις
2675 1949 2768 2003 τοῦ
2795 1947 2927 2003 Υἰοῦ
2954 1966 2968 1980 ·
3012 1948 3110 2019 τὴν
3133 1948 3240 2019 γάρ
3259 1947 3352 2000 τοῦ
3377 1947 3621 2009 τεκόντος
3640 1947 3781 2000 αὑτὸν
3802 1948 3861 2010 ὡς

2331 2045 2388 2097 ἐν
2413 2043 2569 2108 ἰδίαις
2587 2043 2833 2109 ἐννοίαις,
2858 2044 2971 2113 ἢτοι
2998 2043 3242 2111 φυσικοῖς
3263 2041 3560 2111 κινήμασιν
3582 2039 3859 2110 ἀναθεωρῶν

2331 2136 2539 2202 οὐσίαν,
2559 2128 2740 2206 ὦνπερ
2752 2135 2817 2188 ἂν
2834 2134 2933 2187 ῐδοι
2952 2132 3265 2204 πρεπόντως
3280 2131 3505 2201 ἐργάτιν
3535 2129 3710 2199 αὐτὴν,
3722 2129 3861 2182 ταῦτα

2331 2229 2396 2300 δὴ
2413 2229 2758 2301 πράττει,καὶ
2772 2227 2955 2298 ἕτερον
2968 2225 3139 2288 οὐδὲν,
3153 2223 3343 2278 παθεῖν
3358 2242 3415 2277 τι
3428 2222 3540 2277 τῶν
3560 2220 3700 2291 παρά
3713 2221 3858 2289 φύσιν,

2332 2318 2419 2372 διὰ
2441 2317 2504 2370 τὸ
2530 2316 2592 2381 ἐξ
2607 2315 2778 2386 αὐτῆς
2804 2314 3089 2385 ὑπάρχειν,
3110 2314 3171 2366 οὑ
3193 2312 3513 2383 δυνάμενος.
3532 2306 3669 2377 Οἷον,
3696 2311 3792 2380 ἔχει
3814 2309 3860 2363 τὺ

2335 2408 2509 2461 θέλειν
2531 2407 2703 2460 ἐλεεῖν
2720 2408 2753 2476 ή
2775 2405 2868 2458 τοῦ
2894 2405 3104 2477 Πατρὸς
3136 2403 3296 2474 φύσις
3317 2420 3330 2433 ·
3376 2404 3536 2457 τοῦτο
3567 2402 3628 2473 δὴ
3655 2403 3738 2455 καὶ
3763 2403 3860 2455 ἐνυ-

2335 2498 2543 2569 πάρχον
2570 2498 2706 2568 αύτῇ
2743 2496 2963 2567 θεωρῶν
2984 2497 3012 2549 6
3049 2496 3194 2559 Υἱὸς,
3232 2496 3307 2559 ὡς
3339 2493 3403 2559 ἐξ
3439 2493 3623 2559 αὑτοῦ,
3658 2494 3859 2563 φυσικῶς

2335 2589 2579 2660 ἐλεήμων
2603 2588 2771 2651 ἐστὶν,
2788 2589 2849 2640 οὐ
2869 2586 3162 2657 δυνάμενος
3175 2586 3261 2638 ἐστε
3271 2586 3359 2656 ρόν
3375 2602 3431 2639 τι
3455 2587 3583 2656 παρ’
3602 2586 3725 2653 ὅπερ
3744 2583 3860 2636 ἐστὶν

2335 2679 2518 2749 ἐκείνη
2545 2678 2816 2747 γενέσθαι.
2855 2677 3007 2747 Ἔχει
3049 2678 3158 2749 γάρ
3193 2679 3257 2730 ἐκ
3290 2677 3526 2747 Πατρδς,
3568 2676 3739 2746 ὥσπερ
3782 2676 3859 2745 τὴν

2335 2770 2541 2832 οὐσίαν,
2577 2768 2717 2823 οὑτω
2744 2770 2838 2823 καὶ
2887 2769 2956 2822 τὰ
3004 2769 3102 2839 τῆς
3147 2768 3335 2832 οὐσίας
3386 2768 3598 2837 ἀγαθόν
3637 2766 3861 2829 ἀπλῶςδέ

2335 2859 2493 2929 δῆλον
2525 2861 2606 2914 ὅτι
2638 2861 2731 2913 καὶ
2755 2859 3060 2921 ἀσυνθέτως
3090 2859 3165 2922 ὼς
3208 2858 3372 2922 Θεόςο
3407 2857 3575 2911 διάτοι
3608 2855 3750 2909 τοῦτο
3772 2856 3861 2916 τοῖς

2336 2952 2573 3024 πρώτοις
2598 2952 2837 3019 ἐπιλέγει
2869 2951 3047 3021 σοφῶς
3067 2966 3082 2981 ·
3113 2969 3132 3002 ι
3168 2952 3236 3003 "A
3276 2951 3385 3019 γὰρ
3430 2949 3495 3003 ἂν
3527 2949 3716 3009 ἐκεῖνος
3739 2947 3858 3013 ποιῇ,

2334 3044 2507 3099 ταῦτα
2530 3044 2623 3098 καὶ
2643 3046 2671 3097 6
2696 3044 2826 3107 Υἱὸς
2853 3043 3052 3114 ὁμοίως
3074 3045 3266 3095 ποιεῖ’»
3291 3042 3443 3112 ὃλην,
3470 3040 3541 3103 ὼ..
3570 3040 3688 3101 ἔπος
3703 3038 3856 3097 εἰπεῖν,

2335 3137 2435 3208 τὴν
2468 3135 2744 3206 περίνοιαν
2782 3134 2876 3187 τοῦ
2932 3134 3005 3205 μὴ
3048 3132 3309 3187 δύνασθαι
3353 3136 3529 3186 ποιεῖν
3577 3132 3663 3199 ἀφ’
3702 3127 3858 3183 ἐαυτοῦ

666 3222 872 3288 dicam,
912 3221 1362 3291 signiﬁcationem
1393 3221 1585 3276 borum
1614 3222 1927 3284 verborum,
1946 3236 2051 3278 non
2076 3237 2236 3291 posse
2262 3193 2286 3251 ί

2262 3193 2304 3251 c
2340 3193 2653 3297 μηδὲν,“ἐὰν
2689 3226 2762 3297 μή
2799 3242 2853 3277 τι
2890 3193 3182 3297 βλέπῃγτὸν
3226 3223 3447 3294 Πατέρα
3481 3193 3737 3288 ποιοῦντα,
3763 3237 3859 3273 συν-

668 3328 701 3368 a
759 3315 1051 3382 semetipso
1101 3311 1282 3368 facere
1326 3312 1649 3382 quidquam,
1697 3313 1806 3367 nisi
1836 3313 1985 3383 quod
2035 3313 2238 3369 viderit

665 3403 885 3460 Patrem
919 3402 1230 3466 facientem,
1260 3403 1351 3456 hic
1395 3402 1683 3471 colligens.
1716 3401 1869 3467 Quod
1905 3402 1954 3457 si
1986 3416 2234 3467 causam,

666 3496 739 3549 ob
775 3510 938 3564 quam
963 3494 1077 3547 haec
1110 3493 1281 3548 Filius
1306 3493 1459 3558 dicit,
1493 3493 1769 3570 inquiras,
1812 3495 2124 3550 accuratius
2155 3495 2239 3549 di-

667 3586 775 3641 ctis
815 3587 1055 3640 animum
1096 3586 1368 3641 advertes.
1401 3584 1571 3655 Igitur
1598 3585 1859 3654 quoniam
1885 3585 1974 3642 die
2011 3587 2234 3642 Sabbati

670 3677 955 3747 paralytici
987 3678 1244 3733 misertus
1260 3686 1398 3739 erat,
1440 3675 1611 3732 Judmi
1641 3677 1818 3746 ipsum
1841 3678 2097 3733 insectari
2126 3693 2239 3732 cm-

669 3774 909 3836 perunt:
945 3766 1038 3821 sed
1087 3765 1338 3821 Christus
1391 3781 1486 3821 eos
1523 3764 1878 3831 iconfundit,
1940 3765 2237 3820 ostendens

669 3856 840 3911 Deum
866 3871 930 3910 ac
956 3855 1170 3912 Patrem
1217 3858 1463 3912 misereri
1495 3858 1756 3913 Sabbato.
1795 3855 1908 3911 Nec
1940 3858 2084 3911 enim
2113 3870 2238 3926 pro-

669 3948 905 4003 hibenda
938 3948 1152 4003 censuit
1174 3964 1295 4018 quae
1317 3949 1382 4002 ad
1401 3949 1631 4003 salutem
1655 3956 1900 4004 nostram
1922 3946 2235 4002 conferunt.

669 4037 738 4092 Et
761 4047 907 4093 certe
936 4039 1093 4093 initio
1115 4038 1286 4092 dixit:
1312 4057 1330 4090 ι
1353 4038 1516 4092 Pater
1537 4054 1691 4093 meus
1724 4054 1899 4108 usque
1922 4038 2085 4092 modo
2102 4052 2235 4107 ope-

667 4141 845 4195 ratur,
896 4141 949 4186 et
1013 4145 1113 4199 ego
1171 4145 1389 4199 operor.
1428 4149 1447 4181 ›
1481 4129 1588 4183 Sed
1619 4131 1876 4199 quoniam
1926 4145 2037 4199 pra:
2066 4131 2237 4184 multa

666 4222 915 4281 vecordia
948 4228 1170 4291 gravate
1215 4221 1329 4274 haec
1368 4222 1511 4275 ferre
1539 4220 1883 4281 videbantur,
1903 4220 2087 4275 subdit
2112 4235 2238 4275 rur-

668 4329 789 4369 sum
817 4328 831 4366 :
869 4332 888 4363 ι
926 4311 1043 4367 Νοη
1072 4318 1251 4383 potest
1276 4310 1448 4365 Filius
1477 4326 1509 4364 a
1552 4312 1844 4381 semetipso
1874 4309 2058 4365 facere
2080 4310 2241 4379 quid-

667 4418 853 4472 quam,
898 4402 1002 4456 nisi
1047 4400 1191 4469 quod
1245 4401 1443 4455 viderit
1481 4399 1696 4453 Patrem
1740 4398 2052 4454 facientem.
2077 4398 2240 4464 Quae-

2337 3315 2484 3384 άγων
2512 3315 2569 3370 ἐν
2601 3314 2830 3378 τούτοις.
2876 3314 3350 3384 Ἀναλογιζόμενος
3377 3314 3435 3366 δὲ
3458 3313 3557 3383 τὴν
3583 3312 3763 3375 αἰτίαν,
3791 3309 3858 3378 ἐφ’

2337 3399 2371 3480 ᾖ
2403 3407 2472 3459 τὰ
2499 3405 2721 3461 τοιαῦτά
2760 3421 2923 3477 φησιν
2967 3406 2996 3458 6
3030 3406 3178 3473 Υἱὸς,
3213 3404 3600 3475 ἀκριϐέστερον
3630 3406 3730 3465 τοῖς
3754 3400 3859 3471 παρ’

2336 3495 2516 3550 αὐτῶν
2548 3495 2856 3567 εἰρημένοις
2909 3496 3225 3565 ἐπιστήσεις
3248 3495 3340 3547 τὸν
3364 3494 3510 3547 νοῦν.
3535 3492 3727 3548 Οὐκοῦν
3745 3494 3860 3543 ἐπει-

2335 3586 2510 3657 δήπερ
2566 3587 2623 3639 ἐν
2670 3586 2851 3657 ἡμέρα
2888 3585 3169 3639 Σα66ἀτου
3221 3585 3313 3638 τὸν
3351 3584 3665 3655 παράλυπον
3721 3580 3856 3650 ἠλέει,

2335 3676 2550 3729 διώκειν
2595 3675 2757 3729 αὑτὸν
2812 3677 3129 3747 ἐπεχείρουν
3173 3677 3223 3731 οἱ
3264 3676 3541 3728 Ἰουδαῖοι·
3583 3667 3859 3725 δυσωπεῖ·δέ

2337 3769 2535 3831 αὐτοὺς
2581 3770 2609 3822 6
2656 3767 2911 3839 Χριστὸς,
2970 3767 3223 3820 ἐλεοῦντα
3271 3767 3487 3827 δεικνὺς
3524 3764 3612 3817 τὸν
3648 3761 3763 3813 Θεὸν
3787 3758 3859 3812 καὶ

2337 3861 2555 3931 Πατέρα
2587 3861 2728 3914 κατά
2774 3861 2834 3914 τὸ
2877 3859 3173 3913 Σάϐϐατον.
3207 3859 3282 3912 Οὑ
3320 3859 3429 3929 γὰρ
3470 3856 3617 3928 ᾠήθη
3641 3854 3737 3905 δεῖν
3759 3852 3858 3903 ἅτ»

2337 3953 2578 4007 κωλῦσαί
2610 3968 2739 4004 ποτε
2779 3951 2846 4005 τὰ
2891 3952 2990 4004 ὅσα
3035 3952 3139 4023 πέρ
3174 3952 3320 4003 ἐστιν
3361 3951 3443 4012 εἰς
3496 3947 3747 4017 σωτηρίαν
3780 3941 3858 4010 τὴν

2338 4042 2609 4116 ἡμετέραν
2651 4043 3019 4096 συντείνοντα.
3055 4043 3165 4095 Καὶ
3207 4042 3271 4111 δὴ
3307 4041 3403 4093 καὶ
3440 4040 3666 4109 ἔφασκεν
3698 4037 3747 4087 ἐν
3781 4034 3857 4100 ἀρ-

2338 4138 2487 4206 χαῖςο
2530 4153 2549 4187 ι
2599 4135 2656 4188 Ὀ
2697 4134 2888 4204 Πατήρ
2939 4151 3040 4203 μου
3091 4133 3196 4195 ἕως
3234 4134 3357 4203 ἄρτι
3398 4132 3697 4202 ἐργάζεται,
3734 4122 3854 4191 κάγὼ

2338 4226 2661 4297 ἐργάζομαι.
2699 4242 2717 4276 ι
2747 4223 2964 4292 Ἐπειδὴ
2994 4223 3050 4275 δέ
3074 4224 3166 4275 καὶ
3187 4222 3545 4291 ἀσχάλλοντες
3564 4219 3689 4289 πρὸς
3718 4215 3853 4268 ταῦτα

2337 4317 2423 4370 διὰ
2441 4316 2638 4387 πολλὴν
2654 4315 2933 4383 ἐφαίνοντο
2954 4313 3288 4380 δυσϐουλίαν,
3320 4314 3562 4381 ἐπιλέγει
3588 4310 3746 4363 πάλιν
3776 4304 3852 4357 (οὺ

2338 4407 2558 4460 δύναται
2609 4408 2637 4459 6
2664 4406 2789 4469 Υίὸς
2824 4408 2997 4458 ποιεῖν
3050 4406 3143 4473 ἀφ’
3172 4406 3366 4458 ἐαυτοῦ
3415 4405 3588 4465 οὐδὲν,
3622 4401 3708 4454 ἐὰν
3733 4399 3793 4470 μή
3814 4412 3853 4447 τι

669 4505 886 4557 cunque
914 4490 1057 4544 enim
1087 4490 1176 4543 ille
1193 4489 1340 4555 facit,
1360 4490 1475 4544 haec
1500 4497 1554 4544 et
1580 4489 1751 4544 Filius
1776 4488 2030 4543 similiter
2053 4487 2231 4542 facit»
2270 4513 2289 4568 ι

2270 4513 2312 4568 ι)
2343 4499 2515 4570 βλέπῃ
2544 4497 2634 4549 τὸν
2661 4495 2880 4567 Πατέρα
2907 4495 3181 4548 ποιοῦντα.
3217 4496 3282 4547 "A
3306 4496 3418 4565 γὰρ
3433 4494 3497 4548 ἂν
3521 4495 3710 4552 ἐκεῖνος
3735 4486 3851 4555 ποιῇ.

669 4582 937 4649 Quoniam
976 4581 1121 4635 enim
1159 4579 1320 4635 Pater
1354 4596 1464 4635 non
1510 4588 1746 4644 recusat,
1784 4579 1982 4649 inquit,
2012 4579 2067 4633 in
2106 4576 2240 4634 Sab-

675 4676 803 4729 bato
822 4673 1090 4737 misereri,
1110 4688 1235 4727 cum
1253 4688 1377 4727 eum
1410 4687 1802 4743 usquequaque
1829 4670 2236 4726 misericordem

671 4782 796 4822 esse
826 4765 1060 4828 videam,
1092 4765 1298 4819 idcirco
1327 4765 1489 4819 etiam
1522 4780 1623 4836 ego
1647 4778 2040 4834 usquequaque
2071 4763 2237 4819 mise-

673 4872 817 4917 reor,
847 4855 941 4926 qui
970 4854 1150 4909 Patris
1178 4856 1470 4910 essentiam
1499 4857 1554 4910 in
1580 4857 1789 4926 meipso
1809 4855 2100 4911 immutare
2125 4870 2236 4911 non

672 4964 921 5019 possum,
962 4947 1037 5001 ita
1072 4957 1131 5000 ut
1166 4961 1272 5001 non
1304 4946 1486 5001 videar
1507 4954 1562 5002 et
1599 4947 1701 5002 sim
1738 4947 1883 5011 talis,
1917 4947 2096 5017 qualis
2124 4947 2241 5017 ipse

672 5048 756 5094 est
790 5040 1090 5095 secundum
1115 5047 1386 5092 naturam.
1412 5037 1766 5107 Quaecunque
1781 5038 1927 5093 enim
1954 5037 2075 5107 ejus
2112 5046 2240 5094 sunt

670 5145 893 5199 operor,
926 5140 983 5182 ut
1007 5130 1280 5185 exsistens
1313 5144 1378 5184 ex
1419 5129 1563 5197 ipso.
1591 5128 1782 5182 Dicere
1812 5136 1992 5183 autem
2017 5128 2219 5184 Patren

671 5236 838 5290 opera
865 5221 1016 5290 prius
1073 5220 1353 5283 inchoare,
1410 5228 1652 5275 extrema
1682 5234 1789 5273 non
1824 5228 1975 5274 caret
1998 5220 2215 5275 inscitia

674 5312 958 5377 Quomodo
983 5315 1129 5366 enim
1165 5313 1280 5380 ipse
1319 5312 1545 5367 seorsim
1581 5326 1644 5366 ac
1691 5312 1842 5368 solus
1874 5312 2217 5367 inchoaverit

675 5417 797 5454 cum
826 5401 1002 5455 virtus
1024 5402 1143 5470 ejus
1170 5416 1276 5470 qua
1300 5404 1355 5455 in
1375 5401 1637 5456 omnibus
1666 5411 1925 5470 Operatur
1951 5402 2023 5456 sit
2044 5401 2237 5467 Filius,

674 5491 766 5560 qui
799 5490 869 5545 ab
921 5499 1125 5546 :eterno
1173 5492 1394 5561 quidem
1442 5490 1493 5545 ei
1536 5490 1699 5554 inest,
1727 5489 2063 5544 voluntatem
2114 5504 2237 5544 verc

674 5582 795 5651 ejus
832 5593 884 5637 et
913 5582 1203 5637 motionem
1227 5582 1282 5637 in
1319 5581 1530 5649 agendo
1550 5578 1828 5649 exprimit.
1848 5578 1968 5634 Jam
2001 5581 2046 5634 si
2077 5581 2240 5636 stulte

675 5672 1011 5727 contendunt
1040 5673 1215 5742 ipsum
1258 5683 1578 5742 exspectare
1625 5671 1681 5723 in
1721 5684 2053 5741 unoquoque
2078 5686 2243 5741 opere

677 5764 1008 5835 singularem
1036 5763 1216 5821 Patris
1248 5764 1643 5835 operationem,
1688 5768 1748 5817 ut
1773 5761 2025 5820 similiter
2062 5764 2241 5819 imite-

2341 4586 2508 4641 ταῦτα
2535 4586 2671 4639 καὶὸ
2702 4585 2828 4647 Υἱὸς
2846 4584 3047 4654 ὁμοίως
3084 4585 3245 4636 ποιεῖ.
3280 4601 3298 4633 ›
3330 4584 3480 4635 Ἐπεὶ
3498 4581 3603 4650 γὰρ
3622 4580 3677 4631 οὑ
3698 4590 3855 4644 παραι-

2339 4679 2538 4740 τεῖται,
2574 4676 2757 4744 φησὶν,
2804 4676 2834 4728 6
2888 4672 3077 4743 Πατὴρ
3106 4673 3273 4726 ἐλεεῖν
3300 4674 3357 4725 ἐν
3380 4671 3653 4739 Σαϐϐάτῳ,
3685 4667 3855 4737 βλέπων

2340 4767 2470 4820 ὄντα
2521 4764 2611 4819 διὰ
2669 4764 2867 4827 παντὸς
2933 4762 3377 4833 φιλοικτίρμονα,
3437 4761 3683 4833 ταύτῃτοι
3732 4751 3854 4821 κάγὼ

2340 4856 2428 4910 διὰ
2455 4856 2655 4916 παντὸς
2688 4854 2842 4917 ἐλεῶ,
2869 4852 3261 4921 καινοτομῆσαί
3306 4869 3422 4915 πως
3448 4851 3541 4903 τοῦ
3569 4846 3756 4917 Πατρὸς
3780 4842 3854 4911 τὴν

2340 4947 2526 5001 οὐσίαν
2554 4948 2611 4999 ἐν
2637 4944 2855 5014 ἐμαυτῷ
2894 4943 2968 5014 μὴ
3012 4943 3326 5012 δυνάμενος,
3357 4943 3443 4995 διὰ
3473 4941 3562 4995 τοῦ
3611 4939 3678 5011 μὴ
3705 4936 3855 5005 φαίνε-

2342 5038 2467 5092 σθαι
2496 5036 2591 5089 καὶ
2626 5031 2764 5088 εἶναι
2791 5033 3047 5095 τοιοῦτος,
3086 5033 3267 5097 ὁποῖός
3314 5034 3429 5086 ἐστι
3458 5036 3594 5086 κατά
3616 5029 3756 5098 φύσιν
3782 5025 3856 5077 at}.

2339 5128 2449 5189 τός.
2493 5123 2762 5195 Ἐνεργῶν
2800 5122 2907 5192 γὰρ
2947 5121 3185 5183 πάντως.
3213 5120 3288 5183 ὡς
3327 5118 3386 5183 ἐξ
3418 5118 3597 5182 αὑτοῦ,
3618 5116 3680 5169 τὰ
3705 5109 3853 5166 αὐτοῦ.

2340 5220 2413 5273 Τὸ
2440 5218 2496 5270 δέ
2524 5215 2702 5284 λέγειν
2726 5211 3197 5283 προκαταρκτικὸν
3225 5211 3331 5264 τῶν
3360 5210 3530 5282 ἔργων
3558 5209 3642 5262 τὸν
3678 5201 3855 5268 Πατέρα

2342 5309 2626 5380 ὑπάρχειν,
2665 5303 2902 5374 ἀμαθίας
2940 5302 3175 5372 ἐσχάτης
3221 5303 3319 5355 οὐκ
3359 5303 3589 5373 ἀμοιρεῖ,
3628 5295 3737 5357 Πῶς
3772 5291 3854 5358 γὰρ

2341 5402 2408 5455 ἂν
2434 5398 2593 5462 αὐτὸς
2626 5398 2728 5467 ἰδίᾳ
2748 5395 2840 5448 καὶ
2873 5394 3026 5465 μόνος
3049 5392 3481 5465 προκατάρξαιτό
3504 5407 3647 5451 ποτε,
3667 5386 3853 5449 δύναμιν

2340 5492 2477 5561 ἔχων
2528 5488 2612 5558 ἐφ’
2652 5487 2853 5541 ἅπασιν
2902 5483 3254 5556 ἐνεργητικὴν
3300 5482 3389 5535 τὸν
3426 5482 3583 5545 Υἱὸν,
3627 5471 3853 5561 συνυπάρξ

2341 5558 2505 5653 γοντα
2540 5581 2637 5651 μὲν
2665 5575 2846 5639 ἁῖδίως
2887 5576 3054 5647 αὐτῷ,
3087 5576 3355 5647 θελήσεως
3387 5573 3442 5627 δέ
3486 5572 3579 5640 τῆς
3609 5565 3691 5620 ἐπί
3714 5578 3759 5615 τι
3781 5558 3853 5653 καὶ

2344 5672 2606 5743 κινήσεως
2625 5672 2720 5739 τῆς
2740 5670 2861 5721 κατ’
2883 5667 3159 5738 ἐνέργειαν
3175 5667 3272 5736 τὴν
3290 5665 3379 5719 ἐπί
3397 5679 3532 5717 τισιν
3560 5647 3849 5725 ἐκφαντικόν.

2342 5763 2454 5817 Καὶ
2485 5764 2534 5816 εἰ
2559 5759 2870 5832 περιμένειν
2911 5759 3069 5813 αὑτὸν
3097 5758 3191 5829 τὴν
3236 5760 3320 5827 ἐφ’
3350 5756 3558 5825 ἑκάστῳ
3589 5749 3686 5803 τῶν
3700 5744 3853 5814 ,ἔργων
