4102 6548
244 433 333 488 5M
1244 434 1311 490 IN
1334 434 1622 494 JOANNIS
1661 432 2110 491 EVANGELIUM
2173 434 2301 490 LIB.
2360 435 2423 489 ll.

3376 439 3482 495 36?.

243 545 402 616 ιδικὴν
437 544 716 615 ἐνέργειαν
756 548 850 600 τοῦ
905 549 1116 620 H1296;
1165 551 1505 620 ἀπαιδεύτως
1528 555 1786 626 διισχυρί-

1902 565 2010 614 tur,
2050 553 2345 616 ostendant
2381 553 2541 608 nobis
2561 551 2777 610 Patrem
2797 555 3009 624 uspiam
3044 566 3329 625 operatum
3361 573 3484 613 esse

239 638 423 701 ζονται,
459 636 593 700 πρὸς
649 637 710 689 τὸ
755 637 1384 714 ἴσονάπομιμήσασθαι,
1431 647 1797 709 δεικνύτωσαν

237 732 355 801 ἡμῖν
376 729 476 801 ἰδίᾳ
499 731 594 783 καὶ
619 731 738 786 καθ’
758 733 951 786 ἑαυτὸν
979 735 1354 808 ὲργασάμενόν
1383 757 1436 793 τι
1466 741 1559 795 τὸν
1577 743 1797 814 Πατέρα

238 818 459 880 πώποτε,
492 820 525 889 ἢ
564 821 658 874 κα)⁸
691 825 841 874 ποῖον
885 824 1048 889 αὐτὸς
1109 828 1560 901 προθεραπεύσας
1620 837 1796 906 παρά-

236 909 394 974 λυτον,
441 907 669 963 δέδωκεν
713 911 790 975 ὠς
851 913 907 965 ὲν
937 913 1092 987 τύπῳ
1121 918 1183 972 τὸ
1236 923 1469 992 πρᾶγμα
1491 923 1570 995 τῷ
1600 926 1798 996 Γεννὴ-

239 1017 374 1070 ματι.

308 1091 364 1144 '0
385 1090 490 1159 γὰρ
532 1094 731 1162 Πατὴρ
762 1097 1047 1164 gae?th
1079 1102 1233 1156 Υίόν.
1281 1170 1284 1174 ,
1363 1126 1376 1142 ε

309 1183 599 1268 Ἀσυνέτως
625 1184 1078 1259 ἐξαγοιουμένους
1101 1192 1180 1255 είς
1211 1196 1424 1248 εἰκαίαν
1453 1197 1646 1268 ὀργὴν,
1673 1200 1797 1262 τοὺς

237 1267 379 1338 οἷπερ
403 1264 544 1339 ἦσαν
573 1272 960 1341 δυσσεϐοὗντες
989 1280 1070 1342 είς
1094 1281 1254 1336 αὐτὸν
1287 1264 1608 1351 ἀφυλάκτως
1627 1287 1714 1342 διὰ
1739 1289 1797 1342 τὸ

237 1359 500 1414 Σάδὸατον
559 1362 832 1436 ἐξελέγχει
899 1370 1161 1440 Χριστὸς,
1247 1373 1653 1446 ἐναργεστάτην
1701 1379 1796 1432 τοῦ

236 1449 541 1521 πράγματος
570 1455 888 1527 ποιούμενος
940 1460 1041 1531 τὴν
1078 1463 1350 1529 ἀπόδειξιν
1385 1466 1473 1520 διὰ
1502 1468 1596 1520 τοῦ
1623 1469 1798 1538 φιλεῖ-

236 1541 344 1595 σθαι
365 1542 544 1608 λέγειν
571 1547 701 1616 περὶ
738 1549 831 1602 τοῦ
859 1551 989 1606 ἰδίου
1020 1555 1366 1628 Γεννήτορος.
1404 1558 1466 1610 Ei
1505 1559 1616 1630 γὰρ
1659 1562 1797 1625 ὅλως

232 1633 363 1702 φιλεῖ
380 1633 470 1687 τὸν
498 1636 624 1690 Υἱδν
651 1641 679 1692 6
701 1640 911 1713 Πατὴρ,
942 1645 1002 1698 οὐ
1034 1645 1308 1701 λυποῦντα
1331 1648 1494 1720 δῆλον
1526 1652 1609 1705 ὅτι
1627 1653 1793 1722 φιλεῖ,

230 1727 684 1814 κατευφραίνοντα
711 1731 982 1802 δὲμᾶλλον
1026 1739 1112 1807 ἐφ’
1133 1735 1213 1803 οἷς
1243 1739 1308 1792 ἂν
1337 1744 1460 1812 ποιῇ
1513 1744 1604 1795 καὶ
1632 1746 1798 1814 ἐργά-

227 1812 390 1882 ζηται.
427 1818 623 1889 Μάτην
649 1817 743 1875 οὖν
782 1822 890 1894 ἄρα
946 1825 1204 1882 διώκουσι
1228 1829 1320 1882 τὸν
1347 1830 1517 1884 ἐλεεῖν
1555 1834 1614 1885 ἐν
1659 1812 1796 1886 216-

1901 641 2160 712 quiddam
2199 643 2430 696 seorsim
2456 656 2519 696 ac
2549 657 2644 711 per
2667 658 2746 704 se,
2780 644 3061 699 autetiam
3089 658 3325 713 quonam
3345 645 3481 714 ipse,

1901 735 2203 806 paralytico
2250 734 2408 803 prius
2467 744 2682 798 sanato,
2715 735 2859 791 istud
2888 736 3033 791 velut
3056 737 3110 790 in
3147 746 3278 808 typo
3306 737 3476 794 Geni-

1901 825 2035 879 tnini
2074 823 2348 880 tribuerit.

1976 1111 2041 1174 V,
2081 1113 2170 1166 9.0.
2206 1110 2370 1166 Pater
2399 1113 2537 1166 enim
2555 1111 2729 1182 diligit
2775 1109 2993 1163 Filium.

1976 1205 2128 1259 Vana
2193 1206 2274 1259 ira
2323 1206 2491 1262 stulte
2533 1203 2788 1259 odoratos
2816 1219 2910 1259 eos
2957 1220 2985 1256 a
3016 1202 3217 1273 quibus
3255 1211 3478 1272 propter

1903 1301 2204 1356 Sabbatum
2236 1310 2440 1357 temere
2460 1310 2512 1356 et
2541 1302 2705 1370 impie
2731 1299 3022 1354 lacessitus
3075 1305 3192 1352 erat
3223 1297 3478 1353 Christus

1901 1395 2160 1460 ostendit,
2190 1395 2352 1466 idque
2377 1396 2702 1458 clarissime,
2737 1408 2861 1448 cum
2899 1392 2994 1454 ait,
3027 1406 3085 1445 se
3114 1388 3263 1459 diligi
3313 1389 3477 1457 222

1901 1500 1929 1538 a
1961 1484 2142 1540 Patre.
2172 1482 2307 1537 Nam
2339 1485 2382 1537 si
2413 1483 2573 1537 Pater
2601 1478 3011 1552 diligitFilium,
3055 1476 3246 1545 utique
3278 1483 3478 1530 non'se

1901 1575 2319 1630 contristantem
2337 1575 2532 1644 diligit,
2571 1572 2666 1628 scd
2700 1571 3094 1627 exhilarantem
3116 1569 3322 1638 potius,
3353 1581 3480 1637 pro-

1899 1671 2019 1733 pter
2041 1679 2101 1718 ea
2130 1680 2252 1733 qme
2292 1663 2423 1717 facit
2449 1671 2504 1718 et
2539 1669 2818 1731 operatur.
2863 1659 3090 1714 Frustra
3132 1658 3312 1726 itaque
3357 1672 3482 1726 per-

1899 1764 2204 1823 sequuntur
2235 1771 2380 1819 cum,
2413 1753 2559 1822 quod
2601 1754 2654 1807 in
2703 1752 2945 1807 Sabbato
2977 1749 3226 1804 misereri
3264 1762 3481 1803 nonre-

1899 1854 2075 1913 cuset,
2111 1855 2163 1903 et
2195 1845 2287 1902 Dei
2320 1861 2384 1899 ac
2423 1845 2606 1900 Patris
2657 1844 2877 1914 placitis
2922 1855 3227 1912 repugnare
3268 1840 3478 1896 idcirco

227 1904 456 2004 Germ-pi;
489 1914 946 1984 παραιτούμενον,
974 1919 1068 1971 καὶ
1093 1923 1212 1983 ταῖς
1237 1920 1327 1973 τοῦ
1362 1921 1498 1975 Θεοῦ
1551 1924 1646 1978 καὶ
1674 1926 1786 1979 Πα-

1895 1897 2394 2004 deprehenduntur.
2439 1897 2768 1986 Existimrant
2799 1931 2944 1984 enim
2987 1897 3116 1982 odio
3165 1928 3478 1982 habendum

225 1997 340 2067 τρὸς
361 1999 746 2065 ἀντιτείνοντες
778 2004 980 2076 ψήφοις
1007 2007 1097 2064 διὰ
1134 2009 1321 2064 τούτου
1349 2012 1512 2066 πάλιν
1537 2014 1789 2069 ἁλίσκον-

225 2090 560 2179 ται.Χρῆναι
604 2094 712 2165 γὰρ
754 2095 954 2150 οἴονται
1009 2103 1207 2169 μισεῖν,
1275 2102 1333 2156 ὃν
1373 2105 1535 2168 αὐτὸς
1577 2106 1789 2179 ἀγαπᾷ,

223 2177 364 2248 δῆλον
402 2181 457 2234 δὲ
505 2183 680 2254 δήπου
720 2188 938 2252 πάντως
988 2191 1156 2255 ἐστὶν,
1188 2192 1264 2256 ὡς
1287 2194 1388 2248 οὐκ
1427 2196 1493 2250 ἂν
1534 2177 1789 2271 ἠγάπησὲ

224 2286 341 2324 ποτε
368 2273 463 2343 τὴν
506 2275 600 2328 τοῦ
625 2279 872 2343 τεκόντος
894 2272 1056 2334 αὑτὸν
1079 2289 1492 2357 παρατρέχοντα
1515 2287 1786 2362 βούλησιν,

227 2363 310 2416 καὶ
340 2364 440 2436 ἰδίᾳ
495 2369 591 2420 καὶ
636 2370 795 2439 μόνον
830 2374 967 2442 ὅπερ
1019 2375 1085 2428 ἂν
1132 2376 1296 2439 αὐτὸς
1331 2377 1587 2450 ἐθελήσαι
1617 2385 1790 2436 ποιεῖν

225 2453 534 2525 εἰθισμένον.
584 2461 798 2532 Ἐπειδὴ
827 2462 884 2516 δὲ
916 2463 1134 2528 δικαίως
1181 2467 1391 2537 ἀγαπᾷ,
1425 2475 1662 2525 συναινεῖ
1699 2472 1792 2543 δη-

1897 2040 2058 2093 quem
2095 2025 2212 2094 ipse
2245 2024 2452 2094 diligit;
2492 2022 2843 2076 manifestum
2867 2029 2949 2074 est
2977 2030 3156 2074 autem
3197 2019 3339 2089 quod
3366 2033 3484 2074 non.

1895 2117 2182 2172 dilexisset
2237 2133 2385 2180 eum,
2444 2114 2623 2170 Patris
2655 2115 2739 2170 sui
2788 2114 3121 2168 voluntatem
3159 2120 3480 2182 praetergre-

1895 2209 2158 2268 dientem,
2193 2216 2246 2260 et
2276 2207 2505 2263 seorsim
2522 2205 2666 2276 quod
2690 2205 2792 2258 sibi
2815 2206 3024 2274 placeat
3045 2219 3203 2274 agere
3233 2203 3476 2259 solitum.

1898 2297 2002 2353 Sed
2037 2313 2160 2352 cum
2188 2299 2310 2368 jure
2340 2297 2548 2368 diligat,
2583 2295 2859 2350 consentit
2899 2295 3159 2348 nimirum
3202 2300 3257 2348 et
3313 2292 3478 2346 simul

1899 2391 2090 2442 annuit
2119 2390 2252 2444 solvi
2281 2388 2602 2452 Sabbatum,
2629 2387 2875 2457 nihilque
2895 2387 3098 2440 habere
3114 2385 3476 2447 demonstrat,

1899 2482 1970 2534 ob
2002 2483 2146 2549 quod
2185 2481 2332 2536 Deus
2365 2481 2498 2549 legis
2531 2478 2936 2548 Dominusjure
2967 2475 3302 2546 indignetur.

226 2545 382 2642 λονότι
444 2548 548 2601 καὶ
607 2551 999 2618 συγκατανεύει
1025 2555 1118 2608 τοῦ
1154 2555 1432 2614 Σαῦδάτου
1473 2557 1571 2629 τὴν
1623 2560 1796 2630 λύσιν,
1833 2568 1927 2620 καὶ
1966 2545 2118 2624 οὐδὲν
2151 2571 2381 2642 ἔχουσαν
2406 2545 2734 2622 ἐπιδεικνύει
2757 2545 2931 2636 τὸνὲφ’
2986 2545 3138 2636 ᾧπέρ
3160 2563 3225 2618 ἂν
3253 2562 3476 2630 εἰκότως

227 2639 593 2712 ἀγανακτῆσαι
627 2643 758 2708 Θεὸς
783 2647 810 2698 6
832 2646 926 2698 τοῦ
957 2648 1122 2717 νόμον
1150 2648 1370 2719 Κύριος.

286 2733 386 2788 Kal
409 2735 611 2792 πάντα
640 2737 953 2794 δείκνυσιν
982 2741 1161 2807 αὐτῷ,
1195 2741 1230 2796 ἂ
1255 2745 1438 2812 αὐτὸς
1465 2748 1644 2801 ποιεῖ.

296 2826 630 2893 Ἀναγκαίως
674 2828 768 2884 καὶ
807 2828 980 2882 ταῦτα
1006 2834 1119 2894 τοῖς
1159 2833 1520 2904 προλαϐοῦσιν
1573 2840 1790 2908 ἐπάγει,

223 2916 306 2970 καὶ
323 2915 405 2969 διὰ
431 2917 595 2971 ποίαν
621 2919 820 2984 αἰτίαν,
858 2921 968 2991 ἐρῶ
991 2921 1054 2992 δὴ
1082 2923 1258 2978 πάλιν.
1281 2927 1524 2998 Πατέρες
1554 2930 1654 3000 μὲν
1681 2933 1790 3004 γὰρ

222 3007 267 3059 oi
292 3007 413 3078 παρ’
441 3009 599 3078 ἡμῖν,
639 3015 898 3078 φυσικαῖς
930 3012 1042 3066 ἐσθ’
1063 3015 1151 3067 ὅτε
1171 3016 1576 3089 φιλοστοργίαις
1614 3022 1788 3093 ἡττώ-

225 3113 382 3167 μενοι,
410 3100 506 3151 καὶ
556 3099 868 3158 λυπούντων
906 3103 1188 3174 ἀνέχονται
1221 3107 1329 3162 τῶν
1363 3110 1517 3176 υἱῶν,
1553 3113 1646 3165 καὶ
1676 3116 1790 3178 τοῖς

220 3191 358 3259 παρά
383 3190 616 3262 γνώμην
655 3193 1057 3264 ἐπιχειροῦντες
1107 3197 1350 3269 ὁρῶντας
1403 3201 1786 3266 ἀνεξικακοῦσι

221 3280 482 3344 πολλάκις.
518 3285 728 3354 Δριμὺς
740 3285 846 3358 γάρ
867 3302 950 3350 τις
979 3289 1161 3352 αὐτοῖς
1179 3292 1207 3343 6
1223 3291 1347 3361 περὶ
1379 3294 1573 3356 παῖδας
1593 3294 1788 3365 ἐνῴκι-

223 3387 332 3426 σται
364 3373 742 3436 πόθος,πᾶσαν
763 3377 1071 3432 ἀναπείθων
1101 3381 1198 3452 τὴν
1216 3383 1305 3434 ἐπ’
1331 3383 1559 3448 ἐκείνοις
1595 3403 1790 3457 μικρο-

220 3463 406 3535 ψυχίαν
442 3471 809 3521 πλεονεκτεῖν.
859 3469 998 3522 Ἀλλ’
1035 3471 1132 3540 οὐχ
1165 3471 1360 3535 οὕτως,
1391 3476 1574 3545 φησιν,
1601 3477 1791 3548 ἀγαπᾷ

222 3552 302 3608 τὸν
329 3555 499 3612 Υίδνὸ
527 3556 661 3622 Θεὸς
689 3557 784 3612 καὶ
802 3559 1011 3631 Πατήρ.
1041 3561 1117 3614 υύ
1137 3561 1359 3616 δύναται
1386 3567 1492 3636 γάρ
1517 3583 1569 3618 τι
1595 3569 1786 3633 ποιεῖν,

218 3642 244 3696 6
271 3646 339 3716 μὴ
395 3647 646 3716 πέφυκεν
691 3649 1019 3720 ἐργάζεσθαι
1054 3653 1147 3706 καὶ
1199 3655 1364 3718 αὐτός
1389 3674 1400 3687 ·
1437 3657 1511 3720 ὡς
1567 3657 1622 3710 δὲ
1659 3657 1787 3728 μίαν

218 3735 342 3806 εχων
371 3739 508 3809 πρὸς
531 3739 696 3794 αὐτὸν
734 3740 833 3811 τὴν
867 3743 1074 3810 οὐσίαν,
1106 3750 1359 3814 φυσικοῖς
1393 3765 1557 3812 τισιν,
1599 3750 1665 3802 ἵν’
1694 3750 1787 3804 οὕ-

215 3840 311 3889 τως
337 3827 603 3898 εἴπωμεν,
653 3829 836 3899 νόμοις
881 3833 1017 3902 πρὸς
1066 3835 1485 3905 ἀπαράλλακτον
1539 3840 1784 3894 καλεῖται

219 3913 417 3984 θίλησίν
447 3933 506 3969 τε
551 3919 644 3972 καὶ
680 3918 930 3990 δύναμιν.
963 3923 1126 3976 Οὐδὲν
1164 3920 1258 3977 οὖν
1289 3926 1416 3995 ἄρα,
1446 3929 1602 3998 φησὶ,
1628 3930 1783 4000 παρά

214 4005 266 4059 τὸ
295 4008 367 4078 τῷ
391 4010 605 4062 τεκόντι
652 4010 838 4065 δοκοῦν
897 4014 931 4084 ἢ
991 4015 1196 4084 πρέπον
1225 4019 1254 4070 6
1300 4018 1426 4080 Υἱὸς
1469 4019 1779 4090 ἐργάζεται,

213 4095 322 4149 οὐδὲ
379 4097 477 4168 τῆς
531 4098 626 4152 τού
671 4101 884 4172 Πατρὸς
929 4103 1149 4175 ἀγάπης
1215 4110 1779 4182 καταπερπερεύεται,

215 4183 512 4250 φιλότεκνός
538 4206 622 4251 τις
651 4187 764 4261 (la.
791 4191 1102 4262 φιλότεκνός
1133 4193 1240 4266 τις]
1295 4196 1555 4266 ὑπάρχων
1587 4201 1645 4253 ἐν
1668 4204 1782 4267 τοῖς

214 4273 378 4343 ἔργοις
418 4280 514 4334 καὶ⁵
540 4279 768 4351 ἐξήνιοςο
798 4282 912 4336 ἀλλ’
943 4277 1126 4355 ὧνπερ
1164 4285 1294 4340 ὄντα
1325 4271 1578 4343 θεάσαιτο
1621 4309 1783 4365 ποιη-

213 4365 320 4434 τὴν,
346 4365 419 4430 ὡς
459 4370 519 4421 ὲν
543 4371 774 4434 ἐννοίαις
791 4371 846 4426 δὲ
864 4373 1042 4434 πάλιν,
1059 4376 1229 4430 ταῦτα
1247 4377 1310 4449 δὴ
1338 4380 1511 4432 πάντα
1544 4382 1785 4437 ἐπιτελεῖ

213 4457 270 4526 τῇ
299 4459 588 4530 ταυτότητι
620 4462 718 4532 τῆς
766 4464 975 4530 οὐσίας,
997 4468 1076 4530 είς
1103 4469 1163 4521 τὸ
1208 4469 1460 4542 μηδαμοῦ
1506 4475 1781 4544 παρεκπε-

214 4563 354 4652 itit-9
382 4549 443 4652 τὸ
472 4551 614 4652 Θεῷ.
641 4557 849 4652 πρεπον
887 4556 1364 4652 διακρατούμενος.
1411 4564 1632 4636 Τροπῆς
1671 4569 1780 4638 γάρ
1815 4598 1855 4652 υ

212 4636 298 4705 τῆς
319 4640 406 4692 ἐπί
422 4659 474 4696 τι
529 4643 625 4702 καὶ
654 4644 991 4711 ἀλλοιώσεως
1013 4649 1261 4721 ἀμοιρεῖ·
1291 4654 1440 4724 μένει
1470 4655 1575 4712 δὲό
1613 4636 1777 4723 αὐτὸς

213 4727 580 4797 ἀδιαλείπτως,
609 4734 684 4799 ὡς
713 4738 741 4789 ὁ
792 4738 1096 4810 Ψαλμῳδός
1128 4745 1229 4796 πού
1276 4763 1428 4816 φησι.
1451 4749 1694 4802 Δεικνύει
1718 4751 1775 4804 δὲ

212 4820 357 4913 πάλιν
379 4825 405 4878 6
433 4826 626 4898 Πατὴρ
642 4828 719 4900 τῷ
757 4830 893 4900 Υἰῴ,
930 4832 967 4885 ἀ
988 4834 1148 4897 αὐτὸς
1182 4839 1417 4901 ποιεῖ,ού
1447 4840 1698 4913 καθάπερ
1717 4844 1774 4897 ἐν

213 4908 386 4998 πίνακι
432 4913 888 4990 διαγεγραμμένα
934 4924 1276 4992 παρατιθεὶς,
1308 4926 1340 4997 ἢ
1379 4928 1453 4991 ὡς
1477 4908 1774 4998 ἀγνοούντα

210 4995 460 5054 διδάσκων
485 5005 684 5074 (πάντα
704 5009 812 5081 γὰρ
837 5007 978 5070 οἶδεν
1006 5012 1082 5075 ὡς
1108 5014 1284 5084 Θεὸς),
1314 4995 1426 5070 ἀλλ’
1447 4995 1565 5072 ὅλον
1582 5021 1774 5081 ἑαυτὸν

285 5098 348 5196 τῇ
379 5098 473 5150 τοῦ
499 5100 840 5173 Γεννήματος
864 5106 1024 5175 φύσει
1047 5109 1375 5181 ζωγραφῶν,
1417 5114 1509 5170 καὶ
1525 5113 1594 5167 τά
1625 5113 1772 5176 ἰδίως

209 5196 343 5254 αυτῳ
376 5196 802 5262 προσπεφυκότα
860 5198 1120 5254 δεικνύων
1141 5205 1198 5253 ἐν
1240 5203 1438 5272 ἐαυτῷ,
1469 5205 1557 5257 ἵνα
1604 5205 1663 5268 ἐξ
1694 5199 1771 5258 ὧν

209 5274 356 5377 αύτὺς
383 5279 618 5352 ὑπάρχει
649 5285 741 5337 καὶ
764 5289 1032 5356 φαίνεται,
1059 5293 1301 5355 ποταπός
1321 5311 1377 5346 τε
1402 5295 1492 5350 καὶ
1523 5296 1603 5357 τίς
1629 5297 1770 5349 κατὰ

208 5371 356 5429 φύσιν
405 5371 557 5426 ἐστὶν
602 5375 768 5447 εἰδείη
826 5379 916 5431 τὸν
956 5382 995 5432 Γ
997 5384 1276 5454 εννήτορα.
1316 5386 1415 5438 Διὰ
1459 5387 1566 5455 γὰρ
1603 5387 1764 5440 τοῦ-τό

209 5472 358 5543 φησιν
387 5462 690 5536 expiem,
738 5468 815 5532 ὡς
840 5489 859 5522 ι
905 5472 1090 5536 Οὐδεὶς
1129 5475 1386 5543 γινώσκει
1437 5478 1518 5541 τίς
1560 5481 1707 5531 ἐστιν
1736 5481 1766 5532 6

209 5539 342 5614 Υἱὸς,
371 5553 418 5604 εί
442 5555 520 5625 μὴ
538 5558 565 5609 6
587 5559 795 5630 Πατὴρ,
817 5563 936 5617 οὐδὲ
952 5565 1040 5618 τὸν
1060 5539 1274 5639 Πατέρα
1300 5539 1765 5638 τιςὲπιγινὼσκει,

208 5640 281 5705 τες
308 5647 470 5712 ἐστιν,
503 5649 552 5702 εί
583 5653 656 5722 μὴ
681 5654 708 5705 ὁ
739 5654 884 5713 Υἱός.
910 5659 1100 5713 Κείται
1123 5659 1230 5732 γάρ
1257 5660 1315 5715 ὲν
1343 5662 1542 5733 ἀμφοῖν
1569 5664 1603 5733 ἡ
1636 5664 1768 5716 ἐκα-

272 5822 314 5855 “
342 5823 489 5880 Pszal.
525 5843 598 5892 Cl,
629 5847 745 5885 cm.

521 5919 791 5984 Pamon.
836 5924 950 5984 Gn.
983 5925 1237 5987 LXXIII.

1975 2749 2038 2812 ν,
2075 2749 2166 2803 ‘20.
2213 2748 2277 2801 Et
2320 2747 2498 2802 omnia
2528 2747 2854 2800 demonstrat
2886 2745 2932 2796 ei
2963 2758 3078 2812 qum
3108 2742 3216 2810 ipse
3237 2741 3368 2810 facit

1968 2841 2292 2896 Necessario
2359 2839 2473 2893 hazc
2537 2836 2688 2891 addit
2744 2850 2962 2904 quoque
3018 2831 3473 2901 prmcedentibus,

1891 2950 2056 3008 quam
2082 2943 2260 2988 autem
2309 2931 2380 2985 ob
2428 2945 2672 2991 causam,
2732 2927 2909 2981 dicam
2963 2925 3163 2980 denuo.
3210 2923 3473 2978 Parentes

1894 3027 2067 3083 nostri
2093 3024 2325 3080 naturali
2360 3037 2543 3077 amore
2598 3020 2725 3076 victi
2761 3019 3092 3089 quandoque
3132 3017 3272 3081 lilios
3300 3017 3473 3072 mole-

1895 3129 2011 3176 SIos
2053 3117 2256 3180 ferunt,
2288 3123 2344 3169 et
2404 3113 2725 3183 praefractos
2761 3118 2928 3179 atque
2959 3109 3333 3163 inobedientes
3361 3123 3471 3163 sa:-

1893 3222 2190 3282 penumero
2219 3206 2517 3276 patiuntur.
2552 3201 3028 3257 lnsitnmeisenim
3062 3208 3147 3254 est
3176 3205 3468 3255 vehemens

1893 3315 2020 3370 erga
2053 3299 2254 3352 liberos
2293 3295 2556 3355 studium,
2611 3292 2756 3362 quod
2827 3306 2922 3345 eos
2963 3291 3132 3360 adigit
3183 3298 3241 3343 ut
3295 3289 3467 3343 animi

1895 3389 2199 3461 angustiam
2273 3394 2551 3456 superent.
2597 3383 2705 3438 Sed
2758 3396 2866 3436 non
2901 3383 2982 3436 sic
3014 3381 3232 3445 Filium,
3267 3380 3467 3450 inquit,

1892 3482 2039 3537 Deus
2095 3495 2159 3534 ac
2201 3478 2356 3532 Pater
2417 3477 2612 3546 diligit.
2666 3472 2809 3527 Nihil
2850 3472 2994 3526 enim
3041 3471 3224 3532 facere
3262 3477 3466 3539 potest,

1890 3570 2037 3642 quod
2065 3583 2174 3624 non
2217 3567 2332 3637 ipse
2355 3580 2574 3636 quoque
2607 3561 2771 3617 Pater
2798 3571 3056 3631 operetur
3082 3576 3096 3624 ;
3127 3573 3251 3614 cum
3281 3565 3465 3611 autem

1890 3675 2054 3716 unam
2123 3658 2321 3712 habeat
2352 3671 2476 3710 cum
2526 3654 2647 3722 ipso
2674 3650 3062 3711 substantiam,
3098 3655 3307 3701 natura:
3341 3647 3468 3716 qui-

1890 3749 2143 3816 busdam,
2203 3755 2263 3802 ut
2302 3747 2376 3799 ita
2427 3744 2699 3805 dicamus,
2744 3741 2950 3810 legibus
2978 3739 3045 3793 ad
3088 3738 3334 3794 eamdem
3373 3753 3469 3806 per

1888 3843 2072 3897 omnia
2104 3849 2332 3894 vocatur
2363 3838 2693 3892 voluntatem
2719 3847 2782 3886 ac
2809 3832 3085 3885 virtutem.
3106 3829 3250 3886 Nihil
3275 3829 3464 3898 igitur,

1889 3931 2090 4000 inquit,
2122 3937 2484 3998 praeterquam
2513 3927 2654 3994 quod
2683 3920 2929 3978 Genitori
2954 3919 3220 3990 placuerit
3247 3927 3343 3972 aut
3371 3917 3466 3972 de-

1887 4018 2219 4082 ceat,Filius
2249 4023 2530 4085 operatur,
2567 4026 2741 4080 neque
2776 4009 3040 4064 adversus
3072 4008 3252 4062 Patris
3279 4007 3464 4060 chari-

1887 4117 2051 4162 tatem
2070 4109 2178 4178 agit
2196 4119 2498 4177 perperam,
2527 4102 2815 4156 ambitiosa
2835 4098 3096 4170 operandi
3119 4096 3464 4152 ail‘ectatione

1886 4211 1940 4255 et
1975 4199 2320 4254 contumacia
2352 4197 2483 4264 ;sed
2521 4211 2641 4265 quat
2673 4209 2797 4248 eum
2846 4193 3136 4245 facientem
3179 4191 3463 4244 intellectu

1886 4291 2056 4355 videt,
2089 4290 2201 4343 haec
2234 4289 2420 4356 utique
2460 4287 2717 4340 universa
2748 4281 2976 4353 perlicit,
3010 4295 3134 4332 cum
3165 4279 3237 4332 ob
3264 4279 3464 4331 identi-

1887 4390 2050 4436 tatem
2081 4379 2402 4434 substantiae
2428 4391 2696 4446 nusquam
2730 4375 2798 4428 ab
2819 4388 2884 4427 eo
2913 4373 3057 4442 quod
3080 4370 3186 4424 Deo
3207 4371 3464 4424 convenit

1885 4472 2137 4528 excidere
2160 4479 2340 4543 queat.
2375 4467 2565 4523 Omnis
2605 4467 2749 4520 enim
2802 4462 3122 4517 mutationis
3172 4469 3226 4515 et
3265 4462 3465 4514 altera-

1887 4568 2053 4622 tionis
2085 4575 2167 4620 est
2192 4580 2410 4634 expers,
2442 4562 2535 4616 scd
2567 4567 2752 4613 manet
2784 4557 2924 4611 ident
2952 4571 3188 4624 semper,
3223 4563 3280 4607 ut
3311 4551 3464 4605 Psal-

1885 4659 2047 4713 mista
2091 4657 2241 4710 canit
2294 4654 2579 4709 alicubi“.
2641 4651 2989 4709 Demonstrat
3039 4655 3217 4700 autem
3272 4660 3464 4698 rursus

1887 4751 2045 4804 Pater
2098 4747 2233 4803 Filio
2278 4763 2399 4816 qum
2448 4747 2562 4815 ipse
2593 4743 2747 4805 facit,
2794 4756 2901 4794 non
2938 4740 3094 4808 quasi
3139 4738 3354 4806 depicta
3407 4736 3462 4786 in

1884 4841 2084 4894 tabulis
2135 4847 2424 4909 proponat,
2473 4845 2565 4890 aut
2627 4833 2781 4903 quasi
2845 4832 3039 4885 doceat
3097 4831 3461 4900 ignorantem,

1882 4941 2078 4987 cuncta
2105 4933 2252 4986 enim
2288 4931 2459 4995 novit,
2494 4938 2550 4980 ut
2583 4927 2755 4990 Deus;
2782 4925 2874 4979 sed
2907 4926 3148 4992 scipsum
3189 4928 3365 4971 totum
3405 4917 3462 4969 in

1881 5024 2190 5080 Geniminis
2219 5030 2415 5076 natura
2449 5021 2788 5090 exprimens,
2820 5025 2873 5071 et
2893 5025 3233 5085 quwmmque
3262 5011 3307 5063 ei
3335 5024 3463 5077 pro-

1881 5117 1998 5185 prie
2051 5115 2262 5177 insunt,
2310 5115 2364 5166 in
2423 5111 2604 5180 seipso
2627 5111 3033 5164 demonstrans,
3064 5110 3122 5153 ut
3161 5098 3462 5167 exquibus

1882 5210 1998 5277 ipse
2049 5217 2133 5262 est
2178 5216 2231 5260 et
2260 5203 2745 5275 apparet,quinam
2795 5206 2843 5251 et
2872 5200 3114 5265 quantus
3153 5189 3457 5246 secundum

1881 5309 2131 5353 naturam
2155 5298 2226 5352 sit
2257 5297 2436 5358 l’..ter,
2476 5301 2758 5364 agnoscat.
2787 5289 2996 5343 Idcirco
3031 5286 3174 5339 enim
3209 5283 3461 5337 Christus

1880 5391 1975 5456 ait,
1994 5391 2161 5458 quod:
2175 5388 2344 5444 Nemo
2363 5389 2509 5442 novit
2528 5385 2687 5455 223
2705 5383 2829 5452 quis
2847 5379 3125 5440 sit'Filius,
3147 5377 3250 5432 nisi
3267 5377 3425 5429 Pater
3444 5394 3457 5406 ·

1877 5497 2053 5551 neque
2080 5480 2294 5535 Patrem
2323 5481 2446 5550 quis
2479 5483 2628 5533 novit
2671 5476 2794 5546 quis
2825 5474 2917 5538 sit,
2947 5473 3049 5527 nisi
3077 5469 3287 5525 Filius?
3318 5489 3336 5520 ι
3360 5467 3459 5520 Est

1877 5577 2022 5630 enim
2060 5577 2114 5630 in
2167 5586 2398 5646 utroque
2431 5575 2718 5642 utriusque
2749 5569 3012 5641 cognitio,
3047 5582 3152 5621 non
3183 5564 3458 5623 doctrina,

1881 5664 1976 5719 sed
2026 5673 2218 5719 natura
2274 5673 2368 5719 :ct
2406 5665 2552 5719 videt
2614 5661 2834 5732 quidem
2888 5657 3030 5713 Deus
3069 5671 3133 5710 ac
3187 5653 3348 5708 Pater
3402 5652 3458 5706 in

3066 5928 3136 5992 12
