4102 6526
687 417 793 474 365

690 538 874 608 Seipso
897 531 1114 599 Filium,
1144 545 1207 586 ac
1238 529 1476 585 vicissim
1503 525 1678 584 Filius
1717 529 1788 582 in.
1822 527 2006 598 seipso
2025 527 2266 584 Patrem.
2297 534 2342 591 Α

691 627 898 681 Idcirco
925 629 1000 679 ait
1025 644 1038 680 :
1071 622 1236 694 «Ego
1255 623 1316 676 .iu
1347 621 1527 687 Patre,
1555 631 1608 676 et
1637 619 1798 675 Pater
1825 620 1880 673 in
1913 634 2000 675 me
2030 628 2116 675 est
2145 620 2212 671 ⁸³.
2239 638 2258 673 ι

691 711 827 766 illud
856 720 1058 777 autem,
1094 711 1265 766 videre
1290 717 1345 766 et
1392 710 1580 773 videri,
1620 707 1729 764 Deo
1759 709 2148 766 convenienter
2176 708 2267 765 hic

691 818 886 860 rursus
914 803 1241 874 capiendum
1274 809 1382 858 est.

762 1070 845 1138 ν,
879 1071 971 1127 ΞΟ.
1016 1069 1081 1125 Et
1111 1069 1317 1140 majora
1349 1070 1432 1125 his
1469 1068 1852 1124 demonstrabit
1889 1070 1939 1123 ei
1977 1083 2134 1137 opera
2156 1108 2170 1135 ,
2211 1079 2267 1122 ut

693 1180 782 1219 vos
809 1164 1094 1218 miremini.

767 1255 825 1311 In
868 1255 1247 1326 superioribus
1277 1253 1444 1309 refert
1461 1253 1654 1310 beatus
1688 1252 2017 1323 evangelista
2047 1249 2269 1306 Judaros

694 1344 886 1404 Jesum
934 1345 1375 1401 interficiendum
1411 1359 1684 1414 quaerere,
1729 1343 1988 1411 quoniam
2031 1357 2138 1395 non
2175 1357 2268 1399 so-

697 1441 807 1493 lum
833 1439 1075 1494 solvebat
1124 1437 1458 1500 Sabbatum,
1509 1434 1605 1490 sed
1652 1443 1704 1489 et
1731 1433 1947 1488 Patrem
1992 1449 2153 1488 suum
2187 1435 2270 1488 di-

695 1528 853 1583 cebat
873 1527 1062 1589 Deum,
1087 1527 1348 1595 mqualem
1381 1525 1623 1594 seipsum
1656 1523 1862 1578 faciens
1897 1523 2004 1579 Deo
2040 1524 2134 1576 δ”.
2165 1525 2271 1578 Ac-

695 1619 1029 1672 cusatiOnem
1065 1617 1230 1687 igitur
1250 1616 1438 1672 violati
1475 1614 1701 1669 Sabbati
1733 1615 1993 1670 refutavit
2021 1655 2036 1677 ,
2079 1623 2271 1669 osten-

695 1710 832 1764 dens
873 1709 1052 1779 ipsum
1097 1724 1322 1778 quoque
1361 1707 1578 1762 Patrem
1629 1707 1845 1777 operari
1900 1707 1954 1760 in
1999 1705 2270 1773 Sabbato,

697 1803 858 1874 longa
917 1801 972 1856 in
1028 1802 1079 1856 id
1129 1801 1380 1855 oratione
1423 1808 1768 1870 consumpta.
1805 1800 2046 1853 Conatnr
2093 1807 2272 1853 autem

1674 409 1732 466 S.
1771 406 2054 464 CYRILLI
2086 405 2560 466 ALEXANDRINI
2598 406 2922 464 ARCIIIEP.

3813 406 3894 459 366

2371 527 2535 600 τέρου
2567 527 2770 597 γνῶσις
2794 525 2854 579 οὐ
2901 521 3187 588 διδακτῶς,
3226 519 3361 576 ἀλλὰ
3408 519 3674 590 φυσικῶς·
3711 524 3794 578 καὶ
3817 527 3895 601 ὁρᾷ

2372 620 2513 690 μὲνό
2531 619 2664 681 Θεὸς
2687 619 2780 672 καὶ
2807 616 2997 686 Πατὴρ
3039 618 3097 668 ὲν
3140 612 3319 683 ἑαυτῷ
3346 613 3436 666 τὸν
3467 612 3614 677 Υίὸν,
3653 613 3748 686 δρᾷ
3773 615 3819 670 δὲ
3845 617 3893 674 αὖ

2368 711 2530 764 πάλιν
2574 711 2602 762 6
2652 710 2777 773 Υἱὸς
2822 710 2880 762 ὲν
2925 705 3102 778 ἑαυτῷ
3133 704 3223 758 τὸν
3271 703 3514 774 Πατέρα.
3540 703 3635 756 Διά
3664 721 3738 758 τοι
3772 709 3895 764 τοῦτό

2369 818 2555 872 φησιν·
2602 799 2743 868 Ἐγὼ
2767 801 2824 852 ὲν
2861 797 2940 868 τῷ
2967 795 3161 868 lla-cpt,
3185 797 3280 849 καὶ
3300 797 3328 848 6
3353 794 3539 865 Πατὴρ
3570 795 3626 848 ἐν
3654 797 3764 866 ὲμοί
3789 802 3895 856 ἐστι.

2369 895 2442 948 T6
2469 895 2524 948 δὲ
2555 892 2704 962 ὀρᾷν
2718 909 2800 956 τε,
2821 891 2912 944 καὶ
2936 887 3208 956 ὁρᾶσθαι,
3235 885 3400 939 πάλιν
3421 887 3478 938 ἐν
3497 883 3700 950 τούτοις
3716 891 3898 946 νοείσθω

2372 984 2719 1054 Θεοπρεπῶς.
3411 970 3416 973 ’

2439 1076 2549 1131 Καί
2564 1074 2804 1146 μείζονα
2824 1071 3048 1125 τούτων
3073 1072 3216 1140 ἔργα
3239 1069 3420 1134 δείξει
3446 1065 3605 1131 αὑτῷ
3625 1109 3638 1134 ,
3659 1068 3750 1120 ira
3767 1068 3899 1137 ὑμεῖς

2371 1163 2719 1238 θαυμάζητε.

2455 1258 2542 1311 Ἐν
2569 1259 2680 1319 τοῖς
2705 1256 2958 1327 ἀνωτέρω
2984 1251 3190 1321 φησὶνὸ
3221 1249 3508 1320 Μακάριος
3537 1243 3896 1315 εὐαγγελιστὴε,

2371 1349 2445 1411 ὡς
2481 1347 2707 1418 ἐζήτουν
2747 1347 2797 1398 οἰ
2841 1343 3080 1396 Ἰουδαῖοι
3120 1340 3211 1395 τὸν
3253 1337 3459 1409 Ἰησοῦν
3491 1338 3806 1397 ἀποκτεῖναι,
3836 1337 3898 1389 ὅτι

2371 1439 2432 1490 οὐ
2475 1437 2632 1507 μόνον
2678 1435 2798 1488 ἔλυε
2833 1434 2894 1488 τὸ
2945 1431 3241 1493 Σάϐϐατον,
3266 1428 3402 1482 ἀλλὰ
3449 1427 3544 1480 καὶ
3572 1427 3773 1494 Πατέρα
3797 1427 3898 1481 ἴδιον

2374 1527 2527 1594 ἔλεγε
2555 1525 2646 1578 τὸν
2687 1523 2838 1585 Θεὸν,
2879 1524 2991 1576 ἴσον
3023 1519 3211 1574 ἑαυτὸν
3238 1517 3404 1570 ποιῶν
3431 1514 3508 1586 τῷ
3538 1514 3670 1582 Θεῷ.
3705 1514 3800 1584 Τὴν
3827 1516 3900 1584 μὲν

2373 1611 2466 1669 οὖν
2503 1615 2596 1667 ἐπὶ
2628 1614 2706 1685 τῷ
2733 1612 2993 1682 Σαϐϐάτῳ
3032 1609 3369 1678 κατηγορίαν
3401 1605 3802 1670 ἀπεσκευάζετο,
3830 1609 3900 1660 καὶ

2375 1706 2537 1760 αὐτὸν
2586 1705 2891 1768 ἐπιδεικνὺς
2920 1701 3140 1771 ὲνεργδν
3186 1703 3242 1752 ὲν
3287 1697 3548 1767 Σαϐϐάτῳ
3591 1697 3676 1749 τὸν
3706 1697 3899 1767 Πατέρα,

2376 1797 2472 1850 acati.
2499 1797 2714 1868 μακρὸν
2747 1795 2840 1848 ἐπὶ
2877 1793 3053 1863 τούτῳ
3079 1789 3503 1862 προσαναλώσας
3537 1787 3704 1855 λόγον.
3733 1788 3834 1840 Ὀτι
3859 1788 3901 1841 δέ

696 1894 1078 1948 demonstrare
1118 1893 1286 1946 etiam
1320 1891 1576 1961 quamvis
1610 1899 1834 1960 propter
1869 1905 1970 1945 nos
2008 1890 2172 1944 homo
2206 1890 2279 1944 sit
2313 1880 2316 1932 ἰ

2313 1879 2352 1933 Β
2382 1892 2529 1943 ἐστιν
2563 1891 2620 1942 ἐν
2662 1888 2866 1956 ἰσότητι
2894 1889 2958 1957 τῇ
2992 1885 3129 1956 πρὸς
3157 1883 3246 1936 τὸν
3276 1881 3518 1952 Πατέρα,
3553 1880 3645 1933 καὶ
3670 1879 3901 1950 ἄνθρωπος

699 1985 914 2050 factus,
956 1985 1221 2054 aequalem
1263 1993 1445 2037 tamen
1481 1998 1605 2037 esse
1638 1981 1808 2036 Patri.
1849 1981 1960 2036 Hoc
2004 1982 2150 2037 enim
2186 1982 2276 2036 di-

696 2078 930 2135 cendum
967 2077 1227 2132 restabat.
1255 2075 1490 2146 Ideoque
1517 2076 1627 2128 ait:
1657 2095 1674 2126 ι
1699 2075 1906 2145 Majora
1931 2076 2015 2130 his
2043 2078 2276 2130 demon-

698 2172 898 2228 strabit
919 2170 968 2226 ei
991 2184 1154 2240 Opera
1175 2208 1190 2234 ,
1217 2175 1278 2221 ut
1307 2183 1403 2223 vos
1433 2166 1725 2222 miremini.
1755 2186 1772 2218 ι
1804 2168 1870 2219 At
1897 2165 2029 2236 quid
2056 2180 2275 2220 rursum

701 2263 787 2320 his
818 2261 999 2319 verbis
1028 2259 1134 2317 sibi
1163 2261 1320 2314 vult?
1354 2258 1596 2313 Sanatus
1623 2266 1743 2323 est,
1778 2257 1987 2326 inquit,
2018 2257 2278 2328 paralyti~

697 2371 833 2420 cus,
885 2353 1108 2424 triginta
1157 2359 1210 2408 et
1246 2360 1371 2406 octo
1411 2365 1588 2405 annos
1624 2349 1831 2403 habens
1867 2349 1920 2402 in
1959 2348 2278 2403 inﬁrmitate

701 2462 822 2503 sua.
849 2447 914 2500 Et
943 2447 1079 2500 mira
1105 2453 1189 2500 est
1221 2458 1354 2499 sane
1380 2441 1560 2495 virtus
1590 2440 1713 2506 ejus
1741 2439 1834 2510 qui
1868 2440 2116 2505 sanavit,
2139 2439 2278 2496 divi-

700 2554 882 2610 naque
914 2537 1073 2607 plane
1114 2542 1380 2607 potestas.
1414 2531 1519 2588 Sed
1564 2542 1672 2586 tam
1716 2530 2052 2584 mirahilium
2091 2545 2275 2584 rerum

701 2639 1032 2702 patratorem
1059 2671 1072 2694 ,
1107 2644 1267 2684 nemo
1302 2641 1450 2682 sanae
1479 2626 1676 2679 mentis
1696 2664 1712 2690 ,
1744 2623 1960 2693 opinor.
1993 2621 2281 2692 reprehen-

698 2723 862 2789 derit,
897 2736 958 2777 se
994 2718 1166 2774 Deum
1202 2733 1326 2773 esse
1355 2716 1663 2780 dicentem,
1694 2721 1749 2767 et
1781 2713 1911 2783 quia
1942 2709 2120 2766 Filius
2153 2719 2274 2777 est,

696 2830 796 2886 per
826 2813 1013 2869 omnia
1050 2810 1198 2864 Patri
1238 2808 1527 2879 mqualem.
1571 2805 1844 2873 Quoniam
1881 2811 2062 2860 autem
2101 2803 2278 2874 pessi-

701 2918 790 2960 me
817 2918 882 2958 ac
911 2901 1240 2958 stultissime
1272 2897 1584 2964 sentiendo,
1617 2898 1812 2967 inquit,
1844 2906 2063 2967 propter
2087 2895 2278 2966 fragile

702 2996 806 3051 hoc
842 3009 1044 3064 corpus
1091 2990 1581 3054 scandalizamini,
1631 2990 1946 3044 necessario
1987 2987 2274 3044 sciendum

698 3083 858 3139 vobis
885 3089 994 3147 est,
1020 3081 1166 3135 hunc
1201 3093 1310 3133 non
1347 3078 1465 3132 fore
1495 3077 1782 3147 potestatis
1807 3091 1871 3131 ac
1901 3076 2121 3131 virtutis
2145 3090 2277 3130 meae

701 3174 998 3231 terminum
1027 3189 1040 3226 :
1073 3171 1281 3240 majora
1304 3184 1567 3238 namque,
1601 3168 1685 3222 vel
1718 3167 1898 3230 inviti,
1928 3167 2272 3237 spectabitis,

701 3271 1044 3322 mortuorum
1073 3262 1285 3318 scilicet
1315 3261 1776 3316 resurrectionem
1801 3277 1815 3314 :
1846 3267 2072 3329 tumque
2103 3257 2278 3328 magis

702 3353 1070 3419 mirabimini,
1115 3351 1360 3406 divinam
1402 3351 1632 3422 gloriam
1676 3365 1742 3404 ac
1774 3350 2036 3404 virtutem
2093 3348 2152 3402 in
2198 3363 2282 3403 me

702 3455 993 3505 cernentes
1011 3487 1025 3512 ,
1051 3457 1211 3514 quem
1241 3442 1594 3513 blasphemiae
1617 3442 1850 3496 crimine
1875 3455 2022 3495 nunc
2051 3438 2284 3496 involvi-

700 3539 795 3602 tis,
827 3546 882 3592 et
912 3533 1164 3606 persequi
1197 3547 1303 3587 non
1333 3533 1597 3588 veremini
1620 3573 1636 3596 ,
1671 3540 1968 3603 propterea
2005 3532 2150 3602 quod
2190 3547 2284 3587 so-

705 3631 817 3682 lum
845 3625 983 3690 dixi,
1006 3639 1093 3679 me
1115 3622 1206 3678 Dei
1235 3621 1432 3678 Filium
1464 3639 1611 3681 esse.
1635 3625 1756 3690 Quo
1781 3633 1943 3694 pacto
1971 3638 2102 3679 vero
2140 3623 2282 3679 Deus

704 3735 770 3775 ac
811 3718 972 3773 Pater
1011 3729 1179 3785 opera
1228 3714 1366 3770 Filio
1409 3715 1794 3781 demonstret,
1844 3716 2074 3786 copiose
2123 3725 2282 3772 antea

704 3813 964 3869 diximus.

2303 3219 2348 3277 C

777 4073 845 4140 ν,
869 4075 960 4130 2|.
997 4073 1144 4130 Sicut
1170 4073 1308 4127 enim
1341 4072 1506 4126 Pater
1534 4073 1759 4132 suscitat
1789 4081 2046 4137 mortuos,
2073 4080 2123 4126 et
2156 4073 2283 4127 vivi-

701 4170 864 4237 ﬁcat'.
895 4168 972 4222 sic
1000 4176 1050 4221 et
1089 4165 1265 4219 Filius
1290 4181 1419 4233 quos
1451 4164 1561 4218 vult
1594 4164 1842 4232 vivi/icui.

780 4255 914 4312 Vide
936 4270 1133 4310 rursus
1162 4255 1529 4324 aequalitatem
1558 4253 1642 4307 his
1669 4254 1849 4308 verbis
1879 4253 2028 4309 clare
2053 4255 2284 4310 demon-

705 4349 892 4403 strari.
913 4347 1016 4413 Qui
1037 4349 1182 4402 eum)
1205 4345 1492 4414 :equaliter
1511 4344 1564 4398 iu
1592 4344 1930 4399 suscitandis
1957 4345 2121 4417 224
2145 4363 2286 4400 tuor-

705 4441 818 4495 tuis
845 4449 1107 4509 operatur
1132 4480 1145 4504 ,
1180 4437 1456 4506 quomodo
1499 4437 1606 4489 ulla
1650 4437 1702 4490 in
1742 4452 1801 4492 re
1835 4445 1982 4492 esset
2019 4439 2287 4494 inferior?

2377 1980 2616 2050 γεγονὼς
2641 1980 2707 2032 δι’
2735 1980 2880 2050 ἡμᾶς
2900 2021 2912 2041 ,
2950 1978 3206 2048 πειρᾶται
3231 1973 3525 2027 διδάσκειν.
3552 1971 3713 2024 Τοῦτο
3737 1970 3829 2040 γὰρ
3849 1965 3901 2039 ἦν

2379 2074 2471 2125 ἐπὶ
2503 2071 2578 2142 τῷ
2626 2071 2768 2142 λόγῳ
2796 2070 2858 2124 τὸ
2910 2069 3115 2122 λεῖπον.
3153 2067 3260 2119 Καὶ
3315 2065 3404 2118 διὰ
3437 2063 3596 2117 τοῦτὸ
3643 2062 3903 2132 φησιν,ὃτι

2383 2182 2402 2214 ι
2439 2163 2675 2226 Μείζονα
2707 2160 2911 2213 τούτων
2939 2159 3102 2223 δείξει
3137 2157 3286 2226 αὐτῷ
3317 2155 3475 2226 ἔργα,
3517 2154 3603 2206 ἵνα
3633 2153 3773 2222 ὑμεῖς
3806 2152 3905 2205 Θαυ-

2381 2251 2611 2323 μάζητε.
2649 2271 2666 2300 ι
2707 2251 2816 2304 Καὶ
2858 2250 2911 2302 τί
2970 2250 3129 2302 πάλιν
3170 2248 3300 2318 ἡμῖν
3338 2245 3588 2315 βούλεται
3629 2243 3711 2296 διὰ
3757 2241 3903 2295 τούτου

2378 2343 2569 2412 δηλοῦν
2606 2359 2621 2407 ;
2649 2341 3052 2411 Τεϐεράπευται
3080 2379 3093 2402 ,
3124 2342 3287 2410 φησὶν
3311 2378 3326 2401 ,
3359 2339 3388 2390 6
3435 2335 3756 2406 παράλυτος,
3785 2336 3905 2406 τριά-

2378 2451 2543 2487 κοντα
2575 2433 2668 2487 καὶ
2699 2431 2843 2486 ὀκτὼ
2873 2432 2966 2502 ἐτη
2999 2431 3136 2502 ἔχων
3173 2430 3229 2480 ὲν
3250 2430 3314 2499 τῇ
3351 2425 3605 2496 ἀσθενείᾳ
3635 2425 3798 2481 αὐτοῦ.
3825 2425 3906 2477 Καὶ

2380 2531 2665 2600 Θαυμαστὴ
2711 2527 2809 2598 μὲν
2843 2525 3011 2589 ὅντως
3048 2527 3080 2595 ὴ
3127 2523 3221 2577 τοῦ
3255 2520 3682 2594 θεραπεύσαντος
3707 2519 3906 2588 δύναμις,

2379 2621 2690 2692 θεοπρεπὴς
2708 2635 2764 2671 τε
2785 2617 2904 2671 λίαν
2930 2619 2962 2688 ἡ
2985 2615 3220 2681 ἐξουσία.
3243 2614 3346 2667 Τὸν
3374 2613 3431 2666 δὲ
3449 2611 3597 2665 οὓτω
3618 2611 3906 2681 θαυματουρο

2377 2711 2473 2781 γὺν
2497 2751 2511 2775 ,
2544 2711 2644 2764 οὐκ
2685 2711 2750 2764 ἄν
2780 2725 2895 2772 τις,
2925 2703 3078 2778 οἶμαι
3101 2747 3114 2771 ,
3149 2701 3442 2775 σωφρονῶν
3479 2701 3767 2755 αἰτιάσαιτο
3807 2700 3908 2752 Θεὸν

2378 2803 2568 2856 ἑαυτὸν
2606 2797 2744 2854 εἶναι
2777 2800 3005 2868 λέγοντα
3031 2840 3046 2866 ,
3077 2797 3171 2850 καὶ
3204 2795 3432 2868 ἐπείπερ
3467 2795 3616 2846 ἐστὶν
3645 2793 3789 2856 Υἱὸς,
3822 2793 3908 2844 ἰσον

2378 2893 2520 2948 κατὰ
2548 2893 2726 2948 πάντα
2758 2892 2835 2962 τῷ
2867 2892 3247 2961 Γεγεννηκότι.
3293 2887 3514 2958 Ἐπειδὴ
3541 2886 3595 2939 δὲ
3622 2884 3909 2956 φρονοῦντες.

2379 2987 2532 3058 φησὶ,
2581 2985 2817 3040 κάκιστά
2845 3001 2900 3037 τε
2947 2983 3042 3036 καὶ
3085 2979 3426 3049 ἀλογώτατα,
3463 2978 3556 3032 διὰ
3609 2979 3667 3030 τὸ
3697 2975 3911 3046 ἐπίκηρον

2377 3079 2528 3133 τουτὶ
2552 3075 2972 3140 σκανδαλίζεσοε
2999 3074 3492 3145 σῶμα,ἀναγκαῖον
3523 3071 3662 3140 ὑμᾶς
3681 3067 3909 3138 ἐκμαθεῖν,

2379 3172 2454 3234 ὡς
2471 3170 2532 3223 οὗ
2555 3170 2717 3241 μέχρι
2744 3167 2946 3221 τούτων
2967 3165 3036 3218 τὰ
3061 3165 3156 3234 τῆς
3173 3163 3312 3233 ἐμῆς
3328 3161 3577 3228 ἐξουσίας
3593 3177 3648 3212 τε
3670 3159 3752 3211 καὶ
3772 3154 3912 3226 ἰσχύος

2388 3265 2644 3336 στήσεται
2673 3278 2687 3294 ο
2722 3259 2986 3332 μειζόνων
3025 3256 3134 3327 γὰρ
3162 3253 3348 3307 ἔσεσθε
3388 3250 3715 3322 παραδόξων,
3749 3247 3832 3300 κᾶν
3857 3245 3912 3315 μὴ

2387 3354 2674 3426 βούλησθε,
2713 3352 2943 3423 σεωροὶ,
2978 3349 3077 3418 τῆς
3109 3347 3216 3400 τῶν
3250 3345 3459 3415 νεκρῶν
3494 3344 3815 3402 ἀναστάσεως
3845 3338 3913 3404 δη-

2383 3446 2518 3516 λαδὴ
2541 3487 2557 3512 ,
2585 3446 2681 3499 καὶ
2727 3443 2849 3496 τότε
2890 3441 3152 3512 μειζόνως
3185 3433 3673 3505 καταπλαγήσεσϐε
3693 3471 3707 3496 ,
3739 3431 3822 3501 τὴν
3855 3426 3913 3497 τῷ

2383 3538 2504 3609 Θεῷ
2533 3537 2849 3608 πρέπουσαν
2890 3535 3042 3605 ἰσχύν
3077 3549 3135 3585 τε
3169 3531 3262 3585 καὶ
3291 3529 3449 3593 δόξαν
3476 3528 3536 3580 ἐν
3566 3526 3684 3598 ἐμοὶ
3705 3522 3913 3593 κειμένην

2384 3631 2617 3702 δρῶντες
2635 3671 2649 3695 ,
2676 3629 2734 3682 ὃν
2779 3627 3089 3698 δυσφημίας
3124 3624 3424 3692 ἐγκλήματι
3470 3617 3802 3690 περιϐάλλετε
3825 3612 3910 3675 νῦν,

2383 3722 2478 3776 καὶ
2506 3720 2720 3775 διώκειν
2759 3720 2860 3773 οὐκ
2894 3714 3236 3788 αἰσχύνεσθε,
3265 3713 3354 3766 διὰ
3375 3713 3438 3766 τὸ
3461 3713 3623 3782 μόνον
3657 3710 3833 3769 εἰπεῖν,
3853 3705 3915 3757 ἄνει

2385 3813 2512 3878 Υἱὸς
2569 3811 2706 3866 Θεοῦ
2759 3813 2893 3881 εἰμι.
2932 3809 3178 3861 Δεικνύει
3218 3805 3274 3858 δὲ
3316 3806 3465 3867 ὅπως
3497 3805 3528 3857 6
3562 3801 3688 3864 Θεὸς
3725 3798 3806 3852 καὶ
3829 3797 3914 3849 lla-

2382 3905 2490 3976 τὴρ
2531 3905 2600 3958 τὰ
2632 3903 2773 3976 ἔργα
2813 3901 2892 3973 τῷ
2926 3900 3074 3971 Υἰῴ,
3105 3898 3467 3970 προλαϐόντες
3508 3895 3608 3966 ἤδη
3641 3893 3723 3948 διὰ
3751 3888 3916 3944 πολλῶν

2386 3997 2709 4067 εἰρήκαμεν.

2458 4087 2686 4155 ’Ὠσπερ
2713 4085 2822 4154 γὰρ
2845 4086 2877 4138 ὁ
2911 4083 3110 4150 Πατὴρ
3147 4080 3358 4151 ἐγείρει
3397 4079 3541 4145 τοὺς
3572 4074 3801 4145 νεκροὺς
3840 4069 3912 4124 καὶ

2386 4178 2667 4242 ζωοποιεῖ,
2693 4178 2876 4242 οὕτως
2913 4176 3011 4230 καί
3035 4178 3066 4229 ό
3104 4174 3236 4240 Υἱὸς
3266 4173 3370 4238 οὓς
3397 4171 3560 4226 θέλει
3585 4164 3834 4230 ζωοποιεῖ.

2455 4270 2566 4324 Θέα
2594 4269 2656 4340 δὴ
2692 4268 2855 4322 πάλιν
2895 4269 2954 4320 ὲν
2998 4266 3209 4328 τούτοις
3255 4265 3403 4333 σαφῆ
3433 4263 3536 4333 τὴν
3580 4263 3675 4332 τῆς
3724 4259 3914 4325 ἰσότητος

2385 4356 2676 4423 ἀπόδειξιν.
2710 4358 2766 4410 '0
2801 4357 2906 4426 γὰρ
2937 4356 3066 4416 lato;
3100 4352 3318 4424 ἐνεργὸς
3353 4352 3481 4422 περὶ
3504 4351 3602 4421 τὴν
3626 4347 3726 4401 τῶν
3753 4341 3916 4412 νεκρῶν

2386 4449 2702 4514 ἀναϐίωσιν,
2739 4448 2855 4511 πῶς
2887 4446 2951 4500 ἂν
2989 4446 3104 4516 ἔχοι
3145 4446 3282 4498 κατά
3312 4462 3364 4496 τι
3393 4443 3452 4496 τὸ
3495 4443 3708 4496 ἔλαττον
3735 4455 3748 4504 ;
3775 4437 3802 4507 ἢ
3830 4434 3917 4494 πῶς

705 4539 799 4585 aut
830 4529 1104 4602 quomodo
1130 4529 1362 4584 diversa}
1386 4537 1535 4583 esset
1565 4543 1593 4580 a
1623 4528 1784 4584 Patre
1815 4531 2158 4598 substantiae,
2187 4531 2280 4602 qui
2317 4555 2325 4609 ι

2317 4555 2360 4609 ι)
2387 4540 2454 4595 ἂν
2476 4541 2561 4610 εἴη
2589 4540 2724 4609 πρὸς
2755 4539 2846 4591 τὸν
2890 4538 3108 4608 Πατέρα
3137 4536 3324 4590 λοιπὸν
3361 4534 3656 4606 ἑτεροφυὴς
3681 4532 3762 4585 καὶ
3788 4528 3917 4593 ἔκφυ-

708 4622 904 4677 iisdem
931 4620 1166 4692 refulget
1199 4619 1666 4690 proprietatibus?
1715 4619 1945 4691 Propria
1986 4631 2166 4677 autem
2202 4633 2288 4680 est

708 4713 907 4766 divina
942 4712 1267 4767 substantiae
1301 4711 1611 4765 viviticandi
1647 4721 1890 4781 potestas
1910 4752 1924 4776 ,
1955 4729 2077 4783 qua:
2101 4730 2285 4786 aequa-

711 4805 834 4860 liter
859 4802 1008 4858 Patri
1042 4818 1106 4858 ac
1141 4802 1465 4858 Filioinest.
1495 4801 1630 4858 item
1653 4843 1667 4868 ,
1701 4819 1807 4857 non
1842 4821 1936 4874 per
1967 4822 2027 4861 se
2054 4808 2284 4862 seorsim

705 4893 976 4966 quosdam
1008 4893 1169 4948 Pater
1198 4894 1464 4956 viviﬁcat,
1512 4908 1575 4947 ac
1624 4896 1854 4949 seorsim
1900 4895 2110 4953 Filius:
2159 4914 2286 4954 cum

707 4983 853 5038 enim
888 4982 1088 5038 habeat
1131 4983 1187 5036 in
1223 4982 1404 5051 seipso
1434 4980 1646 5036 Patrem
1685 4984 2040 5048 naturaliter,
2085 4997 2286 5042 cuneta

708 5079 986 5141 operatur,
1009 5079 1063 5124 et
1090 5070 1220 5125 facit
1242 5077 1442 5124 cuncta
1469 5069 1630 5124 Pater
1650 5087 1748 5141 per
1775 5071 1993 5128 Filium.
2021 5073 2127 5130 Sed
2157 5093 2282 5132 cum

708 5162 1023 5217 vivilicandi
1049 5169 1376 5232 potestatem
1404 5161 1604 5216 habeat
1635 5161 1797 5219 Pater
1830 5164 1882 5218 in
1919 5179 2018 5219 sua
2059 5175 2284 5232 natura,

709 5253 1174 5322 quemadmodum
1236 5261 1291 5308 et
1355 5253 1472 5325 ipse
1505 5295 1521 5320 ,
1591 5254 1712 5323 ideo
1777 5255 2057 5312 viviﬁcare
2122 5274 2285 5328 posse

708 5349 960 5398 mortuos
993 5342 1214 5414 utrique
1256 5339 1451 5400 tribuit
1490 5347 1648 5416 quasi
1685 5345 1909 5416 utrique
1958 5352 2187 5404 seorsim
2229 5351 2281 5405 id

710 5433 860 5490 insit.

689 5675 692 5678 .
780 5611 826 5644 ⁸⁸
851 5610 1010 5669 Joan.
1047 5629 1159 5679 xw,
1193 5616 1276 5671 11.
1320 5615 1383 5648 ⁵⁵⁸
1410 5614 1573 5672 Joan.
1609 5632 1660 5681 ν,
1699 5616 1786 5672 l8.

2389 4631 2476 4692 λος
2505 4633 2533 4684 6
2558 4633 2670 4694 τοῖς
2694 4631 2875 4692 αὐτοῖς
2896 4628 3218 4698 διαλάμπων
3250 4625 3570 4696 ἰδιώμασιν;
3606 4623 3753 4676 Ἴδιον
3777 4618 3821 4669 δὲ
3847 4615 3918 4679 τῆς

2390 4720 2540 4783 θείας
2585 4721 2774 4782 οὐσίας
2831 4719 2895 4772 τὸ
2951 4717 3213 4771 δύνασθαι
3271 4715 3597 4783 ζωογονεῖν,
3639 4713 3764 4780 ὅπερ
3806 4704 3918 4758 ἐστὶν

2389 4812 2588 4882 ὁμοίως
2619 4812 2676 4864 ὲν
2740 4810 2916 4882 Πατρὶ
2956 4810 3050 4862 καὶ
3083 4807 3216 4878 Υἱῷ.
3270 4809 3542 4874 Ζωογονεῑ
3587 4804 3644 4858 δὲ
3671 4802 3812 4855 πάλιν
3844 4795 3918 4846 οὐκ

2393 4899 2536 4962 ἰδίως
2565 4901 2663 4970 μέν
2699 4915 2851 4960 τινας
2891 4896 3010 4950 καθ’
3039 4896 3231 4949 ἑαυτὸν
3257 4898 3284 4949 6
3324 4895 3535 4966 Πατὴρ,
3569 4892 3705 4954 ἰδίως
3727 4888 3776 4941 δέ
3803 4897 3919 4942 τινας

2391 4989 2809 5060 κεχωρισμένως
2835 4989 2864 5040 6
2899 4988 3060 5051 Υἱόςο
3101 4987 3239 5057 ἔχων
3277 4987 3383 5057 γὰρ
3422 4988 3481 5040 ἐν
3523 4981 3696 5053 ἐαυτῷ
3722 4973 3919 5049 φυσικῶς

2384 5082 2477 5134 τὸν
2514 5079 2763 5151 Πατέρα,
2796 5079 2863 5133 τὰ
2915 5080 3092 5133 πάντα
3137 5078 3470 5148 ἐργάζεται,
3498 5076 3591 5130 καὶ
3642 5071 3833 5141 ἐνεργεῖ
3868 5063 3918 5116 δι’

2389 5170 2519 5225 Υἰοῦ
2547 5171 2618 5222 τά
2647 5172 2823 5224 πάντα
2848 5171 2877 5222 ὁ
2906 5171 3117 5241 Πατήρ.
3161 5169 3298 5223 Ἀλλ’
3324 5168 3556 5239 ἐπείπερ
3584 5167 3693 5236 ἔχει
3719 5162 3772 5216 τὸ
3792 5158 3916 5211 δύνα-

2388 5263 2509 5316 σθαι
2558 5263 2846 5330 ζωογονεῖν
2875 5265 2903 5316 ὁ
2939 5263 3126 5333 Πατὴρ
3161 5263 3218 5314 ὲν
3267 5265 3334 5332 τῇ
3373 5261 3478 5330 ίδίᾳ
3510 5259 3683 5328 φύσει,
3714 5251 3915 5313 καθάπερ

2384 5349 2477 5406 οὖν
2511 5355 2604 5407 καὶ
2633 5353 2814 5418 αὐτὸς,
2848 5355 2922 5417 ὡς
2955 5354 3048 5408 κα)⁵
3081 5354 3223 5417 ἰδίως
3257 5352 3502 5423 ἐκατέρῳ
3540 5349 3729 5422 προσὸν
3760 5339 3913 5397 ἀπονέ-

2397 5461 2485 5515 μει
2516 5443 2576 5497 τὺ
2612 5444 2869 5501 δύνασθαι
2896 5445 3181 5514 ζωογονεῖν
3211 5445 3335 5508 τοὺς
3360 5442 3604 5516 νεκρούς.
