4102 6536
259 394 355 453 365

837 502 1087 558 ΚΕΦΑΛ.
1125 501 1210 556 -Z'.

259 598 377 651 Ὀτι
401 591 514 648 τῶν
541 591 886 660 θεοπρεπῶν
907 591 1270 660 ἀξιωμάτων,
1292 592 1422 660 ἦτοι
1445 594 1809 660 πλεονεκτη-

316 664 526 735 μάτων,
557 657 737 718 οὐδὲν
769 664 838 716 ἐκ
864 657 1124 730 μετοχῆς
1155 663 1189 730 ἤ
1227 657 1486 715 ἐπακτὸν·
1510 661 1580 713 ὲν
1609 657 1738 723 ne.

324 777 466 833 Οὐδὲ
509 774 618 846 γὰρ
651 780 684 832 ὁ
731 775 934 844 Πατὴρ
981 777 1169 843 κρίνει
1217 771 1464 837 οὐδένα,
1494 771 1654 828 ἀλλὰ
1696 771 1810 841 τὴν

259 871 446 942 κρίσιν
483 866 691 922 πᾶσαν
724 864 944 920 δέδωκε
981 865 1061 931 τῷ
1095 866 1223 932 Υίῷ.

321 961 534 1031 Ἕτερον
571 957 814 1031 εἰσφέρει
852 961 1085 1030 πρᾶγμα
1113 958 1411 1030 θεοπρεπές
1441 977 1500 1012 τε
1535 958 1626 1013 καὶ
1658 954 1806 1021 ἐξαί-

257 1065 378 1110 σιον,
405 1047 491 1100 διὰ
535 1045 746 1100 πολλῶν
773 1047 1099 1114 ἀναπείθων,
1134 1047 1217 1100 ὅτι
1244 1046 1376 1111 Θεός
1398 1050 1514 1100 ἐστι
1545 1044 1684 1100 κατὰ
1709 1045 1808 1115 φύ-

254 1155 330 1191 σιν
383 1135 474 1188 καὶ
500 1134 786 1205 ἀληθινῶς.
815 1134 932 1188 Τίνι
955 1135 1062 1207 γὰρ
1097 1135 1163 1189 ἂν
1204 1137 1297 1190 καὶ
1326 1136 1497 1208 ἑτέρῳ
1529 1133 1726 1208 πρέποι
1750 1134 1808 1188 τὺ

253 1233 418 1300 κρίναι
445 1226 541 1299 τὴν
588 1228 934 1299 οἰκουμένην,
959 1231 1008 1282 εί
1061 1229 1134 1300 μὴ
1168 1230 1310 1299 μόνῳ
1336 1229 1412 1301 τῷ
1466 1231 1557 1282 ἐπὶ
1602 1231 1807 1293 πάντας

247 1322 353 1375 δντι
395 1319 534 1390 Θεῷ,
569 1318 628 1372 ὃν
679 1319 745 1390 δὴ
794 1320 887 1373 καὶ
921 1319 1057 1391 πρὸς
1097 1320 1254 1372 τοῦτο
1296 1319 1549 1372 καλοῦσιν
1578 1319 1635 1372 αἱ
1667 1318 1806 1371 θεῖαι.

248 1413 486 1480 λέγουσαι
519 1410 749 1481 Γραφαὶ,
779 1410 908 1462 ποτὲ
940 1410 1058 1481 μὲν,
1085 1429 1104 1461 ι
1125 1411 1356 1464 Ἀνάστα
1387 1411 1415 1462 ὁ
1446 1409 1597 1473 Θεὸς,
1625 1411 1807 1480 κρῖνον

246 1505 338 1574 τὴν
365 1503 502 1572 γῆν·
540 1521 560 1555 ι
595 1502 724 1556 ποτὲ
755 1502 812 1555 δὲ
851 1498 917 1555 αὖ
948 1501 1127 1565 πάλιν,
1163 1521 1180 1553 ι
1219 1502 1342 1555 Ὅτι
1381 1503 1408 1555 ὁ
1443 1500 1574 1564 Θεὸς
1614 1502 1807 1572 κριτής

247 1595 353 1646 ἐστι
379 1633 394 1656 ,
424 1593 613 1646 τοῦτον
660 1595 922 1657 ταπεινοῖ,
957 1593 1048 1646 καὶ
1085 1591 1270 1646 τοῦτον
1312 1592 1453 1661 ὑψοί.
1495 1612 1514 1644 ι
1555 1591 1806 1645 Δεδόσθαι

244 1701 301 1753 γε
335 1684 438 1754 μὴν
460 1686 560 1754 τὴν
580 1683 758 1756 κρίσιν
781 1684 959 1755 ἑαυτῷ
989 1702 1120 1755 φησι
1152 1683 1304 1755 παρὰ
1331 1683 1424 1736 τοῦ
1460 1682 1689 1752 Πατρδς,
1708 1683 1806 1752 οὐχ

245 1779 313 1840 ὡς
341 1775 440 1840 ἔξω
476 1778 577 1847 τῆς
619 1777 711 1829 ἐπὶ
757 1775 930 1847 τούτῳ
963 1775 1212 1846 κείμενος
1254 1773 1533 1838 ἐξουσίας,
1575 1773 1688 1826 ἀλλ’
1729 1773 1806 1836 ὼς

1281 385 1350 440 IN
1382 381 1670 441 JOANNIS
1708 377 2156 437 EVANGELIUM
2218 378 2348 434 LIB.
2380 378 2448 434 11.

3379 380 3484 456 εδδ

2533 491 2685 550 ΟΜ).
2717 491 2809 546 νιι

1914 583 2062 650 Quod
2096 583 2246 656 nulla
2277 583 2509 652 dignitas
2540 593 2631 656 qut
2661 582 2972 656 excellentia
2999 583 3177 656 diuina
3213 597 3278 639 ex
3312 590 3484 656 parti-

2183 655 2462 720 cipatione,
2494 654 2572 706 vel
2603 655 2837 706 ascititia
2863 659 2931 706 sit
2957 655 3010 707 in
3041 653 3205 711 Filio.

1981 763 2046 832 V,
2079 765 2169 820 22.
2211 764 2390 835 Neque
2415 766 2552 818 enim
2585 763 2743 819 Pater
2760 766 2970 836 judicat
3011 785 3354 840 quemquam,
3389 771 3480 824 sed

1907 872 2058 911 omne
2075 857 2342 926 judicium
2380 856 2523 910 dedit
2561 852 2724 910 Filio.

1977 947 2138 1002 Aliud
2180 949 2440 1018 quiddam
2490 947 2734 1002 divinum
2790 963 2854 1002 ac
2903 951 3232 1020 stupendum
3279 952 3480 1020 all'ert,

1908 1039 2070 1110 longo
2117 1054 2373 1094 sermone
2405 1054 2464 1094 se
2507 1047 2702 1092 natura
2747 1045 2801 1092 et
2834 1055 2960 1092 vere
3005 1041 3170 1094 Deum
3200 1058 3323 1096 esse
3357 1058 3481 1112 per-

1907 1131 2167 1187 suadens.
2212 1131 2309 1186 Cui
2357 1129 2504 1185 enim
2557 1129 2648 1183 alii
2687 1135 2961 1184 terrarum
3004 1133 3191 1185 orbem
3231 1133 3482 1202 judicare

1906 1221 2238 1284 conveniat,
2283 1220 2388 1274 nisi
2441 1218 2532 1272 uni
2575 1233 2742 1287 supra
2779 1233 2972 1272 omnes
3007 1220 3292 1274 exsistcnti
3333 1221 3478 1285 Deo,

1906 1325 2068 1380 quem
2091 1325 2223 1364 sane
2253 1311 2450 1364 divina:
2484 1310 2784 1380 Scriptura:
2811 1311 2876 1363 ad
2909 1312 3013 1364 hoc
3047 1312 3210 1366 etiam
3246 1322 3480 1376 vocant.

1907 1401 2072 1455 modo
2103 1401 2322 1471 quidem
2383 1403 2464 1456 his
2497 1403 2680 1456 verbis
2708 1420 2721 1456 :
2759 1423 2778 1454 ι
2814 1404 2988 1472 Surge
3011 1441 3026 1466 ,
3083 1403 3226 1457 Deus
3251 1442 3264 1464 .
3291 1403 3478 1469 judica

1906 1499 2110 1544 terram
2136 1493 2213 1556 “;
2236 1513 2254 1542 ο
2280 1504 2334 1548 et
2364 1509 2557 1548 rursus
2592 1511 2606 1547 :
2643 1511 2662 1544 ι
2693 1493 2961 1558 Quoniam
3001 1495 3143 1550 Deus
3167 1496 3336 1564 judex
3360 1505 3478 1551 est:

1907 1584 2052 1637 hunc
2086 1585 2367 1648 hunuliat,
2401 1597 2454 1641 et
2486 1588 2631 1640 hunc
2663 1587 2869 1642 exaltat
2895 1587 2984 1641 “‘.
3012 1607 3029 1639 ι
3075 1587 3264 1641 Datum
3288 1599 3474 1643 autem

1905 1674 2009 1729 sibi
2032 1689 2061 1727 a
2095 1673 2254 1730 Patre
2279 1677 2358 1728 ait
2380 1677 2670 1746 judicium,
2693 1693 2799 1732 non
2834 1679 2992 1748 quasi
3023 1680 3090 1734 ab
3111 1696 3175 1735 ea
3206 1689 3504 1750 potestate-

1905 1763 1979 1818 sit
2001 1764 2212 1818 alienus
2233 1804 2247 1828 ,
2278 1766 2374 1820 sed
2409 1767 2554 1836 quod
2587 1769 2750 1821 homo
2777 1777 2902 1822 cum
2939 1770 3010 1823 sit
3053 1786 3148 1840 per
3189 1773 3478 1842 dispensa-

246 1867 516 1938 ἅνθρωπος
561 1866 956 1938 οἰκονομικῶς,
991 1867 1434 1937 πρεπωδέστερον
1492 1863 1802 1919 ἀνακεῖσθαι

1911 1857 2139 1917 tionem,
2165 1864 2374 1911 naturae
2410 1858 2608 1913 divinae
2646 1861 3036 1929 congruentius
3085 1865 3266 1916 omnia
3309 1865 3478 1917 tribui

243 1963 301 2030 τῇ
333 1958 446 2030 θείᾳ
470 1958 544 2027 cpt}
557 1976 633 2010 se:
660 1958 728 2011 τὰ
758 1959 931 2011 πάντα
963 1959 1244 2022 διδάσκων,
1278 1952 1345 2029 ἦς
1377 1957 1468 2010 καὶ
1492 1957 1652 2017 αὐτὸς
1680 1955 1811 2008 είσω

243 2045 502 2118 βεϐηκὼς,
629 2045 730 2115 μὲν
765 2047 882 2099 ἐστι
924 2047 1095 2115 Λόγος
1127 2046 1221 2099 καὶ
1264 2045 1395 2109 Θεὸς
1419 2088 1434 2111 ,
1461 2045 1670 2098 οἴκοθεν
1700 2043 1809 2114 ἔχει

241 2135 332 2205 τὴν
365 2135 446 2201 ἐφ’
491 2133 697 2187 ἅπασιν
738 2131 985 2199 ἐξουσίαν
1021 2149 1035 2164 ο
1122 2133 1178 2186 δὲ
1217 2134 1438 2202 γέγονεν
1483 2133 1806 2202 ἄνθρωπος,

241 2226 366 2297 πρὸς
389 2223 447 2275 δν
471 2225 691 2296 εἴρηταί
718 2242 842 2278 πουο
880 2245 899 2278 ι
937 2225 1002 2278 Τί
1037 2223 1146 2296 γὰρ
1172 2223 1333 2293 ἔχεις,
1361 2223 1389 2276 6
1414 2223 1512 2276 οὐκ
1546 2222 1734 2285 ἔλαϐες
1754 2239 1804 2288 ;ι

237 2315 470 2385 δεδέχθαι
513 2315 831 2386 πρεπόντως
860 2314 1129 2385 ὁμολογεῖ.
1164 2316 1304 2386 Πρὸς
1335 2313 1398 2384 δὴ
1434 2312 1606 2367 ταῦτα
1647 2312 1809 2366 πάλιν

238 2409 346 2477 ἐρεῖ
371 2425 450 2470 τις
504 2408 668 2478 τυχὸν
695 2407 803 2461 τῶν
835 2407 901 2460 δι’
950 2407 1219 2470 ἐναντίαςο
1267 2407 1397 2460 Ἰδοὺ
1443 2404 1738 2476 διαρρήδην
1779 2405 1810 2458 ό

240 2499 356 2562 Υίος
402 2499 502 2568 τὴν
552 2499 732 2569 κρίσιν
775 2498 1017 2568 δεδέχθαι
1060 2498 1192 2567 φησὶ
1240 2498 1390 2569 παρὰ
1434 2496 1525 2550 τοῦ
1575 2496 1804 2567 Πατρός.

240 2589 512 2658 Δαμϐἁνει
549 2589 626 2653 δὲ,
657 2590 732 2652 ὼς
760 2589 860 2642 οὐκ
907 2588 1045 2658 ἔχων
1094 2587 1318 2659 δηλαδή.
1348 2587 1470 2650 Πῶς
1493 2583 1585 2640 οὖν
1614 2587 1712 2639 οὐκ
1740 2585 1805 2638 ἂν

237 2682 313 2750 εἴη
342 2681 568 2750 μείζων,
608 2681 702 2733 καὶ
731 2679 1228 2749 μεγαλοφυέστερος
1257 2682 1283 2732 ὁ
1311 2678 1482 2740 διδοὺς
1511 2677 1628 2747 μετ’
1658 2677 1806 2740 ἐξου-

239 2775 366 2834 σίας,
401 2772 494 2826 τοῦ
528 2772 782 2842 δεομένου
817 2773 1032 2835 λαϐεἰν;
1060 2772 1124 2824 Τί
1154 2771 1218 2843 δὴ
1249 2767 1340 2824 οὖν
1363 2770 1470 2841 ἄρα
1492 2769 1626 2840 πρὸς
1650 2767 1805 2822 τοῦτό

238 2878 454 2931 φαμενς
515 2863 581 2917 Ὃ
623 2862 724 2933 μὲν
757 2862 914 2930 λόγος
964 2862 1093 2932 ἡμῖν
1143 2863 1170 2914 ὁ
1203 2860 1666 2930 προτεταγμένος,
1702 2859 1803 2912 οὐκ

234 2953 508 3022 ἀκόμψως,
559 2954 636 3016 ὡς
665 2949 816 3024 οἶμαι
847 2995 862 3016 ,
887 2953 1191 3023 διήρτισται
1212 2992 1225 3012 ,
1254 2951 1488 3020 θεωρίαν
1536 2951 1803 3020 εἰσφέρων

233 3048 324 3120 τὴν
353 3049 427 3118 τῷ
471 3046 656 3117 καιρῷ
701 3045 932 3117 μάλιστα
975 3044 1288 3114 πρέπουσαν
1327 3043 1424 3113 τῆς
1455 3041 1804 3112 ὲνανθρωπή-

1910 1948 2144 2011 doceat;
2169 1963 2413 2017 quacum
2441 1949 2516 2004 sit
2543 1949 2658 2018 ipse
2689 1951 2951 2018 praeditus
2971 1992 2984 2015 ,
3021 1953 3074 2005 in
3107 1963 3370 2022 quantum
3397 1963 3481 2009 est

1911 2034 2148 2091 Verbum
2178 2051 2243 2090 ac
2279 2035 2445 2103 Deus,
2483 2051 2512 2089 a
2545 2053 2602 2092 se
2632 2038 2793 2093 habet
2823 2040 3068 2092 omnium
3106 2049 3429 2109 potestatem
3460 2062 3476 2094 :

1909 2136 2182 2198 quatenus
2215 2137 2392 2182 autem
2422 2128 2583 2181 homo
2611 2129 2791 2182 factus
2822 2136 2907 2184 est
2928 2170 2942 2196 ,
2985 2132 3051 2184 ad
3086 2147 3246 2201 quem
3281 2132 3480 2186 alicubi

1908 2219 2117 2273 dictum
2153 2229 2270 2272 est:
2318 2237 2336 2268 ι
2363 2217 2503 2284 Quid
2547 2221 2690 2273 enim
2727 2220 2894 2275 habes
2933 2223 3075 2290 quol
3113 2238 3219 2275 non
3265 2225 3477 2292 accepi-

1909 2310 1980 2365 sti
2007 2310 2088 2365 "7
2114 2328 2131 2361 ι
2184 2324 2244 2365 se
2292 2312 2610 2380 accepisse,
2653 2313 2938 2390 ut'decet,
2982 2315 3203 2368 fatetur.
3247 2315 3322 2369 Ad
3362 2315 3478 2370 lure

1908 2416 2128 2456 rursum
2169 2401 2314 2457 dicet
2349 2401 2533 2458 forsan
2574 2401 3016 2458 adversariorum
3052 2408 3251 2477 aliquis
3282 2426 3294 2461 :
3339 2408 3478 2462 Ecce

1907 2503 2092 2563 aperte
2135 2491 2308 2548 Filius
2339 2494 2416 2548 ait
2469 2509 2529 2549 se
2574 2496 2842 2564 judicium
2893 2511 2922 2550 a
2971 2497 3135 2553 Patre
3173 2501 3472 2569 accepisse.

1905 2587 2118 2655 Accipit
2150 2595 2331 2640 autem
2357 2626 2371 2648 ,
2420 2597 2479 2640 ut
2525 2589 2617 2658 qui
2654 2603 2761 2642 non
2795 2589 2991 2643 habeat
3020 2592 3287 2646 videlicet.
3327 2592 3476 2658 Quo-

1905 2675 2068 2728 modo
2104 2690 2234 2745 ergo
2271 2676 2446 2742 major
2484 2693 2593 2730 non
2639 2678 2745 2731 erit
2791 2693 2854 2731 ac
2903 2679 3340 2748 magnificentior
3383 2683 3476 2750 qui

1904 2781 2027 2818 cum
2070 2775 2338 2834 potestate
2373 2767 2506 2827 dat,
2548 2782 2716 2836 quam
2760 2770 2851 2822 cui
2892 2772 3142 2839 accipere
3184 2782 3267 2825 est
3295 2771 3479 2841 opus?

1903 2856 2043 2920 Quid
2077 2858 2240 2925 igitur
2273 2858 2400 2911 huic
2437 2857 2870 2927 respondemus?
2899 2859 3071 2914 Antea
3107 2861 3322 2930 quidem
3366 2879 3473 2917 non

1905 2950 2134 3012 inscite,
2171 2958 2230 3004 ut
2263 2951 2538 3014 arbitror,
2572 2965 2634 3004 ea
2678 2951 2745 3005 de
2781 2962 2839 3005 re
2884 2951 3279 3018 disseruimus,
3313 2955 3474 3008 allata

1900 3042 2286 3096 observatione
2355 3043 2592 3096 maxime
2664 3043 3010 3097 convenienti
3073 3043 3472 3100 incarnationis

233 3155 363 3201 σεως
415 3136 663 3208 δηλαδὴ,
694 3137 788 3189 καὶ
840 3134 1119 3205 οίκονομία
1165 3136 1228 3204 τῇ
1274 3132 1413 3203 μετὰ
1455 3131 1656 3201 σαρκὸς
1703 3131 1801 3200 ἁρ-

1903 3132 2131 3201 tempori
2166 3133 2445 3197 nimirum,
2472 3142 2526 3186 et
2550 3132 2943 3201 dispensationi
2971 3149 3095 3188 cum
3124 3149 3290 3188 carne
3313 3137 3476 3204 aptis-

235 3230 599 3301 μοδιωτάτην,
651 3229 738 3281 ὅτε
798 3226 982 3289 δοῦλος
1034 3226 1398 3296 ἐχρημάτισεν
1428 3264 1440 3284 ,
1488 3224 1576 3276 ὅτε
1639 3238 1799 3275 τετα-

235 3323 490 3374 πείνωκεν
555 3319 784 3383 ἑαυτὸν,
818 3319 875 3370 ὲν
930 3316 1237 3388 ὁμοιώματι
1289 3314 1366 3385 τῷ
1418 3313 1670 3384 ἡμετέρῳ
1709 3329 1802 3380 γε-

233 3412 460 3480 νόμενος.
511 3408 736 3478 Ἐπειδὴ
767 3407 822 3460 δέ
859 3422 938 3459 σοι
975 3407 1119 3459 δοκεῖ
1154 3404 1261 3458 τῶν
1290 3407 1388 3474 μὲν
1421 3402 1800 3473 ἁπλουστέρων

232 3501 563 3570 κατασοϐαρε
571 3502 628 3552 ύε
637 3499 757 3552 σθαι
768 3498 1070 3569 δογμάτων,
1092 3495 1511 3568 περιεργοτέραν
1528 3495 1584 3547 δὲ
1605 3495 1801 3564 μᾶλλον

233 3593 490 3648 ποιεῖσθαι
530 3592 632 3662 τὴν
660 3593 906 3663 ζήτησιν,
950 3591 1046 3658 ἄγε
1075 3589 1138 3660 δὴ
1169 3589 1327 3642 πάλιν
1359 3591 1472 3651 τοῖς
1505 3589 1618 3650 σοῖς
1653 3588 1802 3639 ὲναν-

232 3681 348 3743 τίως
401 3681 577 3742 ἰόντες
628 3681 994 3751 προϐλήμασι,
1029 3677 1246 3748 πρῶτον
1297 3679 1470 3728 ἐκεῖνο
1518 3676 1794 3745 λέγωμεν·

231 3773 354 3843 Οὐχὶ
385 3774 629 3835 πάντως.
661 3772 779 3824 οὐδὲ
821 3769 1150 3837 ἀναγκαίως,
1175 3762 1218 3820 ὦ
1267 3763 1442 3829 οὗτος,
1476 3768 1503 3818 ὁ
1539 3764 1719 3818 δοῦναί
1745 3781 1797 3817 τι

231 3863 536 3932 λεγόμενος,
585 3862 660 3925 ὡς
687 3862 785 3914 οὐκ
811 3860 984 3929 ἔχοντι
1027 3858 1104 3928 τῷ
1152 3859 1424 3927 δεχομένῳ
1478 3855 1794 3925 προσνέμει,

231 3955 334 4007 ἀλλ’
361 3955 483 4007 οὐδὲ
518 3954 720 4024 μείζων
751 3953 834 4006 ἀεὶ
854 3950 948 4004 τοῦ
969 3951 1339 4020 λαμϐάνοντος
1357 3951 1383 4000 ὁ
1411 3947 1604 4010 διδούς.
1646 3947 1799 3998 Ἐπεὶ

229 4047 279 4098 τί
307 4056 574 4116 ποιήσεις,
604 4045 732 4096 ὅταν
760 4043 875 4113 ἴδῃς
897 4043 954 4094 ὲν
982 4040 1254 4109 Πνεῦματι
1287 4039 1375 4090 τὸν
1405 4037 1548 4107 ἱερὸν
1574 4036 1799 4103 λέγοντα

230 4136 550 4207 Ψαλμῳδδν,
577 4154 596 4187 ι
638 4134 766 4187 Δότε
788 4135 947 4199 δῦξαν
975 4133 1114 4202 Θεῷς
1161 4151 1176 4181 ι
1207 4129 1375 4197 Δόξης
1397 4130 1504 4200 ἄρα
1530 4128 1797 4181 καθεστᾶ-

229 4245 312 4278 ναι
339 4229 424 4279 τὸν
455 4225 594 4279 Θεὸν
640 4225 828 4277 ἐπιδεᾶ
875 4221 1223 4292 λογιούμεθα,
1251 4221 1282 4290 ἦ
1313 4221 1407 4273 καὶ
1445 4219 1662 4288 μείζους
1705 4217 1796 4270 τοῦ

233 4319 504 4381 κτίσαντος
556 4317 643 4370 διὰ
669 4315 826 4368 τοῦτο
858 4315 1073 4376 πάντως
1117 4315 1298 4382 ἡμεῖς,
1331 4312 1379 4364 οἱ
1403 4310 1607 4378 ταύτην
1649 4307 1798 4378 αὑτῷ

233 4409 522 4476 προσάγειν
563 4404 1010 4474 ὲπιταττόμενοις
1053 4400 1190 4453 Ἀλλ’
1222 4400 1328 4452 οὐδ’
1382 4398 1446 4450 ἂν
1474 4396 1634 4458 αὐτὸς
1663 4397 1800 4448 ἀπο-

1901 3223 2062 3285 sima,
2081 3239 2203 3276 cum
2230 3237 2422 3278 servus
2449 3230 2795 3292 Imncupatus
2819 3231 2920 3287 est,
2946 3239 3068 3277 cum
3099 3225 3339 3292 scipsuln
3366 3228 3477 3280 exi-

1901 3314 2129 3376 nanivit.
2152 3315 2204 3368 in
2229 3314 2588 3368 similitudine
2623 3326 2809 3369 nostra
2838 3315 2997 3384 225
3024 3315 3280 3370 factus“.
3365 3316 3472 3372 Svd

1899 3409 2157 3478 quoniam
2201 3409 2536 3479 simpliciora
2576 3409 2830 3479 dogmata
2866 3410 3098 3479 superbe
3131 3410 3386 3481 despicis,
3419 3420 3475 3465 et

1899 3497 2234 3567 exquisitius
2263 3514 2323 3551 ea
2359 3499 2440 3552 vis
2467 3499 2794 3562 examinari,
2832 3514 2932 3570 age
2964 3499 3148 3554 denuo
3173 3507 3295 3556 tuas
3321 3503 3471 3571 obje-

1898 3592 2110 3646 ctioncs
2137 3590 2460 3654 refutantes,
2500 3591 2737 3660 primum
2769 3590 3038 3644 dicamus.
3091 3587 3210 3644 Non
3255 3607 3472 3661 semper

1901 3697 2080 3750 neque
2118 3683 2434 3735 necessario
2477 3699 2600 3735 eum
2650 3683 2741 3750 qui
2789 3682 2922 3735 dare
2982 3683 3191 3752 aliquid
3243 3682 3470 3744 dicitur,

1899 3773 2186 3840 accipienti
2225 3774 2465 3827 tribuere
2498 3773 2653 3842 quasi
2705 3788 2810 3825 non
2864 3773 3113 3838 habenti,
3146 3775 3238 3828 sed
3296 3792 3474 3844 neque

1899 3863 2118 3917 dantem
2156 3863 2459 3932 accipiente
2503 3879 2718 3933 semper
2747 3879 2869 3918 esse
2917 3865 3202 3934 majorem.
3257 3867 3470 3935 Alioqui

1897 3954 2065 4017 enim,
2121 3953 2252 4022 quid
2303 3953 2468 4008 facies
2521 3967 2641 4005 cum
2684 3952 2890 4007 videbis
2947 3965 3194 4008 sanciunt
3245 3953 3473 4008 Psalmi—

1899 4052 2038 4098 stam
2073 4045 2346 4100 dicentem
2381 4046 2432 4098 in
2467 4043 2714 4113 Spiritu:
2743 4065 2760 4097 ‹
2789 4045 2920 4099 Date
2947 4047 3174 4116 gloriam
3210 4049 3318 4102 Deo
3336 4048 3419 4100 "?
3447 4069 3465 4101 ι

1896 4134 2054 4189 Anne
2078 4136 2252 4206 gloria
2279 4151 2416 4205 Opus
2453 4152 2574 4190 esse
2610 4136 2718 4189 Deo
2750 4139 3086 4206 putabimus,
3121 4148 3212 4192 aut
3235 4139 3470 4206 majores

1898 4226 2158 4281 Creatore
2195 4243 2295 4281 nos
2341 4243 2462 4282 esse
2503 4227 2594 4296 qui
2649 4227 2788 4281 hanc
2841 4228 2889 4283 ei
2921 4228 3138 4282 deferre
3179 4229 3476 4297 jubemur?

1899 4318 2062 4387 Atqui
2095 4326 2149 4371 lu
2188 4317 2238 4372 id
2267 4318 2513 4388 proferre
2547 4333 2654 4370 non
2691 4318 2942 4380 audebis,
2977 4320 3102 4373 licet
3132 4321 3184 4372 in
3219 4321 3474 4390 blasphe-

1899 4410 2026 4464 miis
2053 4409 2269 4480 egregie
2316 4409 2650 4463 exercitatus
2682 4427 2694 4462 :
2725 4410 2866 4464 Deus
2896 4410 3040 4465 enim
3073 4412 3245 4482 gloria
3276 4415 3472 4482 plenus

229 4498 514 4568 τολμήσεις
543 4497 739 4553 εἰπεῖν.
766 4495 794 4547 ό
818 4494 908 4546 τὸν
942 4493 1033 4545 ὲπὶ
1052 4493 1169 4553 ταῖς
1201 4488 1529 4558 δυσφημίαις
1561 4487 1714 4539 δκνον
1735 4486 1796 4538 οὐ

1903 4509 2007 4565 est,
2037 4502 2289 4570 quamvis
2308 4517 2427 4556 eam
2457 4518 2486 4554 a
2515 4503 2670 4556 nobis
2693 4520 2802 4556 non
2831 4504 3085 4573 accipiat.
3111 4505 3265 4570 Quod
3291 4514 3473 4560 autem

234 4585 680 4655 παραιτούμενος·
710 4583 911 4651 πλῆρες
937 4580 1044 4650 γὰρ
1080 4579 1237 4646 δόξης
1271 4577 1332 4630 τὸ
1358 4575 1530 4639 Θείον,
1566 4575 1668 4628 κᾶν
1720 4575 1794 4645 μὴ

229 4672 440 4744 δέχηται
469 4673 602 4743 παρ’
644 4671 819 4742 ήμῶν.
857 4672 922 4723 ⁸⁸0
945 4671 1002 4722 δὲ
1051 4669 1258 4721 οἴκοθεν
1289 4667 1400 4736 ἔχει
1419 4665 1712 4736 λαμϐάνων
1739 4668 1797 4718 ἐν

232 4765 372 4829 τάξει
403 4766 595 4835 τιμῆς,
618 4765 718 4817 οὐκ
753 4765 816 4816 ἂν
838 4762 1073 4815 ἐλάττων
1111 4760 1280 4813 νοοῖτό
1309 4777 1435 4813 ποτε
1473 4757 1605 4821 τῶν,
1639 4759 1797 4828 οἵπερ

233 4855 371 4924 αὐτῷ
394 4857 498 4926 τὴν
525 4855 685 4922 δόξαν
725 4854 800 4916 ὡς
821 4853 992 4923 δῶρον
1023 4852 1408 4921 προσάγουσιν.
1446 4850 1600 4902 Ἔστι
1620 4849 1798 4902 τοίνυν

229 4948 353 5018 ὀρᾷν
385 4947 478 5000 τὸν
520 4947 779 5016 εἰληφότα
828 4962 880 4998 τι
907 4943 1002 4997 τοῦ
1048 4943 1341 5006 δεδωκότος
1382 4943 1482 4996 οὐκ
1531 4941 1800 5010 αἰσχίονα,

234 5039 320 5090 καὶ
379 5040 441 5092 οὐ
493 5039 584 5093 διὰ
631 5037 790 5091 τοῦτο
845 5036 1346 5108 μεγαλοφυέστερος
1393 5037 1422 5087 ό
1471 5035 1661 5104 Πατὴρ
1706 5031 1800 5086 τοῦ

237 5128 358 5182 ἰδίου
416 5131 794 5200 Γεννήματος,
857 5128 979 5180 ἐπεὶ
1029 5129 1207 5180 πᾶσαν
1259 5125 1406 5195 αὑτῴ
1455 5125 1653 5178 δέδωκε
1701 5125 1800 5195 τὴν

234 5221 426 5289 κρίσιν.
465 5217 599 5272 Εἶτα
631 5219 764 5290 πρὸς
806 5219 979 5288 τούτῳ
1030 5220 1250 5271 κάκεῖνο
1289 5209 1698 5286 περισκεπτέονλ
1741 5217 1801 5270 τὸ

237 5311 453 5383 κρίνειν,
485 5313 604 5382 ἦτοι
656 5311 916 5374 δικάζειν,
971 5309 1238 5380 ἐνέργειαι
1284 5308 1482 5377 μᾶλλόν
1533 5311 1638 5361 είσι
1711 5309 1804 5361 καὶ

239 5404 533 5473 πράγματα
575 5401 681 5456 τῶν
722 5403 851 5472 περὶ
894 5401 994 5464 τὰς
1019 5401 1207 5463 οὐσίας
1254 5398 1632 5470 νοουμένων,ἥ
1673 5398 1806 5451 αὐτό

239 5496 347 5546 κατ’
370 5495 625 5565 ἀλήθειαν
643 5493 840 5547 οὐσίαι.
881 5491 1242 5564 Ἐνεργοῦμεν
1270 5493 1378 5562 γὰρ
1399 5507 1452 5544 τι
1472 5490 1805 5554 δικάζοντες,

240 5584 540 5650 ίδιαζόντως
565 5585 898 5656 ῦπάρχοντες
938 5585 1076 5656 ὅπερ
1095 5582 1283 5655 ἐσμέν.
1308 5583 1370 5639 Εἰ
1396 5581 1454 5638 δὲ
1482 5580 1542 5634 τὸ
1573 5581 1798 5656 κρίνειν,

1903 4607 1934 4645 a
1972 4607 2032 4647 se
2086 4593 2278 4658 habet,
2315 4595 2360 4647 si
2402 4595 2453 4648 id
2499 4595 2725 4650 honoris
2785 4596 2904 4648 loco
2955 4595 3186 4664 accipit,
3237 4613 3345 4650 non
3393 4607 3477 4651 est

1904 4680 2130 4738 inferior
2169 4684 2374 4739 idcirco
2416 4686 2725 4741 censendus
2755 4686 2821 4739 iis
2851 4687 2943 4754 qui
2974 4688 3203 4757 gloriam
3239 4689 3340 4755 ipsi
3376 4703 3473 4741 ceu

1904 4774 2106 4828 donum
2130 4773 2390 4830 offerunt.
2420 4775 2574 4831 Licet
2601 4793 2728 4847 ergo
2765 4778 2949 4832 videre
2979 4794 3102 4832 eum
3146 4780 3234 4848 qui
3273 4778 3475 4848 aliquid

1906 4865 2116 4934 accepit
2149 4864 2322 4920 nihilo
2354 4866 2669 4922 inferiorem
2714 4883 2838 4922 esse
2876 4884 2940 4923 eo
2971 4869 3061 4938 qui
3094 4870 3262 4931 dedit,
3301 4885 3476 4938 neque

1902 4951 2131 5023 proinde
2181 4954 2708 5023 magnificentiorcm
2758 4955 2976 5011 Patrem
3035 4972 3137 5011 suo
3165 4957 3471 5018 Genimiue,

1901 5043 2047 5112 quod
2080 5043 2131 5098 ei
2162 5044 2376 5099 dederit
2399 5046 2879 5114 'omnejudicium.
2911 5047 3137 5108 Deinde,
3175 5047 3308 5100 illud
3338 5065 3474 5118 quo-

1901 5149 2008 5203 que
2043 5133 2503 5189 considerandum
2538 5143 2655 5200 est,
2691 5136 2939 5204 judicare
2974 5137 3087 5189 sive
3134 5136 3226 5205 jus
3255 5137 3471 5206 dicere,

1900 5225 2249 5292 operationes
2283 5226 2464 5293 potius
2491 5241 2616 5280 esse
2656 5236 2748 5279 aut
2771 5235 2928 5280 actus
2955 5241 3142 5279 eorum
3180 5243 3300 5296 quae
3327 5229 3474 5285 circa

1903 5317 2244 5371 substantias
2284 5332 2409 5370 esse
2461 5317 2861 5386 intelliguntur,
2891 5331 3055 5387 quam
3095 5318 3244 5388 ipSas
3285 5337 3476 5377 revera

1904 5406 2260 5458 substantias.
2280 5406 2498 5474 Aliquid
2521 5406 2666 5460 enim
2694 5404 2926 5461 facimus
2947 5405 3074 5461 dum
3095 5407 3188 5478 jus
3211 5409 3472 5477 dicimus,

1905 5497 2068 5551 iidem
2099 5513 2330 5567 prorsus
2355 5496 2655 5553 secundum
2685 5497 3048 5554 substantiam
3071 5515 3471 5572 permanentes.

1907 5585 2063 5655 Quod
2113 5586 2160 5642 si
2205 5587 2455 5657 judicare
2495 5587 2862 5644 substantiam
2918 5605 3042 5646 esse
3087 5593 3473 5661 cencedemus,

303 5772 347 5804 "
374 5771 522 5828 Psal.
553 5789 734 5842 um,
766 5775 820 5829 8.
898 5774 962 5808 ⁵⁸⁵
988 5771 1130 5830 Psal.
1170 5787 1352 5836 Lutv,
1387 5769 1441 5826 8.
1516 5769 1559 5801 ⁵⁷
1596 5770 1612 5825 Ι
1651 5770 1776 5826 Cor.

1941 5771 1992 5826 7.
2070 5770 2114 5802 ³³
2148 5767 2345 5839 Philip.
2384 5784 2442 5832 ιι,
2475 5769 2527 5822 7.
2581 5769 2650 5856 ..ζ’
2688 5765 2836 5826 Psal.
2864 5784 3041 5838 uvn,
3073 5771 3163 5827 55.
