4102 6532
685 415 791 472 567

1667 405 1723 463 S.
1765 403 2041 463 CYRILLI
2083 395 2552 464 ALEXANDRINI
2593 405 2912 465 ARClllEP.

3791 425 3871 482 568

685 531 961 602 quomodo
994 544 1218 584 necesse
1258 543 1364 582 non
1414 535 1498 582 est
1548 535 1606 581 ut
1637 529 1718 582 vel
1773 530 1930 584 inviti
1966 531 2255 598 fateamur,
2288 541 2305 594 Α

2253 577 2255 591 ,
2288 539 2332 594 Α
2360 533 2478 602 ἦτοι
2504 531 2956 596 δικάζειν,ούσίαν
2981 522 3120 582 εἶναι
3147 527 3407 598 δώσομεν,
3442 531 3552 595 πῶς
3581 536 3671 590 οὐκ
3705 540 3873 618 ἀνάγκη

687 623 963 677 uerninem
1021 622 1177 690 plane
1220 621 1488 673 exsistere
1525 635 1688 688 posse
1738 620 1792 673 in
1836 637 2018 676 rerum
2062 633 2260 676 natura

692 714 797 766 nisi
838 722 960 766 actu
995 712 1249 781 judicare
1287 709 1557 772 videatur,
1591 717 1644 762 et
1681 725 1809 764 cum
1849 712 1975 781 quis
2010 711 2262 780 judicare

686 797 912 865 desinit,
975 817 1081 854 una
1118 816 1338 870 quoque
1393 815 1613 855 cessare
1677 800 1797 870 ejus
1858 799 2263 856 substantiam?

687 891 795 947 Sed
860 893 934 945 ita
1011 893 1213 947 sentire
1287 900 1365 946 est
1457 892 1936 947 absurdissimum.
2012 892 2264 948 Judicare

685 982 852 1052 igitur
919 981 1067 1035 actio
1129 983 1377 1050 quaedam
1441 991 1563 1046 est,
1641 997 1705 1035 ac
1772 995 2033 1052 praeterea
2101 983 2256 1036 nihil.

686 1073 828 1140 Quid
866 1087 996 1142 ergo
1034 1073 1184 1127 dedit
1230 1072 1390 1128 Pater
1443 1071 1624 1126 Filio?
1675 1071 1889 1126 Nullam
1939 1073 2156 1143 quidem
2195 1089 2261 1127 ex

686 1181 784 1221 sua
823 1174 1018 1219 natura
1064 1166 1476 1229 excellentiam,
1514 1165 1566 1217 in
1616 1181 1680 1218 eo
1729 1164 1870 1233 quod
1923 1179 2083 1219 omne
2110 1164 2258 1234 judi-

686 1256 829 1309 cium
869 1257 915 1310 ei
963 1256 1206 1320 tradidit,
1239 1256 1334 1310 sed
1376 1255 1644 1309 actionem
1685 1257 1864 1325 potius
1915 1256 1970 1308 in
2022 1270 2120 1310 eos
2168 1257 2260 1326 qui

681 1347 1016 1416 judicantur.
1053 1346 1337 1413 Quomodo
1369 1345 1534 1415 igitur
1569 1345 1623 1398 in
1658 1345 1760 1399 hoc
1793 1345 1967 1415 major
2004 1345 2128 1410 erit,
2169 1355 2262 1400 aut

689 1437 1141 1508 magniﬁcentior,
1172 1437 1434 1491 nonnullo
1482 1437 1668 1491 addito
1715 1437 1860 1506 quod
1907 1453 2014 1490 non
2062 1439 2262 1493 eratin

687 1524 826 1581 Filio
869 1529 962 1596 qui
1010 1527 1186 1581 dicit:
1230 1545 1249 1577 ι
1294 1525 1488 1581 Omnia
1525 1543 1646 1596 quae
1694 1529 1858 1583 habet
1888 1527 2087 1597 Pater,
2139 1546 2261 1585 mea

687 1631 817 1674 sunt
844 1619 909 1672 ⁸ο.
973 1638 990 1668 ι
1040 1617 1322 1684 Quomodo
1384 1618 1551 1689 igitur
1599 1619 1733 1673 illud
1791 1619 1925 1675 (lare
1970 1625 2044 1676 sit
2099 1623 2262 1676 intel-

686 1710 996 1780 ligendum,
1047 1712 1288 1775 attende,
1339 1725 1545 1779 quaeso.
1592 1711 2062 1776 Quemadmodum
2120 1714 2261 1771 Deus

690 1817 753 1854 ac
785 1800 943 1855 Pater
988 1799 1215 1855 creandi
1259 1810 1529 1870 potestate
1575 1805 1834 1870 prmditus
1880 1814 2079 1858 cuncta
2109 1813 2260 1860 creat

689 1907 782 1961 per
813 1890 1033 1956 Filium,
1059 1900 1316 1962 tanquam
1349 1909 1443 1962 per
1475 1894 1730 1947 virtutem
1765 1905 1819 1950 et
1852 1897 2020 1950 robur
2048 1912 2210 1950 suum
2243 1917 2256 1951 :

691 1983 788 2047 ita,
819 1997 945 2037 cum
981 1999 1146 2052 penes
1177 1999 1300 2037 eum
1323 1985 1394 2038 sit
1421 1983 1709 2052 judicandi
1737 1994 1998 2056 potestas,
2044 1988 2094 2041 id
2123 2003 2261 2057 quo-

687 2090 799 2144 que
838 2074 1121 2144 prmslabit
1163 2090 1256 2144 per
1304 2073 1503 2128 Filium
1551 2084 1810 2146 tanquam
1853 2092 1952 2146 per
1992 2078 2260 2148 justitiam

689 2176 844 2216 suam
879 2181 891 2216 :
933 2174 990 2214 ut
1027 2161 1071 2216 si
1106 2161 1320 2216 dicatur
1348 2163 1488 2233 ignis
1527 2165 1761 2218 naturali
1795 2180 1908 2218 suae
1944 2166 2128 2220 virtuti
2155 2169 2261 2220 ali—

689 2252 816 2321 quid
849 2252 1278 2307 comburendum
1330 2255 1663 2318 concedere,
1699 2273 1820 2310 eum
1865 2273 1952 2312 res
2000 2259 2053 2311 id
2101 2259 2257 2314 ferat.

688 2337 996 2399 llocmodo
1025 2345 1113 2414 pie
1152 2345 1583 2415 interpretantes
1615 2347 1769 2410 illud,
1804 2367 1822 2398 ‹
1858 2349 2027 2415 dedit,
2069 2368 2087 2400 ι
2127 2350 2261 2404 vita-

690 2435 872 2488 bimus
920 2435 1083 2505 226
1129 2435 1383 2504 laqueum
1437 2437 1659 2492 diaboli.
1712 2440 1868 2505 Quod
1922 2441 1966 2495 si
2022 2449 2265 2510 perstant

687 2525 1033 2595 impudenter
1086 2542 1338 2582 asserere
1394 2529 1637 2583 additam
1679 2531 1728 2585 ei
1778 2547 1900 2586 esse
1948 2533 2177 2602 gloriam
2233 2550 2263 2587 a

690 2617 867 2684 l‘atre,
899 2633 963 2672 ex
995 2632 1058 2672 eo
1101 2619 1244 2688 quod
1299 2630 1458 2673 terrae
1502 2621 1665 2690 judex
1703 2623 1982 2686 statuitur,
2031 2624 2265 2678 doceant

687 2724 790 2762 nos
823 2723 931 2778 quo
984 2719 1143 2776 pacto
1193 2709 1303 2778 jam
1358 2712 1692 2786 intelligatur
1735 2711 2029 2776 Dominus,
2065 2716 2157 2784 qui
2210 2723 2265 2771 et

688 2799 744 2854 in
785 2799 1040 2855 extremis
1075 2800 1412 2870 temporibus
1445 2801 1547 2856 hoc
1578 2803 1788 2859 honore
1814 2815 2134 2861 coronatur.

1309 2997 1460 3053 CAP.
1494 2997 1630 3054 Vill.

690 3109 844 3176 Quod
899 3107 1037 3160 Deus
1083 3116 1130 3161 et
1171 3125 1234 3161 ea:
1272 3109 1376 3163 Deo
1427 3110 1710 3163 secundum
1742 3119 1989 3166 naturam
2033 3131 2150 3167 cum
2195 3117 2262 3169 sit

757 3179 955 3257 Filius.
985 3187 1031 3230 et
1065 3179 1746 3268 perfectissima.Genitoris
1779 3184 1974 3253 imago,
2009 3186 2262 3255 wqualem
2292 3210 2332 3268 ο

757 3267 875 3304 cum
915 3248 1028 3315 ipso
1061 3247 1307 3304 honorent
1339 3263 1385 3304 et
1416 3253 1639 3321 gloriam
1665 3260 1879 3307 obtinet.

758 3343 824 3410 ν,
856 3344 945 3399 23.
997 3340 1064 3394 Ut
1095 3360 1271 3398 omnes
1303 3345 1652 3413 honoriﬁcent
1683 3344 1903 3408 Filium,
1937 3348 2070 3401 sicut
2104 3347 2266 3404 Itono-

687 3437 897 3506 ri/icant
951 3437 1212 3492 Patrem:
1249 3438 1337 3506 qui
1373 3453 1476 3489 non
1520 3436 1836 3506 honoriﬁca!
1887 3435 2122 3505 Filium,
2163 3457 2266 3494 non

685 3525 1001 3596 honori/icat
1031 3527 1264 3586 Patrem,
1290 3527 1378 3594 qui
1407 3528 1549 3580 misit
1576 3528 1750 3583 illum.

759 3618 939 3673 Causa
969 3627 1022 3673 et
1057 3617 1199 3672 ratio
1232 3619 1422 3672 eorum
1461 3635 1582 3687 qum
1609 3621 1761 3690 prius
1791 3622 1950 3675 allata
1987 3631 2116 3678 sunt
2146 3638 2266 3679 esse

686 3710 925 3771 videtur,
969 3711 1226 3764 nimirum
1279 3711 1592 3780 aequalitate
1635 3719 1689 3766 et
1747 3714 2106 3770 similitudine
2139 3731 2264 3770 cum

683 3799 848 3864 Patre
895 3799 1097 3853 Filium
1139 3816 1262 3874 esse
1317 3801 1727 3858 honorandum.
1783 3805 1940 3870 Quod
1997 3807 2041 3861 si
2101 3808 2264 3876 paulo

687 3889 853 3944 altius
879 3897 1115 3960 repetas,
1145 3897 1198 3944 et
1221 3889 1288 3943 ad
1314 3890 1414 3945 loci
1445 3893 1766 3946 memoriam
1804 3895 2020 3959 redeas,
2049 3909 2263 3950 sermo-

685 3981 773 4036 nis
832 3981 941 4035 vim
998 3995 1061 4034 ae
1118 3996 1340 4036 sensum
1400 3991 1659 4037 accurate
1707 3983 2028 4052 perspicies.
2091 3985 2262 4055 Igitur

685 4073 898 4129 Patrem
930 4089 1090 4130 suum
1121 4074 1305 4129 aiebat
1348 4074 1518 4129 Deum
1552 4091 1694 4142 esse,
1727 4077 1965 4147 seipsum
1997 4078 2257 4148 aequalem

686 4166 895 4221 faciens
925 4165 1055 4221 Deo.
1087 4165 1354 4221 Praeterea
1387 4166 1812 4236 mquipotentem
1850 4175 1906 4222 et
1939 4167 2255 4240 coopiﬁcem

685 4257 925 4327 seipsum
961 4257 1324 4322 ostendebat,
1358 4257 1550 4311 dicens
1589 4275 1603 4311 :
1645 4276 1663 4308 ι
1708 4257 2062 4328 Quaecunque
2108 4262 2252 4316 enim

682 4345 771 4400 ille
817 4344 969 4410 facit,
1017 4347 1132 4400 hazc
1164 4349 1219 4400 et
1253 4344 1427 4400 Filius
1480 4347 1735 4401 similiter
1772 4347 1901 4402 facit
1933 4347 2001 4403 ⁸⁸.
2041 4369 2059 4403 ι
2093 4349 2252 4417 Quod

681 4445 864 4491 autem
895 4437 1004 4490 vita
1040 4438 1109 4492 sit
1137 4443 1191 4491 et
1225 4436 1473 4492 vivificus
1499 4439 1798 4492 secundum
1833 4450 2107 4506 naturam,
2141 4459 2248 4497 non

2293 1865 2332 1918 Β

2365 623 2461 675 καὶ
2488 623 2587 691 οὐχ
2607 623 2828 683 ἑκόντας
2851 618 3153 689 ὁμολογεῖν,
3188 618 3321 688 μηδὲ
3343 619 3595 688 ὑπάρχειν
3615 622 3732 689 ὅλως
3755 629 3876 684 δύνα-

2367 711 2490 763 σθαι
2521 711 2628 763 τῶν
2659 711 2826 762 ὄντων
2872 709 3044 771 τινὰς,
3072 709 3120 760 εἰ
3157 707 3232 777 μὴ
3268 708 3530 774 φαίνοιντο
3567 716 3747 782 κριταὶ,
3774 737 3874 790 συγ-

2364 803 2695 872 καταλήγειν
2723 819 2781 853 τε
2834 801 3051 863 πάντως
3085 800 3268 860 αὐτοῖς
3299 799 3375 867 τῷ
3403 801 3541 853 τέλει
3573 803 3662 872 τῆς
3693 808 3876 876 κρίσεως

2362 893 2460 963 τὴν
2487 893 2704 956 οὐσίαν;
2743 892 2884 945 Ἀλλ’
2902 893 3016 945 ἐστι
3040 891 3104 944 τὸ
3141 890 3311 953 οὕτως
3335 895 3471 943 νοεῖν
3505 893 3608 945 τῶν
3646 897 3875 956 ἀτοπωτά-

2361 1003 2489 1038 των.
2533 984 2815 1055 Ἑνέργειά
2848 1001 2933 1046 τις
2979 982 3266 1052 τοιγαροῦν
3313 983 3372 1034 τὸ
3420 984 3613 1053 κρίνειν
3663 989 3777 1052 ἐστὶ,
3809 997 3876 1046 καὶ

2363 1075 2549 1146 ἓτερον
2576 1074 2747 1128 οὐδέν.
2795 1075 2859 1126 Τί
2891 1070 2982 1127 σῦν
3011 1075 3118 1143 ἄρα
3150 1073 3380 1126 δέδωκεν
3414 1075 3442 1126 6
3474 1074 3649 1146 Πατὴρ
3676 1078 3743 1148 τῷ
3763 1081 3875 1153 Titi);

2362 1165 2748 1236 Πλεονέκτημα
2777 1166 2873 1236 μὲν
2903 1166 2978 1227 ὡς
3004 1166 3062 1229 ἐξ
3089 1166 3222 1228 ἰδίας
3253 1166 3462 1234 φύσεως
3485 1166 3646 1231 οὐδὲν,
3672 1169 3721 1222 ἓν
3753 1191 3801 1225 τε
3819 1178 3876 1246 τῷ

2360 1258 2461 1328 τὴν
2512 1258 2692 1328 κρίσιν
2747 1258 3036 1328 ἐπιτρέψαι
3100 1259 3277 1310 πᾶσαν
3333 1259 3516 1328 αὐτῷ,
3550 1260 3794 1331 ἐνέργειαν
3834 1267 3877 1321 δὲ

2367 1349 2563 1419 μᾶλλον
2595 1349 2694 1419 τὴν
2748 1350 2886 1401 κατὰ
2931 1348 3038 1400 τῶν
3087 1348 3446 1422 κρινομένων.
3489 1348 3604 1412 Πῶς
3645 1348 3725 1405 οὖν
3761 1355 3876 1409 ἔσται

2362 1438 2504 1491 κατὰ
2531 1437 2688 1490 τοῦτο
2723 1438 2942 1507 μείζων,
2980 1438 3012 1508 ἢ
3053 1436 3581 1509 μεγαλοφυέστεροςς
3613 1442 3662 1492 τί
3697 1459 3875 1512 apo-ste-

2363 1525 2576 1591 θεικὼς,
2607 1528 2741 1598 ὅπερ
2798 1529 2898 1580 οῦκ
2930 1524 2998 1598 ἦν
3045 1531 3102 1579 ὲν
3149 1528 3262 1598 Tit?)
3295 1528 3373 1598 τῷ
3419 1528 3646 1598 λέγοντι·
3686 1551 3701 1583 ι
3739 1535 3877 1589 Πάντα

2366 1616 2466 1669 ὅσα
2487 1618 2600 1687 ἔχει
2628 1618 2655 1670 6
2681 1620 2890 1690 Πατὴρ,
2910 1619 3016 1689 ἐμά
3046 1621 3186 1681 ἑστις
3213 1638 3229 1668 ι
3258 1619 3381 1682 Πῶς
3405 1615 3494 1673 οὖν
3522 1621 3621 1688 ἄρα
3650 1623 3704 1675 τὸ
3737 1625 3877 1682 δοῦναι

2364 1709 2600 1779 νοητέον,
2632 1710 2798 1764 ἄκουε
2825 1711 3030 1763 λοιπόνο
3063 1713 3272 1784 Ὥσπερ
3300 1711 3436 1782 ἔχων
3469 1712 3526 1764 τὸ
3559 1713 3784 1770 δύνασθαι
3807 1719 3878 1790 δη-

2370 1803 2647 1870 μιουργεῖν
2675 1804 2702 1854 6
2739 1801 2869 1864 Θεὸς
2935 1802 3027 1855 καὶ
3053 1802 3257 1874 Πατὴρ,
3279 1803 3344 1855 δι’
3371 1803 3499 1856 Υίοῦ
3531 1804 3595 1858 τὰ
3627 1807 3777 1859 πάντα
3807 1809 3876 1878 δη·

2366 1894 2614 1961 μιουργεί
2666 1893 2740 1956 ὼς
2766 1893 2854 1945 διὰ
2897 1891 3180 1962 δυνάμεως
3231 1893 3326 1945 καὶ
3378 1895 3553 1964 ἰσχύος
3583 1895 3722 1958 ἰδίας·
3748 1898 3880 1963 οὕτως

2365 1980 2504 2050 ἔχων
2535 1987 2628 2034 καὶ
2673 1984 2734 2035 τὸ
2783 1983 3047 2036 δύνασθαι
3087 1983 3316 2053 κρίνειν,
3359 1985 3638 2054 ἐνεργήσει
3678 1988 3759 2038 καὶ
3781 1989 3881 2041 αὐτὸ

2362 2073 2428 2126 δι’
2454 2073 2606 2138 Υἱοῦ,
2634 2073 2708 2136 ὡς
2734 2075 2819 2128 διὰ
2853 2074 3198 2144 δικαιοσύνης
3231 2074 3394 2137 ίδίαςο
3425 2075 3605 2147 ὥσπερ
3652 2077 3710 2130 ἂν
3747 2081 3786 2131 εί
3817 2079 3882 2132 λέο

2363 2181 2511 2232 γοιτο
2533 2165 2642 2237 πῦρ
2664 2165 2729 2236 τῇ
2753 2167 2812 2232 ἐξ
2844 2166 3005 2220 αὑτοῦ
3031 2166 3172 2219 κατὰ
3198 2164 3358 2234 φῦσιν
3394 2166 3634 2238 ἐνεργείᾳ
3663 2168 3713 2220 τὸ
3727 2168 3881 2224 καῦσαί

2360 2274 2416 2310 τι
2449 2260 2802 2328 παραχωρεῖν
2835 2297 2849 2320 ,
2887 2258 3092 2330 ταύτην
3138 2257 3351 2329 ἔχοντος
3386 2259 3479 2312 τοῦ
3509 2260 3794 2329 πράγματος
3811 2261 3882 2333 τὴν

2362 2349 2499 2403 ὁδόν.
2528 2348 2684 2402 Οὕτω
2707 2350 2790 2415 τὺ,
2840 2369 2858 2401 ι
2891 2351 3123 2404 δέδωκεν
3145 2391 3158 2414 ,
3196 2371 3214 2403 ι
3247 2351 3488 2408 εὐσεϐῶς
3536 2341 3882 2420 ἑρμηνεύοντες,

2363 2441 2460 2512 τὴν
2487 2441 2580 2494 τοῦ
2613 2441 2861 2495 διαϐόλου
2895 2443 3098 2512 παγίδα
3134 2441 3552 2514 διαφευξόμεθα.
3578 2443 3634 2496 Et
3661 2443 3711 2496 δὲ
3735 2446 3884 2514 ὲπιμέ-

2364 2550 2547 2586 νουσιν
2588 2534 2821 2597 ἀναιδῶς
2851 2529 3269 2606 προστεθεῖσθαι
3307 2535 3464 2600 δόξαν
3493 2535 3634 2605 αύτῷ
3663 2538 3791 2607 παρὰ
3813 2538 3882 2590 τοῦ

2365 2623 2579 2696 Πατρὺς
2631 2623 3102 2695 διαϐεϐαιούμενοι
3132 2665 3147 2689 ,
3181 2625 3269 2678 διὰ
3300 2625 3396 2678 τοῦ
3435 2625 3621 2696 κριτὴν
3648 2625 3884 2695 ἀναφαίνε-

2367 2713 2488 2766 σθαι
2518 2714 2617 2782 τῆς
2639 2714 2762 2783 γῆς,
2797 2714 3157 2769 διδασκόντων
3189 2716 3340 2788 ἡμᾶς
3360 2758 3374 2782 ,
3407 2715 3523 2780 πῶς
3553 2717 3613 2771 ἂν
3649 2717 3720 2769 ἔτι
3753 2721 3884 2770 νοοῖτο

2365 2803 2586 2875 Κύριος,
2611 2807 2639 2858 ὁ
2667 2806 2759 2857 καὶ
2786 2808 2844 2858 ὲν
2876 2809 3123 2877 ἐσχάτοις
3148 2809 3364 2879 καιροῖς
3391 2812 3506 2872 ταῖς
3543 2810 3629 2862 ἐπὶ
3656 2808 3802 2880 τούτῳ
3823 2825 3884 2861 τι·

2367 2899 2495 2967 μαῖς
2521 2897 2954 2970 στεφανούμενος
2990 2916 3003 2966 ;

2962 3013 3214 3068 ΚΕΦᾹΛ.
3265 3015 3349 3068 H'.

2365 3127 2491 3179 Ὀτι
2542 3127 2685 3193 Θεὸς
2724 3130 2818 3181 καὶ
2870 3130 2935 3181 ἐκ
2969 3130 3116 3183 Θεοῦ
3149 3131 3298 3184 κατὰ
3338 3131 3534 3198 φύσιν
3578 3127 3824 3196 ὑπάρχων
3855 3129 3880 3180 ὀ

2448 3198 2616 3264 Υἱὸς.
2671 3199 2767 3253 καὶ
2814 3200 2990 3254 εἰκὼν
3036 3200 3141 3254 τοῦ
3196 3201 3601 3269 γεννήσαντος
3646 3199 3881 3265 ἀκριϐὴς,

2389 3339 2392 3343 Ι
2436 3269 2582 3334 ἴσην
2617 3271 2739 3337 ἔχει
2772 3271 2920 3338 πρὸς
2952 3271 3140 3325 αὐτὸν
3165 3272 3258 3324 καὶ
3290 3271 3470 3340 τιμὴν
3493 3269 3790 3332 καὶδόξαν.

2441 3360 2572 3413 Ἵνα
2593 3359 2816 3426 πάντες
2840 3362 3046 3430 τιμῶσι
3077 3363 3182 3415 τὸν
3213 3362 3372 3427 Υίὸν,
3400 3361 3588 3426 καθὼς
3608 3357 3788 3429 τιμῶσι
3805 3357 3885 3410 τὸν

2366 3449 2595 3517 Πατέρα
2619 3467 2629 3478 ’
2657 3454 2690 3505 ὁ
2723 3452 2808 3520 μὴ
2844 3450 3028 3520 τιμῶν
3063 3453 3167 3506 τὸν
3212 3453 3352 3507 Υὶὸν
3396 3455 3467 3508 οὐ
3505 3450 3635 3523 τιμᾷ
3671 3451 3761 3506 τὸν
3797 3452 3883 3503 Πα-

2364 3542 2504 3608 τέρα
2543 3542 2651 3595 τὸν
2694 3543 3016 3612 πέμψαντα
3074 3548 3282 3600 αὐτόν.

2435 3632 2590 3684 Λίτία
2619 3633 2713 3686 καὶ
2758 3634 3027 3706 πρόφασις
3061 3636 3162 3707 ἤδη
3199 3637 3309 3690 τῶν
3347 3636 3885 3710 προκατηριθμημένων

2363 3723 2573 3792 ὁρᾶται,
2608 3724 2669 3776 τὸ
2701 3726 2898 3795 χρῆναι
2939 3727 3200 3796 τιμᾶσθαι
3234 3729 3325 3782 τὸν
3361 3730 3486 3783 Υἱὸν
3510 3731 3566 3782 ὲν
3608 3729 3788 3797 ἰσότητι
3815 3725 3884 3778 καὶ

2363 3813 2639 3883 ὁμοιότητι
2671 3818 2734 3885 τῇ
2772 3817 2908 3892 πρὸς
2941 3818 3030 3870 τὸν
3075 3819 3310 3890 Πατέρα.
3350 3822 3530 3893 Βραχὺ
3553 3822 3606 3874 δὲ
3638 3818 3880 3881 ἀναλαϐὼν,

2363 3902 2456 3955 καὶ
2505 3905 2582 3967 είς
2638 3904 2736 3974 τὴν
2788 3906 2928 3960 κατὰ
2983 3909 3144 3961 τόπον
3195 3911 3656 3982 ἀνακομιζόμενος
3687 3911 3880 3981 μνήμην.

2363 3992 2710 4067 περιαθρήσῃ
2743 3996 2987 4066 ἀκριϐῶς
3019 3998 3111 4051 τοῦ
3148 3999 3305 4068 λόγου
3337 4002 3437 4074 τὴν
3463 4003 3694 4073 δύναμιν.
3719 3999 3883 4054 Οὐκοῦν

2363 4082 2493 4135 ἴδιον
2541 4083 2639 4154 μὲν
2683 4085 2890 4154 ἔφασκε
2923 4089 3141 4160 Πατέρα
3181 4092 3271 4145 τὸν
3315 4093 3451 4148 Θεὸν
3506 4094 3768 4168 ὑπάρχειν,
3799 4093 3882 4145 ίσον

2359 4177 2550 4230 ἑαυτὸν
2605 4179 2774 4231 ποιῶν
2843 4180 2921 4250 τῷ
2971 4182 3128 4252 Θεῷ,
3171 4181 3292 4240 εἶτα
3351 4187 3513 4240 πάλιν
3564 4188 3780 4256 ίσοσθενῆ
3814 4188 3883 4240 καὶ

2357 4265 2648 4335 ὁμότεχνον
2706 4268 3024 4324 ἀπεδείκνυε
3065 4271 3239 4341 λέγων
3270 4290 3285 4305 ·
3311 4294 3331 4327 ι
3369 4278 3437 4330 ’Ἀ
3468 4277 3575 4348 γὰρ
3623 4277 3684 4330 ἂν
3725 4277 3883 4337 ἐκεῖνος

2356 4355 2483 4428 ποιῇ
2509 4398 2523 4421 ,
2560 4358 2732 4412 ταῦτα
2761 4361 2855 4412 καὶ
2879 4364 2907 4415 6
2936 4363 3065 4427 Υἱὸς
3109 4367 3311 4434 ὁμοίως
3357 4371 3520 4422 ποιεῖ.
3546 4387 3562 4420 ι
3606 4369 3717 4422 Ὀτι
3743 4369 3787 4420 δὲ
3815 4367 3884 4419 καὶ

2357 4446 2473 4530 ςωὴ
2507 4448 2600 4502 καὶ
2644 4450 2905 4516 ζωοποιὸς
2936 4454 3078 4507 κατὰ
3105 4455 3269 4523 φύσιν
3308 4459 3481 4524 ἐστὶν,
3503 4459 3681 4530 ὥσπερ
3710 4455 3787 4512 οὖν
3815 4457 3882 4509 καί

679 4542 840 4583 secus
878 4542 943 4582 ac
981 4527 1163 4591 Pater,
1211 4528 1532 4583 declarabat
1559 4527 1766 4584 addens
1798 4548 1811 4583 :
1849 4549 1866 4582 ι
1901 4529 2058 4586 Sicut
2099 4536 2246 4588 enim
2283 4569 2299 4627 Ι

2283 4569 2327 4627 D
2351 4524 2380 4576 ὁ
2427 4540 2694 4609 γεννήσας
2747 4542 2944 4605 αὐτὸν,
2993 4545 3237 4616 διεσάφει
3290 4550 3600 4620 προστιθείς
3629 4524 3692 4601 ’ἰ
3719 4551 3883 4616 ’Ὠσπερ

681 4617 842 4673 Pater
873 4620 1104 4674 suscitat
1153 4630 1435 4681 mortuos,
1473 4628 1526 4673 et
1555 4620 1827 4687 viviﬁcat,
1864 4622 1939 4676 ita
1975 4633 2028 4678 et
2078 4623 2251 4682 Filius

678 4726 819 4780 quos
854 4711 968 4764 vult
1014 4710 1344 4764 viviﬁcat”.
1383 4730 1402 4762 ι
1441 4708 1545 4764 Sed
1582 4711 1726 4780 quod
1764 4712 1985 4770 futurus
2017 4716 2090 4771 sit
2115 4733 2252 4787 quo-

677 4817 783 4872 que
827 4801 1209 4856 universorum
1251 4802 1440 4871 judex,
1474 4801 1636 4857 Patre
1667 4804 1720 4859 in
1772 4807 2032 4864 omnibus
2084 4811 2253 4865 simul

678 4894 1012 4947 assentiente
1037 4901 1090 4948 et
1119 4900 1416 4956 annuente,
1437 4895 1745 4964 exponebat
1770 4897 1999 4954 dicens:
2023 4917 2041 4949 ι
2065 4898 2252 4970 Neque

671 4985 819 5037 enim
844 4983 1004 5038 Pater
1030 4984 1244 5052 judicat
1275 5000 1630 5054 quemquam,
1657 4983 1753 5040 sed
1788 5003 1950 5044 omne
1978 4990 2249 5059 judicium

675 5075 824 5130 dedit
857 5074 1081 5129 Filio".
1118 5095 1135 5126 ι
1170 5077 1428 5141 Quantam
1460 5093 1589 5147 ergo
1624 5078 1851 5134 istorum
1908 5097 2077 5137 causa
2124 5086 2250 5140 est?

671 5169 781 5220 'Aut
827 5167 958 5238 quid
988 5159 1344 5237 'Unigenitum
1392 5169 1600 5240 adegit,
1653 5180 1711 5224 ut
1763 5171 2072 5229 istiusmodi
2127 5191 2249 5231 ser-

676 5273 835 5312 mone
901 5253 1180 5312 utatur‘h
1241 5255 1307 5312 Ut
1367 5274 1582 5323 omnes,
1647 5262 1844 5331 inquit,
1889 5264 2252 5320 honoriﬁcent

673 5345 894 5410 Filium,
930 5350 1072 5403 sicut
1109 5350 1476 5405 honorificam
1505 5352 1744 5407 Patrem.
1781 5375 1800 5405 ›
1831 5353 1961 5408 Nam
1991 5355 2037 5410 si
2066 5358 2250 5412 omnia

668 5441 758 5492 'est
801 5432 1150 5510 quaecunque
1198 5440 1391 5507 Pater,
1453 5443 1598 5512 quod
1650 5444 1716 5497 ad
1768 5446 2090 5514 dignitatem
2145 5447 2250 5503 Deo

667 5516 1098 5584 convenientem
1115 5541 1348 5602 spectat,
1381 5533 1659 5603 quomodo
1681 5550 1787 5588 non
1809 5535 2026 5590 decebit
2056 5538 2248 5592 iisdem

669 5620 978 5676 honoribus
1013 5617 1137 5676 eum
1173 5625 1459 5689 corbnari,
1502 5626 1592 5679 cui
1629 5625 1762 5679 nihil
1796 5626 1865 5680 ad
1901 5627 2244 5685 identitatem

746 5801 792 5832 "
827 5799 983 5857 Joan.
1019 5805 1129 5867 'xvr,
1173 5801 1257 5858 l5.
1335 5802 1378 5834 ⁸¹
1420 5801 1616 5867 Supra,
1650 5820 1703 5867 γ,
1744 5805 1826 5861 l9.
1904 5806 1948 5838 ⁸³
1985 5807 2114 5864 ibid.
2150 5810 2238 5864 2|.

1335 5802 1378 5834 ⁸¹
1420 5801 1616 5873 Supra,
1650 5820 1703 5870 γ,
1744 5805 1826 5861 l9.

2356 4629 2464 4700 γὰρ
2497 4633 2524 4684 6
2576 4632 2766 4704 Πατὴρ
2815 4635 3020 4705 ἐγείρει
3062 4641 3188 4703 τοὺς
3244 4643 3476 4713 νεκροὺς
3525 4645 3616 4697 καὶ
3656 4643 3882 4705 ζωοποιεῖ.

2355 4721 2498 4776 οὕτω
2532 4725 2626 4777 καὶ
2659 4727 2686 4778 6
2711 4726 2836 4790 Υίδς
2867 4727 2960 4791 οὓς
2991 4728 3134 4782 θέλει
3164 4729 3440 4794 ζωοποιεῖ.
3463 4753 3480 4787 ι
3515 4734 3731 4797 mare;
3751 4732 3884 4785 ἔσοιτο

2356 4817 2448 4868 καὶ
2478 4817 2695 4870 πάντων
2743 4819 2966 4890 κριτὴς,
3001 4821 3449 4886 συνευδοκοῦντος
3491 4825 3573 4894 ἐφ’
3605 4826 3783 4884 ἅπασι,
3811 4819 3882 4873 καὶ

2357 4907 2846 4975 συγκατανεύοντος
2876 4909 2968 4961 τοῦ
2998 4911 3232 4981 Πατρὸς,
3253 4912 3503 4984 ἐξηγεῖτο
3532 4915 3694 4983 λέγων
3711 4931 3723 4942 °
3744 4933 3760 4963 ι
3784 4910 3883 4966 Οὐδὲ

2355 4998 2463 5068 γὰρ
2491 5000 2518 5051 6
2541 4999 2729 5068 Πατὴρ
2765 4999 2940 5070 κρίνει
2973 5001 3181 5065 οὐδένα,
3215 5003 3351 5057 ἀλλὰ
3397 5005 3496 5076 τὴν
3531 5007 3701 5077 κρίσιν
3742 5007 3884 5056 πᾶσαν

2356 5088 2552 5142 δέδωκε
2579 5089 2654 5158 τῷ
2685 5090 2816 5160 Υίῴ.
2854 5110 2873 5143 ι
2902 5092 2997 5155 Τίς
3025 5088 3116 5146 οῦν
3140 5096 3172 5164 ὴ
3203 5093 3411 5149 τούτων
3447 5098 3620 5161 αίτία;
3666 5095 3712 5149 τί
3734 5095 3781 5148 δὲ
3803 5095 3882 5163 ἄρα

2355 5179 2416 5231 τὺ
2438 5180 2702 5243 πεπεικὸς
2731 5181 2819 5234 διὰ
2859 5183 3117 5237 τοιούτων
3157 5184 3414 5256 ἔρχεσθαι
3436 5187 3610 5255 λόγων
3635 5188 3718 5240 τὸν
3747 5187 3882 5239 Μονο-

2357 5271 2526 5338 γενῆς
2557 5289 2574 5320 ι
2624 5273 2739 5324 Ἵνα
2772 5272 2994 5337 πάντες,
3022 5276 3176 5346 φησὶ,
3209 5277 3413 5347 τιμῶσι
3440 5278 3532 5332 τὸν
3574 5279 3710 5343 Υίὸν,
3742 5273 3883 5334 καθὼς

2357 5363 2555 5433 τιμῶσι
2579 5365 2668 5417 τὸν
2694 5365 2932 5434 Πατέρα.
2965 5385 2982 5416 ι
3016 5367 3078 5419 Εἰ
3105 5368 3212 5439 γὰρ
3248 5369 3424 5424 πάντα
3466 5372 3629 5436 ἐστὶν,
3658 5372 3747 5423 ὅσα
3766 5366 3883 5419 καὶὸ

2357 5455 2570 5524 Πατὴρ,
2599 5457 2721 5509 ὅσον
2755 5452 2889 5526 ἧκεν
2914 5459 2993 5521 είς
3025 5459 3241 5529 ἀξίωμα
3267 5462 3585 5535 θεοπρεπὲς,
3605 5461 3712 5524 πῶς
3732 5459 3813 5511 οὐκ
3834 5454 3882 5508 ἂν

2356 5545 2441 5615 εἴη
2482 5546 2690 5616 πρέπον
2725 5548 3068 5620 ίσοστὰθμοις
3090 5553 3284 5623 ἐκείνῳ
3315 5553 3698 5624 στεφανοῦσθαι
3739 5547 3882 5616 τιμαῖς

2355 5637 2469 5702 τὸν,
2497 5629 2647 5708 ᾧπερ
2692 5640 2844 5693 οὐδὲν
2883 5643 2960 5705 είς
2991 5628 3292 5714 ταυτότητα
3318 5643 3416 5714 τῆς
3454 5643 3635 5707 οὐσίας
3654 5639 3807 5705 ὲνδεί;
3832 5633 3881 5687 Τί

2318 5812 2364 5842 ⁵³
2407 5811 2533 5865 ibid.
2565 5811 2655 5864 9.2.
