4102 6538
262 466 354 521 339

1274 461 1337 515 IN
1381 461 1672 516 JOANNIS
1717 461 2172 521 EVANGELILTM
2231 467 2355 533 LIB.
2398 469 2457 523 II.

3391 454 3496 535 διο

261 577 344 635 οὖν
392 576 498 644 ἄρα
546 575 708 628 πάλιν
738 575 995 645 καὶπρὸς
1051 576 1204 631 τοῦτό
1252 594 1413 645 φασιν
1459 578 1505 628 οἱ
1546 578 1721 629 πάντα
1747 577 1812 630 τὰ

1916 578 2241 637 substantia:
2284 583 2475 637 deest?
2502 584 2640 649 Quid
2694 586 2861 656 igitur
2901 587 2965 640 ad
3012 587 3127 641 haec
3163 593 3495 658 respondent

263 668 380 740 ὀρθὰ
408 664 839 736 διαστρέφοντες,
876 665 952 727 ὡς
981 665 1008 715 6
1039 666 1323 735 προφήτης
1348 666 1513 735 φησὶν
1558 667 1818 731 Ἠσαῖας;

262 762 317 816 Et
350 759 431 811 δια
451 758 509 809 τὸ
534 756 810 825 λέγεσθαι,
848 756 1012 827 φησίν
1034 772 1046 784 ·
1088 774 1107 807 ι
1153 757 1268 817 Ἵνα
1302 758 1479 812 πάντα
1507 758 1704 827 τιμῶσι
1731 759 1820 811 τὸν

264 852 391 911 Υίὸν,
418 848 557 900 καθὰ
600 848 805 916 τιμῶσι
857 848 949 900 τὸν
986 847 1226 918 Πατέρα,
1266 868 1284 901 ι
1327 848 1575 919 νομίζετε
1619 850 1818 920 χρῆναι

262 942 338 995 τὸν
364 940 483 992 Υίὸν
516 939 818 1010 ἰσομέτροις
852 938 927 1008 τῷ
949 939 1121 1011 [Ia-:9!
1154 940 1582 1009 κατασεμνυνειν
1610 944 1815 1011 τιμαῖς,

258 1034 482 1100 ἀγνοεῖτε
511 1030 609 1101 τῆς
630 1029 883 1099 ἀληθείας
915 1030 1129 1100 μακράν
1159 1048 1256 1083 που
1281 1030 1601 1100 βαδίζοντες.
1621 1033 1693 1084 Οὐ
1712 1033 1827 1103 γὰρ’

260 1126 455 1186 πάντως
480 1122 540 1181 τὸ
578 1142 597 1173 ι
643 1121 824 1182 καθὼς
861 1142 879 1174 ι
919 1121 1136 1192 ἰσότητα
1186 1123 1525 1192 πραγμάτων
1554 1123 1816 1191 εἰσφέρει,

258 1216 367 1269 καθ’
389 1208 460 1267 ὧν
502 1215 567 1266 ἂν
610 1214 854 1282 φαίνοιτο
895 1214 1068 1277 τεθὲν,
1106 1214 1367 1281 ὁμοίωσιν
1405 1214 1464 1266 δέ
1501 1230 1623 1275 τινα
1650 1231 1819 1285 χαρα-

258 1302 490 1376 κτηρίζει
543 1305 818 1369 πολλάκις,
852 1300 983 1369 οἷον,
1013 1305 1198 1375 φησὶν,
1228 1305 1256 1357 6
1289 1307 1480 1376 Σωτήρ
1528 1323 1629 1357 που
1683 1322 1820 1375 συμ-

255 1397 501 1461 ϐουλεύει,
536 1397 708 1465 λέγων
740 1414 753 1426 ·
794 1417 811 1448 ι
850 1398 1069 1451 Γίνεσθε
1103 1398 1476 1467 οἰκτίρμονες,
1507 1394 1687 1460 καθὼς
1725 1397 1818 1448 καὶ

257 1488 492 1558 ὁΠατὴρ
547 1488 698 1558 ὑμῶν
744 1490 773 1540 6
823 1487 1071 1557 οὐράνιος
1114 1489 1410 1558 οἰκτίρμων
1432 1486 1604 1551 ἐστίν.
1638 1505 1659 1537 ι
1699 1482 1820 1556 'A9'

253 1576 335 1633 οὖν
355 1578 589 1647 ἐσὶμεθα
615 1579 1046 1649 φιλοικτίρμονες
1083 1578 1253 1640 οὕτως
1273 1619 1287 1641 ,
1315 1578 1389 1639 ὡς
1427 1579 1455 1630 6
1484 1577 1696 1647 Πατὴρ,
1731 1576 1819 1631 διὰ

254 1670 307 1723 τὸ
336 1688 355 1721 ι
390 1669 602 1734 καθώς;
641 1691 661 1722 ι
701 1672 810 1723 Καὶ
839 1670 997 1725 πάλιν
1031 1673 1059 1723 6
1102 1671 1331 1739 Χριστὸς
1353 1670 1503 1736 λέγει
1544 1669 1679 1737 πρὸς
1728 1667 1819 1721 τὸν

252 1760 432 1816 ἑαυτοῦ
466 1762 692 1831 Πατέρα
738 1760 1010 1831 περὶτῶν
1064 1758 1354 1830 μαθητῶνο
1427 1777 1444 1808 ι
1500 1757 1818 1825 Ἡγάπησας

251 1855 451 1915 αὐτοὺς,
477 1853 661 1916 καθὼς
689 1854 787 1923 ἐμὲ
821 1852 1137 1921 ἠγάπησας.
1176 1870 1193 1901 ι
1236 1851 1377 1903 Ἀλλ’
1406 1851 1505 1920 οὐχ
1535 1848 1678 1903 οὕτω
1714 1846 1816 1902 δὼ-

252 1959 402 2012 σομεν
429 1943 748 2011 ὴγαπῆσθαι
789 1943 913 2005 τοὺς
952 1941 1216 2011 μαθητὰς,
1248 1942 1322 2003 ὡς
1344 1941 1433 1994 τὸν
1466 1940 1592 1993 Υίὸν
1626 1940 1809 2003 πάλιν,

248 2033 327 2085 διὰ
350 2032 409 2084 τὸ
441 2053 459 2083 ι
505 2032 709 2095 καθώς.
749 2051 768 2083 ι
801 2033 863 2083 Τί
899 2027 988 2085 οὖν
1021 2030 1400 2100 εὑρεσιλογεῖς,
1420 2030 1515 2082 καὶ
1541 2028 1811 2099 ὰποϐιάζῃ

247 2125 344 2193 τὴν·
361 2122 502 2188 λέξιν
533 2126 613 2196 εἰς
642 2123 975 2192 δυσφημίαν,
1005 2122 1260 2191 οὐδεμίαν
1289 2124 1401 2183 τοῖς
1441 2119 1811 2190 ἀκροωμένοις

247 2215 479 2283 ἀνάγκην
508 2215 886 2283 εἰσφέρουσαν,
922 2215 1000 2277 είς
1036 2213 1094 2266 τὸ
1127 2213 1327 2282 χρῆναι
1354 2214 1518 2282 τιμᾷν
1547 2212 1636 2264 τὸν
1663 2212 1809 2277 Υίὸν,

243 2307 298 2357 ἐν
327 2305 419 2374 ἴσῳ
454 2304 644 2374 μέτρῳ
691 2302 767 2373 τῷ
816 2302 1082 2371 (priscum;
1114 2302 1178 2354 Τί
1210 2297 1301 2355 οὗν
1333 2302 1466 2372 πρὸς
1499 2300 1671 2352 ταῦτα
1718 2301 1811 2353 καὶ

248 2396 580 2466 παρ’ἠμῶν;
615 2397 834 2465 Πικροῖς
868 2395 967 2464 μὲν
1013 2394 1168 2464 ἡμῶν
1199 2394 1597 2446 καθυλακτοῦσι
1633 2393 1810 2467 λόγοις

245 2490 285 2539 οί
314 2486 590 2556 θεομάχοι,
611 2486 725 2539 ἀλλ’
748 2486 851 2548 ἔξω
874 2486 1000 2549 τοὺς
1027 2486 1303 2549 κύνας,ὼς
1325 2488 1352 2538 6
1385 2486 1591 2550 Παῦλός
1623 2503 1805 2557 φησιν,

245 2577 337 2641 ἔξω
362 2578 490 2639 τοὺς
546 2577 749 2639 κακοὺς
792 2578 1028 2647 ἐργάτας
1054 2616 1068 2638 ,
1104 2576 1207 2641 ἕξω
1238 2578 1335 2644 τῆς
1366 2577 1531 2646 ὀρθῆς
1575 2577 1810 2640 πίστεως

244 2668 330 2738 τὴν
356 2670 673 2737 κατατομήν
694 2684 705 2695 ’
730 2671 892 2738 ἡμεῖς
926 2668 1035 2740 γάρ
1081 2670 1245 2737 ἐσμεν
1277 2667 1533 2737 ἀληθείας
1557 2669 1682 2729 υἱοὶ,
1717 2670 1809 2721 καὶ

242 2762 393 2813 τέκνα
418 2760 617 2828 φωτός.
644 2760 827 2813 Διάτοι
857 2760 1014 2814 τοῦτο
1048 2760 1137 2814 τὸν
1170 2762 1447 2828 Μονογενῆ
1474 2759 1550 2828 τῷ
1575 2759 1693 2828 Θεῷ
1716 2759 1809 2812 καὶ

242 2852 404 2920 Ηατρὶ
457 2850 874 2920 συνδοξάξομεν,
902 2851 963 2902 οὐ
1011 2849 1153 2903 κατά
1200 2867 1322 2901 τινα
1367 2847 1664 2918 διαφοράν,
1692 2849 1806 2901 ἀλλ’

238 2944 294 2993 γὲν
325 2942 529 3010 ἰσότητι
563 2943 726 3012 τιμῆς
753 2960 809 2995 τε
839 2943 933 2995 καὶ
961 2941 1139 3010 δόξης,
1167 2943 1241 3002 ὼς
1274 2941 1404 2993 Θεὸν
1432 2942 1495 2994 ἐκ
1529 2940 1685 3003 Θεοῦ,
1712 2940 1807 2993 καὶ

244 3032 347 3100 φῶς
371 3034 434 3084 ὲκ
467 3034 673 3101 φωτὸς,
709 3035 802 3086 καὶ
836 3032 979 3103 ζωὴν
1008 3036 1071 3085 ἐκ
1116 3032 1279 3103 ζωῆς.
1311 3033 1419 3085 Καὶ
1447 3032 1805 3102 περιεργάζε-

240 3124 474 3193 σθαιημὲν
510 3125 573 3177 τὸ
607 3127 784 3179 πίστει
818 3125 1173 3197 παραδεκτὸν,
1216 3124 1287 3187 ὡς
1319 3125 1411 3183 ἐπὶ
1439 3124 1683 3181 πλεῖστον
1707 3125 1807 3177 οὐκ

241 3216 471 3284 ἀσφαλές
492 3232 507 3246 '
548 3216 896 3287 βασανιστέον
912 3217 966 3269 ,δ’
988 3212 1080 3270 οὖν
1110 3216 1257 3284 ὅμως
1276 3215 1372 3277 Δκαὶ
1396 3214 1489 3267 τοῦ
1521 3234 1539 3265 ι
1576 3213 1757 3277 καθὼς
1781 3234 1800 3267 ›

241 3307 329 3377 τὴν
375 3308 611 3377 δύναμιν
637 3347 651 3370 ,
680 3308 767 3360 ἵνα
812 3310 885 3378 μὴ
929 3307 1068 3377 μέγα
1101 3306 1372 3376 φρονῶσιν
1406 3307 1489 3375 ἐφ’
1514 3307 1726 3369 ἑαυτοῖς
1759 3306 1806 3357 οί
1828 3296 1857 3325 ³

239 3399 299 3451 δι’
327 3400 598 3462 ἐναντίας.

302 3571 507 3624 Οὐκοῦν
544 3574 636 3625 ἐπὶ
663 3576 760 3641 μὲν
783 3571 889 3623 τῶν
917 3570 1180 3639 ἀνομοίων
1216 3570 1357 3623 κατὰ
1380 3570 1478 3640 τὴν
1508 3569 1671 3637 φύσιν
1709 3570 1800 3621 ὅτε

238 3662 479 3715 τάττεται
538 3662 596 3713 τὸ
646 3682 663 3711 ι
707 3660 907 3727 καθὼς,
946 3680 963 3710 ι
1026 3663 1085 3715 οὺ
1127 3664 1343 3725 πάντως
1396 3660 1810 3730 ἀπαράλλακτον

240 3756 359 3822 ἡμῖν
385 3753 633 3823 εἰσφέρει
662 3753 760 3823 τὴν
791 3753 941 3821 ίσότη
954 3771 1033 3814 τα,
1064 3754 1358 3824 ὁμοιότητα
1385 3753 1440 3805 δὲ
1470 3753 1668 3822 μᾶλλον
1718 3752 1812 3805 καὶ

237 3846 564 3916 είκονισμὸν,
598 3846 673 3908 ὡς
705 3845 800 3899 καὶ
835 3846 985 3897 αὐτοὶ
1010 3846 1373 3916 προλαΰόντες
1398 3844 1807 3915 ὡμολογήκατε.

237 3941 352 3993 Ἐπὶ
406 3940 464 3992 δὲ
524 3939 634 3991 τῶν
692 3938 942 4009 ἀλλήλοις
990 3938 1127 3991 κατὰ
1182 3939 1359 3997 πάντα
1415 3938 1812 4008 προσεοικότων

228 4029 383 4103 κεῖπερ
430 4030 613 4101 ὁρῷτο
666 4030 839 4093 τεθὲν,
885 4030 977 4083 καὶ
1018 4030 1238 4099 ἰσότητα
1291 4031 1387 4099 τὴν
1442 4030 1499 4082 ἐν
1551 4031 1682 4083 πᾶσι
1720 4030 1813 4082 καὶ

236 4123 519 4191 ὁμοιότητα
560 4122 728 4193 δηλοῖ,
778 4123 871 4183 καὶ
920 4123 971 4173 εί
1013 4140 1063 4173 τι
1099 4121 1305 4184 τούτοις
1336 4122 1522 4192 ἕτερον
1571 4122 1812 4175 ἰσοδυνα-

240 4213 365 4284 μοῦν
385 4214 727 4285 εὑρίσκεται.
755 4210 879 4266 υἷόν
910 4213 962 4264 τί
981 4231 1122 4282 φημι
1145 4231 1158 4243 ’
1186 4214 1451 4283 Λαμπρὸς
1503 4215 1598 4281 μὲν
1627 4215 1655 4266 6
1691 4215 1811 4266 κατ’

234 4306 453 4375 οὐρανόν
486 4309 643 4358 ἐστιν
666 4305 839 4374 ἣλιος,
871 4304 1119 4375 λαμπρὸς
1136 4305 1197 4357 δὲ
1217 4305 1421 4373 ὁμοίως
1451 4305 1545 4357 καὶ
1594 4307 1621 4357 6
1647 4304 1813 4375 γῆθεν

234 4398 489 4470 ἄργυρος,
527 4398 700 4468 ἀλλ’ή
737 4399 833 4468 μὲν
867 4398 1025 4465 φύσις
1051 4396 1157 4450 τῶν
1183 4398 1492 4469 εἰρημένων
1533 4398 1810 4469 διάφορος.

235 4490 469 4542 Νοείσθω
498 4490 560 4541 δέ
581 4507 661 4552 τις
686 4490 845 4558 τυχδν
873 4489 980 4539 τῶν
997 4490 1088 4541 ἐπὶ
1116 4489 1220 4558 γῆς
1247 4488 1658 4552 πλουσίων,τοίς
1688 4492 1810 4542 κατ’

1922 686 2145 724 rursum
2194 673 2284 741 qui
2338 676 2521 728 omnia
2569 688 2715 730 recta
2750 687 3088 746 pervertunt,
3127 688 3184 732 ut
3218 681 3293 734 ait
3324 682 3495 747 Isaias

1922 765 2186 830 propheta
2210 764 2296 817 5“?
2318 765 2372 817 Si
2405 780 2470 817 ex
2503 782 2567 819 eo
2590 768 2735 836 quod
2762 770 3026 836 scriptum
3055 778 3162 831 est,
3202 771 3494 841 inquiunt:

1927 872 1943 902 ι
1986 852 2054 907 Ut
2096 853 2459 909 honorihecnt
2510 855 2727 921 Filium,
2772 860 2921 912 sicut
2972 860 3339 915 honoriﬁcam
3390 860 3494 914 Pa-

1918 954 2081 1011 trem,
2126 965 2144 997 ι
2180 948 2513 1009 existimatis
2560 948 2760 1004 Filiqu
2809 951 3115 1019 :equalibus
3169 969 3290 1006 cmn
3336 953 3495 1008 Patre

1918 1038 2222 1101 honoribus
2271 1055 2395 1093 esse
2448 1039 2853 1107 decorandum,
2912 1043 3140 1098 nescitis
3185 1058 3214 1103 a
3268 1045 3495 1103 veritate

1918 1128 2081 1199 longe
2106 1143 2202 1187 vos
2239 1129 2449 1185 abesse.
2484 1127 2600 1181 Non
2633 1128 2779 1181 enim
2808 1143 2941 1193 sane
2972 1128 3143 1182 dictio
3181 1131 3305 1192 ista,
3335 1151 3351 1179 ι
3380 1132 3491 1183 sic-

1922 1228 2002 1284 ut,
2045 1239 2062 1270 ι
2106 1220 2474 1287 aequalitatem
2514 1234 2703 1275 earum
2754 1234 2936 1273 rerum
2971 1219 3037 1273 de
3068 1220 3268 1288 quibus
3295 1220 3497 1273 dicitur

1920 1310 2212 1377 signiﬁcat,
2245 1309 2337 1363 sed
2363 1309 2655 1379 quamdam
2682 1310 2843 1381 227
2868 1309 3286 1364 similitudinem
3312 1311 3497 1377 potius

1918 1400 2150 1463 indicat,
2189 1400 2463 1469 quomodo
2493 1382 2775 1465 Salvator,
2804 1400 3085 1467 inquiunt,
3120 1400 3321 1455 alicubi
3362 1415 3495 1454 con-

1914 1492 2072 1555 sulit,
2097 1492 2289 1546 dicens
2324 1512 2336 1545 :
2371 1510 2388 1541 ι
2421 1491 2609 1546 Estote
2640 1492 3058 1559 misericordes,
3092 1492 3235 1546 sicut
3263 1502 3315 1547 et
3338 1492 3499 1547 Pater

1918 1593 2102 1639 vester
2152 1585 2242 1638 ille
2276 1584 2522 1639 cazlestis
2553 1594 2638 1639 est
2664 1586 2732 1637 ⁵⁸.
2775 1608 2794 1637 ι
2824 1586 2906 1654 An
2943 1600 3071 1655 ergo
3103 1585 3497 1639 misericordia:

1918 1683 2167 1730 amantes
2191 1675 2422 1736 erimus,
2457 1676 2684 1744 perinde
2718 1684 2884 1745 atque
2927 1675 3112 1738 Pater,
3156 1683 3379 1746 propter
3412 1674 3495 1728 di-

1918 1768 2161 1821 ctionem
2199 1767 2370 1830 illam,
2409 1784 2427 1815 ι
2474 1767 2657 1820 sicut?
2694 1786 2710 1817 ι
2749 1767 2903 1830 Item,
2945 1766 3201 1823 Christus
3232 1767 3298 1820 ad
3334 1782 3495 1821 suum

1920 1858 2134 1912 Patrem
2158 1856 2226 1915 de
2248 1857 2537 1926 discipulis
2560 1857 2634 1909 ait
2658 1874 2672 1909 :
2706 1875 2723 1905 ι
2757 1856 3003 1912 Dilexisti
3028 1872 3145 1919 eos,
3172 1858 3313 1912 sicut
3331 1867 3386 1912 et
3412 1873 3499 1911 me

1912 1949 2154 2003 dilexisti
2187 1950 2254 2001 ³⁸.
2295 1968 2312 1999 ι
2347 1954 2416 2000 At
2477 1962 2824 2016 nequaquam
2866 1948 3236 2001 concedemus
3264 1946 3499 2003 dilectos

1917 2054 2039 2094 esse
2100 2039 2402 2108 discipulos
2460 2037 2686 2108 perinde
2741 2051 2805 2091 ac
2863 2036 3062 2091 Filium
3138 2045 3358 2108 propter
3411 2038 3499 2092 di-

1916 2130 2154 2185 ctionem
2214 2130 2393 2192 illam,
2448 2148 2465 2179 ι
2529 2129 2692 2183 sicut.
2741 2147 2759 2178 ι
2808 2127 2950 2193 Quid
3008 2144 3137 2198 ergo
3194 2127 3395 2182 frustra
3448 2139 3500 2183 te

1916 2220 2094 2288 augis,
2124 2228 2178 2273 et.
2219 2218 2515 2272 dictionem
2552 2218 2599 2271 vi
2632 2223 2928 2286 detorqucs
2977 2216 3031 2270 in
3078 2216 3499 2286 blasphemiam,

1916 2326 2039 2379 qua:
2081 2311 2286 2364 nullam
2319 2309 2669 2363 auditoribus
2720 2309 3110 2363 necessitatem
3164 2306 3325 2361 aﬁ‘ert
3375 2307 3497 2361 Filii

1914 2396 2199 2465 mqualiter
2247 2411 2370 2449 cum
2424 2396 2587 2450 Patre
2620 2395 2965 2450 honorandi!
3010 2395 3151 2461 Quid
3195 2397 3363 2467 igitur
3412 2396 3499 2452 his

1912 2485 2284 2553 reponimus?
2334 2484 2565 2539 Acerbis
2618 2484 2840 2553 quidem
2898 2483 2952 2536 in
3005 2500 3103 2537 nos
3147 2484 3349 2538 latrant
3403 2484 3494 2539 Dei

1916 2575 2104 2631 hostes
2144 2560 2491 2631 sermonibus
2537 2595 2550 2629 :
2594 2576 2687 2630 sed
2736 2575 2882 2631 foras
2934 2588 3139 2638 canes,
3181 2586 3237 2629 ut
3290 2574 3489 2631 Paulus

1913 2667 1991 2720 ait
2014 2668 2082 2731 ⁸⁷,
2116 2667 2261 2722 foras
2294 2668 2424 2720 mali
2461 2667 2720 2735 operarii,
2764 2666 2913 2719 foras
2948 2675 3110 2718 rectre
3151 2666 3270 2721 ﬁdei
3308 2666 3499 2737 depra-

1914 2758 2060 2811 vatio
2092 2777 2104 2811 :
2135 2774 2234 2810 nos
2261 2758 2407 2811 enim
2442 2759 2688 2813 veritatis
2726 2758 2819 2811 lilii
2849 2775 3064 2820 sumus,
3099 2768 3152 2812 et
3185 2759 3325 2813 lucis
3359 2774 3493 2827 pro~

1910 2850 2013 2904 Ies.
2075 2849 2281 2903 Idcirco
2324 2848 2670 2919 Unigcnitum
2738 2865 2841 2902 una
2902 2866 3026 2905 cum
3078 2849 3188 2903 Deo
3228 2858 3283 2903 et
3331 2850 3495 2903 Patre

1906 2939 2415 3006 ,conglorilicamus,
2437 2954 2547 2993 non
2582 2940 2884 3001 secundum
2912 2941 3077 2994 ullam
3114 2940 3494 2993 dilTerentiann

1906 3030 2007 3083 sed
2046 3029 2356 3097 mqualitate
2388 3030 2614 3089 honoris
2655 3037 2707 3083 et
2733 3029 2943 3098 gloriae,
2977 3040 3035 3081 ut
3068 3027 3238 3083 [leum
3264 3030 3329 3084 de
3364 3029 3496 3094 Deo,

1902 3130 1966 3176 .ct
1997 3122 2173 3175 lumen
2205 3120 2271 3175 de
2313 3123 2538 3183 lumine,
2576 3130 2630 3175 et
2656 3123 2818 3175 vitam
2849 3140 2911 3187 ex
2948 3122 3079 3175 vita.
3114 3121 3176 3173 Et
3204 3130 3353 3174 certe
3405 3137 3498 3174 cu-

1920 3212 2123 3266 riosius
2150 3213 2384 3265 scrutari
2422 3213 2567 3291 quod
2613 3212 2716 3266 ﬁde
2763 3214 3068 3281 su5cipitur
3098 3220 3154 3264 ut
3204 3212 3495 3281 plurimum

1914 3312 2088 3365 tutum
2153 3319 2261 3355 non
2315 3312 2439 3368 est;
2480 3315 2869 3361 verumtamen
2910 3303 3280 3358 examinanda
3336 3303 3497 3357 nobis

1910 3404 1994 3450 est
2028 3396 2113 3450 vis
2148 3396 2295 3449 illius
2334 3395 2593 3450 dictionis
2626 3413 2643 3445 ι
2687 3396 2855 3462 sicut,
2903 3414 2920 3445 ι
2960 3410 3035 3451 ,ιιθ
3077 3394 3379 3448 adversarii
3414 3393 3497 3446 ni-

1898 3488 2053 3555 mios
2085 3486 2190 3540 sibi
2219 3486 2451 3556 spiritus
2481 3494 2789 3541 assumant.

1982 3578 2171 3647 Igitur,
2207 3594 2330 3641 cum
2368 3578 2456 3630 illa
2487 3577 2676 3640 dictio,
2725 3599 2741 3628 ‹
2781 3574 2945 3641 sicut,
2989 3598 3005 3628 ι
3060 3576 3127 3634 de
3161 3589 3360 3634 natura
3394 3578 3483 3631 di-

1911 3671 2086 3725 versis
2112 3667 2360 3733 eﬁ‘ertur,
2394 3678 2525 3722 tunc
2558 3684 2663 3721 non
2699 3669 3069 3723 onmimodam
3094 3670 3486 3739 atqualitatem,

1912 3763 2007 3817 sed
2040 3761 2461 3817 similitudinem
2501 3761 2684 3830 potius
2724 3770 2777 3815 et
2831 3762 3119 3831 imaginem
3185 3763 3495 3832 signiﬁcat,

1912 3861 1973 3906 ut
2000 3860 2053 3905 et
2080 3851 2183 3921 ipsi
2228 3852 2382 3920 prius
2413 3850 2657 3905 conlessi
2693 3852 2851 3907 estis.
2879 3852 3034 3918 Quod
3061 3855 3103 3907 si
3133 3852 3199 3908 de
3226 3853 3495 3922 iisposita

1912 3943 2161 3996 videatur
2192 3958 2316 4012 qute
2353 3942 2723 3997 onmimodam
2784 3944 2927 3997 inter
2960 3960 3019 3998 se
3075 3944 3495 3998 similitudinem

1914 4036 2139 4101 habent,
2180 4043 2236 4090 et
2265 4036 2634 4104 aequalitatem
2670 4036 2723 4088 in
2758 4036 3034 4099 omnibus,
3059 4047 3114 4090 et
3167 4035 3488 4091 similitudi-

1914 4141 2036 4180 nem
2063 4125 2358 4195 signiﬁcat,
2378 4134 2431 4179 et
2456 4126 2501 4179 si
2536 4125 2662 4195 quid
2694 4125 2780 4179 his
2803 4126 2946 4179 aliud
2978 4124 3260 4193 cujusdam
3278 4124 3497 4178 virtutis

1914 4219 2205 4288 reperitur.
2257 4218 2506 4287 Exempli
2563 4219 2781 4287 gratia:
2819 4220 2899 4273 sol
2963 4220 3017 4271 in
3049 4219 3190 4273 cado
3250 4218 3408 4282 nitet,
3443 4227 3498 4272 et

1915 4317 2201 4378 argentum
2242 4309 2310 4364 de
2337 4320 2484 4362 terra
2518 4311 2812 4365 similiter:
2849 4309 2942 4367 sed
2998 4311 3140 4365 inter
3202 4326 3261 4365 se
3298 4319 3491 4365 natura

1914 4399 2253 4468 discrepant.
2290 4399 2592 4468 Fingamus
2622 4410 2803 4455 autem
2852 4402 3088 4470 aliquem
3126 4401 3344 4455 divitem
3376 4401 3493 4456 suis

1915 4492 2233 4547 domesticis
2268 4491 2457 4546 forsan
2486 4492 2669 4546 dicere
2699 4511 2711 4545 :
2750 4491 2975 4562 Fulgeat
3016 4500 3299 4561 argentum
3350 4492 3493 4546 sicut

235 4575 375 4632 οἶκον
401 4582 671 4641 οἰκέταις,
714 4579 1012 4650 Λαμπέτω,
1050 4579 1242 4647 λέγων,
1273 4580 1302 4629 ὁ
1331 4580 1596 4649 ἄργυρος,
1634 4580 1812 4643 καθὼς

1920 4584 2001 4639 sol
2032 4600 2047 4650 ;
2076 4584 2200 4651 jure
2238 4582 2462 4651 quidem
2525 4591 2639 4641 tum
2675 4584 2927 4638 dicemus
2986 4584 3269 4637 materiam
3319 4592 3494 4637 terre-

235 4672 566 4741 κα“ιὸῆλιος’
597 4674 653 4723 ἐν
680 4672 852 4741 τούτῳ
889 4672 952 4741 δὴ
985 4672 1130 4740 μάλα
1172 4671 1395 4733 δικαίως
1440 4672 1542 4725 οὐκ
1583 4674 1662 4735 εἰς
1712 4672 1812 4742 τὴν

238 4762 351 4831 ἴσην
398 4764 717 4816 ἀναϐαίνειν
770 4764 1131 4833 λαμπρότητα
1167 4762 1244 4832 τῷ
1298 4763 1433 4832 ἡλίῳ
1474 4762 1573 4832 τὴν
1611 4765 1675 4817 ὲκ
1712 4766 1814 4835 γῆς

235 4851 359 4921 ὓλην
385 4854 592 4923 φαμὲν,
625 4853 740 4906 ἀλλ’
769 4855 845 4915 εἰς
865 4852 1121 4921 ὁμοίωσίν
1144 4868 1267 4904 τινα
1343 4856 1439 4904 καὶ
1491 4854 1809 4923 ἐμφέρειαν,

235 4944 320 4995 καὶ
343 4946 390 4997 εί
415 4946 639 5015 φέροιτο
662 4946 778 4998 κατ’
813 4945 977 4999 αὑτοῦ
1007 4945 1065 4997 τὸ
1106 4964 1122 4994 ι
1160 4945 1361 5007 καθώς.
1412 4966 1431 4996 ι
1481 4946 1689 5017 Πέτρου
1731 4947 1809 5009 δὲ,

234 5037 595 5091 καὶιίωάννου
629 5037 788 5106 τυχὸν
806 5037 915 5089 »τῶν
940 5037 1109 5104 ἁγίων
1142 5036 1403 5105 μαθητῶν
1451 5039 1807 5108 παρενεχθέν-

234 5143 334 5181 των
365 5132 445 5193 εἰς
475 5131 659 5200 μέσον,
691 5132 738 5183 οἳ
769 5133 863 5182 καὶ
897 5130 973 5199 τῷ
1002 5130 1101 5198 τῆς
1151 5130 1364 5196 φύσεως
1403 5131 1565 5199 λόγῳ,
1616 5133 1707 5184 καὶ
1739 5136 1803 5202 τῇ

237 5220 309 5281 εἰς
348 5221 483 5272 Θεὸν
518 5222 769 5291 εὐσεῦείᾳ
789 5223 884 5290 τῆς
918 5223 1051 5291 πρὸς
1073 5221 1331 5290 ἀλλήλους
1352 5222 1609 5291 ἀκριϐοῦς
1628 5224 1808 5292 ὁμοιό-

235 5325 385 5377 τητος
414 5312 519 5363 οὐκ
549 5312 1039 5381 ἁπολιμπάνονται,
1088 5312 1333 5380 τετάχθω
1374 5312 1436 5363 τὸ
1487 5332 1505 5361 ι
1546 5312 1744 5375 καθὼς,
1784 5334 1800 5365 ι

236 5400 473 5467 λέγοντός
496 5420 641 5465 τινος
670 5403 796 5474 περὶ
820 5404 1020 5465 αὐτῶν,
1053 5402 1127 5463 ὡς
1165 5405 1223 5455 ὲν
1241 5404 1601 5473 ὑποκειμένῳ·
1638 5406 1809 5475 Τιμάο

239 5487 343 5538 σθω
382 5490 539 5555 παρὰ
566 5491 781 5544 πάντων
809 5492 1087 5560 Ἰωάννης,
1135 5492 1317 5554 καθὼς
1362 5494 1457 5545 καὶ
1494 5495 1521 5544 6
1566 5495 1804 5565 Πέτρος·

236 5572 337 5645 ἆρα
364 5580 427 5631 τὸ
473 5601 490 5629 ι
528 5581 706 5645 καθὼς
750 5602 768 5633 ι
799 5584 1052 5651 ἁτονήσει
1087 5582 1247 5634 πάλιν
1281 5585 1360 5644 εἰς
1387 5583 1448 5634 τὸ
1485 5585 1558 5653 μὴ
1586 5585 1695 5638 δεῖν
1719 5588 1806 5639 ἐπ’

236 5669 433 5737 ἀμφοῖν
472 5671 572 5741 τὴν
601 5671 720 5741 ἴσην
746 5674 973 5740 ἄγεσθαι
1017 5676 1215 5744 τιμήν;
1280 5673 1417 5725 Ἀλλ’
1452 5676 1551 5727 οὐκ
1593 5676 1678 5742 ἂν,
1737 5675 1807 5732 οἴ-

341 5850 383 5879 "
428 5850 542 5905 lmo
576 5851 840 5917 llIich.m,
872 5857 925 5909 9.
1002 5856 1044 5885 ⁵⁵
1086 5854 1215 5908 Luc.
1254 5869 1325 5918 vi,
1361 5852 1448 5906 56.

1524 5853 1567 5883 ³⁸
1610 5850 1766 5908 Joan.
1799 5872 1931 5925 xvn,
1967 5854 2055 5909 23.

1916 4684 2084 4729 strem
2117 4674 2182 4728 ad
2215 4675 2480 4743 a’qualem
2506 4691 2628 4728 cum
2663 4677 2779 4731 sole
2816 4676 3167 4745 splendorem
3198 4691 3306 4729 non
3339 4691 3494 4729 acce-

1917 4765 2068 4830 dere,
2106 4765 2200 4820 sed
2231 4765 2297 4818 ad
2337 4765 2756 4820 similitudinem
2788 4767 3084 4837 quamdam
3137 4774 3189 4818 et
3239 4766 3491 4831 elligiem,

1916 4858 2133 4913 etiamsi
2168 4861 2233 4911 de
2273 4859 2393 4928 ipso
2428 4858 2691 4913 ell‘eratur
2721 4859 2813 4913 illa
2846 4860 3036 4919 dictio,
3072 4879 3089 4909 ι
3130 4858 3291 4913 sicut.
3338 4876 3355 4905 ›
3419 4856 3492 4909 De

1914 4950 2079 5004 Petro
2113 4964 2240 5002 vero
2266 4959 2317 5004 et
2351 4949 2566 5011 Joanne
2607 4952 2815 5005 sanctis
2846 4950 3138 5017 discipulis
3162 4987 3175 5008 ,
3218 4947 3310 5017 qui
3360 4962 3485 5000 cum

1917 5052 2125 5099 natura:
2154 5042 2386 5102 ratione,
2434 5049 2559 5094 tum
2626 5042 2828 5110 pietate
2888 5044 2939 5095 in
2979 5041 3145 5093 Deum
3187 5039 3487 5108 perfectam

1916 5135 2063 5189 inter
2090 5149 2150 5188 se
2182 5132 2846 5196 similitudinem.habent,
2877 5132 3132 5185 eﬁ‘eratur
3168 5130 3259 5183 illa
3294 5129 3485 5192 dictio,

1923 5247 1941 5277 ι
1984 5227 2148 5287 sicut,
2189 5243 2204 5273 ι
2242 5233 2297 5276 et
2343 5225 2489 5278 dicat
2520 5224 2815 5293 quispiam,
2852 5222 3084 5289 exempli
3134 5236 3298 5277 causa
3332 5241 3344 5275 ι
3382 5220 3489 5275 Ilo-

1920 5328 2145 5369 noretur
2174 5317 2241 5369 ab
2276 5315 2537 5369 omnibus
2584 5313 2825 5367 Joannes
2868 5312 3012 5365 sicut
3053 5320 3105 5363 et
3140 5311 3374 5378 Petrus;
3419 5329 3485 5365 an

1915 5405 2007 5458 illa
2039 5405 2230 5464 dictio,
2261 5425 2277 5453 ι
2322 5406 2487 5463 sicut,
2530 5421 2546 5452 ›
2583 5402 2899 5469 neutiquam
2937 5400 3271 5467 signiﬁcabit
3311 5416 3490 5466 aurita-

1918 5498 2022 5550 lem
2058 5497 2275 5562 utrique
2308 5512 2429 5550 esse
2463 5493 2810 5548 tribuendum
2836 5493 3015 5561 .228
3052 5493 3349 5545 honorem?
3381 5490 3486 5545 Sed

1914 5603 2095 5651 nemo,
2134 5596 2191 5639 ut
2238 5602 2381 5648 reor,
2429 5586 2570 5638 istud
2610 5585 2849 5637 dixerit:
2906 5584 3041 5636 nihil
3096 5583 3239 5638 enim
3284 5583 3489 5637 videbit

1916 5678 2059 5750 quod
2097 5678 2384 5748 prohibeat
2417 5677 2463 5732 si
2521 5676 2661 5731 ratio
2703 5675 3124 5742 signiﬁcationis
3187 5682 3487 5742 spectetur,

3330 5817 3369 5837 Ι

2136 5855 2180 5883 ⁸⁷
2213 5852 2449 5923 Philipp.
2488 5868 2545 5908 ιιι
2577 5893 2589 5919 ,
2632 5854 2703 5920 :2;
2741 5852 2913 5922 Apoc.
2950 5870 3082 5919 xxii,
3116 5853 3199 5908 15.
