4102 6572
596 477 695 532 371

1593 473 1650 529 S.
1691 469 1967 529 CYllILLI
1992 465 2462 524 ALEXANDRINI
2497 467 2819 528 ARCIIIEI’.

3738 468 3842 524 3'72

593 592 734 647 Cum
764 607 894 661 ergo
917 591 982 647 de
1012 590 1148 646 Filio
1199 599 1253 646 et
1301 590 1468 646 Patre
1501 591 1670 646 dictio
1705 592 1822 653 illa,
1883 610 1902 642 ι
1937 589 2099 649 sicut,
2143 604 2151 636 ι

2272 606 2403 659 μαι,
2461 589 2544 652 τὶς
2583 589 2646 642 τὸ
2689 588 2928 641 τοιοῦτον
2977 588 3135 659 ὲρεῖο
3198 586 3464 658 θεωρήσει
3521 585 3632 656 γὰρ
3674 584 3737 655 δὴ
3786 585 3843 638 τδ

594 683 874 747 eITeratur,
900 699 1060 753 quam
1087 683 1158 738 ob
1186 697 1407 737 causam
1436 684 1736 752 aequalibus
1770 682 1961 736 ambos
1995 682 2166 732 hono-

591 771 750 826 ribus
783 787 983 827 ornare
1012 773 1442 827 cunctabimur?
1467 772 1600 826 Nam
1640 771 1820 826 futura
1863 769 2165 840 praevidens

594 869 655 913 ut
683 859 847 924 Deus,
881 869 934 914 et
967 861 1264 930 malignam
1296 869 1401 915 tua:
1437 862 1726 932 imperitim
1770 857 2165 914 contradictio-

596 967 718 1005 nem
754 967 860 1006 non
897 951 1184 1020 ignorans,
1215 967 1320 1006 non
1342 953 1544 1006 nudam
1567 952 1774 1010 statim.
1815 966 1993 1018 neque
2031 963 2162 1002 con-

595 1044 830 1097 venienti
871 1043 974 1096 sibi
1010 1044 1264 1112 prmsidio
1290 1043 1606 1098 destitutam
1641 1044 1940 1097 dictionem
1988 1041 2161 1104 illam,

600 1155 618 1184 ι
666 1135 832 1198 sicut,
872 1153 892 1184 ι
928 1135 1132 1198 intulit,
1187 1134 1281 1189 sed
1317 1148 1436 1188 eam
1470 1133 1683 1188 idoneis
1734 1133 2001 1186 ﬁrmatam
2034 1145 2160 1200 pro.

592 1224 951 1290 hationibus;
983 1233 1037 1279 et
1085 1240 1209 1278 eum
1261 1223 1413 1294 prius
1465 1222 1767 1278 ostenderit
1826 1235 1885 1276 se
1945 1234 2162 1289 quoque

595 1315 762 1369 Deum
803 1330 927 1371 esse
962 1313 1262 1370 secumlum
1290 1325 1542 1368 naturam
1597 1313 1794 1380 (suum
1826 1312 1968 1366 enim
2001 1309 2162 1364 facie-

592 1408 687 1460 bat
739 1405 952 1461 Patrem
991 1405 1222 1475 Deum),
1259 1403 1717 1472 aﬂirmaveritque
1780 1417 1840 1456 se
1889 1413 1944 1454 et
1992 1401 2160 1454 Deum

590 1499 864 1567 npiticem,
901 1507 956 1552 et
978 1498 1250 1552 viventem
1284 1510 1471 1550 revera
1495 1509 1637 1556 esse,
1669 1505 1852 1564 atque,
1895 1504 1953 1546 ut
1984 1494 2058 1546 ita
2076 1492 2160 1545 di-

589 1607 734 1654 rant,
796 1588 888 1643 Del
937 1603 1001 1642 ac
1039 1587 1218 1642 Patris
1281 1588 1717 1656 preprietatibus
1771 1585 2157 1654 conspicuum,

587 1687 894 1746 opportune
948 1675 1164 1730 tandem
1227 1675 1429 1730 infert:
1501 1696 1518 1726 ι
1579 1673 1644 1730 Ut
1697 1689 1889 1728 omnes
1936 1672 2160 1726 honori-

588 1769 751 1823 Iicent
805 1767 1035 1836 Filium,
1071 1769 1216 1821 sicut
1259 1766 1624 1821 honoriﬁcam
1681 1765 1918 1820 Patrem.
1957 1785 1974 1813 ι
2018 1763 2156 1829 Quid

585 1864 768 1911 autem
830 1872 978 1910 nunc
1043 1855 1325 1909 adversari
1381 1855 1647 1909 videtur?
1694 1858 1762 1907 At
1839 1853 1969 1923 quid
2035 1866 2156 1921 pro-

585 1947 795 2002 hibebit
838 1947 1134 2016 quominus
1187 1947 1256 2008 is,
1324 1948 1413 2000 cui
1472 1946 1917 2000 substantialiter
1971 1947 2157 1998 insunt
2193 1925 2231 1978 υ

584 2056 923 2110 qu.ecunque
967 2039 1147 2096 Patris
1182 2040 1479 2109 peculiaria
1538 2047 1590 2093 et
1626 2039 1821 2092 eximia
1869 2049 2033 2101 sunt,
2086 2039 2155 2092 ad

583 2134 852 2202 aequalem
918 2131 1143 2185 honoris
1207 2131 1468 2184 ascendat
1544 2130 1918 2183 mensuram?
1978 2127 2152 2196 Ipsam

583 2224 786 2292 quippe
840 2221 933 2276 Dei
974 2236 1037 2275 ac
1088 2221 1266 2275 Patris
1300 2222 1580 2274 honorare
1619 2229 1874 2273 naturam
1931 2233 2152 2287 compe-

583 2315 790 2366 rienlur
824 2313 879 2366 in
911 2310 1045 2366 Filio
1085 2313 1304 2382 egregie
1363 2313 1716 2366 relucentem.
1748 2309 1954 2363 Idcirco
2007 2309 2152 2363 enim

583 2405 846 2473 subjicit:
888 2425 906 2456 ι
940 2404 1042 2470 Qui
1081 2420 1189 2458 non
1217 2403 1542 2458 honoriticat
1580 2401 1800 2463 Filium,
1833 2416 1939 2454 non
1977 2402 2154 2454 hono-

582 2495 761 2549 ritieat
789 2493 1027 2558 Patrem,
1056 2495 1148 2564 qui
1183 2494 1331 2549 misit
1381 2494 1554 2546 illum.
1598 2511 1616 2542 ι
1650 2490 1770 2545 Filii
1805 2493 1951 2546 enim
2016 2506 2150 2544 cnn-

583 2594 820 2656 temptus
848 2594 944 2641 aut
985 2586 1338 2656 blasphemia:
1371 2587 1457 2641 vis
1488 2596 1540 2640 et
1577 2587 1717 2638 ratio
1744 2585 1810 2639 ad
1841 2586 2008 2638 alium
2044 2600 2149 2639 non

579 2679 893 2749 pertinebit,
937 2693 1102 2749 quam
1159 2679 1226 2732 ad
1290 2678 1468 2748 ipsum
1510 2677 1754 2741 Patrem,
1819 2679 1910 2748 qui
1968 2694 1998 2731 a
2051 2693 2149 2734 sua

580 2780 776 2826 natura
813 2781 1068 2840 tanquam
1099 2787 1130 2825 a
1184 2771 1334 2825 fonte
1369 2768 1566 2824 Filium
1599 2769 1791 2835 edidit,
1845 2771 1969 2824 licet
1999 2773 2046 2825 ei
2081 2773 2150 2826 ab

576 2873 783 2917 aeterno
841 2862 1186 2917 coexsisteus
1247 2861 1450 2930 ubique
1501 2861 1555 2914 in
1644 2860 1930 2930 Scriptura
1989 2875 2146 2915 sacra

579 2952 927 3023 pra-dicetur.
965 2953 1068 3007 Sed
1109 2961 1250 3015 esto,
1279 2953 1456 3019 inquit
1486 2951 1860 3017 adversarius,
1895 2961 2146 3007 contem-

579 3055 708 3112 ptus
735 3042 857 3097 Filii
885 3059 992 3113 quo
1032 3044 1168 3098 velis
1209 3043 1504 3112 pertineat,
1541 3043 1652 3098 imo
1682 3059 1812 3098 vero
1845 3044 1910 3097 ad
1964 3045 2144 3114 ipsum

581 3134 749 3188 Deum
784 3149 846 3189 ac
874 3134 1089 3188 P..trem
1145 3137 1438 3204 pet-tingat.
1483 3133 1805 3205 Indignatur
1844 3133 1991 3188 enim
2023 3135 2146 3204 jure

579 3222 796 3287 merito,
832 3237 937 3275 non
977 3233 1158 3276 tamen
1189 3225 1345 3294 quasi
1380 3224 1568 3278 eadem
1603 3232 1798 3278 natura
1831 3226 2059 3278 [sedatur
2088 3225 2140 3279 in

576 3311 736 3376 Filio,
769 3319 826 3366 ut
851 3314 1010 3367 modo
1036 3314 1421 3382 disseruimus;
1451 3314 1545 3369 sed
1567 3315 1824 3384 quoniam
1853 3325 1936 3370 est
1971 3316 2151 3386 imago

575 3399 698 3470 ejus
727 3409 780 3457 et
807 3403 1180 3466 character“,
1217 3404 1283 3458 ad
1315 3404 1556 3458 divinam
1579 3414 1632 3459 et
1671 3405 2002 3460 ineffabilem
2031 3407 2150 3477 ejus

579 3501 832 3546 naturam
871 3495 1075 3562 Optime
1103 3494 1393 3558 formatus,
1413 3495 1541 3564 iure
1566 3495 1786 3566 quidem
1812 3497 2148 3566 indignatur,

579 3591 634 3633 ct
669 3582 722 3634 in
763 3596 822 3637 se
860 3585 1088 3637 omnino
1122 3584 1376 3652 injuriam
1427 3583 1615 3638 refert.
1679 3585 2148 3641 Absurdissimum

577 3672 780 3742 quippe
832 3683 975 3727 esset
1029 3688 1177 3737 eum,
1219 3674 1311 3742 qui
1365 3674 1566 3728 divinis
1618 3674 2031 3731 characteribus
2064 3677 2148 3730 in-

576 3763 764 3826 sultat,
797 3765 1004 3833 peccati
1047 3766 1098 3818 in
1146 3765 1506 3836 archetypum
1539 3766 1769 3822 admissi
1811 3782 2003 3836 poenas
2034 3784 2148 3822 non

577 3854 750 3909 luere.
784 3853 1253 3920 Quemadmodum
1287 3873 1503 3927 nempe,
1540 3859 1586 3914 si
1627 3860 1751 3929 quis
1807 3870 2146 3916 terrenorum

577 3961 766 4015 regum
792 3945 1055 4016 imagines
1084 3949 1323 4003 ludibrio
1349 3949 1623 4015 habuerit,
1652 3966 1764 4006 non
1789 3952 1950 4007 aliter
1976 3969 2141 4022 quam

576 4037 620 4090 si
653 4040 706 4090 in
743 4053 924 4108 regem
965 4039 1140 4109 ipsum
1187 4041 1495 4110 peccaverit
1534 4043 1783 4111 punitur.
1833 4043 1964 4099 Tale
2020 4059 2148 4099 vero

577 4127 840 4194 quiddam
873 4146 902 4183 a
942 4129 1053 4185 Deo
1085 4147 1305 4201 quoque
1344 4133 1412 4187 de
1440 4133 1600 4188 nobis
1631 4141 1898 4188 statutum
1935 4151 2151 4205 compe-

577 4225 806 4277 riemus.
839 4245 857 4275 ι
899 4224 1001 4290 Qui
1070 4225 1214 4280 enim
1255 4225 1582 4296 sanguinem
1628 4227 1889 4294 hominis,
1952 4228 2147 4298 inquit,

571 4311 841 4377 eﬂ‘uderit,
905 4331 1002 4383 pro
1055 4315 1323 4384 sanguine
1394 4316 1557 4386 229
1625 4318 1747 4385 ejus
1801 4315 2146 4384 emindetur,

577 4405 705 4472 quia
760 4407 814 4459 in
866 4405 1104 4474 imagine
1165 4405 1258 4460 Dei
1327 4405 1429 4461 l‘eci
1481 4407 1757 4462 hominem
1779 4410 1847 4461 ⁵³.
1901 4427 1919 4460 ι
1982 4407 2149 4464 Vides

575 4496 743 4564 igitur
775 4512 839 4550 ex
871 4495 992 4560 hoc,
1041 4498 1239 4567 inquit,
1294 4497 1586 4554 manifeste
1617 4497 1781 4554 Deum
1835 4514 1899 4554 ac
1931 4499 2146 4554 Patrem

2268 680 2475 733 κωλύον
2516 679 2666 733 οὐδὲν
2708 681 2832 733 κατ’
2884 678 3055 750 αὐτὴν
3114 677 3210 731 τοῦ
3256 681 3522 750 νοήματος
3579 676 3677 746 τὴν
3719 675 3843 728 ἀνα-

2267 770 2469 839 λογίαν.
2507 771 2673 825 Ὅταν
2697 771 2781 839 ἐφ’
2815 768 2946 822 Υἰοῦ
2990 770 3082 823 καὶ
3110 769 3320 839 Πατρδς
3353 769 3584 840 φέρηται
3609 767 3670 819 τδ
3700 785 3725 818 ι
3748 783 3845 818 κα-

2267 861 2402 925 θὼς,
2457 881 2474 911 ι
2548 861 2634 914 διά
2691 861 2854 914 ποίαν
2903 859 3083 912 αἰτίαν
3151 860 3609 930 ἀποναρκήσομεν
3665 856 3836 925 ἰσομέ-

2263 967 2411 1021 τροις
2451 951 2616 1020 ἄμφω
2638 950 2998 1018 καταστέφειν
3017 950 3240 1019 τιμαῖς;
3283 945 3840 1019 Προανασκεψάμενος

2264 1043 2370 1114 γάρ
2415 1042 2491 1106 ὡς
2539 1042 2671 1105 Θεὸς
2718 1041 2785 1094 τὰ
2828 1041 3081 1111 ἐσόμενα,
3117 1039 3212 1092 καὶ
3259 1039 3358 1109 τὴν
3411 1038 3686 1109 βάσκανον
3744 1036 3841 1104 τῆς

2265 1133 2363 1203 σῆς
2393 1131 2632 1203 ἀμαθίας
2685 1131 3059 1202 περιαθρήσας
3086 1131 3415 1198 ἀντιλογίαν,
3437 1129 3498 1182 οὐ
3527 1128 3736 1197 γυμνὸν
3761 1127 3841 1180 εὐ-

2263 1224 2380 1290 θὺς,
2422 1224 2540 1278 οὐδὲ
2573 1224 2670 1294 τῆς
2729 1223 2880 1295 αὐτῷ
2912 1223 3226 1295 πρεπούσης
3264 1223 3468 1296 ἔρημον
3496 1219 3836 1290 ἐπικουρίας,

2261 1317 2323 1370 τὸ
2362 1337 2379 1368 ι
2414 1317 2596 1380 καθὼς
2623 1337 2642 1368 ι
2696 1319 3055 1388 εἰσενήνοχεν,
3083 1316 3217 1372 ἀλλὰ
3260 1318 3382 1379 ταῖς
3428 1315 3527 1384 μὲν
3571 1312 3840 1384 καθηκοίο

2264 1425 2386 1472 σαις
2414 1409 2804 1480 προοχυρὼσας
2849 1409 3262 1481 πληροφορίαις,
3322 1407 3727 1479 προαποδείξας
3782 1406 3837 1460 δὲ

2263 1499 2344 1552 ὅτι
2383 1499 2474 1551 καὶ
2511 1498 2642 1561 Θεὸς
2676 1499 2911 1569 ὐπάρχοι
2945 1498 3088 1551 κατά
3122 1498 3282 1566 φύσιν
3315 1513 3330 1528 ο
3368 1497 3501 1550 ῐδιον
3530 1495 3644 1565 γάρ
3700 1496 3840 1548 ἐποι-

2263 1593 2376 1643 εῖτο
2403 1590 2623 1660 Πατέρα
2666 1589 2760 1642 τὸν
2791 1589 2921 1642 Θεόν
2943 1602 2958 1618 °
3005 1590 3526 1660 προκατασκευάσας
3561 1587 3619 1640 δὲ
3655 1586 3836 1649 πάλιν,

2261 1685 2340 1737 ὅτι
2371 1683 2462 1736 καὶ
2481 1682 2612 1744 Θεὸς
2627 1681 2960 1753 δημιουργὸς
3001 1682 3095 1735 καὶ
3124 1680 3232 1745 ζῶν
3261 1681 3380 1734 κατ’
3407 1680 3677 1750 ἀλήθειάν
3699 1679 3836 1742 ἐστι,

2263 1777 2354 1830 καὶ
2391 1777 2548 1840 ὅλως,
2587 1777 2657 1827 ἵν’
2681 1775 2851 1837 οὕτως
2876 1774 3035 1836 εἴπω,
3073 1777 3185 1836 τοῖς
3219 1772 3315 1826 τοῦ
3342 1772 3476 1825 Θεοῦ
3507 1771 3602 1824 καὶ
3621 1771 3838 1841 Πατρὸς

2263 1867 2723 1938 ὲπαγλαῖζόμενον
2770 1865 3019 1936 ἰδιώμασι
3067 1863 3520 1934 προεισενεγκὼν,
3562 1861 3838 1932 εὐκαίρως

2263 1961 2455 2027 ἐπάγει
2491 1959 2694 2011 λοιπῶν
2733 1957 2881 2011 «Ἵνα
2913 1957 3112 2019 πάντες
3135 1956 3336 2026 τιμῶσι
3365 1956 3456 2008 τὸν
3474 1953 3624 2017 Υίδν,
3653 1949 3837 2014 καθὼς

2261 2049 2462 2118 τιμῶσι
2484 2049 2575 2101 τὸν
2602 2048 2846 2119 Πατέρα.
2882 2067 2902 2097 ι
2958 2041 3094 2100 Εἶτα
3128 2046 3183 2099 τί
3215 2046 3274 2099 τὸ
3313 2043 3675 2099 ἀντιστατοῦν
3711 2046 3838 2098 ἀναο

2262 2141 2510 2207 φανεῖται
2564 2137 2778 2202 λοιπόν;
2826 2136 2880 2189 τί
2937 2135 2994 2189 δὲ
3035 2135 3098 2189 τὺ
3133 2136 3339 2188 κωλῦον
3367 2135 3486 2188 ἐστὶ
3528 2136 3646 2197 τὸν,
3682 2128 3837 2204 ᾧπερ

2260 2229 2530 2292 οὐσιωδῶς
2589 2228 2882 2298 ἐνυπάρχει
2919 2227 2987 2281 τά
3038 2226 3134 2280 τοῦ
3174 2227 3536 2295 γεννήσαντος
3585 2225 3699 2279 ἴδια
3743 2223 3839 2278 καὶ

2261 2317 2529 2385 ἐξαίρετα,
2553 2317 2689 2386 πρὸς
2701 2316 2762 2368 τὸ
2797 2315 2910 2367 ἴσον
2935 2315 3033 2386 τῆς
3062 2315 3225 2386 τιμῆς
3251 2314 3563 2368 ἀναϐαίνειν
3590 2313 3834 2384 μέτρονς

2258 2409 2439 2478 Αὐτὴν
2461 2409 2570 2479 γὰρ
2596 2408 2696 2478 ἤδη
2742 2407 3007 2476 τιμῶντες
3032 2407 3131 2477 τὴν
3163 2405 3256 2460 τοῦ
3283 2405 3416 2459 Θεοῦ
3463 2407 3561 2460 καὶ
3617 2403 3837 2476 Πατρδς

2257 2500 2576 2570 ἀλωσόμεθα
2602 2499 2784 2568 φύσιν,
2818 2498 2998 2562 καλῶς
3017 2499 3076 2552 ὲν
3108 2497 3220 2567 Υἱῷ
3260 2495 3695 2566 διαλάμπουσαν.
3739 2492 3838 2547 Διά

2257 2592 2366 2663 γάρ
2396 2590 2552 2644 τοῦτό
2578 2607 2740 2659 φησιν
2768 2589 2986 2658 ἐφεξῆςο
3024 2608 3041 2640 ι
3099 2589 3158 2641 '0
3186 2588 3259 2658 μὴ
3286 2586 3458 2658 τιμῶν
3480 2585 3573 2640 τὸν
3587 2586 3744 2645 Υἰδν,
3771 2586 3835 2640 οὐ

2254 2685 2390 2754 τιμᾷ
2411 2683 2503 2736 τὸν
2526 2682 2741 2752 Πατέρα
2776 2681 2868 2733 τὸν
2902 2679 3194 2749 πέμψαντα
3231 2678 3411 2732 αὐτόν.
3461 2696 3480 2730 ι
3528 2677 3834 2746 Ἀναϐήσι-

2253 2793 2342 2829 ται
2405 2774 2512 2844 γὰρ
2555 2773 2655 2826 οὐκ
2697 2771 2782 2840 ἐφ’
2815 2771 3002 2841 ’ἐτερόν
3058 2786 3180 2823 τινα
3218 2769 3416 2841 μᾶλλον
3457 2769 3558 2839 τῆς
3591 2769 3677 2831 εἰς
3706 2767 3836 2822 Υἱδν

2255 2869 2480 2939 ἀτιμίας
2509 2867 2568 2921 τὸ
2587 2865 2858 2936 ἔγκλημα,
2887 2865 2983 2918 καὶ
3023 2864 3123 2934 τῆς
3158 2862 3466 2934 δυσφημίας
3511 2863 3545 2932 ὴ
3574 2860 3830 2930 δύναμις,

2254 2961 2286 3032 ῆ
2321 2961 2400 3024 είς
2421 2959 2583 3014 αὐτὸν
2608 2957 2968 3030 ἀληθέστερον
3017 2957 3109 3011 τὸν
3138 2955 3379 3026 Πατέρα,
3418 2951 3674 3022 καθάπερ
3723 2950 3832 3006 ἀπὸ

2255 3050 2438 3120 πηγῆς
2481 3049 2578 3120 τῆς
2625 3049 2830 3110 οἰκείας
2861 3047 3076 3117 φύσεως
3105 3044 3302 3100 ἀνέντα
3343 3043 3436 3097 τὸν
3477 3042 3630 3103 Υἰὺν,
3661 3042 3715 3094 εἰ
3739 3040 3832 3092 καὶ

2256 3142 2617 3212 συνυπάρχων
2671 3139 2856 3202 άῖδίως
2910 3138 3058 3208 αὐτῷ
3102 3136 3192 3191 διὰ
3238 3136 3418 3205 πάσης
3477 3133 3680 3204 ὁρᾶται
3729 3131 3831 3200 τῆς

2253 3232 2412 3301 ἁγίας
2435 3231 2676 3302 Γραφῆς.
2716 3229 2875 3282 Ἀλλά
2901 3229 3009 3292 ναὶ,
3028 3227 3192 3297 φησὶν
3220 3228 3248 3279 ὁ
3275 3221 3626 3284 δι’ὲναντίας,
3644 3219 3832 3290 ἡκέτω

2251 3322 2352 3390 τῆς
2380 3323 2458 3384 εἰς
2499 3321 2626 3373 Υἱδν
2655 3317 2876 3389 ἀτιμίας
2896 3317 2957 3369 τὸ
2987 3315 3237 3385 ἔγκλημα
3268 3311 3404 3382 πρὸς
3437 3310 3576 3379 ὅπερ
3607 3307 3678 3361 ἂν
3703 3305 3829 3375 βού-

2251 3411 2381 3474 λοιο,
2418 3411 2615 3482 μᾶλλον
2643 3409 2698 3461 δὲ
2737 3410 2816 3472 εἰς
2854 3407 3016 3461 αὐτὸν
3055 3401 3389 3474 ἀφικνείσθω
3415 3399 3507 3454 τὸν
3545 3398 3686 3452 Θεὸν
3736 3395 3830 3450 καὶ

2250 3502 2488 3572 Πατέρα.
2545 3500 2941 3568 Ἀγανακτήσει
2974 3496 3084 3568 γάρ
3130 3495 3194 3564 δὴ
3231 3493 3324 3546 καί
3371 3491 3518 3562 μάλα
3573 3488 3827 3553 εἰκότως,

2250 3593 2365 3646 ἀλλ’
2397 3593 2518 3661 οὐχὶ
2546 3592 2782 3654 πάντως,
2812 3589 2889 3652 ὡς
2916 3590 3014 3658 τῆς
3040 3586 3206 3656 αὐτῆς
3229 3583 3445 3652 φύσεως
3483 3579 3828 3651 ὑϐρισμένης

2249 3687 2308 3738 ὲν
2329 3683 2464 3754 Υἰῷ,
2493 3681 2636 3736 κατά
2662 3682 2753 3734 τὸν
2771 3680 2970 3751 ἀρτίως
3002 3679 3133 3749 ἡμῖν
3155 3671 3606 3744 φιλοτεχνηθέντα
3637 3670 3822 3738 λόγον’

2251 3775 2367 3829 ἀλλ’
2394 3775 2624 3843 ἐπείπερ
2657 3773 2802 3826 ὲστίν
2848 3769 3011 3823 εἰκὼν
3040 3764 3206 3822 αὐτοῦ
3246 3766 3342 3819 καὶ
3388 3761 3702 3835 χαρακτὴρ,
3749 3760 3827 3822 ὡς

2251 3868 2387 3937 πρὸς
2405 3866 2502 3937 τὴν
2538 3865 2686 3918 θείαν
2707 3880 2765 3915 τε
2798 3862 2894 3915 καὶ
2931 3860 3168 3932 ἄρρητον
3211 3855 3374 3911 αὐτοῦ
3419 3853 3584 3924 φύσιν
3621 3853 3826 3923 ἄριστα

2255 3955 2706 4029 μεμορφωμένος,
2757 3950 3070 4022 χαλεπαίνει
3097 3948 3195 4018 μὲν
3228 3944 3488 4014 εὐλόγως,
3513 3943 3724 4029 ἀνοίσει
3767 3939 3824 3994 δὲ

2252 4047 2468 4108 πάντως
2491 4046 2569 4108 εἰς
2615 4042 2806 4098 ἑαυτὸν
2835 4040 2895 4094 τὸ
2925 4035 3184 4109 ἀδίκημα.
3229 4036 3342 4090 Καὶ
3386 4035 3496 4104 γὰρ
3542 4028 3611 4104 ἦν
3655 4032 3827 4093 ὅντως

2248 4137 2356 4189 τῶν
2383 4133 2765 4196 ἀτοπωτάτων,
2801 4131 2894 4184 τὸν
2925 4131 3036 4192 τοῖς
3069 4128 3236 4191 θείοις
3279 4127 3660 4196 χαρακτῆρσιν
3717 4121 3819 4191 έμ-

2252 4227 2680 4299 παροινήσαντα,
2723 4223 2797 4295 μὴ
2823 4222 2942 4293 οὐχὶ
2988 4221 3207 4283 πάντως
3247 4221 3346 4290 τῆς
3394 4219 3476 4280 εἰς
3514 4215 3822 4288 ἀρχέτυπον

2250 4317 2524 4388 ἁμαρτίας
2587 4313 2933 4368 ἀποτιννύναι
2975 4311 3151 4374 δίκας.
3195 4311 3408 4380 Ὥσπερ
3454 4303 3550 4361 οὖν
3604 4305 3817 4377 ἀμέλει,

2249 4409 2344 4462 καὶ
2373 4409 2401 4460 ό
2423 4407 2542 4469 ταῖς
2562 4404 2732 4458 εἰκόσι
2760 4403 2867 4458 τῶν
2895 4402 2989 4456 ἐπὶ
3037 4401 3142 4471 γῆς
3182 4399 3446 4470 βασιλέων
3484 4395 3821 4468 ἐμπαροινή-

2252 4515 2370 4560 σας,
2437 4496 2512 4561 ὡς
2567 4497 2647 4558 είς
2691 4495 2853 4548 αὐτὸν
2905 4493 3004 4563 ἤδη
3050 4487 3534 4560 πεπλημμεληκὼς
3559 4487 3652 4542 τὸν
3685 4503 3820 4556 κρα-

576 4586 891 4641 existimare
944 4588 1217 4657 indignari
1275 4590 1471 4644 debere
1522 4591 1650 4644 lzcsa
1713 4591 1969 4661 imagine,
2035 4608 2145 4646 non

2255 4584 2444 4638 τοῦντα
2474 4583 2780 4647 κολάζεται.
2853 4580 3170 4650 Ὠρισμένον
3218 4579 3277 4632 δέ
3318 4595 3370 4631 τι
3408 4575 3652 4630 τοιοῦτον
3713 4592 3821 4628 πα-

577 4687 759 4731 autem
791 4676 972 4731 divina
1006 4694 1102 4732 sua
1140 4693 1356 4734 natura.
1394 4679 1506 4734 IIoc
1556 4681 1740 4749 itaque
1777 4685 1940 4735 modo
1972 4699 2142 4752 expn.

576 4768 815 4824 nendum
845 4781 927 4823 est
956 4770 1091 4825 illud
1115 4773 1258 4837 quud
1284 4773 1492 4826 dictum
1525 4781 1610 4827 est
1633 4788 1659 4825 a
1681 4772 1906 4829 Christo
1938 4796 1951 4831 :
1993 4796 2010 4827 ι
2041 4776 2144 4843 Qui

578 4877 686 4916 non
723 4861 1046 4916 bonoriticat
1068 4861 1288 4927 Filium,
1307 4880 1488 4932 neque
1509 4863 1721 4925 Patrem
1752 4866 2095 4924 honoriﬁcat.
2123 4889 2141 4920 ι

575 4955 656 5005 An
692 4951 859 5019 igitur
884 4968 913 5005 a
945 4952 1128 5008 Patris
1158 4957 1469 5010 substantia
1495 4957 1707 5012 alienus
1728 4959 1834 5013 erit
1859 4961 2145 5016 nobiseum

577 5042 944 5114 Unigenitus?
974 5046 1259 5110 Quomodo
1304 5062 1436 5116 ergo
1478 5047 1590 5116 jam
1631 5050 1932 5105 secundum
1987 5061 2146 5106 natu-

572 5148 690 5186 ram
727 5133 869 5189 Deus
903 5144 1007 5200 est,
1034 5138 1078 5190 si
1108 5135 1176 5191 de
1211 5137 1520 5193 rationibus
1565 5140 1786 5196 deitatis
1823 5142 2052 5208 excidit,
2089 5145 2142 5198 in

577 5223 798 5293 propria
829 5228 1063 5295 quadam
1109 5235 1164 5282 et
1211 5228 1315 5282 alia
1364 5245 1526 5298 quam
1574 5231 1627 5285 in
1668 5248 1776 5302 qua
1830 5233 1992 5290 Pater
2037 5245 2142 5301 est,

577 5322 771 5365 natura
805 5316 1133 5370 constitutus
1157 5318 1179 5369 ’ξ
1201 5315 1376 5388 Iniqui
1405 5335 1532 5373 vero
1563 5336 1755 5376 smnus
1783 5324 2016 5389 scilicet,
2049 5329 2141 5398 qui

575 5405 630 5455 in
673 5419 835 5456 unam
868 5405 1087 5462 deitatis
1115 5409 1380 5464 rationem
1417 5419 1618 5465 sancta:
1665 5413 1953 5473 Trinitatis
1985 5422 2144 5475 unio-

577 5509 697 5548 nem
753 5494 1099 5551 addueimus.
1153 5499 1400 5555 Adorare
1453 5503 1658 5574 quippe
1713 5522 1811 5562 nos
1869 5521 2144 5580 oporteret

577 5584 816 5647 Patrem,
850 5595 908 5640 ut
943 5589 1142 5644 Deum:
1178 5591 1405 5658 gloriam
1436 5603 1616 5647 autem
1653 5599 1942 5665 quamdam
1980 5617 2144 5670 pecu-

579 5675 762 5731 liarem
800 5693 862 5733 ac
897 5681 1166 5748 prepriam
1214 5681 1352 5737 Filio
1391 5701 1456 5739 ac
1489 5685 1716 5754 Spiritui
1769 5693 2025 5760 tribucre,
2084 5694 2137 5750 in

649 5831 695 5863 ³⁸
733 5829 774 5883 ll
811 5831 939 5887 Cor.
976 5849 1047 5897 tv,
1081 5834 1132 5892 4.
1210 5839 1255 5871 ⁵³
1296 5838 1430 5895 Gen.
1471 5855 1546 5906 tx,
1587 5840 1642 5899 6.

2252 4676 2319 4747 ρὰ
2339 4674 2473 4729 Θεοῦ
2501 4675 2595 4728 καί
2619 4674 2700 4742 ἐφ’
2726 4672 2884 4744 ἡμῶν
2921 4671 3099 4725 αὐτῶν
3155 4670 3472 4740 εὑρήσομεν.
3528 4687 3547 4720 ι
3607 4667 3666 4721 ’0
3713 4666 3821 4736 γὰρ

2247 4767 2471 4836 ὲκχέων,
2531 4763 2715 4835 φησὶν,
2757 4756 2897 4832 αἷμα
2937 4756 3246 4830 ἀνθρώπου,
3292 4756 3414 4809 ἀντὶ
3458 4754 3554 4808 τοῦ
3591 4754 3820 4824 αἵματος

2249 4858 2415 4913 αὐτοῦ
2467 4856 2849 4927 ἐκχυθήσεται·
2899 4853 2982 4905 ὅτι
3013 4853 3076 4905 ὲν
3141 4849 3310 4904 εἰκόνι
3381 4845 3518 4901 Θεοῦ
3585 4845 3820 4915 ἐποίησα

2248 4951 2340 5003 τὸν
2371 4947 2676 5019 ἄνθρωπον.
2714 4965 2732 4997 ι
2781 4946 2942 5016 Ὁρᾷς
2977 4939 3091 5010 οὖν,
3131 4941 3319 5012 φησὶν,
3355 4939 3455 5011 ἠδη
3481 4938 3574 4992 διὰ
3598 4936 3818 4999 τούτου,

2250 5039 2345 5091 καί
2373 5036 2517 5107 μάλα
2560 5035 2763 5104 σαφῶς,
2807 5034 2889 5087 ὅτι
2921 5033 3020 5104 τῆς
3047 5031 3255 5094 εἰκόνος
3293 5027 3694 5098 ἀδικουμένης,
3725 5025 3816 5079 καὶ

2248 5129 2367 5198 οὐχί
2411 5127 2627 5190 πάντως
2659 5128 2759 5195 τῆς
2795 5124 2944 5188 θείας
2986 5122 3151 5176 αὐτοῦ
3184 5121 3401 5191 φύσεως
3425 5161 3440 5186 ,
3483 5119 3816 5187 ἀγανακτεῖν

2247 5219 2421 5273 οἴεται
2459 5218 2569 5271 δεῖν
2607 5221 2635 5271 ὁ
2662 5217 2794 5279 Θεὸς
2832 5216 2926 5270 καὶ
2965 5217 3175 5284 Πατήρ.
3205 5211 3414 5266 Οὐκοῦν
3447 5209 3595 5265 κατά
3633 5207 3813 5262 τοῦτον.

2249 5311 2477 5367 νοείσθω
2503 5327 2562 5362 τε
2584 5309 2678 5362 καὶ
2704 5311 2837 5378 ὲσχη
2847 5307 3092 5378 ματίσθω
3117 5306 3208 5359 τὸν
3227 5305 3426 5376 τρόπον
3445 5304 3508 5357 τὸ
3530 5301 3814 5373 εἰρημένοι

2248 5404 2401 5476 παρὰ
2445 5401 2702 5474 Χριστοῦ·
2755 5418 2774 5451 ι
2822 5400 2882 5452 Ὀ
2907 5398 2981 5469 μὴ
3025 5396 3202 5468 τιμῶν
3236 5397 3329 5450 τὸν
3379 5394 3540 5456 Υἰδν,
3567 5393 3690 5446 οὐδὲ
3724 5389 3812 5443 τότ

2253 5496 2468 5567 Πατέρα
2494 5493 2647 5564 τιμᾷ.
2683 5510 2700 5542 ι
2737 5487 2862 5561 Ἆρ’
2887 5486 2978 5544 οὖν
2999 5487 3105 5554 ἔξω
3125 5488 3365 5542 κείσεται
3389 5485 3509 5557 μεθ’
3536 5484 3694 5555 ἡμῶν
3717 5481 3810 5550 τῆς

2251 5594 2344 5648 τοῦ
2375 5594 2583 5666 Πατρδς
2617 5592 2804 5656 οὐσίας
2830 5590 2859 5643 ὁ
2886 5589 3234 5658 Μονογενήςς
3277 5585 3404 5648 Πῶς
3438 5580 3533 5638 οῦν
3570 5584 3650 5637 ἔτι
3678 5581 3809 5636 κατὰ

2247 5694 2407 5765 φύσιν
2451 5693 2581 5758 Θεός
2637 5696 2820 5758 ἐστιν,
2877 5691 3033 5763 εἴπερ
3075 5688 3210 5754 ὅλως
3257 5685 3516 5756 egenas:
3569 5683 3676 5739 τῶν
3715 5679 3806 5753 (fc
