4102 6560
291 447 395 505 επ

1345 439 1416 496 ΙΝ
1442 438 1732 499 JOANNIS
1768 435 2258 507 EVANGELIUMZ
2289 434 2421 490 LIB.
2459 431 2524 490 ll.

3412 431 3516 498 5⁸14

292 562 541 632 θεότητος
575 561 738 632 ὅρων,
781 560 838 611 ὲν
885 558 990 629 ίδίᾳ
1021 555 1128 611 τινὶ
1170 555 1328 626 φύσει
1373 559 1465 612 καὶ
1499 556 1716 629 ὲτεροίᾳ
1747 554 1858 610 κεί-

1968 553 2279 609 differentes
2311 563 2536 606 naturas
2575 563 2668 605 eos
2701 548 3020 618 partientes,
3059 552 3113 599 et
3141 557 3293 598 suam
3324 541 3519 609 inique

294 668 482 722 μενος,
515 650 548 720 ἢ
592 653 650 704 ἐν
687 645 832 723 ᾖπέρ
876 651 1022 702 ἐστιν
1054 649 1083 701 ό
1123 647 1347 718 Πατὴρς
1402 647 1719 717 Ἀδικοῦμεν
1765 645 1848 711 δὲ,

289 742 428 796 κατὰ
455 742 518 795 τὸ
545 741 712 805 εικδς,
742 742 822 804 εἰς
840 741 934 793 ενα
957 740 1209 810 θεότητος
1229 739 1649 803 ἀναὸιῦάζοντες
1676 737 1852 806 λόγον,

286 837 386 900 τῆς
422 833 583 900 ἁγίας
625 831 851 904 Τριάδος
896 831 994 904 τὴν
1041 829 1307 893 σύνταξιν.
1351 830 1498 882 Ἔδει
1553 829 1695 898 γὰρ,
1749 827 1856 880 ἔδει

287 923 472 976 λοιπὸν
519 925 842 995 προσκυνεῖν
878 923 976 992 μὲν
1001 923 1148 993 ἡμᾶς
1188 922 1263 985 ὼς
1297 921 1428 975 Θεὸν
1473 921 1563 973 τὸν
1611 918 1854 989 Πατέρα,

283 1013 444 1078 δόξαν
480 1013 540 1067 δέ
577 1030 699 1068 τινα
745 1013 906 1067 πάλιν
951 1015 1087 1066 ἰδίαν
1121 1013 1416 1082 ἀπονέμειν
1455 1011 1532 1083 τῷ
1573 1011 1687 1082 Υίῷ
1763 1010 1856 1064 καὶ

284 1106 368 1177 τῷ
408 1105 716 1177 Πνεύματι,
762 1107 837 1169 ὡς
863 1107 943 1168 εἰς
975 1105 1260 1176 διαφόρους
1294 1102 1722 1173 κατασχίζοντας
1758 1101 1858 1171 φύ-

288 1215 428 1264 σεις,
469 1199 562 1253 καὶ
590 1199 720 1252 ἴδιον
744 1199 960 1270 ἑκάστῳ
995 1198 1084 1250 τὸν
1112 1196 1204 1250 τοῦ
1237 1197 1352 1260 πῶς
1387 1198 1502 1259 ἐστι
1529 1195 1858 1266 διορίζοντας

285 1292 449 1360 λόγον
474 1307 486 1320 ⁸
513 1291 625 1344 ἀλλ’
650 1290 746 1343 ἕνα
772 1289 902 1343 Θεὸν
931 1292 1062 1360 ἡμῖν
1092 1290 1146 1341 αι
1168 1289 1306 1342 θεῖαι
1343 1287 1705 1359 πρεσϐεύουσι
1725 1287 1859 1358 Γραο

287 1383 415 1451 φαὶ,
440 1383 529 1436 τὸν
550 1381 676 1435 Υίὸν
708 1381 786 1453 τῷ
807 1382 981 1453 Πατρ“ι
1008 1383 1102 1434 καὶ
1123 1381 1181 1434 τὸ
1203 1379 1426 1450 Πνεῦμα
1447 1379 1856 1443 συντάττουσαι,

287 1475 368 1538 ὡς
391 1475 478 1528 διὰ
498 1476 594 1545 τῆς
615 1473 903 1538 οὐσιώδους
930 1475 1024 1528 καὶ
1051 1471 1470 1544 ἀπαραλλάκτου
1504 1471 1855 1540 ταυτότητος,

285 1567 374 1628 εἰς
419 1565 516 1619 ἕνα
560 1564 812 1632 Θεότητος
871 1563 1281 1633 ἀναφερομένης
1331 1561 1486 1630 λόγον
1545 1560 1644 1631 τῆς
1699 1559 1858 1627 ἁγίας

285 1656 544 1726 Τριάδος.
584 1655 696 1726 Ούκ
715 1653 822 1725 ἄρα
856 1653 970 1705 ἐστὶ
1005 1653 1103 1720 τῆς
1127 1651 1219 1704 τοῦ
1251 1652 1614 1720 Γεννήσαντος
1645 1649 1859 1718 φύσεως

285 1746 572 1817 ἀλλότριος
600 1747 627 1799 ὀ
651 1743 978 1812 Μονογενὴς,
1012 1743 1124 1796 ἀλλ’
1151 1743 1260 1796 οὐδ’
1289 1742 1354 1795 ἂν
1383 1742 1516 1804 ὅλως
1537 1740 1661 1804 Υἱὸς
1684 1740 1860 1810 ὑπάρ-

283 1857 406 1909 χων
426 1841 596 1891 νοοῖτο
613 1837 753 1894 κατὰ
775 1835 1050 1908 ἀλήθειαν,
1089 1836 1136 1887 εί
1177 1833 1250 1905 μὴ
1275 1836 1337 1886 ὲκ
1359 1833 1459 1902 τῆς
1480 1831 1574 1884 τοῦ
1611 1831 1860 1894 τεκόντος

281 1929 595 2000 ἐξέλαμψεν
614 1928 829 1990 οὐσίας·
862 1925 1098 1988 τοιοῦτος
1133 1925 1263 1996 γὰρ,
1317 1925 1411 1977 καὶ
1448 1923 1546 1994 οὐχ
1585 1922 1771 1992 ἕτερος
1805 1921 1863 1972 ὲν

287 2022 464 2073 πᾶσιν
491 2022 520 2073 ὁ
550 2020 650 2089 τῆς
683 2017 917 2089 ἀληθοῦς
949 2017 1193 2087 υίότητος
1233 2016 1357 2086 ὅρος
1408 2033 1468 2067 τε
1513 2015 1606 2068 καὶ
1639 2013 1861 2084 τρόπος.

285 2113 428 2165 Υίοῦ
466 2113 522 2164 δὲ
547 2113 646 2165 οὐκ
673 2111 843 2175 ὄντος,
876 2108 1396 2179 συναναιρεθήσεται
1434 2108 1647 2170 πάντως
1686 2104 1868 2158 καὶτὸ

284 2200 439 2256 εἷναι
469 2203 688 2274 Πατέρα
714 2203 805 2256 τὸν
836 2202 990 2256 Θεόν.
1022 2202 1146 2265 Πῶς
1175 2197 1267 2255 οὖν
1299 2199 1588 2270 ἀληθεύσει
1633 2198 1806 2266 λέγων
1836 2199 1865 2250 ό

286 2295 509 2358 Παῦλος
562 2296 689 2366 περὶ
732 2294 896 2347 αὑτοῦ
922 2334 936 2358 ,
970 2315 987 2347 ι
1022 2295 1112 2361 Ἐξ
1162 2288 1220 2348 οὗ
1258 2295 1406 2346 πᾶσα
1457 2291 1661 2362 πατριά
1707 2290 1763 2345 ἓν
1805 2306 1864 2342 τε

285 2383 530 2455 οὐρανῷ,
551 2383 644 2435 καὶ
673 2383 766 2435 ἐπὶ
783 2384 887 2453 γῆς
919 2383 1260 2453 ὀνομάζεται;
1292 2399 1309 2431 ι
1346 2382 1407 2434 Et
1437 2380 1544 2451 γὰρ
1582 2380 1653 2451 μὴ
1679 2380 1865 2448 γεγέν-

285 2491 464 2544 νηκεν
494 2473 553 2538 ἐξ
582 2474 777 2527 ἑαυτοῦ
811 2474 1130 2546 θεοπρεπῶς
1167 2476 1256 2528 τὸν
1296 2475 1444 2539 Υίδν,
1480 2475 1596 2537 πῶς
1635 2478 1691 2526 ἐν
1718 2472 1866 2544 αῦτῷ

282 2569 398 2634 τῆς
427 2564 816 2636 πατρότητοςή
847 2566 988 2637 ἀρχὴ
1020 2565 1282 2637 διήκουσα
1322 2567 1462 2620 κατά
1507 2567 1736 2637 μίμησιν
1773 2565 1866 2618 ὲπί

285 2674 354 2709 τε
401 2657 529 2720 τοὺς
573 2657 730 2721 ὄντας
767 2659 826 2711 ὲν
856 2656 1070 2728 οὐρανῷ
1140 2657 1234 2710 καὶ⁴
1273 2657 1365 2710 ἐπὶ
1407 2658 1504 2726 τῆς
1543 2658 1678 2728 γῆς;
1725 2657 1866 2711 Ἀλλ’

285 2748 418 2800 εστι
466 2747 653 2818 Πατὴρ
702 2750 822 2801 κατ’
867 2747 1122 2819 ἀλήθειαν
1163 2751 1191 2802 ό
1221 2748 1384 2812 Θεός·
1425 2749 1551 2812 Υἱὸς
1589 2749 1694 2818 ἄρα
1727 2749 1869 2802 κατά

288 2834 464 2903 φύσιν
492 2835 520 2889 ὁ
549 2836 880 2905 Μονογενὴς,
923 2834 1054 2888 εἵσω
1092 2836 1151 2888 τέ
1195 2835 1310 2898 πώς
1333 2838 1447 2888 ἐστι
1471 2836 1580 2889 τῶν
1607 2836 1706 2906 τῆς
1740 2835 1865 2890 Θεό-

287 2942 466 2996 τητος
489 2927 651 2998 ὅρων.
679 2925 813 2989 Θεὸς
837 2926 946 2998 γὰρ
970 2928 1035 2979 ὲκ
1073 2924 1207 2979 Θεοῦ
1247 2926 1587 2997 τεχθήσεται,
1620 2927 1867 2998 καθάπερ

284 3018 398 3075 οὖν
421 3023 704 3093 ἄνθρωπος
727 3021 785 3089 ἐξ
801 3021 1089 3093 ἀνθρώπου
1110 3023 1288 3092 τυχὸν,
1314 3023 1409 3076 καὶ
1429 3024 1490 3077 ού
1521 3024 1868 3094 διαψεύσεται

289 3112 400 3166 τοῦ
429 3113 562 3166 Θεοῦ
587 3114 679 3166 καὶ
707 3114 916 3183 Πατρός
940 3113 1060 3183 ήτὰ
1087 3114 1261 3167 πάντα
1284 3114 1654 3186 ὑπερκειμένη
1683 3115 1866 3184 φύσις,

1894 1895 1935 1952 Β

1957 643 2176 700 essendi
2229 643 2497 697 rationem
2559 640 2883 695 tribuentes.
2937 637 3102 706 Atqui
3157 649 3322 687 unum
3362 633 3518 685 nobis

1959 733 2128 790 Deum
2163 733 2357 788 divinae
2413 730 2710 800 Scriptura:
2768 728 3088 798 praedicant,
3145 723 3340 777 Filium
3395 737 3518 774 cum

1958 826 2119 882 Patre
2149 833 2202 881 et
2233 824 2499 895 Spiritum
2535 821 2892 883 colloeautes,
2933 817 3093 888 quasi
3142 829 3236 886 per
3264 813 3519 866 substan-

1955 917 2141 971 tialem
2172 923 2226 971 et
2257 911 2629 968 omnimodam
2665 909 3004 965 identitatem
3035 913 3225 960 sancta
3256 901 3523 963 Trjnitate

1959 1006 2013 1060 in
2051 1019 2211 1060 unam
2241 1003 2459 1059 deitatis
2500 1001 2697 1054 collata
2729 998 3014 1051 rationem.
3066 994 3188 1048 Non
3218 1000 3300 1047 est
3330 1005 3458 1060 ergo
3494 1003 3524 1040 a

1959 1105 2158 1151 natura
2190 1094 2466 1150 Genitoris
2497 1093 2707 1147 alienus
2733 1087 3085 1158 Unigenitus,
3121 1083 3217 1139 sed
3263 1097 3364 1137 nec
3400 1097 3521 1134 οιιι-

1959 1189 2090 1244 nino
2123 1185 2294 1241 Filius
2333 1200 2455 1240 esse
2485 1198 2672 1237 revera
2714 1179 3027 1237 censebitur
3058 1178 3103 1231 si
3150 1190 3213 1229 ex
3249 1171 3526 1240 Genitoris

1961 1278 2266 1336 substantia
2306 1292 2415 1330 non
2449 1273 2697 1339 eﬁ‘ulsit;
2731 1285 2830 1325 nec
2857 1271 3001 1325 enim
3027 1267 3132 1321 alia
3159 1273 3242 1320 est
3270 1264 3323 1316 in
3355 1261 3526 1315 omni-

1958 1371 2064 1426 bus
2103 1385 2246 1425 vera:
2281 1367 2561 1422 ﬁliationis
2594 1363 2838 1420 deﬁnitio
2877 1377 2940 1416 ac
2978 1357 3194 1412 modus.
3250 1353 3308 1408 Si
3348 1360 3526 1405 autem

1960 1459 2131 1516 Filius
2161 1475 2269 1514 non
2300 1465 2408 1523 cst,
2458 1457 2713 1526 sequitur
2773 1463 2830 1508 ut
2865 1467 2931 1508 ne
2963 1451 3122 1505 Pater
3179 1445 3400 1516 quidem
3458 1443 3531 1497 sit

1959 1553 2124 1606 etiam
2157 1551 2318 1606 Deus.
2361 1548 2644 1614 Quomodo
2703 1559 2837 1614 ergo
2871 1556 3036 1597 verax
3060 1538 3165 1594 erit
3221 1535 3424 1589 Paulus
3457 1533 3525 1588 de

1961 1643 2081 1714 ipso
2113 1640 2300 1696 dicens
2330 1659 2343 1694 :
2377 1659 2396 1691 ι
2424 1640 2499 1693 Ex
2534 1652 2642 1708 quo
2673 1637 2856 1691 omnis
2892 1632 3195 1703 paternitas
3219 1629 3271 1681 in
3303 1626 3443 1680 ccelo
3479 1633 3534 1680 et

1964 1737 2018 1792 in
2077 1743 2220 1789 terra
2261 1732 2576 1786 nominatur
2597 1730 2662 1781 “.
2709 1748 2726 1781 ι
2767 1726 2900 1780 Nam
2960 1723 3005 1779 si
3043 1737 3152 1776 nou
3212 1718 3404 1789 genuit
3464 1732 3531 1771 ex

1963 1829 2148 1897 seipso
2185 1825 2365 1878 divina
2397 1823 2607 1876 ratione
2640 1819 2860 1882 Filium,
2889 1813 3166 1886 quomodo
3197 1812 3250 1864 in
3296 1809 3417 1878 ipso
3449 1815 3534 1862 est

1966 1917 2308 1990 pateruitatis
2342 1915 2584 1974 initium,
2613 1909 2761 1980 quod
2794 1923 2888 1978 per
2920 1904 3281 1961 imitationem
3317 1899 3385 1952 ad
3436 1912 3531 1952 eos

1964 2013 2277 2081 quicunque
2310 2008 2365 2061 in
2390 2006 2530 2060 caelo
2561 2011 2614 2058 et
2638 2004 2691 2056 in
2728 2009 2874 2056 terra
2898 2006 3029 2052 sunt
3065 1999 3356 2064 permanat
3383 1990 3406 2042 ?
3438 1993 3535 2041 At-

1967 2101 2059 2172 qui
2091 2077 2250 2153 Pater
2293 2109 2480 2151 revera
2512 2100 2597 2148 est
2633 2090 2815 2146 Deus:
2851 2087 3023 2142 Filius
3055 2097 3188 2152 ergo
3237 2077 3536 2136 secundum

1965 2169 2217 2247 naturam
2243 2196 2326 2244 est
2358 2184 2709 2254 Unigeuitus,
2741 2188 2796 2232 et
2845 2178 2991 2232 intra
3033 2172 3260 2230 deitatis
3295 2169 3536 2224 rationes

1967 2282 2324 2340 constitutus.
2347 2275 2570 2352 Alioqui
2623 2271 2768 2328 enim
2821 2269 2966 2324 Deus
3015 2282 3080 2322 ex
3131 2263 3239 2319 Deo
3266 2262 3539 2332 signetur,

1967 2375 2128 2434 sicuti
2155 2350 2529 2429 forsan-homo
2560 2383 2625 2422 ex
2655 2363 2877 2419 homine
2907 2379 2920 2424 ;
2951 2373 3137 2428 neque
3195 2364 3376 2409 tamen
3427 2349 3542 2404 l'ru-

1966 2467 2229 2526 Strabitur
2253 2463 2342 2518 Dei
2368 2476 2431 2514 ac
2450 2459 2630 2512 Patris
2653 2468 2866 2510 summa
2895 2452 2984 2505 illa
3012 2456 3229 2511 natura,
3263 2441 3536 2515 gignendo

1968 2560 2136 2615 fetum
2171 2563 2512 2622 nequaquam
2545 2546 2649 2602 sibi
2673 2542 3112 2599 convenientem.
3143 2535 3250 2592 Sed
3272 2532 3540 2604 quoniam

1967 2653 2137 2710 stulte
2169 2657 2224 2704 et
2278 2645 2444 2714 impie
2481 2640 2782 2712 praedicant
2838 2634 2930 2690 Dei
2967 2649 3032 2687 ac
3066 2630 3249 2685 Patris
3288 2635 3541 2682 naturam

1967 2742 2193 2798 minime
2220 2735 2343 2791 laedi
2381 2735 2435 2788 in
2472 2731 2632 2794 Filio,
2675 2729 2763 2783 cui
2794 2726 2977 2780 minus
3007 2735 3251 2793 congrua
3288 2720 3356 2773 ab
3407 2732 3545 2770 non-

1967 2833 2131 2890 nullis
2159 2828 2331 2900 gloria
2369 2826 2664 2885 tribuatur,
2688 2819 2783 2874 sed
2803 2819 2928 2888 jure
2957 2814 3153 2869 merito
3182 2811 3369 2882 potius
3401 2807 3544 2862 indi-

1968 2925 2141 2999 gnari,
2158 2920 2300 2992 quod
2327 2921 2381 2972 in
2401 2919 2518 2985 ipso
2542 2912 2834 2983 imaginem
2854 2923 3010 2963 suam
3030 2910 3398 2972 contemptam
3429 2914 3552 2954 cer-

1968 2991 2467 3083 nat,interrogandi
2501 3013 2632 3062 sunt
2670 3004 2914 3064 demum,
2934 3011 3170 3068 quonam
3199 3000 3358 3064 pacto
3383 2991 3552 3047 velint

1969 3081 2257 3178 imaginem
2279 3102 2454 3156 Patris
2474 3113 2594 3152 esse
2627 3109 2690 3149 ac
2732 3091 2840 3146 dici
2861 3089 3082 3142 Filium.
3109 3085 3215 3139 Sed
3235 3081 3542 3151 responsio-

288 3203 397 3255 τὸν
429 3203 566 3273 αὐτῇ
602 3203 676 3274 μὴ
703 3176 982 3273 πρέποντα
1013 3203 1248 3256 τεκοῦσα
1274 3176 1530 3274 γαμῶν.-
1553 3176 1772 3272 Ἐπείδὴ

1971 3176 2783 3270 nem—prteveniamus230ipsi
2806 3183 3008 3252 potius,
3027 3191 3080 3234 et
3107 3176 3406 3246 imaginum
3427 3189 3554 3242 spe-

285 3289 581 3353 δυσσεὸὦς
609 3307 667 3343 τε
703 3291 798 3343 καὶ
827 3291 1066 3362 ἀνοήτως
1094 3290 1344 3358 φασὶν,ού
1368 3293 1466 3362 τὴν
1495 3291 1587 3344 τοῦ
1613 3292 1748 3344 Θεοῦ
1775 3293 1865 3346 καὶ

1976 3293 2109 3352 cies,
2128 3285 2304 3358 quoad
2325 3283 2437 3337 ﬁeri
2461 3287 2656 3349 potest,
2678 3276 2831 3346 prius
2847 3273 3248 3341 distinguamus
3271 3283 3284 3330 ;
3307 3266 3386 3320 sic
3404 3263 3548 3318 enim

292 3381 521 3453 Πατρός
565 3352 954 3453 ἐξυϐρίζεσθαι
993 3352 1152 3448 φύσιν
1193 3352 1435 3451 temp,
1465 3381 1539 3452 μὴ
1569 3383 1666 3453 τῆς
1699 3400 1865 3451 προσ-

1977 3352 2178 3436 clarior
2196 3384 2249 3431 et
2281 3373 2520 3444 apertior
2537 3368 2720 3422 futura
2735 3372 2819 3419 est
2846 3363 3012 3431 hujus
3035 3355 3358 3448 quaestionis
3391 3352 3555 3408 ratio.

293 3473 550 3543 ηκούσης
592 3473 915 3528 ἀπολαύοντι
959 3474 1116 3544 δόξης
1146 3475 1281 3545 πρός
1319 3437 1500 3528 τίνῴᾇ-
1528 3437 1662 3540 ιὼς.-
1700 3437 1907 3542 είκόνος
1945 3477 2001 3531 δὲ
2041 3473 2238 3545 μᾶλλον
2279 3437 2416 3530 ἰδίας
2483 3459 2856 3534 ἠτιμασμένης
2898 3459 2956 3510 ὲν
2997 3437 3146 3524 αὐτῷ
3196 3446 3559 3522 χαλεπαίνειν,

294 3569 536 3632 εἰκότως
593 3589 656 3640 γε
700 3569 764 3645 δὴ
811 3568 1069 3623 ποιοῦντα
1141 3571 1232 3624 καὶ
1310 3570 1525 3634 καλῶς*
1613 3539 1916 3643 ὲρωτητέον
1987 3539 2222 3631 αύτούς,
2280 3563 2420 3618 κατά
2466 3560 2588 3613 τίνα
2645 3555 2845 3626 τρόπον
2902 3550 3083 3605 εἰκόνα
3143 3547 3415 3617 βούλονται
3463 3539 3558 3594 τοῦ

298 3662 528 3727 Πατρός
567 3632 707 3714 εέναί
735 3632 793 3713 τε
835 3661 927 3714 καὶ
961 3661 1214 3727 λέγεσθαι
1259 3661 1350 3713 τὸν
1399 3632 1544 3717 Υἱόν.
1613 3632 1829 3718 llr-[illiw
1854 3664 1911 3717 δὲ
1949 3663 2101 3717 αὐτοὶ
2160 3657 2251 3712 τὸν
2311 3655 2440 3722 παρ’
2495 3649 2703 3704 ἐκείνου
2782 3643 3083 3714 φθάσαντες
3130 3639 3288 3706 λόγον
3341 3632 3562 3706 προδια-

297 3725 624 3822 στέλλωμεν
694 3752 790 3822 τῆς
861 3725 1066 3814 εἰκόνος
1122 3751 1191 3804 τὰ
1248 3753 1390 3820 εἴδη,
1471 3755 1615 3807 κατά
1673 3772 1736 3824 γε
1793 3755 1885 3808 τὸν
1954 3749 2300 3822 ὲγχωροῦντα
2349 3744 2548 3812 λόγον*
2629 3737 2771 3791 οὕτω
2837 3734 2946 3804 γὰρ
3005 3732 3070 3786 ἂν
3129 3730 3338 3798 γένοιτο
3383 3725 3560 3795 σαφής

296 3865 374 3902 τε
431 3848 525 3900 καὶ
574 3847 695 3900 λίαν
746 3847 1136 3918 εὐκρινεστὲρα
1174 3845 1280 3898 τῶν
1316 3846 1664 3918 ζητουμένων
1713 3853 1746 3921 ἡ
1799 3850 2037 3922 εὕρεσις.

387 3936 596 3991 Οὐκοῦν
628 3939 725 4007 μία
762 3938 859 4007 μὲν
921 3937 1019 4008 ἤδη
1072 3939 1164 3990 καὶ
1196 3937 1383 4009 πρώτη
1425 3939 1523 4008 τῆς
1552 3940 1691 3994 κατὰ
1726 3941 1888 4010 φύσιν

300 4032 640 4098 ταυτότητος
691 4031 748 4081 ὲν
791 4028 1230 4099 ἀπαραλλάκτοις
1278 4032 1390 4093 τοῖς
1443 4029 1724 4100 ἱδιώμασιν
1751 4032 1785 4102 ή
1813 4034 1889 4085 εί-

305 4118 432 4175 κὼν
461 4160 474 4182 ,
507 4119 580 4182 ὡς
613 4120 672 4186 ἐξ
711 4119 880 4190 Ἀδὰμ
921 4122 948 4173 ὁ
983 4119 1172 4184 Ἀδελ,
1207 4120 1239 4188 ἢ
1291 4121 1475 4175 Ἰσαὰκ
1514 4122 1574 4187 ἐξ
1615 4123 1886 4194 Ἀϐραάμ.

308 4211 556 4282 Δευτέρα
579 4211 634 4264 δὲ
666 4211 826 4266 πάλιν
861 4213 892 4282 ἡ
917 4212 1058 4265 κατὰ
1095 4212 1263 4282 μόνην
1290 4215 1385 4285 τὴν
1418 4213 1510 4267 τοῦ
1541 4215 1888 4286 χαρακτῆρος

309 4302 617 4373 ἐμφέρειαν
646 4344 660 4366 ,
712 4304 802 4355 καὶ
845 4301 906 4355 τὸ
950 4303 1176 4372 ἀκρισὲς
1207 4303 1300 4357 τοῦ
1344 4304 1514 4367 εἴδους
1563 4306 1887 4376 ὲκτύπωμα,

311 4395 626 4465 καθάπερὴ
659 4394 752 4447 τοῦ
789 4393 1051 4462 βασιλέως
1083 4396 1140 4446 ὲν
1173 4395 1312 4465 ξύλῳ
1343 4397 1547 4468 γραφὴ,
1581 4398 1612 4468 ἢ
1642 4397 1734 4450 καὶ
1770 4396 1890 4450 καθ’

310 4486 510 4555 ἕτερόν
563 4502 685 4539 τινα
737 4487 1078 4557 πεποιημένη
1136 4486 1372 4557 τρόπον,
1419 4487 1493 4549 ὼς
1543 4487 1676 4556 πρὸς
1709 4486 1891 4554 αὑτὸν,

313 4544 523 4648 ἄριστά
552 4595 611 4630 τε
659 4580 752 4631 καὶ
789 4544 1198 4649 ὲντεένέστατα..
1240 4544 1418 4631 Εἰκιῦν
1453 4544 1508 4632 δὲ
1546 4544 1709 4649 ἑτέρα
1749 4579 1861 4649 λαμ

1997 4544 2307 4628 voluntatis
2324 4582 2454 4638 erga
2487 4567 2738 4620 virtutem
2767 4573 2831 4612 ac
2861 4557 3224 4611 honestatem.
3258 4561 3323 4600 ac
3351 4544 3515 4600 studii
3551 4562 3563 4594 :

313 4635 546 4720 ῦάνεται
592 4668 752 4721 πάλιν
807 4635 942 4736 πρὸς
985 4669 1126 4737 ἤθη,
1178 4668 1272 4721 καὶ
1301 4669 1571 4738 τρόπους,
1617 4635 1710 4722 xei.
1740 4635 1861 4721 πολι

2000 4668 2071 4719 ita
2103 4672 2160 4718 ut
2187 4662 2396 4730 probus
2428 4656 2511 4710 vir
2557 4653 2725 4707 Paulo
2759 4648 2953 4704 similis
2985 4658 3108 4698 esse
3155 4639 3410 4697 dicatur;
3466 4635 3571 4688 im-

313 4757 508 4822 τείαν,
540 4758 632 4809 καὶ
661 4725 869 4828 θέλημα
897 4725 958 4810 τῦ
989 4725 1088 4810 έπί.
1116 4725 1257 4810 τισιν
1297 4725 1529 4826 dirae“;-
1559 4725 1596 4830 ’ἢ
1653 4759 1865 4826 φαύλοις

1968 4756 2211 4827 μυνυιηιε
2244 4767 2389 4812 πετο,
2442 4746 2599 4801 Cain.
2659 4741 2802 4796 idem
2846 4738 2991 4793 enim
3040 4731 3256 4788 virtutis
3310 4736 3404 4782 aut
3457 4725 3573 4778 vitii

314 4846 401 4909 ὠς
438 4819 674 4900 ἐοικέναι
724 4819 978 4916 λέϊίεσθαι
1010 4847 1172 4918 τυχὸν
1206 4849 1296 4900 τὸν
1328 4819 1426 4917 μὲν
1456 4819 1865 4920 ἀξαθοεργοῦντ

2004 4845 2244 4903 studium
2294 4837 2710 4896 similitudinem
2755 4830 3054 4896 unicuique
3103 4827 3232 4896 jure
3294 4819 3572 4876 conciliat.

315 4939 402 5006 τῷ
434 4938 648 5010 Παύλῳ,
683 4940 775 4992 τδν
797 4909 858 4993 δὲ
887 4941 961 5011 μὴ
989 4909 1250 5005 τοιοῦτον,
1281 4909 1359 5010 re?)
1391 4909 1551 4994 Κάῖν.
1583 4909 1794 5012 Τὸιεξᾶιρ
1840 4942 1865 4994 ὲ

2007 4939 2101 4994 Est
2129 4948 2181 4992 et
2213 4933 2361 4988 aliud
2402 4925 2810 5001 quodammodo
2839 4938 3012 4994 genus
3043 4915 3317 4986 imaginis.
3348 4909 3490 4980 quod
3521 4909 3575 4961 in

319 5046 440 5091 τοις
499 5007 634 5091 ἴσοις
679 5007 908 5099 ὁρᾶσθαι⁵
949 5007 1182 5098 ’φαύλοις
1226 5048 1285 5083 τε
1333 5007 1435 5084 νκαὶ
1489 5007 1774 5099 ἁγαθῖιῖςί
1801 5032 1865 5100 τὴ

2005 5030 2296 5100 dignitate,
2328 5026 2558 5082 honore,
2619 5018 2790 5089 gloria
2835 5023 2890 5069 et
2936 5007 3257 5067 excellentia
3296 5010 3572 5064 versatur,

321 5119 587 5187 ὁμοίωσιν
655 5092 871 5189 ὲκΙάστῳ
925 5092 1374 5190 πραγματεύεται
1438 5092 1865 5190 καίπεριτίθησι

2004 5092 2124 5177 utvsi
2144 5121 2289 5191 quis,
2312 5113 2543 5184 exempli
2567 5111 2759 5181 gratia,
2789 5104 3022 5172 alicujus
3050 5092 3602 5170 principatumexci--

325 5210 573 5274 εἰκότως.
606 5206 757 5274 Εἶδος
791 5185 854 5264 δέ⁷
882 5185 998 5274 πως
1029 5185 1233 5274 είιιόνος
1277 5211 1426 5263 ἐστὶν
1457 5185 1645 5282 ἕτερον
1668 5252 1683 5276 ,
1717 5185 1812 5264 καί
1841 5229 1865 5263 τ

2004 5185 2437 5282 piat,omniaque
2457 5220 2578 5258 cum
2599 5206 2866 5271 potestate
2884 5194 3044 5248 faciat
3062 5204 3180 5260 qua:
3194 5188 3345 5240 illum
3360 5185 3572 5239 decent.

330 5301 388 5353 ὲν
426 5297 736 5370 ἀξιώματι,
791 5301 884 5353 καὶ
915 5303 1048 5371 τιμῇ
1076 5337 1090 5361 ,
1138 5302 1232 5355 καὶ
1268 5300 1430 5372 δόξῃ,
1486 5276 1581 5355 καὶ
1636 5303 1865 5373 ὑπεροχῇ

2010 5299 2279 5353 Prazterea
2315 5295 2493 5364 imago
2541 5289 2760 5350 dicitur,
2789 5299 2908 5355 qua:
2937 5289 3184 5335 versatur
3213 5277 3267 5332 in
3298 5276 3402 5329 alia
3437 5289 3572 5344 qua-

331 5391 521 5461 ὦσπερ
551 5391 618 5444 ἂν
659 5391 712 5443 εί
732 5409 817 5456 τις
854 5391 1016 5460 τυχὸν
1048 5393 1145 5462 τήν
1183 5410 1324 5456 τινος
1371 5393 1548 5464 ἀρχὴν
1583 5392 1865 5462 διαδέχοιτι

2007 5391 2129 5445 dam
2157 5389 2232 5444 rei
2251 5387 2512 5457 qualitate
2533 5377 2961 5450 autquantitate,
2984 5374 3258 5442 ﬁguraque
3278 5376 3330 5422 et
3353 5379 3576 5436 [ιι-θροι-

333 5483 426 5535 καὶ
452 5482 628 5535 πάντα
651 5482 798 5553 δρῴη
831 5483 949 5552 μετ’
979 5483 1246 5550 ἐξουσίας,
1275 5485 1418 5556 ειπερ
1437 5487 1502 5560 ἂν
1529 5486 1720 5553 ἐκείνῳ
1745 5502 1865 5557 προλ

2009 5483 2177 5544 tione,
2213 5456 2278 5532 ut
2303 5474 2613 5532 suuunatim
2650 5471 2850 5524 dicam.
2907 5463 3146 5517 D‘oceant
3189 5474 3322 5529 ergo
3356 5473 3454 5512 nos
3497 5456 3575 5509 illi

335 5575 457 5644 ήκοι
482 5589 543 5625 τε
591 5576 684 5627 καὶ
715 5577 934 5645 πρέποι.
963 5577 1140 5630 Εἱκὼν
1170 5577 1227 5630 δὲ
1259 5554 1477 5651 ἑτέρως,
1495 5557 1536 5647 ’ἢ
1569 5578 1687 5631 καθ’
1709 5554 1865 5648 ἑτέρα

2014 5573 2210 5627 divina:
2263 5567 2516 5637 imaginis
2564 5556 2935 5618 subtilissimi,
2975 5554 3351 5624 inquisitores.
3395 5556 3576 5602 utrum

337 5664 456 5718 tuli
487 5667 748 5736 ποιότητα
797 5669 1119 5739 πράγματος
1145 5711 1159 5736 ,
1211 5670 1242 5740 ἦ
1289 5671 1557 5741 ποσότητα
1579 5713 1591 5735 ,
1627 5669 1813 5742 σχῆμά
1845 5689 1865 5723 τ

2013 5665 2229 5721 tandem
2265 5655 2680 5718 substantialem
2727 5661 2778 5706 ct
2829 5648 3130 5705 naturalem
3168 5642 3576 5701 similitudinem

2063 3937 2237 4006 Igitur
2272 3945 2379 3986 una
2403 3926 2622 3999 quidem
2657 3932 2740 3978 est
2767 3935 2830 3974 ac
2861 3917 3035 3988 prima
3063 3910 3332 3969 naturalis
3360 3905 3562 3963 identi-

1993 3993 2119 4080 tati;
2156 4027 2211 4078 in
2265 3993 2691 4092 proprietatibus
2726 4007 2919 4065 iisdem
2956 4006 3168 4073 imago,
3219 3998 3379 4055 sicuti
3429 3993 3563 4050 Abel

1993 4134 2057 4173 ex
2087 4116 2280 4175 Adam,
2314 4118 2407 4163 aut
2435 4108 2584 4160 Isaac
2617 4119 2680 4158 ex
2710 4100 3006 4155 Abraham.
3045 4095 3250 4153 Altera,
3284 4105 3404 4160 qua:
3432 4103 3564 4141 con-

1995 4207 2141 4262 sistit
2173 4205 2225 4258 in
2269 4205 2384 4257 sola
2419 4194 2756 4252 characteris
2783 4190 2978 4260 eﬁigie,
3035 4197 3085 4240 et
3118 4190 3310 4238 exacta
3374 4179 3563 4232 formae

1975 4301 2365 4371 'expressione,
2407 4294 2568 4348 veluti
2597 4289 2740 4359 regis
2774 4289 2826 4341 iu
2861 4286 3005 4356 ligno
3038 4281 3279 4350 pictura,
3311 4281 3405 4328 aut
3446 4271 3554 4323 alia

1997 4360 2230 4461 quadam
2264 4387 2473 4440 ratione
2515 4381 2770 4451 praeclare
2793 4383 2845 4430 et
2873 4371 3171 4426 artiﬁciose
3210 4367 3374 4419 facta.
3409 4360 3557 4415 Prae-

1998 4459 2144 4536 terea
2173 4482 2349 4548 imago
2409 4473 2610 4528 dicitur
2674 4473 2925 4536 respectu
2981 4462 3106 4516 vita:
3140 4473 3204 4512 ac
3262 4469 3478 4510 morum
3511 4459 3565 4506 et

505 5843 698 5913 ιἰνιιω.
743 5859 797 5900 ttt
822 5885 836 5909 ,
876 5845 957 5898 l3.
