4102 6570
549 422 656 488 575

1533 420 1593 476 St
1629 418 1902 476 CYRILLI
1933 417 2399 474 ALEXANDRINI
2438 415 2732 472 ARCHIEP
2754 448 2774 459 ν

3694 414 3806 469 576

559 531 855 602 Unigenito
883 533 1230 589 tribuendam
1259 549 1381 589 esse
1403 541 1620 603 putent,
1653 543 1820 605 atque
1854 533 1928 586 ita
1952 531 2133 587 Patris
2161 575 2165 595 ἲ

2266 534 2330 586 ιαί
2357 531 2650 600 ἀναλογίαν
2677 547 2688 560 ·
2721 533 2801 584 δεῖ
2825 531 2932 602 γὰρ
2957 531 3055 602 ἤδη
3092 530 3396 601 συλλήϐδην
3425 531 3621 583 εἰπεῖν.
3652 529 3816 581 Διδα-

555 625 848 695 imaginem
883 641 1007 681 esse
1037 618 1222 681 dicant
1255 621 1494 682 Verbum
1535 627 1669 680 illud
1704 625 1852 696 quod
1915 641 1979 679 ex
2012 625 2133 692 ipso
2178 640 2195 650 “

558 718 777 786 prodiit,
805 719 964 772 sicuti
1000 719 1262 772 nimirum
1293 718 1424 772 Abel
1458 734 1525 772 ex
1566 718 1761 781 Adam,
1810 717 1902 786 qui
1965 723 2132 769 totam

559 809 612 859 in
649 823 706 861 se
734 806 912 861 Patris
953 816 1137 862 servat
1177 819 1450 872 naturam,
1484 815 1539 862 et
1571 809 1839 877 integrann
1879 803 2136 858 Immani-

561 901 692 952 tatis
733 899 787 953 in
815 915 874 953 se
911 899 1182 953 rationem
1228 899 1434 954 habet?
1461 899 1542 952 An
1574 914 1718 970 a-gre
1746 896 1892 951 istud
1936 894 2134 956 ferent,

563 988 762 1056 Quippe
793 989 884 1058 qui
911 989 1076 1043 Deum
1109 1005 1294 1044 revera
1321 990 1388 1043 de
1414 988 1522 1044 Deo
1548 988 1852 1044 secundum
1883 994 2136 1039 naturam

563 1097 686 1137 esse
717 1080 914 1135 Filium
949 1080 1109 1136 fateri
1175 1090 1459 1152 cogantur,
1525 1095 1738 1151 suoque
1800 1092 1947 1132 more
2012 1092 2136 1130 eum

566 1174 798 1228 veritate
828 1180 1160 1244 pugnantes,
1199 1173 1270 1226 ad
1323 1173 1622 1228 secundum
1653 1187 1825 1244 genus
1885 1169 2140 1238 imaginis

569 1280 692 1320 sese
725 1264 1040 1327 conferent,
1077 1264 1220 1333 quod
1294 1263 1347 1316 in
1393 1264 1508 1318 sola
1563 1262 1762 1324 forma,
1822 1262 2142 1314 charactere

570 1366 623 1410 et
655 1356 824 1428 figura
858 1365 1155 1426 spectatur.
1200 1354 1305 1410 Sed
1355 1357 1590 1410 arbitror
1621 1370 1716 1409 eos
1754 1353 1843 1407 hic
1873 1353 2138 1406 luesuros.

571 1446 741 1502 Nemo
790 1447 937 1501 enim
972 1455 1081 1500 tam
1117 1448 1314 1502 stultus
1370 1447 1577 1516 estqui
1627 1448 1730 1502 sibi
1783 1447 1836 1500 in
1898 1445 2141 1499 animum

575 1538 818 1599 inducat,
855 1536 1020 1591 Deum
1048 1539 1354 1606 quantitate
1380 1547 1473 1591 aut
1501 1537 1675 1608 ﬁgura
1728 1535 2140 1600 circumscribi,

571 1633 625 1678 et
654 1628 969 1678 charactere
997 1626 1407 1694 comprehendi,
1441 1634 1534 1679 aut
1564 1626 1800 1695 denique
1845 1640 1932 1679 res
1963 1625 2145 1678 incor-

575 1731 766 1784 pur-eas
793 1730 912 1784 qua:
941 1730 1227 1786 corporum
1284 1729 1413 1773 sunt
1458 1717 1593 1787 pati.
1629 1718 1712 1770 An
1765 1733 1896 1788 ergo
1933 1718 2146 1772 ratione

575 1806 742 1860 studii
779 1822 842 1859 ac
887 1822 1098 1861 morum
1160 1809 1394 1864 similem
1445 1823 1566 1864 esse
1605 1809 1796 1862 dicunt
1857 1809 2062 1878 ipsum,
2092 1815 2146 1864 et

2239 625 2520 679 σκέτωσαν
2552 623 2732 678 τοίνυν
2766 625 2816 676 οἱ
2848 626 2948 694 τῆς
2983 622 3132 687 θείας
3181 622 3389 686 εἰκόνος
3420 619 3818 692 ἀκριϐέστατοι

2237 717 2508 789 ζητηταὶ,
2565 715 2792 786 πότερόν
2827 732 2957 768 ποτε
3002 713 3101 785 τὴν
3145 713 3375 782 οὺσιώδη
3421 713 3517 766 καὶ
3575 711 3821 782 φυσικὴν

2236 809 2534 879 ἀπονέμειν
2586 807 2844 877 ὁμοίωσιν
2871 804 3072 858 οἴονται
3100 803 3209 857 δεῖν
3242 802 3320 873 τῷ
3347 803 3650 870 Μονογενεί
3671 839 3688 862 ,
3717 800 3820 852 καὶ

2238 901 2411 963 οὕτως
2457 900 2645 952 εἰκόνα
2691 898 2856 968 φασὶν
2903 898 3168 967 ὑπάρχειν
3212 895 3304 949 τοῦ
3348 894 3563 965 Πατρὸς
3606 893 3702 946 τὸν
3758 891 3821 957 ἐξ

2235 991 2405 1047 αὑτοῦ
2440 989 2770 1063 προελθόντα
2804 988 3010 1055 Λόγον,
3039 986 3350 1058 ὡσπερανεὶ
3384 986 3480 1040 καὶ
3519 984 3616 1037 τὸν
3648 983 3825 1036 ’Λεελ

2240 1085 2303 1151 ἐξ
2345 1082 2539 1151 ’Λδὰμ,
2567 1080 2701 1151 ὅλην
2726 1078 3087 1144 ἀποσώζοντα
3115 1077 3210 1131 τοῦ
3245 1077 3495 1139 τεκόντος
3523 1075 3624 1145 τὴν
3656 1074 3826 1143 φύσιν

2239 1177 2301 1228 ὲν
2326 1176 2524 1244 ἑαυτῳ,
2548 1173 2643 1226 καὶ
2665 1171 2856 1242 ὁλόκλη
2866 1186 2956 1240 ρον
2980 1170 3076 1240 τῆς
3101 1169 3518 1239 ἀνθρωπότητος
3542 1165 3828 1237 ’φοροῦντα

2242 1267 2334 1320 τὸν
2369 1266 2562 1334 λόγον;
2610 1265 2682 1317 Ἦ
2723 1261 3140 1333 δυσχαιρανοῦσι
3187 1261 3285 1330 μὲν
3334 1260 3428 1313 ἐπὶ
3465 1258 3645 1328 τούτῳ
3674 1256 3824 1321 λίαν,

2244 1360 2320 1422 ὡς
2349 1359 2481 1411 Θεὸν
2538 1358 2707 1419 ὅντως
2753 1356 2816 1408 ἐκ
2869 1352 3006 1408 Θεοῦ
3085 1351 3228 1406 κατὰ
3298 1351 3461 1419 φύσιν
3530 1349 3830 1418 ὁμολογεῖν

2245 1451 2680 1520 ἀναγκαζόμενοι
2711 1448 2803 1501 τὸν
2826 1448 2972 1512 Υἰὺν,
2991 1446 3087 1500 ἐπὶ
3113 1445 3174 1499 δὲ
3203 1445 3262 1498 τὺ
3286 1443 3559 1514 μάχεσθαι
3585 1445 3652 1513 τῇ
3689 1441 3796 1510 ᾶλη
3812 1470 3829 1480 ο

2247 1543 2367 1613 θείᾳ
2442 1541 2686 1612 συνήθως
2741 1538 3069 1603 ὲκνεύοντες,
3129 1537 3225 1590 ἐπὶ
3269 1536 3361 1588 τὸν
3409 1534 3666 1605 δεύτερον
3727 1532 3831 1601 τῆς

2241 1636 2454 1698 εἰκόνος
2518 1633 2820 1704 βαδιοῦνται
2897 1631 3097 1701 τρόπον
3121 1669 3136 1691 ,
3199 1629 3262 1692 ὃς
3315 1631 3374 1682 ὲν
3437 1627 3572 1698 μόνῃ
3623 1627 3830 1678 νοεῖται

2245 1728 2433 1796 μορφῇ
2461 1764 2474 1785 ,
2509 1725 2602 1777 καὶ
2643 1721 2993 1793 χαρακτῆρι,
3041 1720 3135 1772 καὶ
3176 1719 3437 1788 σχήματι.
3491 1715 3630 1766 Ἀλλ’
3669 1707 3829 1782 οἶμαι

2249 1818 2351 1888 μὲν
2407 1815 2564 1869 τοῦτο
2614 1814 2792 1882 λέγειν
2848 1811 3252 1882 ἁποναρκήσειν
3308 1806 3526 1868 αὐτούς.
3574 1805 3660 1858 Οὐ
3718 1803 3830 1874 γὰρ

571 1887 721 1952 hanc.
767 1899 815 1953 ei
883 1899 1173 1969 imaginem
1236 1899 1490 1970 aﬂingere
1523 1915 1630 1954 non
1665 1901 1969 1956 verentur?
2003 1900 2149 1966 Quo-

2266 1905 2601 1962 πεποσῶσῦαι
2632 1881 2696 1958 τὸν
2732 1904 2917 1966 Θεῖον,
2956 1902 2989 1973 ἢ
3018 1902 3111 1956 καὶ
3140 1901 3380 1971 σχήματι
3420 1895 3830 1969 περιγραπτὺν,

577 1989 741 2041 modo
769 2004 898 2059 ergo
930 1990 1230 2043 secundum
1267 1999 1519 2045 naturam
1555 1990 1697 2046 Deus
1741 2006 1862 2046 esse
1893 1999 2148 2047 censetur

579 2079 647 2141 is,
684 2079 776 2146 qui
832 2081 947 2134 sola
979 2082 1255 2136 voluntate
1305 2093 1389 2138 est
1442 2083 1546 2153 ipsi
1579 2083 1795 2148 similis,
1832 2098 1954 2137 cum
2001 2084 2148 2138 aliud

578 2157 838 2236 quiddam
923 2172 974 2223 in
1047 2187 1106 2226 se
1178 2175 1398 2242 proprie
1476 2173 1751 2227 exsistat?
1835 2172 2153 2229 Subsistere

579 2261 785 2330 quippe
867 2261 1045 2330 ipsum
1131 2264 1321 2330 utique
1404 2263 1745 2318 fatebuntur.
1839 2265 1996 2335 231
2085 2265 2155 2320 At

580 2351 714 2422 quid
775 2356 828 2406 in
874 2370 938 2407 eo
975 2355 1096 2422 plus
1150 2355 1374 2410 demum
1431 2371 1556 2412 esse
1624 2357 1934 2421 videbitur,
1985 2373 2150 2428 quam

583 2446 871 2498 creatura?
937 2444 1195 2514 Nunquid
1254 2449 1397 2500 enim
1469 2449 1693 2518 angelos
1749 2463 1968 2518 quoque
2039 2464 2157 2503 cre-

583 2535 992 2590 demusconari
1024 2537 1093 2589 ad
1137 2538 1472 2592 voluntatem
1519 2540 1760 2595 divinant
1793 2544 2006 2612 seipsos
2038 2557 2160 2612 per-

587 2627 771 2689 licere,
798 2641 922 2680 cum
955 2626 1102 2680 aliud
1130 2628 1392 2696 quiddam
1429 2637 1627 2684 natura
1656 2632 1766 2684 sint
1793 2647 1823 2684 a
1849 2623 1998 2686 Deo?
2019 2632 2158 2698 Quid

586 2729 751 2778 vero,
790 2715 837 2769 si
869 2713 936 2770 de
975 2715 1133 2770 nobis
1164 2717 1326 2771 etiam
1381 2719 1586 2773 dictum
1621 2720 1753 2774 illud
1783 2722 2161 2792 intelligatur?

587 2806 839 2861 Anenirn
892 2823 981 2862 res
1029 2823 1198 2878 supra
1246 2818 1496 2864 naturam
1549 2821 1756 2867 temere
1795 2813 2073 2878 invadere,
2107 2822 2162 2866 et

588 2914 709 2966 quae
735 2899 849 2954 ﬁeri
885 2915 989 2953 non
1016 2909 1254 2970 possunt
1277 2911 1532 2972 appetere
1556 2905 1677 2972 ipse
1710 2920 1810 2961 nos
1840 2905 1997 2960 docet
2032 2904 2164 2960 Uni-

583 2992 808 3060 genitus
838 2991 923 3046 his
951 2993 1128 3046 verbis
1155 3007 1170 3044 :
1200 3011 1217 3042 ι
1252 2991 1442 3049 Estote
1483 2995 1894 3056 misericordes,
1936 2997 2080 3051 sicut
2109 3005 2164 3051 et

593 3081 753 3137 Pater
780 3085 1060 3139 vesterille
1081 3085 1325 3140 caelestis
1375 3087 1698 3142 misericors
1746 3089 1941 3143 est“?
1986 3109 2003 3141 ι
2049 3083 2165 3144 Ἰιοο

2253 2001 2347 2053 καί
2371 1998 2684 2069 ,χαρακτῆρι
2715 1995 3099 2067 μετρούμενον,
3129 1993 3163 2063 ἢ
3190 1992 3284 2046 καὶ
3305 1991 3443 2054 ὃλως
3463 1991 3533 2044 τὰ
3557 1989 3835 2059 σωμάτων

2253 2087 2546 2157 ὑπομένειν
2592 2085 2664 2138 τὰ
2717 2083 3017 2154 ἀσώματα,
3063 2080 3401 2151 ὑπολήψεταί
3433 2095 3552 2143 τις,
3609 2077 3676 2130 ού
3709 2077 3755 2130 δ’
3785 2077 3835 2129 εί

2256 2179 2462 2250 σφόδρα
2492 2176 2735 2246 φαίνοιτο
2767 2174 2970 2245 ληρῶν.
3003 2169 3129 2244 'Ap‘
3170 2168 3262 2227 οῦν
3289 2173 3364 2234 ὼς
3394 2171 3527 2242 πρὸς
3563 2169 3706 2240 ﬁer},
3740 2168 3838 2222 καὶ

2255 2273 2513 2344 τρόπους,
2555 2270 2647 2322 καὶ
2676 2267 2888 2337 θέλημα
2921 2263 3317 2336 μεμορφῶσθαι
3362 2262 3613 2330 λέγουσιν
3645 2259 3835 2320 αὺτδν,

2259 2365 2352 2418 καὶ
2383 2360 2586 2429 ταύτην
2610 2357 2760 2428 αὐτῷ
2791 2356 3160 2428 περιτιθέντες
3204 2356 3305 2408 οὐκ
3345 2353 3699 2424 αἰσχύνονται
3737 2352 3840 2421 τὴν

2259 2457 2480 2520 εἰ-κόνα;
2523 2453 2653 2516 Πῶς
2683 2448 2774 2506 οὖν
2819 2450 2896 2503 ἔτι
2925 2448 3067 2502 κατὰ
3108 2443 3662 2517 φύσιννοείταιῡεδς
3701 2444 3738 2494 ὁ
3782 2443 3840 2495 ὲν

2255 2551 2410 2620 ιμόνῳ
2460 2547 2519 2600 τὸ
2576 2545 2704 2616 [ψ.
2748 2541 2860 2612 τῷ]
2915 2541 3090 2595 θέλειν
3143 2538 3242 2610 τὴν
3293 2539 3431 2606 πρὸς
3477 2535 3645 2590 αὐτὸν
3700 2534 3841 2604 ἔχων

2253 2641 2514 2711 ὁμοίωσιν
2537 2679 2551 2702 ,
2593 2640 2776 2708 ἕτερον
2807 2635 2863 2688 δέ
2890 2650 2941 2688 τι
2983 2632 3104 2686 καθ’
3139 2629 3331 2685 ἑαυτὸν
3364 2629 3509 2692 ἰδίως
3535 2627 3839 2696 ’ὑπάρχωνς

2271 2731 2600 2802 ’Υφεστὰναι
2637 2728 2745 2798 γὰρ
2780 2724 2998 2786 πάντως
3023 2721 3450 2791 ὁμολογήσουσιν
3475 2715 3670 2771 αὐτόν.
3710 2711 3843 2768 Εἶτα

2263 2827 2314 2879 τί
2357 2825 2420 2877 τὸ
2457 2822 2620 2876 πλέον
2661 2823 2720 2872 ἐν
2748 2815 2897 2886 αὐτῷ
2927 2813 3082 2888 παρὰ
3108 2813 3209 2882 τὴν
3252 2811 3429 2863 κτίσιν
3455 2810 3712 2877 φανεῖται
3744 2804 3844 2858 λοι-

2264 2917 2364 2970 πόν
2388 2933 2402 2979 ;
2436 2915 2508 2968 Ἦ
2539 2913 2647 2982 γὰρ
2674 2911 2794 2980 οὐχί
2827 2908 2922 2961 καὶ
2945 2904 3214 2974 ἀγγέλους
3228 2901 3600 2970 πιστεύσομεν
3622 2897 3765 2970 πρὺς
3785 2897 3844 2950 τὺ

2265 3010 2405 3062 θεῖον
2447 3005 2671 3066 ἑαυτοὺς
2716 2998 3032 3068 ἐπείγεσθαι
3069 2995 3420 3066 διαπράττειν
3452 2991 3691 3061 θέλημα,
3727 2989 3845 3042 ἓτε-

2270 3102 2360 3170 ρόν
2383 3117 2436 3152 τι
2459 3095 2608 3167 παρὰ
2640 3095 2729 3147 τὸν
2753 3093 2886 3144 Θεὸν
2917 3088 3058 3143 κατὰ
3093 3087 3254 3157 φύσιν
3283 3085 3668 3155 ὑπάρχοντας;
3700 3081 3771 3133 Τί
3791 3079 3846 3134 δὲ

591 3175 738 3228 enim
776 3175 965 3244 procul
1000 3175 1166 3230 dubio
1204 3175 1340 3230 nihil
1368 3186 1453 3232 est
1499 3177 1644 3231 aliud
1678 3193 1841 3248 quam
1877 3180 2034 3233 nobis
2061 3180 2164 3232 uti-

2267 3194 2393 3245 ὅταν
2422 3189 2515 3242 κιιι)⁵
2545 3188 2629 3255 ἐφ’
2661 3184 2818 3256 ἡμῶν
2847 3182 3036 3250 νοῆται
3083 3179 3144 3232 τὸ
3179 3175 3506 3249 εἰρημένον;
3552 3170 3703 3242 'Apa
3739 3171 3848 3265 γαρ

595 3285 702 3338 que
727 3267 1137 3337 suscipiendam
1175 3283 1301 3324 esse
1336 3268 1520 3324 Patris
1551 3270 1843 3339 imaginem
1877 3286 1997 3338 qua:
2032 3286 2167 3322 cun-

596 3360 746 3413 sistit
796 3360 851 3412 in
893 3359 1234 3412 voluntatum
1278 3359 1588 3415 identitate.
1631 3364 1699 3413 At
1749 3359 1951 3415 Paulus
2004 3361 2170 3414 etiam

599 3452 847 3504 imitator
895 3450 996 3504 fuit
1030 3443 1260 3515 Christi,
1294 3453 1410 3520 qui,
1450 3459 1507 3504 ut
1545 3452 1618 3505 illi
1673 3461 1965 3524 nugantur,
1995 3453 2174 3522 imago

594 3550 683 3597 est
713 3540 914 3604 Patris,
954 3541 1007 3595 in
1051 3541 1165 3597 sola
1208 3541 1549 3596 voluntatum
1586 3537 1947 3599 similitudine
1991 3545 2174 3599 consi-

601 3643 775 3689 stens.
802 3632 908 3688 Sed
955 3633 1188 3698 relictis,
1225 3635 1438 3702 opinor,
1468 3634 1619 3689 hisce
1669 3635 1886 3690 miseris
1918 3637 2171 3704 argutiis,

601 3723 751 3776 aliud
804 3723 1064 3793 quiddam
1115 3724 1297 3791 majus
1339 3738 1401 3778 ac
1448 3725 1761 3794 pra-clarius
1813 3728 2173 3796 exeogitaturi

603 3824 772 3879 sunt,
832 3815 1127 3884 dicen‘tque
1165 3813 1516 3885 Unigenitum
1568 3833 1693 3872 esse
1741 3818 1832 3872 Dei
1879 3833 1945 3872 ac
1997 3818 2175 3873 Patris

603 3907 927 3976 imaginem,
978 3907 1155 3976 quoad
1198 3908 1536 3961 voluntatum
1589 3909 1961 3975 identitatem,
1996 3911 2175 3979 quoad

603 3998 962 4068 dignitatem,
1024 3999 1252 4068 gloriam
1310 4014 1374 4054 ac
1426 4009 1752 4069 potestatem
1802 4002 2074 4069 divinam,
2123 4009 2179 4056 et

602 4091 827 4146 creandi
882 4093 1021 4155 vim,
1069 4107 1133 4145 ac
1184 4093 1578 4148 miraculorum
1637 4094 2045 4161 operationem,
2102 4105 2156 4150 et

605 4183 989 4237 universorum
1040 4182 1488 4245 dominationem,
1529 4194 1585 4239 et
1628 4185 1680 4237 in
1717 4195 1979 4254 quantum
2010 4185 2181 4256 judex

606 4273 946 4329 constitutus
974 4282 1090 4336 est,
1135 4283 1300 4344 atque
1331 4274 1400 4328 ab
1441 4276 1687 4344 angelis.
1734 4285 1788 4328 et
1829 4276 2142 4331 hominibus
2166 4326 2178 4341 ,

608 4365 904 4435 statuique,
960 4371 1018 4418 ut
1075 4365 1244 4418 verbo
1306 4364 1520 4430 dicam,
1583 4373 1836 4418 creatura
1898 4365 2178 4420 adoratur.

605 4455 821 4520 Quibus
871 4471 934 4509 ex
991 4456 1251 4510 omnibus
1301 4455 1514 4509 Patrem
1569 4456 1728 4510 nobis
1787 4457 2083 4512 ostendens
2127 4457 2179 4510 in

2269 3285 2382 3346 τοῖς
2431 3280 2571 3350 ὑπὲρ
2623 3279 2784 3348 φύσιν
2837 3273 3162 3346 παραλόγως
3221 3271 3530 3340 ὲπιπηδᾷν,
3590 3266 3690 3318 καὶ
3737 3263 3846 3317 τῶν

2271 3373 2546 3428 ἀδυνάτων
2586 3367 2834 3439 ἐφίεσθαι
2885 3365 3126 3420 διδάσκει
3169 3362 3344 3430 λέγων
3387 3358 3548 3420 αὐτὸς
3595 3357 3625 3408 ὁ
3673 3355 3849 3407 Μονο-

2272 3463 2465 3532 γενήςο
2503 3478 2521 3510 ι
2556 3457 2777 3511 Γίνεσθε
2815 3455 3192 3525 οἰκτίρμονες,
3240 3449 3424 3511 καθὼς
3464 3447 3558 3500 καὶ
3593 3447 3626 3498 ὁ
3659 3443 3847 3513 Πατὴρ

2275 3554 2428 3625 ὑμῶν
2469 3554 2498 3606 ὁ
2540 3551 2792 3620 οὐράνιος
2834 3546 3137 3616 οἰκτίρμων
3181 3543 3340 3606 tati;
3378 3559 3397 3591 ι
3435 3537 3610 3592 Τοῦτο
3643 3536 3759 3606 γὰρ
3785 3532 3847 3604 ἦν

2272 3644 2664 3705 ἀνενδοιάστως
2714 3643 2906 3702 εἰπεῖν,
2931 3637 3128 3708 ,χρῆναι
3180 3633 3260 3686 δεῖ
3313 3631 3423 3703 [ἷσ.
3471 3628 3580 3700 δὴ]
3631 3628 3850 3687 πάντως

2274 3737 2424 3808 ἡμᾶς
2465 3735 2565 3804 τὴν
2613 3735 2675 3784 ὲν
2729 3729 3018 3797 ταυτότητι
3065 3724 3386 3794 θελημάτων
3435 3716 3850 3808 ’ἀναλαμϐάνειν

2278 3805 2463 3882 εἰκόνα
2501 3825 2595 3879 τοῦ
2639 3821 2871 3894 Πατρός.
2907 3816 3168 3889 Μ-ιμητῂς
3208 3815 3265 3868 δὲ
3309 3814 3404 3868 καὶ
3431 3814 3460 3865 ὁ
3487 3809 3706 3872 Παῦλος
3740 3805 3850 3876 ιτε-

2277 3935 2399 3973 νετο
2428 3915 2520 3969 τοῦ
2553 3911 2811 3986 Χριστοῦ,
2843 3911 2965 3980 τῆς,
3011 3910 3088 3972 ὡς
3113 3908 3308 3960 ἐκεῖνοι
3336 3901 3633 3986 ληροῦντές
3658 3914 3846 3986 φασιν,

2278 4005 2336 4057 ὲν
2365 3983 2632 4071 θελήμασί
2675 3998 2855 4069 μόνοις
2902 3993 3106 4056 εἰκόνος
3143 3990 3238 4045 τοῦ
3283 3987 3516 4059 Πατρός.
3562 3984 3726 4039 Ἀλλὰ
3763 3983 3850 4036 καὶ

2277 4092 2484 4147 τούτων
2542 4089 2639 4160 μὲν
2695 4085 3191 4156 ἀπαναστήσονται,
3256 4079 3400 4134 κατὰ
3430 4078 3501 4132 τὸ
3550 4075 3720 4140 εἰκὸς.
3749 4073 3848 4127 τῶν

2279 4179 2481 4239 ἄθλίων
2514 4179 2804 4251 νοημάτων
2829 4218 2844 4242 ,
2889 4175 3080 4244 ὥσπερ
3108 4172 3175 4227 ’δέ
3214 4191 3265 4225 τι
3303 4168 3486 4240 μεῖξον
3515 4165 3848 4226 ἐπινοοῦντες

2283 4279 2376 4330 κα)⁸
2407 4276 2658 4345 ἄμεινον,
2697 4273 2872 4325 ἐκεῖνο
2913 4268 2978 4338 δὴ
3009 4267 3226 4327 πάντως
3261 4262 3498 4335 ἐροῦσιν⁹
3537 4258 3718 4313 Εἰκὼν
3744 4259 3848 4310 ἐστι

2281 4366 2376 4423 τοῦ
2406 4365 2540 4420 Θεοῦ
2570 4366 2662 4418 καὶ
2686 4361 2898 4432 Πατρὸς
2925 4362 2952 4413 ὁ
2976 4357 3306 4428 Μονογενὴς.
3335 4357 3458 4409 ὅσον
3475 4355 3539 4407 ὲν
3567 4349 3848 4420 ταυτότητι

2285 4464 2622 4535 θελημάτων,
2649 4461 2770 4513 ὅσον
2793 4457 2884 4509 ἐπὶ
2909 4453 3147 4522 ἀξίωμα,
3181 4449 3471 4514 καὶδόξαν,
3510 4445 3608 4500 καὶ⁸
3633 4444 3851 4512 δύναμιν

606 4545 826 4614 seipse,
860 4561 966 4598 non
1001 4544 1138 4598 dicit
1175 4564 1192 4595 ι
1241 4561 1305 4599 ex
1353 4546 1696 4607 substantia,
1738 4566 1757 4598 ι
1804 4547 1896 4601 sed
1933 4567 1949 4597 ι
1982 4548 2165 4601 chara

2283 4555 2382 4625 τὴν
2399 4549 2705 4621 θεοπρεπῆ,
2727 4550 2850 4602 ὅσον
2875 4548 2954 4609 εἰς
2979 4545 3262 4612 ἐνέργειαν
3289 4540 3389 4610 τὴν
3415 4539 3509 4592 ἐπὶ
3532 4536 3611 4607 τῷ
3651 4536 3850 4599 κτίζειν

606 4644 815 4690 cterem
866 4655 884 4686 ι
927 4651 1052 4689 esse
1092 4653 1110 4686 ς
1159 4637 1486 4691 substantia:
1542 4638 1661 4706 ej-us
1694 4641 1760 4692 “².
1811 4658 1828 4688 ι
1865 4638 2070 4708 Igitur,
2125 4648 2184 4693 ut

609 4728 771 4782 modo
834 4727 1182 4792 dicebamus,
1244 4730 1382 4783 nihil
1439 4745 1628 4784 eorum
1684 4745 1809 4798 quae
1857 4731 2004 4784 dicta
2055 4740 2186 4784 sunt

610 4818 783 4873 Filius
803 4827 886 4874 est
913 4819 1214 4874 secundum
1248 4831 1520 4886 naturam,
1572 4821 1665 4875 sed
1690 4823 1742 4874 in
1773 4823 2088 4877 imiversum
2117 4824 2186 4878 ab

622 4911 708 4972 iis,
734 4910 893 4979 juxta
917 4911 1300 4967 stultissimam
1335 4922 1573 4969 vestram
1608 4915 1963 4980 sententiam,
2002 4916 2189 4970 exclu-

609 5001 806 5055 detur:
844 5017 1021 5072 neque
1057 5004 1196 5058 Deus
1232 5021 1414 5069 verus,
1472 5021 1650 5074 neque
1691 5005 1886 5068 Filius,
1915 5023 2022 5062 non
2065 5024 2178 5070 rex,

611 5108 718 5145 non
757 5093 1039 5157 Dominus,
1083 5110 1193 5148 non
1217 5095 1421 5166 opifex,
1455 5112 1562 5150 non
1595 5105 1788 5164 potens
1808 5141 1820 5160 ,
1851 5114 2026 5167 neque
2053 5101 2188 5154 adeo

613 5194 807 5238 natura
860 5186 1038 5240 bonus
1087 5195 1172 5241 est
1226 5189 1445 5257 proprie
1483 5208 1497 5244 :
1535 5188 1628 5244 sed
1664 5190 1716 5242 in
1755 5192 1898 5244 nuda
1955 5207 2019 5245 ac
2071 5194 2187 5247 sola

613 5277 940 5342 gloriatione
977 5278 1086 5332 Deo
1135 5281 1484 5334 convenienti
1531 5281 1776 5334 cernitur
1812 5300 1825 5335 :
1862 5292 1916 5337 et
1947 5283 2092 5353 quod
2136 5286 2189 5338 in

613 5367 818 5420 tabulis
857 5377 941 5422 est
988 5371 1236 5425 colorum
1275 5373 1540 5434 inductio,
1585 5389 1710 5442 qua:
1762 5375 1878 5429 sola
1931 5377 2192 5430 varietate

615 5457 992 5523 decusaﬂert,
1049 5477 1175 5516 eum
1229 5465 1347 5517 veri
1397 5464 1534 5518 nihil
1585 5465 1782 5520 habeat
1821 5485 1836 5520 :
1878 5467 1981 5520 hoc
2037 5475 2091 5519 et
2133 5462 2193 5521 in

528 5614 532 5618 ~
616 5549 755 5606 Filio
783 5551 873 5606 Dei
901 5569 964 5608 ae
987 5554 1164 5611 Patris
1190 5557 1896 5628 dignitatumpulchritudo
1935 5558 2100 5613 nudis
2133 5573 2198 5614 ac

616 5643 754 5698 solis
818 5646 1138 5702 nominibus
1198 5647 1533 5714 emvorescit,
1601 5649 1949 5705 extrinsecus
2012 5657 2194 5707 autem

690 5820 735 5848 ⁶¹
780 5817 915 5873 Luc.
951 5836 1027 5884 vr,
1062 5820 1150 5874 56.
1229 5818 1275 5852 "
1319 5819 1485 5876 llebr.
1516 5837 1557 5889 ι,
1601 5817 1656 5877 3.

2287 4624 2381 4699 καὶ
2437 4641 2912 4713 θαυματουργεῖν,
2957 4638 3080 4690 ὅσον
3131 4636 3212 4698 εἰς
3257 4633 3317 4685 τὸ
3370 4630 3681 4701 βασιλεύειν
3768 4624 3851 4678 καὶ

2287 4737 2503 4790 πάντων
2531 4731 2772 4804 κρατεῖν,
2814 4729 2935 4782 ὅσον
2966 4728 3044 4789 εἰς
3073 4725 3132 4778 τὸ
3164 4724 3370 4795 κρίνειν
3420 4720 3513 4774 καὶ
3542 4717 3853 4790 προσκυνεῖ-

2288 4828 2412 4882 σθαι
2451 4825 2586 4897 πρός
2617 4841 2674 4877 τε
2705 4821 2952 4891 ἀγγέλων
3010 4818 3104 4872 καὶ
3145 4814 3475 4887 ἀνθρώπων,
3542 4811 3645 4865 καὶ
3688 4809 3853 4874 πάσης

2291 4917 2632 4984 ἁπαξαπλῶς
2663 4915 2766 4986 τῆς
2791 4913 3041 4974 κτίσεως.
3075 4911 3174 4964 Διὰ
3203 4908 3407 4962 τούτων
3439 4905 3711 4960 ἁπάντων
3741 4902 3855 4971 ἡμῖν

2295 5015 2352 5066 ὲν
2379 5007 2558 5079 ἑαυτῷ
2592 5005 2853 5061 δεικνύων
2887 5005 2977 5058 τὸν
3021 5002 3238 5073 Πατέρα
3263 5041 3278 5066 ,
3320 5001 3422 5054 οὐκ
3457 5017 3475 5048 ι
3508 4999 3573 5050 ὲκ
3600 4996 3704 5065 τῆς
3739 4995 3854 5046 ὑπο-

2298 5103 2541 5164 στάσεως
2573 5121 2592 5152 ι
2625 5099 2825 5170 φησὶν,
2875 5096 3011 5150 ἀλλὰ
3061 5115 3082 5146 ί
3136 5094 3425 5165 ,χαρακτήρ
3473 5109 3494 5140 ι
3550 5090 3670 5140 ἐστι
3707 5107 3725 5138 ι
3771 5084 3861 5151 τῆς

2290 5195 2649 5254 ὑποστάσεως
2675 5187 2867 5244 αὐτοῦ.
2917 5207 2935 5238 ι
2975 5185 3204 5249 Οὐκοῦν,
3230 5186 3366 5255 ὅπερ
3399 5182 3610 5251 ἔφημεν
3641 5177 3854 5248 ἀρτίως,

2299 5285 2452 5338 οὐδὲν
2486 5286 2603 5336 ἐστι
2645 5281 2753 5334 τῶν
2785 5279 3096 5352 εἰρημένων
3129 5274 3268 5329 κατὰ
3299 5272 3522 5342 φύσινιό
3555 5270 3720 5332 Υἱὸς,
3767 5265 3856 5329 ἔξω

2292 5378 2349 5430 δὲ
2382 5376 2599 5430 πάντων
2631 5372 2843 5444 ἀθρόως
2873 5371 3135 5430 κείσεται,
3159 5367 3302 5420 κατά
3333 5382 3395 5432 γε
3421 5363 3514 5416 τὸν
3553 5362 3688 5430 παρ’
3721 5354 3855 5426 ὑμῶν

2295 5467 2656 5538 ἀνοητότατον
2711 5462 2900 5529 λόγον,
2949 5458 3072 5513 οὕτε
3133 5457 3188 5510 δὲ
3227 5455 3368 5517 ’Θεὸς
3407 5450 3662 5521 ἀληθινὸς
3684 5489 3699 5510 ,
3748 5444 3854 5538 οὔτε

2298 5533 2458 5624 τιδέ,
2511 5558 2572 5610 οῦ
2611 5555 2862 5626 βασιλεὺς
2889 5593 2902 5616 ,
2952 5551 3014 5604 ού
3040 5548 3276 5620 Κύριος,
3310 5545 3370 5597 οὐ
3400 5539 3763 5614 δημιουργὸς.
3803 5533 3854 5586 οὐ

2299 5649 2542 5715 δυνατὸς,
2574 5645 2696 5700 οὔτε
2730 5644 2837 5717 μὴν
2867 5646 2924 5699 ἐν
2951 5641 3252 5712 θελήμασιν
3302 5634 3504 5707 ἑιάθδς
3538 5632 3683 5686 κατὰ
3712 5626 3855 5698 φύσιν
