4102 6572
212 417 303 477 577

1228 402 1298 459 ΙΝ
1332 401 1614 460 JOANNIS
1652 400 2107 457 EVANGELIUM
2150 400 2277 457 LIB.
2332 403 2396 456 ll.

3320 404 3424 458 578

216 534 341 594 ἰδίως
362 526 527 581 ἐστίν·
565 526 618 578 ὲν
649 522 704 576 δὲ
757 520 995 592 γυμνοῖς
1040 522 1133 574 καὶ
1168 521 1351 592 μόνοις
1378 522 1489 583 τοῖς
1521 518 1747 590 θεοπρε-
1776 527 1798 581 Α

1893 528 2028 574 istar
2074 520 2437 589 quorumdam
2491 521 2737 577 colorum
2790 520 3276 591 superinducilur,
3318 521 3427 576 imo

216 626 351 678 πέσιν
399 621 585 690 ὁρᾶται
632 618 991 687 καυχήμασι,
1035 614 1130 667 καὶ
1166 615 1301 683 ὅπερ
1343 612 1460 664 ἐστὶ
1519 612 1639 673 ταῖς
1690 613 1747 663 ὲν

216 713 376 778 πίναξι
410 711 639 780 γραφαῖς
683 710 716 779 ἡ
748 708 857 761 τῶν
912 706 1216 778 χρωμάτων
1263 704 1487 775 ἐπιϐολὴ
1511 745 1524 767 ,
1560 704 1751 774 μόναις

216 806 384 865 αὑταῖς
415 800 521 853 τῶν
559 799 849 871 ὁρωμένων
886 797 1181 860 ποικιλίαις
1209 795 1584 866 ὲξωραῖζονσα
1605 832 1620 857 ,
1656 810 1752 863 φο-

217 894 365 965 ροῦσα
392 890 445 942 δὲ
484 889 679 960 ἀληθὲς
715 887 901 940 οὐδέν·
944 886 1102 939 τοῦτο
1147 887 1244 938 καὶ
1275 887 1332 936 ὲν
1363 884 1478 953 Υίῴ
1515 884 1625 937 τῶν
1654 881 1748 935 τοῦ

217 982 332 1038 Θεοῦ
376 983 466 1035 καὶ
517 980 729 1050 Πατρὸς
779 979 1102 1049 ἀξιωμάτων
1154 977 1215 1029 τὸ
1257 976 1487 1038 κάλλος’
1542 976 1602 1027 ὲν
1650 974 1753 1043 μὲν

217 1071 367 1141 ψιλοῖς
415 1070 504 1121 καὶ
535 1068 716 1137 μόνοις
752 1067 973 1136 ὀνόμασι
1003 1065 1430 1138 περιανθίζεται,
1464 1063 1664 1128 ἔξωθεν
1698 1064 1754 1115 δὲ

219 1163 383 1230 ὥσπερ
415 1159 719 1229 χρωμάτων
755 1158 916 1211 τινῶν
951 1158 1302 1225 ὲπαλείφεται
1350 1157 1506 1227 δίκην
1528 1173 1541 1185 ’
1594 1172 1752 1208 σκια-

218 1254 480 1323 γραφεῐται
519 1251 574 1303 δὲ
608 1250 808 1319 μᾶλλον
852 1251 884 1320 ἠ
929 1249 1048 1304 θεία
1072 1249 1231 1318 φύσις
1266 1251 1322 1302 ἐν
1350 1250 1521 1320 αὑτῷ.
1552 1250 1646 1302 καὶ
1681 1248 1756 1311 ὡς
1798 1252 1801 1255 ’

219 1346 265 1396 ὲν
305 1341 435 1411 ψιλῷ
479 1340 729 1408 φαίνεται
787 1337 960 1409 τύπῳ.
1009 1335 1140 1392 Εἶτα
1188 1338 1305 1402 πῶς
1354 1340 1453 1392 οὑκ
1497 1339 1757 1406 ἄντικρυς

219 1434 428 1496 ἁπάσαις
449 1431 750 1501 φανήσεσθε
770 1434 890 1493 ταῖς
910 1431 1089 1498 ἁγίαις
1113 1428 1474 1500 πολεμοῦντες
1493 1429 1755 1499 Γραφαῖς,

220 1526 294 1579 ἵνα
331 1525 388 1595 δὴ
434 1525 527 1577 καὶ
575 1523 798 1587 δικαίως
848 1522 1116 1593 ἀκούσητε
1147 1539 1160 1552 ’
1198 1541 1215 1572 ι
1259 1518 1755 1591 Σκληροτράχηλοι,

219 1619 299 1672 καὶ
323 1617 677 1687 ἀπερίτμητοι
711 1613 954 1683 καρδίαις
1002 1614 1096 1666 καὶ
1131 1614 1241 1676 τοῖς
1289 1611 1442 1673 ὠσὶν,
1481 1610 1639 1681 ὑμεῖς
1671 1609 1758 1661 ἀεὶ

219 1708 284 1778 τῷ
312 1706 576 1777 Πνεύματι
607 1706 686 1776 τῷ
710 1706 851 1775 ἁγίῳ
894 1704 1248 1758 ἀντιπίπτετε
1275 1742 1290 1765 ,
1326 1702 1401 1764 ὼς
1434 1703 1482 1753 οί
1524 1700 1761 1769 πατέρες

220 1800 372 1871 ὑμῶν,
398 1800 487 1850 καὶ
521 1798 704 1867 ὑμεῖς.
740 1817 757 1847 ι
804 1798 941 1849 Πότε
971 1795 1078 1866 γὰρ
1115 1795 1176 1848 οὑ
1205 1794 1333 1847 Θεὸν
1363 1791 1615 1862 ἀληθινὸν
1640 1791 1761 1843 ὀνο·

1857 628 1988 665 vero
2021 619 2214 665 natura
2260 612 2444 665 divina
2488 612 2544 666 in
2579 614 2698 682 ipse
2744 613 3126 674 adumbratur,
3171 626 3234 666 ac
3263 612 3428 666 veluti

1858 701 2031 771 ﬁgura
2074 710 2236 755 tenus
2264 710 2478 755 tantum
2535 711 2836 771 spectatur.
2882 704 2951 755 At
2993 701 3267 770 quomodo
3320 717 3427 754 non

1856 806 1981 846 cum
2024 793 2280 847 omnibus
2326 790 2627 861 Scripturis
2675 792 2968 847 manifeste
3004 808 3249 863 pugnare
3279 808 3431 844 com-

1861 880 2167 950 periemini,
2198 880 2273 933 ita
2308 888 2366 933 ut
2396 879 2521 948 jure
2553 879 2832 935 audiatis:
2874 900 2891 930 ι
2935 879 3077 932 Dura
3116 879 3351 942 cervice,
3375 888 3431 930 et

1860 970 2233 1024 incircumcisi
2289 969 2548 1024 cordibus
2615 977 2668 1022 et
2719 969 2984 1030 auribus,
3054 983 3152 1022 vos
3215 982 3431 1036 semper

1861 1060 2090 1132 Spiritui
2135 1069 2327 1114 sancto
2368 1060 2658 1123 resistitis;
2706 1058 2851 1112 sicut
2891 1067 3079 1127 patres
3109 1058 3309 1122 vestri,
3356 1058 3429 1109 ita

1862 1162 1917 1208 et
1955 1168 2051 1207 vos
2079 1153 2142 1206 ⁸³.
2182 1171 2200 1202 ο
2240 1150 2470 1217 Quando
2500 1151 2646 1204 enim
2674 1166 2781 1203 tmn
2814 1148 2983 1203 Deum
3010 1162 3201 1201 verum
3253 1145 3431 1200 nomi-

1863 1252 1996 1299 nant
2046 1244 2206 1313 232
2249 1242 2485 1307 Filium,
2545 1250 2639 1294 aut
2705 1240 3052 1311 quandonam
3120 1239 3297 1302 ipsum
3364 1238 3433 1291 ab

1864 1337 2102 1391 essentia
2144 1332 2422 1389 Genitor-is
2475 1333 2825 1388 excludunt?
2876 1330 3012 1396 Quis
3066 1344 3197 1384 vero
3252 1329 3435 1383 dicere

1867 1443 2034 1483 ausus
2057 1434 2137 1480 est
2164 1442 2289 1481 eum
2316 1440 2490 1494 neque
2510 1434 2706 1478 natura
2732 1424 3001 1492 opiﬁcem,
3027 1436 3202 1490 neque
3228 1435 3432 1490 regem,

1866 1536 2045 1591 neque
2077 1519 2539 1588 cunctipotentem
2569 1531 2712 1580 esse,
2744 1523 2837 1569 aut
2876 1513 3252 1567 adorabilem?
3290 1512 3436 1564 Divi-

1868 1629 1973 1667 nus
2000 1612 2201 1681 quippe
2234 1609 2442 1664 Psaltes
2473 1619 2733 1679 tanquam
2774 1606 2841 1661 ad
2875 1607 3051 1675 ipsum
3087 1603 3434 1674 Unigenitum

1869 1704 1945 1756 ait
1992 1701 2190 1756 alicubi
2227 1720 2239 1755 :
2277 1720 2294 1751 ι
2333 1700 2505 1755 Sedes
2557 1708 2668 1761 tua,
2704 1696 2868 1759 Deus,
2907 1696 2961 1748 iu
3020 1694 3278 1748 arculum
3333 1705 3436 1744 sa:-

1870 1793 1979 1847 culi
2017 1791 2081 1846 “.
2133 1810 2151 1843 ι
2186 1789 2426 1844 Thomas
2452 1798 2631 1843 autent
2666 1788 2942 1847 similiter,
2977 1781 3439 1854 prudentissimus

223 1891 428 1961 μάζουσι
473 1888 563 1941 τὸν
607 1888 763 1951 Υίὸν,
790 1888 823 1958 ἢ
855 1888 981 1941 ποτε
1028 1887 1126 1956 τῆς
1158 1885 1250 1938 τοῦ
1292 1885 1544 1946 τεκόντος
1572 1882 1763 1946 οὐσίας
1797 1882 1798 1932 ξ

1893 1885 1960 1938 lle
1990 1882 2327 1952 discipulus,
2358 1889 2412 1935 et
2454 1880 2619 1934 Deum
2657 1880 2820 1933 simul
2845 1889 2900 1932 et
2932 1877 3218 1931 Dominum
3254 1875 3441 1944 appel-

221 1984 312 2048 ἔξω
342 1981 589 2051 φέρουσιν
619 1979 818 2047 αὑτόν;
871 1979 968 2043 Τίς
996 1979 1051 2032 δὲ
1080 1981 1107 2032 ὁ
1144 1977 1420 2048 τολμήσας
1451 1977 1625 2029 εἰπεῖν
1646 2014 1661 2037 ,
1695 1973 1769 2038 ὡς

221 2072 329 2125 οὔτε
354 2071 504 2141 φύσει
547 2072 905 2142 δημιουργὸς,
936 2070 1059 2123 οὔτε
1097 2068 1369 2138 βασιλεὺς,
1410 2066 1535 2120 οὔτε
1570 2083 1773 2120 παντο-

225 2166 422 2235 κράτωρ
483 2164 515 2234 ἢ
554 2163 933 2236 προσκυνητός
982 2164 1167 2226 ὲστιν;
1207 2162 1264 2214 Ὀ
1302 2160 1399 2230 μὲν
1431 2159 1539 2229 γὰρ
1573 2158 1771 2211 θεσπέ-

227 2271 323 2318 σιος
360 2255 611 2325 Μελῳδὸς
673 2255 750 2318 ὡς
804 2254 939 2326 πρὸς
980 2253 1143 2307 αὑτόν
1174 2251 1275 2305 πού
1307 2269 1439 2320 φησι
1472 2250 1561 2303 τὸν
1596 2249 1775 2303 Μονο-

227 2347 377 2416 γενῆο
410 2365 428 2398 ι
495 2348 552 2399 Ὀ
590 2346 781 2416 θρόνος
831 2363 923 2399 σου
955 2346 1140 2408 ὁΘεὸς
1189 2348 1269 2408 εἰς
1323 2344 1414 2397 τὸν
1460 2342 1636 2397 αἰῶνα
1681 2340 1776 2394 τοῦ

230 2441 417 2503 αἰῶνος.
459 2459 478 2491 ι
515 2439 723 2510 Θωμᾶς
766 2441 821 2494 δὲ
856 2440 1018 2494 πάλιν
1058 2440 1259 2510 ὁμοίως
1300 2441 1332 2492 ὁ
1365 2436 1778 2507 νουνεχέστατος

231 2532 492 2601 μαθητὴς,
542 2532 647 2585 ικαὶ
700 2531 831 2585 Θεὸν
883 2530 1055 2602 ὁμοῦ,
1108 2532 1203 2583 καὶ
1246 2530 1452 2601 Κύριον
1495 2526 1775 2582 ἀποκαλεῖ.

230 2623 611 2695 Παντοκράτωρ
659 2623 715 2676 δὲ
751 2624 844 2676 καὶ
870 2623 1225 2693 δημιουργὸς,
1273 2622 1361 2675 διὰ
1413 2621 1594 2689 πάσης
1625 2619 1780 2687 ἁγίου

232 2716 448 2768 καλεῖται
476 2715 685 2784 φωνῆς,
719 2716 813 2768 καὶ
843 2715 916 2777 ὡς
939 2714 1037 2766 οὑκ
1059 2711 1293 2766 ἐπακτὸν
1322 2711 1459 2781 ἔχων
1487 2709 1606 2763 καθ’
1641 2709 1784 2778 ὑμᾶς

231 2807 285 2859 τὸ
314 2806 541 2876 ἀξίωμα,
595 2806 714 2860 ἀλλ’
759 2807 832 2868 ὼς
878 2804 1037 2858 τοῦτο
1092 2805 1233 2859 κατὰ
1290 2803 1450 2872 φύσιν
1501 2802 1783 2871 ὑπάρχων,

232 2900 348 2970 ὅπερ
380 2896 513 2951 εἶναι
538 2898 798 2966 λέγεται,
821 2899 914 2952 διά
946 2915 1004 2951 τε
1040 2897 1198 2950 τοῦτο
1228 2897 1613 2967 προσκυνεῖται
1636 2891 1788 2961 παρά

232 3007 284 3042 τε
332 2990 431 3042 τῶν
479 2990 659 3058 ἁγίων
715 2989 999 3059 ἀγγέλων,
1056 2990 1148 3043 καὶ
1197 2988 1333 3059 πρὸς
1366 2986 1560 3056 ἡμῶν.
1612 2984 1789 3036 καίτοι

236 3079 403 3149 μηδενὶ
428 3082 755 3150 προσκυνεῖν
785 3080 956 3151 ἑτέρῳ
988 3080 1087 3149 τῆς
1118 3078 1267 3141 θείας
1296 3077 1561 3146 λεγούσης
1590 3076 1789 3146 χρῆναι

236 3169 471 3240 Γραφῆς,
521 3170 666 3242 πλὴν
715 3171 860 3242 μόνῳ
910 3172 1099 3242 Κυρίῳ
1143 3170 1222 3241 τῷ
1274 3169 1411 3239 Θεῷ.
1455 3171 1517 3222 Et
1556 3169 1652 3239 μὲν
1697 3162 1788 3221 οὖν

1872 1976 1969 2031 lat.
2010 1972 2370 2042 Omnipotens
2409 1987 2538 2025 vero
2567 1979 2622 2025 et
2664 1971 2894 2025 Creator
2924 1968 2994 2020 ab
3027 1966 3284 2021 omnibus
3312 1978 3442 2018 san-

1873 2067 1976 2121 ctis
2029 2077 2280 2129 vocatur,
2330 2063 2497 2133 idque
2546 2078 2653 2116 non
2702 2060 2859 2129 quasi
2913 2059 3234 2128 dignitatem
3294 2054 3443 2108 illam

1875 2158 2107 2223 habeat,
2156 2164 2215 2210 ut
2248 2171 2345 2210 vos
2392 2154 2581 2217 vultis,
2637 2152 2952 2213 ascititiam,
2996 2150 3091 2205 sed
3143 2142 3289 2219 quod
3341 2146 3447 2201 hoc

1876 2250 2178 2307 secundum
2238 2255 2495 2302 naturam
2553 2243 2785 2299 exsistat
2839 2239 2985 2311 quod
3045 2254 3170 2294 esse
3217 2237 3447 2301 dicitur,

1878 2354 2042 2414 atque
2076 2342 2286 2397 idcirco
2318 2338 2578 2392 adorator
2609 2350 2734 2389 cum
2769 2348 2799 2387 a
2829 2330 3040 2387 sanctis
3076 2329 3307 2397 angelis,
3328 2335 3448 2381 tum

1880 2450 1910 2488 a
1946 2413 2123 2497 nobis,
2170 2428 2419 2500 quamvis
2470 2424 2752 2494 Scriptura
2794 2420 2975 2474 divina
3033 2417 3309 2473 neminem
3350 2413 3449 2469 ad-

1880 2523 2150 2578 orandum
2182 2536 2303 2575 esse
2337 2525 2543 2573 statuat
2563 2523 2922 2585 praeterquam
2952 2511 3128 2565 solum
3160 2506 3451 2561 Dominum

1881 2603 2159 2670 Deum.‘Si
2193 2627 2325 2681 ergo
2353 2608 2650 2665 ascititiam
2682 2613 2736 2659 et
2767 2602 2992 2656 aliunde
3025 2601 3294 2653 invectam
3326 2609 3453 2654 esse

1884 2707 2113 2761 credunt
2157 2704 2211 2757 in
2247 2719 2312 2757 eo
2355 2700 2593 2754 divinam
2629 2698 2974 2766 dignitatem,
3022 2700 3097 2758 et,
3129 2699 3309 2742 tamen
3356 2686 3455 2740 ad-

1886 2796 2155 2852 orandum
2186 2809 2309 2849 esse
2332 2801 2543 2862 putant,
2574 2790 2753 2845 sciant
2781 2802 2843 2841 se
2870 2792 3178 2839 creaturam
3227 2779 3459 2833 adorare

1886 2905 1999 2961 prae
2028 2890 2325 2951 Creatore,
2362 2897 2676 2951 novumque
2723 2894 2787 2933 ac
2839 2883 3112 2931 recentem
3145 2871 3315 2925 Deum
3354 2868 3457 2923 sibi

1890 2958 2193 3041 delineare,
2234 2976 2414 3047 potius
2442 2988 2613 3043 quam
2659 2968 2965 3023 naturalem
3008 2976 3327 3033 agnoscere.
3362 2958 3459 3011 Sin

1892 3082 2069 3125 autem
2105 3085 2135 3122 a
2168 3068 2347 3122 Patris
2393 3062 2701 3120 substantia
2739 3060 2939 3113 Filium
2970 3054 3362 3115 excludentes,
3408 3057 3464 3102 et

1899 3162 2094 3216 Filium
2126 3162 2304 3228 ipsum
2325 3165 2379 3211 et
2411 3155 2577 3209 Deum
2613 3166 2797 3205 verum
2825 3164 2948 3203 esse
2977 3147 3237 3205 fatentur,
3264 3156 3467 3210 regem-

235 3263 499 3332 ὲπίκτητον
528 3262 683 3333 αὑτῷ
742 3263 836 3316 καὶ
861 3264 1012 3317 δοτὸν
1050 3264 1374 3333 ἐνυπάρχειν
1402 3262 1461 3315 τὸ
1491 3260 1789 3331 θεοπρεπὲς

1899 3270 2025 3326 que,
2048 3268 2112 3307 ac
2139 3250 2445 3312 dominum,
2470 3255 2523 3300 et
2553 3245 2825 3314 opiﬁcem,
2846 3249 2896 3295 et
2917 3254 3041 3308 quae
3064 3236 3245 3290 Patris
3265 3232 3468 3288 eximia

238 3354 428 3425 ἀξίωμα
455 3354 889 3408 πεπιστεύκασιν
909 3396 923 3419 ,
953 3350 1072 3406 εἶτα
1099 3355 1173 3425 τῷ
1199 3354 1424 3424 τοιούτῳ
1470 3354 1793 3421 προσκυνεῖν

238 3448 416 3500 οἴονται
445 3448 551 3501 δεῖν
576 3490 592 3514 ,
646 3448 878 3501 ἴστωσαν
922 3447 1073 3516 παρὰ
1116 3447 1208 3499 τὸν
1262 3446 1485 3515 κτίστην
1524 3447 1590 3514 τῇ
1622 3443 1796 3497 κτίσει

240 3539 596 3609 λατρεύοντες,
641 3538 953 3608 πρόσφατόν
992 3554 1049 3591 τε
1088 3537 1182 3591 καὶ
1209 3537 1325 3589 νέον
1348 3536 1559 3595 ἑαυτοῖς
1581 3532 1798 3603 ζωγρα·

242 3629 447 3696 φοῦντες
475 3630 632 3694 Θεὸν,
656 3631 798 3700 ἥπερ
833 3629 1004 3690 ὅντως
1039 3628 1128 3681 τὸν
1161 3627 1304 3681 κατά
1325 3626 1484 3695 φύσιν
1504 3624 1799 3694 γινώσκον·

242 3735 337 3782 τες.
370 3720 429 3773 Εί
459 3720 517 3773 δὲ
541 3720 648 3789 τῆς
666 3718 760 3771 τοῦ
787 3716 922 3770 Θεοῦ
950 3717 1045 3769 καὶ
1082 3714 1294 3786 Πατρὸς
1324 3714 1512 3776 οὐσίας
1542 3712 1648 3778 ἔξω
1686 3712 1801 3763 κεῖ-

245 3811 355 3865 σθαι
396 3813 649 3881 λέγοντες
683 3812 776 3864 τὸν
802 3810 929 3863 Υίὸν
950 3851 964 3873 ,
1009 3809 1103 3862 καὶ
1130 3808 1257 3861 Υἱὸν
1287 3806 1448 3861 αὑτὸν
1533 3805 1627 3857 καὶ
1673 3803 1805 3857 Θεὸν

245 3901 580 3970 ὁμολογοῦσιν
626 3898 894 3970 ὑπάρχειν
945 3896 1237 3966 ἀληθινὸν,
1276 3895 1371 3949 καὶ
1416 3891 1666 3963 βασιλέα,
1712 3890 1807 3943 καὶ

246 3994 454 4066 κύριον,
488 3994 584 4047 καὶ
615 3991 976 4063 δημιουργὸν,
1010 3990 1103 4042 καὶ
1127 3987 1399 4050 οὑσιωδῶς
1443 3987 1500 4039 ὲν
1527 3982 1704 4054 ἑαυτῷ
1740 3983 1808 4036 τά

245 4089 329 4141 τσέ
372 4089 585 4158 Πατρὸς
623 4086 771 4157 ἔχειν
801 4087 908 4139 ἴδια
987 4085 1082 4137 καὶ
1123 4080 1412 4151 ὲξαίρετω
1462 4080 1810 4149 βλεπέτωσαν

245 4178 355 4231 ὅποι
386 4178 512 4231 ποτὲ
553 4176 720 4230 πάλιν
754 4176 936 4239 αὐτοῖς
969 4173 1028 4227 τὸ
1054 4172 1161 4225 τῶν
1187 4172 1311 4242 τῇδε
1346 4170 1645 4224 δοκούντων
1676 4170 1812 4221 ἀποο

246 4269 567 4322 κινδυνεύσει
602 4268 775 4330 τέλος.
803 4266 968 4320 Οὐδὲν
1001 4266 1111 4336 γὰρ
1148 4264 1285 4326 ὅλως
1319 4264 1376 4316 ἐν
1411 4264 1475 4332 τῇ
1507 4261 1625 4330 θείᾳ
1655 4259 1813 4328 φύσει

245 4358 301 4409 τὸ
331 4358 639 4422 ἀξιόπιστον
669 4356 1064 4428 εὑρεθήσεται,
1112 4353 1415 4424 δυναμένης
1448 4352 1546 4423 ἤδη
1587 4352 1682 4403 καὶ
1719 4351 1815 4419 τῆς

246 4451 346 4503 τῶν
382 4450 629 4521 γενητῶν
660 4449 874 4518 φύσεως
904 4448 1168 4518 ὑπάρχειν
1198 4446 1356 4500 τοῦτο
1385 4447 1502 4501 κατ’
1537 4444 1818 4515 ἀλήθειαν,

1901 3324 2033 3403 sunt
2064 3359 2128 3398 ac
2161 3340 2383 3412 propria
2426 3335 2863 3391 substantialiter
2913 3330 3114 3383 habere
3149 3327 3201 3380 iu
3254 3324 3466 3392 seipse,

1898 3439 2120 3493 videant
2147 3448 2382 3503 quonam
2418 3431 2637 3484 demum
2676 3439 2865 3480 eorum
2912 3418 3119 3475 recidat
3159 3416 3347 3485 opinio
3375 3413 3471 3480 qui

1899 3528 1979 3585 sic
2028 3501 2290 3579 sentiunt.
2336 3518 2482 3573 Nihil
2533 3516 2678 3571 enim
2737 3512 2875 3567 cet’ti
2935 3511 2986 3563 in
3050 3517 3246 3560 natura
3289 3501 3474 3556 divina

1899 3618 2225 3687 reperietur,
2253 3627 2380 3665 cum
2422 3625 2604 3663 rerum
2651 3611 2959 3660 creatarum
3005 3606 3199 3653 natura
3227 3594 3280 3648 id
3309 3592 3474 3648 etiam

1900 3679 2089 3764 revera
2121 3721 2243 3761 esse
2270 3712 2457 3772 queat,
2493 3697 2639 3768 quod
2669 3696 2808 3765 ipsa.
2852 3691 3298 3745 Demonstratum
3326 3679 3475 3736 enim

1904 3807 1989 3853 est
2013 3794 2457 3849 adversariorum
2484 3785 2780 3841 admodum
2814 3779 3031 3835 inﬁrma
3059 3774 3309 3830 oratione
3342 3767 3477 3824 divi-

1907 3902 1990 3942 na:
2012 3894 2221 3940 natura:
2252 3898 2363 3936 non
2394 3894 2517 3935 esse
2540 3874 3049 3944 Unigenitum,vere
3075 3878 3255 3921 tamen
3272 3860 3482 3915 habere

1908 3980 1963 4033 in
1993 3978 2177 4047 seipse
2197 3983 2544 4043 quacunque
2572 3967 2697 4035 ejus
2714 3970 2845 4017 sunt
2864 3959 3086 4015 eximia.
3115 3955 3189 4009 At
3217 3952 3340 4021 quis
3372 3962 3482 4002 non

1908 4044 2297 4129 cohorrescet,
2350 4063 2399 4118 si
2446 4061 2532 4115 vel
2575 4057 2748 4114 solam
2791 4052 3108 4122 dogmatum
3151 4044 3483 4113 impietatem

1908 4156 2136 4219 audiat?
2169 4156 2365 4213 Omnia
2399 4152 2544 4208 enim
2595 4162 2816 4205 sursum
2862 4157 2926 4197 ac
2973 4141 3229 4195 deorsum
3260 4139 3486 4187 vertun-

1913 4265 2022 4318 tur,
2061 4266 2184 4307 cum
2220 4257 2411 4302 natura
2442 4244 2533 4296 illa
2560 4240 2809 4295 omnium
2841 4244 3095 4303 suprema
3133 4240 3199 4280 eo
3222 4223 3487 4292 depressa

1914 4316 2017 4410 sit,
2045 4351 2103 4396 ut
2132 4342 2275 4394 inter
2302 4341 2591 4390 creaturas
2626 4332 2968 4386 numeretur,
2996 4326 3049 4373 et
3074 4316 3199 4384 ipsa
3232 4318 3485 4366 creatura

1915 4406 2339 4503 atlisupremum
2372 4440 2473 4480 nec
2508 4422 2614 4478 sibi
2638 4416 3002 4475 constitutum
3026 4406 3255 4465 modum
3287 4410 3479 4503 temeri

256 4492 342 4503 ’νη
394 4492 624 4521 l"'t""'
662 4492 871 4518 τ-*ν-’ν
908 4492 1163 4518 “’““ΤΛ“”
1206 4492 1354 4500 "vn
1387 4492 1485 4501 "'--
1539 4492 1784 4515 w-"r'm'

253 4539 379 4609 ὅπερ
403 4538 468 4593 ἂν
502 4541 678 4592 νοοῖτο
709 4537 802 4590 καὶ
839 4537 997 4607 αὑτή.
1044 4536 1446 4589 Ἀποδέδεικται
1491 4533 1635 4603 γὰρ,
1676 4549 1798 4584 κατι

1917 4527 2206 4583 evehatur.
2267 4517 2570 4585 Quocirca,
2610 4511 2764 4566 velut
2793 4508 2847 4561 in
2895 4499 3171 4575 profundo
3224 4494 3349 4550 navi
3396 4492 3471 4547 de-

1893 4595 1894 4603 ‘
2337 4612 2348 4624 '
2415 4611 2425 4621 '
2547 4603 2713 4624 Α-λΑ-Ιε
2780 4599 3091 4624 Jan-nun...“
3154 4586 3471 4624 aheni-ditat.

254 4643 312 4695 γε
341 4630 430 4680 τὸν
467 4626 623 4698 παρὰ
663 4629 776 4689 τοῖς
818 4626 884 4678 δι’
930 4626 1178 4689 ἐναντίας
1217 4624 1611 4694 ἀδρανέστατον
1640 4621 1817 4688 λόγον,

251 4721 341 4789 τῆς
370 4721 468 4790 μὲν
512 4719 667 4782 θείας
707 4719 921 4788 φύσεως
958 4719 1057 4788 οὑχ
1106 4717 1365 4785 ὑπάρχων
1406 4718 1433 4768 ὁ
1490 4712 1820 4783 Μονογενὴς,

244 4812 383 4882 ἔχων
422 4814 469 4866 δ’
504 4809 599 4865 οὖν
644 4813 793 4882 ὅμως
835 4811 1103 4880 ἀληθινῶς
1153 4811 1212 4861 ὲν
1267 4805 1444 4879 ἑαυτῷ
1486 4809 1555 4861 τὰ
1611 4807 1824 4876 ἐκείνης

253 4903 514 4975 ἐξαίρετα.
542 4901 676 4957 Εἶτα
711 4905 793 4967 τίς
823 4904 924 4957 οὑκ
948 4903 1260 4974 ἀποφρίξει,
1294 4903 1387 4955 καὶ
1416 4902 1574 4971 μόνον
1610 4900 1825 4953 ἁκούων

252 4997 344 5067 τὴν
370 4996 476 5049 τῶν
519 4997 807 5067 δογμάτων
855 4995 1207 5063 δυσσέϐειαν;
1246 4997 1433 5048 Πάντα
1470 4995 1578 5064 γὰρ
1608 4993 1720 5046 ἄνω
1763 5010 1823 5045 τε

257 5086 342 5136 καὶ
368 5085 517 5140 κάτω
546 5088 840 5158 στρέφεται
869 5086 1178 5156 λοιπὸν,τῆς
1214 5086 1310 5155 μὲν
1340 5087 1408 5138 τὰ
1434 5087 1611 5139 πάντα
1652 5086 1823 5153 ὑπερ-

258 5178 513 5249 κειμένης
536 5178 751 5246 φύσεως
776 5177 1208 5246 καταϐαινούσης
1242 5177 1333 5228 ἐπὶ
1355 5176 1415 5229 τὸ
1442 5176 1827 5229 συντάττεσθαι

260 5271 364 5329 τοῖς
393 5273 675 5338 γενητοῖς,
714 5271 884 5339 αὐτῆς
911 5270 965 5322 δὲ
994 5273 1093 5339 τῆς
1138 5270 1368 5331 κτίσεως
1424 5269 1505 5329 είς
1547 5269 1608 5320 τὸ
1658 5268 1829 5337 ὑπερ-ι

263 5358 441 5414 έκεινα
483 5364 578 5416 καὶ
605 5364 703 5432 οὑχ
721 5363 1024 5433 ὡρισμένον
1052 5363 1187 5432 αὑτῇ
1211 5359 1830 5432 παραλόγωςὰναπηδώ-

267 5468 359 5520 σης
390 5454 609 5524 μέτρον.
641 5454 850 5507 Ούκοῦν
873 5493 887 5518 ,
930 5454 1006 5517 ὡς
1033 5454 1255 5516 ὁλκάδος
1286 5456 1343 5505 ὲν
1379 5451 1602 5519 πελάγει
1642 5449 1833 5519 βαπτι-

268 5541 537 5615 ζομένης,
603 5546 702 5616 τῆς
763 5547 872 5598 τῶν
935 5546 1190 5598 τοιούτων
1258 5545 1544 5615 δογμάτων
1607 5541 1834 5603 ἀτοπίας

268 5633 693 5707 ἀπονηχόμενοι,
742 5637 1063 5707 σπεύδωμεν
1095 5637 1170 5700 ὡς
1208 5636 1296 5689 ἐπ’
1328 5634 1548 5706 ἀσφαλῆ
1578 5633 1675 5686 καὶ
1704 5630 1832 5685 ἀκύ-

341 5814 388 5848 ⁶⁹
425 5816 548 5871 Act.
580 5834 689 5885 vn,
729 5818 816 5886 3|,
896 5818 939 5849 ⁸³
980 5815 1124 5872 Psal.
1164 5831 1310 5882 κων,
1340 5816 1392 5871 7.

1922 4632 2139 4678 mersa,
2204 4629 2269 4668 ex
2337 4603 2717 4679 hujuscemodi
2776 4599 3092 4669 dogmatum
3154 4586 3478 4644 absurditat.

1919 4715 2284 4778 emergentes,
2312 4704 2379 4755 ad
2416 4710 2591 4756 tutum
2625 4704 2680 4751 et
2714 4692 2957 4763 quietum
3000 4680 3249 4740 veritatis
3277 4685 3478 4778 p'ortun

1920 4799 2354 4859 contendamus,
2392 4793 2600 4860 Deique
2645 4802 2709 4841 ac
2751 4781 2932 4836 Patris
2973 4776 3261 4845 imaginem
3303 4768 3478 4823 Filim-

1921 4910 2045 4950 csse
2083 4893 2380 4954 fateamur,
2418 4901 2526 4941 non
2559 4878 2843 4951 fragilibus
2890 4866 3218 4943 quihusdam
3266 4860 3473 4931 dignita

1927 4989 2079 5042 tibus
2107 4984 2431 5043 obductum,
2464 4992 2642 5046 neque
2671 4972 2806 5029 solis
2830 4958 3206 5039 praerogativis
3237 4957 3344 5008 Deo
3373 4965 3475 5004 con

1935 5080 2280 5137 venientibus
2334 5073 2733 5142 conspicuum,
2787 5063 2882 5121 sed
2951 5046 3397 5142 substantialiter
3452 5057 3479 5094 ρ

1933 5174 2078 5229 omni
2110 5188 2173 5227 ex
2216 5176 2372 5239 parte
2420 5159 2821 5235 perfectissimo
2860 5144 3112 5205 Genitori
3166 5133 3471 5207 respondcn

1935 5277 2077 5330 tem,
2130 5273 2187 5319 et
2222 5277 2322 5332 per
2358 5232 2542 5313 omnia
2599 5252 2956 5307 exsistentem
3007 5232 3491 5332 secundum-rnatu.

1936 5374 2054 5412 ram
2093 5371 2248 5411 suam
2290 5353 2342 5407 id
2384 5349 2530 5420 quod
2572 5345 2731 5400 Pater
2767 5352 2891 5394 esse
2929 5336 3207 5388 censetur,
3240 5319 3399 5390 233
3426 5316 3497 5371 nit

1934 5448 2138 5501 mirum
2168 5444 2336 5498 Deum
2365 5454 2554 5495 verum
2610 5447 2733 5489 vere
2776 5427 2844 5483 de
2876 5425 3006 5487 Deo,
3055 5414 3501 5501 οιιιιιίβοίθιίίὲξιί

1941 5546 2274 5598 creatorem,
2299 5534 2528 5592 bonum,
2553 5523 2914 5584 adorandum,
2964 5521 3021 5570 et
3044 5512 3089 5567 si
3112 5505 3245 5598 quid
3278 5498 3514 5567 amplius

1936 5630 2069 5686 addi
2095 5596 2275 5701 potest
2298 5624 2443 5698 quod
2476 5622 2584 5678 Deo
2611 5613 2925 5675 conveniat.
2961 5606 3117 5662 Tunc
3153 5596 3300 5656 enim
3339 5596 3516 5646 osten-
