4102 6572
629 426 736 482 5ἷ9

1617 425 1675 481 s.
1706 425 1980 482 eruum
2018 406 2487 482 ALEXANomNt
2525 425 2844 482 ARCHIEP.

3768 432 3885 489 380

633 539 828 592 dentes
881 554 1004 593 eum
1066 540 1121 594 in
1179 539 1435 595 oninibns
1497 539 1729 594 similem
1791 555 1916 594 esse
1980 539 2090 596 Deo
2141 556 2208 594 ac

2315 557 2448 611 μονα
2475 541 2669 611 λιμένα
2700 542 2796 611 τὴν
2833 540 3111 613 ἀλήθειαν,
3145 543 3240 596 καὶ
3281 543 3464 596 εἰκόνα
3494 541 3585 594 τοῦ
3619 528 3753 597 Θεοῦ
3779 540 3883 600 καὶ

633 627 804 693 Patri,
829 630 989 684 etiam
1020 646 1146 685 vere
1175 630 1284 684 dici
1325 632 1394 685 ab
1417 647 1482 684 eo
1506 630 2028 694 demonstrabimus,
2059 631 2204 700 quod

639 739 656 767 ι
689 717 788 783 Qui
827 735 932 772 non
984 720 1308 774 ltouoriﬁcat
1361 719 1582 785 Filium,
1617 736 1793 790 neque
1833 719 2050 774 Patrem
2106 721 2207 775 ho--

636 811 883 863 noriticat
910 849 926 874 ,
963 811 1054 881 qui
1085 813 1237 866 misit
1291 813 1466 866 illum.
1512 830 1530 864 ι
1569 812 1640 866 De
1670 811 1772 866 hoc
1811 812 1953 866 enim
1979 813 2211 883 quaestio

635 901 795 955 nobis
825 914 930 967 est,
956 919 1010 959 et
1049 919 1114 959 eo
1139 913 1351 974 spectat
1400 920 1521 974 qua:
1564 919 1691 958 mox
1719 904 1858 958 facta
1899 911 1985 959 est
2017 905 2202 974 dispu-

637 992 792 1047 latio.

2310 631 2522 702 [ἰατρὸς
2550 632 2902 702 ὁμολογῶμεν
2937 633 3030 686 τὸν
3067 634 3214 696 Υίὺν.
3249 635 3348 687 οὐκ
3373 636 3656 705 ὲπικήροις
3691 635 3884 705 ὥσπερ

2306 721 2418 775 τισὶ
2450 723 2964 794 περιπεπλασμένον
3011 724 3350 796 ἀξιώμασιν,
3389 726 3510 779 οὐδὲ
3543 726 3726 794 μόνοις
3767 729 3883 789 τοῖς

2310 811 2636 883 Θεοπρεπέσι
2671 814 3138 884 καπγλαῖσμένον
3166 815 3490 884 ἀξιώμασιν,
3534 814 3653 867 ἀλλ’
3690 815 3885 867 οὐσιω-

2309 903 2413 967 δῶς
2432 903 2564 974 πρὸς
2586 904 2683 973 τὴν
2705 903 2798 958 τοῦ
2825 905 3074 968 τεκόντος
3095 905 3380 976 ἀκρίϐειαν
3399 903 3882 975 ἀπηκριϐωμένον.

2311 995 2404 1048 καὶ
2427 995 2863 1066 ἀπαραλλάκτως
2891 997 3206 1067 ὑπάρχοντα
3259 997 3400 1050 κατά
3427 996 3610 1065 φύσιν,
3647 997 3782 1066 ὅπερ
3816 997 3886 1048 ἂν

636 1089 806 1138 νοοῖτο
832 1087 925 1142 καὶ
951 1087 980 1140 ὁ
1000 1088 1269 1158 γεννήσας
1297 1086 1480 1153 αὐτὸν,
1511 1089 1754 1141 τουτέστι
1776 1087 1906 1140 Θεὸν
1929 1086 2201 1156 ἀληθινὸν,
2237 1089 2302 1139 ὲκ
2361 1086 2497 1140 Θεοῦ
2565 1087 2708 1141 κατά
2738 1087 3015 1160 ἀλήθειαν,
3049 1089 3482 1160 παντοκράτορα,
3529 1089 3883 1160 δημιουργὸν⁹

635 1173 1052 1246 δεδοξασμένον,
1080 1177 1316 1245 ἀγαθὸν,
1359 1178 1730 1246 προσκυνητὸν
1756 1216 1770 1240 ,
1817 1177 1909 1229 καὶ
1938 1174 2067 1228 εἴτι
2127 1179 2242 1239 τοῖς
2279 1177 2588 1247 εἰρημένοις
2649 1177 2726 1240 ὼς
2769 1176 2888 1247 Θεῷ
2937 1179 3143 1249 πρέπον
3183 1177 3571 1248 παρέζευκται.
3613 1178 3749 1230 Τότε
3775 1177 3886 1248 γάρ

635 1268 699 1338 δὴ
739 1269 880 1321 κατὰ
939 1270 1115 1323 πάντα
1171 1270 1529 1339 προσεοικότα
1588 1270 1923 1332 δεικνύοντες
1963 1268 2042 1340 τῷ
2083 1268 2201 1339 Θεῷ
2240 1270 2334 1322 κοιλ⁵
2365 1271 2561 1341 Πατρὶ,
2608 1271 2700 1324 καὶ
2732 1271 3064 1342 ἀληθεύοντα
3107 1270 3552 1342 παραστήσομεν,
3616 1268 3694 1331 ὡς
3768 1287 3785 1318 ι
3822 1269 3886 1320 Ei

644 1364 716 1434 μή
782 1382 866 1426 τις
933 1365 1170 1434 βούλοιτο
1217 1367 1380 1434 τιμᾷν
1412 1365 1503 1416 τὸν
1550 1365 1711 1426 Υἱὺν,
1751 1365 1872 1418 οὐδὲ
1917 1364 2008 1418 τὸν
2058 1365 2276 1435 Πατέρα
2314 1367 2449 1436 τιμᾷ
2487 1366 2578 1418 τὸν
2623 1367 3016 1420 ἀποστείλαντα
3069 1365 3249 1418 αὐτόν.
3302 1383 3321 1416 ι
3369 1363 3505 1434 Περὶ
3542 1361 3736 1415 τούτου
3779 1361 3888 1432 γὰρ

642 1458 772 1526 ἡμῖν
821 1459 851 1527 ἡ
894 1459 1154 1529 cum.

713 1551 775 1615 ν,
817 1553 904 1604 24.
951 1554 1136 1616 Amen,
1170 1569 1322 1606 auum
1367 1552 1484 1606 dico
1516 1553 1681 1615 vobis,
1715 1553 1840 1621 quia
1870 1555 1962 1622 qui
1997 1553 2206 1607 verbum

641 1659 811 1694 nicum
852 1644 1022 1708 audit,
1059 1655 1105 1697 et
1137 1644 1302 1697 credit
1338 1646 1385 1698 ei
1421 1646 1512 1713 qui
1544 1646 1688 1698 misit
1723 1660 1822 1710 me,
1856 1645 2007 1697 habet
2048 1647 2208 1697 vitam

1195 1461 1291 1510 καὶ
1330 1460 1364 1527 ἡ
1417 1458 1526 1511 τῶν
1585 1459 1786 1528 ἀρτίως
1828 1458 2213 1529 ἐξητασμένων
2252 1460 2533 1530 κεκίνηται
2568 1461 2816 1530 βάσανος.

2397 1553 2591 1623 Ἀμὴν,
2629 1554 2791 1623 ἀμὴν
2815 1553 2970 1622 λέγω
3005 1551 3160 1621 ὑμῖν,
3205 1549 3291 1603 ὅτι
3338 1550 3369 1601 ὁ
3415 1547 3520 1601 τόν
3549 1547 3739 1615 λόγον
3770 1562 3888 1614 μου

2313 1648 2566 1708 ἀκούων,
2596 1647 2691 1700 καὶ
2722 1646 3020 1698 πιστεύων
3047 1642 3124 1708 τῷ
3153 1641 3455 1711 πέμψαντι
3470 1639 3703 1708 με,ἕχει
3737 1635 3889 1704 ζωὴν

637 1745 909 1795 uernam,
943 1745 991 1788 et
1044 1737 1097 1789 in
1149 1736 1420 1805 judicium
1451 1754 1551 1791 non
1594 1738 1751 1802 venit,
1783 1737 1874 1791 sed
1917 1738 2131 1790 transiit
2177 1754 2209 1789 a

2315 1739 2570 1803 αἰώνιον,
2606 1739 2701 1790 καὶ
2736 1740 2823 1802 είς
2852 1737 3056 1804 κρίσιν
3087 1736 3197 1787 οὐκ
3231 1733 3480 1800 ἔρχεται,
3508 1730 3675 1784 cum
3713 1743 3888 1796 μετα-

639 1836 805 1878 morte
835 1824 903 1877 ad
937 1829 1122 1880 vitam.

711 1915 1010 1986 Postquam
1059 1919 1111 1971 in
1156 1919 1541 1988 superioribus
1581 1919 1798 1976 almnde
1837 1919 2078 1975 ostendit
2111 1922 2213 1975 mi-

641 2024 796 2064 seros
828 2007 1048 2068 Judaeos
1091 2027 1198 2064 non
1255 2012 1307 2065 in
1346 2013 1520 2065 solum
1558 2011 1754 2065 Filium
1804 2028 2052 2082 peccare,
2086 2027 2209 2065 cum

642 2099 845 2153 audent
876 2102 1277 2170 reprehendere
1318 2119 1438 2172 qua:
1465 2103 1715 2158 docendo
1748 2105 2088 2172 quueretur,
2121 2113 2212 2156 aut

642 2192 785 2259 apud
817 2192 965 2260 ipsos
991 2205 1330 2261 operaretur,
1363 2194 1460 2248 sed
1494 2195 1546 2248 in
1579 2198 1754 2264 ipsum
1796 2197 1958 2250 etiam
1998 2195 2210 2249 Patrem

642 2283 810 2336 stulte
846 2298 1096 2351 peccare,
1132 2297 1204 2349 et,
1250 2287 1294 2338 si
1351 2285 1417 2339 ad
1466 2288 1573 2338 vim
1623 2288 1891 2340 dictorum
1927 2288 2209 2356 respicias,

642 2389 833 2426 eorum
869 2373 1156 2429 audaciam
1188 2378 1454 2443 coercuit,
1488 2393 1551 2430 ac
1584 2379 1863 2448 proposita
1901 2379 2210 2432 luturorum

643 2477 740 2530 spe
780 2464 978 2518 melius
1006 2465 1187 2521 vivere
1221 2469 1515 2535 persuasit,
1546 2470 1611 2523 ad
1640 2471 1964 2538 obsequium
1993 2471 2210 2524 tandetn

641 2566 740 2607 eos
771 2555 958 2624 adigit.
984 2555 1296 2610 Artiﬁciosa
1324 2573 1451 2612 vero
1476 2558 1562 2612 hic
1585 2561 1839 2614 oratione
1875 2575 2069 2615 rursus
2101 2561 2210 2613 uti-

644 2655 752 2698 tur.
781 2644 916 2698 Nam
953 2663 1074 2700 cum
1106 2647 1327 2704 Judaeos
1366 2648 1547 2703 adhuc
1586 2651 1836 2706 laborare
1866 2663 2074 2716 nosset,
2112 2653 2214 2707 hoc

606 2744 728 2788 -ρει
766 2737 833 2790 de
879 2753 938 2791 se
991 2739 1382 2804 scandalizari,
1421 2740 1580 2796 ﬁdem
1637 2757 1830 2796 rursus
1890 2744 1956 2796 ad
2009 2742 2102 2798 Dei
2150 2759 2215 2798 ac

645 2827 826 2882 Patris
860 2845 1152 2899 personam
1183 2831 1373 2897 refert,
1403 2849 1513 2886 non
1549 2835 1708 2904 quasi
1752 2835 1991 2905 seipsum
2025 2837 2213 2890 exclu-

641 2916 765 2979 dat,
819 2919 913 2973 sed
993 2919 1141 2988 quod
1201 2928 1428 2990 propter
1495 2921 1834 2976 identitatem
1896 2922 2216 2977 substantia

641 3007 808 3060 etiam
859 3008 911 3060 in
945 3007 1105 3064 Patre
1156 3010 1575 3066 lmnoriﬁcetur.
1609 3012 1908 3066 Credentes
1935 3027 2064 3064 vero
2104 3027 2211 3065 non

2314 1829 2565 1896 ϐέϐηκεν
2587 1830 2654 1882 ἑιι
2688 1827 2794 1881 τοῦ
2829 1826 3087 1880 θανάτου
3113 1828 3200 1890 εις
3231 1822 3346 1890 τὴν
3374 1819 3543 1887 ζωήν.

2381 1919 2692 1983 ’Λποδείξας
2720 1919 2822 1988 ἤδη
2854 1917 2941 1970 διὰ
2990 1917 3095 1969 τῶν
3129 1913 3505 1985 προλαῦόντων
3551 1908 3886 1981 ἀρκούντως,

2312 2013 2386 2075 ὼς
2429 2015 2528 2065 οὐκ
2574 2015 2652 2074 εἰς
2700 2012 2858 2080 μόνον
2899 2008 3268 2079 ἁμαρτάνουσι
3306 2006 3395 2058 τὸν
3421 2004 3546 2056 Υἰὸν
3579 2004 3628 2054 οἱ
3664 2001 3890 2062 τάλανες

2325 2105 2580 2163 Ἰουδαῖοι,
2611 2102 2914 2172 τολμῶντες
2948 2102 3206 2170 ἐπιτιμᾷν
3254 2093 3448 2167 οἷσπερ
3473 2095 3540 2149 ἂν
3571 2093 3710 2165 λέγῃ
3747 2091 3890 2145 διδά-

2314 2214 2476 2257 σκων,
2512 2196 2543 2266 ἢ
2597 2196 2687 2249 καὶ
2731 2195 3029 2264 ἐργάζηται
3079 2192 3208 2261 παρ’
3248 2190 3448 2251 αὐτοῖς,
3497 2186 3632 2240 ἀλλά
3674 2183 3770 2236 καὶ
3815 2185 3893 2244 εἰς

2313 2289 2473 2342 αὑτὸν
2517 2287 2904 2355 ἀμαθαίνοντες
2956 2280 3328 2352 πλημμελοῦσι
3367 2281 3456 2331 τὸν
3517 2275 3759 2344 Πατέρα,
3802 2272 3894 2325 καὶ

2311 2383 2433 2433 ὅσον
2463 2376 2594 2450 ἧκεν
2641 2381 2718 2440 είς
2766 2377 2864 2447 τὴν
2915 2375 3021 2428 τῶν
3053 2370 3352 2444 εἰρημένων
3407 2369 3710 2439 ἐνέργειαν,
3741 2380 3895 2430 mp:-

2315 2472 2526 2533 στείλας
2552 2470 2626 2540 τῷ
2657 2469 2803 2539 φόϐῳ
2830 2469 2890 2520 τδ
2918 2467 3134 2538 Θράσος,
3184 2465 3276 2516 καὶ
3309 2463 3408 2532 ζῇν
3441 2459 3747 2519 ἀναπείσας
3775 2456 3895 2507 ἐπι-

2311 2563 2618 2634 εικέστερον
2670 2563 2734 2631 τῇ
2788 2560 2896 2612 τῶν
2943 2556 3216 2626 ἐσομένων
3258 2553 3454 2613 ἐλπίδι,
3495 2550 3682 2604 λοιπὸν
3718 2564 3889 2616 σαγη-

2313 2651 2455 2706 νεύει
2501 2651 2636 2720 πρὸς
2685 2649 3012 2702 εὐπείθειαν.
3059 2647 3172 2699 Οὐκ
3219 2645 3454 2713 ἀτέχνως
3494 2641 3550 2694 δὲ
3600 2640 3765 2692 πάλιν
3806 2637 3895 2690 τὸν

2313 2743 2404 2795 ἐπὶ
2448 2741 2654 2804 τούτοις
2691 2741 2982 2811 ἐποιήσατο
3018 2738 3195 2806 λόγον.
3240 2733 3456 2803 Ἐπειδὴ
3491 2731 3600 2802 γάρ
3635 2726 3784 2784 οἶδεν
3816 2729 3893 2781 ἔτι

2313 2833 2597 2896 νοσοῦντας
2623 2834 2748 2896 τοὺς
2775 2830 3083 2893 Ἰουδαίους,
3112 2822 3627 2894 σκανδαλιζομένους
3647 2819 3893 2874 τουτέστι

2314 2925 2442 2998 περὶ
2479 2924 2662 2988 αὐτοῦ,
2697 2923 2857 2978 πάλιν
2886 2922 3145 2992 ἀναφέρει
3191 2918 3288 2989 τὴν
3323 2915 3504 2969 πίστιν
3537 2916 3617 2976 εἰς
3643 2913 3706 2964 τὸ
3733 2911 3892 2983 πρόσ-

2313 3035 2459 3070 ωπον
2488 3017 2580 3070 τοῦ
2604 3016 2738 3069 Θεοῦ
2768 3015 2860 3070 καὶ
2888 3013 3120 3084 Πατρδς,
3145 3012 3240 3080 οὐχ
3264 3011 3338 3073 ὡς
3365 3007 3552 3061 ἑαυτὸν
3579 3004 3685 3068 ἔξω
3707 3002 3892 3064 τιθεὶς,

647 3095 826 3150 solum
856 3106 1078 3152 aeternae
1113 3100 1236 3152 vitae
1273 3099 1388 3153 fore
1414 3101 1733 3169 participes.
1772 3101 1865 3155 sed
1917 3111 1970 3154 et
2020 3098 2211 3170 judicii

2319 3109 2429 3162 ἀλλ’
2458 3109 2532 3171 ὡς
2562 3107 2649 3160 διὰ
2686 3107 2783 3178 τὴν
2819 3105 3120 3174 ταυτότητα
3144 3103 3240 3171 τῆς
3270 3100 3454 3163 οὐσίας
3486 3097 3581 3151 καὶ
3626 3099 3685 3149 ὲν
3724 3094 3891 3163 Πατρὶ

646 3187 923 3242 vitaturos
954 3189 1282 3257 periculum,
1315 3191 1650 3258 justiﬁeatos
1671 3193 1932 3244 nimirum
1958 3192 2212 3254 allii-mat,

647 3282 852 3328 metum
893 3291 990 3346 spe
1042 3279 1263 3331 mistum
1301 3281 1572 3349 injicieus.
1609 3279 1702 3333 Sic
1747 3283 1891 3334 enim
1942 3281 2214 3336 efﬁcacior

643 3378 701 3422 et
734 3369 1051 3437 expressior
1101 3371 1156 3424 in
1223 3373 1536 3427 auditorum
1597 3373 1795 3427 animis
1858 3372 2038 3427 futura
2094 3382 2214 3429 erat

642 3460 846 3514 oratio.

2318 3196 2642 3268 τιμώμενος.
2688 3197 2824 3258 Τοὺς
2875 3195 2931 3247 δέ
2974 3211 3037 3262 γε
3098 3190 3468 3250 πιστεύοντας.
3517 3187 3578 3238 οὐ
3637 3183 3894 3253 μετόχους

2321 3289 2537 3342 ἔσεσθαι
2571 3289 2729 3359 μόνον
2764 3291 2862 3356 τῆς
2902 3286 3118 3340 αἰωνίου
3155 3283 3320 3352 ζωῆς,
3378 3280 3511 3334 ἀλλὰ
3557 3278 3654 3330 καὶ
3700 3275 3791 3329 τὸν
3836 3275 3892 3328 ὲν

2318 3379 2418 3447 τῆς
2472 3379 2702 3445 κρίσεως
2746 3375 3123 3443 διαφεύξεσθαι
3170 3372 3444 3431 κίνδυνον,
3485 3366 3892 3437 δικαιουμένους

2317 3467 2558 3536 δηλονότι
2607 3467 3010 3537 διισχυρίζεται,
3057 3462 3462 3534 κεκερασμένον
3514 3458 3692 3512 ἐλπίδι
3768 3472 3890 3526 προ·

644 3549 835 3604 τείνων
877 3551 967 3605 τὸν
1017 3552 1200 3622 φόϐον.
1249 3553 1406 3609 Οὕτω
1433 3554 1539 3627 γάρ
1589 3550 1657 3626 ἧν
1697 3556 2076 3627 ἐνεργέστερον
2142 3573 2257 3618 πως
2295 3559 2389 3611 καὶ
2440 3557 2850 3629 δεικτικὼτερον
2891 3559 3000 3620 τοῖς
3042 3554 3412 3626 ἀκροωμένοις
3481 3548 3890 3621 ἀπεργάσασθαι

643 3643 734 3695 τὸν
754 3642 930 3710 λόγον.

719 3731 786 3799 ν,
809 3735 899 3788 25.
941 3734 1130 3798 Amen,
1159 3752 1310 3790 amen
1336 3736 1453 3790 dico
1485 3738 1650 3801 vobis,
1680 3739 1807 3809 quia
1832 3740 1963 3792 venit
1992 3739 2146 3801 hora,
2167 3748 2217 3792 et

648 3842 785 3877 nunc
821 3834 918 3888 est,
958 3825 1168 3894 quando
1201 3828 1396 3880 mortui
1441 3828 1657 3883 audient
1689 3845 1862 3883 vocem
1897 3827 2028 3883 Filii
2066 3829 2160 3882 Dei
2198 3845 2216 3883 .'

644 3925 692 3970 et
721 3916 811 3984 qui
839 3915 1126 3980 audierint,
1160 3919 1346 3974 virent.

715 4007 850 4061 Cum
887 4007 1119 4063 dixisset
1165 4010 1454 4066 credentes
1486 4025 1514 4063 a
1550 4021 1728 4065 morte
1781 4012 2119 4065 transituros
2149 4010 2218 4064 ad

643 4099 833 4161 vitam,
877 4099 1039 4153 modo
1091 4101 1334 4170 seipsum
1395 4101 1776 4172 promissionis
1807 4102 1955 4156 illius
1997 4101 2218 4157 elici-to-

643 4206 782 4252 rem,
807 4192 1088 4262 totiusque
1113 4193 1188 4247 rei
1213 4202 1712 4247 consummatorem
1738 4194 2029 4262 signiﬁcat,
2053 4194 2216 4249 simul

643 4288 810 4340 etiam
842 4285 1050 4342 Judaeis
1084 4285 1334 4342 indicans
1365 4287 1672 4341 mirabilem
1715 4303 1904 4342 revera
1942 4303 2060 4343 eam
2095 4304 2216 4358 qua:

643 4386 887 4446 spectata
937 4387 1021 4433 est
1077 4379 1131 4432 in
1184 4379 1484 4449 paralytico
1530 4379 1809 4441 virtutem,
1840 4391 2214 4434 verumtamen

643 4469 987 4524 mirabiliora
1013 4469 1100 4524 bis
1132 4485 1160 4522 a
1197 4469 1336 4524 Filio
1365 4474 1640 4539 patratum
1668 4471 1758 4532 iri,
1784 4473 1877 4541 qui
1920 4487 2029 4524 non
2070 4487 2213 4524 mor-

2403 3735 2591 3805 Αμὴν,
2615 3733 2778 3802 ἀμὴν
2818 3730 2972 3800 λέγω
3013 3729 3183 3798 ὑμῖν,
3223 3728 3311 3780 ὅτι
3345 3726 3578 3795 ἔρχεται
3627 3725 3773 3794 ὥρα,
3803 3724 3888 3778 καί

2317 3829 2435 3883 νῦν
2461 3828 2652 3888 ἐστιν,
2679 3825 2776 3877 ὅτε
2811 3826 2866 3876 οι
2914 3821 3110 3889 νεκροὶ
3154 3820 3489 3874 ἀκούσουσι
3535 3817 3650 3884 τῆς
3695 3816 3888 3886 φωνῆς

2317 3919 2426 3973 τοῦ
2461 3916 2596 3971 Υιοῡ
2635 3915 2740 3968 τοῦ
2767 3913 2934 3976 Θεοῦ,
2969 3912 3066 3965 καὶ
3099 3913 3153 3964 οἱ
3179 3910 3552 3974 ἀκούσαντες
3591 3907 3885 3973 (domat.

2388 4010 2484 4063 Ἐκ
2535 4009 2763 4062 θανάτου
2813 4005 2948 4075 πρὸς
2991 4001 3137 4073 ζωὴν
3185 3998 3586 4070 μεταϐήσεσθαι
3631 3999 3764 4062 τοὺς
3813 4017 3865 4051 πι

2323 4102 2609 4164 στεῦοντας
2659 4097 2846 4162 εἰπὼν,
2891 4095 3082 4150 ἑαυτὸν
3133 4094 3375 4164 εἰσφέρει
3419 4092 3516 4161 τῆς
3567 4091 3886 4158 ἐπαγγελίας

2321 4195 2577 4266 ἐργάτην,
2597 4192 2688 4246 καὶ
2718 4190 2838 4244 ὅλου
2873 4187 2966 4241 τοῦ
2998 4185 3320 4258 πράγματος
3351 4181 3737 4252 ἀποτελεστὴν,
3765 4181 3886 4250 ὁμοῦ

2324 4288 2422 4359 μὲν
2469 4289 2642 4340 ὲκείνο
2678 4285 2787 4347 τοῖς
2837 4280 3109 4342 Ἰουδαίοις
3155 4275 3620 4345 ὑπαινιττόμενος,
3654 4275 3738 4327 ὃτι
3771 4274 3885 4326 Θαυ-

2323 4378 2499 4451 μαστὴ
2534 4377 2628 4446 μὲν
2656 4375 2821 4436 ὅντως
2843 4373 2990 4426 ἐστὶν
3015 4372 3048 4441 ἠ
3074 4370 3167 4422 ἐπὶ
3191 4369 3270 4438 τῷ
3295 4365 3723 4438 παραλελυμένῳ
3739 4363 3884 4418 δύνα-

2323 4488 2434 4539 μις,
2471 4465 2902 4535 ἀξιολογωτέρων
2929 4463 2971 4516 δ’
3006 4457 3098 4516 οὖν
3129 4461 3276 4530 ὅμως
3325 4457 3774 4527 ἀνα-δειχθήσεται
3799 4455 3883 4524 δη·

642 4560 773 4615 bum
805 4560 1076 4614 duntaxat
1121 4569 1175 4615 et
1229 4563 1407 4616 morbi
1460 4563 1809 4617 inﬁrmitates
1847 4579 1910 4616 ex
1956 4562 2212 4618 immanis

2319 4560 2578 4633 μιουργος
2605 4561 2632 4612 ὁ
2651 4557 2797 4620 Υἱὸς,
2819 4555 2918 4609 οὐκ
2934 4553 3272 4625 ἀρρώστημα
3294 4549 3600 4620 μόνον,οὑδὲ
3613 4548 3716 4612 τάς
3736 4551 3796 4601 ἐκ
3810 4547 3875 4599 νά

643 4653 972 4721 corporibus
1022 4651 1280 4722 depellat,
1309 4655 1401 4708 sed
1447 4664 1501 4708 et
1551 4655 1724 4723 ipsam
1761 4654 1924 4724 234
1957 4663 2209 4719 mortem,

641 4747 698 4796 et
761 4742 1111 4796 incubantem
1191 4746 1598 4815 corruptionem
1673 4754 1900 4800 evertat.
1970 4745 2209 4814 idipsum

641 4831 787 4886 enim
837 4841 923 4886 est
965 4834 1108 4903 quod
1151 4836 1314 4903 paulo
1345 4843 1472 4891 ante
1519 4835 1725 4890 dictum
1753 4848 1837 4891 est
1863 4837 1907 4868 ⁸⁵
1945 4856 1957 4891 :
1994 4856 2011 4886 ι
2054 4835 2214 4890 Pater

639 4923 818 4993 diligit
866 4923 1086 4988 Filium,
1117 4935 1172 4981 et
1223 4927 1408 4981 omnia
1453 4928 1790 4983 demonstrat
1839 4929 1886 4984 ei
1923 4945 2046 4999 qua:
2097 4930 2212 4997 ipse

638 5013 807 5082 facit;
833 5024 887 5070 et
922 5016 1130 5085 majora
1162 5017 1249 5072 bis
1284 5019 1690 5073 demonstrabit
1725 5019 1773 5074 ei
1809 5035 1993 5088 opera,
2024 5027 2083 5072 ut
2113 5035 2210 5074 vos

637 5107 940 5161 miremini.
981 5126 999 5159 ι
1032 5108 1338 5164 Admiratio
1370 5110 1515 5162 etaim
1568 5110 1654 5163 illa
1702 5111 1878 5178 major
1926 5111 1980 5163 in
2030 5126 2216 5164 resur-

639 5201 887 5254 rectione
937 5210 1280 5256 mortuorum
1324 5208 1627 5269 spectatur.
1662 5200 1836 5255 Simul
1871 5203 2034 5255 etiam
2077 5202 2212 5256 illud

641 5300 993 5356 astruens,“
1020 5306 1130 5361 quo
1152 5289 1453 5346 verisimile
1483 5301 1600 5345 erat
1632 5307 1737 5346 non
1771 5293 2097 5347 mediocrem
2116 5308 2214 5346 au-

642 5381 914 5436 ditoribus
950 5384 1176 5437 allatum
1210 5383 1275 5436 iri
1305 5383 1748 5448 admirationem,
1768 5385 2026 5438 nimirum
2055 5385 2210 5439 exci-

640 5479 885 5526 taturum
917 5488 976 5527 se
1004 5481 1275 5534 mortuos,
1309 5482 1363 5528 et
1392 5489 1489 5531 eos
1530 5475 1585 5529 in
1631 5475 1904 5544 judicium
1940 5475 2208 5530 adductu-

537 5615 542 5618 .
638 5575 782 5628 rmn,
813 5561 1101 5618 maniieste
1131 5564 1410 5633 prredicat,
1444 5571 1502 5619 ut
1532 5581 1598 5620 ex
1643 5580 1710 5619 eo
1736 5566 1879 5634 quod
1909 5581 1968 5620 se
2021 5581 2207 5620 coram

636 5667 704 5709 eo
737 5655 968 5711 stitnros
995 5655 1320 5726 aliquando,
1345 5667 1398 5713 ct
1429 5658 1696 5715 rationem
1725 5656 1793 5715 de
1825 5658 2056 5729 singulis
2088 5658 2210 5715 ted-

709 5835 754 5866 "
795 5835 993 5908 Supra,
1021 5853 1163 5894 vers.
1213 5835 1302 5891 20.

2321 4672 2414 4708 σου
2458 4650 2725 4723 μαλακίας
2757 4649 2864 4701 τῶν
2897 4645 3250 4715 ἀνθρωπίνων
3281 4643 3579 4711 ἐξελαύνων
3603 4641 3880 4711 σωμάτων.

2318 4745 2454 4800 ἀλλά
2483 4747 2575 4798 καὶ
2608 4742 2771 4796 αὑτὸν
2796 4740 2895 4810 ἤδη
2925 4739 3016 4791 τὸν
3039 4738 3265 4791 θάνατον
3289 4735 3383 4788 καὶ
3397 4735 3494 4805 τὴν
3511 4733 3882 4804 ὲπισκήψασαν

2317 4836 2634 4906 ἀνατρέπων
2660 4830 2863 4900 φθορὰν
2900 4829 3076 4899 (τοῦτο
3114 4829 3223 4899 γὰρ
3244 4823 3310 4898 ἦν
3337 4827 3401 4880 τὸ
3435 4827 3528 4879 καὶ
3557 4826 3743 4895 μικρῷ
3765 4824 3882 4894 πρό-

2315 4945 2472 4997 τερον
2493 4928 2612 4996 είρη
2622 4925 2778 4995 μένον
2796 4940 2810 4954 ο
2839 4943 2854 4974 ι
2877 4922 2934 4976 '0
2955 4920 3140 4991 Πατὴρ
3163 4921 3304 4989 φιλεί
3321 4920 3414 4972 τὸν
3436 4919 3584 4980 Υίὸν,
3605 4918 3704 4970 καὶ
3723 4917 3880 4970 πάντα

2315 5018 2602 5080 δείκνυσιν,
2620 5016 2655 5070 δι
2676 5015 2836 5078 αὐτὸς
2855 5017 3016 5074 ποιεῖ,
3041 5013 3133 5065 καὶ
3155 5010 3374 5083 μείζονα
3393 5008 3596 5062 τούτων
3619 5007 3784 5074 δείξει
3805 5005 3882 5058 αὺ-

2312 5111 2390 5179 τῷ
2409 5110 2565 5178 ἔργα,
2590 5109 2674 5162 ἵνα
2699 5109 2856 5177 ὑμεῖς
2879 5104 3214 5176 Θαυμάζητε.
3245 5122 3263 5154 ι
3287 5102 3360 5155 Τὸ
3380 5100 3484 5170 γὰρ
3499 5101 3557 5152 ὲν
3582 5099 3664 5168 τῷ
3681 5097 3877 5168 θαυμά-

2313 5202 2500 5266 ζεσθαι
2526 5198 2788 5268 μεῖζον,ὲν
2817 5200 2876 5268 τῇ
2903 5196 3011 5248 τῶν
3034 5193 3242 5264 νεκρῶν
3260 5193 3552 5246 ἀναστάσει
3585 5185 3874 5260 φαίνεται·)

2311 5293 2447 5362 ὁμοῦ
2503 5291 2560 5344 δὲ
2605 5290 2766 5343 πάλιν
2796 5289 2970 5341 έκεῖνο
2997 5283 3446 5347 κατασκευάζων,
3475 5283 3611 5351 ὅπερ
3642 5278 3710 5352 ἦν
3749 5279 3876 5339 εἰκὸς

2311 5385 2411 5438 οῦκ
2439 5385 2496 5436 ὲν
2519 5382 2683 5452 ὀλίγῳ
2707 5381 2890 5451 μέτρῳ
2911 5377 3307 5444 καταπτοήσειν
3330 5376 3454 5436 τοὺς
3483 5371 3872 5444 ἀκροωμένους·

2312 5471 2523 5542 ὅτιγὰρ
2543 5472 2634 5524 καὶ
2657 5470 2946 5540 ἀναστήσει
2977 5467 3102 5530 τοὺς
3136 5465 3379 5536 νεκροὺς,
3417 5464 3508 5516 καὶ
3545 5462 3682 5533 πρὸς
3712 5460 3875 5530 κρίσιν

2313 5563 2432 5628 ἄξει
2455 5562 2516 5616 τὸ
2547 5556 3094 5632 ποίημα,διαγορεὺει
3130 5556 3335 5626 σαφῶς,
3368 5555 3455 5608 ἵνα
3479 5553 3556 5624 τῷ
3585 5550 3873 5622 προσδοκᾷν

2316 5653 2466 5729 αῦτῷ
2512 5650 2948 5725 παραστήσεσοαί
3001 5667 3150 5714 ποτε,
3203 5648 3294 5702 καὶ
3349 5645 3437 5701 τὸν
3495 5647 3581 5715 ἐφ’
3641 5644 3872 5702 ἑκάστοις
