4102 6578
248 450 363 510 381

1300 454 1366 511 IN
1388 453 1671 511 JOANNIS
1701 454 2149 516 EVANGELIL‘M
2191 461 2316 518 LIB.
2357 462 2421 519 Π.

3405 467 3511 521 382
3597 548 3601 552 Α

250 567 563 622 ἀποδώσειν
594 568 770 636 λόγον,
796 569 1145 643 δκνηρότεροι
1190 570 1290 641 μέν
1332 588 1450 636 πως
1491 574 1571 636 εἰς
1609 570 1707 643 τὴν
1750 574 1837 625 ἐπὶ

1946 576 2157 633 dituros
2201 580 2515 648 sperabant,
2555 580 2914 652 persequendi
2946 580 3173 635 audacia
3209 580 3509 637 retardata.

246 660 324 712 τὸ
367 659 579 712 διώκειν
624 659 786 713 αὐτὸν
834 662 1175 733 εὑρίσκοιντο
1220 662 1461 733 τόλμαν,
1506 663 1741 734 δέχοιντο
1783 664 1840 717 δὲ

247 750 669 821 προθυμότερον
728 752 831 822 ἤδη
873 751 965 804 τὸν
1000 753 1100 824 τῆς
1148 752 1494 816 διδασκαλίας
1520 770 1579 806 τε
1622 754 1716 806 καὶ
1742 755 1841 822 ὐφ-

244 844 513 913 ηγήσεως
557 840 733 909 λόγον.
761 843 854 905 Εἰς
878 842 1046 895 ταῦτα
1093 844 1191 914 μὲν
1232 840 1323 897 οὖν
1365 845 1393 897 ὁ
1421 843 1514 897 τοῦ
1547 844 1841 914 κεφαλαίου

250 933 462 996 σκοπὸς
497 935 686 1004 ὁρᾶται
720 935 813 986 καὶ
866 933 1218 987 συντείνεται.
1273 935 1346 987 Τὸ
1396 934 1451 988 δὲ
1490 936 1627 1006 πρὸς
1665 935 1837 1000 λέξιν,

249 1024 408 1091 ἡμᾶς
457 1025 751 1091 ἀναγκαῖον
804 1024 1170 1080 ἀπολευκὰναι
1226 1025 1428 1082 λοιπόν.
1471 1028 1531 1080 'U
1601 1028 1698 1099 μὲν
1748 1023 1841 1081 οὖν

249 1114 459 1177 κοινὸς,
490 1115 567 1178 ὡς
596 1115 791 1182 ἔοικεν,
819 1117 929 1187 ἔχει
975 1117 1130 1186 λόγος
1150 1159 1164 1180 ,
1208 1118 1283 1184 ὡς
1314 1119 1432 1189 ἥξει
1466 1119 1595 1173 ποτὲ
1630 1121 1838 1191 καιρὸς,

248 1206 378 1258 καθ’
419 1206 479 1258 ὃν
511 1208 831 1261 ἀκούσονται
879 1210 980 1280 τῆς
1015 1210 1106 1263 τοῦ
1158 1210 1535 1274 διανιστῶντος
1572 1212 1753 1282 φωνῆς
1791 1212 1839 1264 οί

249 1298 443 1368 νεκροί
468 1315 484 1330 ⁸
525 1303 776 1370 παρεῖναι
813 1300 869 1353 δὲ
898 1302 990 1353 καὶ
1022 1301 1117 1356 νῦν
1154 1303 1306 1356 οὐδὲν
1338 1297 1499 1374 ἧττον
1526 1302 1840 1373 ὑπολαμϐά-

250 1409 444 1444 νουσιν
475 1393 655 1455 αὐτὸν,
685 1393 815 1463 ἢὼς
851 1394 1105 1466 Λαζάρου
1136 1395 1294 1466 τυχὸν
1325 1395 1428 1464 τῆς
1462 1394 1557 1448 τοῦ
1590 1396 1838 1465 Σωτῆρος

250 1483 629 1551 ἁκουσομένου
679 1484 881 1554 φωνῆς,
922 1485 955 1556 ῆ
1008 1486 1100 1539 καὶ
1141 1489 1367 1558 νεκροὺς
1413 1483 1549 1540 εἶναι
1592 1487 1839 1555 λέγοντες

246 1574 384 1636 τοὺς
409 1572 563 1627 οὔπω
590 1573 676 1627 διὰ
709 1577 807 1645 τῆς
837 1576 1072 1639 πίστεως
1103 1578 1183 1640 είς
1216 1577 1427 1629 αἰώνιον
1460 1577 1839 1648 ἀνακεκλημέ‹

242 1679 382 1726 von;
420 1663 585 1734 ζωὴν,
633 1665 681 1718 οἳ
737 1666 801 1737 δὴ
860 1668 954 1721 καὶ
1006 1669 1225 1732 πάντως
1274 1670 1353 1732 εἰς
1397 1669 1566 1739 αὐτὴν
1617 1669 1839 1737 ἔμελλον

242 1753 644 1825 ἀναδήσεσθαι,
677 1757 772 1828 τὴν
832 1758 927 1811 τοῦ
960 1759 1211 1831 Σωτῆρος
1256 1760 1602 1815 διδασκαλίαν
1660 1778 1839 1832 παρα-

1946 668 2190 726 alacrius
2222 672 2438 726 tandem
2488 672 2756 728 doctrina:
2801 681 2854 728 et
2887 674 3253 729 institutionis
3303 688 3507 728 sermo-

1945 774 2068 814 nem
2108 761 2382 816 audirent.
2410 764 2485 817 Eo
2516 763 2701 832 itaque
2730 763 2927 833 capitis
2966 765 3115 819 illius
3149 779 3350 833 scopus
3390 779 3511 833 [wr-

1944 850 2100 903 tinet.
2133 849 2290 916 Quod
2334 861 2515 907 autem
2564 853 2629 906 ad
2663 856 2828 909 verba
2861 863 3092 925 spectat,
3123 854 3508 924 explicandum

1944 941 2102 996 nobis
2131 953 2403 1012 superest.
2432 945 2751 1000 Communis
2781 946 3051 1015 expositio
3080 955 3186 1009 est,
3221 956 3509 999 venturum

1944 1032 2243 1102 aliquando
2288 1042 2501 1103 tempus
2551 1051 2662 1105 quo
2699 1036 2902 1089 mortui
2950 1036 3273 1091 suscitanlis
3320 1051 3507 1089 vocem

1942 1124 2214 1182 audient:
2247 1125 2340 1181 sed
2380 1133 2435 1179 et
2476 1142 2623 1181 nunc
2666 1127 2862 1189 adesse
2908 1127 3266 1180 nihilominus
3333 1127 3507 1195 ipsum

1941 1215 2279 1281 existimant,
2304 1225 2398 1271 aut
2439 1217 2598 1287 quasi
2639 1217 2867 1281 Lazaro,
2892 1217 3130 1287 exempli
3164 1217 3359 1287 gratia,
3391 1216 3511 1269 Sal-

1940 1307 2151 1363 vatoris
2192 1322 2381 1361 vocem
2424 1307 2703 1373 audituro,
2759 1318 2851 1362 aut
2906 1307 3071 1362 etiam
3110 1305 3255 1376 quod
3309 1304 3508 1358 mortui

1941 1398 2196 1453 dicantur
2221 1399 2255 1451 ii
2289 1400 2382 1468 qui
2416 1400 2659 1453 nondutu
2688 1416 2785 1469 per
2819 1399 2975 1453 fidem
3016 1397 3081 1453 ad
3114 1406 3373 1453 :eternam
3417 1411 3511 1448 vo-

1941 1489 2049 1543 cati
2079 1490 2189 1545 sint
2225 1490 2415 1555 vitam,
2443 1489 2645 1559 quique
2670 1491 2734 1542 ad
2762 1506 2879 1545 eam
2918 1497 3171 1558 suscepta
3208 1484 3511 1541 Salvatoris

1941 1578 2192 1632 doctrina
2219 1587 2376 1633 erant
2399 1579 2687 1634 evelteudi.
2712 1579 2775 1632 Et
2806 1580 2921 1633 lizec
2949 1579 3169 1649 quidem
3200 1575 3509 1646 explicandi

1941 1672 2082 1725 ratio
2122 1686 2231 1741 pra:
2278 1686 2336 1726 se
2379 1670 2484 1726 fert
2529 1672 2768 1742 aliquam
2824 1670 3379 1733 Verisimilitudinem,
3410 1666 3506 1722 sed

1940 1763 2223 1815 veritatem
2277 1764 2622 1832 neutiquam.
2655 1762 2835 1828 Quare
2881 1763 3151 1817 dictorum
3184 1763 3289 1816 vim
3326 1759 3505 1814 revol-

239 1839 557 1913 δεξάμενοι.
598 1846 706 1899 Καὶ
742 1846 901 1910 σώζει
938 1848 1036 1918 μὲν
1072 1848 1238 1912 ὅντως
1264 1849 1363 1918 τῆς
1390 1850 1620 1921 θεωρίας
1655 1852 1683 1904 ὀ
1712 1850 1837 1919 τρόι

1941 1864 2129 1908 ventcs
2158 1854 2365 1916 animo,
2392 1855 2888 1908 convenit-ntiorcm
2933 1856 3011 1908 eis
3035 1869 3253 1909 sensum
3297 1850 3508 1921 aptabtw

238 1949 355 1996 πος
390 1934 452 1987 τὸ
488 1936 547 1987 ὲν
574 1937 887 2007 πιθανότητι
919 1940 1125 2009 σχῆμα,
1152 1941 1213 1993 τὸ
1249 1940 1304 1994 δὲ
1331 1942 1557 2013 ἀκριϐὲς
1577 1942 1637 1995 οὐ
1664 1943 1825 1999 πάνυ.

1941 1958 2081 2007 mus,
2129 1953 2183 1997 et
2224 1944 2514 1997 lectionem
2554 1945 2698 1997 hunc
2747 1945 2799 1997 in
2838 1944 3055 1998 modum
3092 1943 3504 2013 patefaciamus.

236 2028 343 2080 Δι’)
391 2030 455 2100 δὴ
503 2032 661 2085 πάλιν
712 2034 811 2103 τὴν
855 2033 962 2087 τῶν
1014 2033 1321 2103 λεγομένων
1368 2035 1821 2106 ἀναμασσώμενοι
1859 2034 2106 2107 δύναμιν,
2149 2037 2241 2089 τὸν
2314 2034 2756 2107 πρεπωδέστερόν
2829 2053 2945 2098 πως
2988 2036 3165 2097 αὐτοῖς
3204 2034 3509 2104 ἐφαρμόσο-

242 2137 358 2189 μεν
393 2122 537 2179 νοῦν.
571 2122 951 2193 διαστελοῦμεν
972 2124 1027 2178 δὲ
1064 2125 1205 2178 οὕτω
1242 2126 1303 2179 τὸ
1332 2127 1687 2196 ἀνάγνωσμα.

332 2235 350 2267 ι
393 2218 586 2287 Ἀμὴν,
626 2216 771 2288 ἀμὴν
807 2217 950 2285 λέγω
997 2219 1145 2289 ὑμῖν,
1181 2220 1263 2271 ὅτι
1309 2219 1526 2289 ἔρχεται
1571 2220 1708 2292 ὥρα,
1745 2219 1838 2274 καὶ

240 2306 352 2360 νῦν
378 2311 544 2370 ἐστιν,
586 2309 672 2362 ὅτε
719 2311 767 2362 οἱ
825 2310 1007 2382 νεκροὶ
1056 2309 1349 2363 ἀκούσουσι
1386 2312 1483 2381 τῆς
1525 2312 1705 2381 φωνῆς
1743 2310 1836 2365 τοῦ

243 2400 388 2452 Υἱοῦ
429 2400 521 2453 τοῦ
553 2400 708 2454 Θεοῦ.
760 2421 779 2454 ι
819 2402 958 2472 Ὦρα
1001 2401 1240 2473 δηλονότι
1289 2402 1470 2466 πάλιν,
1519 2403 1606 2456 ὅτε
1651 2404 1744 2457 καὶ
1786 2405 1837 2458 οἱ

244 2490 587 2554 ἀκούσαντες
626 2490 896 2561 ζήσονται.
929 2492 1024 2545 Διὰ
1067 2491 1167 2563 μὲν
1195 2488 1289 2545 οὖν
1318 2492 1425 2545 τῶν
1463 2494 1520 2545 ὲν
1548 2492 1711 2565 ἀρχῇ,
1748 2493 1839 2548 τὸν

244 2581 361 2652 τῆς
408 2582 753 2645 ἀναστάσεως
801 2583 1054 2653 σημαίνει
1096 2583 1304 2654 καιρὸν,
1342 2584 1463 2637 καθ’
1496 2584 1556 2638 ὃν
1589 2587 1668 2648 είς
1704 2586 1838 2639 ἀπο-

243 2670 443 2739 λογίαν
480 2670 580 2739 τῆς
605 2672 661 2724 ὲν
690 2670 878 2743 κόσμῳ
901 2671 1044 2742 ζωῆς
1081 2673 1479 2743 ἀναστήσεσθαι
1510 2676 1635 2738 τούς
1665 2692 1840 2729 κεκοιο

250 2761 537 2832 μημένους
565 2761 652 2815 διὰ
678 2762 777 2831 τῆς
804 2762 897 2815 τοῦ
927 2762 1266 2828 διδάσκοντος
1296 2765 1601 2819 ἐκδιδάσκει
1631 2768 1834 2837 φωνῆς,

245 2853 346 2905 ἵνα
382 2852 629 2925 καθάπερ
659 2854 759 2924 ῆδη
794 2856 1074 2925 προεῖπον,
1115 2854 1301 2925 ὥσπερ
1330 2856 1452 2909 τινὰ
1498 2857 1707 2927 χαλινὸν
1747 2857 1838 2911 τὸν

244 2943 508 2997 ἐντεῦθεν
539 2945 720 3009 αὐτοῖς
748 2948 1042 3017 ἐπινοήσας
1074 2946 1254 3017 φόϐον,
1288 2946 1469 3011 καλῶς
1526 2947 1591 3019 δὴ
1636 2949 1840 3021 σφόδρα

245 3035 355 3087 καὶ
413 3035 787 3105 ἐπιστημόνως
828 3036 1095 3107 ἀναπείσῃ
1146 3034 1314 3107 βιοῦν.
1366 3036 1463 3090 Διὰ
1520 3037 1577 3091 δὲ
1622 3037 1728 3091 τῶν
1782 3039 1838 3091 ὲν

243 3126 508 3197 ὕστέροις
550 3128 640 3179 τὸν
680 3127 775 3181 τοῦ
835 3131 1030 3200 χρῆναι
1082 3128 1359 3182 πιστεύειν
1412 3129 1559 3199 αὐτῷ
1601 3130 1837 3183 δείκνυσι

242 3218 503 3288 παρόντα
536 3218 744 3289 καιρὸν,
778 3219 912 3273 ἀλλά
938 3221 1034 3273 καὶ
1058 3220 1157 3289 τῆς
1187 3218 1497 3283 εὐπειθείας
1521 3220 1711 3290 μισθὸν
1736 3221 1836 3290 τὴν

241 3311 471 3364 αἰώνιον
511 3311 727 3364 ἔσεσθαί
781 3328 913 3382 φησι
956 3310 1129 3379 ζωὴν,
1173 3312 1455 3381 μονονουχὶ
1505 3310 1743 3364 τοιοῦτόν
1781 3327 1833 3362 τι

242 3402 458 3472 δηλῶνο
490 3404 686 3469 Ἤξετε
722 3404 919 3466 πάντες
949 3403 1028 3465 είς
1060 3402 1260 3472 κρίσιν,
1288 3397 1333 3455 ὧ
1367 3395 1533 3465 οὗτοι,
1565 3401 1707 3456 κατὰ
1744 3401 1834 3455 τὸν

242 3496 350 3563 τῆς
382 3495 731 3556 ἀναστάσεως
751 3492 990 3565 δηλονότι
1024 3495 1233 3563 καιρὸν,
1260 3493 1375 3547 ἀλλ’
1400 3495 1448 3545 εἱ
1480 3494 1672 3564 πικρὸν
1706 3494 1835 3561 ὑμῖν

243 3587 313 3638 τὸ
350 3584 674 3649 κολάζεσθαι
706 3585 869 3648 δοκεῖ,
904 3584 995 3638 καὶ
1017 3585 1353 3655 ἀπεράντους
1380 3584 1736 3655 λελυπημένῳ
1759 3582 1836 3654 τῷ

243 3676 495 3747 κρίνοντι
537 3676 635 3740 τὰς
677 3677 829 3741 δίκας
879 3678 1120 3747 ὑπέχειν,
1167 3676 1242 3747 μὴ
1293 3678 1659 3749 παρατρέχειν
1706 3677 1834 3729 ἐᾶτε

240 3770 343 3822 τὸν
380 3771 478 3839 τῆς
525 3769 834 3832 εὐπειθείας
882 3770 1091 3840 καιρὸν,
1137 3770 1252 3823 ἀλλ’
1290 3769 1370 3821 ἔτι
1412 3768 1678 3839 παρόντος
1717 3768 1836 3819 έπιο

244 3860 625 3933 δραττόμενοι,
651 3861 787 3934 πρὸς
814 3861 909 3932 τὴν
932 3861 1146 3917 αἱώνιον
1176 3861 1318 3932 ζωὴν
1351 3859 1663 3914 ἀναϐαίνειν
1690 3859 1838 3912 ἐπεί-

245 3954 439 4024 γεσθε.

325 4048 558 4114 Ὥσπερ
587 4045 697 4114 γὰρ
727 4046 760 4099 ὁ
804 4045 1005 4112 Πατὴρ
1043 4048 1165 4114 ἔχει
1200 4044 1353 4113 ζωὴν
1394 4045 1463 4098 ἐν
1493 4041 1705 4109 ἐαυτῷ,
1738 4040 1839 4096 οὔ·

244 4152 368 4201 τως
416 4136 514 4188 καί
539 4134 616 4200 τῷ
658 4133 768 4201 Υίῷ
794 4134 1013 4188 δέδωκε
1037 4134 1190 4203 ζωὴν
1213 4137 1374 4204 ἔχειν
1403 4135 1472 4188 ἐν
1498 4134 1713 4201 ἐαυτῷ,
1737 4133 1837 4187 καί

244 4231 545 4294 ἐξουσίαν
586 4229 811 4283 ἔδωκεν
859 4228 1019 4295 αὐτῷ
1082 4230 1179 4283 καὶ
1234 4230 1435 4299 κρίσιν
1476 4227 1699 4292 ποιεῖν,
1750 4226 1837 4282 ὅτι

257 4321 395 4387 Υἱύς
424 4319 734 4388 ἀνθρώπου
767 4320 957 4375 ἐστίν.

224 4437 231 4442 -
326 4414 472 4483 Ὅρα
500 4412 561 4482 δή
589 4429 679 4482 μοι
702 4410 867 4465 πάλιν
908 4412 1001 4464 καὶ
1049 4412 1147 4483 τὴν
1187 4413 1244 4465 ἐν
1268 4413 1476 4475 τούτοις
1505 4408 1837 4479 οίκονομίαν,

250 4504 341 4557 ἴνα
379 4502 476 4556 τοῦ
527 4499 684 4570 λόγου
720 4500 1008 4573 θαυμάσῃς
1035 4499 1093 4554 τὸ
1141 4502 1344 4573 σχῆμα,
1381 4502 1475 4555 κα)⁸
1510 4500 1585 4572 μὴ
1632 4502 1742 4562 τοῖς
1780 4499 1840 4567 ἐξ

2015 2235 2033 2266 ο
2072 2214 2265 2277 Amen,
2298 2231 2454 2270 amen
2510 2217 2635 2273 dico
2686 2217 2860 2282 vobis,
2890 2216 3018 2287 quia
3077 2216 3224 2270 venit
3253 2216 3410 2284 hora,
3455 2228 3509 2272 et

1940 2325 2086 2365 nunc
2138 2318 2255 2373 est,
2298 2309 2522 2379 quando
2593 2310 2791 2363 mortui
2853 2308 3078 2362 audient
3137 2322 3330 2361 vocem
3385 2306 3504 2360 Filii

1940 2399 2058 2454 Dei.
2110 2421 2127 2452 ›
2167 2401 2307 2454 liora
2362 2402 2612 2456 videlicet
2664 2415 2883 2455 rursum
2936 2408 3036 2460 est,
3078 2398 3298 2469 quando
3326 2407 3379 2453 et
3412 2398 3507 2468 qui

1940 2493 2235 2556 audierint,
2279 2494 2480 2547 vivent.
2536 2493 2819 2547 Prioribus
2881 2492 3049 2562 igitur
3080 2492 3265 2545 verbis
3324 2506 3509 2545 remur-

1937 2582 2199 2637 rectionis
2230 2592 2441 2651 tempus
2480 2582 2775 2652 significat,
2802 2596 2910 2650 quo
2944 2582 3011 2634 ad
3047 2582 3376 2636 reddendam
3415 2596 3472 2634 ra

1937 2673 2140 2729 tionem
2177 2675 2302 2728 vitae
2343 2673 2397 2727 in
2431 2674 2533 2729 boc
2569 2673 2773 2727 mundo
2803 2680 3037 2743 peracta:
3079 2674 3404 2727 suscitatum
3438 2673 3503 2727 iri

1938 2777 2186 2819 mortuos
2219 2766 2429 2831 edocet,
2468 2774 2525 2818 ut
2551 2780 2666 2827 eos,
2698 2764 3161 2835 quemadmodum
3194 2764 3344 2833 prius
3388 2763 3502 2832 jam

1939 2857 2075 2919 dixi,
2111 2857 2275 2927 hujus
2315 2858 2392 2912 rei
2442 2856 2735 2912 formidine
2778 2856 2932 2926 quasi
2992 2855 3147 2909 freno
3169 2853 3403 2924 quodam
3449 2853 3503 2907 in

1937 2957 2087 3003 recta
2117 2957 2170 3003 et
2206 2949 2436 3003 honesta
2468 2948 2687 3003 vivendi
2735 2947 2947 3002 ratione
2981 2945 3278 3001 contineat.
3318 2943 3507 2999 Poste-

1936 3039 2175 3095 rioribus
2222 3047 2401 3094 autem
2450 3039 2632 3094 verbis
2678 3046 2899 3108 tempus
2950 3036 2999 3092 ei
3050 3034 3304 3091 credendi
3354 3049 3505 3089 nunc

1936 3127 2129 3183 adesse
2165 3128 2428 3191 declarat,
2454 3126 2548 3182 sed
2573 3134 2628 3181 et
2673 3126 2996 3180 obedientiaa
3031 3124 3310 3194 praemium
3346 3133 3506 3178 mter-

1940 3234 2061 3273 nam
2091 3221 2257 3273 vitam
2285 3219 2401 3274 fore
2435 3219 2531 3283 ait,
2557 3218 2665 3272 tale
2693 3217 2972 3287 quidpiam
3007 3213 3399 3286 propemodum
3431 3214 3509 3269 si-

1938 3313 2205 3385 gnificans
2252 3312 2538 3370 :Venietis
2584 3328 2771 3369 omnes
2824 3313 2891 3367 ad
2941 3310 3233 3383 judicium,
3261 3318 3509 3380 tempore

1936 3404 2363 3461 resurrectionis
2397 3403 2667 3470 videlicet,
2712 3402 2807 3458 sed
2841 3403 2888 3458 si
2928 3403 3085 3457 vobis
3132 3402 3391 3457 acerbum
3426 3402 3507 3454 vi-

1937 3497 2097 3550 detur
2146 3494 2413 3550 offensum
2475 3495 2715 3565 judiccm
2768 3509 2798 3548 a
2855 3493 3015 3549 vobis
3073 3492 3507 3548 interminabilcs

1938 3604 2133 3659 poenas
2165 3596 2428 3658 repetere,
2447 3588 2614 3641 nolite
2631 3586 2788 3656 235
2812 3585 3101 3640 obediendi
3132 3593 3346 3655 tempus
3372 3599 3508 3654 prte-

1939 3680 2261 3745 termittere,
2308 3678 2401 3732 sed
2452 3678 2583 3732 illud
2615 3678 2724 3744 jam
2759 3692 3001 3747 praesens
3038 3676 3395 3746 arripientes,
3439 3674 3506 3729 ad

1937 3782 2196 3825 aeternam
2238 3773 2405 3824 vitam
2442 3768 2741 3824 ascendere
2780 3767 3037 3822 nitimini.

2011 4034 2076 4100 ν,
2099 4034 2298 4099 26,27.
2333 4032 2483 4089 Sicut
2512 4034 2649 4087 enim
2671 4030 2834 4088 Pater
2863 4031 3016 4085 habet
3046 4030 3205 4085 vitam
3232 4031 3283 4103 in
3314 4039 3506 4083 semet-

1939 4129 2052 4199 ipso
2079 4168 2094 4192 ,
2134 4128 2211 4181 sic
2236 4126 2379 4180 dedit
2410 4136 2459 4180 et
2496 4124 2641 4179 Filio
2689 4125 2879 4178 habere
2908 4124 3070 4177 vitam
3100 4123 3154 4175 in
3198 4120 3507 4187 semetipso;

1938 4228 1989 4274 et
2030 4228 2338 4286 potestatem
2369 4217 2513 4273 dedit
2545 4218 2594 4291 ei
2625 4216 2886 4287 judicium
2928 4215 3121 4284 facere,
3162 4213 3286 4280 quia
3328 4212 3505 4265 Filius

1941 4311 2168 4364 hominis
2198 4319 2297 4364 est.

2011 4400 2400 4456 Animadverte
2448 4414 2645 4455 rursus
2682 4399 2878 4453 borum
2913 4400 3208 4453 verborum
3261 4396 3504 4465 disposi-

1942 4492 2182 4555 tionem,
2231 4500 2290 4545 ut
2334 4490 2557 4545 dicendi
2600 4490 2834 4544 formam
2887 4489 3139 4555 mireris,
3184 4498 3239 4543 et
3286 4505 3354 4542 ne
3398 4505 3509 4557 pm:

250 4592 496 4663 ἀμαθίας
539 4591 885 4662 περιπίπτων
926 4592 1260 4656 σκανδάλοις,
1297 4592 1459 4656 αὐτὸς
1492 4593 1584 4646 ἐπὶ
1627 4594 1837 4665 σεαυτῷ

1944 4586 2217 4657 imperitia
2261 4585 2315 4638 in
2348 4582 2681 4639 offensiones
2727 4582 3048 4645 incurrens,
3090 4582 3208 4651 ipse
3254 4580 3350 4634 tibi
3390 4579 3509 4634 e\i-

250 4685 505 4747 καλέσεις
542 4685 640 4754 τὴν
697 4682 992 4740 ἀπώλειαν.
1027 4683 1346 4753 Ἀνθρωπος
1388 4684 1670 4756 ὑπάρχων,
1711 4685 1834 4738 ὅσον

250 4780 331 4839 εἰς
363 4775 464 4847 τὴν
498 4774 657 4845 φύσιν
684 4774 776 4846 τοῦ
812 4776 1084 4846 σώματος,
1112 4777 1141 4829 ὁ
1175 4775 1505 4846 Μονογενὴς,
1536 4777 1631 4830 καὶ
1655 4777 1731 4840 ὠς
1754 4773 1836 4843 εἷς

250 4871 312 4934 ἐξ
344 4868 507 4940 ἡμῶν
544 4868 636 4921 ἐπὶ
671 4868 768 4938 τῆς
795 4867 896 4937 γῆς
925 4866 1007 4920 ἔτι
1039 4866 1178 4937 μετὰ
1206 4868 1407 4937 σαρκὸς
1430 4867 1723 4939 ὁρώμενος,
1743 4872 1838 4924 καὶ

248 4964 365 5024 τοῖς
410 4958 684 5022 Ἰουδαίοις
725 4956 1076 5030 πολυτρόπως
1122 4956 1192 5011 τὰ
1236 4958 1370 5028 πρὸς
1409 4960 1683 5031 σωτηρίαν
1724 4963 1837 5014 εεσ-

249 5051 391 5121 ιςγού
400 5068 582 5122 μενος,
612 5049 705 5104 δύο
732 5050 1070 5121 πραγμάτων
1106 5049 1423 5121 θεοπρεπῶν
1452 5050 1630 5122 ἑαυτῷ
1676 5069 1742 5105 πε
1754 5069 1836 5121 ρι-

249 5143 473 5195 τέθεικε
518 5141 616 5212 τὴν
668 5140 1047 5212 λαμπρότητα.
1081 5141 1203 5194 Ὅτι
1251 5143 1360 5212 γὰρ
1405 5142 1498 5195 καὶ
1542 5143 1836 5213 ἀναστήσει

251 5236 383 5297 τοὺς
434 5233 699 5303 νεκροὺς,
746 5234 841 5287 καὶ
896 5232 1327 5304 κριθησομένους
1374 5236 1716 5305 παραστήσει
1758 5235 1837 5306 τῷ

251 5321 447 5390 οἰκείῳ
474 5320 1069 5391 βήματι,διε6ε6αιοῦτο
1098 5322 1283 5390 σαφῶς
1306 5337 1319 5351 ⁴
1348 5323 1462 5376 ἀλλ’
1494 5318 1562 5395 ἦν
1585 5324 1677 5377 καὶ
1711 5325 1839 5395 σφό-

251 5411 357 5480 δρα
392 5411 539 5475 είκὸς
564 5410 932 5482 δυσχεραίνειν
961 5414 1052 5466 ἐπὶ
1077 5415 1250 5486 τούτῳ
1278 5414 1403 5478 τοὺς
1434 5416 1838 5487 ἀκροωμένους,

254 5500 630 5568 ἐγκαλοῦντας
677 5501 774 5569 ἤδη
797 5543 810 5561 ,
848 5501 939 5555 καὶ
983 5501 1198 5556 διώκειν
1241 5504 1472 5572 εὐλόγως
1512 5505 1676 5558 αὐτὸν
1706 5504 1839 5559 ὑπο-

257 5591 582 5657 πτεύοντας,
614 5592 698 5645 ὅτι
752 5594 970 5665 Πατέρα
1019 5596 1149 5648 ἴδιον
1204 5595 1355 5665 ἔλεγε
1398 5596 1488 5649 τὸν
1533 5595 1698 5660 Θεὸν,
1729 5596 1840 5649 ἴσον

256 5685 456 5739 ἑαυτὸν
503 5685 672 5738 ποιῶν
720 5685 797 5755 τῷ
825 5686 960 5759 Θεῷ.
990 5689 1357 5762 Ἀνακεράσας
1395 5689 1572 5745 τοὲνυν
1622 5688 1842 5760 ἐξουσίᾳ

340 5861 389 5892 ⁸⁸
428 5861 625 5933 Supra,
652 5879 705 5931 v,
744 5863 824 5918 l8.

1943 4679 2080 4733 tium
2108 4692 2383 4733 arcessas.
2411 4676 2583 4730 llomo
2606 4689 2730 4729 eum
2757 4681 2901 4730 esset
2938 4673 3293 4745 Unigeuitus,
3329 4671 3510 4743 quoad

1943 4768 2197 4838 corporis
2224 4776 2503 4829 naturam,
2544 4774 2598 4821 et
2629 4764 2770 4820 sicut
2801 4780 2945 4821 unus
2980 4780 3043 4820 ex
3069 4763 3229 4819 nobis
3264 4762 3318 4817 in
3362 4771 3509 4818 terra

1943 4875 2065 4914 cum
2108 4874 2276 4914 carne
2306 4858 2487 4913 adhuc
2516 4864 2826 4928 appareret,
2872 4870 2936 4911 ac
2984 4854 3191 4912 Judaeis
3223 4854 3509 4923 multiplici

1942 4949 2158 5004 ratione
2193 4958 2495 5018 exponeret
2523 4962 2587 5003 ea
2634 4963 2759 5019 qua:
2809 4946 2876 5002 ad
2923 4946 3157 5001 salutem
3211 4946 3509 5016 pertinent,

1944 5038 2178 5093 duarum
2220 5053 2540 5109 magnarum
2580 5052 2762 5092 rerum
2809 5044 2865 5092 et
2910 5034 3020 5090 Deo
3061 5034 3509 5089 convenientium

1942 5134 2246 5189 claritatem
2288 5131 2394 5187 sibi
2443 5130 2784 5186 conciliavit.
2845 5128 2979 5183 Nam
3019 5135 3074 5181 ct
3104 5142 3134 5179 a
3167 5142 3226 5181 se
3261 5133 3510 5180 mortuos

1944 5226 2275 5282 suscitatum
2304 5224 2392 5283 iri.
2417 5232 2471 5277 et
2496 5221 2829 5293 judicandos
2855 5220 2922 5273 ad
2954 5233 3113 5273 suum
3144 5217 3381 5271 tribunal
3410 5205 3513 5271 ad.-

1943 5318 2168 5372 ductum
2204 5314 2269 5369 iri
2309 5314 2487 5384 palam
2553 5312 2857 5365 allirmabat
2882 5329 2896 5366 :
2926 5309 3021 5365 sed
3059 5309 3343 5379 probabile
3388 5316 3508 5364 erat

1946 5408 2228 5464 auditores
2259 5421 2379 5461 eam
2416 5420 2529 5459 rem
2585 5418 2727 5472 aegre
2766 5400 3059 5456 admodum
3118 5400 3350 5466 laturos,
3385 5415 3508 5453 cum

1939 5503 2054 5574 jam
2096 5517 2220 5557 eum
2268 5498 2770 5570 reprehenderent,
2817 5500 2872 5550 et
2916 5494 3042 5564 jure
3087 5492 3351 5549 inscctari
3404 5492 3508 5548 sibi

1946 5593 2359 5667 persuaderent,
2378 5588 2636 5659 quoniam
2656 5586 2870 5641 Patrem
2894 5600 3054 5641 suum
3077 5583 3296 5638 dicebat
3317 5582 3508 5643 Deum,

1948 5687 2215 5759 aequalem
2248 5701 2305 5740 se
2331 5683 2541 5738 faciens
2578 5678 2770 5736 Deo“.
2810 5675 3003 5733 Divina
3045 5675 3228 5745 itaque
3268 5678 3505 5743 potestao
