4102 6564
1642 413 1698 466 5.
1737 412 2010 468 CYIULIJ
2052 412 2522 471 ALEXANDRIM
2562 416 2880 480 ARCHIEP.

3793 423 3903 478 384

774 573 782 586 .
851 539 1124 601 -‘-:t’tiuonC
1177 548 1484 590 sermonem
1520 539 1834 600 temperans
1884 529 2209 584 humanitati

2326 532 2422 583 καὶ
2459 532 2800 604 λαμπρότητι
2828 537 2893 604 τῇ
2943 534 3239 605 θεοπρεπεῖ
3267 537 3355 588 τὸν
3380 537 3688 607 ἁρμόζοντα
3714 541 3778 607 τῇ
3809 539 3905 590 ἀν-

709 646 1092 686 ς..κ.....ιη.ι.εη›,
1135 642 1226 676 ua:
1281 623 1631 691 asperitatem
1686 619 1974 684 subducit,
2027 619 2224 674 mitius

651 743 678 780 .,
710 719 1054 767 ..ι.Ῐ.ιλι.ιιιιΛῙυ
1107 732 1169 768 ac
1217 711 1550 769 submissius
1591 725 1756 778 quam
1814 709 2103 779 oportebat
2141 708 2224 764 di-

850 831 862 850 ι
900 815 1052 858 διιςιιι
1079 805 1228 862 enim
1259 804 1418 856 l’ater
1443 800 1604 854 habet
1628 801 1795 858 vitam
1815 801 1870 853 in
1900 800 2221 869 semetipso,

771 911 818 946 vt
857 895 990 946 l‘iiiu
1019 895 1168 946 dedit
1203 892 1406 948 habere
1431 892 1598 944 vitam
1629 890 1683 944 in
1716 891 2035 959 semetipso.
2070 909 2088 942 ι
2117 889 2225 945 No-

653 991 742 1038 lite
779 990 987 1049 umeri,
1024 987 1222 1056 inquit,
1251 986 1295 1040 si
1336 1001 1462 1039 cum
1490 986 1659 1041 vestri
1683 1001 1831 1039 nunc
1865 985 2064 1040 similis
2093 987 2219 1048 sim,

651 1099 709 1126 .u
751 1081 932 1130 \thfdl'
971 1079 1156 1142 homo,
1185 1088 1434 1138 mortuos
1459 1093 1544 1131 me
1571 1079 1968 1132 suscitat-urunt
1991 1076 2222 1146 promit-

651 1179 731 1228 ιν,
782 1179 826 1219 ut
884 1170 937 1220 in
995 1167 1265 1235 judicium
1318 1167 1686 1223 adducmrum
1748 1167 1980 1223 miniter
2017 1186 2030 1220 :
2065 1166 2222 1225 dedit

649 1259 852 1325 quippe
911 1257 1043 1310 mihi
1098 1257 1259 1310 Pater
1293 1265 1622 1326 potestatem
1678 1256 2022 1321 vivilicandi,
2071 1258 2222 1314 dedit

652 1350 786 1400 mihi
836 1348 1121 1416 judicandi
1167 1357 1522 1418 potestatem.
1557 1348 1853 1418 Postquam
1909 1357 2094 1405 autem
2125 1349 2221 1405 Ju-

647 1440 888 1492 daeorum
941 1439 1184 1493 lubricas
1229 1455 1391 1493 aures
1442 1437 1528 1495 his
1560 1441 1742 1495 verbis
1798 1441 2033 1505 curavit,
2071 1441 2220 1500 illico

647 1543 706 1584 se
742 1528 810 1582 ad
845 1530 1128 1598 sequentia
1167 1532 1465 1594 convertit,
1498 1539 1554 1586 et
1584 1546 1807 1585 causam
1838 1533 2026 1587 statim
2047 1547 2220 1602 expo-

646 1637 805 1684 nens,
838 1621 911 1673 ob
943 1635 1107 1688 quam
1149 1621 1228 1674 ait
1262 1637 1320 1676 se
1369 1629 1692 1690 potestatem
1725 1622 1877 1676 illam
1908 1624 2216 1691 accepisse,

641 1710 908 1762 nimirum
939 1708 1371 1771 humanitatem,
1403 1723 1527 1777 quae
1565 1723 1596 1762 a
1639 1708 1820 1779 seipsa
1863 1707 2001 1762 nihil
2028 1707 2214 1771 habet,

644 1798 871 1867 subjieit
901 1817 914 1852 :
950 1817 967 1848 ι
1008 1796 1146 1863 Quia
1193 1797 1367 1852 Filius
1417 1799 1656 1853 hominis
1689 1808 1794 1853 est.
1827 1817 1845 1850 ι
1881 1797 2036 1864 Quod
2068 1800 2214 1852 enim

2329 621 2638 691 θρωπότητι
2680 623 3204 690 λόγον,ὑποκλέπτει
3238 625 3299 681 τὸ
3351 627 3490 697 βαρὺ
3543 627 3642 695 τῆς
3693 627 3904 696 ὀρτῆθ

2325 712 2726 780 ἐπιεικέστερόν
2773 730 2888 776 πως
2947 714 3042 771 καὶ
3073 715 3380 784 ὑφειμένως
3403 754 3419 778 ,
3449 716 3482 785 ἢ
3509 709 3664 788 ᾗπερ
3711 717 3901 785 ἐχρῆν,

2324 801 2497 870 λέγων
2528 819 2542 831 ·
2571 821 2592 853 ε
2630 804 2838 873 Ὥσπερ
2883 804 2991 874 γὰρ
3017 807 3046 864 ὀ
3073 805 3257 875 Πατὴρ
3288 805 3396 874 ἔχει
3438 807 3585 876 ζωὴν
3611 807 3670 858 ὲν
3703 807 3904 874 ἐαυτῷ,

2323 891 2466 946 οὕτω
2489 893 2580 945 καὶ
2603 893 2680 964 τῷ
2721 893 2834 962 Υἱῷ
2865 893 3065 948 δέδωκε
3094 895 3237 965 ζωὴν
3255 896 3400 965 ἔχειν
3421 898 3480 948 ἐν
3514 895 3721 965 ἐαυτῷ.
3754 915 3772 944 ι
3810 897 3903 965 Μὴ

2326 980 2656 1051 Θαυμάζετε,
2687 983 2852 1051 φησιν
2875 1022 2889 1046 ,
2925 983 2974 1034 εἰ
3029 981 3153 1037 καθ’
3189 973 3332 1053 ὑμᾶς
3362 983 3460 1037 νῦν
3489 984 3775 1054 ὑπάρχων,
3813 985 3907 1034 καὶ

2325 1071 2602 1142 ὁρώμενος
2630 1071 2916 1142 ἄνθρωπος
2937 1112 2951 1134 ,
2980 1074 3305 1143 ἀναστήσειν
3355 1073 3725 1145 ὑπισχνοῦμαι
3778 1073 3908 1134 τοὺς

2322 1165 2570 1234 νεκροὺς,
2601 1165 2697 1216 καὶ
2730 1166 2809 1227 εἰς
2838 1164 3017 1234 κρίσιν
3043 1166 3196 1232 ἀγειν
3227 1165 3435 1218 ἀπειλῶ
3456 1182 3470 1196 ·
3497 1163 3709 1218 δέδωκέ
3735 1181 3827 1232 μοι
3850 1163 3909 1215 τὸ

2321 1253 2578 1308 δύνασθαι
2620 1253 2904 1324 ζωογονεῖν
2928 1256 2955 1307 6
2990 1256 3202 1326 Πατὴρ,
3232 1255 3431 1312 δέδωκέ
3469 1274 3561 1327 μοι
3597 1255 3660 1308 τὸ
3700 1255 3909 1324 κρίνειν

2322 1346 2411 1398 ἐπ’
2448 1345 2716 1413 ἐξουσίας.
2761 1347 2980 1417 Ἐπειδὴ
3028 1347 3086 1400 δὲ
3118 1347 3205 1400 διὰ
3243 1347 3448 1400 τούτων
3489 1347 3589 1417 τὴν
3632 1346 3906 1399 εύόλισθον

2320 1437 2427 1490 τῶν
2456 1436 2721 1491 Ἰουδαίων
2748 1437 3151 1510 τεθεράπευκεν
3175 1439 3364 1509 ἀκοὴν,
3382 1438 3640 1510 φροντίδα
3664 1438 3904 1492 ποιεῖται

2321 1528 2523 1601 γοργὴν
2571 1529 2665 1582 καὶ
2696 1529 2794 1598 τῆς
2821 1529 2928 1582 τῶν
2951 1528 3148 1599 ἐφεξῆς
3177 1530 3460 1598 ὠφελείας,
3479 1530 3574 1582 καὶ
3597 1530 3703 1599 τὴν
3724 1531 3904 1583 αἰτίαν

2319 1621 2481 1686 εὐθὺς
2507 1621 2601 1677 τοῦ
2649 1621 2892 1691 δεδέχθαι
2927 1622 3107 1690 λέγειν
3146 1622 3336 1674 ἑαυτὸν
3370 1621 3740 1692 ἐξηγούμενος
3808 1620 3906 1688 τὴν

2318 1712 2470 1765 οὐδὲν
2523 1710 2750 1781 ἔχου-σαν
2790 1711 2850 1776 ἐξ
2893 1712 3093 1781 ἑαυτῆς
3136 1711 3550 1784 ἀνθρωπότητα,
3581 1711 3905 1784 προῖσχεται

2319 1802 2510 1871 λέγων·
2552 1823 2575 1854 ,ι
2617 1805 2735 1859 Ὅτι
2767 1801 2894 1866 Υἱὸς
2915 1801 3202 1873 ἀνθρώπου
3243 1802 3414 1855 ἐστίν.
3453 1821 3471 1854 ι
3506 1803 3629 1856 Ὅτι
3675 1802 3788 1869 γάρ
3817 1803 3910 1854 καὶ

644 1890 758 1942 vita
809 1889 878 1942 sit
912 1888 1217 1943 secundum
1255 1897 1509 1942 naturam
1552 1904 1706 1943 suam
1745 1889 2092 1959 Unigenilus,
2127 1905 2209 1943 ne-

2325 1895 2438 1966 ζωὴ
2465 1895 2606 1948 κατά
2627 1895 2791 1962 φύσιν
2817 1895 2966 1946 ἐστὶν
2991 1896 3018 1947 6
3047 1893 3378 1964 Μονογενὴς,
3406 1893 3498 1946 καὶ
3533 1893 3596 1946 ού
3628 1893 3782 1963 ζωῆς
3809 1893 3906 1962 τῆς

642 1995 752 2048 que
782 1981 949 2033 vitam
996 1965 1063 2033 ab
1101 1980 1210 2032 alio
1249 1978 1576 2049 participat,
1630 1978 1726 2034 sed
1774 1994 1840 2034 eo
1893 1980 2056 2034 modo
2104 1994 2214 2048 quo

641 2071 808 2126 Pater
839 2072 1108 2135 viviﬁeet,
1140 2072 1480 2143 superﬂuum
1504 2080 1610 2137 est,
1641 2073 1861 2142 opinor,
1897 2073 2212 2142 impr-insen-

639 2164 845 2215 tiarum
895 2163 1102 2226 dicere,
1149 2179 1274 2217 cum
1326 2164 1382 2218 in
1425 2164 1551 2219 libri
1592 2164 1760 2234 hujus
1794 2164 1949 2217 initio
1987 2164 2108 2218 fuse
2149 2163 2217 2219 de

641 2254 743 2306 illo
778 2254 1120 2323 disputatum
1151 2255 1223 2309 sit
1251 2255 1316 2309 ad
1343 2272 1467 2310 eum
1509 2257 1688 2312 locum
1720 2274 1735 2310 :
1768 2275 1786 2306 ι
1815 2255 1972 2322 Quod
2010 2254 2213 2310 factum

639 2352 728 2397 est
762 2343 817 2396 in
856 2343 976 2413 ipso
1008 2345 1117 2397 vita
1145 2353 1267 2399 erat
1296 2346 1362 2399 ⁵⁷.
1404 2365 1422 2398 ι

710 2432 778 2496 V,
812 2433 903 2492 28.
927 2435 1016 2490 ες).
1047 2437 1227 2490 Nolite
1274 2437 1464 2490 mirari
1494 2437 1610 2502 hoc,
1644 2437 1765 2506 quia
1799 2439 1935 2491 venit
1987 2437 2118 2492 hora
2159 2440 2212 2496 in

637 2541 744 2592 qua
784 2541 962 2578 omnes
997 2527 1088 2595 qui
1125 2527 1182 2580 in
1223 2529 1572 2584 monumentis
1615 2537 1760 2590 sunt,
1791 2528 2003 2581 audient
2041 2545 2214 2584 uocem

639 2613 773 2668 Filii
807 2615 920 2673 Dei.
959 2627 1008 2670 et
1057 2618 1337 2686 precedent
1366 2619 1456 2687 qui
1501 2618 1664 2691 236
1695 2618 1834 2672 bona
1869 2619 2126 2688 fecerunt,
2159 2622 2213 2675 in

635 2709 1066 2762 resurrectionem
1119 2711 1238 2766 vita:
1273 2728 1298 2767 ,ε
1359 2711 1449 2780 qui
1491 2727 1613 2765 uero
1670 2712 1813 2766 mala
1861 2723 2106 2784 egerunt,
2158 2716 2213 2769 in

629 2801 1069 2856 resurrectionem
1101 2801 1318 2870 judicii.

708 2890 804 2946 llis
847 2887 1065 2962 quidem
1111 2887 1294 2949 verbis
1349 2891 1775 2948 resurrectionis
1829 2893 2210 2951 universorum

627 2995 854 3054 tempus
886 2985 1184 3054 signiﬁcat.
1219 3001 1352 3055 quo.
1388 2993 1447 3041 ut
1479 2985 1700 3040 (li-vinus
1731 2986 1825 3040 ille
1846 2995 2042 3041 noster
2064 2986 2212 3041 Pau-

625 3075 719 3130 lus
749 3076 967 3140 scribit,
1017 3096 1036 3127 ‹
1083 3076 1206 3144 Ipse
1244 3076 1512 3132 Dominus
1550 3077 1612 3130 in
1645 3077 1832 3145 jussu,
1874 3077 1928 3132 in
1959 3094 2093 3134 voce
2113 3095 2212 3133 ar.-

623 3164 915 3234 .cbangeli,
941 3165 998 3218 in
1037 3165 1170 3218 tuba
1215 3163 1310 3219 Dei
1346 3165 1641 3224 descendet
1663 3166 1728 3222 de
1760 3166 1920 3232 coelo,
1947 3185 1971 3218 ι
1988 3167 2209 3236 judica-

2323 1987 2453 2058 παρ’
2473 1987 2662 2057 ⁴ἐτέρου
2695 1986 2942 2056 μέτοχος,
2961 1986 3254 2052 ζωογονεῖν
3281 2003 3339 2038 τε
3361 1984 3555 2048 οὕτως,
3587 1984 3784 2054 ῶσπερ
3816 1987 3908 2037 καὶ

2321 2077 2350 2128 6
2376 2079 2596 2148 Πατὴρ,
2632 2077 2884 2148 περιττὸν
2919 2072 3074 2146 οἶμαι
3105 2075 3283 2144 λέγειν
3327 2075 3460 2144 πρὸς
3491 2076 3554 2127 τὸ
3588 2074 3792 2145 παρὸν,
3815 2075 3909 2128 έπ-

2322 2167 2480 2240 είπερ
2518 2169 2648 2241 ἡμῖν
2683 2170 2747 2221 ,ού
2789 2167 2996 2238 βραχὺς
3029 2169 3086 2220 ἐν
3135 2167 3308 2237 τούτῳ
3349 2166 3718 2237 δεδαπάνηται
3749 2165 3906 2234 λόγος

2313 2257 2380 2311 ⁴ἐν
2407 2259 2548 2330 ἀρχῇ
2582 2259 2676 2312 τοῦ
2735 2259 2942 2329 pisum;
2966 2299 2980 2324 ,
3017 2257 3380 2330 προκειμένου
3427 2256 3616 2328 ῥητοῦ,
3659 2276 3678 2309 ι
3722 2258 3793 2310 '0
3817 2258 3907 2326 γέ-

2321 2365 2477 2424 γονεν
2516 2349 2573 2402 ἐν
2601 2348 2755 2422 αὐτῷ
2783 2347 2898 2418 ζωὴ
2929 2343 3017 2418 ἦν.
3046 2366 3069 2402 ,ι

2391 2440 2487 2506 Μὴ
2538 2439 2857 2508 θαυμάζετε
2906 2439 3119 2501 τοῦτο,
3174 2439 3264 2493 ὅτι
3312 2440 3543 2508 ἔρχεται
3582 2438 3728 2508 ὄψα,
3774 2433 3908 2511 ὲνῇ

2320 2530 2538 2597 πάντες
2572 2532 2626 2585 οἱ
2663 2532 2731 2584 ἐν
2774 2531 2902 2598 τοῖς
2928 2531 3238 2599 μνημείοις
3275 2532 3610 2588 ἀκούσουσι
3644 2529 3756 2598 τῆς
3797 2548 3910 2599 φω-

2319 2621 2435 2688 νῆς
2481 2621 2686 2684 αὑτοῦ,
2714 2621 2814 2675 καὶ
2857 2621 3288 2684 ἐξελεύσονται
3333 2621 3386 2673 ol
3412 2620 3483 2675 τὰ
3511 2619 3708 2688 ἀγαθὰ
3731 2618 3906 2684 ποιή-

2319 2728 2538 2778 σαντες
2558 2715 2645 2778 εὶς
2682 2710 3212 2780 άνάσιιισινζωῆςο
3247 2714 3301 2768 οἱ
3325 2710 3392 2767 δὲ
3421 2711 3492 2765 τὰ
3521 2710 3729 2780 φαῦλα
3762 2709 3908 2778 πρά-

2320 2805 2554 2878 ξαντες,
2577 2805 2664 2870 εὶς
2689 2802 3034 2859 ἀνάστασιν
3061 2805 3338 2870 κρίσεως.

2394 2895 2654 2965 Σημαίνει
2693 2894 2790 2962 μὲν
2832 2892 2927 2948 διά
2961 2891 3165 2946 τούτων
3218 2889 3320 2954 τῆς
3365 2886 3622 2941 ἁπάντων
3672 2886 3905 2940 ἀναστά-

2320 3004 2456 3050 σεως
2518 2985 2607 3038 τὸν
2664 2985 2854 3060 καιρὸν
2877 3025 2892 3049 ,
2921 2985 3008 3036 ὅτε
3035 3025 3049 3045 ,
3082 2981 3330 3058 καθάπερ
3379 2981 3508 3059 ημῖν
3547 2981 3576 3031 6
3620 2977 3904 3038 θεσπέσιος

2317 3078 2594 3132 ἐπέστειλε
2622 3077 2832 3139 Παῦλος
2857 3116 2872 3142 ,
2897 3095 2913 3125 ι
2947 3074 3118 3138 Αὐτὸς
3147 3076 3174 3127 6
3211 3073 3506 3143 εΚύριοςέν
3535 3069 3898 3140 κελεύσματι,

2318 3174 2376 3225 ὲν
2407 3173 2559 3241 φωνῇ
2591 3169 2953 3241 ἀρχαγγέλου,
2975 3168 3039 3220 ,ἐν
3076 3166 3336 3233 σάλπιγγι
3360 3162 3494 3217 Θεοῦ
3526 3161 3902 3232 καταϐήσεται

625 3264 797 3311 turus
843 3259 1032 3310 orbem
1074 3255 1137 3309 in
1171 3256 1391 3327 justitia
1418 3257 1484 3322 ⁸⁸..
1528 3267 1584 3313 et
1631 3257 1949 3314 redditurus
1980 3259 2209 3314 unicui-

2317 3263 2412 3316 ἀπ’
2437 3263 2684 3334 ούρανοῦ,
2719 3282 2738 3315 ι
2765 3264 2946 3332 κρῖναι
2985 3260 3084 3332 τὴν
3109 3258 3434 3328 οἰκουμένην
3467 3257 3525 3311 ὲν
3565 3254 3899 3327 δικαιοσύνῃ,

632 3362 740 3414 que
799 3346 1103 3401 secundum
1169 3363 1335 3416 opera
1398 3363 1519 3403 sua.
1598 3347 1957 3417 Repetitione
2029 3357 2211 3407 tamen

631 3436 950 3490 eorumdem
985 3436 1272 3505 imperitos
1302 3437 1618 3505 Judgeorum
1655 3440 1872 3496 animos
1902 3441 2061 3510 quasi
2098 3457 2212 3496 ma-

622 3527 898 3594 .nnducit,
944 3537 1005 3582 ut
1053 3529 1204 3584 clare
1254 3529 1469 3584 discere
1512 3537 1718 3600 queant
1769 3531 1983 3600 majora
2027 3533 2100 3588 ab
2144 3547 2210 3588 eo

625 3619 895 3672 miracula
933 3629 1207 3689 patratum
1241 3621 1303 3674 iri
1337 3638 1500 3692 quam
1556 3621 1703 3692 quod
1758 3623 1961 3678 factum
2011 3633 2098 3680 est
2150 3626 2206 3680 in

633 3711 958 3781 paralytieo,
983 3721 1036 3765 et
1066 3727 1125 3766 se
1157 3713 1328 3767 totius
1353 3713 1505 3768 orbis
1541 3713 1904 3769 constitutum
1933 3715 2008 3772 .iri
2060 3716 2210 3785 judi-

633 3816 774 3856 eem.
818 3801 1158 3872 Comparans
1210 3816 1390 3859 autem
1428 3812 1774 3860 mortuorum
1808 3808 2207 3863 resurrectioni

629 3893 794 3949 unius
829 3894 1206 3958 curationem,
1255 3895 1517 3964 majorem
1581 3905 1636 3951 et
1679 3897 1982 3966 digniorem
2017 3905 2207 3952 osten-

620 3984 712 4038 dit
734 3999 858 4039 esse
886 3989 998 4038 vim
1034 3984 1187 4040 illam
1219 3986 1498 4041 sol-vendre
1533 3988 1750 4052 mortis,
1790 3995 1849 4043 et
1889 3989 2207 4059 corruptio-

620 4075 718 4132 'nis
745 4076 991 4132 omnium
1027 4077 1305 4141 tollendae,
1349 4078 1598 4148 adeoque
1648 4079 1771 4149 jure
1795 4089 1859 4136 et
1879 4081 2206 4138 necessario

626 4167 788 4236 quasi
839 4167 910 4222 de
975 4169 1189 4224 minore
1242 4169 1510 4224 miracqu
1552 4170 1676 4225 ait:
1723 4189 1740 4222 ι
1781 4169 1964 4226 Nolite
2009 4171 2206 4228 mirari

627 4258 752 4314 hoc.
795 4278 813 4310 ι
849 4257 1040 4328 Neque
1092 4275 1223 4314 vero
1287 4261 1606 4330 putabimus
1661 4263 1837 4333 ipsum
1877 4263 1966 4319 his
2023 4264 2204 4326 verbis

623 4367 854 4420 epernm
887 4367 1120 4407 suorum
1149 4352 1393 4408 claritati
1430 4352 1742 4417 detrahere,
1783 4364 1878 4416 ant
1904 4364 2064 4412 certe
2088 4370 2202 4410 au-

625 4442 902 4498 ditoribus
965 4444 1267 4513 precipere
1332 4458 1402 4498 ne
1439 4443 1722 4500 mirentur
1771 4461 1894 4514 qua;
1945 4447 2201 4517 alioquin

617 4531 994 4586 admiratione
1056 4541 1188 4586 sunt
1222 4531 1597 4601 dignissima;
1637 4534 1733 4588 sed
1793 4535 1897 4589 hoc
1947 4528 2092 4592 seire
2149 4543 2203 4592 et

616 4622 852 4686 credere
879 4622 994 4676 vult
1029 4637 1125 4677 eos
1168 4621 1263 4691 qui
1313 4623 1531 4682 attoniti
1562 4632 1730 4676 erant
1769 4625 1864 4680 illo
1910 4626 2198 4688 miraculo.

558 4762 561 4763 ν
612 4728 818 4783 parum
854 4713 989 4768 illud
1027 4729 1150 4769 esse
1182 4715 1476 4770 hactenus.
1507 4714 1682 4771 Verbo
1705 4717 1851 4772 enim
1885 4733 1951 4772 ac
1989 4718 2203 4777 Virtute

623 4805 831 4870 dit-ina,
867 4820 976 4858 non
1001 4804 1536 4860 .tantumdiuturnis
1563 4807 1769 4862 morbis
1789 4815 2018 4864 .vexatos
2052 4811 2203 4864 exci-

578 4883 587 4964 ξ
623 4905 726 4960 tat,
755 4898 850 4953 sed
873 4907 928 4953 et
960 4898 1063 4968 ipsi
1098 4898 1261 4953 morti
1298 4899 1608 4961 immersos,
1633 4907 1700 4954 -et
1729 4900 2044 4956 .inevitabili
2079 4916 2202 4956 eor-

610 4989 879 5058 ruptione
922 4997 1242 5058 superatos.
1282 4987 1515 5056 Ideoque
1550 4987 1724 5057 majus
1757 4989 2016 5059 quiddam
2067 4990 2202 5048 infe-

617 5096 751 5137 rens
775 5081 854 5135 ait
880 5098 894 5132 :
925 5099 942 5130 ι
971 5079 1110 5146 Quia
1141 5080 1328 5136 .veniet
1359 5078 1514 5143 hora,
1554 5080 1608 5134 in
1634 5096 1756 5150 qua
1783 5095 1976 5137 omnes
2008 5083 2103 5152 qui
2138 5082 2192 5144 in

607 5173 996 5229 monumentis
1025 5180 1157 5228 sunt
1187 5173 1414 5228 audient
1447 5189 1637 5229 vocem
1659 5173 1806 5242 ejus.
1828 5193 1846 5224 ι
1883 5174 1987 5240 Qui
2025 5177 2195 5230 verbo

613 5267 768 5321 enim
798 5273 998 5320 cuncta
1023 5280 1052 5320 e
1081 5264 1562 5334 nihiloiproduxit,
1593 5264 1871 5334 quomodo
1901 5282 2012 5320 non
2045 5275 2197 5337 pote-

607 5354 692 5408 .rit
716 5354 932 5409 ellieere
956 5363 1015 5408 ut
1039 5355 1185 5422 quod
1223 5354 1339 5424 jam
1361 5353 1568 5408 factum
1611 5355 1773 5410 estin
1802 5364 1983 5410 ortum
2016 5361 2198 5413 denuo

607 5446 1313 5516 revertatur?Utrumque
1349 5446 1495 5500 enim
1540 5445 1787 5513 ejusdem
1833 5455 1918 5502 est
1957 5448 2197 5514 virtutis,

532 5603 536 5608 .
614 5546 677 5590 et
717 5553 884 5593 unius
923 5538 1213 5607 potestatis
1247 5537 1516 5595 .mirahile
1549 5547 1634 5593 est
1657 5554 1795 5609 opus
1841 5541 1894 5594 in
1947 5550 2200 5611 utroque.

622 5623 845 5683 Utiliter
869 5637 1055 5684 autem
1079 5628 1330 5699 subjicit,
1355 5644 1715 5700 processuros
1745 5646 1776 5685 e
1806 5631 2189 5691 monumentis

692 5813 736 5849 θ’
782 5813 976 5886 Supra.
1007 5832 1056 5882 ι,
1096 5815 1146 5871 1.
1227 5815 1272 5849 “
1310 5814 1328 5870 l
1359 5815 1553 5873 Thess.
1590 5831 1664 5885 tv,
1698 5817 1781 5872 i3.

2312 3356 2408 3408 καὶ
2441 3354 2732 3408 ἀποδώσων
2757 3354 2855 3425 [αι.
2887 3351 3210 3422 ἀποδώσειν]
3241 3350 3456 3418 ἑκάστῳ
3495 3349 3636 3402 κατά
3665 3353 3740 3402 τά
3767 3347 3903 3418 ἔργα

2312 3445 2496 3500 αὑτοῦ.
2532 3446 2875 3515 Χειραγωγεῖ
2907 3443 2950 3496 δ’
2997 3439 3089 3496 οῦν
3128 3444 3277 3512 ὅμως
3325 3439 3412 3497 διὰ
3445 3439 3544 3507 τῆς
3573 3437 3688 3490 τῶν
3725 3435 3901 3490 αὐτῶν

2306 3535 2702 3608 ὲπαναλήψεως
2749 3535 2847 3604 τὴν
2893 3533 3280 3604 ἀμαθεστάτην
3326 3528 3433 3581 τῶν
3474 3525 3754 3587 Ἰουδαίων
3789 3523 3899 3577 διά-

2308 3645 2461 3682 νοιαν
2511 3629 2590 3688 εἰς
2623 3626 2682 3679 τὸ
2723 3624 2979 3679 δύνασθαι
3005 3623 3240 3679 συνιέναι
3272 3618 3456 3686 σαφῶς
3477 3659 3492 3682 ,
3524 3619 3607 3671 ὅτι
3658 3616 3759 3668 καὶ
3796 3631 3900 3686 μει-

2310 3720 2478 3784 ζόνων
2498 3717 2649 3772 ἔσται
2671 3715 3059 3788 τερατουργὸς,
3089 3716 3146 3766 ὲν
3177 3708 3259 3776 οἷς
3296 3715 3323 3766 6
3354 3710 3669 3781 παράλυτος
3695 3703 3790 3778 ἦν,
3814 3707 3899 3760 καὶ

2308 3805 2408 3874 τῆς
2434 3805 2760 3874 οἰκουμένης
2808 3802 3257 3872 ἀναδειχθήσεται
3301 3800 3516 3871 κριτής.
3571 3799 3896 3867 ’Λντιπαρα-

2306 3895 2476 3959 τιθεὶς
2509 3896 2567 3948 δὲ
2622 3894 2910 3966 χρησίμως
2945 3895 3013 3964 τῇ
3063 3892 3168 3945 τῶν
3199 3889 3406 3961 νεκρῶν
3452 3887 3759 3942 ἀναστάσει
3807 3887 3896 3958 τὴν

2310 3986 2394 4058 ἐφ’
2417 3988 2496 4040 ἐνὶ
2517 3987 2624 4042 τῶν
2645 3986 2942 4040 νοσούντων
2958 3983 3274 4056 θεραπείαν.
3295 3981 3519 4053 μείζονά
3548 3996 3610 4032 τε
3635 3977 3896 4043 καὶάξιο-

2308 4079 2616 4151 λογωτέραν
2671 4076 2998 4131 ἐπιδεικνύει
3029 4076 3127 4144 τὴν
3184 4073 3417 4127 θανάτου
3457 4070 3696 4140 λυτικὴν
3743 4069 3896 4140 ἐνέρ-

2307 4189 2483 4241 γειαν,
2503 4171 2596 4226 καὶ
2626 4171 2833 4241 φθορᾶς
2860 4169 2957 4240 τῆς
2994 4168 3250 4221 ἁπάντων
3277 4162 3656 4234 ἀναιρετικὴν,
3674 4162 3893 4223 εἰκότως

2305 4279 2366 4315 τε
2420 4262 2514 4314 καὶ
2559 4261 2894 4329 ἀναγκαίως,
2931 4258 3006 4322 ὡς
3061 4257 3148 4311 ἐπ’
3181 4255 3425 4309 ἐλάττονι
3479 4252 3558 4324 τῷ
3611 4251 3891 4322 παραδόξῳ

2307 4353 2440 4424 φησι
2467 4368 2482 4384 ·
2521 4371 2538 4404 ι
2571 4352 2662 4421 Μὴ
2697 4350 3004 4421 Θαυμάζετε
3035 4348 3212 4402 τοῦτο.
3248 4367 3265 4398 ι
3306 4346 3417 4401 Καὶ
3461 4345 3521 4398 οὐ
3550 4345 3733 4415 δήπου
3768 4345 3891 4397 πάνυ

2304 4461 2405 4508 τας
2439 4442 2549 4515 [ισ.
2580 4440 2822 4514 πάντως]
2867 4441 3162 4511 νομιοῦμεν
3194 4438 3355 4492 αὐτὸν
3386 4438 3484 4508 τῆς
3526 4435 3640 4489 τῶν
3685 4435 3890 4489 οἰκείων

2233 4574 2278 4631 D
2313 4537 2488 4608 ἔργων
2536 4534 2921 4606 λαμπρότητος
2968 4531 3059 4586 διὰ
3104 4532 3311 4585 τούτων
3356 4531 3712 4600 κατηγορεῖν,
3747 4526 3889 4598 ﬁmi

2309 4630 2421 4691 τοῖς
2467 4626 2838 4698 ἀκροωμένοις
2889 4625 3233 4688 ἐπιτάττειν,
3269 4623 3344 4693 μὴ
3393 4621 3590 4692 χρῆναι
3621 4619 3886 4688 θαύματος

2307 4715 2594 4784 ἀξιοῦν,τά
2626 4718 2708 4783 ἐφ’
2749 4711 2830 4779 οἷς
2853 4715 3165 4778 ἂνείκότως
3193 4710 3682 4782 θαυμάζοιεν,ἀλλ⁹
3703 4711 3886 4763 εἰδέναι

2307 4825 2364 4860 τε
2385 4810 2478 4861 καὶ
2498 4806 2774 4862 πιστεύειν
2803 4807 3052 4877 βούλεται
3073 4807 3199 4869 τοὺς
3219 4805 3305 4856 ἐπ’
3321 4803 3514 4872 ἐκείνῳ
3544 4799 3885 4869 καταπεπληο

2307 4898 2564 4968 γμένους,
2591 4899 2674 4952 ὅτι
2707 4898 2905 4968 μικρὸν
2940 4896 3088 4968 αύτῷ
3126 4897 3187 4949 τὸ
3210 4896 3383 4966 ,μέχρι
3401 4893 3593 4946 τούτου
3622 4891 3886 4960 θαυμάζε-

2309 4990 2454 5046 σθαι.
2483 4989 2714 5060 Ἐγείρει
2741 4991 2854 5061 »γὰρ
2876 4989 3018 5059 λόγῳ
3053 4988 3147 5041 καὶ
3181 4984 3429 5057 ἐνεργείᾳ
3451 4984 3772 5053 θεοπρεπεῖ,
3800 4982 3885 5050 οὐχ

2301 5083 2448 5146 ὅπως
2482 5085 2557 5140 ,ἐκ
2604 5081 2829 5152 μακρῶν
2887 5078 3341 5152 ἀρρωστημάτων
3385 5075 3511 5138 τοὺς
3566 5063 3882 5144 κάμνοντας,

2303 5177 2440 5234 ἀλλά
2461 5179 2553 5232 καὶ
2573 5176 2770 5236 ,αὐτοὺς
2797 5175 2894 5245 ἤδη
2923 5175 3049 5236 τοὺς
3065 5171 3143 5242 τῷ
3163 5169 3377 5238 θανάτῳ
3405 5168 3880 5238 βεϐαπτισμένους,

2305 5271 2400 5324 καὶ
2424 5271 2649 5339 ἀκράτῳ
2677 5265 3059 5336 νενικημένους
3085 5263 3277 5334 φθορᾷ.
3301 5260 3417 5313 Καὶ
3444 5259 3531 5312 διὰ
3559 5257 3722 5310 τοῦτό
3739 5273 3879 5326 φησι,

2303 5361 2365 5414 τὸ
2389 5361 2572 5432 μεῖζον
2606 5341 2872 5428 εἰσφέρων
2895 5374 2909 5388 ·
2942 5376 2960 5407 ι
2998 5357 3118 5408 Ὃτι
3144 5353 3361 5425 ἔρχεται
3385 5351 3525 5421 ὥρα,
3545 5351 3603 5401 έν
3700 5348 3883 5408 πάντες

2307 5453 2358 5504 οἱ
2389 5452 2446 5503 ὲν
2463 5454 2574 5514 τοῖς
2593 5448 2879 5520 μνημείοις
2911 5445 3233 5500 ἀκούσονται
3264 5441 3358 5510 τῆς
3384 5440 3567 5509 φωνῆς
3599 5437 3813 5492 αύτοῦ.ι
3833 5437 3882 5488 '0

2320 5543 2418 5611 ρᾶρ
2439 5541 2584 5612 λόγῳ
2611 5541 2679 5594 τά
2701 5539 2798 5594 ούκ
2821 5538 2950 5591 ὄντα
2980 5535 3108 5588 ποτὲ
3131 5533 3266 5604 πρὸς
3287 5532 3347 5583 τὸ
3366 5528 3506 5583 εἶναι
3531 5526 3878 5599 παραγαγὼν,

2312 5649 2431 5695 πως
2453 5630 2554 5684 οὐκ
2575 5629 2642 5686 ἂν
2670 5626 2886 5700 ἰσχύσαι
2915 5625 2974 5680 τὸ
2995 5623 3092 5696 ἤδη
3121 5619 3488 5691 πεποιημένον
3510 5614 3877 5687 παλινδρομεῖν
