4102 6566
198 421 326 478 385

1272 410 1337 464 IN
1366 404 1652 464 JOANNIS
1692 404 2140 461 EV'ANGELIUM
2206 404 2335 458 LIB.
2378 402 2438 455 Il.

3371 390 3477 455 ‘586

200 534 511 588 ἀναπεῖσαι
548 530 677 600 πρὸς
706 526 954 594 γένεσιν;
987 520 1105 577 Εἶεν
1146 535 1252 592 γαρ
1288 520 1355 574 ἂν
1403 520 1546 572 οὕτω
1583 512 1681 587 τῆς
1710 515 1801 569 αύ-

1918 523 2229 585 peccatores
2257 512 2498 581 quidem,
2532 517 2588 564 et
2622 517 2891 581 quotquot
2918 509 3166 578 improbe
3212 511 3472 575 vixerint,

198 626 321 693 ςῆς
368 623 651 692 ἐνεργείας
683 621 947 688 ἑκάτερα,
984 615 1075 669 καὶ
1126 616 1255 683 μιᾶς
1310 612 1557 678 ἐξουσίας
1610 608 1671 661 τὸ
1728 609 1813 660 ἐπ’

204 718 424 785 ἀμφοῖν
460 714 788 780 άξιάγαστον
815 709 1179 778 ἀποτέλεσμα.
1219 704 1497 772 Ἐπιλέγει
1530 698 1585 755 δὲ
1617 696 1812 772 χρησί-

207 824 359 877 μως,
400 808 483 859 ὅτι
536 802 955 874 προελεύσονται
984 798 1091 852 τῶν
1150 797 1474 869 μνημάτων,
1504 797 1551 848 οἱ
1584 794 1681 864 μὲν
1724 790 1809 846 ἐπ’

202 900 468 967 αἰσχροῖς
499 896 736 957 ἁλόντες,
770 894 862 946 καὶ
896 890 1127 961 πονηρίᾳ
1170 887 1678 958 συμϐιοτεύσαντες,
1707 886 1805 956 τὴν

202 987 575 1055 ἀτελεύτητον
603 984 886 1053 ὑοέξονται
915 978 1247 1053 [ὑφέξοντες]
1270 972 1444 1049 δίκην·
1488 978 1535 1029 οἱ
1580 976 1635 1028 δὲ
1688 975 1801 1028 δια-

203 1082 453 1150 πρεπεῖς
481 1080 538 1130 ἐν
556 1076 899 1147 ἀρεταῖς,τῆς
920 1072 1217 1134 ἐπιεικείας
1243 1070 1435 1140 μισθὸν
1462 1064 1802 1138 ἀντικομιού-

208 1186 371 1239 μενοι
431 1167 529 1237 τὴν
576 1164 790 1217 αἰώνιον
836 1154 1016 1231 ζωήν⁹
1049 1159 1182 1229 ὁμοῦ
1232 1157 1363 1227 μὲν,
1417 1152 1666 1224 καθάπερ
1700 1152 1801 1221 ήδη

206 1258 576 1330 προείπομεν,
610 1254 803 1307 ἐαυτὸν
841 1248 1098 1320 διανομέα
1142 1247 1249 1301 τῶν
1299 1245 1512 1314 ἑκάστῳ
1569 1242 1803 1314 πρεπόν-

203 1368 324 1403 των
370 1349 468 1402 καὶ
498 1348 585 1400 διὰ
624 1346 829 1398 τούτων
873 1340 1176 1412 εἰσφέρων,
1215 1338 1349 1409 όμοῦ
1391 1337 1448 1390 δέ
1476 1334 1803 1393 ἀναπείθων,

1911 612 1971 658 ut
2000 613 2237 657 aeternas
2272 616 2462 670 poenas
2486 602 2659 664 luant,
2685 602 2844 655 bonis
2884 609 3065 654 autem
3095 611 3147 653 et
3175 601 3478 654 virtutibus

1907 695 2250 764 conspicuis,
2294 703 2351 745 ut
2383 693 2771 761 sempiternam
2816 693 2978 745 vitam
3018 691 3312 760 probitatis
3341 706 3480 759 pra:-

1905 786 2079 838 mium
2123 782 2383 843 referant,
2423 780 2721 847 simulque,
2756 786 2815 831 ut
2858 779 2972 847 jam
3018 779 3174 848 prius
3214 776 3476 843 diximus,

1906 877 2154 944 seipsum
2186 874 2425 942 judicem
2458 886 2647 925 eorum
2690 886 2812 939 qute
2844 870 3044 938 cuique
3080 870 3349 924 debentur
3394 870 3479 925 his

1907 976 2129 1035 qumque
2174 962 2360 1018 verbis
2410 961 2751 1031 signiﬁcans,
2797 977 2861 1013 ac
2917 971 3178 1031 praeterea
3239 964 3478 1018 suadens

1909 1066 2001 1110 aut
2035 1065 2180 1110 metu
2218 1056 2484 1107 malorum
2521 1053 2923 1120 improbitatem
2955 1054 3143 1123 fugere
3195 1063 3247 1107 et
3270 1055 3333 1106 ad
3367 1070 3480 1108 me-

1911 1148 2100 1201 liorem
2146 1145 2354 1215 frugem
2388 1161 2446 1198 se
2482 1142 2806 1203 transferre.
2838 1150 2934 1195 aut
2984 1152 3204 1196 atterunt
3227 1144 3349 1198 vita:
3379 1144 3479 1197 de-

1912 1238 2116 1293 siderio
2171 1234 2580 1306 quodammodo
2627 1233 2941 1288 stimulatos
3002 1234 3260 1287 virtutem
3315 1236 3481 1289 vehe-

1912 1329 2152 1383 mentius
2183 1342 2401 1396 cupere.

204 1444 243 1513 ῆ
288 1441 369 1513 τῷ
404 1441 555 1511 φόϐῳ
584 1438 677 1490 τοῦ
714 1434 902 1491 παθεῖν
935 1435 1004 1487 τά
1032 1433 1198 1495 δεινὰ,
1233 1429 1613 1501 παραιτεῖσθαι
1640 1424 1700 1479 τὸ
1733 1423 1957 1494 φαῦλον,
1992 1423 2084 1475 καὶ
2119 1419 2533 1473 συνελαύνεσθαί
2568 1433 2683 1480 πως
2712 1419 2791 1479 είς
2847 1415 2907 1468 τὸ
2938 1414 3086 1485 βιοῦν
3150 1412 3352 1467 ἐθέλειν
3382 1413 3480 1483 ἤδη

208 1534 681 1605 σωφρονέστερον,
815 1530 997 1597 ἐφέσει
1043 1525 1398 1596 νυττομένους
1428 1521 1629 1595 τρόπον
1675 1519 1795 1573 τινὰ
1833 1520 1899 1589 τῇ
1945 1518 2073 1588 περὶ
2101 1515 2199 1585 τὴν
2234 1513 2450 1567 αἰώνιον
2493 1512 2638 1583 ζωὴν
2666 1548 2680 1576 ,
2750 1508 3150 1580 συντονωτέραν
3214 1507 3481 1561 ποιεῖσθαι

206 1625 550 1689 σπουδάζειν
575 1625 672 1693 τὴν
697 1622 782 1675 ἐπ’
818 1620 1045 1688 ἀγαθοῖς
1078 1617 1405 1692 προθυμίαν.

820 1708 1069 1767 ΚΕΦΑΛ.
1123 1711 1200 1764 Θ’.

2445 1691 2604 1762 237
2640 1690 2795 1745 CAP.
2840 1687 2929 1742 lx.

206 1829 350 1881 Ὀτι
379 1826 508 1880 κατ’
537 1825 716 1880 οὐδὲν
752 1817 1015 1878 ἐλάττων
1052 1822 1156 1876 τοῦ
1195 1821 1342 1875 Θεοῦ
1386 1820 1481 1873 καὶ
1514 1817 1745 1887 Πατρός
1772 1819 1804 1871 ὁ

1918 1804 2056 1874 Quod
2105 1804 2272 1887 nihilo
2299 1805 2478 1887 minor
2517 1803 2586 1855 sit
2609 1802 2734 1882 ὀρθ
2766 1817 2826 1853 ac
2871 1798 3032 1852 Patre
3058 1797 3256 1887 filius,
3291 1799 3381 1887 set!
3424 1802 3481 1853 in

297 1899 458 1963 Υἰύς,
499 1897 637 1950 ἀλλ’
672 1893 997 1960 ἱσοσθενὴς
1046 1894 1173 1945 κατ’
1211 1893 1515 1963 ἐνέργειαν
1560 1890 1674 1957 τὴν
1712 1888 1803 1956 ἐφ’

288 1962 533 2022 ἅπασίν
561 1967 751 2025 ἐστιν.
780 1967 858 2029 ὡς
892 1967 1035 2028 Θεὸς
1059 1964 1128 2015 ἐκ
1163 1962 1332 2016 Θεοῦ.

294 2062 381 2112 οὐ
434 2058 689 2126 δύναμαι
736 2055 850 2125 ἐγὼ
908 2053 1101 2108 ποιεῖν
1138 2054 1238 2108 ἀπ’
1296 2050 1555 2121 ἐμαυτοῦ
1603 2048 1803 2105 οὐδέν.

211 2150 436 2216 Καθὼς
467 2151 685 2211 ἀκούω,
726 2149 926 2216 κρίνω,
967 2144 1066 2199 καὶ
1103 2145 1139 2211 ἠ
1173 2146 1371 2213 κρίσις
1396 2144 1435 2210 ἠ
1465 2142 1578 2212 ἐμὴ
1611 2142 1807 2195 δίκαιά

211 2241 421 2295 ἐστίν’
451 2240 540 2293 ὅτι
572 2242 644 2294 οὐ
692 2236 840 2306 ζητῶ
876 2236 941 2290 τὸ
978 2237 1207 2305 θέλημα
1249 2235 1315 2288 τὸ
1352 2234 1517 2303 ἐμὸν,
1548 2232 1709 2287 ἀλλὰ
1742 2230 1808 2285 τὸ

216 2333 458 2401 θέλημα
486 2331 592 2385 τοῦ
621 2330 971 2398 πέμψαντός
997 2346 1073 2397 με
1098 2328 1349 2394 Πατρός.

311 2420 633 2490 Ἐπίστησον
682 2418 843 2472 πάλιν
882 2420 995 2480 τοῖς
1032 2416 1347 2487 λεγομένοις
1392 2412 1805 2487 ἀκριϐέστερον,

218 2513 327 2566 καὶ
354 2510 639 2582 δέχοωοῦ
675 2509 1028 2581 θεωρῄματος
1051 2510 1125 2573 ὼς
1155 2512 1213 2562 ἐν
1242 2508 1489 2578 περινοίᾳ
1518 2508 1617 2577 τὴν
1652 2506 1810 2559 δύνα-

222 2618 346 2675 μινι
385 2607 502 2659 υύκ
537 2605 735 2667 εἰδότες
768 2604 1007 2656 Ἰουδαῖοι
1047 2602 1147 2671 τῆς
1188 2599 1325 2671 μετά
1364 2599 1562 2669 σαρκὸς
1609 2599 1810 2649 οίκονο⁴

221 2698 362 2769 μίας
392 2697 454 2749 τὸ
494 2695 627 2765 βαθὺ
661 2695 978 2765 μυστήριον,
1029 2693 1143 2747 ἀλλ’
1191 2691 1314 2744 οὐδὲ
1360 2692 1451 2743 τὸν
1499 2688 1809 2743 ἐνοικοῦντα

217 2786 308 2855 τῷ
344 2788 413 2839 ὲκ
449 2786 721 2855 Παρθένου
774 2783 884 2854 ναῷ
937 2783 1067 2836 Θεὸν
1118 2782 1291 2851 Λόγον
1340 2782 1806 2848 ἐπιγινώσκοντες,

218 2877 378 2948 ζήλῳ
412 2875 671 2937 πολλάκις
720 2872 1137 2943 πεπλανημένῳ,
1183 2872 1278 2924 καὶ
1324 2871 1384 2924 οὐ
1416 2868 1495 2939 τῷ
1542 2869 1662 2922 κατ’
1693 2868 1812 2919 ἐπί-

216 2984 454 3037 γνωσιν,
487 2966 560 3030 ὡς
593 2969 620 3020 ὁ
664 2965 873 3028 Παῦλος
905 2981 1091 3032 φησιν,
1122 2965 1199 3026 είς
1242 2961 1542 3032 ἀγριότητα
1593 2960 1811 3029 τρόπων

219 3062 327 3115 καὶ
356 3059 665 3130 ἀνημέρους
704 3058 870 3128 ὀργάς
902 3057 1239 3120 ἐξεκαίοντο’
1271 3056 1365 3107 καὶ
1408 3054 1471 3123 δὴ
1513 3053 1604 3105 καὶ
1646 3066 1813 3105 κατα-

1978 1876 2219 1999 zmrgbus
2253 1875 2469 1943 agendis
2500 1874 2618 1941 pari
2649 1881 2907 1939 potestate
2935 1870 3216 1935 pra'ditus,
3247 1882 3302 1922 ut
3339 1869 3480 1923 Deus

2016 1964 2043 1999 e
2118 1962 2198 1998 eo.

2016 1964 2043 2001 8
2068 1962 2198 1998 υεο.

1979 2038 2053 2102 γ,
2104 2036 2193 2092 30.
2236 2034 2360 2090 Non
2403 2050 2615 2104 possunt
2664 2049 2756 2102 ego
2802 2046 2833 2085 a
2884 2032 3079 2093 meipso
3116 2032 3288 2099 facere
3333 2030 3485 2099 quid-

1903 2148 2084 2202 quam.
2146 2127 2297 2183 Sicut
2352 2127 2548 2185 audio.
2592 2125 2779 2195 judico
2828 2140 2846 2178 :
2892 2134 2940 2176 et
2988 2122 3257 2191 judicium
3313 2136 3482 2173 meum

1898 2223 2104 2292 justum
2137 2229 2245 2283 est;
2274 2220 2401 2289 quia
2436 2234 2539 2271 non
2573 2232 2752 2287 qurere
2787 2214 3114 2270 voluntatem
3163 2230 3355 2277 meam,
3394 2214 3483 2267 sed

1909 2316 2237 2372 voluntatem
2260 2312 2374 2382 ejus
2405 2312 2495 2381 qui
2527 2310 2671 2363 misit
2707 2325 2786 2362 me
2823 2307 3027 2361 Patris.

1980 2430 2213 2483 Attende
2248 2440 2468 2480 rursum
2505 2424 2692 2478 acrius
2732 2424 2786 2475 in
2834 2437 2895 2475 ca
2932 2436 3054 2490 qua:
3102 2418 3390 2479 dicuntur,
3432 2425 3485 2471 et

1908 2523 2016 2576 vim
2060 2522 2252 2573 horum
2285 2518 2577 2572 verborum
2615 2515 2891 2569 intellectu
2942 2512 3181 2582 percipe.
3216 2510 3353 2563 Cum
3388 2508 3485 2561 ,Ιησ-

1910 2613 2009 2667 dmi
2038 2612 2206 2665 altum
2234 2607 2631 2663 incarnationis
2660 2606 2979 2676 mySterium
3028 2604 3366 2671 ignorarent,
3393 2601 3487 2654 sed

1913 2717 2094 2772 neque
2131 2697 2340 2754 scirent
2388 2698 2555 2751 Deum
2582 2695 2819 2749 Verbum
2850 2692 3160 2746 inhabitare
3203 2693 3257 2742 in
3287 2691 3487 2756 templo

1912 2794 2178 2864 Virginis,
2221 2803 2457 2845 erronco
2502 2789 2823 2854 plerumque
2869 2784 3005 2844 zelo,
3034 2790 3091 2836 et
3133 2796 3239 2833 non
3288 2795 3487 2833 secun-

1912 2885 2040 2939 dum
2076 2884 2389 2943 scientiam,
2426 2890 2486 2931 ut
2524 2877 2728 2931 Paulus
2761 2876 2923 2940 ait",
2964 2876 3020 2928 in
3057 2888 3270 2927 morum
3301 2872 3490 2927 ferita-

1912 2986 2023 3032 tem
2052 2980 2108 3029 et
2142 2975 2408 3027 imn‘uines
2449 2971 2561 3024 iras
2592 2967 3029 3022 etardcscobant
3063 2982 3076 3018 :
3117 2966 3367 3033 adeoque
3411 2964 3491 3017 la-

1912 3066 2324 3138 pidibusipsum
2350 3063 2581 3115 obruere
2611 3059 2948 3119 nitebantur,
2976 3055 3147 3125 quod,
3179 3056 3339 3109 homo
3362 3069 3489 3107 cum

218 3151 411 3205 λεύειν
433 3151 746 3220 ἐπεχείρουν
783 3149 965 3211 αὑτὸν,
1001 3150 1191 3216 ὅτιπερ
1223 3145 1503 3215 ἄνθρωπος
1557 3142 1653 3206 ὢν,
1686 3144 1810 3195 ἑαυ-

1918 3165 2086 3220 esset,
2136 3156 2377 3223 seipsum
2434 3151 2602 3204 Deum
2636 3149 2869 3211 faceret,
2901 3162 2966 3201 ac
3005 3154 3295 3216 prteterea,
3343 3143 3490 3214 quod

220 3243 322 3297 τὸν
349 3242 525 3295 ἐποίει
559 3241 712 3305 Θεὸν,
763 3242 858 3294 καὶ
903 3240 1085 3303 πάλιν,
1115 3239 1196 3290 ὅτι
1237 3237 1455 3306 Πατέρα
1498 3237 1627 3289 ἴδιον
1661 3235 1811 3303 ἔλεγε

219 3335 323 3388 τὸν
364 3334 521 3397 θεὸν,
577 3334 690 3386 ἴσον
736 3333 925 3385 ἐαυτὸν
975 3331 1142 3384 ποιῶν
1189 3329 1266 3399 τῷ
1311 3328 1447 3399 Θεῷ.
1491 3328 1704 3398 Ἐπειδὴ
1756 3328 1813 3380 δὲ

218 3423 373 3499 ἦσαν
407 3424 550 3479 οὕτω
578 3423 889 3495 δυσμαθεῖς,
936 3424 1030 3476 καὶ
1072 3420 1390 3492 θεοπρεπῶν
1428 3421 1523 3490 μὲν
1551 3419 1685 3482 ὅλως
1715 3418 1814 3471 οὐκ

222 3521 556 3592 ἀνεχόμενοι
606 3519 801 3587 λόγων,
846 3517 1017 3589 μικρὰ
1059 3517 1118 3569 δὲ
1169 3516 1297 3587 περὶ
1351 3514 1515 3567 αὐτοῦ
1570 3514 1661 3568 καὶ
1686 3530 1816 3585 (ppu.

233 3613 453 3677 βιοῦντες
514 3612 609 3665 καὶ
664 3610 847 3677 λέγετε
888 3610 995 3683 [los
1052 3606 1344 3680 λέγοντες],
1392 3607 1746 3678 οἰκονομικῶς
1786 3606 1816 3659 ὀ

226 3700 430 3771 Σωτὴρ
478 3700 827 3771 συννηπιάζει
884 3700 985 3770 μὲν
1032 3701 1235 3763 αὐτοῖς,
1268 3698 1613 3769 κεκραμένην
1650 3697 1693 3750 δ’
1722 3693 1816 3750 οὖν

229 3792 390 3861 ὅμως
418 3792 652 3844 ἐποιεῖτο
679 3791 776 3860 τὴν
807 3791 1080 3861 ἐξήγησιν,
1103 3790 1227 3844 οὔτε
1270 3791 1397 3854 τοὺς
1427 3788 1504 3859 τῷ
1530 3787 1648 3859 Θεῷ
1681 3788 1818 3859 πρέ-

231 3898 443 3944 ποντας
490 3881 677 3949 λόγους
722 3880 980 3944 ὁλοτελῶς
1028 3879 1482 3951 παραιτούμενος,
1541 3878 1663 3932 οὔτε
1711 3877 1817 3949 μὴν

231 3975 320 4035 είς
346 3972 640 4043 ὀλόκληρον
663 3972 770 4025 τῶν
796 3971 1148 4044 ἀνθρωπίνων
1178 3972 1439 4043 ῥημάτων
1468 3970 1779 4039 ἀποφοιτῶν
1800 3985 1815 3998 ο

232 4062 415 4116 εἰπὼν
448 4062 505 4114 δέ
532 4079 585 4114 τι
626 4064 723 4133 τῆς
756 4062 946 4131 θεῖκῆς
989 4061 1236 4128 ἐξουσίας
1269 4062 1435 4125 ἀξιον,
1478 4059 1817 4131 παραχρῆμα

234 4154 462 4217 κολάζει
511 4153 600 4206 τὸν
655 4153 977 4207 ἀπαίδευτον
1029 4154 1137 4206 τῶν
1196 4153 1558 4223 ἀκροωμένων
1614 4152 1815 4221 θυμὸν,

236 4243 541 4313 ἐπαγαγών
570 4263 622 4297 τι
650 4245 740 4298 καὶ⁵
768 4244 1123 4317 ἀνθρώπινον,
1162 4247 1255 4299 καὶ
1297 4245 1456 4298 πάλιν
1479 4244 1819 4313 ἀνθρώπινόν

235 4354 292 4389 τι
314 4334 405 4388 διὰ
434 4334 533 4405 τὴν
559 4335 865 4403 οἰκονομίαν
893 4334 1081 4396 εἰπὼν,
1108 4335 1207 4387 οὐκ
1256 4335 1313 4385 ἐν
1348 4335 1561 4404 μικροῖς
1590 4331 1819 4402 ὁρᾶσθαι

240 4427 428 4495 μόνοις
456 4426 524 4480 τὰ
571 4427 691 4480 καθ’
723 4427 936 4492 ἑαυτὸν,
962 4426 1096 4479 Θεὸν
1142 4427 1268 4480 ὄντα
1315 4426 1453 4478 κατὰ
1499 4424 1659 4493 φύσιν
1704 4426 1821 4475 ἐπι-

235 4516 499 4572 δεικνύων
526 4519 612 4571 διὰ
645 4521 745 4589 τῆς
780 4520 919 4587 ὑπὲρ
956 4518 1239 4590 ἄνθρωπον
1289 4517 1471 4587 ἰσχύος
1526 4517 1619 4570 καὶ
1645 4517 1819 4584 λόγιυν

238 4608 522 4672 πολλάκις.
553 4610 818 4680 Τοιαύτην
844 4611 966 4663 τινὰ
995 4610 1089 4663 καὶ
1118 4610 1213 4663 νῦν
1241 4611 1298 4662 ἐν
1324 4612 1435 4673 τοῖς
1462 4608 1661 4678 ἀρτίως
1690 4610 1819 4678 ἡμῖν

237 4700 625 4770 προκειμένοις
654 4702 907 4771 εὑρήσεις
935 4701 1032 4772 τὴν
1057 4702 1271 4772 τέχνην.
1306 4700 1369 4753 Τί
1403 4700 1512 4771 γὰρ
1546 4699 1652 4770 ἔφη
1687 4698 1823 4768 φθά-

238 4812 373 4859 σας;
412 4813 431 4844 ι
475 4794 686 4864 Ὥσπερ
716 4792 824 4864 γὰρ
860 4795 889 4847 ὁ
931 4793 1119 4864 Πατὴρ
1171 4793 1372 4864 ἐγείρει
1403 4792 1526 4855 τοὺς
1572 4792 1823 4863 νεκροὺς,

237 4887 331 4937 καὶ
362 4885 652 4947 ζωοποιεῖ·
689 4904 707 4937 ι
750 4881 871 4938 εἶτα.
906 4886 1087 4949 πάλιν,
1124 4904 1142 4936 ι
1186 4885 1308 4938 ’Ὁτι
1356 4885 1570 4955 ἔρχεται
1600 4882 1739 4954 ὥρα,
1767 4885 1825 4937 ἐν

238 4971 270 5046 ᾖ
310 4976 516 5036 πάντες
545 4976 596 5027 oi.
621 4976 679 5026 ἐν
711 4977 822 5039 τοῖς
860 4976 1142 5046 μνημείοις
1172 4976 1491 5028 ἀκούσονται
1520 4974 1619 5044 τῆς
1640 4975 1828 5043 φωνῆς

237 5064 433 5118 αὐτοῦ’
478 5086 497 5117 ι
534 5067 626 5118 καὶ
650 5067 785 5137 πρὸς
825 5067 1052 5132 τούτοις,
1086 5068 1166 5121 ὅτι
1194 5067 1288 5120 καὶ
1312 5066 1680 5133 ἐξελεύσονται
1715 5083 1830 5136 κρι-

241 5156 558 5226 θησόμενοι,
613 5159 708 5209 καὶ
759 5158 1037 5227 ἀναλόγως
1088 5158 1397 5227 ὡσπερανεὶ
1451 5157 1677 5229 ἐργάται
1728 5156 1828 5226 τὴν

240 5247 592 5316 ἀντιμισθίαν
639 5249 1058 5320 ἀποληψόμενοι.
1133 5251 1189 5303 '0
1238 5251 1294 5303 δὲ
1350 5250 1603 5304 δύνασθαι
1654 5249 1827 5316 λέγων

241 5337 457 5408 οὕσπερ
484 5338 549 5390 ἂν
576 5338 746 5392 ἐθέλει
775 5338 1077 5408 ζωογονεῖν,
1114 5340 1207 5394 καὶ
1236 5340 1406 5404 οὕτως
1434 5341 1508 5404 ὡς
1534 5342 1562 5394 ὁ
1595 5340 1786 5410 Πατήρ
1808 5355 1822 5369 ⁸

150 5468 163 5473 -
243 5427 367 5489 πῶς
406 5428 474 5480 ἂν
517 5430 636 5498 οὐχὶ
688 5429 785 5500 τὴν
839 5430 957 5501 Θεῷ
1010 5431 1324 5502 πρέπουσαν
1373 5430 1599 5500 δύναμιν
1651 5429 1826 5500 ἑαυτῷ

243 5520 423 5569 νοοῖτο
452 5518 746 5588 περιτιθείς
773 5536 787 5585 ;
820 5521 1011 5574 Ἔσται
1049 5521 1104 5575 δὲ
1134 5522 1214 5575 ὅτι
1257 5522 1350 5575 καὶ
1388 5521 1602 5575 πάντων
1636 5521 1827 5591 κριτὴς

244 5611 273 5663 ὁ
303 5608 602 5680 διαρρήδην
631 5609 821 5678 εἰπὼν,
849 5611 964 5675 πῶς
1004 5613 1102 5665 οὐκ
1138 5613 1203 5666 ἂν
1254 5612 1550 5684 ἐκταράΞαι
1602 5612 1825 5674 δικαίως

245 5700 377 5761 τοὺς
397 5698 681 5770 ἄνθρωπον
703 5700 781 5755 ἐτι
804 5704 1005 5774 γυμνὸν
1031 5705 1305 5776 οἰομένους
1333 5706 1598 5777 ὑπάρχειν
1629 5705 1824 5777 αύτόνς

323 5815 368 5845 ⁶⁶
404 5812 564 5873 Rom.
596 5833 625 5871 x
649 5858 663 5884 ,
693 5819 748 5873 ἓ.

1914 3249 2132 3302 Patrem
2162 3258 2319 3299 suum
2356 3242 2524 3296 Deum
2558 3249 2795 3300 voearet,
2821 3238 3084 3307 :cqualem
3133 3237 3373 3305 aeipsum
3407 3234 3490 3289 fa-

1917 3338 2069 3393 ciens
2110 3334 2244 3388 Deo.
2284 3330 2420 3386 Cum
2468 3338 2648 3383 autem
2703 3334 2890 3383 essent
2943 3327 3079 3381 adeo
3120 3326 3370 3391 hebetes,
3426 3339 3492 3379 ac

1916 3428 2133 3484 divinos
2180 3439 2463 3480 sermones
2500 3424 2689 3492 utique
2731 3435 2837 3475 non
2870 3419 3099 3477 ferrent.
3136 3419 3313 3487 deque
3366 3419 3488 3489 ipso

1917 3521 2154 3577 tenuiter
2192 3515 2485 3570 admodum
2530 3514 2800 3569 sentirent
2837 3527 2901 3565 ac
2949 3514 3329 3582 loquerentur,
3382 3513 3495 3567 sin-

1918 3613 2091 3687 gulari
2126 3610 2365 3665 consilio
2407 3606 2659 3661 Salvator
2695 3606 2761 3661 ad
2793 3620 2984 3660 eorum
3025 3604 3319 3675 pueritiam
3368 3620 3495 3660 sese

1917 3708 2182 3772 demittit,
2230 3709 2532 3773 temperata
2589 3699 2953 3753 nihilominus
3008 3698 3354 3767 expositione
3387 3697 3497 3750 uti-

1918 3808 2030 3861 tur,
2072 3813 2198 3852 cum
2245 3808 2347 3850 nec
2383 3793 2777 3847 convenientes
2830 3788 2942 3844 Deo
3000 3803 3285 3844 sermones
3335 3789 3497 3859 plane

1918 3890 2186 3960 repudiet,
2216 3902 2321 3941 nec
2361 3885 2429 3939 ab
2458 3883 2715 3937 humanis
2747 3881 3034 3935 vocabulis
3085 3880 3139 3933 in
3175 3887 3347 3934 totum
3403 3895 3493 3933 re—

1920 3982 2091 4053 fugiat
2132 3999 2143 4034 :
2174 3980 2270 4034 sed
2304 3978 2492 4032 divina
2533 3982 2806 4044 potestate
2834 3974 3060 4043 dignum
3097 3969 3305 4040 aliquid
3345 3973 3496 4024 loeu-

1919 4084 2044 4133 tus,
2093 4069 2282 4125 statim
2332 4066 2539 4137 aliquid
2582 4066 2883 4119 humanum
2931 4062 3150 4131 subjicit
3187 4078 3297 4131 quo
3346 4063 3497 4115 inso-

1921 4168 2118 4221 lentem
2160 4179 2351 4218 eorum
2407 4163 2649 4215 animum
2708 4159 3012 4228 reprimat;
3067 4165 3120 4211 et
3166 4170 3362 4208 rursus
3403 4154 3493 4208 ubi

1923 4265 2149 4325 propter
2188 4252 2589 4309 incarnationis
2628 4249 3099 4320 dispensationem
3157 4244 3359 4314 aliquid
3395 4245 3497 4298 hu-

1920 4361 2142 4400 manum
2189 4343 2440 4413 protulit,
2475 4342 2681 4395 virtute
2729 4349 2783 4394 et
2815 4351 2946 4392 voce
2998 4337 3237 4390 humana
3298 4335 3495 4401 majori

1926 4452 2068 4507 saepe
2100 4435 2346 4489 ostendit
2386 4450 2465 4496 se,
2513 4432 2656 4487 Deus
2688 4444 2813 4484 cum
2857 4430 2931 4484 sit
2980 4427 3282 4483 secundum
3336 4435 3498 4480 natu--

1924 4544 2066 4594 ram,
2115 4530 2170 4582 in
2201 4542 2268 4581 eo
2309 4534 2523 4579 tantum
2572 4522 2906 4578 humilitatis
2938 4528 3082 4577 statu
3116 4536 3226 4574 non
3264 4520 3494 4574 versari.

1926 4619 2240 4676 istiusmodi
2269 4618 2561 4688 quamdam
2586 4624 2759 4671 artem
2792 4614 2956 4669 etiam
2995 4615 3049 4668 in
3082 4615 3151 4668 iis
3181 4629 3304 4684 qua:
3334 4614 3500 4668 modo

1925 4712 2206 4781 proposita
2252 4717 2384 4764 sunt
2426 4709 2690 4777 reperies.
2742 4707 2856 4764 Cur
2894 4707 3041 4762 enim
3103 4716 3260 4760 antea
3303 4705 3441 4759 dixit
3482 4724 3494 4758 :
3576 4744 3583 4752 ,

1933 4822 1952 4855 ι
1987 4803 2141 4857 Sicut
2173 4802 2318 4857 enim
2350 4801 2508 4854 Pater
2538 4801 2771 4854 suscitat
2801 4807 3071 4861 mortuos,
3090 4805 3145 4850 et
3166 4797 3446 4859 viviﬁcat;
3476 4816 3494 4846 ι

1927 4898 2058 4952 item
2100 4913 2113 4949 :
2158 4913 2181 4944 ¢
2225 4893 2365 4961 Quia
2402 4893 2553 4948 venit
2600 4893 2758 4955 hora,
2793 4893 2848 4945 in
2902 4906 3009 4961 qua
3058 4904 3248 4943 omnes
3298 4887 3499 4941 mortui

1928 4998 2116 5041 vocem
2162 4985 2285 5052 ejus
2325 4984 2593 5049 audient;
2633 5002 2651 5035 ι
2687 4993 2980 5052 prmtcrea,
3028 4991 3085 5034 et
3123 4978 3269 5048 quod
3313 4991 3502 5045 proce-

1932 5079 2063 5133 dent
2100 5074 2372 5144 judicium
2411 5075 2676 5135 subituri,
2708 5083 2766 5128 ct
2819 5088 2917 5143 pro
2959 5071 3078 5126 suis
3114 5067 3324 5123 meritis
3361 5082 3502 5122 mer-

1929 5168 2119 5223 cedem
2151 5166 2472 5235 recepturi?
2507 5166 2577 5218 At
2612 5165 2703 5235 qui
2738 5165 2873 5219 dicit
2912 5176 3074 5233 posse
3106 5175 3166 5214 se
3199 5174 3338 5228 quos
3368 5157 3500 5212 velit

1928 5258 2229 5319 viviﬁcare,
2259 5273 2369 5311 non
2397 5272 2558 5312 secus
2595 5271 2659 5309 ac.
2688 5254 2852 5308 Pater
2882 5272 2894 5306 :
2923 5251 3197 5322 quomodo
3233 5265 3339 5304 non
3372 5264 3501 5304 cen-

1933 5352 2141 5407 sebitur
2188 5351 2432 5406 divinam
2479 5350 2584 5405 sibi
2633 5349 2861 5419 gloriam
2895 5345 3193 5414 arrogare?
3224 5343 3328 5410 Qui
3371 5358 3502 5397 vero

1930 5444 2112 5513 palam
2150 5444 2351 5497 usserit
2384 5457 2443 5497 se
2472 5443 2856 5495 universorum
2898 5438 3012 5491 lore
3062 5436 3327 5505 judicem,
3360 5450 3498 5505 quo—

1935 5532 2097 5586 modo
2118 5546 2226 5585 non
2264 5531 2387 5600 jure
2424 5532 2684 5601 percellet
2716 5544 2812 5584 eos
2850 5528 2942 5597 qui
2980 5543 3190 5581 merum
3222 5525 3498 5579 hominem

1934 5623 2099 5694 238
2141 5625 2317 5692 ipsum
2355 5636 2478 5677 esse
2512 5622 2743 5692 putant?
2788 5622 2925 5676 Cum
2967 5620 3113 5674 enim
3158 5617 3367 5671 ηοω-εἰ
3412 5630 3501 5668 es-

1934 5723 2076 5782 sent,
2109 5730 2171 5769 ac
2198 5713 2406 5770 divinis
2438 5715 2643 5771 eruditi
2679 5713 2924 5778 Litteris,
2959 5711 3242 5783 probabile
3266 5714 3383 5764 erat
3404 5720 3500 5762 eos
