  <div class='ocr_page' id='page_1' title='image "/cluster/home/n/w/nwhite01/storage/ocr_20150623/73/hvd.32044019207877/215.png"; bbox 0 0 4102 6554; ppageno 0'>
   <div class='ocr_carea' id='block_1_1' title="bbox 662 410 768 470">
    <p class='ocr_par' dir='ltr' id='par_1_1' title="bbox 662 410 768 470">
     <span class='ocr_line' id='line_1_1' title="bbox 662 410 768 470; baseline 0.019 -2"><span class='ocrx_word' id='word_1_1' title='bbox 662 410 768 470; x_wconf 74' lang='grc'><strong>533</strong></span> 
     </span>
    </p>
   </div>
   <div class='ocr_carea' id='block_1_2' title="bbox 1649 393 2888 476">
    <p class='ocr_par' dir='ltr' id='par_1_2' title="bbox 1649 393 2888 476">
     <span class='ocr_line' id='line_1_2' title="bbox 1649 393 2888 476; baseline 0.002 -11"><span class='ocrx_word' id='word_1_2' title='bbox 1649 410 1705 465; x_wconf 91' lang='lat' dir='ltr'><strong>s.</strong></span> <span class='ocrx_word' id='word_1_3' title='bbox 1743 410 2018 465; x_wconf 71' lang='lat' dir='ltr'><strong>unum</strong></span> <span class='ocrx_word' id='word_1_4' title='bbox 2059 409 2528 467; x_wconf 67' lang='lat' dir='ltr'><strong>ALEXAanm</strong></span> <span class='ocrx_word' id='word_1_5' title='bbox 2569 393 2888 476; x_wconf 72' lang='lat' dir='ltr'><strong>ARCIHEP;</strong></span> 
     </span>
    </p>
   </div>
   <div class='ocr_carea' id='block_1_3' title="bbox 3795 420 3902 476">
    <p class='ocr_par' dir='ltr' id='par_1_3' title="bbox 3795 420 3902 476">
     <span class='ocr_line' id='line_1_3' title="bbox 3795 420 3902 476; baseline 0.009 -1"><span class='ocrx_word' id='word_1_6' title='bbox 3795 420 3902 476; x_wconf 61' lang='lat'><strong>384</strong></span> 
     </span>
    </p>
   </div>
   <div class='ocr_carea' id='block_1_4' title="bbox 663 526 2218 604">
    <p class='ocr_par' dir='ltr' id='par_1_4' title="bbox 663 526 2218 599">
     <span class='ocr_line' id='line_1_4' title="bbox 663 526 2218 599; baseline -0.003 -15"><span class='ocrx_word' id='word_1_7' title='bbox 663 539 716 584; x_wconf 88' lang='lat' dir='ltr'><strong>te</strong></span> <span class='ocrx_word' id='word_1_8' title='bbox 749 539 802 584; x_wconf 86' lang='lat' dir='ltr'><strong>et</strong></span> <span class='ocrx_word' id='word_1_9' title='bbox 844 529 1135 599; x_wconf 73' lang='lat' dir='ltr'><strong>splendore</strong></span> <span class='ocrx_word' id='word_1_10' title='bbox 1180 542 1491 584; x_wconf 77' lang='lat' dir='ltr'><strong>sermonem</strong></span> <span class='ocrx_word' id='word_1_11' title='bbox 1526 536 1842 597; x_wconf 81' lang='lat' dir='ltr'><strong>temperans</strong></span> <span class='ocrx_word' id='word_1_12' title='bbox 1891 526 2218 584; x_wconf 86' lang='lat' dir='ltr'><strong>humanitati</strong></span> 
     </span>
    </p>
   </div>
   <div class='ocr_carea' id='block_1_5' title="bbox 2322 526 3903 604">
    <p class='ocr_par' dir='ltr' id='par_1_5' title="bbox 2333 528 3903 604">
     <span class='ocr_line' id='line_1_5' title="bbox 2333 528 3903 604; baseline 0.005 -24"><span class='ocrx_word' id='word_1_13' title='bbox 2333 529 2429 580; x_wconf 69' lang='grc' dir='ltr'><strong>καὶ</strong></span> <span class='ocrx_word' id='word_1_14' title='bbox 2466 528 2808 601; x_wconf 77' lang='grc' dir='ltr'><strong>λαμπρότητι</strong></span> <span class='ocrx_word' id='word_1_15' title='bbox 2835 535 2900 601; x_wconf 74' lang='grc' dir='ltr'>τῇ</span> <span class='ocrx_word' id='word_1_16' title='bbox 2950 531 3247 602; x_wconf 81' lang='grc' dir='ltr'>θεοπρεπεῖ</span> <span class='ocrx_word' id='word_1_17' title='bbox 3275 533 3362 593; x_wconf 70' lang='grc' dir='ltr'><strong>τὸν</strong></span> <span class='ocrx_word' id='word_1_18' title='bbox 3387 533 3693 604; x_wconf 71' lang='grc' dir='ltr'><strong>ἁρμόζοντα</strong></span> <span class='ocrx_word' id='word_1_19' title='bbox 3719 537 3782 604; x_wconf 79' lang='grc' dir='ltr'>τῇ</span> <span class='ocrx_word' id='word_1_20' title='bbox 3811 536 3903 588; x_wconf 85' lang='grc' dir='ltr'>ἀν-</span> 
     </span>
    </p>
   </div>
   <div class='ocr_carea' id='block_1_6' title="bbox 661 616 2231 688">
    <p class='ocr_par' dir='ltr' id='par_1_6' title="bbox 661 616 2231 688">
     <span class='ocr_line' id='line_1_6' title="bbox 661 616 2231 688; baseline -0.001 -15"><span class='ocrx_word' id='word_1_21' title='bbox 661 621 1100 683; x_wconf 78' lang='lat' dir='ltr'><strong>couvenientem,</strong></span> <span class='ocrx_word' id='word_1_22' title='bbox 1139 620 1233 672; x_wconf 71' lang='lat' dir='ltr'><strong>ine</strong></span> <span class='ocrx_word' id='word_1_23' title='bbox 1286 619 1640 688; x_wconf 74' lang='lat' dir='ltr'><strong>asperitatem</strong></span> <span class='ocrx_word' id='word_1_24' title='bbox 1695 617 1982 681; x_wconf 88' lang='lat' dir='ltr'><strong>subducit,</strong></span> <span class='ocrx_word' id='word_1_25' title='bbox 2034 616 2231 672; x_wconf 88' lang='lat' dir='ltr'><strong>mitius</strong></span> 
     </span>
    </p>
   </div>
   <div class='ocr_carea' id='block_1_7' title="bbox 662 705 2231 778">
    <p class='ocr_par' dir='ltr' id='par_1_7' title="bbox 662 705 2231 778">
     <span class='ocr_line' id='line_1_7' title="bbox 662 705 2231 778; baseline 0.001 -18"><span class='ocrx_word' id='word_1_26' title='bbox 662 709 1064 778; x_wconf 87' lang='lat' dir='ltr'><strong>quodammodo</strong></span> <span class='ocrx_word' id='word_1_27' title='bbox 1113 725 1178 763; x_wconf 85' lang='lat' dir='ltr'><strong>ac</strong></span> <span class='ocrx_word' id='word_1_28' title='bbox 1222 709 1560 768; x_wconf 81' lang='lat' dir='ltr'><strong>submissius</strong></span> <span class='ocrx_word' id='word_1_29' title='bbox 1600 723 1764 778; x_wconf 80' lang='lat' dir='ltr'><strong>quam</strong></span> <span class='ocrx_word' id='word_1_30' title='bbox 1823 706 2111 777; x_wconf 87' lang='lat' dir='ltr'><strong>oportebat</strong></span> <span class='ocrx_word' id='word_1_31' title='bbox 2148 705 2231 761; x_wconf 85' lang='lat' dir='ltr'><strong>di-</strong></span> 
     </span>
    </p>
   </div>
   <div class='ocr_carea' id='block_1_8' title="bbox 661 797 2228 866">
    <p class='ocr_par' dir='ltr' id='par_1_8' title="bbox 661 797 2228 866">
     <span class='ocr_line' id='line_1_8' title="bbox 661 797 2228 866; baseline -0.001 -12"><span class='ocrx_word' id='word_1_32' title='bbox 661 815 793 856; x_wconf 76' lang='lat' dir='ltr'><strong>cons</strong></span> <span class='ocrx_word' id='word_1_33' title='bbox 819 818 831 851; x_wconf 89' lang='lat'><em>:</em></span> <span class='ocrx_word' id='word_1_34' title='bbox 857 819 874 850; x_wconf 79' lang='grc' dir='ltr'><strong>ι</strong></span> <span class='ocrx_word' id='word_1_35' title='bbox 905 799 1235 856; x_wconf 77' lang='lat' dir='ltr'><strong>Sicuten&#39;tm</strong></span> <span class='ocrx_word' id='word_1_36' title='bbox 1266 800 1427 854; x_wconf 79' lang='lat' dir='ltr'><strong>Pater</strong></span> <span class='ocrx_word' id='word_1_37' title='bbox 1452 799 1613 852; x_wconf 78' lang='lat' dir='ltr'><strong>habet</strong></span> <span class='ocrx_word' id='word_1_38' title='bbox 1637 800 1804 851; x_wconf 74' lang='lat' dir='ltr'><strong>vitam</strong></span> <span class='ocrx_word' id='word_1_39' title='bbox 1823 799 1878 850; x_wconf 88' lang='lat' dir='ltr'><strong>in</strong></span> <span class='ocrx_word' id='word_1_40' title='bbox 1908 797 2228 866; x_wconf 84' lang='lat' dir='ltr'><strong>semetipso,</strong></span> 
     </span>
    </p>
   </div>
   <div class='ocr_carea' id='block_1_9' title="bbox 661 887 2232 957">
    <p class='ocr_par' dir='ltr' id='par_1_9' title="bbox 661 887 2232 957">
     <span class='ocr_line' id='line_1_9' title="bbox 661 887 2232 957; baseline 0 -15"><span class='ocrx_word' id='word_1_41' title='bbox 661 891 742 942; x_wconf 91' lang='lat' dir='ltr'><strong>sic</strong></span> <span class='ocrx_word' id='word_1_42' title='bbox 778 901 830 944; x_wconf 90' lang='lat' dir='ltr'><strong>et</strong></span> <span class='ocrx_word' id='word_1_43' title='bbox 862 888 998 944; x_wconf 79' lang='lat' dir='ltr'><strong>Filio</strong></span> <span class='ocrx_word' id='word_1_44' title='bbox 1025 889 1176 944; x_wconf 97' lang='lat' dir='ltr'><strong>dedit</strong></span> <span class='ocrx_word' id='word_1_45' title='bbox 1211 890 1415 946; x_wconf 82' lang='lat' dir='ltr'><strong>habere</strong></span> <span class='ocrx_word' id='word_1_46' title='bbox 1440 890 1606 944; x_wconf 81' lang='lat' dir='ltr'><strong>vitam</strong></span> <span class='ocrx_word' id='word_1_47' title='bbox 1638 888 1691 942; x_wconf 91' lang='lat' dir='ltr'><strong>in</strong></span> <span class='ocrx_word' id='word_1_48' title='bbox 1724 889 2043 957; x_wconf 85' lang='lat' dir='ltr'><strong>semetipso.</strong></span> <span class='ocrx_word' id='word_1_49' title='bbox 2078 907 2096 939; x_wconf 84' lang='grc'><strong>›</strong></span> <span class='ocrx_word' id='word_1_50' title='bbox 2125 887 2232 942; x_wconf 83' lang='grc' dir='ltr'><strong>Νο-</strong></span> 
     </span>
    </p>
   </div>
   <div class='ocr_carea' id='block_1_10' title="bbox 659 981 2226 1053">
    <p class='ocr_par' dir='ltr' id='par_1_10' title="bbox 659 981 2226 1053">
     <span class='ocr_line' id='line_1_10' title="bbox 659 981 2226 1053; baseline 0.001 -19"><span class='ocrx_word' id='word_1_51' title='bbox 659 981 754 1036; x_wconf 88' lang='lat' dir='ltr'><strong>lite</strong></span> <span class='ocrx_word' id='word_1_52' title='bbox 781 984 997 1047; x_wconf 82' lang='lat' dir='ltr'><strong>mirari,</strong></span> <span class='ocrx_word' id='word_1_53' title='bbox 1031 985 1232 1053; x_wconf 80' lang='lat' dir='ltr'><strong>inquit,</strong></span> <span class='ocrx_word' id='word_1_54' title='bbox 1261 985 1305 1039; x_wconf 89' lang='lat' dir='ltr'><strong>si</strong></span> <span class='ocrx_word' id='word_1_55' title='bbox 1345 1000 1471 1040; x_wconf 84' lang='lat' dir='ltr'><strong>cum</strong></span> <span class='ocrx_word' id='word_1_56' title='bbox 1499 984 1668 1040; x_wconf 77' lang='lat' dir='ltr'><strong>vestri</strong></span> <span class='ocrx_word' id='word_1_57' title='bbox 1692 983 2072 1040; x_wconf 25' lang='lat' dir='ltr'><strong>nunersimilis</strong></span> <span class='ocrx_word' id='word_1_58' title='bbox 2101 984 2226 1046; x_wconf 90' lang='lat' dir='ltr'><strong>sim,</strong></span> 
     </span>
    </p>
   </div>
   <div class='ocr_carea' id='block_1_11' title="bbox 658 1073 2229 1143">
    <p class='ocr_par' dir='ltr' id='par_1_11' title="bbox 658 1073 2229 1143">
     <span class='ocr_line' id='line_1_11' title="bbox 658 1073 2229 1143; baseline 0.001 -19"><span class='ocrx_word' id='word_1_59' title='bbox 658 1088 723 1126; x_wconf 86' lang='lat' dir='ltr'><strong>ac</strong></span> <span class='ocrx_word' id='word_1_60' title='bbox 755 1073 943 1130; x_wconf 80' lang='lat' dir='ltr'><strong>videar</strong></span> <span class='ocrx_word' id='word_1_61' title='bbox 975 1076 1165 1142; x_wconf 82' lang='lat' dir='ltr'><strong>homo,</strong></span> <span class='ocrx_word' id='word_1_62' title='bbox 1195 1086 1444 1138; x_wconf 73' lang='lat' dir='ltr'><strong>mortuos</strong></span> <span class='ocrx_word' id='word_1_63' title='bbox 1467 1092 1553 1130; x_wconf 90' lang='lat' dir='ltr'><strong>me</strong></span> <span class='ocrx_word' id='word_1_64' title='bbox 1580 1076 1976 1132; x_wconf 66' lang='lat' dir='ltr'><strong>suscitat-unum</strong></span> <span class='ocrx_word' id='word_1_65' title='bbox 1998 1073 2229 1143; x_wconf 87' lang='lat' dir='ltr'><strong>promit-</strong></span> 
     </span>
    </p>
   </div>
   <div class='ocr_carea' id='block_1_12' title="bbox 659 1163 2229 1234">
    <p class='ocr_par' dir='ltr' id='par_1_12' title="bbox 659 1163 2229 1234">
     <span class='ocr_line' id='line_1_12' title="bbox 659 1163 2229 1234; baseline 0.001 -19"><span class='ocrx_word' id='word_1_66' title='bbox 659 1172 744 1227; x_wconf 88' lang='lat' dir='ltr'><strong>to,</strong></span> <span class='ocrx_word' id='word_1_67' title='bbox 790 1173 836 1218; x_wconf 86' lang='lat' dir='ltr'><strong>et</strong></span> <span class='ocrx_word' id='word_1_68' title='bbox 892 1165 947 1219; x_wconf 89' lang='lat' dir='ltr'><strong>in</strong></span> <span class='ocrx_word' id='word_1_69' title='bbox 1005 1166 1276 1234; x_wconf 85' lang='lat' dir='ltr'><strong>judicium</strong></span> <span class='ocrx_word' id='word_1_70' title='bbox 1327 1166 1695 1222; x_wconf 81' lang='lat' dir='ltr'><strong>adducturum</strong></span> <span class='ocrx_word' id='word_1_71' title='bbox 1757 1164 1988 1217; x_wconf 77' lang='lat' dir='ltr'><strong>miniter</strong></span> <span class='ocrx_word' id='word_1_72' title='bbox 2025 1184 2038 1218; x_wconf 88' lang='lat'><strong>:</strong></span> <span class='ocrx_word' id='word_1_73' title='bbox 2073 1163 2229 1222; x_wconf 90' lang='lat' dir='ltr'><strong>dedit</strong></span> 
     </span>
    </p>
   </div>
   <div class='ocr_carea' id='block_1_13' title="bbox 658 1253 2230 1325">
    <p class='ocr_par' dir='ltr' id='par_1_13' title="bbox 658 1253 2230 1325">
     <span class='ocr_line' id='line_1_13' title="bbox 658 1253 2230 1325; baseline 0.002 -19"><span class='ocrx_word' id='word_1_74' title='bbox 658 1256 862 1325; x_wconf 83' lang='lat' dir='ltr'><strong>quippe</strong></span> <span class='ocrx_word' id='word_1_75' title='bbox 921 1257 1054 1310; x_wconf 89' lang='lat' dir='ltr'><strong>mihi</strong></span> <span class='ocrx_word' id='word_1_76' title='bbox 1109 1257 1269 1310; x_wconf 82' lang='lat' dir='ltr'><strong>Pater</strong></span> <span class='ocrx_word' id='word_1_77' title='bbox 1303 1264 1630 1325; x_wconf 82' lang='lat' dir='ltr'><strong>potestatem</strong></span> <span class='ocrx_word' id='word_1_78' title='bbox 1687 1253 2030 1318; x_wconf 76' lang='lat' dir='ltr'><strong>vivilicandi,</strong></span> <span class='ocrx_word' id='word_1_79' title='bbox 2079 1255 2230 1310; x_wconf 85' lang='lat' dir='ltr'><strong>dedit</strong></span> 
     </span>
    </p>
   </div>
   <div class='ocr_carea' id='block_1_14' title="bbox 661 1346 2228 1417">
    <p class='ocr_par' dir='ltr' id='par_1_14' title="bbox 661 1346 2228 1417">
     <span class='ocr_line' id='line_1_14' title="bbox 661 1346 2228 1417; baseline 0.002 -18"><span class='ocrx_word' id='word_1_80' title='bbox 661 1346 796 1399; x_wconf 83' lang='lat' dir='ltr'><strong>mihi</strong></span> <span class='ocrx_word' id='word_1_81' title='bbox 845 1347 1131 1415; x_wconf 82' lang='lat' dir='ltr'><strong>judicandi</strong></span> <span class='ocrx_word' id='word_1_82' title='bbox 1176 1356 1530 1417; x_wconf 70' lang='lat' dir='ltr'><strong>petestatem.</strong></span> <span class='ocrx_word' id='word_1_83' title='bbox 1565 1346 1861 1416; x_wconf 82' lang='lat' dir='ltr'><strong>Postquam</strong></span> <span class='ocrx_word' id='word_1_84' title='bbox 1917 1355 2101 1402; x_wconf 83' lang='lat' dir='ltr'><strong>autem</strong></span> <span class='ocrx_word' id='word_1_85' title='bbox 2132 1346 2228 1402; x_wconf 78' lang='lat' dir='ltr'><strong>Ju-</strong></span> 
     </span>
    </p>
   </div>
   <div class='ocr_carea' id='block_1_15' title="bbox 657 1436 2229 1503">
    <p class='ocr_par' dir='ltr' id='par_1_15' title="bbox 657 1436 2229 1503">
     <span class='ocr_line' id='line_1_15' title="bbox 657 1436 2229 1503; baseline 0.001 -13"><span class='ocrx_word' id='word_1_86' title='bbox 657 1436 898 1490; x_wconf 85' lang='lat' dir='ltr'><strong>daeorum</strong></span> <span class='ocrx_word' id='word_1_87' title='bbox 951 1438 1192 1492; x_wconf 86' lang='lat' dir='ltr'><strong>lubricas</strong></span> <span class='ocrx_word' id='word_1_88' title='bbox 1237 1453 1399 1492; x_wconf 83' lang='lat' dir='ltr'><strong>aures</strong></span> <span class='ocrx_word' id='word_1_89' title='bbox 1451 1437 1536 1492; x_wconf 91' lang='lat' dir='ltr'><strong>his</strong></span> <span class='ocrx_word' id='word_1_90' title='bbox 1568 1438 1750 1493; x_wconf 83' lang='lat' dir='ltr'><strong>verbis</strong></span> <span class='ocrx_word' id='word_1_91' title='bbox 1806 1439 2041 1503; x_wconf 84' lang='lat' dir='ltr'><strong>curavit,</strong></span> <span class='ocrx_word' id='word_1_92' title='bbox 2080 1438 2229 1498; x_wconf 80' lang='lat' dir='ltr'><strong>illico</strong></span> 
     </span>
    </p>
   </div>
   <div class='ocr_carea' id='block_1_16' title="bbox 657 1527 2228 1600">
    <p class='ocr_par' dir='ltr' id='par_1_16' title="bbox 657 1527 2228 1600">
     <span class='ocr_line' id='line_1_16' title="bbox 657 1527 2228 1600; baseline 0.003 -20"><span class='ocrx_word' id='word_1_93' title='bbox 657 1541 717 1582; x_wconf 86' lang='lat' dir='ltr'><strong>se</strong></span> <span class='ocrx_word' id='word_1_94' title='bbox 752 1527 820 1580; x_wconf 85' lang='lat' dir='ltr'><strong>ad</strong></span> <span class='ocrx_word' id='word_1_95' title='bbox 855 1529 1136 1596; x_wconf 83' lang='lat' dir='ltr'><strong>sequentia</strong></span> <span class='ocrx_word' id='word_1_96' title='bbox 1177 1530 1473 1593; x_wconf 81' lang='lat' dir='ltr'><strong>convertit,</strong></span> <span class='ocrx_word' id='word_1_97' title='bbox 1505 1537 1563 1584; x_wconf 91' lang='lat' dir='ltr'><strong>et</strong></span> <span class='ocrx_word' id='word_1_98' title='bbox 1592 1543 1816 1584; x_wconf 87' lang='lat' dir='ltr'><strong>causam</strong></span> <span class='ocrx_word' id='word_1_99' title='bbox 1847 1531 2033 1585; x_wconf 84' lang='lat' dir='ltr'><strong>statim</strong></span> <span class='ocrx_word' id='word_1_100' title='bbox 2056 1545 2228 1600; x_wconf 80' lang='lat' dir='ltr'><strong>expo-</strong></span> 
     </span>
    </p>
   </div>
   <div class='ocr_carea' id='block_1_17' title="bbox 655 1619 2224 1689">
    <p class='ocr_par' dir='ltr' id='par_1_17' title="bbox 655 1619 2224 1689">
     <span class='ocr_line' id='line_1_17' title="bbox 655 1619 2224 1689; baseline 0.004 -19"><span class='ocrx_word' id='word_1_101' title='bbox 655 1633 813 1682; x_wconf 86' lang='lat' dir='ltr'><strong>nens,</strong></span> <span class='ocrx_word' id='word_1_102' title='bbox 847 1619 919 1672; x_wconf 87' lang='lat' dir='ltr'><strong>ob</strong></span> <span class='ocrx_word' id='word_1_103' title='bbox 951 1633 1114 1687; x_wconf 89' lang='lat' dir='ltr'><strong>quam</strong></span> <span class='ocrx_word' id='word_1_104' title='bbox 1157 1619 1235 1672; x_wconf 90' lang='lat' dir='ltr'><strong>ait</strong></span> <span class='ocrx_word' id='word_1_105' title='bbox 1269 1635 1328 1674; x_wconf 88' lang='lat' dir='ltr'><strong>se</strong></span> <span class='ocrx_word' id='word_1_106' title='bbox 1376 1627 1701 1688; x_wconf 86' lang='lat' dir='ltr'><strong>potestatem</strong></span> <span class='ocrx_word' id='word_1_107' title='bbox 1733 1620 1886 1674; x_wconf 84' lang='lat' dir='ltr'><strong>illam</strong></span> <span class='ocrx_word' id='word_1_108' title='bbox 1917 1621 2224 1689; x_wconf 87' lang='lat' dir='ltr'><strong>accepisse,</strong></span> 
     </span>
    </p>
   </div>
   <div class='ocr_carea' id='block_1_18' title="bbox 645 1705 2222 1777">
    <p class='ocr_par' dir='ltr' id='par_1_18' title="bbox 645 1705 2222 1777">
     <span class='ocr_line' id='line_1_18' title="bbox 645 1705 2222 1777; baseline -0.001 -17"><span class='ocrx_word' id='word_1_109' title='bbox 645 1707 915 1760; x_wconf 83' lang='lat' dir='ltr'><strong>nimirum</strong></span> <span class='ocrx_word' id='word_1_110' title='bbox 949 1706 1378 1770; x_wconf 85' lang='lat' dir='ltr'><strong>humanitatem,</strong></span> <span class='ocrx_word' id='word_1_111' title='bbox 1413 1722 1534 1776; x_wconf 68' lang='lat' dir='ltr'><strong>quae</strong></span> <span class='ocrx_word' id='word_1_112' title='bbox 1573 1721 1604 1760; x_wconf 88' lang='lat' dir='ltr'><strong>a</strong></span> <span class='ocrx_word' id='word_1_113' title='bbox 1648 1706 1828 1777; x_wconf 85' lang='lat' dir='ltr'><strong>seipsa</strong></span> <span class='ocrx_word' id='word_1_114' title='bbox 1871 1705 2009 1759; x_wconf 88' lang='lat' dir='ltr'><strong>nihil</strong></span> <span class='ocrx_word' id='word_1_115' title='bbox 2036 1705 2222 1768; x_wconf 89' lang='lat' dir='ltr'><strong>habet,</strong></span> 
     </span>
    </p>
   </div>
   <div class='ocr_carea' id='block_1_19' title="bbox 651 1795 2223 1866">
    <p class='ocr_par' dir='ltr' id='par_1_19' title="bbox 651 1795 2223 1866">
     <span class='ocr_line' id='line_1_19' title="bbox 651 1795 2223 1866; baseline -0.001 -16"><span class='ocrx_word' id='word_1_116' title='bbox 651 1796 878 1866; x_wconf 85' lang='lat' dir='ltr'><strong>subjicit</strong></span> <span class='ocrx_word' id='word_1_117' title='bbox 909 1815 920 1850; x_wconf 88' lang='lat'><strong>:</strong></span> <span class='ocrx_word' id='word_1_118' title='bbox 957 1816 974 1847; x_wconf 83' lang='grc' dir='ltr'><strong>ι</strong></span> <span class='ocrx_word' id='word_1_119' title='bbox 1015 1795 1153 1862; x_wconf 87' lang='lat' dir='ltr'><strong>Quia</strong></span> <span class='ocrx_word' id='word_1_120' title='bbox 1200 1795 1374 1850; x_wconf 89' lang='lat' dir='ltr'><strong>Filius</strong></span> <span class='ocrx_word' id='word_1_121' title='bbox 1424 1797 1664 1851; x_wconf 88' lang='lat' dir='ltr'><strong>hominis</strong></span> <span class='ocrx_word' id='word_1_122' title='bbox 1697 1807 1802 1851; x_wconf 82' lang='lat' dir='ltr'><strong>est.</strong></span> <span class='ocrx_word' id='word_1_123' title='bbox 1835 1815 1853 1848; x_wconf 77' lang='grc' dir='ltr'><strong>ι</strong></span> <span class='ocrx_word' id='word_1_124' title='bbox 1889 1795 2044 1862; x_wconf 84' lang='lat' dir='ltr'><strong>Quod</strong></span> <span class='ocrx_word' id='word_1_125' title='bbox 2076 1797 2223 1850; x_wconf 87' lang='lat' dir='ltr'><strong>enim</strong></span> 
     </span>
    </p>
   </div>
   <div class='ocr_carea' id='block_1_20' title="bbox 2335 617 3902 694">
    <p class='ocr_par' dir='ltr' id='par_1_20' title="bbox 2335 617 3902 694">
     <span class='ocr_line' id='line_1_20' title="bbox 2335 617 3902 694; baseline 0.009 -24"><span class='ocrx_word' id='word_1_126' title='bbox 2335 617 2644 688; x_wconf 82' lang='grc' dir='ltr'>θρωπότητι</span> <span class='ocrx_word' id='word_1_127' title='bbox 2687 619 3212 687; x_wconf 79' lang='grc' dir='ltr'>λόγον,ύποκλέπτει</span> <span class='ocrx_word' id='word_1_128' title='bbox 3246 621 3306 677; x_wconf 80' lang='grc' dir='ltr'>τὸ</span> <span class='ocrx_word' id='word_1_129' title='bbox 3357 623 3496 694; x_wconf 78' lang='grc' dir='ltr'>βαρὺ</span> <span class='ocrx_word' id='word_1_130' title='bbox 3550 623 3648 692; x_wconf 79' lang='grc' dir='ltr'>τῆς</span> <span class='ocrx_word' id='word_1_131' title='bbox 3699 623 3902 692; x_wconf 70' lang='grc' dir='ltr'>ὀργῆς,</span> 
     </span>
    </p>
   </div>
   <div class='ocr_carea' id='block_1_21' title="bbox 2333 706 3899 784">
    <p class='ocr_par' dir='ltr' id='par_1_21' title="bbox 2333 706 3899 784">
     <span class='ocr_line' id='line_1_21' title="bbox 2333 706 3899 784; baseline 0.002 -23"><span class='ocrx_word' id='word_1_132' title='bbox 2333 709 2732 777; x_wconf 76' lang='grc' dir='ltr'>ἐπιεικέστερόν</span> <span class='ocrx_word' id='word_1_133' title='bbox 2780 727 2896 773; x_wconf 80' lang='grc' dir='ltr'><strong>πως</strong></span> <span class='ocrx_word' id='word_1_134' title='bbox 2955 711 3049 769; x_wconf 72' lang='grc' dir='ltr'><strong>καὶ</strong></span> <span class='ocrx_word' id='word_1_135' title='bbox 3080 711 3386 780; x_wconf 69' lang='grc' dir='ltr'>ὑφειμένως</span> <span class='ocrx_word' id='word_1_136' title='bbox 3411 750 3425 774; x_wconf 90' lang='grc'>,</span> <span class='ocrx_word' id='word_1_137' title='bbox 3456 712 3488 781; x_wconf 85' lang='grc' dir='ltr'>ἢ</span> <span class='ocrx_word' id='word_1_138' title='bbox 3515 706 3669 784; x_wconf 79' lang='grc' dir='ltr'>ᾗπερ</span> <span class='ocrx_word' id='word_1_139' title='bbox 3717 713 3899 782; x_wconf 75' lang='grc' dir='ltr'>ἐχρῆν,</span> 
     </span>
    </p>
   </div>
   <div class='ocr_carea' id='block_1_22' title="bbox 2331 798 3902 873">
    <p class='ocr_par' dir='ltr' id='par_1_22' title="bbox 2331 798 3902 873">
     <span class='ocr_line' id='line_1_22' title="bbox 2331 798 3902 873; baseline 0.003 -23"><span class='ocrx_word' id='word_1_140' title='bbox 2331 798 2504 867; x_wconf 86' lang='grc' dir='ltr'>λέγων</span> <span class='ocrx_word' id='word_1_141' title='bbox 2536 816 2550 828; x_wconf 90' lang='grc'><strong>·</strong></span> <span class='ocrx_word' id='word_1_142' title='bbox 2575 819 2598 850; x_wconf 69' lang='grc' dir='ltr'><strong>ι</strong></span> <span class='ocrx_word' id='word_1_143' title='bbox 2637 800 2845 869; x_wconf 78' lang='grc' dir='ltr'>Ὥσπερ</span> <span class='ocrx_word' id='word_1_144' title='bbox 2891 800 2998 870; x_wconf 80' lang='grc' dir='ltr'><strong>γὰρ</strong></span> <span class='ocrx_word' id='word_1_145' title='bbox 3025 803 3052 854; x_wconf 99' lang='lat'><strong>6</strong></span> <span class='ocrx_word' id='word_1_146' title='bbox 3079 802 3265 872; x_wconf 73' lang='grc' dir='ltr'>Πατὴρ</span> <span class='ocrx_word' id='word_1_147' title='bbox 3295 801 3403 871; x_wconf 78' lang='grc' dir='ltr'>ἔχει</span> <span class='ocrx_word' id='word_1_148' title='bbox 3439 803 3591 873; x_wconf 55' lang='grc' dir='ltr'>,ζωὴν</span> <span class='ocrx_word' id='word_1_149' title='bbox 3616 803 3677 854; x_wconf 78' lang='grc' dir='ltr'><strong>ὲν</strong></span> <span class='ocrx_word' id='word_1_150' title='bbox 3711 803 3902 871; x_wconf 77' lang='grc' dir='ltr'>ἑαυτῷ,</span> 
     </span>
    </p>
   </div>
   <div class='ocr_carea' id='block_1_23' title="bbox 2331 888 3901 962">
    <p class='ocr_par' dir='ltr' id='par_1_23' title="bbox 2331 888 3901 962">
     <span class='ocr_line' id='line_1_23' title="bbox 2331 888 3901 962; baseline 0.002 -20"><span class='ocrx_word' id='word_1_151' title='bbox 2331 888 2473 942; x_wconf 79' lang='grc' dir='ltr'>οὕτω</span> <span class='ocrx_word' id='word_1_152' title='bbox 2497 890 2588 942; x_wconf 73' lang='grc' dir='ltr'><strong>καὶ</strong></span> <span class='ocrx_word' id='word_1_153' title='bbox 2610 890 2688 960; x_wconf 81' lang='grc' dir='ltr'><strong>τῷ</strong></span> <span class='ocrx_word' id='word_1_154' title='bbox 2728 890 2842 959; x_wconf 70' lang='grc' dir='ltr'><strong>1⁸ἱῷ</strong></span> <span class='ocrx_word' id='word_1_155' title='bbox 2872 890 3071 951; x_wconf 80' lang='grc' dir='ltr'>δέδωκε</span> <span class='ocrx_word' id='word_1_156' title='bbox 3100 891 3244 962; x_wconf 73' lang='grc' dir='ltr'>ζωὴν</span> <span class='ocrx_word' id='word_1_157' title='bbox 3261 892 3406 961; x_wconf 82' lang='grc' dir='ltr'>ἔχειν</span> <span class='ocrx_word' id='word_1_158' title='bbox 3428 894 3486 946; x_wconf 80' lang='grc' dir='ltr'>ὲν</span> <span class='ocrx_word' id='word_1_159' title='bbox 3521 892 3728 961; x_wconf 74' lang='grc' dir='ltr'>ἑαυτῷ.</span> <span class='ocrx_word' id='word_1_160' title='bbox 3761 911 3778 942; x_wconf 70' lang='grc' dir='ltr'>δ</span> <span class='ocrx_word' id='word_1_161' title='bbox 3813 893 3901 962; x_wconf 74' lang='grc' dir='ltr'><strong>Μὴ</strong></span> 
     </span>
    </p>
   </div>
   <div class='ocr_carea' id='block_1_24' title="bbox 2333 969 3905 1050">
    <p class='ocr_par' dir='ltr' id='par_1_24' title="bbox 2333 969 3905 1050">
     <span class='ocr_line' id='line_1_24' title="bbox 2333 969 3905 1050; baseline -0.001 -18"><span class='ocrx_word' id='word_1_162' title='bbox 2333 977 2663 1048; x_wconf 78' lang='grc' dir='ltr'><strong>θαυμάζετε,</strong></span> <span class='ocrx_word' id='word_1_163' title='bbox 2695 979 2860 1048; x_wconf 66' lang='grc' dir='ltr'>φησιν</span> <span class='ocrx_word' id='word_1_164' title='bbox 2882 1019 2896 1042; x_wconf 90' lang='grc'>,</span> <span class='ocrx_word' id='word_1_165' title='bbox 2933 979 2982 1030; x_wconf 79' lang='grc' dir='ltr'>εἰ</span> <span class='ocrx_word' id='word_1_166' title='bbox 3037 978 3160 1033; x_wconf 89' lang='grc' dir='ltr'>καθ’</span> <span class='ocrx_word' id='word_1_167' title='bbox 3197 969 3340 1050; x_wconf 81' lang='grc' dir='ltr'><strong>ὑμᾶς</strong></span> <span class='ocrx_word' id='word_1_168' title='bbox 3369 979 3466 1033; x_wconf 90' lang='grc' dir='ltr'><strong>νῦν</strong></span> <span class='ocrx_word' id='word_1_169' title='bbox 3495 980 3780 1050; x_wconf 77' lang='grc' dir='ltr'><strong>ὑπάρχων,</strong></span> <span class='ocrx_word' id='word_1_170' title='bbox 3816 982 3905 1030; x_wconf 75' lang='grc' dir='ltr'><strong>καὶ</strong></span> 
     </span>
    </p>
   </div>
   <div class='ocr_carea' id='block_1_25' title="bbox 2333 1067 3907 1141">
    <p class='ocr_par' dir='ltr' id='par_1_25' title="bbox 2333 1067 3907 1141">
     <span class='ocr_line' id='line_1_25' title="bbox 2333 1067 3907 1141; baseline 0 -21"><span class='ocrx_word' id='word_1_171' title='bbox 2333 1068 2609 1139; x_wconf 80' lang='grc' dir='ltr'><strong>ὁρώμενος</strong></span> <span class='ocrx_word' id='word_1_172' title='bbox 2637 1067 2923 1139; x_wconf 77' lang='grc' dir='ltr'>ἅνθρωπος</span> <span class='ocrx_word' id='word_1_173' title='bbox 2945 1109 2959 1131; x_wconf 83' lang='grc'>,</span> <span class='ocrx_word' id='word_1_174' title='bbox 2988 1071 3312 1140; x_wconf 70' lang='grc' dir='ltr'><strong>ἀναστήσειν</strong></span> <span class='ocrx_word' id='word_1_175' title='bbox 3363 1069 3732 1141; x_wconf 85' lang='grc' dir='ltr'>ὑπισχνοῦμαι</span> <span class='ocrx_word' id='word_1_176' title='bbox 3783 1070 3907 1131; x_wconf 68' lang='grc' dir='ltr'>τοὺς</span> 
     </span>
    </p>
   </div>
   <div class='ocr_carea' id='block_1_26' title="bbox 2329 1160 3906 1231">
    <p class='ocr_par' dir='ltr' id='par_1_26' title="bbox 2329 1160 3906 1231">
     <span class='ocr_line' id='line_1_26' title="bbox 2329 1160 3906 1231; baseline -0.001 -18"><span class='ocrx_word' id='word_1_177' title='bbox 2329 1161 2577 1231; x_wconf 69' lang='grc' dir='ltr'>νεκροὺς,</span> <span class='ocrx_word' id='word_1_178' title='bbox 2609 1161 2704 1216; x_wconf 75' lang='grc' dir='ltr'>καὶ</span> <span class='ocrx_word' id='word_1_179' title='bbox 2738 1163 2816 1230; x_wconf 75' lang='grc' dir='ltr'>εἰς</span> <span class='ocrx_word' id='word_1_180' title='bbox 2845 1161 3024 1230; x_wconf 77' lang='grc' dir='ltr'>κρίσιν</span> <span class='ocrx_word' id='word_1_181' title='bbox 3049 1162 3203 1229; x_wconf 78' lang='grc' dir='ltr'>ἄγειν</span> <span class='ocrx_word' id='word_1_182' title='bbox 3235 1162 3442 1214; x_wconf 83' lang='grc' dir='ltr'>ἀπειλῶ</span> <span class='ocrx_word' id='word_1_183' title='bbox 3463 1179 3477 1192; x_wconf 86' lang='grc'><strong>·</strong></span> <span class='ocrx_word' id='word_1_184' title='bbox 3505 1160 3717 1214; x_wconf 82' lang='grc' dir='ltr'>δέδωκέ</span> <span class='ocrx_word' id='word_1_185' title='bbox 3741 1178 3830 1228; x_wconf 85' lang='grc' dir='ltr'><strong>μοι</strong></span> <span class='ocrx_word' id='word_1_186' title='bbox 3851 1160 3906 1212; x_wconf 79' lang='grc' dir='ltr'>τὺ</span> 
     </span>
    </p>
   </div>
   <div class='ocr_carea' id='block_1_27' title="bbox 2329 1250 3908 1324">
    <p class='ocr_par' dir='ltr' id='par_1_27' title="bbox 2329 1250 3908 1324">
     <span class='ocr_line' id='line_1_27' title="bbox 2329 1250 3908 1324; baseline -0.001 -20"><span class='ocrx_word' id='word_1_187' title='bbox 2329 1250 2585 1305; x_wconf 89' lang='grc' dir='ltr'>δύνασθαι</span> <span class='ocrx_word' id='word_1_188' title='bbox 2627 1251 2912 1321; x_wconf 77' lang='grc' dir='ltr'>ζωογονεῖν</span> <span class='ocrx_word' id='word_1_189' title='bbox 2936 1253 2963 1304; x_wconf 91' lang='lat'><strong>6</strong></span> <span class='ocrx_word' id='word_1_190' title='bbox 2997 1253 3210 1324; x_wconf 82' lang='grc' dir='ltr'>Πατὴρ,</span> <span class='ocrx_word' id='word_1_191' title='bbox 3240 1252 3438 1310; x_wconf 77' lang='grc' dir='ltr'>δέδωκέ</span> <span class='ocrx_word' id='word_1_192' title='bbox 3469 1270 3568 1324; x_wconf 86' lang='grc' dir='ltr'><strong>μοι</strong></span> <span class='ocrx_word' id='word_1_193' title='bbox 3603 1251 3667 1304; x_wconf 80' lang='grc' dir='ltr'>τὸ</span> <span class='ocrx_word' id='word_1_194' title='bbox 3707 1252 3908 1320; x_wconf 83' lang='grc' dir='ltr'>κρίνειν</span> 
     </span>
    </p>
   </div>
   <div class='ocr_carea' id='block_1_28' title="bbox 2330 1341 3906 1414">
    <p class='ocr_par' dir='ltr' id='par_1_28' title="bbox 2330 1341 3906 1414">
     <span class='ocr_line' id='line_1_28' title="bbox 2330 1341 3906 1414; baseline -0.001 -18"><span class='ocrx_word' id='word_1_195' title='bbox 2330 1343 2418 1396; x_wconf 79' lang='grc' dir='ltr'><strong>ἐπ’</strong></span> <span class='ocrx_word' id='word_1_196' title='bbox 2453 1343 2724 1410; x_wconf 80' lang='grc' dir='ltr'>ἐξουσίας.</span> <span class='ocrx_word' id='word_1_197' title='bbox 2769 1343 2988 1414; x_wconf 79' lang='grc' dir='ltr'>Ἐπειδὴ</span> <span class='ocrx_word' id='word_1_198' title='bbox 3036 1344 3094 1396; x_wconf 80' lang='grc' dir='ltr'><strong>δὲ</strong></span> <span class='ocrx_word' id='word_1_199' title='bbox 3125 1343 3212 1397; x_wconf 81' lang='grc' dir='ltr'>διὰ</span> <span class='ocrx_word' id='word_1_200' title='bbox 3251 1343 3455 1396; x_wconf 84' lang='grc' dir='ltr'>τούτων</span> <span class='ocrx_word' id='word_1_201' title='bbox 3497 1344 3597 1414; x_wconf 80' lang='grc' dir='ltr'>τὴν</span> <span class='ocrx_word' id='word_1_202' title='bbox 3639 1341 3906 1396; x_wconf 75' lang='grc' dir='ltr'>εὐόλισθον</span> 
     </span>
    </p>
   </div>
   <div class='ocr_carea' id='block_1_29' title="bbox 2327 1433 3903 1507">
    <p class='ocr_par' dir='ltr' id='par_1_29' title="bbox 2327 1433 3903 1507">
     <span class='ocr_line' id='line_1_29' title="bbox 2327 1433 3903 1507; baseline -0.001 -20"><span class='ocrx_word' id='word_1_203' title='bbox 2327 1434 2435 1487; x_wconf 82' lang='grc' dir='ltr'><strong>τῶν</strong></span> <span class='ocrx_word' id='word_1_204' title='bbox 2464 1433 2728 1489; x_wconf 79' lang='grc' dir='ltr'><strong>Ἰουδαίων</strong></span> <span class='ocrx_word' id='word_1_205' title='bbox 2755 1434 3158 1507; x_wconf 84' lang='grc' dir='ltr'>τεθεράπευκεν</span> <span class='ocrx_word' id='word_1_206' title='bbox 3183 1435 3372 1505; x_wconf 78' lang='grc' dir='ltr'>ἀκοὴν,</span> <span class='ocrx_word' id='word_1_207' title='bbox 3390 1434 3646 1506; x_wconf 80' lang='grc' dir='ltr'>φροντίδα</span> <span class='ocrx_word' id='word_1_208' title='bbox 3666 1435 3903 1488; x_wconf 64' lang='grc' dir='ltr'>’ποιεῖται</span> 
     </span>
    </p>
   </div>
   <div class='ocr_carea' id='block_1_30' title="bbox 2328 1525 3903 1598">
    <p class='ocr_par' dir='ltr' id='par_1_30' title="bbox 2328 1525 3903 1598">
     <span class='ocr_line' id='line_1_30' title="bbox 2328 1525 3903 1598; baseline -0.001 -20"><span class='ocrx_word' id='word_1_209' title='bbox 2328 1525 2531 1598; x_wconf 77' lang='grc' dir='ltr'>γοργὴν</span> <span class='ocrx_word' id='word_1_210' title='bbox 2578 1526 2672 1579; x_wconf 75' lang='grc' dir='ltr'><strong>καὶ</strong></span> <span class='ocrx_word' id='word_1_211' title='bbox 2704 1526 2802 1598; x_wconf 78' lang='grc' dir='ltr'>τῆς</span> <span class='ocrx_word' id='word_1_212' title='bbox 2829 1527 2935 1578; x_wconf 80' lang='grc' dir='ltr'><strong>τῶν</strong></span> <span class='ocrx_word' id='word_1_213' title='bbox 2958 1525 3156 1597; x_wconf 75' lang='grc' dir='ltr'>ἐφεξῆς</span> <span class='ocrx_word' id='word_1_214' title='bbox 3185 1526 3468 1594; x_wconf 70' lang='grc' dir='ltr'>ὠφελείας,</span> <span class='ocrx_word' id='word_1_215' title='bbox 3487 1527 3581 1584; x_wconf 69' lang='grc' dir='ltr'><strong>καὶ</strong></span> <span class='ocrx_word' id='word_1_216' title='bbox 3604 1527 3710 1596; x_wconf 79' lang='grc' dir='ltr'>τὴν</span> <span class='ocrx_word' id='word_1_217' title='bbox 3731 1527 3903 1579; x_wconf 71' lang='grc' dir='ltr'>αἰτίαν</span> 
     </span>
    </p>
   </div>
   <div class='ocr_carea' id='block_1_31' title="bbox 2327 1617 3905 1688">
    <p class='ocr_par' dir='ltr' id='par_1_31' title="bbox 2327 1617 3905 1688">
     <span class='ocr_line' id='line_1_31' title="bbox 2327 1617 3905 1688; baseline -0.001 -16"><span class='ocrx_word' id='word_1_218' title='bbox 2327 1618 2488 1683; x_wconf 78' lang='grc' dir='ltr'>εὐθὺς</span> <span class='ocrx_word' id='word_1_219' title='bbox 2515 1618 2609 1671; x_wconf 84' lang='grc' dir='ltr'><strong>τοῦ</strong></span> <span class='ocrx_word' id='word_1_220' title='bbox 2655 1618 2900 1688; x_wconf 78' lang='grc' dir='ltr'><strong>δεδέχθαι</strong></span> <span class='ocrx_word' id='word_1_221' title='bbox 2935 1618 3115 1687; x_wconf 87' lang='grc' dir='ltr'>λέγειν</span> <span class='ocrx_word' id='word_1_222' title='bbox 3153 1618 3344 1672; x_wconf 79' lang='grc' dir='ltr'>ἑαυτὸν</span> <span class='ocrx_word' id='word_1_223' title='bbox 3377 1617 3746 1688; x_wconf 74' lang='grc' dir='ltr'><strong>ἐξηγούμενος</strong></span> <span class='ocrx_word' id='word_1_224' title='bbox 3812 1617 3905 1685; x_wconf 71' lang='grc' dir='ltr'>τὴν</span> 
     </span>
    </p>
   </div>
   <div class='ocr_carea' id='block_1_32' title="bbox 2327 1707 3904 1780">
    <p class='ocr_par' dir='ltr' id='par_1_32' title="bbox 2327 1707 3904 1780">
     <span class='ocr_line' id='line_1_32' title="bbox 2327 1707 3904 1780; baseline -0.003 -18"><span class='ocrx_word' id='word_1_225' title='bbox 2327 1708 2478 1762; x_wconf 75' lang='grc' dir='ltr'>οὐδὲν</span> <span class='ocrx_word' id='word_1_226' title='bbox 2531 1707 2757 1778; x_wconf 81' lang='grc' dir='ltr'>ἔχουσαν</span> <span class='ocrx_word' id='word_1_227' title='bbox 2798 1708 2857 1773; x_wconf 76' lang='grc' dir='ltr'>ἐξ</span> <span class='ocrx_word' id='word_1_228' title='bbox 2901 1708 3100 1778; x_wconf 79' lang='grc' dir='ltr'>ἑαυτῆς</span> <span class='ocrx_word' id='word_1_229' title='bbox 3144 1708 3557 1780; x_wconf 85' lang='grc' dir='ltr'>ἀνθρωπότητα,</span> <span class='ocrx_word' id='word_1_230' title='bbox 3589 1707 3904 1778; x_wconf 76' lang='grc' dir='ltr'>προῖσχεται</span> 
     </span>
    </p>
   </div>
   <div class='ocr_carea' id='block_1_33' title="bbox 2327 1797 3909 1870">
    <p class='ocr_par' dir='ltr' id='par_1_33' title="bbox 2327 1797 3909 1870">
     <span class='ocr_line' id='line_1_33' title="bbox 2327 1797 3909 1870; baseline -0.001 -19"><span class='ocrx_word' id='word_1_231' title='bbox 2327 1799 2518 1868; x_wconf 80' lang='grc' dir='ltr'>λέγων’</span> <span class='ocrx_word' id='word_1_232' title='bbox 2565 1820 2583 1850; x_wconf 78' lang='grc' dir='ltr'><strong>ι</strong></span> <span class='ocrx_word' id='word_1_233' title='bbox 2626 1802 2743 1856; x_wconf 82' lang='grc' dir='ltr'>Ὀτι</span> <span class='ocrx_word' id='word_1_234' title='bbox 2774 1798 2902 1862; x_wconf 75' lang='grc' dir='ltr'>Υἱὸς</span> <span class='ocrx_word' id='word_1_235' title='bbox 2923 1799 3210 1870; x_wconf 80' lang='grc' dir='ltr'>ἀνθρώπου</span> <span class='ocrx_word' id='word_1_236' title='bbox 3251 1799 3422 1852; x_wconf 60' lang='grc' dir='ltr'><strong>¹ἐστίν,</strong></span> <span class='ocrx_word' id='word_1_237' title='bbox 3453 1817 3479 1850; x_wconf 62' lang='grc' dir='ltr'>ι»</span> <span class='ocrx_word' id='word_1_238' title='bbox 3513 1799 3636 1852; x_wconf 84' lang='grc' dir='ltr'>Ὅτι</span> <span class='ocrx_word' id='word_1_239' title='bbox 3681 1797 3791 1866; x_wconf 78' lang='grc' dir='ltr'>γὰρ</span> <span class='ocrx_word' id='word_1_240' title='bbox 3821 1799 3909 1851; x_wconf 78' lang='grc' dir='ltr'>καὶ</span> 
     </span>
    </p>
   </div>
   <div class='ocr_carea' id='block_1_34' title="bbox 652 1885 2218 1964">
    <p class='ocr_par' dir='ltr' id='par_1_34' title="bbox 652 1886 2218 1956">
     <span class='ocr_line' id='line_1_34' title="bbox 652 1886 2218 1956; baseline -0.001 -16"><span class='ocrx_word' id='word_1_241' title='bbox 652 1887 766 1940; x_wconf 77' lang='lat' dir='ltr'><strong>vita</strong></span> <span class='ocrx_word' id='word_1_242' title='bbox 817 1887 885 1940; x_wconf 89' lang='lat' dir='ltr'><strong>sit</strong></span> <span class='ocrx_word' id='word_1_243' title='bbox 919 1886 1225 1942; x_wconf 88' lang='lat' dir='ltr'><strong>secundum</strong></span> <span class='ocrx_word' id='word_1_244' title='bbox 1263 1895 1516 1940; x_wconf 88' lang='lat' dir='ltr'><strong>naturam</strong></span> <span class='ocrx_word' id='word_1_245' title='bbox 1560 1902 1714 1941; x_wconf 91' lang='lat' dir='ltr'><strong>suam</strong></span> <span class='ocrx_word' id='word_1_246' title='bbox 1753 1887 2100 1956; x_wconf 78' lang='lat' dir='ltr'><strong>Unigenitus,</strong></span> <span class='ocrx_word' id='word_1_247' title='bbox 2135 1903 2218 1940; x_wconf 89' lang='lat' dir='ltr'><strong>ne-</strong></span> 
     </span>
    </p>
   </div>
   <div class='ocr_carea' id='block_1_35' title="bbox 2322 1885 3907 1964">
    <p class='ocr_par' dir='ltr' id='par_1_35' title="bbox 2333 1889 3907 1964">
     <span class='ocr_line' id='line_1_35' title="bbox 2333 1889 3907 1964; baseline -0.003 -18"><span class='ocrx_word' id='word_1_248' title='bbox 2333 1892 2446 1964; x_wconf 77' lang='grc' dir='ltr'><strong>ζωὴ</strong></span> <span class='ocrx_word' id='word_1_249' title='bbox 2474 1892 2614 1945; x_wconf 84' lang='grc' dir='ltr'><strong>κατὰ</strong></span> <span class='ocrx_word' id='word_1_250' title='bbox 2635 1892 2799 1960; x_wconf 82' lang='grc' dir='ltr'>φύσιν</span> <span class='ocrx_word' id='word_1_251' title='bbox 2825 1892 2974 1943; x_wconf 75' lang='grc' dir='ltr'>ἐστὶν</span> <span class='ocrx_word' id='word_1_252' title='bbox 2999 1893 3027 1943; x_wconf 91' lang='lat'><strong>6</strong></span> <span class='ocrx_word' id='word_1_253' title='bbox 3056 1889 3386 1960; x_wconf 78' lang='grc' dir='ltr'>Μονογενὴς,</span> <span class='ocrx_word' id='word_1_254' title='bbox 3415 1889 3506 1943; x_wconf 78' lang='grc' dir='ltr'>καὶ</span> <span class='ocrx_word' id='word_1_255' title='bbox 3541 1889 3603 1943; x_wconf 83' lang='grc' dir='ltr'><strong>ού</strong></span> <span class='ocrx_word' id='word_1_256' title='bbox 3635 1889 3788 1960; x_wconf 76' lang='grc' dir='ltr'>ζωῆς</span> <span class='ocrx_word' id='word_1_257' title='bbox 3814 1889 3907 1959; x_wconf 83' lang='grc' dir='ltr'>τῆς</span> 
     </span>
    </p>
   </div>
   <div class='ocr_carea' id='block_1_36' title="bbox 651 1963 2223 2048">
    <p class='ocr_par' dir='ltr' id='par_1_36' title="bbox 651 1963 2223 2048">
     <span class='ocr_line' id='line_1_36' title="bbox 651 1963 2223 2048; baseline 0.002 -19"><span class='ocrx_word' id='word_1_258' title='bbox 651 1993 759 2046; x_wconf 86' lang='lat' dir='ltr'><strong>que</strong></span> <span class='ocrx_word' id='word_1_259' title='bbox 789 1980 957 2032; x_wconf 87' lang='lat' dir='ltr'><strong>vitam</strong></span> <span class='ocrx_word' id='word_1_260' title='bbox 1003 1963 1070 2032; x_wconf 85' lang='lat' dir='ltr'><strong>ab</strong></span> <span class='ocrx_word' id='word_1_261' title='bbox 1109 1978 1218 2031; x_wconf 82' lang='lat' dir='ltr'><strong>alio</strong></span> <span class='ocrx_word' id='word_1_262' title='bbox 1257 1977 1584 2048; x_wconf 88' lang='lat' dir='ltr'><strong>participet,</strong></span> <span class='ocrx_word' id='word_1_263' title='bbox 1638 1977 1733 2032; x_wconf 90' lang='lat' dir='ltr'><strong>sed</strong></span> <span class='ocrx_word' id='word_1_264' title='bbox 1783 1992 1849 2032; x_wconf 91' lang='lat' dir='ltr'><strong>eo</strong></span> <span class='ocrx_word' id='word_1_265' title='bbox 1902 1977 2064 2031; x_wconf 89' lang='lat' dir='ltr'><strong>modo</strong></span> <span class='ocrx_word' id='word_1_266' title='bbox 2113 1992 2223 2046; x_wconf 92' lang='lat' dir='ltr'><strong>quo</strong></span> 
     </span>
    </p>
   </div>
   <div class='ocr_carea' id='block_1_37' title="bbox 650 2069 2221 2141">
    <p class='ocr_par' dir='ltr' id='par_1_37' title="bbox 650 2069 2221 2141">
     <span class='ocr_line' id='line_1_37' title="bbox 650 2069 2221 2141; baseline -0.001 -18"><span class='ocrx_word' id='word_1_267' title='bbox 650 2069 816 2124; x_wconf 84' lang='lat' dir='ltr'><strong>l’ater</strong></span> <span class='ocrx_word' id='word_1_268' title='bbox 847 2070 1116 2134; x_wconf 83' lang='lat' dir='ltr'><strong>viviﬁcet,</strong></span> <span class='ocrx_word' id='word_1_269' title='bbox 1149 2071 1487 2141; x_wconf 80' lang='lat' dir='ltr'><strong>superﬂuum</strong></span> <span class='ocrx_word' id='word_1_270' title='bbox 1512 2078 1618 2134; x_wconf 91' lang='lat' dir='ltr'><strong>est,</strong></span> <span class='ocrx_word' id='word_1_271' title='bbox 1651 2071 1869 2139; x_wconf 83' lang='lat' dir='ltr'><strong>opinor,</strong></span> <span class='ocrx_word' id='word_1_272' title='bbox 1906 2070 2221 2140; x_wconf 68' lang='lat' dir='ltr'><strong>impraesen-</strong></span> 
     </span>
    </p>
   </div>
   <div class='ocr_carea' id='block_1_38' title="bbox 649 2161 2225 2232">
    <p class='ocr_par' dir='ltr' id='par_1_38' title="bbox 649 2161 2225 2232">
     <span class='ocr_line' id='line_1_38' title="bbox 649 2161 2225 2232; baseline 0.003 -20"><span class='ocrx_word' id='word_1_273' title='bbox 649 2161 853 2213; x_wconf 87' lang='lat' dir='ltr'><strong>tiarum</strong></span> <span class='ocrx_word' id='word_1_274' title='bbox 904 2161 1110 2224; x_wconf 82' lang='lat' dir='ltr'><strong>dicere,</strong></span> <span class='ocrx_word' id='word_1_275' title='bbox 1157 2177 1282 2215; x_wconf 90' lang='lat' dir='ltr'><strong>cum</strong></span> <span class='ocrx_word' id='word_1_276' title='bbox 1334 2161 1390 2216; x_wconf 91' lang='lat' dir='ltr'><strong>in</strong></span> <span class='ocrx_word' id='word_1_277' title='bbox 1433 2162 1558 2217; x_wconf 81' lang='lat' dir='ltr'><strong>libri</strong></span> <span class='ocrx_word' id='word_1_278' title='bbox 1600 2161 1769 2232; x_wconf 88' lang='lat' dir='ltr'><strong>hujus</strong></span> <span class='ocrx_word' id='word_1_279' title='bbox 1803 2162 1958 2215; x_wconf 90' lang='lat' dir='ltr'><strong>initio</strong></span> <span class='ocrx_word' id='word_1_280' title='bbox 1995 2162 2116 2216; x_wconf 82' lang='lat' dir='ltr'><strong>fuse</strong></span> <span class='ocrx_word' id='word_1_281' title='bbox 2157 2161 2225 2217; x_wconf 91' lang='lat' dir='ltr'><strong>de</strong></span> 
     </span>
    </p>
   </div>
   <div class='ocr_carea' id='block_1_39' title="bbox 649 2251 2222 2321">
    <p class='ocr_par' dir='ltr' id='par_1_39' title="bbox 649 2251 2222 2321">
     <span class='ocr_line' id='line_1_39' title="bbox 649 2251 2222 2321; baseline 0.001 -16"><span class='ocrx_word' id='word_1_282' title='bbox 649 2251 752 2305; x_wconf 91' lang='lat' dir='ltr'><strong>illo</strong></span> <span class='ocrx_word' id='word_1_283' title='bbox 786 2252 1129 2321; x_wconf 79' lang='lat' dir='ltr'><strong>disputatum</strong></span> <span class='ocrx_word' id='word_1_284' title='bbox 1159 2254 1232 2308; x_wconf 88' lang='lat' dir='ltr'><strong>sit</strong></span> <span class='ocrx_word' id='word_1_285' title='bbox 1260 2253 1325 2307; x_wconf 89' lang='lat' dir='ltr'><strong>ad</strong></span> <span class='ocrx_word' id='word_1_286' title='bbox 1352 2269 1475 2308; x_wconf 89' lang='lat' dir='ltr'><strong>eum</strong></span> <span class='ocrx_word' id='word_1_287' title='bbox 1519 2255 1744 2311; x_wconf 85' lang='lat' dir='ltr'><strong>locum:</strong></span> <span class='ocrx_word' id='word_1_288' title='bbox 1777 2273 1796 2304; x_wconf 79' lang='grc' dir='ltr'><strong>ι</strong></span> <span class='ocrx_word' id='word_1_289' title='bbox 1823 2253 1981 2320; x_wconf 83' lang='lat' dir='ltr'><strong>Quod</strong></span> <span class='ocrx_word' id='word_1_290' title='bbox 2019 2252 2222 2307; x_wconf 81' lang='lat' dir='ltr'><strong>factum</strong></span> 
     </span>
    </p>
   </div>
   <div class='ocr_carea' id='block_1_40' title="bbox 648 2341 1430 2411">
    <p class='ocr_par' dir='ltr' id='par_1_40' title="bbox 648 2341 1430 2411">
     <span class='ocr_line' id='line_1_40' title="bbox 648 2341 1430 2411; baseline 0.001 -16"><span class='ocrx_word' id='word_1_291' title='bbox 648 2350 736 2396; x_wconf 90' lang='lat' dir='ltr'><strong>est</strong></span> <span class='ocrx_word' id='word_1_292' title='bbox 771 2341 826 2394; x_wconf 77' lang='lat' dir='ltr'><strong>in</strong></span> <span class='ocrx_word' id='word_1_293' title='bbox 864 2341 985 2411; x_wconf 90' lang='lat' dir='ltr'><strong>ipso</strong></span> <span class='ocrx_word' id='word_1_294' title='bbox 1015 2343 1125 2395; x_wconf 79' lang='lat' dir='ltr'><strong>vita</strong></span> <span class='ocrx_word' id='word_1_295' title='bbox 1157 2351 1275 2398; x_wconf 91' lang='lat' dir='ltr'><strong>erat</strong></span> <span class='ocrx_word' id='word_1_296' title='bbox 1305 2344 1371 2398; x_wconf 82' lang='grc'><strong>⁶⁷.</strong></span> <span class='ocrx_word' id='word_1_297' title='bbox 1412 2363 1430 2396; x_wconf 72' lang='grc' dir='ltr'><strong>ι</strong></span> 
     </span>
    </p>
   </div>
   <div class='ocr_carea' id='block_1_41' title="bbox 719 2430 2221 2504">
    <p class='ocr_par' dir='ltr' id='par_1_41' title="bbox 719 2430 2221 2504">
     <span class='ocr_line' id='line_1_41' title="bbox 719 2430 2221 2504; baseline 0.004 -20"><span class='ocrx_word' id='word_1_298' title='bbox 719 2430 787 2496; x_wconf 74' lang='grc' dir='ltr'>ν,</span> <span class='ocrx_word' id='word_1_299' title='bbox 820 2431 911 2490; x_wconf 76' lang='grc'><strong>28.</strong></span> <span class='ocrx_word' id='word_1_300' title='bbox 936 2433 1025 2488; x_wconf 71' lang='grc'><strong>29.</strong></span> <span class='ocrx_word' id='word_1_301' title='bbox 1058 2436 1236 2489; x_wconf 80' lang='lat' dir='ltr'><strong>Nolite</strong></span> <span class='ocrx_word' id='word_1_302' title='bbox 1283 2436 1472 2488; x_wconf 82' lang='lat' dir='ltr'><strong>mirari</strong></span> <span class='ocrx_word' id='word_1_303' title='bbox 1503 2435 1619 2500; x_wconf 81' lang='lat' dir='ltr'><strong>hoc,</strong></span> <span class='ocrx_word' id='word_1_304' title='bbox 1653 2435 1774 2504; x_wconf 87' lang='lat' dir='ltr'><strong>quia</strong></span> <span class='ocrx_word' id='word_1_305' title='bbox 1808 2438 1943 2489; x_wconf 85' lang='lat' dir='ltr'><strong>venit</strong></span> <span class='ocrx_word' id='word_1_306' title='bbox 1996 2434 2128 2490; x_wconf 76' lang='lat' dir='ltr'><strong>liora</strong></span> <span class='ocrx_word' id='word_1_307' title='bbox 2167 2438 2221 2492; x_wconf 85' lang='lat' dir='ltr'><strong>iu</strong></span> 
     </span>
    </p>
   </div>
   <div class='ocr_carea' id='block_1_42' title="bbox 647 2525 2222 2593">
    <p class='ocr_par' dir='ltr' id='par_1_42' title="bbox 647 2525 2222 2593">
     <span class='ocr_line' id='line_1_42' title="bbox 647 2525 2222 2593; baseline 0.004 -19"><span class='ocrx_word' id='word_1_308' title='bbox 647 2539 753 2591; x_wconf 85' lang='lat' dir='ltr'><strong>qua</strong></span> <span class='ocrx_word' id='word_1_309' title='bbox 793 2539 971 2577; x_wconf 85' lang='lat' dir='ltr'><strong>omnes</strong></span> <span class='ocrx_word' id='word_1_310' title='bbox 1006 2526 1098 2593; x_wconf 84' lang='lat' dir='ltr'><strong>qui</strong></span> <span class='ocrx_word' id='word_1_311' title='bbox 1134 2525 1190 2578; x_wconf 71' lang='lat' dir='ltr'><strong>in</strong></span> <span class='ocrx_word' id='word_1_312' title='bbox 1232 2527 1581 2582; x_wconf 74' lang='lat' dir='ltr'><strong>monumentis</strong></span> <span class='ocrx_word' id='word_1_313' title='bbox 1625 2535 1769 2588; x_wconf 76' lang='lat' dir='ltr'><strong>sunt,</strong></span> <span class='ocrx_word' id='word_1_314' title='bbox 1801 2525 2012 2579; x_wconf 81' lang='lat' dir='ltr'><strong>audient</strong></span> <span class='ocrx_word' id='word_1_315' title='bbox 2050 2543 2222 2581; x_wconf 82' lang='lat' dir='ltr'><strong>vocem</strong></span> 
     </span>
    </p>
   </div>
   <div class='ocr_carea' id='block_1_43' title="bbox 642 2612 2223 2688">
    <p class='ocr_par' dir='ltr' id='par_1_43' title="bbox 642 2612 2223 2688">
     <span class='ocr_line' id='line_1_43' title="bbox 642 2612 2223 2688; baseline 0.005 -23"><span class='ocrx_word' id='word_1_316' title='bbox 642 2612 782 2666; x_wconf 80' lang='lat' dir='ltr'><strong>Filii</strong></span> <span class='ocrx_word' id='word_1_317' title='bbox 817 2613 929 2673; x_wconf 86' lang='lat' dir='ltr'><strong>Dei.</strong></span> <span class='ocrx_word' id='word_1_318' title='bbox 967 2626 1016 2669; x_wconf 86' lang='lat' dir='ltr'><strong>et</strong></span> <span class='ocrx_word' id='word_1_319' title='bbox 1066 2617 1345 2684; x_wconf 9' lang='lat' dir='ltr'><strong>procedens:</strong></span> <span class='ocrx_word' id='word_1_320' title='bbox 1375 2617 1464 2686; x_wconf 76' lang='lat' dir='ltr'><strong>qui</strong></span> <span class='ocrx_word' id='word_1_321' title='bbox 1509 2616 1672 2688; x_wconf 75' lang='lat'><strong>236</strong></span> <span class='ocrx_word' id='word_1_322' title='bbox 1707 2617 1843 2670; x_wconf 84' lang='lat' dir='ltr'><strong>bona</strong></span> <span class='ocrx_word' id='word_1_323' title='bbox 1877 2617 2135 2686; x_wconf 77' lang='lat' dir='ltr'><strong>fecerunt,</strong></span> <span class='ocrx_word' id='word_1_324' title='bbox 2167 2620 2223 2673; x_wconf 87' lang='lat' dir='ltr'><strong>in</strong></span> 
     </span>
    </p>
   </div>
   <div class='ocr_carea' id='block_1_44' title="bbox 644 2708 2222 2782">
    <p class='ocr_par' dir='ltr' id='par_1_44' title="bbox 644 2708 2222 2782">
     <span class='ocr_line' id='line_1_44' title="bbox 644 2708 2222 2782; baseline 0.006 -26"><span class='ocrx_word' id='word_1_325' title='bbox 644 2708 1075 2761; x_wconf 80' lang='lat' dir='ltr'><strong>resurrectionem</strong></span> <span class='ocrx_word' id='word_1_326' title='bbox 1118 2710 1247 2764; x_wconf 54' lang='lat' dir='ltr'><strong>vita,</strong></span> <span class='ocrx_word' id='word_1_327' title='bbox 1281 2725 1307 2764; x_wconf 20' lang='lat'><strong><em>4:</em></strong></span> <span class='ocrx_word' id='word_1_328' title='bbox 1367 2709 1457 2779; x_wconf 86' lang='lat' dir='ltr'><strong>qui</strong></span> <span class='ocrx_word' id='word_1_329' title='bbox 1499 2726 1622 2764; x_wconf 76' lang='lat' dir='ltr'><strong>vero</strong></span> <span class='ocrx_word' id='word_1_330' title='bbox 1678 2710 1821 2764; x_wconf 88' lang='lat' dir='ltr'><strong>mala</strong></span> <span class='ocrx_word' id='word_1_331' title='bbox 1870 2721 2115 2782; x_wconf 78' lang='lat' dir='ltr'><strong>egerunt,</strong></span> <span class='ocrx_word' id='word_1_332' title='bbox 2167 2714 2222 2766; x_wconf 82' lang='lat' dir='ltr'><strong>in</strong></span> 
     </span>
    </p>
   </div>
   <div class='ocr_carea' id='block_1_45' title="bbox 641 2799 1326 2868">
    <p class='ocr_par' dir='ltr' id='par_1_45' title="bbox 641 2799 1326 2868">
     <span class='ocr_line' id='line_1_45' title="bbox 641 2799 1326 2868; baseline 0.009 -19"><span class='ocrx_word' id='word_1_333' title='bbox 641 2799 1078 2854; x_wconf 71' lang='lat' dir='ltr'><strong>resurrectionem</strong></span> <span class='ocrx_word' id='word_1_334' title='bbox 1109 2799 1326 2868; x_wconf 77' lang='lat' dir='ltr'><strong>judicii.</strong></span> 
     </span>
    </p>
   </div>
   <div class='ocr_carea' id='block_1_46' title="bbox 717 2884 2218 2960">
    <p class='ocr_par' dir='ltr' id='par_1_46' title="bbox 717 2884 2218 2960">
     <span class='ocr_line' id='line_1_46' title="bbox 717 2884 2218 2960; baseline 0.005 -18"><span class='ocrx_word' id='word_1_335' title='bbox 717 2889 813 2945; x_wconf 81' lang='lat' dir='ltr'><strong>His</strong></span> <span class='ocrx_word' id='word_1_336' title='bbox 855 2884 1074 2960; x_wconf 73' lang='lat' dir='ltr'><strong>quidem</strong></span> <span class='ocrx_word' id='word_1_337' title='bbox 1120 2885 1303 2948; x_wconf 72' lang='lat' dir='ltr'><strong>verbis</strong></span> <span class='ocrx_word' id='word_1_338' title='bbox 1358 2890 1783 2948; x_wconf 79' lang='lat' dir='ltr'><strong>resurrectionis</strong></span> <span class='ocrx_word' id='word_1_339' title='bbox 1837 2891 2218 2950; x_wconf 86' lang='lat' dir='ltr'><strong>universorum</strong></span> 
     </span>
    </p>
   </div>
   <div class='ocr_carea' id='block_1_47' title="bbox 635 2984 2220 3054">
    <p class='ocr_par' dir='ltr' id='par_1_47' title="bbox 635 2984 2220 3054">
     <span class='ocr_line' id='line_1_47' title="bbox 635 2984 2220 3054; baseline 0.001 -17"><span class='ocrx_word' id='word_1_340' title='bbox 635 2993 862 3052; x_wconf 78' lang='lat' dir='ltr'><strong>tempus</strong></span> <span class='ocrx_word' id='word_1_341' title='bbox 894 2984 1193 3053; x_wconf 75' lang='lat' dir='ltr'><strong>signiﬁcat,</strong></span> <span class='ocrx_word' id='word_1_342' title='bbox 1228 3000 1361 3054; x_wconf 83' lang='lat' dir='ltr'><strong>quo,</strong></span> <span class='ocrx_word' id='word_1_343' title='bbox 1391 2993 1455 3040; x_wconf 83' lang='lat' dir='ltr'><strong>ut</strong></span> <span class='ocrx_word' id='word_1_344' title='bbox 1487 2984 1708 3040; x_wconf 78' lang='lat' dir='ltr'><strong>divinus</strong></span> <span class='ocrx_word' id='word_1_345' title='bbox 1739 2984 1832 3039; x_wconf 89' lang='lat' dir='ltr'><strong>ille</strong></span> <span class='ocrx_word' id='word_1_346' title='bbox 1854 2992 2051 3039; x_wconf 84' lang='lat' dir='ltr'><strong>noster</strong></span> <span class='ocrx_word' id='word_1_347' title='bbox 2074 2985 2220 3039; x_wconf 83' lang='lat' dir='ltr'><strong>Pau-</strong></span> 
     </span>
    </p>
   </div>
   <div class='ocr_carea' id='block_1_48' title="bbox 635 3073 2221 3144">
    <p class='ocr_par' dir='ltr' id='par_1_48' title="bbox 635 3073 2221 3144">
     <span class='ocr_line' id='line_1_48' title="bbox 635 3073 2221 3144; baseline 0.004 -18"><span class='ocrx_word' id='word_1_348' title='bbox 635 3073 728 3129; x_wconf 90' lang='lat' dir='ltr'><strong>lus</strong></span> <span class='ocrx_word' id='word_1_349' title='bbox 756 3075 976 3138; x_wconf 75' lang='lat' dir='ltr'><strong>scribit,</strong></span> <span class='ocrx_word' id='word_1_350' title='bbox 1025 3095 1044 3126; x_wconf 74' lang='grc' dir='ltr'><strong>ι</strong></span> <span class='ocrx_word' id='word_1_351' title='bbox 1093 3075 1215 3143; x_wconf 90' lang='lat' dir='ltr'><strong>Ipse</strong></span> <span class='ocrx_word' id='word_1_352' title='bbox 1253 3075 1519 3131; x_wconf 87' lang='lat' dir='ltr'><strong>Dominus</strong></span> <span class='ocrx_word' id='word_1_353' title='bbox 1557 3076 1619 3128; x_wconf 87' lang='lat' dir='ltr'><strong>in</strong></span> <span class='ocrx_word' id='word_1_354' title='bbox 1653 3075 1840 3144; x_wconf 82' lang='lat' dir='ltr'><strong>jussu,</strong></span> <span class='ocrx_word' id='word_1_355' title='bbox 1882 3075 1936 3130; x_wconf 91' lang='lat' dir='ltr'><strong>in</strong></span> <span class='ocrx_word' id='word_1_356' title='bbox 1967 3092 2101 3132; x_wconf 80' lang='lat' dir='ltr'><strong>voce</strong></span> <span class='ocrx_word' id='word_1_357' title='bbox 2131 3093 2221 3132; x_wconf 73' lang='lat' dir='ltr'><strong>ar.-</strong></span> 
     </span>
    </p>
   </div>
   <div class='ocr_carea' id='block_1_49' title="bbox 633 3162 2218 3235">
    <p class='ocr_par' dir='ltr' id='par_1_49' title="bbox 633 3162 2218 3235">
     <span class='ocr_line' id='line_1_49' title="bbox 633 3162 2218 3235; baseline 0.003 -19"><span class='ocrx_word' id='word_1_358' title='bbox 633 3162 923 3232; x_wconf 68' lang='lat' dir='ltr'><strong>ehangeli,</strong></span> <span class='ocrx_word' id='word_1_359' title='bbox 949 3163 1007 3216; x_wconf 89' lang='lat' dir='ltr'><strong>in</strong></span> <span class='ocrx_word' id='word_1_360' title='bbox 1045 3163 1178 3217; x_wconf 89' lang='lat' dir='ltr'><strong>tuba</strong></span> <span class='ocrx_word' id='word_1_361' title='bbox 1224 3162 1318 3218; x_wconf 89' lang='lat' dir='ltr'><strong>Dei</strong></span> <span class='ocrx_word' id='word_1_362' title='bbox 1355 3163 1648 3222; x_wconf 79' lang='lat' dir='ltr'><strong>descendet</strong></span> <span class='ocrx_word' id='word_1_363' title='bbox 1670 3165 1735 3220; x_wconf 87' lang='lat' dir='ltr'><strong>de</strong></span> <span class='ocrx_word' id='word_1_364' title='bbox 1767 3164 1928 3230; x_wconf 73' lang='lat' dir='ltr'><strong>ccelo,</strong></span> <span class='ocrx_word' id='word_1_365' title='bbox 1955 3165 2218 3235; x_wconf 63' lang='lat' dir='ltr'><strong>ijudica-</strong></span> 
     </span>
    </p>
   </div>
   <div class='ocr_carea' id='block_1_50' title="bbox 2331 1980 3908 2055">
    <p class='ocr_par' dir='ltr' id='par_1_50' title="bbox 2331 1980 3908 2055">
     <span class='ocr_line' id='line_1_50' title="bbox 2331 1980 3908 2055; baseline -0.002 -18"><span class='ocrx_word' id='word_1_366' title='bbox 2331 1985 2462 2055; x_wconf 78' lang='grc' dir='ltr'>παρ’</span> <span class='ocrx_word' id='word_1_367' title='bbox 2481 1985 2670 2055; x_wconf 72' lang='grc' dir='ltr'>ἐτέρου</span> <span class='ocrx_word' id='word_1_368' title='bbox 2703 1983 2950 2054; x_wconf 80' lang='grc' dir='ltr'><strong>μέτοχος,</strong></span> <span class='ocrx_word' id='word_1_369' title='bbox 2977 1983 3262 2049; x_wconf 80' lang='grc' dir='ltr'>ζωογονεῖν</span> <span class='ocrx_word' id='word_1_370' title='bbox 3289 1999 3348 2036; x_wconf 86' lang='grc' dir='ltr'><strong>τε</strong></span> <span class='ocrx_word' id='word_1_371' title='bbox 3369 1980 3562 2044; x_wconf 81' lang='grc' dir='ltr'>οὕτως,</span> <span class='ocrx_word' id='word_1_372' title='bbox 3594 1980 3789 2050; x_wconf 79' lang='grc' dir='ltr'>ὥσπερ</span> <span class='ocrx_word' id='word_1_373' title='bbox 3820 1984 3908 2034; x_wconf 78' lang='grc' dir='ltr'>καὶ</span> 
     </span>
    </p>
   </div>
   <div class='ocr_carea' id='block_1_51' title="bbox 2329 2069 3909 2146">
    <p class='ocr_par' dir='ltr' id='par_1_51' title="bbox 2329 2069 3909 2146">
     <span class='ocr_line' id='line_1_51' title="bbox 2329 2069 3909 2146; baseline -0.001 -20"><span class='ocrx_word' id='word_1_374' title='bbox 2329 2075 2358 2126; x_wconf 93' lang='lat'><strong>6</strong></span> <span class='ocrx_word' id='word_1_375' title='bbox 2385 2076 2604 2146; x_wconf 78' lang='grc' dir='ltr'>Πατὴρ,</span> <span class='ocrx_word' id='word_1_376' title='bbox 2640 2074 2892 2146; x_wconf 84' lang='grc' dir='ltr'>περιττὸν</span> <span class='ocrx_word' id='word_1_377' title='bbox 2927 2069 3082 2143; x_wconf 74' lang='grc' dir='ltr'>οἶμαι</span> <span class='ocrx_word' id='word_1_378' title='bbox 3113 2072 3291 2141; x_wconf 84' lang='grc' dir='ltr'>λέγειν</span> <span class='ocrx_word' id='word_1_379' title='bbox 3335 2071 3468 2141; x_wconf 70' lang='grc' dir='ltr'>πρὸς</span> <span class='ocrx_word' id='word_1_380' title='bbox 3499 2073 3561 2124; x_wconf 81' lang='grc' dir='ltr'><strong>τὸ</strong></span> <span class='ocrx_word' id='word_1_381' title='bbox 3595 2071 3798 2142; x_wconf 75' lang='grc' dir='ltr'>παρὸν,</span> <span class='ocrx_word' id='word_1_382' title='bbox 3820 2071 3909 2124; x_wconf 76' lang='grc' dir='ltr'><strong>ἐπ-</strong></span> 
     </span>
    </p>
   </div>
   <div class='ocr_carea' id='block_1_52' title="bbox 2330 2161 3908 2238">
    <p class='ocr_par' dir='ltr' id='par_1_52' title="bbox 2330 2161 3908 2238">
     <span class='ocr_line' id='line_1_52' title="bbox 2330 2161 3908 2238; baseline -0.003 -18"><span class='ocrx_word' id='word_1_383' title='bbox 2330 2165 2488 2237; x_wconf 83' lang='grc' dir='ltr'>είπερ</span> <span class='ocrx_word' id='word_1_384' title='bbox 2526 2166 2657 2238; x_wconf 67' lang='grc' dir='ltr'>ἡμῖν</span> <span class='ocrx_word' id='word_1_385' title='bbox 2693 2167 2756 2218; x_wconf 79' lang='grc' dir='ltr'><strong>,ού</strong></span> <span class='ocrx_word' id='word_1_386' title='bbox 2797 2165 3004 2236; x_wconf 79' lang='grc' dir='ltr'>βραχὺς</span> <span class='ocrx_word' id='word_1_387' title='bbox 3037 2166 3094 2217; x_wconf 80' lang='grc' dir='ltr'>ὲν</span> <span class='ocrx_word' id='word_1_388' title='bbox 3142 2163 3316 2234; x_wconf 82' lang='grc' dir='ltr'>τούτῳ</span> <span class='ocrx_word' id='word_1_389' title='bbox 3356 2163 3725 2233; x_wconf 82' lang='grc' dir='ltr'><strong>δεδαπάνηται</strong></span> <span class='ocrx_word' id='word_1_390' title='bbox 3755 2161 3908 2230; x_wconf 84' lang='grc' dir='ltr'>λόγος</span> 
     </span>
    </p>
   </div>
   <div class='ocr_carea' id='block_1_53' title="bbox 2327 2253 3908 2328">
    <p class='ocr_par' dir='ltr' id='par_1_53' title="bbox 2327 2253 3908 2328">
     <span class='ocr_line' id='line_1_53' title="bbox 2327 2253 3908 2328; baseline -0.001 -20"><span class='ocrx_word' id='word_1_391' title='bbox 2327 2255 2388 2308; x_wconf 82' lang='grc' dir='ltr'>ὲν</span> <span class='ocrx_word' id='word_1_392' title='bbox 2416 2257 2557 2328; x_wconf 78' lang='grc' dir='ltr'>ἀρχῇ</span> <span class='ocrx_word' id='word_1_393' title='bbox 2591 2256 2684 2309; x_wconf 88' lang='grc' dir='ltr'><strong>τοῦ</strong></span> <span class='ocrx_word' id='word_1_394' title='bbox 2743 2256 2950 2325; x_wconf 78' lang='grc' dir='ltr'>βιϐλίου</span> <span class='ocrx_word' id='word_1_395' title='bbox 2973 2297 2989 2321; x_wconf 94' lang='grc'>,</span> <span class='ocrx_word' id='word_1_396' title='bbox 3025 2255 3388 2327; x_wconf 80' lang='grc' dir='ltr'>προκειμένου</span> <span class='ocrx_word' id='word_1_397' title='bbox 3435 2253 3624 2324; x_wconf 75' lang='grc' dir='ltr'>ῥητοῦ,</span> <span class='ocrx_word' id='word_1_398' title='bbox 3665 2272 3685 2306; x_wconf 78' lang='grc' dir='ltr'><strong>ι</strong></span> <span class='ocrx_word' id='word_1_399' title='bbox 3728 2255 3799 2307; x_wconf 90' lang='grc' dir='ltr'><strong>Ὅ</strong></span> <span class='ocrx_word' id='word_1_400' title='bbox 3821 2254 3908 2322; x_wconf 79' lang='grc' dir='ltr'>γέ-</span> 
     </span>
    </p>
   </div>
   <div class='ocr_carea' id='block_1_54' title="bbox 2330 2341 3077 2420">
    <p class='ocr_par' dir='ltr' id='par_1_54' title="bbox 2330 2341 3077 2420">
     <span class='ocr_line' id='line_1_54' title="bbox 2330 2341 3077 2420; baseline -0.003 -22"><span class='ocrx_word' id='word_1_401' title='bbox 2330 2362 2485 2420; x_wconf 86' lang='grc' dir='ltr'>γονεν</span> <span class='ocrx_word' id='word_1_402' title='bbox 2524 2346 2581 2398; x_wconf 83' lang='grc' dir='ltr'>ὲν</span> <span class='ocrx_word' id='word_1_403' title='bbox 2610 2345 2764 2414; x_wconf 77' lang='grc' dir='ltr'>αὐτῷ</span> <span class='ocrx_word' id='word_1_404' title='bbox 2791 2344 2906 2415; x_wconf 75' lang='grc' dir='ltr'><strong>ζωὴ</strong></span> <span class='ocrx_word' id='word_1_405' title='bbox 2937 2341 3025 2414; x_wconf 79' lang='grc' dir='ltr'><strong>ἦν.</strong></span> <span class='ocrx_word' id='word_1_406' title='bbox 3053 2363 3077 2398; x_wconf 14' lang='grc' dir='ltr'><strong>ιι</strong></span> 
     </span>
    </p>
   </div>
   <div class='ocr_carea' id='block_1_55' title="bbox 2400 2430 3910 2507">
    <p class='ocr_par' dir='ltr' id='par_1_55' title="bbox 2400 2430 3910 2507">
     <span class='ocr_line' id='line_1_55' title="bbox 2400 2430 3910 2507; baseline -0.001 -16"><span class='ocrx_word' id='word_1_407' title='bbox 2400 2437 2496 2504; x_wconf 78' lang='grc' dir='ltr'><strong>Μὴ</strong></span> <span class='ocrx_word' id='word_1_408' title='bbox 2547 2437 2866 2505; x_wconf 74' lang='grc' dir='ltr'><strong>θαυμάζετε</strong></span> <span class='ocrx_word' id='word_1_409' title='bbox 2914 2436 3128 2498; x_wconf 83' lang='grc' dir='ltr'>τοῦτο,</span> <span class='ocrx_word' id='word_1_410' title='bbox 3182 2436 3272 2490; x_wconf 85' lang='grc' dir='ltr'>ὅτι</span> <span class='ocrx_word' id='word_1_411' title='bbox 3320 2437 3551 2505; x_wconf 77' lang='grc' dir='ltr'>ἔρχεται</span> <span class='ocrx_word' id='word_1_412' title='bbox 3590 2434 3734 2504; x_wconf 73' lang='grc' dir='ltr'>ὥρα,</span> <span class='ocrx_word' id='word_1_413' title='bbox 3778 2430 3910 2507; x_wconf 74' lang='grc' dir='ltr'><strong>ἐνῇ</strong></span> 
     </span>
    </p>
   </div>
   <div class='ocr_carea' id='block_1_56' title="bbox 2328 2526 3911 2596">
    <p class='ocr_par' dir='ltr' id='par_1_56' title="bbox 2328 2526 3911 2596">
     <span class='ocr_line' id='line_1_56' title="bbox 2328 2526 3911 2596; baseline -0.003 -14"><span class='ocrx_word' id='word_1_414' title='bbox 2328 2528 2547 2594; x_wconf 68' lang='grc' dir='ltr'>πάντες</span> <span class='ocrx_word' id='word_1_415' title='bbox 2581 2529 2635 2582; x_wconf 79' lang='grc' dir='ltr'>οἱ</span> <span class='ocrx_word' id='word_1_416' title='bbox 2672 2529 2740 2581; x_wconf 82' lang='grc' dir='ltr'>ἐν</span> <span class='ocrx_word' id='word_1_417' title='bbox 2783 2528 2910 2594; x_wconf 84' lang='grc' dir='ltr'>τοῖς</span> <span class='ocrx_word' id='word_1_418' title='bbox 2937 2528 3246 2596; x_wconf 78' lang='grc' dir='ltr'><strong>μνημείοις</strong></span> <span class='ocrx_word' id='word_1_419' title='bbox 3283 2529 3619 2585; x_wconf 56' lang='lat' dir='ltr'><strong>(Maliacum</strong></span> <span class='ocrx_word' id='word_1_420' title='bbox 3649 2526 3761 2594; x_wconf 80' lang='grc' dir='ltr'>τῆς</span> <span class='ocrx_word' id='word_1_421' title='bbox 3801 2544 3911 2596; x_wconf 68' lang='grc' dir='ltr'><strong>φω-</strong></span> 
     </span>
    </p>
   </div>
   <div class='ocr_carea' id='block_1_57' title="bbox 2327 2614 3908 2686">
    <p class='ocr_par' dir='ltr' id='par_1_57' title="bbox 2327 2614 3908 2686">
     <span class='ocr_line' id='line_1_57' title="bbox 2327 2614 3908 2686; baseline -0.004 -14"><span class='ocrx_word' id='word_1_422' title='bbox 2327 2619 2444 2686; x_wconf 80' lang='grc' dir='ltr'><strong>νῆς</strong></span> <span class='ocrx_word' id='word_1_423' title='bbox 2489 2618 2694 2683; x_wconf 78' lang='grc' dir='ltr'>αὑτοῦ,</span> <span class='ocrx_word' id='word_1_424' title='bbox 2723 2618 2822 2672; x_wconf 76' lang='grc' dir='ltr'>καὶ</span> <span class='ocrx_word' id='word_1_425' title='bbox 2866 2618 3297 2682; x_wconf 64' lang='grc' dir='ltr'><strong>ἐξελεύσονται</strong></span> <span class='ocrx_word' id='word_1_426' title='bbox 3341 2618 3394 2670; x_wconf 78' lang='grc' dir='ltr'>οἱ</span> <span class='ocrx_word' id='word_1_427' title='bbox 3421 2617 3491 2674; x_wconf 77' lang='grc' dir='ltr'>τὰ</span> <span class='ocrx_word' id='word_1_428' title='bbox 3519 2617 3714 2684; x_wconf 61' lang='grc' dir='ltr'>ἀγαθὰ</span> <span class='ocrx_word' id='word_1_429' title='bbox 3737 2614 3908 2682; x_wconf 73' lang='grc' dir='ltr'>ποιή-</span> 
     </span>
    </p>
   </div>
   <div class='ocr_carea' id='block_1_58' title="bbox 2327 2705 3910 2777">
    <p class='ocr_par' dir='ltr' id='par_1_58' title="bbox 2327 2705 3910 2777">
     <span class='ocr_line' id='line_1_58' title="bbox 2327 2705 3910 2777; baseline -0.003 -13"><span class='ocrx_word' id='word_1_430' title='bbox 2327 2726 2547 2776; x_wconf 72' lang='grc' dir='ltr'>σαντες</span> <span class='ocrx_word' id='word_1_431' title='bbox 2567 2713 2653 2776; x_wconf 73' lang='grc' dir='ltr'>εἰς</span> <span class='ocrx_word' id='word_1_432' title='bbox 2690 2707 3032 2764; x_wconf 71' lang='grc' dir='ltr'>ἀνάστασιν</span> <span class='ocrx_word' id='word_1_433' title='bbox 3048 2707 3220 2777; x_wconf 74' lang='grc' dir='ltr'>ζωῆς·</span> <span class='ocrx_word' id='word_1_434' title='bbox 3255 2707 3400 2765; x_wconf 76' lang='grc' dir='ltr'>οἱδὲ</span> <span class='ocrx_word' id='word_1_435' title='bbox 3430 2708 3500 2766; x_wconf 77' lang='grc' dir='ltr'>τὰ</span> <span class='ocrx_word' id='word_1_436' title='bbox 3527 2707 3736 2777; x_wconf 67' lang='grc' dir='ltr'>φαῦλα</span> <span class='ocrx_word' id='word_1_437' title='bbox 3767 2705 3910 2774; x_wconf 76' lang='grc' dir='ltr'>πρά-</span> 
     </span>
    </p>
   </div>
   <div class='ocr_carea' id='block_1_59' title="bbox 2329 2799 3346 2875">
    <p class='ocr_par' dir='ltr' id='par_1_59' title="bbox 2329 2799 3346 2875">
     <span class='ocr_line' id='line_1_59' title="bbox 2329 2799 3346 2875; baseline -0.002 -19"><span class='ocrx_word' id='word_1_438' title='bbox 2329 2803 2563 2875; x_wconf 75' lang='grc' dir='ltr'>ξαντες,</span> <span class='ocrx_word' id='word_1_439' title='bbox 2586 2803 2672 2868; x_wconf 77' lang='grc' dir='ltr'>εὶς</span> <span class='ocrx_word' id='word_1_440' title='bbox 2699 2799 3043 2856; x_wconf 71' lang='grc' dir='ltr'><strong>ἀνάστασιν</strong></span> <span class='ocrx_word' id='word_1_441' title='bbox 3069 2802 3346 2867; x_wconf 70' lang='grc' dir='ltr'>κρίσεως.</span> 
     </span>
    </p>
   </div>
   <div class='ocr_carea' id='block_1_60' title="bbox 2402 2882 3907 2962">
    <p class='ocr_par' dir='ltr' id='par_1_60' title="bbox 2402 2882 3907 2962">
     <span class='ocr_line' id='line_1_60' title="bbox 2402 2882 3907 2962; baseline -0.007 -17"><span class='ocrx_word' id='word_1_442' title='bbox 2402 2892 2662 2962; x_wconf 86' lang='grc' dir='ltr'>Σημαίνει</span> <span class='ocrx_word' id='word_1_443' title='bbox 2702 2891 2798 2960; x_wconf 84' lang='grc' dir='ltr'><strong>μὲν</strong></span> <span class='ocrx_word' id='word_1_444' title='bbox 2841 2889 2936 2946; x_wconf 72' lang='grc' dir='ltr'>,διὰ</span> <span class='ocrx_word' id='word_1_445' title='bbox 2969 2888 3173 2942; x_wconf 87' lang='grc' dir='ltr'>τούτων</span> <span class='ocrx_word' id='word_1_446' title='bbox 3227 2886 3328 2950; x_wconf 76' lang='grc' dir='ltr'>τῆς</span> <span class='ocrx_word' id='word_1_447' title='bbox 3373 2883 3629 2938; x_wconf 84' lang='grc' dir='ltr'>ἁπάντων</span> <span class='ocrx_word' id='word_1_448' title='bbox 3678 2882 3907 2936; x_wconf 80' lang='grc' dir='ltr'>ἀναστά-</span> 
     </span>
    </p>
   </div>
   <div class='ocr_carea' id='block_1_61' title="bbox 2329 2974 3907 3056">
    <p class='ocr_par' dir='ltr' id='par_1_61' title="bbox 2329 2974 3907 3056">
     <span class='ocr_line' id='line_1_61' title="bbox 2329 2974 3907 3056; baseline -0.007 -18"><span class='ocrx_word' id='word_1_449' title='bbox 2329 3001 2465 3048; x_wconf 85' lang='grc' dir='ltr'>σεως</span> <span class='ocrx_word' id='word_1_450' title='bbox 2527 2983 2616 3036; x_wconf 85' lang='grc' dir='ltr'><strong>τὸν</strong></span> <span class='ocrx_word' id='word_1_451' title='bbox 2673 2982 2862 3056; x_wconf 74' lang='grc' dir='ltr'>καιρὸν</span> <span class='ocrx_word' id='word_1_452' title='bbox 2887 3023 2900 3047; x_wconf 92' lang='grc'>,</span> <span class='ocrx_word' id='word_1_453' title='bbox 2930 2983 3017 3034; x_wconf 81' lang='grc' dir='ltr'><strong>ὅτε</strong></span> <span class='ocrx_word' id='word_1_454' title='bbox 3043 3023 3057 3043; x_wconf 86' lang='grc'>,</span> <span class='ocrx_word' id='word_1_455' title='bbox 3090 2978 3338 3054; x_wconf 78' lang='grc' dir='ltr'>καθάπερ</span> <span class='ocrx_word' id='word_1_456' title='bbox 3387 2979 3516 3054; x_wconf 68' lang='grc' dir='ltr'>ἡμῖν</span> <span class='ocrx_word' id='word_1_457' title='bbox 3554 2978 3583 3028; x_wconf 93' lang='lat'><strong>6</strong></span> <span class='ocrx_word' id='word_1_458' title='bbox 3627 2974 3907 3035; x_wconf 76' lang='grc' dir='ltr'>θεσπέσιος</span> 
     </span>
    </p>
   </div>
   <div class='ocr_carea' id='block_1_62' title="bbox 2325 3065 3901 3141">
    <p class='ocr_par' dir='ltr' id='par_1_62' title="bbox 2325 3065 3901 3141">
     <span class='ocr_line' id='line_1_62' title="bbox 2325 3065 3901 3141; baseline -0.007 -12"><span class='ocrx_word' id='word_1_459' title='bbox 2325 3075 2602 3130; x_wconf 75' lang='grc' dir='ltr'><strong>ἐπέστειλε</strong></span> <span class='ocrx_word' id='word_1_460' title='bbox 2630 3074 2840 3136; x_wconf 81' lang='grc' dir='ltr'>Παῦλος</span> <span class='ocrx_word' id='word_1_461' title='bbox 2865 3113 2881 3140; x_wconf 90' lang='grc'>,</span> <span class='ocrx_word' id='word_1_462' title='bbox 2905 3092 2921 3123; x_wconf 85' lang='grc' dir='ltr'><strong>ι</strong></span> <span class='ocrx_word' id='word_1_463' title='bbox 2955 3072 3127 3135; x_wconf 73' lang='grc' dir='ltr'>Αὐτὸς</span> <span class='ocrx_word' id='word_1_464' title='bbox 3155 3073 3182 3124; x_wconf 89' lang='lat'><strong>6</strong></span> <span class='ocrx_word' id='word_1_465' title='bbox 3219 3071 3429 3141; x_wconf 60' lang='grc' dir='ltr'>Κύριος</span> <span class='ocrx_word' id='word_1_466' title='bbox 3447 3073 3514 3126; x_wconf 74' lang='grc' dir='ltr'><strong>,ὲν</strong></span> <span class='ocrx_word' id='word_1_467' title='bbox 3543 3065 3901 3137; x_wconf 80' lang='grc' dir='ltr'>κελεύσματι,</span> 
     </span>
    </p>
   </div>
   <div class='ocr_carea' id='block_1_63' title="bbox 2327 3158 3904 3238">
    <p class='ocr_par' dir='ltr' id='par_1_63' title="bbox 2327 3158 3904 3238">
     <span class='ocr_line' id='line_1_63' title="bbox 2327 3158 3904 3238; baseline -0.007 -17"><span class='ocrx_word' id='word_1_468' title='bbox 2327 3171 2385 3222; x_wconf 76' lang='grc' dir='ltr'>ὲν</span> <span class='ocrx_word' id='word_1_469' title='bbox 2416 3170 2568 3238; x_wconf 81' lang='grc' dir='ltr'>φωνῇ</span> <span class='ocrx_word' id='word_1_470' title='bbox 2599 3166 2961 3238; x_wconf 83' lang='grc' dir='ltr'>ἀρχαγγέλου,</span> <span class='ocrx_word' id='word_1_471' title='bbox 2983 3165 3048 3217; x_wconf 79' lang='grc' dir='ltr'>,ἐν</span> <span class='ocrx_word' id='word_1_472' title='bbox 3084 3163 3344 3230; x_wconf 82' lang='grc' dir='ltr'>σάλπιγγι</span> <span class='ocrx_word' id='word_1_473' title='bbox 3369 3159 3501 3214; x_wconf 83' lang='grc' dir='ltr'>Θεοῦ</span> <span class='ocrx_word' id='word_1_474' title='bbox 3534 3158 3904 3230; x_wconf 75' lang='grc' dir='ltr'>καταϐήσεται</span> 
     </span>
    </p>
   </div>
   <div class='ocr_carea' id='block_1_64' title="bbox 633 3235 2218 3331">
    <p class='ocr_par' dir='ltr' id='par_1_64' title="bbox 633 3254 2218 3326">
     <span class='ocr_line' id='line_1_64' title="bbox 633 3254 2218 3326; baseline 0.003 -20"><span class='ocrx_word' id='word_1_475' title='bbox 633 3262 806 3310; x_wconf 68' lang='lat' dir='ltr'><strong>turus</strong></span> <span class='ocrx_word' id='word_1_476' title='bbox 852 3257 1041 3309; x_wconf 80' lang='lat' dir='ltr'><strong>orbem</strong></span> <span class='ocrx_word' id='word_1_477' title='bbox 1082 3254 1146 3308; x_wconf 76' lang='lat' dir='ltr'><strong>in</strong></span> <span class='ocrx_word' id='word_1_478' title='bbox 1179 3255 1400 3326; x_wconf 87' lang='lat' dir='ltr'><strong>justitia</strong></span> <span class='ocrx_word' id='word_1_479' title='bbox 1426 3255 1493 3320; x_wconf 71' lang='grc'><strong>⁸⁸,</strong></span> <span class='ocrx_word' id='word_1_480' title='bbox 1536 3266 1592 3310; x_wconf 87' lang='lat' dir='ltr'><strong>et</strong></span> <span class='ocrx_word' id='word_1_481' title='bbox 1638 3255 1958 3312; x_wconf 75' lang='lat' dir='ltr'><strong>redditurus</strong></span> <span class='ocrx_word' id='word_1_482' title='bbox 1988 3257 2218 3313; x_wconf 85' lang='lat' dir='ltr'><strong>unicui-</strong></span> 
     </span>
    </p>
   </div>
   <div class='ocr_carea' id='block_1_65' title="bbox 2322 3235 3903 3331">
    <p class='ocr_par' dir='ltr' id='par_1_65' title="bbox 2326 3251 3903 3331">
     <span class='ocr_line' id='line_1_65' title="bbox 2326 3251 3903 3331; baseline -0.007 -17"><span class='ocrx_word' id='word_1_483' title='bbox 2326 3261 2420 3314; x_wconf 83' lang='grc' dir='ltr'>ἀπ’</span> <span class='ocrx_word' id='word_1_484' title='bbox 2445 3260 2693 3331; x_wconf 79' lang='grc' dir='ltr'>ούρανοῦ,</span> <span class='ocrx_word' id='word_1_485' title='bbox 2729 3279 2747 3312; x_wconf 69' lang='grc' dir='ltr'><strong>ι</strong></span> <span class='ocrx_word' id='word_1_486' title='bbox 2775 3261 2955 3330; x_wconf 85' lang='grc' dir='ltr'>κρῖναι</span> <span class='ocrx_word' id='word_1_487' title='bbox 2995 3257 3092 3329; x_wconf 80' lang='grc' dir='ltr'>τὴν</span> <span class='ocrx_word' id='word_1_488' title='bbox 3117 3256 3443 3325; x_wconf 74' lang='grc' dir='ltr'>οἰκουμένην</span> <span class='ocrx_word' id='word_1_489' title='bbox 3475 3255 3533 3309; x_wconf 82' lang='grc' dir='ltr'>ὲν</span> <span class='ocrx_word' id='word_1_490' title='bbox 3572 3251 3903 3324; x_wconf 77' lang='grc' dir='ltr'>δικαιοσύνῃ,</span> 
     </span>
    </p>
   </div>
   <div class='ocr_carea' id='block_1_66' title="bbox 641 3345 2219 3415">
    <p class='ocr_par' dir='ltr' id='par_1_66' title="bbox 641 3345 2219 3415">
     <span class='ocr_line' id='line_1_66' title="bbox 641 3345 2219 3415; baseline 0.005 -17"><span class='ocrx_word' id='word_1_491' title='bbox 641 3360 750 3414; x_wconf 90' lang='lat' dir='ltr'><strong>que</strong></span> <span class='ocrx_word' id='word_1_492' title='bbox 809 3345 1112 3400; x_wconf 86' lang='lat' dir='ltr'><strong>secundum</strong></span> <span class='ocrx_word' id='word_1_493' title='bbox 1178 3361 1343 3415; x_wconf 88' lang='lat' dir='ltr'><strong>opera</strong></span> <span class='ocrx_word' id='word_1_494' title='bbox 1405 3361 1527 3401; x_wconf 90' lang='lat' dir='ltr'><strong>sua.</strong></span> <span class='ocrx_word' id='word_1_495' title='bbox 1607 3345 1966 3415; x_wconf 18' lang='lat' dir='ltr'><strong>‘Repetitioue</strong></span> <span class='ocrx_word' id='word_1_496' title='bbox 2037 3355 2219 3406; x_wconf 90' lang='lat' dir='ltr'><strong>tamen</strong></span> 
     </span>
    </p>
   </div>
   <div class='ocr_carea' id='block_1_67' title="bbox 640 3434 2221 3508">
    <p class='ocr_par' dir='ltr' id='par_1_67' title="bbox 640 3434 2221 3508">
     <span class='ocr_line' id='line_1_67' title="bbox 640 3434 2221 3508; baseline 0.004 -20"><span class='ocrx_word' id='word_1_497' title='bbox 640 3435 959 3490; x_wconf 81' lang='lat' dir='ltr'><strong>earumdem</strong></span> <span class='ocrx_word' id='word_1_498' title='bbox 993 3435 1280 3504; x_wconf 84' lang='lat' dir='ltr'><strong>imperitos</strong></span> <span class='ocrx_word' id='word_1_499' title='bbox 1311 3434 1627 3503; x_wconf 63' lang='lat' dir='ltr'><strong>Judgeorum</strong></span> <span class='ocrx_word' id='word_1_500' title='bbox 1663 3438 1881 3494; x_wconf 89' lang='lat' dir='ltr'><strong>animos</strong></span> <span class='ocrx_word' id='word_1_501' title='bbox 1911 3439 2071 3508; x_wconf 84' lang='lat' dir='ltr'><strong>quasi</strong></span> <span class='ocrx_word' id='word_1_502' title='bbox 2106 3455 2221 3494; x_wconf 85' lang='lat' dir='ltr'><strong>ma-</strong></span> 
     </span>
    </p>
   </div>
   <div class='ocr_carea' id='block_1_68' title="bbox 632 3526 2218 3598">
    <p class='ocr_par' dir='ltr' id='par_1_68' title="bbox 632 3526 2218 3598">
     <span class='ocr_line' id='line_1_68' title="bbox 632 3526 2218 3598; baseline 0.003 -15"><span class='ocrx_word' id='word_1_503' title='bbox 632 3526 907 3593; x_wconf 86' lang='lat' dir='ltr'><strong>,nuducit,</strong></span> <span class='ocrx_word' id='word_1_504' title='bbox 953 3536 1013 3580; x_wconf 89' lang='lat' dir='ltr'><strong>ut</strong></span> <span class='ocrx_word' id='word_1_505' title='bbox 1062 3527 1212 3582; x_wconf 87' lang='lat' dir='ltr'><strong>clare</strong></span> <span class='ocrx_word' id='word_1_506' title='bbox 1262 3527 1478 3582; x_wconf 83' lang='lat' dir='ltr'><strong>discere</strong></span> <span class='ocrx_word' id='word_1_507' title='bbox 1521 3535 1726 3598; x_wconf 84' lang='lat' dir='ltr'><strong>queant</strong></span> <span class='ocrx_word' id='word_1_508' title='bbox 1779 3529 1991 3598; x_wconf 86' lang='lat' dir='ltr'><strong>majora</strong></span> <span class='ocrx_word' id='word_1_509' title='bbox 2036 3532 2108 3587; x_wconf 87' lang='lat' dir='ltr'><strong>ab</strong></span> <span class='ocrx_word' id='word_1_510' title='bbox 2152 3546 2218 3587; x_wconf 92' lang='lat' dir='ltr'><strong>eo</strong></span> 
     </span>
    </p>
   </div>
   <div class='ocr_carea' id='block_1_69' title="bbox 633 3617 2215 3690">
    <p class='ocr_par' dir='ltr' id='par_1_69' title="bbox 633 3617 2215 3690">
     <span class='ocr_line' id='line_1_69' title="bbox 633 3617 2215 3690; baseline 0.006 -21"><span class='ocrx_word' id='word_1_511' title='bbox 633 3617 904 3671; x_wconf 82' lang='lat' dir='ltr'><strong>miracula</strong></span> <span class='ocrx_word' id='word_1_512' title='bbox 943 3627 1216 3687; x_wconf 82' lang='lat' dir='ltr'><strong>patratum</strong></span> <span class='ocrx_word' id='word_1_513' title='bbox 1249 3619 1312 3672; x_wconf 88' lang='lat' dir='ltr'><strong>iri</strong></span> <span class='ocrx_word' id='word_1_514' title='bbox 1345 3636 1510 3690; x_wconf 88' lang='lat' dir='ltr'><strong>quam</strong></span> <span class='ocrx_word' id='word_1_515' title='bbox 1565 3620 1712 3690; x_wconf 87' lang='lat' dir='ltr'><strong>quod</strong></span> <span class='ocrx_word' id='word_1_516' title='bbox 1767 3621 1969 3676; x_wconf 77' lang='lat' dir='ltr'><strong>factum</strong></span> <span class='ocrx_word' id='word_1_517' title='bbox 2019 3631 2106 3678; x_wconf 92' lang='lat' dir='ltr'><strong>est</strong></span> <span class='ocrx_word' id='word_1_518' title='bbox 2159 3624 2215 3678; x_wconf 91' lang='lat' dir='ltr'><strong>in</strong></span> 
     </span>
    </p>
   </div>
   <div class='ocr_carea' id='block_1_70' title="bbox 643 3709 2218 3784">
    <p class='ocr_par' dir='ltr' id='par_1_70' title="bbox 643 3709 2218 3784">
     <span class='ocr_line' id='line_1_70' title="bbox 643 3709 2218 3784; baseline 0.006 -24"><span class='ocrx_word' id='word_1_519' title='bbox 643 3709 967 3779; x_wconf 88' lang='lat' dir='ltr'><strong>paralytico,</strong></span> <span class='ocrx_word' id='word_1_520' title='bbox 992 3719 1044 3763; x_wconf 90' lang='lat' dir='ltr'><strong>et</strong></span> <span class='ocrx_word' id='word_1_521' title='bbox 1075 3725 1135 3764; x_wconf 90' lang='lat' dir='ltr'><strong>se</strong></span> <span class='ocrx_word' id='word_1_522' title='bbox 1163 3711 1337 3764; x_wconf 83' lang='lat' dir='ltr'><strong>totius</strong></span> <span class='ocrx_word' id='word_1_523' title='bbox 1362 3711 1514 3766; x_wconf 88' lang='lat' dir='ltr'><strong>orbis</strong></span> <span class='ocrx_word' id='word_1_524' title='bbox 1550 3712 1912 3767; x_wconf 87' lang='lat' dir='ltr'><strong>constitutum</strong></span> <span class='ocrx_word' id='word_1_525' title='bbox 1943 3713 2017 3768; x_wconf 89' lang='lat' dir='ltr'><strong>.iri</strong></span> <span class='ocrx_word' id='word_1_526' title='bbox 2069 3715 2218 3784; x_wconf 83' lang='lat' dir='ltr'><strong>judi-</strong></span> 
     </span>
    </p>
   </div>
   <div class='ocr_carea' id='block_1_71' title="bbox 643 3799 2215 3870">
    <p class='ocr_par' dir='ltr' id='par_1_71' title="bbox 643 3799 2215 3870">
     <span class='ocr_line' id='line_1_71' title="bbox 643 3799 2215 3870; baseline 0.006 -18"><span class='ocrx_word' id='word_1_527' title='bbox 643 3815 784 3855; x_wconf 83' lang='lat' dir='ltr'><strong>cem.</strong></span> <span class='ocrx_word' id='word_1_528' title='bbox 827 3799 1167 3870; x_wconf 82' lang='lat' dir='ltr'><strong>Comparans</strong></span> <span class='ocrx_word' id='word_1_529' title='bbox 1218 3814 1399 3857; x_wconf 86' lang='lat' dir='ltr'><strong>autem</strong></span> <span class='ocrx_word' id='word_1_530' title='bbox 1437 3811 1783 3859; x_wconf 75' lang='lat' dir='ltr'><strong>mortuorum</strong></span> <span class='ocrx_word' id='word_1_531' title='bbox 1817 3807 2215 3861; x_wconf 88' lang='lat' dir='ltr'><strong>resnrrectioni</strong></span> 
     </span>
    </p>
   </div>
   <div class='ocr_carea' id='block_1_72' title="bbox 639 3891 2215 3965">
    <p class='ocr_par' dir='ltr' id='par_1_72' title="bbox 639 3891 2215 3965">
     <span class='ocr_line' id='line_1_72' title="bbox 639 3891 2215 3965; baseline 0.003 -20"><span class='ocrx_word' id='word_1_532' title='bbox 639 3891 803 3947; x_wconf 90' lang='lat' dir='ltr'><strong>unius</strong></span> <span class='ocrx_word' id='word_1_533' title='bbox 839 3892 1177 3946; x_wconf 84' lang='lat' dir='ltr'><strong>curationem</strong></span> <span class='ocrx_word' id='word_1_534' title='bbox 1201 3933 1215 3957; x_wconf 93' lang='lat'><strong>,</strong></span> <span class='ocrx_word' id='word_1_535' title='bbox 1265 3894 1526 3962; x_wconf 88' lang='lat' dir='ltr'><strong>majorem</strong></span> <span class='ocrx_word' id='word_1_536' title='bbox 1589 3903 1644 3949; x_wconf 86' lang='lat' dir='ltr'><strong>et</strong></span> <span class='ocrx_word' id='word_1_537' title='bbox 1688 3895 1990 3965; x_wconf 78' lang='lat' dir='ltr'><strong>digniorem</strong></span> <span class='ocrx_word' id='word_1_538' title='bbox 2026 3904 2215 3951; x_wconf 88' lang='lat' dir='ltr'><strong>osten-</strong></span> 
     </span>
    </p>
   </div>
   <div class='ocr_carea' id='block_1_73' title="bbox 631 3982 2216 4058">
    <p class='ocr_par' dir='ltr' id='par_1_73' title="bbox 631 3982 2216 4058">
     <span class='ocr_line' id='line_1_73' title="bbox 631 3982 2216 4058; baseline 0.004 -22"><span class='ocrx_word' id='word_1_539' title='bbox 631 3982 722 4036; x_wconf 80' lang='lat' dir='ltr'><strong>dit</strong></span> <span class='ocrx_word' id='word_1_540' title='bbox 744 3997 868 4036; x_wconf 85' lang='lat' dir='ltr'><strong>esse</strong></span> <span class='ocrx_word' id='word_1_541' title='bbox 892 3987 1008 4036; x_wconf 72' lang='lat' dir='ltr'><strong>vim</strong></span> <span class='ocrx_word' id='word_1_542' title='bbox 1044 3982 1196 4037; x_wconf 86' lang='lat' dir='ltr'><strong>illam</strong></span> <span class='ocrx_word' id='word_1_543' title='bbox 1228 3983 1506 4040; x_wconf 72' lang='lat' dir='ltr'><strong>sol-venda:</strong></span> <span class='ocrx_word' id='word_1_544' title='bbox 1541 3987 1759 4050; x_wconf 76' lang='lat' dir='ltr'><strong>mortis,</strong></span> <span class='ocrx_word' id='word_1_545' title='bbox 1799 3994 1858 4041; x_wconf 90' lang='lat' dir='ltr'><strong>et</strong></span> <span class='ocrx_word' id='word_1_546' title='bbox 1897 3988 2216 4058; x_wconf 80' lang='lat' dir='ltr'><strong>corruptio-</strong></span> 
     </span>
    </p>
   </div>
   <div class='ocr_carea' id='block_1_74' title="bbox 631 4072 2214 4147">
    <p class='ocr_par' dir='ltr' id='par_1_74' title="bbox 631 4072 2214 4147">
     <span class='ocr_line' id='line_1_74' title="bbox 631 4072 2214 4147; baseline 0.003 -17"><span class='ocrx_word' id='word_1_547' title='bbox 631 4072 1001 4130; x_wconf 72' lang='lat' dir='ltr'><strong>nisomnium</strong></span> <span class='ocrx_word' id='word_1_548' title='bbox 1038 4075 1313 4138; x_wconf 71' lang='lat' dir='ltr'><strong>tollendae,</strong></span> <span class='ocrx_word' id='word_1_549' title='bbox 1358 4076 1607 4147; x_wconf 87' lang='lat' dir='ltr'><strong>adeoque</strong></span> <span class='ocrx_word' id='word_1_550' title='bbox 1657 4078 1780 4147; x_wconf 81' lang='lat' dir='ltr'><strong>jure</strong></span> <span class='ocrx_word' id='word_1_551' title='bbox 1802 4087 1868 4134; x_wconf 81' lang='lat' dir='ltr'><strong>et</strong></span> <span class='ocrx_word' id='word_1_552' title='bbox 1886 4079 2214 4136; x_wconf 77' lang='lat' dir='ltr'><strong>necessario</strong></span> 
     </span>
    </p>
   </div>
   <div class='ocr_carea' id='block_1_75' title="bbox 637 4165 2214 4234">
    <p class='ocr_par' dir='ltr' id='par_1_75' title="bbox 637 4165 2214 4234">
     <span class='ocr_line' id='line_1_75' title="bbox 637 4165 2214 4234; baseline 0.004 -17"><span class='ocrx_word' id='word_1_553' title='bbox 637 4165 799 4234; x_wconf 89' lang='lat' dir='ltr'><strong>quasi</strong></span> <span class='ocrx_word' id='word_1_554' title='bbox 849 4165 920 4219; x_wconf 87' lang='lat' dir='ltr'><strong>de</strong></span> <span class='ocrx_word' id='word_1_555' title='bbox 986 4166 1198 4221; x_wconf 85' lang='lat' dir='ltr'><strong>minore</strong></span> <span class='ocrx_word' id='word_1_556' title='bbox 1251 4167 1519 4224; x_wconf 83' lang='lat' dir='ltr'><strong>miraculo</strong></span> <span class='ocrx_word' id='word_1_557' title='bbox 1561 4168 1685 4223; x_wconf 88' lang='lat' dir='ltr'><strong>ait:</strong></span> <span class='ocrx_word' id='word_1_558' title='bbox 1732 4187 1749 4219; x_wconf 82' lang='grc' dir='ltr'><strong>ι</strong></span> <span class='ocrx_word' id='word_1_559' title='bbox 1792 4167 1973 4224; x_wconf 76' lang='grc' dir='ltr'><strong>Νοιίιο</strong></span> <span class='ocrx_word' id='word_1_560' title='bbox 2025 4169 2214 4226; x_wconf 87' lang='lat' dir='ltr'><strong>mirari</strong></span> 
     </span>
    </p>
   </div>
   <div class='ocr_carea' id='block_1_76' title="bbox 637 4254 2213 4331">
    <p class='ocr_par' dir='ltr' id='par_1_76' title="bbox 637 4254 2213 4331">
     <span class='ocr_line' id='line_1_76' title="bbox 637 4254 2213 4331; baseline 0.004 -21"><span class='ocrx_word' id='word_1_561' title='bbox 637 4255 762 4312; x_wconf 89' lang='lat' dir='ltr'><strong>hoc.</strong></span> <span class='ocrx_word' id='word_1_562' title='bbox 805 4275 823 4308; x_wconf 71' lang='grc' dir='ltr'><strong>ι</strong></span> <span class='ocrx_word' id='word_1_563' title='bbox 860 4254 1050 4326; x_wconf 81' lang='lat' dir='ltr'><strong>Neque</strong></span> <span class='ocrx_word' id='word_1_564' title='bbox 1102 4272 1232 4312; x_wconf 79' lang='lat' dir='ltr'><strong>vero</strong></span> <span class='ocrx_word' id='word_1_565' title='bbox 1296 4259 1615 4328; x_wconf 87' lang='lat' dir='ltr'><strong>putabimus</strong></span> <span class='ocrx_word' id='word_1_566' title='bbox 1670 4261 1846 4331; x_wconf 89' lang='lat' dir='ltr'><strong>ipsum</strong></span> <span class='ocrx_word' id='word_1_567' title='bbox 1887 4261 1976 4316; x_wconf 88' lang='lat' dir='ltr'><strong>his</strong></span> <span class='ocrx_word' id='word_1_568' title='bbox 2032 4262 2213 4322; x_wconf 80' lang='lat' dir='ltr'><strong>verbis</strong></span> 
     </span>
    </p>
   </div>
   <div class='ocr_carea' id='block_1_77' title="bbox 634 4350 2211 4418">
    <p class='ocr_par' dir='ltr' id='par_1_77' title="bbox 634 4350 2211 4418">
     <span class='ocr_line' id='line_1_77' title="bbox 634 4350 2211 4418; baseline 0.004 -16"><span class='ocrx_word' id='word_1_569' title='bbox 634 4365 864 4418; x_wconf 88' lang='lat' dir='ltr'><strong>operum</strong></span> <span class='ocrx_word' id='word_1_570' title='bbox 897 4365 1130 4405; x_wconf 75' lang='lat' dir='ltr'><strong>suorum</strong></span> <span class='ocrx_word' id='word_1_571' title='bbox 1157 4350 1402 4407; x_wconf 76' lang='lat' dir='ltr'><strong>claritati</strong></span> <span class='ocrx_word' id='word_1_572' title='bbox 1437 4350 1751 4415; x_wconf 85' lang='lat' dir='ltr'><strong>detrahere,</strong></span> <span class='ocrx_word' id='word_1_573' title='bbox 1779 4362 1888 4414; x_wconf 83' lang='lat' dir='ltr'><strong>aut.</strong></span> <span class='ocrx_word' id='word_1_574' title='bbox 1923 4361 2073 4410; x_wconf 87' lang='lat' dir='ltr'><strong>certe</strong></span> <span class='ocrx_word' id='word_1_575' title='bbox 2097 4368 2211 4408; x_wconf 83' lang='lat' dir='ltr'><strong>au-</strong></span> 
     </span>
    </p>
   </div>
   <div class='ocr_carea' id='block_1_78' title="bbox 627 4439 2210 4515">
    <p class='ocr_par' dir='ltr' id='par_1_78' title="bbox 627 4439 2210 4515">
     <span class='ocr_line' id='line_1_78' title="bbox 627 4439 2210 4515; baseline 0.003 -21"><span class='ocrx_word' id='word_1_576' title='bbox 627 4439 912 4497; x_wconf 83' lang='lat' dir='ltr'><strong>ditoribus</strong></span> <span class='ocrx_word' id='word_1_577' title='bbox 975 4442 1276 4510; x_wconf 53' lang='lat' dir='ltr'><strong>precipere</strong></span> <span class='ocrx_word' id='word_1_578' title='bbox 1341 4456 1412 4496; x_wconf 88' lang='lat' dir='ltr'><strong>ne</strong></span> <span class='ocrx_word' id='word_1_579' title='bbox 1447 4442 1731 4497; x_wconf 85' lang='lat' dir='ltr'><strong>mirentur</strong></span> <span class='ocrx_word' id='word_1_580' title='bbox 1780 4458 1903 4512; x_wconf 64' lang='lat' dir='ltr'><strong>qua:</strong></span> <span class='ocrx_word' id='word_1_581' title='bbox 1965 4444 2210 4515; x_wconf 89' lang='lat' dir='ltr'><strong>alioquin</strong></span> 
     </span>
    </p>
   </div>
   <div class='ocr_carea' id='block_1_79' title="bbox 2320 3343 3906 3423">
    <p class='ocr_par' dir='ltr' id='par_1_79' title="bbox 2320 3343 3906 3423">
     <span class='ocr_line' id='line_1_79' title="bbox 2320 3343 3906 3423; baseline -0.005 -17"><span class='ocrx_word' id='word_1_582' title='bbox 2320 3353 2416 3406; x_wconf 74' lang='grc' dir='ltr'><strong>καὶ</strong></span> <span class='ocrx_word' id='word_1_583' title='bbox 2449 3351 2741 3406; x_wconf 81' lang='grc' dir='ltr'>ἀποδώσων</span> <span class='ocrx_word' id='word_1_584' title='bbox 2765 3351 2864 3423; x_wconf 79' lang='grc' dir='ltr'>[αι.</span> <span class='ocrx_word' id='word_1_585' title='bbox 2897 3347 3218 3420; x_wconf 73' lang='grc' dir='ltr'>ἀποδώσειν]</span> <span class='ocrx_word' id='word_1_586' title='bbox 3249 3347 3465 3416; x_wconf 78' lang='grc' dir='ltr'>ἑκάστῳ</span> <span class='ocrx_word' id='word_1_587' title='bbox 3502 3346 3644 3400; x_wconf 84' lang='grc' dir='ltr'>κατὰ</span> <span class='ocrx_word' id='word_1_588' title='bbox 3671 3350 3748 3398; x_wconf 72' lang='grc' dir='ltr'><strong>τά</strong></span> <span class='ocrx_word' id='word_1_589' title='bbox 3775 3343 3906 3414; x_wconf 73' lang='grc' dir='ltr'>ἔργα</span> 
     </span>
    </p>
   </div>
   <div class='ocr_carea' id='block_1_80' title="bbox 2320 3431 3905 3513">
    <p class='ocr_par' dir='ltr' id='par_1_80' title="bbox 2320 3431 3905 3513">
     <span class='ocr_line' id='line_1_80' title="bbox 2320 3431 3905 3513; baseline -0.008 -16"><span class='ocrx_word' id='word_1_590' title='bbox 2320 3443 2504 3498; x_wconf 83' lang='grc' dir='ltr'>αὐτοῦ.</span> <span class='ocrx_word' id='word_1_591' title='bbox 2540 3444 2884 3513; x_wconf 84' lang='grc' dir='ltr'>Χειραγωγεί</span> <span class='ocrx_word' id='word_1_592' title='bbox 2916 3441 2960 3494; x_wconf 76' lang='grc' dir='ltr'>δ’</span> <span class='ocrx_word' id='word_1_593' title='bbox 3006 3436 3098 3494; x_wconf 79' lang='grc' dir='ltr'><strong>οῦν</strong></span> <span class='ocrx_word' id='word_1_594' title='bbox 3137 3441 3286 3509; x_wconf 80' lang='grc' dir='ltr'>ὅμως</span> <span class='ocrx_word' id='word_1_595' title='bbox 3333 3437 3420 3494; x_wconf 78' lang='grc' dir='ltr'><strong>διὰ</strong></span> <span class='ocrx_word' id='word_1_596' title='bbox 3453 3436 3551 3505; x_wconf 76' lang='grc' dir='ltr'>τῆς</span> <span class='ocrx_word' id='word_1_597' title='bbox 3580 3433 3695 3486; x_wconf 83' lang='grc' dir='ltr'><strong>τῶν</strong></span> <span class='ocrx_word' id='word_1_598' title='bbox 3731 3431 3905 3486; x_wconf 76' lang='grc' dir='ltr'>αὐτῶν</span> 
     </span>
    </p>
   </div>
   <div class='ocr_carea' id='block_1_81' title="bbox 2315 3519 3902 3606">
    <p class='ocr_par' dir='ltr' id='par_1_81' title="bbox 2315 3519 3902 3606">
     <span class='ocr_line' id='line_1_81' title="bbox 2315 3519 3902 3606; baseline -0.01 -17"><span class='ocrx_word' id='word_1_599' title='bbox 2315 3534 2711 3606; x_wconf 71' lang='grc' dir='ltr'>ἐπαναλὴψεως</span> <span class='ocrx_word' id='word_1_600' title='bbox 2747 3532 2855 3602; x_wconf 43' lang='grc' dir='ltr'>’τὴν</span> <span class='ocrx_word' id='word_1_601' title='bbox 2902 3530 3288 3602; x_wconf 76' lang='grc' dir='ltr'>ἀμαθεστάτην</span> <span class='ocrx_word' id='word_1_602' title='bbox 3335 3526 3442 3579; x_wconf 83' lang='grc' dir='ltr'><strong>τῶν</strong></span> <span class='ocrx_word' id='word_1_603' title='bbox 3483 3522 3760 3576; x_wconf 78' lang='grc' dir='ltr'>Ἰουδαίων</span> <span class='ocrx_word' id='word_1_604' title='bbox 3796 3519 3902 3574; x_wconf 81' lang='grc' dir='ltr'><strong>διὰ-</strong></span> 
     </span>
    </p>
   </div>
   <div class='ocr_carea' id='block_1_82' title="bbox 2317 3613 3904 3687">
    <p class='ocr_par' dir='ltr' id='par_1_82' title="bbox 2317 3613 3904 3687">
     <span class='ocr_line' id='line_1_82' title="bbox 2317 3613 3904 3687; baseline -0.011 -7"><span class='ocrx_word' id='word_1_605' title='bbox 2317 3642 2469 3680; x_wconf 88' lang='grc' dir='ltr'>νοιαν</span> <span class='ocrx_word' id='word_1_606' title='bbox 2520 3627 2598 3687; x_wconf 88' lang='grc' dir='ltr'>εἰς</span> <span class='ocrx_word' id='word_1_607' title='bbox 2631 3624 2691 3678; x_wconf 82' lang='grc' dir='ltr'><strong>τὸ</strong></span> <span class='ocrx_word' id='word_1_608' title='bbox 2732 3622 2988 3677; x_wconf 86' lang='grc' dir='ltr'>δύνασθαι</span> <span class='ocrx_word' id='word_1_609' title='bbox 3013 3620 3248 3676; x_wconf 75' lang='grc' dir='ltr'>συνιέναι</span> <span class='ocrx_word' id='word_1_610' title='bbox 3281 3615 3464 3684; x_wconf 71' lang='grc' dir='ltr'>σαφῶς</span> <span class='ocrx_word' id='word_1_611' title='bbox 3485 3656 3500 3679; x_wconf 92' lang='grc'>,</span> <span class='ocrx_word' id='word_1_612' title='bbox 3532 3617 3614 3668; x_wconf 82' lang='grc' dir='ltr'>ὅτι</span> <span class='ocrx_word' id='word_1_613' title='bbox 3666 3613 3766 3666; x_wconf 71' lang='grc' dir='ltr'><strong>καὶ</strong></span> <span class='ocrx_word' id='word_1_614' title='bbox 3803 3629 3904 3683; x_wconf 68' lang='lat' dir='ltr'><strong>ps:-</strong></span> 
     </span>
    </p>
   </div>
   <div class='ocr_carea' id='block_1_83' title="bbox 2319 3701 3902 3786">
    <p class='ocr_par' dir='ltr' id='par_1_83' title="bbox 2319 3701 3902 3786">
     <span class='ocr_line' id='line_1_83' title="bbox 2319 3701 3902 3786; baseline -0.009 -15"><span class='ocrx_word' id='word_1_615' title='bbox 2319 3719 2486 3783; x_wconf 81' lang='grc' dir='ltr'>ζόνων</span> <span class='ocrx_word' id='word_1_616' title='bbox 2506 3716 2658 3773; x_wconf 76' lang='grc' dir='ltr'>ἔσται</span> <span class='ocrx_word' id='word_1_617' title='bbox 2680 3713 3068 3786; x_wconf 80' lang='grc' dir='ltr'>τερατουργὸς,</span> <span class='ocrx_word' id='word_1_618' title='bbox 3098 3713 3155 3764; x_wconf 82' lang='grc' dir='ltr'>ὲν</span> <span class='ocrx_word' id='word_1_619' title='bbox 3186 3705 3268 3774; x_wconf 70' lang='grc' dir='ltr'>οἷς</span> <span class='ocrx_word' id='word_1_620' title='bbox 3305 3711 3332 3763; x_wconf 91' lang='lat'><strong>6</strong></span> <span class='ocrx_word' id='word_1_621' title='bbox 3363 3707 3676 3778; x_wconf 86' lang='grc' dir='ltr'>παράλυτος</span> <span class='ocrx_word' id='word_1_622' title='bbox 3703 3701 3797 3775; x_wconf 72' lang='grc' dir='ltr'><strong>ἦν,</strong></span> <span class='ocrx_word' id='word_1_623' title='bbox 3820 3705 3902 3757; x_wconf 74' lang='grc' dir='ltr'><strong>καὶ</strong></span> 
     </span>
    </p>
   </div>
   <div class='ocr_carea' id='block_1_84' title="bbox 2317 3796 3900 3873">
    <p class='ocr_par' dir='ltr' id='par_1_84' title="bbox 2317 3796 3900 3873">
     <span class='ocr_line' id='line_1_84' title="bbox 2317 3796 3900 3873; baseline -0.006 -17"><span class='ocrx_word' id='word_1_624' title='bbox 2317 3803 2416 3873; x_wconf 83' lang='grc' dir='ltr'>τῆς</span> <span class='ocrx_word' id='word_1_625' title='bbox 2443 3803 2769 3873; x_wconf 77' lang='grc' dir='ltr'>οἰκουμένης</span> <span class='ocrx_word' id='word_1_626' title='bbox 2817 3799 3266 3871; x_wconf 82' lang='grc' dir='ltr'>ἀναδειχθήσεται</span> <span class='ocrx_word' id='word_1_627' title='bbox 3311 3798 3524 3869; x_wconf 76' lang='grc' dir='ltr'>κριτής.</span> <span class='ocrx_word' id='word_1_628' title='bbox 3579 3796 3900 3864; x_wconf 82' lang='grc' dir='ltr'>Ἀντιπαρα-</span> 
     </span>
    </p>
   </div>
   <div class='ocr_carea' id='block_1_85' title="bbox 2314 3884 3900 3964">
    <p class='ocr_par' dir='ltr' id='par_1_85' title="bbox 2314 3884 3900 3964">
     <span class='ocr_line' id='line_1_85' title="bbox 2314 3884 3900 3964; baseline -0.008 -17"><span class='ocrx_word' id='word_1_629' title='bbox 2314 3894 2486 3957; x_wconf 75' lang='grc' dir='ltr'>τιθεὶς</span> <span class='ocrx_word' id='word_1_630' title='bbox 2518 3894 2576 3946; x_wconf 86' lang='grc' dir='ltr'>δὲ</span> <span class='ocrx_word' id='word_1_631' title='bbox 2631 3892 2919 3964; x_wconf 83' lang='grc' dir='ltr'>χρησίμως</span> <span class='ocrx_word' id='word_1_632' title='bbox 2954 3894 3022 3962; x_wconf 84' lang='grc' dir='ltr'>τῇ</span> <span class='ocrx_word' id='word_1_633' title='bbox 3071 3890 3177 3943; x_wconf 83' lang='grc' dir='ltr'>τῶν</span> <span class='ocrx_word' id='word_1_634' title='bbox 3207 3887 3415 3959; x_wconf 83' lang='grc' dir='ltr'>νεκρῶν</span> <span class='ocrx_word' id='word_1_635' title='bbox 3461 3885 3766 3939; x_wconf 82' lang='grc' dir='ltr'>ἀναστάσει</span> <span class='ocrx_word' id='word_1_636' title='bbox 3815 3884 3900 3955; x_wconf 77' lang='grc' dir='ltr'>τὴν</span> 
     </span>
    </p>
   </div>
   <div class='ocr_carea' id='block_1_86' title="bbox 2319 3974 3900 4056">
    <p class='ocr_par' dir='ltr' id='par_1_86' title="bbox 2319 3974 3900 4056">
     <span class='ocr_line' id='line_1_86' title="bbox 2319 3974 3900 4056; baseline -0.008 -16"><span class='ocrx_word' id='word_1_637' title='bbox 2319 3985 2402 4056; x_wconf 74' lang='grc' dir='ltr'><strong>ἐφ’</strong></span> <span class='ocrx_word' id='word_1_638' title='bbox 2425 3986 2505 4040; x_wconf 72' lang='grc' dir='ltr'>ἑνὶ</span> <span class='ocrx_word' id='word_1_639' title='bbox 2525 3985 2633 4041; x_wconf 83' lang='grc' dir='ltr'><strong>τῶν</strong></span> <span class='ocrx_word' id='word_1_640' title='bbox 2654 3984 2950 4038; x_wconf 85' lang='grc' dir='ltr'>νοσούντων</span> <span class='ocrx_word' id='word_1_641' title='bbox 2967 3981 3283 4054; x_wconf 83' lang='grc' dir='ltr'>θεραπείαν.</span> <span class='ocrx_word' id='word_1_642' title='bbox 3303 3978 3526 4050; x_wconf 78' lang='grc' dir='ltr'>μείζονά</span> <span class='ocrx_word' id='word_1_643' title='bbox 3557 3993 3617 4029; x_wconf 86' lang='grc' dir='ltr'><strong>τε</strong></span> <span class='ocrx_word' id='word_1_644' title='bbox 3643 3974 3900 4040; x_wconf 64' lang='grc' dir='ltr'>καῖ’ἀξιο-</span> 
     </span>
    </p>
   </div>
   <div class='ocr_carea' id='block_1_87' title="bbox 2316 4066 3900 4148">
    <p class='ocr_par' dir='ltr' id='par_1_87' title="bbox 2316 4066 3900 4148">
     <span class='ocr_line' id='line_1_87' title="bbox 2316 4066 3900 4148; baseline -0.008 -18"><span class='ocrx_word' id='word_1_645' title='bbox 2316 4076 2625 4148; x_wconf 82' lang='grc' dir='ltr'>λογωτέραν</span> <span class='ocrx_word' id='word_1_646' title='bbox 2679 4075 3006 4129; x_wconf 75' lang='grc' dir='ltr'>ἐπιδεικνύει</span> <span class='ocrx_word' id='word_1_647' title='bbox 3037 4074 3135 4143; x_wconf 78' lang='grc' dir='ltr'><strong>τὴν</strong></span> <span class='ocrx_word' id='word_1_648' title='bbox 3192 4072 3426 4126; x_wconf 84' lang='grc' dir='ltr'>θανάτου</span> <span class='ocrx_word' id='word_1_649' title='bbox 3465 4067 3704 4140; x_wconf 80' lang='grc' dir='ltr'>λυτικὴν</span> <span class='ocrx_word' id='word_1_650' title='bbox 3750 4066 3900 4136; x_wconf 77' lang='grc' dir='ltr'>ἐνέρ-</span> 
     </span>
    </p>
   </div>
   <div class='ocr_carea' id='block_1_88' title="bbox 2315 4159 3897 4239">
    <p class='ocr_par' dir='ltr' id='par_1_88' title="bbox 2315 4159 3897 4239">
     <span class='ocr_line' id='line_1_88' title="bbox 2315 4159 3897 4239; baseline -0.008 -16"><span class='ocrx_word' id='word_1_651' title='bbox 2315 4170 2605 4239; x_wconf 63' lang='grc' dir='ltr'>γειαν,ικαὶ</span> <span class='ocrx_word' id='word_1_652' title='bbox 2635 4168 2841 4239; x_wconf 74' lang='grc' dir='ltr'>φθορᾶς</span> <span class='ocrx_word' id='word_1_653' title='bbox 2869 4167 2965 4238; x_wconf 87' lang='grc' dir='ltr'>τῆς</span> <span class='ocrx_word' id='word_1_654' title='bbox 3002 4166 3259 4219; x_wconf 75' lang='grc' dir='ltr'>ἁπάντων</span> <span class='ocrx_word' id='word_1_655' title='bbox 3286 4159 3897 4232; x_wconf 82' lang='grc' dir='ltr'>ἀναιρετικὴν,είκότως</span> 
     </span>
    </p>
   </div>
   <div class='ocr_carea' id='block_1_89' title="bbox 2313 4249 3895 4327">
    <p class='ocr_par' dir='ltr' id='par_1_89' title="bbox 2313 4249 3895 4327">
     <span class='ocr_line' id='line_1_89' title="bbox 2313 4249 3895 4327; baseline -0.008 -15"><span class='ocrx_word' id='word_1_656' title='bbox 2313 4277 2374 4313; x_wconf 89' lang='grc' dir='ltr'><strong>τε</strong></span> <span class='ocrx_word' id='word_1_657' title='bbox 2428 4260 2523 4312; x_wconf 75' lang='grc' dir='ltr'>καὶ</span> <span class='ocrx_word' id='word_1_658' title='bbox 2568 4258 2902 4327; x_wconf 81' lang='grc' dir='ltr'>ἀναγκαίως,</span> <span class='ocrx_word' id='word_1_659' title='bbox 2939 4255 3014 4320; x_wconf 82' lang='grc' dir='ltr'>ὡς</span> <span class='ocrx_word' id='word_1_660' title='bbox 3070 4254 3156 4309; x_wconf 76' lang='grc' dir='ltr'><strong>ἐπ’</strong></span> <span class='ocrx_word' id='word_1_661' title='bbox 3190 4253 3434 4307; x_wconf 84' lang='grc' dir='ltr'>ὲλάττονι</span> <span class='ocrx_word' id='word_1_662' title='bbox 3487 4249 3566 4321; x_wconf 77' lang='grc' dir='ltr'>τῷ</span> <span class='ocrx_word' id='word_1_663' title='bbox 3619 4249 3895 4320; x_wconf 76' lang='grc' dir='ltr'>παραδόξῳ</span> 
     </span>
    </p>
   </div>
   <div class='ocr_carea' id='block_1_90' title="bbox 2316 4342 3896 4422">
    <p class='ocr_par' dir='ltr' id='par_1_90' title="bbox 2316 4342 3896 4422">
     <span class='ocr_line' id='line_1_90' title="bbox 2316 4342 3896 4422; baseline -0.008 -17"><span class='ocrx_word' id='word_1_664' title='bbox 2316 4350 2448 4422; x_wconf 83' lang='grc' dir='ltr'>φησί</span> <span class='ocrx_word' id='word_1_665' title='bbox 2475 4366 2490 4381; x_wconf 77' lang='grc' dir='ltr'><strong>ο</strong></span> <span class='ocrx_word' id='word_1_666' title='bbox 2519 4369 2547 4404; x_wconf 23' lang='grc' dir='ltr'>γι</span> <span class='ocrx_word' id='word_1_667' title='bbox 2579 4349 2671 4419; x_wconf 76' lang='grc' dir='ltr'><strong>Μὴ</strong></span> <span class='ocrx_word' id='word_1_668' title='bbox 2705 4347 3012 4419; x_wconf 79' lang='grc' dir='ltr'>θαυμάζετε</span> <span class='ocrx_word' id='word_1_669' title='bbox 3044 4346 3222 4400; x_wconf 87' lang='grc' dir='ltr'>τοῦτο.</span> <span class='ocrx_word' id='word_1_670' title='bbox 3257 4364 3274 4396; x_wconf 76' lang='grc' dir='ltr'><strong>ι</strong></span> <span class='ocrx_word' id='word_1_671' title='bbox 3315 4343 3426 4399; x_wconf 79' lang='grc' dir='ltr'>Καὶ</span> <span class='ocrx_word' id='word_1_672' title='bbox 3469 4343 3530 4396; x_wconf 83' lang='grc' dir='ltr'><strong>οὐ</strong></span> <span class='ocrx_word' id='word_1_673' title='bbox 3559 4342 3741 4412; x_wconf 79' lang='grc' dir='ltr'>δήπου</span> <span class='ocrx_word' id='word_1_674' title='bbox 3776 4342 3896 4394; x_wconf 64' lang='grc' dir='ltr'>πάνυ</span> 
     </span>
    </p>
   </div>
   <div class='ocr_carea' id='block_1_91' title="bbox 2312 4431 3895 4512">
    <p class='ocr_par' dir='ltr' id='par_1_91' title="bbox 2312 4431 3895 4512">
     <span class='ocr_line' id='line_1_91' title="bbox 2312 4431 3895 4512; baseline -0.008 -18"><span class='ocrx_word' id='word_1_675' title='bbox 2312 4458 2414 4505; x_wconf 82' lang='grc' dir='ltr'><strong>τας</strong></span> <span class='ocrx_word' id='word_1_676' title='bbox 2447 4440 2558 4512; x_wconf 73' lang='grc' dir='ltr'>[ῑσ.</span> <span class='ocrx_word' id='word_1_677' title='bbox 2589 4438 2830 4512; x_wconf 82' lang='grc' dir='ltr'>πάντως]</span> <span class='ocrx_word' id='word_1_678' title='bbox 2876 4437 3171 4509; x_wconf 81' lang='grc' dir='ltr'>νομιοῦμεν</span> <span class='ocrx_word' id='word_1_679' title='bbox 3203 4436 3364 4490; x_wconf 85' lang='grc' dir='ltr'>αὑτὸν</span> <span class='ocrx_word' id='word_1_680' title='bbox 3395 4436 3492 4505; x_wconf 81' lang='grc' dir='ltr'>τῆς</span> <span class='ocrx_word' id='word_1_681' title='bbox 3534 4432 3648 4486; x_wconf 84' lang='grc' dir='ltr'>τῶν</span> <span class='ocrx_word' id='word_1_682' title='bbox 3693 4431 3895 4485; x_wconf 80' lang='grc' dir='ltr'>οἰκείων</span> 
     </span>
    </p>
   </div>
   <div class='ocr_carea' id='block_1_92' title="bbox 627 4523 2218 4628">
    <p class='ocr_par' dir='ltr' id='par_1_92' title="bbox 627 4528 2212 4598">
     <span class='ocr_line' id='line_1_92' title="bbox 627 4528 2212 4598; baseline 0.003 -16"><span class='ocrx_word' id='word_1_683' title='bbox 627 4528 1004 4583; x_wconf 77' lang='lat' dir='ltr'><strong>admiratione</strong></span> <span class='ocrx_word' id='word_1_684' title='bbox 1066 4538 1197 4584; x_wconf 91' lang='lat' dir='ltr'><strong>sunt</strong></span> <span class='ocrx_word' id='word_1_685' title='bbox 1231 4528 1606 4598; x_wconf 80' lang='lat' dir='ltr'><strong>dignissima;</strong></span> <span class='ocrx_word' id='word_1_686' title='bbox 1645 4532 1742 4586; x_wconf 87' lang='lat' dir='ltr'><strong>sed</strong></span> <span class='ocrx_word' id='word_1_687' title='bbox 1802 4531 1906 4586; x_wconf 88' lang='lat' dir='ltr'><strong>hoc</strong></span> <span class='ocrx_word' id='word_1_688' title='bbox 1955 4533 2101 4590; x_wconf 86' lang='lat' dir='ltr'><strong>scire</strong></span> <span class='ocrx_word' id='word_1_689' title='bbox 2158 4540 2212 4589; x_wconf 89' lang='lat' dir='ltr'><strong>et</strong></span> 
     </span>
    </p>
   </div>
   <div class='ocr_carea' id='block_1_93' title="bbox 2322 4523 3894 4628">
    <p class='ocr_par' dir='ltr' id='par_1_93' title="bbox 2322 4523 3894 4605">
     <span class='ocr_line' id='line_1_93' title="bbox 2322 4523 3894 4605; baseline -0.008 -18"><span class='ocrx_word' id='word_1_690' title='bbox 2322 4533 2497 4605; x_wconf 85' lang='grc' dir='ltr'>ἔργων</span> <span class='ocrx_word' id='word_1_691' title='bbox 2545 4531 2930 4604; x_wconf 81' lang='grc' dir='ltr'>λαμπρότητος</span> <span class='ocrx_word' id='word_1_692' title='bbox 2977 4528 3068 4583; x_wconf 89' lang='grc' dir='ltr'>διὰ</span> <span class='ocrx_word' id='word_1_693' title='bbox 3113 4530 3320 4582; x_wconf 89' lang='grc' dir='ltr'>τούτων</span> <span class='ocrx_word' id='word_1_694' title='bbox 3365 4527 3720 4598; x_wconf 78' lang='grc' dir='ltr'>κατηγορεῖν,</span> <span class='ocrx_word' id='word_1_695' title='bbox 3755 4523 3894 4595; x_wconf 75' lang='grc' dir='ltr'>ἦκαὶ</span> 
     </span>
    </p>
   </div>
   <div class='ocr_carea' id='block_1_94' title="bbox 627 4618 2207 4688">
    <p class='ocr_par' dir='ltr' id='par_1_94' title="bbox 627 4618 2207 4688">
     <span class='ocr_line' id='line_1_94' title="bbox 627 4618 2207 4688; baseline 0.005 -20"><span class='ocrx_word' id='word_1_696' title='bbox 627 4619 863 4684; x_wconf 69' lang='lat' dir='ltr'><strong>credere</strong></span> <span class='ocrx_word' id='word_1_697' title='bbox 890 4619 1005 4672; x_wconf 81' lang='lat' dir='ltr'><strong>vult</strong></span> <span class='ocrx_word' id='word_1_698' title='bbox 1039 4633 1135 4673; x_wconf 87' lang='lat' dir='ltr'><strong>eos</strong></span> <span class='ocrx_word' id='word_1_699' title='bbox 1177 4618 1273 4688; x_wconf 88' lang='lat' dir='ltr'><strong>qui</strong></span> <span class='ocrx_word' id='word_1_700' title='bbox 1323 4620 1541 4680; x_wconf 85' lang='lat' dir='ltr'><strong>attoniti</strong></span> <span class='ocrx_word' id='word_1_701' title='bbox 1580 4629 1738 4674; x_wconf 85' lang='lat' dir='ltr'><strong>erant</strong></span> <span class='ocrx_word' id='word_1_702' title='bbox 1778 4622 1872 4677; x_wconf 89' lang='lat' dir='ltr'><strong>illo</strong></span> <span class='ocrx_word' id='word_1_703' title='bbox 1919 4623 2207 4684; x_wconf 87' lang='lat' dir='ltr'><strong>miraculo.</strong></span> 
     </span>
    </p>
   </div>
   <div class='ocr_carea' id='block_1_95' title="bbox 623 4709 2212 4780">
    <p class='ocr_par' dir='ltr' id='par_1_95' title="bbox 623 4709 2212 4780">
     <span class='ocr_line' id='line_1_95' title="bbox 623 4709 2212 4780; baseline 0.005 -18"><span class='ocrx_word' id='word_1_704' title='bbox 623 4724 830 4780; x_wconf 81' lang='lat' dir='ltr'><strong>,parum</strong></span> <span class='ocrx_word' id='word_1_705' title='bbox 865 4709 1000 4764; x_wconf 90' lang='lat' dir='ltr'><strong>illud</strong></span> <span class='ocrx_word' id='word_1_706' title='bbox 1037 4726 1161 4765; x_wconf 83' lang='lat' dir='ltr'><strong>esse</strong></span> <span class='ocrx_word' id='word_1_707' title='bbox 1193 4711 1484 4768; x_wconf 81' lang='lat' dir='ltr'><strong>hactenus.</strong></span> <span class='ocrx_word' id='word_1_708' title='bbox 1516 4711 1690 4767; x_wconf 73' lang='lat' dir='ltr'><strong>Verbo</strong></span> <span class='ocrx_word' id='word_1_709' title='bbox 1714 4713 1859 4769; x_wconf 78' lang='lat' dir='ltr'><strong>enim</strong></span> <span class='ocrx_word' id='word_1_710' title='bbox 1894 4729 1960 4769; x_wconf 87' lang='lat' dir='ltr'><strong>ac</strong></span> <span class='ocrx_word' id='word_1_711' title='bbox 1998 4715 2212 4773; x_wconf 75' lang='lat' dir='ltr'><strong>.virtute</strong></span> 
     </span>
    </p>
   </div>
   <div class='ocr_carea' id='block_1_96' title="bbox 594 4800 2212 4866">
    <p class='ocr_par' dir='ltr' id='par_1_96' title="bbox 594 4800 2212 4866">
     <span class='ocr_line' id='line_1_96' title="bbox 594 4800 2212 4866; baseline 0.006 -16"><span class='ocrx_word' id='word_1_712' title='bbox 594 4845 596 4850; x_wconf 91' lang='lat'>.</span> <span class='ocrx_word' id='word_1_713' title='bbox 634 4802 842 4866; x_wconf 73' lang='lat' dir='ltr'><strong>dit-ina,</strong></span> <span class='ocrx_word' id='word_1_714' title='bbox 877 4816 988 4854; x_wconf 92' lang='lat' dir='ltr'><strong>non</strong></span> <span class='ocrx_word' id='word_1_715' title='bbox 1020 4809 1232 4855; x_wconf 85' lang='lat' dir='ltr'><strong>tantum</strong></span> <span class='ocrx_word' id='word_1_716' title='bbox 1265 4800 1545 4857; x_wconf 87' lang='lat' dir='ltr'><strong>diuturnis</strong></span> <span class='ocrx_word' id='word_1_717' title='bbox 1571 4804 1778 4859; x_wconf 88' lang='lat' dir='ltr'><strong>morbis</strong></span> <span class='ocrx_word' id='word_1_718' title='bbox 1797 4813 2028 4861; x_wconf 80' lang='lat' dir='ltr'><strong>.vexatos</strong></span> <span class='ocrx_word' id='word_1_719' title='bbox 2062 4807 2212 4862; x_wconf 82' lang='lat' dir='ltr'><strong>exci-</strong></span> 
     </span>
    </p>
   </div>
   <div class='ocr_carea' id='block_1_97' title="bbox 589 4879 2211 4963">
    <p class='ocr_par' dir='ltr' id='par_1_97' title="bbox 589 4879 2211 4963">
     <span class='ocr_line' id='line_1_97' title="bbox 589 4879 2211 4963; baseline 0.002 -15"><span class='ocrx_word' id='word_1_720' title='bbox 589 4879 598 4960; x_wconf 72' lang='grc' dir='ltr'><strong>ς</strong></span> <span class='ocrx_word' id='word_1_721' title='bbox 635 4895 860 4957; x_wconf 77' lang='lat' dir='ltr'><strong>tat,~scd</strong></span> <span class='ocrx_word' id='word_1_722' title='bbox 884 4902 937 4948; x_wconf 87' lang='lat' dir='ltr'><strong>et</strong></span> <span class='ocrx_word' id='word_1_723' title='bbox 971 4893 1074 4963; x_wconf 89' lang='lat' dir='ltr'><strong>ipsi</strong></span> <span class='ocrx_word' id='word_1_724' title='bbox 1109 4894 1270 4948; x_wconf 88' lang='lat' dir='ltr'><strong>morti</strong></span> <span class='ocrx_word' id='word_1_725' title='bbox 1307 4896 1617 4958; x_wconf 79' lang='lat' dir='ltr'><strong>immersos,</strong></span> <span class='ocrx_word' id='word_1_726' title='bbox 1643 4904 1708 4950; x_wconf 71' lang='grc' dir='ltr'>σοι</span> <span class='ocrx_word' id='word_1_727' title='bbox 1739 4897 2054 4952; x_wconf 60' lang='grc' dir='ltr'><strong>⁴ἰιιθνῑιιιὶιίιί</strong></span> <span class='ocrx_word' id='word_1_728' title='bbox 2088 4913 2211 4952; x_wconf 82' lang='lat' dir='ltr'><strong>cor-</strong></span> 
     </span>
    </p>
   </div>
   <div class='ocr_carea' id='block_1_98' title="bbox 582 4984 2212 5056">
    <p class='ocr_par' dir='ltr' id='par_1_98' title="bbox 582 4984 2212 5056">
     <span class='ocr_line' id='line_1_98' title="bbox 582 4984 2212 5056; baseline 0.003 -16"><span class='ocrx_word' id='word_1_729' title='bbox 582 5017 584 5019; x_wconf 52' lang='lat'><strong><em>»</em></strong></span> <span class='ocrx_word' id='word_1_730' title='bbox 622 4986 890 5054; x_wconf 74' lang='lat' dir='ltr'><strong>~ruptione</strong></span> <span class='ocrx_word' id='word_1_731' title='bbox 933 4993 1252 5054; x_wconf 85' lang='lat' dir='ltr'><strong>superatos.</strong></span> <span class='ocrx_word' id='word_1_732' title='bbox 1291 4984 1523 5054; x_wconf 84' lang='lat' dir='ltr'><strong>Ideoque</strong></span> <span class='ocrx_word' id='word_1_733' title='bbox 1559 4984 1732 5054; x_wconf 88' lang='lat' dir='ltr'><strong>majus</strong></span> <span class='ocrx_word' id='word_1_734' title='bbox 1766 4986 2026 5056; x_wconf 85' lang='lat' dir='ltr'><strong>quiddam</strong></span> <span class='ocrx_word' id='word_1_735' title='bbox 2076 4987 2212 5045; x_wconf 77' lang='lat' dir='ltr'><strong>inie-</strong></span> 
     </span>
    </p>
   </div>
   <div class='ocr_carea' id='block_1_99' title="bbox 629 5075 2201 5150">
    <p class='ocr_par' dir='ltr' id='par_1_99' title="bbox 629 5075 2201 5150">
     <span class='ocr_line' id='line_1_99' title="bbox 629 5075 2201 5150; baseline 0.001 -19"><span class='ocrx_word' id='word_1_736' title='bbox 629 5092 762 5133; x_wconf 79' lang='lat' dir='ltr'><strong>rens</strong></span> <span class='ocrx_word' id='word_1_737' title='bbox 785 5077 864 5130; x_wconf 84' lang='lat' dir='ltr'><strong>ait</strong></span> <span class='ocrx_word' id='word_1_738' title='bbox 891 5094 905 5128; x_wconf 88' lang='lat'><strong>:</strong></span> <span class='ocrx_word' id='word_1_739' title='bbox 936 5095 954 5128; x_wconf 82' lang='grc' dir='ltr'><strong>ι</strong></span> <span class='ocrx_word' id='word_1_740' title='bbox 981 5076 1121 5143; x_wconf 86' lang='lat' dir='ltr'><strong>Quia</strong></span> <span class='ocrx_word' id='word_1_741' title='bbox 1150 5077 1337 5132; x_wconf 88' lang='lat' dir='ltr'><strong>.veniet</strong></span> <span class='ocrx_word' id='word_1_742' title='bbox 1367 5075 1522 5142; x_wconf 91' lang='lat' dir='ltr'><strong>hora,</strong></span> <span class='ocrx_word' id='word_1_743' title='bbox 1562 5077 1617 5131; x_wconf 93' lang='lat' dir='ltr'><strong>in</strong></span> <span class='ocrx_word' id='word_1_744' title='bbox 1657 5093 1765 5147; x_wconf 87' lang='lat' dir='ltr'><strong>qua</strong></span> <span class='ocrx_word' id='word_1_745' title='bbox 1792 5093 1984 5134; x_wconf 90' lang='lat' dir='ltr'><strong>omnes</strong></span> <span class='ocrx_word' id='word_1_746' title='bbox 2017 5081 2111 5150; x_wconf 89' lang='lat' dir='ltr'><strong>qui</strong></span> <span class='ocrx_word' id='word_1_747' title='bbox 2147 5080 2201 5140; x_wconf 90' lang='lat' dir='ltr'><strong>in</strong></span> 
     </span>
    </p>
   </div>
   <div class='ocr_carea' id='block_1_100' title="bbox 617 5169 2204 5239">
    <p class='ocr_par' dir='ltr' id='par_1_100' title="bbox 617 5169 2204 5239">
     <span class='ocr_line' id='line_1_100' title="bbox 617 5169 2204 5239; baseline 0.003 -15"><span class='ocrx_word' id='word_1_748' title='bbox 617 5170 1166 5225; x_wconf 81' lang='lat' dir='ltr'><strong>.monurnentissunt</strong></span> <span class='ocrx_word' id='word_1_749' title='bbox 1197 5169 1422 5228; x_wconf 84' lang='lat' dir='ltr'><strong>audient</strong></span> <span class='ocrx_word' id='word_1_750' title='bbox 1457 5185 1646 5224; x_wconf 82' lang='lat' dir='ltr'><strong>vocem</strong></span> <span class='ocrx_word' id='word_1_751' title='bbox 1669 5169 1816 5239; x_wconf 80' lang='lat' dir='ltr'><strong>ejus.</strong></span> <span class='ocrx_word' id='word_1_752' title='bbox 1837 5190 1855 5220; x_wconf 74' lang='grc' dir='ltr'><strong>ι</strong></span> <span class='ocrx_word' id='word_1_753' title='bbox 1892 5171 1996 5238; x_wconf 86' lang='lat' dir='ltr'><strong>Qui</strong></span> <span class='ocrx_word' id='word_1_754' title='bbox 2035 5175 2204 5228; x_wconf 76' lang='lat' dir='ltr'><strong>verbo</strong></span> 
     </span>
    </p>
   </div>
   <div class='ocr_carea' id='block_1_101' title="bbox 625 5261 2207 5334">
    <p class='ocr_par' dir='ltr' id='par_1_101' title="bbox 625 5261 2207 5334">
     <span class='ocr_line' id='line_1_101' title="bbox 625 5261 2207 5334; baseline 0.004 -20"><span class='ocrx_word' id='word_1_755' title='bbox 625 5262 780 5316; x_wconf 77' lang='lat' dir='ltr'><strong>enim</strong></span> <span class='ocrx_word' id='word_1_756' title='bbox 809 5269 1062 5316; x_wconf 84' lang='lat' dir='ltr'><strong>cunctae</strong></span> <span class='ocrx_word' id='word_1_757' title='bbox 1091 5261 1572 5330; x_wconf 49' lang='lat' dir='ltr'><strong>nihilozproduxit,</strong></span> <span class='ocrx_word' id='word_1_758' title='bbox 1602 5261 1880 5330; x_wconf 88' lang='lat' dir='ltr'><strong>quomodo</strong></span> <span class='ocrx_word' id='word_1_759' title='bbox 1911 5279 2021 5318; x_wconf 88' lang='lat' dir='ltr'><strong>non</strong></span> <span class='ocrx_word' id='word_1_760' title='bbox 2054 5273 2207 5334; x_wconf 89' lang='lat' dir='ltr'><strong>pote-</strong></span> 
     </span>
    </p>
   </div>
   <div class='ocr_carea' id='block_1_102' title="bbox 621 5349 2208 5420">
    <p class='ocr_par' dir='ltr' id='par_1_102' title="bbox 621 5349 2208 5420">
     <span class='ocr_line' id='line_1_102' title="bbox 621 5349 2208 5420; baseline 0.005 -18"><span class='ocrx_word' id='word_1_761' title='bbox 621 5349 1025 5404; x_wconf 72' lang='lat' dir='ltr'><strong>ritellicereut</strong></span> <span class='ocrx_word' id='word_1_762' title='bbox 1049 5351 1194 5418; x_wconf 91' lang='lat' dir='ltr'><strong>quod</strong></span> <span class='ocrx_word' id='word_1_763' title='bbox 1233 5351 1348 5420; x_wconf 87' lang='lat' dir='ltr'><strong>jam</strong></span> <span class='ocrx_word' id='word_1_764' title='bbox 1371 5349 1576 5405; x_wconf 82' lang='lat' dir='ltr'><strong>factum</strong></span> <span class='ocrx_word' id='word_1_765' title='bbox 1620 5352 1781 5407; x_wconf 89' lang='lat' dir='ltr'><strong>estin</strong></span> <span class='ocrx_word' id='word_1_766' title='bbox 1811 5362 1993 5410; x_wconf 87' lang='lat' dir='ltr'><strong>ortum</strong></span> <span class='ocrx_word' id='word_1_767' title='bbox 2026 5358 2208 5410; x_wconf 80' lang='lat' dir='ltr'><strong>denuo</strong></span> 
     </span>
    </p>
   </div>
   <div class='ocr_carea' id='block_1_103' title="bbox 621 5441 2207 5513">
    <p class='ocr_par' dir='ltr' id='par_1_103' title="bbox 621 5441 2207 5513">
     <span class='ocr_line' id='line_1_103' title="bbox 621 5441 2207 5513; baseline 0.004 -20"><span class='ocrx_word' id='word_1_768' title='bbox 621 5441 1324 5513; x_wconf 33' lang='lat' dir='ltr'><strong>invertatur?.Utrumque</strong></span> <span class='ocrx_word' id='word_1_769' title='bbox 1359 5443 1504 5510; x_wconf 85' lang='lat' dir='ltr'><strong>enim</strong></span> <span class='ocrx_word' id='word_1_770' title='bbox 1549 5441 1796 5510; x_wconf 87' lang='lat' dir='ltr'><strong>ejusdem</strong></span> <span class='ocrx_word' id='word_1_771' title='bbox 1843 5452 1928 5499; x_wconf 83' lang='lat' dir='ltr'><strong>est</strong></span> <span class='ocrx_word' id='word_1_772' title='bbox 1967 5446 2207 5510; x_wconf 82' lang='lat' dir='ltr'><strong>virtutis,</strong></span> 
     </span>
    </p>
   </div>
   <div class='ocr_carea' id='block_1_104' title="bbox 547 5521 2211 5608">
    <p class='ocr_par' dir='ltr' id='par_1_104' title="bbox 547 5521 2211 5608">
     <span class='ocr_line' id='line_1_104' title="bbox 547 5521 2211 5608; baseline 0.005 -25"><span class='ocrx_word' id='word_1_773' title='bbox 547 5597 552 5600; x_wconf 95' lang='lat'><em>_</em></span> <span class='ocrx_word' id='word_1_774' title='bbox 627 5541 690 5584; x_wconf 84' lang='lat' dir='ltr'><strong>et</strong></span> <span class='ocrx_word' id='word_1_775' title='bbox 731 5547 896 5587; x_wconf 78' lang='lat' dir='ltr'><strong>unius</strong></span> <span class='ocrx_word' id='word_1_776' title='bbox 934 5521 1232 5601; x_wconf 82' lang='lat' dir='ltr'><strong>potestatis</strong></span> <span class='ocrx_word' id='word_1_777' title='bbox 1257 5534 1525 5590; x_wconf 72' lang='lat' dir='ltr'><strong>.mirabile</strong></span> <span class='ocrx_word' id='word_1_778' title='bbox 1558 5543 1643 5590; x_wconf 84' lang='lat' dir='ltr'><strong>est</strong></span> <span class='ocrx_word' id='word_1_779' title='bbox 1667 5550 1805 5606; x_wconf 88' lang='lat' dir='ltr'><strong>opus</strong></span> <span class='ocrx_word' id='word_1_780' title='bbox 1851 5537 1905 5591; x_wconf 91' lang='lat' dir='ltr'><strong>in</strong></span> <span class='ocrx_word' id='word_1_781' title='bbox 1957 5546 2211 5608; x_wconf 74' lang='lat' dir='ltr'><strong>utroque.</strong></span> 
     </span>
    </p>
   </div>
   <div class='ocr_carea' id='block_1_105' title="bbox 635 5618 2198 5696">
    <p class='ocr_par' dir='ltr' id='par_1_105' title="bbox 635 5618 2198 5696">
     <span class='ocr_line' id='line_1_105' title="bbox 635 5618 2198 5696; baseline 0.008 -21"><span class='ocrx_word' id='word_1_782' title='bbox 635 5618 856 5678; x_wconf 71' lang='lat' dir='ltr'><strong>Utiliter</strong></span> <span class='ocrx_word' id='word_1_783' title='bbox 880 5631 1066 5678; x_wconf 87' lang='lat' dir='ltr'><strong>autem</strong></span> <span class='ocrx_word' id='word_1_784' title='bbox 1089 5623 1725 5696; x_wconf 85' lang='lat' dir='ltr'><strong>subjicit,processuros</strong></span> <span class='ocrx_word' id='word_1_785' title='bbox 1755 5643 1786 5681; x_wconf 90' lang='lat' dir='ltr'><strong>c</strong></span> <span class='ocrx_word' id='word_1_786' title='bbox 1817 5628 2198 5687; x_wconf 86' lang='lat' dir='ltr'><strong>monumentis.</strong></span> 
     </span>
    </p>
   </div>
   <div class='ocr_carea' id='block_1_106' title="bbox 704 5807 1791 5881">
    <p class='ocr_par' dir='ltr' id='par_1_106' title="bbox 704 5807 1791 5881">
     <span class='ocr_line' id='line_1_106' title="bbox 704 5807 1791 5881; baseline 0.005 -19"><span class='ocrx_word' id='word_1_787' title='bbox 704 5807 748 5843; x_wconf 73' lang='grc' dir='ltr'>θ’</span> <span class='ocrx_word' id='word_1_788' title='bbox 793 5807 987 5881; x_wconf 84' lang='lat' dir='ltr'><strong>Supra.</strong></span> <span class='ocrx_word' id='word_1_789' title='bbox 1017 5827 1066 5877; x_wconf 88' lang='grc' dir='ltr'>ι,</span> <span class='ocrx_word' id='word_1_790' title='bbox 1105 5811 1157 5866; x_wconf 65' lang='lat'><strong>.5.</strong></span> <span class='ocrx_word' id='word_1_791' title='bbox 1237 5811 1282 5845; x_wconf 80' lang='grc'><strong>⁶⁸</strong></span> <span class='ocrx_word' id='word_1_792' title='bbox 1321 5809 1338 5866; x_wconf 88' lang='lat' dir='ltr'><strong>l</strong></span> <span class='ocrx_word' id='word_1_793' title='bbox 1369 5811 1564 5869; x_wconf 85' lang='lat' dir='ltr'><strong>Thess.</strong></span> <span class='ocrx_word' id='word_1_794' title='bbox 1601 5828 1674 5881; x_wconf 81' lang='lat' dir='ltr'><strong>tv,</strong></span> <span class='ocrx_word' id='word_1_795' title='bbox 1708 5812 1791 5867; x_wconf 71' lang='lat'><strong>13.</strong></span> 
     </span>
    </p>
   </div>
   <div class='ocr_carea' id='block_1_107' title="bbox 2317 4616 3891 4699">
    <p class='ocr_par' dir='ltr' id='par_1_107' title="bbox 2317 4616 3891 4699">
     <span class='ocr_line' id='line_1_107' title="bbox 2317 4616 3891 4699; baseline -0.006 -23"><span class='ocrx_word' id='word_1_796' title='bbox 2317 4627 2430 4688; x_wconf 85' lang='grc' dir='ltr'>τοῖς</span> <span class='ocrx_word' id='word_1_797' title='bbox 2476 4623 2846 4695; x_wconf 78' lang='grc' dir='ltr'>ἀκροωμένοις</span> <span class='ocrx_word' id='word_1_798' title='bbox 2898 4622 3242 4684; x_wconf 74' lang='grc' dir='ltr'>ἐπιτάττειν,</span> <span class='ocrx_word' id='word_1_799' title='bbox 3279 4619 3354 4690; x_wconf 81' lang='grc' dir='ltr'><strong>μὴ</strong></span> <span class='ocrx_word' id='word_1_800' title='bbox 3402 4617 3598 4699; x_wconf 79' lang='grc' dir='ltr'>χρῆναι</span> <span class='ocrx_word' id='word_1_801' title='bbox 3629 4616 3891 4686; x_wconf 80' lang='grc' dir='ltr'>θαύματος</span> 
     </span>
    </p>
   </div>
   <div class='ocr_carea' id='block_1_108' title="bbox 2316 4707 3891 4780">
    <p class='ocr_par' dir='ltr' id='par_1_108' title="bbox 2316 4707 3891 4780">
     <span class='ocr_line' id='line_1_108' title="bbox 2316 4707 3891 4780; baseline -0.008 -11"><span class='ocrx_word' id='word_1_802' title='bbox 2316 4713 2602 4780; x_wconf 80' lang='grc' dir='ltr'>ἀξιοῦν,τὰ</span> <span class='ocrx_word' id='word_1_803' title='bbox 2635 4715 2717 4780; x_wconf 78' lang='grc' dir='ltr'><strong>ἐφ’</strong></span> <span class='ocrx_word' id='word_1_804' title='bbox 2757 4707 2839 4776; x_wconf 78' lang='grc' dir='ltr'>,οἷς</span> <span class='ocrx_word' id='word_1_805' title='bbox 2862 4712 3174 4775; x_wconf 16' lang='grc' dir='ltr'>ἆνρείκότωγς</span> <span class='ocrx_word' id='word_1_806' title='bbox 3202 4707 3691 4780; x_wconf 81' lang='grc' dir='ltr'>θαυμάζοιεν,ἀλλ“</span> <span class='ocrx_word' id='word_1_807' title='bbox 3712 4707 3891 4760; x_wconf 81' lang='grc' dir='ltr'>εἰδέναι</span> 
     </span>
    </p>
   </div>
   <div class='ocr_carea' id='block_1_109' title="bbox 2316 4796 3890 4874">
    <p class='ocr_par' dir='ltr' id='par_1_109' title="bbox 2316 4796 3890 4874">
     <span class='ocr_line' id='line_1_109' title="bbox 2316 4796 3890 4874; baseline -0.007 -16"><span class='ocrx_word' id='word_1_808' title='bbox 2316 4822 2374 4858; x_wconf 81' lang='grc' dir='ltr'><strong>τε</strong></span> <span class='ocrx_word' id='word_1_809' title='bbox 2394 4807 2487 4858; x_wconf 74' lang='grc' dir='ltr'><strong>καὶ</strong></span> <span class='ocrx_word' id='word_1_810' title='bbox 2507 4804 2783 4858; x_wconf 81' lang='grc' dir='ltr'>πιστεύειν</span> <span class='ocrx_word' id='word_1_811' title='bbox 2811 4804 3060 4874; x_wconf 79' lang='grc' dir='ltr'>βούλεται</span> <span class='ocrx_word' id='word_1_812' title='bbox 3083 4803 3208 4864; x_wconf 78' lang='grc' dir='ltr'>τοὺς</span> <span class='ocrx_word' id='word_1_813' title='bbox 3228 4802 3314 4852; x_wconf 80' lang='grc' dir='ltr'>ἐπ’</span> <span class='ocrx_word' id='word_1_814' title='bbox 3331 4800 3522 4868; x_wconf 82' lang='grc' dir='ltr'>ἐκείνῳ</span> <span class='ocrx_word' id='word_1_815' title='bbox 3553 4796 3890 4864; x_wconf 71' lang='grc' dir='ltr'>καταπεπληο</span> 
     </span>
    </p>
   </div>
   <div class='ocr_carea' id='block_1_110' title="bbox 2317 4887 3892 4966">
    <p class='ocr_par' dir='ltr' id='par_1_110' title="bbox 2317 4887 3892 4966">
     <span class='ocr_line' id='line_1_110' title="bbox 2317 4887 3892 4966; baseline -0.007 -17"><span class='ocrx_word' id='word_1_816' title='bbox 2317 4896 2574 4966; x_wconf 86' lang='grc' dir='ltr'>γμένους,</span> <span class='ocrx_word' id='word_1_817' title='bbox 2601 4896 2682 4948; x_wconf 83' lang='grc' dir='ltr'><strong>ὅτι</strong></span> <span class='ocrx_word' id='word_1_818' title='bbox 2716 4895 2914 4965; x_wconf 82' lang='grc' dir='ltr'>μικρὸν</span> <span class='ocrx_word' id='word_1_819' title='bbox 2949 4892 3097 4964; x_wconf 78' lang='grc' dir='ltr'>αὐτῷ</span> <span class='ocrx_word' id='word_1_820' title='bbox 3135 4893 3197 4946; x_wconf 83' lang='grc' dir='ltr'>τὸ</span> <span class='ocrx_word' id='word_1_821' title='bbox 3233 4892 3392 4962; x_wconf 83' lang='grc' dir='ltr'>μέχρι</span> <span class='ocrx_word' id='word_1_822' title='bbox 3411 4889 3601 4943; x_wconf 88' lang='grc' dir='ltr'>τούτου</span> <span class='ocrx_word' id='word_1_823' title='bbox 3631 4887 3892 4957; x_wconf 64' lang='grc' dir='ltr'>θαυμάζει</span> 
     </span>
    </p>
   </div>
   <div class='ocr_carea' id='block_1_111' title="bbox 2318 4979 3891 5058">
    <p class='ocr_par' dir='ltr' id='par_1_111' title="bbox 2318 4979 3891 5058">
     <span class='ocr_line' id='line_1_111' title="bbox 2318 4979 3891 5058; baseline -0.007 -18"><span class='ocrx_word' id='word_1_824' title='bbox 2318 4987 2464 5042; x_wconf 89' lang='grc' dir='ltr'>σθαι.</span> <span class='ocrx_word' id='word_1_825' title='bbox 2493 4987 2723 5057; x_wconf 85' lang='grc' dir='ltr'>Ἐγείρει</span> <span class='ocrx_word' id='word_1_826' title='bbox 2749 4988 2863 5058; x_wconf 85' lang='grc' dir='ltr'>γὰρ</span> <span class='ocrx_word' id='word_1_827' title='bbox 2885 4986 3027 5056; x_wconf 83' lang='grc' dir='ltr'>λόγῳ</span> <span class='ocrx_word' id='word_1_828' title='bbox 3063 4985 3156 5039; x_wconf 76' lang='grc' dir='ltr'><strong>καὶ</strong></span> <span class='ocrx_word' id='word_1_829' title='bbox 3176 4981 3439 5053; x_wconf 48' lang='grc' dir='ltr'>»ἐνεργείᾳ</span> <span class='ocrx_word' id='word_1_830' title='bbox 3461 4980 3780 5049; x_wconf 85' lang='grc' dir='ltr'>θεοπρεπεί,</span> <span class='ocrx_word' id='word_1_831' title='bbox 3809 4979 3891 5046; x_wconf 67' lang='grc' dir='ltr'><strong>οὐχ</strong></span> 
     </span>
    </p>
   </div>
   <div class='ocr_carea' id='block_1_112' title="bbox 2311 5059 3889 5150">
    <p class='ocr_par' dir='ltr' id='par_1_112' title="bbox 2311 5059 3889 5150">
     <span class='ocr_line' id='line_1_112' title="bbox 2311 5059 3889 5150; baseline -0.01 -16"><span class='ocrx_word' id='word_1_832' title='bbox 2311 5081 2458 5144; x_wconf 83' lang='grc' dir='ltr'>ὅπως</span> <span class='ocrx_word' id='word_1_833' title='bbox 2491 5082 2566 5138; x_wconf 72' lang='grc' dir='ltr'>,ὲκ</span> <span class='ocrx_word' id='word_1_834' title='bbox 2613 5078 2837 5150; x_wconf 81' lang='grc' dir='ltr'>μακρῶν</span> <span class='ocrx_word' id='word_1_835' title='bbox 2896 5075 3351 5150; x_wconf 74' lang='grc' dir='ltr'>ἀρρωστημάτων</span> <span class='ocrx_word' id='word_1_836' title='bbox 3394 5072 3521 5134; x_wconf 81' lang='grc' dir='ltr'>τοὺς</span> <span class='ocrx_word' id='word_1_837' title='bbox 3575 5059 3889 5140; x_wconf 71' lang='grc' dir='ltr'>κάμνοντας,</span> 
     </span>
    </p>
   </div>
   <div class='ocr_carea' id='block_1_113' title="bbox 2313 5164 3887 5242">
    <p class='ocr_par' dir='ltr' id='par_1_113' title="bbox 2313 5164 3887 5242">
     <span class='ocr_line' id='line_1_113' title="bbox 2313 5164 3887 5242; baseline -0.01 -13"><span class='ocrx_word' id='word_1_838' title='bbox 2313 5175 2450 5232; x_wconf 76' lang='grc' dir='ltr'>ἀλλὰ</span> <span class='ocrx_word' id='word_1_839' title='bbox 2471 5177 2562 5230; x_wconf 69' lang='grc' dir='ltr'><strong>καὶ</strong></span> <span class='ocrx_word' id='word_1_840' title='bbox 2586 5174 2780 5233; x_wconf 72' lang='grc' dir='ltr'>αὐτοὺς</span> <span class='ocrx_word' id='word_1_841' title='bbox 2806 5172 2903 5242; x_wconf 72' lang='grc' dir='ltr'>ἤδη</span> <span class='ocrx_word' id='word_1_842' title='bbox 2932 5172 3058 5234; x_wconf 81' lang='grc' dir='ltr'>τοὺς</span> <span class='ocrx_word' id='word_1_843' title='bbox 3075 5168 3152 5239; x_wconf 79' lang='grc' dir='ltr'>τῷ</span> <span class='ocrx_word' id='word_1_844' title='bbox 3172 5166 3386 5236; x_wconf 84' lang='grc' dir='ltr'>θανάτῳ</span> <span class='ocrx_word' id='word_1_845' title='bbox 3415 5164 3887 5234; x_wconf 77' lang='grc' dir='ltr'>βεϐαπτισμένους,</span> 
     </span>
    </p>
   </div>
   <div class='ocr_carea' id='block_1_114' title="bbox 2315 5253 3886 5336">
    <p class='ocr_par' dir='ltr' id='par_1_114' title="bbox 2315 5253 3886 5336">
     <span class='ocr_line' id='line_1_114' title="bbox 2315 5253 3886 5336; baseline -0.011 -15"><span class='ocrx_word' id='word_1_846' title='bbox 2315 5268 2409 5321; x_wconf 74' lang='grc' dir='ltr'><strong>καὶ</strong></span> <span class='ocrx_word' id='word_1_847' title='bbox 2433 5268 2658 5336; x_wconf 81' lang='grc' dir='ltr'>ἀκράτῳ</span> <span class='ocrx_word' id='word_1_848' title='bbox 2686 5263 3068 5334; x_wconf 81' lang='grc' dir='ltr'>νενικημένους</span> <span class='ocrx_word' id='word_1_849' title='bbox 3093 5261 3286 5331; x_wconf 68' lang='grc' dir='ltr'>φθορᾷ.</span> <span class='ocrx_word' id='word_1_850' title='bbox 3317 5253 3437 5310; x_wconf 69' lang='grc' dir='ltr'><strong>Καὶ⁴</strong></span> <span class='ocrx_word' id='word_1_851' title='bbox 3454 5256 3540 5309; x_wconf 75' lang='grc' dir='ltr'>διὰ</span> <span class='ocrx_word' id='word_1_852' title='bbox 3568 5254 3731 5307; x_wconf 83' lang='grc' dir='ltr'>τοῦτό</span> <span class='ocrx_word' id='word_1_853' title='bbox 3747 5269 3886 5323; x_wconf 74' lang='grc' dir='ltr'>φησι,</span> 
     </span>
    </p>
   </div>
   <div class='ocr_carea' id='block_1_115' title="bbox 2312 5339 3889 5429">
    <p class='ocr_par' dir='ltr' id='par_1_115' title="bbox 2312 5339 3889 5429">
     <span class='ocr_line' id='line_1_115' title="bbox 2312 5339 3889 5429; baseline -0.01 -19"><span class='ocrx_word' id='word_1_854' title='bbox 2312 5358 2374 5411; x_wconf 80' lang='grc' dir='ltr'><strong>τὸ</strong></span> <span class='ocrx_word' id='word_1_855' title='bbox 2398 5359 2582 5429; x_wconf 80' lang='grc' dir='ltr'>μεῖζον</span> <span class='ocrx_word' id='word_1_856' title='bbox 2615 5339 2881 5426; x_wconf 77' lang='grc' dir='ltr'>εἰσφέρων</span> <span class='ocrx_word' id='word_1_857' title='bbox 2904 5371 2918 5386; x_wconf 86' lang='grc'><strong>·</strong></span> <span class='ocrx_word' id='word_1_858' title='bbox 2951 5373 2968 5404; x_wconf 80' lang='grc' dir='ltr'><strong>ι</strong></span> <span class='ocrx_word' id='word_1_859' title='bbox 3007 5354 3127 5406; x_wconf 85' lang='grc' dir='ltr'>’Ὀτι</span> <span class='ocrx_word' id='word_1_860' title='bbox 3153 5351 3370 5422; x_wconf 73' lang='grc' dir='ltr'>ἔρχεται</span> <span class='ocrx_word' id='word_1_861' title='bbox 3394 5349 3534 5418; x_wconf 75' lang='grc' dir='ltr'>ὥρα,</span> <span class='ocrx_word' id='word_1_862' title='bbox 3554 5348 3612 5398; x_wconf 81' lang='grc' dir='ltr'><strong>ὲν</strong></span> <span class='ocrx_word' id='word_1_863' title='bbox 3709 5345 3889 5404; x_wconf 77' lang='grc' dir='ltr'>πάντες</span> 
     </span>
    </p>
   </div>
   <div class='ocr_carea' id='block_1_116' title="bbox 2316 5433 3888 5518">
    <p class='ocr_par' dir='ltr' id='par_1_116' title="bbox 2316 5433 3888 5518">
     <span class='ocr_line' id='line_1_116' title="bbox 2316 5433 3888 5518; baseline -0.012 -16"><span class='ocrx_word' id='word_1_864' title='bbox 2316 5449 2367 5502; x_wconf 77' lang='grc' dir='ltr'><strong>οἱ</strong></span> <span class='ocrx_word' id='word_1_865' title='bbox 2399 5450 2454 5501; x_wconf 83' lang='grc' dir='ltr'>ὲν</span> <span class='ocrx_word' id='word_1_866' title='bbox 2473 5451 2582 5512; x_wconf 87' lang='grc' dir='ltr'>τοῖς</span> <span class='ocrx_word' id='word_1_867' title='bbox 2601 5446 2888 5518; x_wconf 78' lang='grc' dir='ltr'>μνημείοις</span> <span class='ocrx_word' id='word_1_868' title='bbox 2920 5442 3243 5502; x_wconf 83' lang='grc' dir='ltr'>ἀκούσονται</span> <span class='ocrx_word' id='word_1_869' title='bbox 3274 5438 3368 5508; x_wconf 75' lang='grc' dir='ltr'>τῆς</span> <span class='ocrx_word' id='word_1_870' title='bbox 3393 5436 3575 5506; x_wconf 76' lang='grc' dir='ltr'>φωνῆς</span> <span class='ocrx_word' id='word_1_871' title='bbox 3607 5434 3820 5488; x_wconf 61' lang='grc' dir='ltr'>αὐτοῦη</span> <span class='ocrx_word' id='word_1_872' title='bbox 3840 5433 3888 5484; x_wconf 83' lang='lat'><strong>&#39;0</strong></span> 
     </span>
    </p>
   </div>
   <div class='ocr_carea' id='block_1_117' title="bbox 2329 5522 3884 5609">
    <p class='ocr_par' dir='ltr' id='par_1_117' title="bbox 2329 5522 3884 5609">
     <span class='ocr_line' id='line_1_117' title="bbox 2329 5522 3884 5609; baseline -0.014 -13"><span class='ocrx_word' id='word_1_873' title='bbox 2329 5540 2427 5608; x_wconf 65' lang='grc' dir='ltr'>ρᾶρ</span> <span class='ocrx_word' id='word_1_874' title='bbox 2448 5539 2593 5609; x_wconf 84' lang='grc' dir='ltr'>λόγῳ</span> <span class='ocrx_word' id='word_1_875' title='bbox 2621 5539 2688 5592; x_wconf 71' lang='grc' dir='ltr'><strong>τὰ</strong></span> <span class='ocrx_word' id='word_1_876' title='bbox 2710 5537 2807 5591; x_wconf 87' lang='grc' dir='ltr'><strong>ούκ</strong></span> <span class='ocrx_word' id='word_1_877' title='bbox 2829 5536 2958 5588; x_wconf 78' lang='grc' dir='ltr'>ὄντα</span> <span class='ocrx_word' id='word_1_878' title='bbox 2989 5532 3118 5586; x_wconf 84' lang='grc' dir='ltr'>ποτὲ</span> <span class='ocrx_word' id='word_1_879' title='bbox 3141 5531 3275 5602; x_wconf 79' lang='grc' dir='ltr'>πρὸς</span> <span class='ocrx_word' id='word_1_880' title='bbox 3297 5529 3356 5580; x_wconf 81' lang='grc' dir='ltr'>τὸ</span> <span class='ocrx_word' id='word_1_881' title='bbox 3375 5524 3514 5580; x_wconf 82' lang='grc' dir='ltr'>εἶναι</span> <span class='ocrx_word' id='word_1_882' title='bbox 3540 5522 3884 5595; x_wconf 80' lang='grc' dir='ltr'>παραγαγὼν,</span> 
     </span>
    </p>
   </div>
   <div class='ocr_carea' id='block_1_118' title="bbox 2322 5611 3884 5697">
    <p class='ocr_par' dir='ltr' id='par_1_118' title="bbox 2322 5611 3884 5697">
     <span class='ocr_line' id='line_1_118' title="bbox 2322 5611 3884 5697; baseline -0.014 -15"><span class='ocrx_word' id='word_1_883' title='bbox 2322 5645 2441 5692; x_wconf 83' lang='grc' dir='ltr'><strong>πως</strong></span> <span class='ocrx_word' id='word_1_884' title='bbox 2462 5627 2563 5681; x_wconf 84' lang='grc' dir='ltr'><strong>οὐκ</strong></span> <span class='ocrx_word' id='word_1_885' title='bbox 2585 5627 2652 5683; x_wconf 84' lang='grc' dir='ltr'>ἂν</span> <span class='ocrx_word' id='word_1_886' title='bbox 2679 5623 2894 5697; x_wconf 82' lang='grc' dir='ltr'>ἰσχύσαι</span> <span class='ocrx_word' id='word_1_887' title='bbox 2924 5622 2984 5676; x_wconf 77' lang='grc' dir='ltr'><strong>τὸ</strong></span> <span class='ocrx_word' id='word_1_888' title='bbox 3004 5621 3102 5693; x_wconf 71' lang='grc' dir='ltr'>ἠδη</span> <span class='ocrx_word' id='word_1_889' title='bbox 3131 5615 3497 5687; x_wconf 81' lang='grc' dir='ltr'>πεποιημένον</span> <span class='ocrx_word' id='word_1_890' title='bbox 3519 5611 3884 5684; x_wconf 80' lang='grc' dir='ltr'>παλινδρομεῖν</span> 
     </span>
    </p>
   </div>
  </div>
