4102 6560
198 416 321 472 385

1266 405 1331 459 IN
1360 398 1645 459 JOANNIS
1686 399 2133 455 EVANGELIUM
2199 399 2327 453 LIB.
2372 398 2432 450 ll.

3364 384 3471 451 386

198 529 505 582 ἀναπεῖσαι
542 524 671 594 πρὸς
699 521 947 589 γένεσιν;
980 514 1099 571 Εἶεν
1139 529 1246 587 γαρ
1282 515 1348 569 ἂν
1397 515 1540 567 οὕτω
1577 508 1675 582 τῆς
1703 510 1795 563 αὐ-

1911 518 2222 579 peccatores
2251 507 2491 576 quidem,
2526 511 2581 559 et
2616 511 2884 576 quotquot
2910 504 3159 573 improbe
3206 505 3466 570 vixerint,

196 620 315 688 τῆς
361 617 643 687 ἐνεργείας
676 615 940 682 ἑκάτερα,
977 610 1069 663 καί⁸
1120 611 1249 678 μιᾶς
1303 606 1550 673 ἐξουσίας
1604 603 1664 655 τὸ
1721 604 1805 654 ἐπ’

201 712 418 779 ἀμφοῖν
454 709 780 774 ἀξιάγαστον
807 703 1173 773 ἀποτέλεσμα.
1213 698 1490 767 Ἐπιλέγει
1524 694 1577 749 δὲ
1611 691 1805 767 χρησί-

205 819 352 871 μως,
394 802 476 853 ὅτι
530 797 949 867 προελεύσονται
977 793 1084 847 τῶν
1143 791 1467 863 μνημάτων,
1497 788 1675 858 οἱμὲν
1718 789 1802 841 ἐπ’

200 894 462 961 αἰσχροῖς
492 890 729 950 ἁλόντες.
764 889 855 941 καὶ⁸
888 885 1120 955 πονηρίᾳ
1163 882 1672 953 συμϐιοτεύσαντες,
1700 881 1799 950 τὴν

200 982 567 1050 ἀτελεύτητον
596 979 879 1048 ύφέξονται
908 972 1241 1047 [ὑφέξοντες]
1264 966 1438 1044 δίκηνο
1482 973 1529 1024 οἰ
1572 970 1629 1023 δὲ
1681 970 1795 1022 δια-

200 1077 447 1145 πρεπεῖς
475 1074 531 1125 ὲν
550 1058 892 1142 ἀρεταῖς,τῆς
913 1066 1210 1129 ἐπιεικείας
1236 1065 1428 1135 μισθὸν
1455 1059 1795 1133 ἀντικομιού-

204 1180 365 1234 μενοι
424 1161 523 1231 τὴν
568 1158 783 1212 αἰώνιον
828 1150 1009 1225 ζωήψ
1042 1152 1175 1224 ὁμοῦ
1226 1151 1357 1222 μὲν,
1411 1148 1659 1218 καθάπερ
1693 1146 1794 1216 ήδη

201 1253 570 1324 προείπομεν,
603 1248 795 1301 ἑαυτὸν
833 1240 1091 1313 διανομέα
1136 1242 1243 1295 τῶν
1292 1240 1505 1309 ἑκάστῳ
1562 1237 1796 1309 πρεπόν-

199 1363 317 1397 των
364 1344 461 1397 καὶ
492 1342 579 1395 διὰ
617 1339 822 1392 τούτων
867 1335 1169 1406 εἰσφέρων,
1209 1332 1343 1403 ὁμοῦ
1385 1332 1441 1384 δὲ
1469 1328 1797 1388 ἀναπείθων,

1904 606 1965 652 ut
1993 607 2230 652 aeternas
2265 611 2455 665 ptenas
2479 596 2652 659 luant,
2679 596 2837 650 bonis
2877 604 3058 649 autem
3089 606 3141 648 et
3168 595 3471 649 virtutibus

1900 690 2243 759 conspicuis,
2287 698 2344 740 ut
2376 688 2764 756 sempiternam
2808 688 2971 739 vitam
3011 685 3306 755 probitatis
3335 701 3473 754 pra:-

1899 781 2073 833 n‘iium
2117 776 2377 838 referant,
2416 775 2714 842 simulque,
2750 781 2808 825 ut
2852 774 2965 842 jam
3012 774 3167 843 prius
3207 772 3469 837 diximus,

1899 871 2147 939 seipsum
2179 868 2418 937 judicem
2451 880 2641 921 eormn
2683 880 2806 934 qum
2837 865 3037 933 cuique
3072 865 3342 919 debentur
3388 865 3472 919 his

1900 972 2122 1030 qucque
2167 957 2354 1012 verbis
2403 956 2744 1026 signiﬁcans,
2791 971 2854 1009 ac
2910 966 3171 1025 praeterea
3232 958 3472 1013 suadens

1902 1061 1993 1104 aut
2028 1060 2173 1105 metu
2211 1050 2477 1102 malorum
2514 1047 2916 1115 improbitatem
2948 1048 3135 1118 fugere
3188 1058 3241 1103 et
3264 1050 3326 1101 ad
3360 1065 3473 1102 me-

1903 1142 2094 1196 liorem
2139 1140 2348 1210 frugem
2381 1155 2439 1192 se
2476 1137 2799 1198 transferre,
2831 1145 2929 1189 aut
2977 1147 3197 1191 atteram
3220 1139 3343 1192 vitae
3372 1138 3472 1192 de-

1905 1233 2109 1288 siderio
2164 1228 2573 1301 quodammodo
2620 1228 2934 1283 stimulatos
2994 1229 3253 1282 virtutem
3308 1230 3474 1283 vehe-

1904 1324 2146 1377 mcnlius
2176 1337 2394 1391 cupere.

199 1438 235 1508 ἦ
280 1437 362 1507 τῷ
398 1435 548 1505 φόϐῳ
578 1432 669 1485 τοῦ
707 1427 895 1485 παθεῖν
928 1429 996 1482 τὰ
1026 1428 1191 1489 δεινὰ,
1227 1423 1607 1495 παραιτεῖσθαι
1633 1420 1694 1474 τὸ
1726 1418 1950 1488 φαῦλον,
1985 1418 2077 1470 καὶ
2112 1413 2526 1468 συνελαύνεσθαί
2560 1428 2677 1474 πως
2705 1413 2784 1474 εἰς
2840 1409 2900 1463 τὸ
2931 1409 3079 1479 βιοῦν
3143 1407 3344 1461 ἐθέλειν
3375 1408 3474 1477 ἤδη

202 1529 675 1599 σωφρονέστερον,
808 1524 990 1592 ὲιρέσει
1037 1520 1392 1590 νυττομένους
1422 1516 1623 1590 τρόπον
1668 1514 1789 1568 τινὰ
1827 1515 1892 1583 τῇ
1939 1513 2065 1583 περὶ
2095 1509 2192 1579 τὴν
2227 1507 2444 1562 αἰώνιον
2487 1508 2631 1578 ζωὴν
2659 1543 2673 1570 ,
2742 1503 3143 1575 συντονωτέραν
3207 1502 3473 1556 ποιεῖσθαι

201 1619 543 1683 σπουδάζειν
568 1619 665 1687 τὴν
690 1617 775 1669 ἐπ’
812 1614 1038 1683 ἀγαθοῖς
1071 1612 1398 1685 προθυμίαν.

814 1702 1062 1761 ΚΕΦΑΛ.
1117 1706 1194 1759 Θ’.

2438 1686 2597 1757 237
2632 1685 2788 1739 CAP.
2833 1681 2923 1737 Ix.

201 1823 345 1875 "Ott
373 1820 501 1875 κατ’
531 1820 709 1873 οὐδὲν
744 1812 1008 1873 ἐλάττων
1045 1817 1149 1870 τοῦ
1189 1815 1335 1870 Θεοῦ
1380 1814 1475 1867 καὶ
1507 1812 1738 1881 Πατρός
1766 1814 1798 1866 ό

1911 1800 2050 1869 Quod
2099 1799 2266 1881 nihilo
2293 1800 2472 1881 minor
2510 1798 2579 1850 sit
2602 1796 2727 1877 'Deo
2759 1812 2819 1848 ac
2864 1793 3025 1847 Patre
3052 1792 3249 1881 filius,
3284 1794 3378 1881 sed
3418 1796 3475 1848 in

289 1894 451 1957 Υιὸς,
492 1891 630 1945 ἀλλ’
665 1888 990 1955 ἰσοσθενὴς
1039 1888 1166 1940 κατ’
1204 1887 1509 1957 ἐνέργειαν
1554 1885 1667 1952 τὴν
1705 1882 1796 1951 ἐφ’

280 1956 527 2016 ἅπασίν
555 1961 743 2019 ἐστιν,
773 1961 851 2023 ὡς
886 1960 1028 2022 Θεὸς
1052 1958 1121 2009 ἐκ
1157 1956 1325 2010 Θεοῦ.

286 2056 374 2106 οὐ
428 2052 682 2121 δύναμαι
730 2050 843 2120 ἐγὼ
902 2048 1094 2102 ποιεῖν
1131 2048 1231 2102 ἀπ’
1290 2045 1549 2116 ἐμαυτοῦ
1596 2042 1796 2099 οὐδέν.

206 2144 430 2210 Καθὼς
461 2145 678 2205 ἀκούω,
719 2142 919 2210 κρίνω,
960 2139 1059 2193 καὶ
1096 2140 1132 2205 ή
1167 2141 1364 2208 κρίσις
1390 2138 1428 2205 ἠ
1459 2137 1572 2206 ἐμὴ
1604 2137 1801 2189 δικαία

204 2235 413 2290 ἐστίν’
444 2234 533 2288 ὅτι
565 2236 637 2288 οὐ
685 2231 833 2300 ζητῶ
869 2230 934 2284 τὸ
970 2231 1200 2299 θέλημα
1242 2229 1308 2282 τὸ
1345 2228 1510 2297 ἐμὸν,
1542 2226 1703 2281 ἀλλὰ
1736 2224 1801 2280 τὸ

208 2327 452 2396 θέλημα
479 2326 584 2380 τοῦ
614 2324 964 2393 πέμψαντός
990 2340 1066 2391 με
1092 2323 1343 2389 Πατρός.

305 2414 626 2484 Ἐπίστησον
676 2413 835 2467 πάλιν
874 2415 988 2475 τοῖς
1025 2410 1341 2482 λεγομένοις
1385 2407 1799 2481 ἀκριϐέστερον,

210 2507 321 2560 καὶ
348 2504 633 2576 δέχου.τοῦ
668 2504 1021 2576 (impigram;
1044 2504 1118 2568 ὡς
1149 2506 1207 2556 ὲν
1235 2503 1482 2572 περινοίᾳ
1512 2503 1611 2571 τὴν
1645 2500 1804 2553 δύνα-

215 2618 339 2670 μιν.
378 2601 495 2653 Οὐκ
530 2599 727 2661 εἰδότες
760 2597 1000 2651 Ἰουδαῖοι
1040 2596 1140 2666 τῆς
1182 2594 1319 2666 μετά
1357 2594 1556 2663 σαρκὸς
1602 2593 1803 2644 οἰκονοο

214 2693 355 2763 μίας
386 2691 448 2744 τὸ
487 2690 620 2759 βαθὺ
654 2690 971 2759 μυστήριον,
1022 2688 1136 2741 ἀλλ’
1185 2686 1307 2739 οὐδὲ
1354 2686 1445 2738 τὸν
1493 2682 1803 2737 ἐνοικοῦντα

210 2781 302 2849 τῷ
339 2782 405 2833 ὲκ
443 2780 715 2848 Παρθένου
766 2778 877 2849 ναῷ
930 2778 1060 2830 Θεὸν
1112 2777 1284 2845 Λόγον
1334 2776 1800 2842 ἐπιγινώσκοντες,

211 2872 371 2942 ζήλῳ
405 2870 664 2932 πολλάκις
713 2867 1130 2938 πεπλανημένῳ,
1177 2867 1271 2919 καὶ
1317 2865 1378 2918 οὐ
1410 2863 1488 2934 τῷ
1535 2863 1655 2916 κατ’
1687 2862 1805 2913 ἐπί-

209 2979 447 3031 γνωσιν,
480 2961 553 3024 ὡς
586 2964 614 3013 ὁ
657 2959 867 3023 Παῦλος
898 2975 1084 3027 φησιν,
1116 2959 1193 3021 εἰς
1236 2955 1536 3026 ἀγριότητα
1586 2954 1805 3024 τρόπων

211 3057 320 3109 καὶ
348 3054 658 3124 ἀνημέρους
696 3053 863 3123 ὀργὰς
895 3051 1232 3114 ἐξεκαίοντο⁸
1265 3049 1359 3101 καὶ
1401 3049 1464 3117 δὴ
1507 3047 1598 3099 καὶ
1640 3060 1807 3099 κατα-

1971 1870 2213 1993 ἓηηῧὺιιε
2246 1870 2462 1938 agendis
2494 1868 2612 1935 pari
2642 1876 2900 1934 potestate
2929 1865 3209 1931 pra'ditus,
3241 1876 3295 1917 ut
3332 1864 3473 1918 Deus

2009 1958 2036 1993 e
2112 1956 2191 1993 eo.

2009 1958 2036 1995 e
2062 1956 2191 1993 υεο.

1972 2033 2047 2097 V,
2097 2031 2187 2087 '50.
2229 2029 2353 2085 Non
2396 2045 2608 2099 possum
2657 2044 2749 2097 ego
2795 2042 2826 2080 a
2877 2027 3072 2087 meipso
3108 2027 3281 2094 facere
3325 2025 3478 2093 quid—

1896 2142 2077 2196 quam.
2140 2122 2290 2178 Sicut
2346 2122 2541 2180 audio.
2586 2120 2772 2189 judico
2821 2135 2838 2173 :
2885 2128 2933 2171 et
2981 2117 3250 2186 judicium
3306 2132 3475 2168 meum

1892 2217 2097 2286 justum
2130 2224 2238 2276 est;
2267 2215 2394 2284 quia
2429 2228 2532 2266 non
2566 2227 2746 2281 (μιαννο
2781 2209 3107 2265 voluntatem
3157 2224 3348 2271 meam,
3387 2208 3476 2261 sed

1902 2310 2230 2366 voluntatem
2253 2306 2367 2376 ejus
2399 2306 2488 2376 qui
2521 2304 2664 2358 misit
2701 2320 2779 2357 me
2817 2302 3019 2355 Patris.

1974 2424 2206 2478 Attende
2241 2434 2462 2475 rursum
2498 2419 2686 2472 aerius
2724 2418 2779 2470 in
2827 2431 2888 2469 ea
2925 2430 3046 2484 quae
3095 2413 3383 2473 dicuntur,
3424 2420 3479 2465 et

1901 2517 2010 2570 vim
2053 2516 2245 2568 horum
2278 2512 2570 2566 verborum
2608 2509 2884 2564 intellectu
2935 2507 3173 2576 percipe.
3210 2504 3346 2558 Cum
3382 2502 3479 2556 Ju-

1904 2607 2003 2662 daei
2031 2606 2199 2659 altum
2227 2601 2624 2658 incarnationis
2653 2600 2973 2670 mySterium
3021 2598 3359 2666 ignorarent,
3385 2596 3480 2649 sed

1907 2712 2087 2766 neque
2124 2691 2333 2749 scirent
2381 2692 2548 2745 Deum
2574 2689 2811 2743 Verbum
2843 2686 3153 2741 inhabitare
3196 2687 3249 2736 in
3280 2685 3481 2751 templo

1906 2788 2171 2859 Virginis,
2214 2797 2450 2839 erroneo
2496 2783 2815 2848 plerumque
2862 2778 2998 2838 zelo,
3028 2784 3084 2830 et
3126 2790 3232 2827 non
3281 2789 3480 2827 secun-

1904 2880 2034 2933 dum
2070 2878 2382 2936 scientiam,
2419 2884 2479 2925 ut
2517 2871 2721 2925 Paulus
2754 2870 2829 2922 ait
2852 2873 2916 2935 “,
2957 2870 3012 2923 in
3050 2882 3262 2921 morum
3293 2866 3483 2921 ferita-

1896 2980 2017 3026 tem
2046 2974 2101 3024 et
2134 2969 2402 3021 immanes
2442 2965 2554 3019 iras
2585 2961 3023 3016 etardescchant
3056 2976 3069 3012 :
3110 2960 3360 3027 adeoque
3404 2959 3484 3011 la-

1906 3061 2126 3132 pidibus
2144 3059 2318 3127 ipsum
2343 3057 2574 3109 obruere
2604 3054 2941 3112 nitebantur,
2969 3049 3139 3120 quod,
3172 3051 3332 3103 homo
3356 3063 3481 3102 cum

210 3146 404 3200 λεύειν
426 3145 740 3215 ἐπεχείρουν
777 3143 958 3206 αὑτὸν,
995 3144 1185 3210 ὅτιπερ
1217 3139 1497 3209 ἄνθρωπος
1550 3137 1647 3200 ὢν,
1680 3139 1804 3189 ἐαυ-

1911 3159 2079 3214 esset,
2130 3150 2371 3217 seipsum
2427 3146 2595 3199 Deum
2629 3143 2862 3205 faceret,
2894 3156 2959 3195 ac
2998 3148 3288 3210 praeterea,
3337 3138 3483 3209 quod

211 3237 315 3291 τὸν
342 3236 518 3290 ἐποίει
552 3236 705 3300 Θεὸν,
756 3236 851 3288 καὶ
896 3234 1079 3298 πάλιν,
1108 3233 1189 3285 ὅτι
1230 3231 1448 3300 Πατέρα
1491 3231 1620 3283 ἴδιον
1654 3229 1805 3297 ἔλεγε

212 3330 315 3382 τὸν
358 3329 514 3391 Θεὸν,
570 3328 683 3381 ἴσον
730 3328 919 3380 ἑαυτὸν
968 3325 1135 3378 ποιῶν
1182 3323 1259 3393 τῷ
1304 3322 1440 3393 Θεῷ.
1485 3322 1698 3392 Ἐπειδὴ
1750 3322 1806 3374 δὲ

211 3417 366 3493 ἦσαν
400 3419 542 3473 οὕτω
571 3418 882 3489 δυσμαθεῖς,
930 3418 1023 3470 καὶ
1066 3414 1383 3486 θεοπρεπῶν
1421 3415 1516 3484 μὲν
1545 3413 1679 3477 ὅλως
1709 3412 1808 3465 οὐκ

214 3515 549 3586 ἀνεχόμενοι
599 3513 794 3581 λόγων,
840 3511 1010 3583 μικρὰ
1053 3511 1111 3563 δὲ
1163 3510 1291 3581 περί
1344 3507 1508 3562 αὐτοῦ
1564 3508 1654 3562 καὶ
1679 3524 1809 3579 φροι

224 3608 445 3671 votivus;
506 3606 602 3660 καὶ
656 3605 841 3672 λέγετε
881 3604 989 3678 [ἴον.
1046 3600 1338 3674 λέγοντες1,
1385 3601 1739 3672 οἰκονομικῶς
1780 3600 1810 3653 ὁ

218 3695 423 3766 Σωτὴρ
471 3694 820 3765 συννηπιάζει
1026 3695 1229 3758 αὐτοῖς,
1261 3692 1607 3763 κεκραμένην
1643 3691 1687 3744 δ’
1716 3687 1809 3745 οὖν

221 3788 382 3856 ὅμως
411 3787 645 3839 ἐποιεῖτο
672 3785 769 3855 τὴν
799 3785 1074 3855 ἐξήγησιν,
1097 3784 1220 3838 οὔτε
1263 3785 1389 3848 τοὺς
1421 3783 1497 3853 τῷ
1524 3781 1642 3853 Θεῷ
1674 3782 1811 3854 πρέ-

224 3894 435 3939 ποντας
481 3876 670 3944 λόγους
715 3875 973 3938 ὁλοτελῶς
1022 3873 1475 3945 παραιτούμενος,
1535 3872 1657 3926 οὔτε
1705 3872 1810 3943 μὴν

224 3970 311 4029 εἰς
339 3967 632 4037 ὀλόκληρον
655 3967 763 4020 τῶν
788 3966 1142 4038 ἀνθρωπίνων
1172 3966 1432 4038 ῥημάτων
1462 3965 1773 4033 ἁποφοιτῶν
1794 3979 1808 3992 ’

222 4056 407 4111 εἰπὼν
440 4056 497 4109 δέ
524 4073 578 4109 τι
618 4059 716 4127 τῆς
749 4056 938 4124 θεῖκῆς
983 4056 1229 4123 ἐξουσίας
1262 4056 1428 4120 ἀξιον,
1471 4054 1811 4125 παραχρῆμα

226 4149 454 4211 κολάζει
503 4148 592 4201 τὸν
647 4148 969 4201 ἀπαίδευτον
1023 4149 1130 4201 τῶν
1189 4148 1551 4218 ἀκροωμένων
1607 4146 1808 4215 θυμὸν,

228 4238 533 4307 ἐπαγαγών
562 4257 614 4292 τι
642 4240 733 4292 καὶ⁵
761 4239 1117 4312 ἀνθρώπινον,
1156 4242 1249 4294 καὶ
1291 4240 1448 4293 πάλιν
1471 4237 1813 4307 ἀνθρώπινόν

227 4349 284 4383 τι
306 4329 397 4383 διὰ
426 4328 525 4400 τὴν
552 4330 858 4398 οἰκονομίαν
886 4329 1073 4392 εἰπὼν,
1101 4330 1201 4382 οὐκ
1250 4330 1306 4380 ὲν
1342 4330 1553 4398 μικροῖς
1583 4324 1813 4397 ὁρᾶσθαι

232 4421 420 4490 μόνοις
448 4422 517 4474 τὰ
564 4421 685 4475 καθ’
716 4421 928 4486 ἑαυτὸν,
956 4421 1089 4474 Θεὸν
1135 4422 1261 4475 ὄντα
1308 4420 1445 4473 κατὰ
1492 4418 1652 4487 φύσιν
1697 4420 1815 4470 ἐπι-

226 4510 492 4567 δεικνύων
518 4514 605 4566 διὲι
638 4515 737 4583 τῆς
772 4514 912 4582 ὑπὲρ
949 4513 1233 4584 ἄνθρωπον
1283 4512 1463 4581 ἰσχύος
1518 4511 1611 4564 καὶ
1638 4511 1812 4579 λόγων

230 4603 514 4666 πολλάκις.
546 4604 811 4675 Τοιαύτην
837 4606 959 4658 τινὰ
988 4605 1082 4657 καὶ
1112 4604 1206 4657 νῦν
1234 4606 1291 4657 ὲν
1317 4606 1428 4667 τοῖς
1455 4603 1654 4673 ἀρτίως
1682 4604 1812 4672 ἡμῖν

230 4695 618 4765 προκειμένοις
646 4696 900 4766 εὑρήσεις
928 4695 1026 4766 τὴν
1049 4696 1264 4767 τέχνην.
1299 4695 1363 4747 Τί
1396 4694 1505 4765 γὰρ
1539 4693 1646 4764 ἔφη
1679 4692 1817 4762 φθά-

230 4806 366 4853 σας;
404 4807 423 4839 ι
467 4788 678 4858 Ὥσπερ
709 4787 817 4858 γὰρ
853 4790 882 4841 ό
925 4788 1113 4859 Πατὴρ
1165 4786 1365 4857 ἐγείρει
1396 4786 1519 4849 τοὺς
1566 4787 1816 4857 νεκροὺς,

230 4882 323 4932 καὶ
354 4880 645 4942 ζωοποιεῖ*
682 4899 700 4931 ι
743 4875 864 4932 εἶτα
899 4880 1080 4943 πάλιν,
1118 4898 1135 4930 ι
1179 4878 1301 4932 Ὅτι
1349 4878 1564 4949 ἔρχεται
1594 4877 1732 4948 ὥρα,
1760 4879 1818 4932 ἐν

231 4966 263 5041 ᾖ
302 4970 509 5031 πάντες
537 4970 588 5021 οἰ
613 4970 672 5021 ὲν
704 4972 816 5032 τοῖς
853 4969 1135 5039 μνημείοις
1165 4969 1484 5022 ἀκούσονται
1514 4968 1611 5038 τῆς
1634 4968 1821 5038 φωνῆς

230 5058 426 5112 αὑτοῦ·
471 5079 489 5111 ι
527 5061 619 5113 καὶ
644 5061 779 5131 πρὸς
818 5061 1044 5125 τούτοις,
1078 5062 1159 5114 ὅτι
1188 5061 1281 5115 καί⁵
1305 5060 1673 5127 ἐξελεύσονται
1708 5077 1823 5131 κρι-

232 5150 551 5220 θησόμενοι,
606 5153 701 5204 καὶ
752 5152 1030 5220 ἀναλόγως
1081 5152 1391 5222 ὡσπερανεὶ
1444 5152 1670 5223 ἐργάται
1721 5150 1821 5220 τὴν

233 5241 585 5309 ἀντιμισθίαν
631 5243 1052 5314 ἀποληψόμενοι.
1126 5245 1183 5297 ’0
1231 5245 1288 5297 δὲ
1343 5244 1596 5299 δύνασθαι
1647 5243 1821 5311 λέγων

233 5331 450 5402 οὕσπερ
476 5332 541 5385 ἂν
569 5332 739 5387 ἐθέλει
769 5333 1070 5402 ζωογονεῖν,
1107 5334 1202 5388 καὶ
1230 5334 1400 5399 οὕτως
1427 5336 1501 5398 ὡς
1527 5337 1555 5388 ὁ
1588 5335 1779 5405 Πατήρ
1802 5349 1815 5364 ·

142 5462 153 5467 -
235 5421 359 5484 πῶς
400 5422 467 5475 ἂν
509 5424 630 5493 οὐχὶ
681 5423 778 5494 τὴν
832 5425 951 5495 Θεῷ
1002 5425 1318 5496 πρέπουσαν
1366 5425 1593 5495 δύναμιν
1644 5424 1819 5495 ἐαυτῷ

236 5515 416 5564 νοοῖτο
446 5513 739 5583 περιτιθείς
766 5531 780 5579 ;
813 5515 1005 5569 Ἔσται
1043 5516 1098 5569 δὲ
1128 5517 1208 5569 ὅτι
1251 5516 1344 5569 καὶ
1382 5516 1595 5569 πάντων
1629 5515 1820 5585 κριτὴς

236 5605 267 5657 ὁ
297 5602 595 5674 διαρρήδην
625 5604 814 5673 εἰπὼν,
842 5606 957 5671 πῶς
998 5608 1095 5661 οὐκ
1132 5608 1197 5661 ἂν
1248 5606 1543 5678 ὲκταράξαι
1595 5606 1818 5668 δικαίως

238 5694 369 5756 τοὺς
390 5692 675 5764 ἄνθρωπον
696 5694 774 5749 ἔτι
797 5700 998 5768 γυμνὸν
1025 5700 1298 5771 οἰομένους
1326 5701 1590 5772 ὑπάρχειν
1622 5699 1817 5771 αύτόν;

316 5809 361 5839 ⁶⁹
397 5806 556 5867 Rom.
589 5827 619 5865 ι
643 5852 657 5877 ,
687 5813 742 5867 ‘2.

1907 3243 2125 3297 Patrem
2156 3253 2312 3297 suum
2349 3236 2517 3290 Deum
2551 3243 2788 3294 vocaret,
2814 3232 3077 3301 mqualem
3126 3232 3366 3299 seipsum
3400 3229 3483 3284 fn-

1910 3332 2062 3387 ciens
2104 3328 2237 3383 Deo.
2278 3324 2414 3380 Cum
2461 3332 2641 3378 autem
2695 3329 2883 3377 essent
2935 3322 3072 3376 adeo
3113 3321 3363 3386 hebetes,
3420 3334 3484 3374 ac

1908 3423 2126 3479 divinos
2174 3433 2456 3474 sermOues
2494 3418 2681 3487 utique
2724 3429 2830 3469 non
2863 3414 3092 3473 ferrent.
3130 3414 3307 3482 deque
3358 3413 3481 3484 ipso

1910 3516 2148 3571 tenuiter
2185 3510 2478 3564 admodum
2523 3509 2793 3563 sentirent
2830 3522 2894 3559 ac
2942 3508 3322 3576 loquerentur,
3375 3507 3488 3561 sin-

1911 3608 2085 3681 gulari
2119 3604 2358 3659 consilio
2400 3600 2652 3656 Salvator
2689 3600 2755 3655 ad
2786 3614 2977 3654 eorum
3019 3598 3312 3669 pueritiam
3361 3614 3488 3655 sese

1910 3703 2175 3766 demittit,
2224 3704 2525 3767 temperata
2582 3693 2945 3748 nihilominus
3002 3692 3347 3761 expositione
3381 3691 3490 3744 uti-

1911 3802 2023 3855 tur,
2065 3807 2191 3847 cum
2239 3802 2340 3845 nec
2376 3786 2770 3842 convenientes
2824 3782 2935 3838 Deo
2993 3797 3278 3839 sermones
3328 3784 3489 3853 plane

1911 3884 2179 3955 repudiet,
2209 3897 2314 3936 nec
2355 3880 2422 3933 ab
2452 3877 2708 3931 humanis
2740 3875 3027 3929 vocabulis
3078 3875 3131 3928 in
3168 3882 3340 3928 totum
3396 3890 3486 3927 re-

1913 3977 2085 4047 fugiat
2124 3993 2137 4028 :
2167 3974 2264 4028 sed
2297 3972 2485 4026 divina
2526 3977 2799 4038 potestate
2828 3968 3053 4038 dignum
3090 3964 3298 4034 aliquid
3338 3967 3488 4018 locu-

1913 4079 2037 4127 tus.
2086 4064 2275 4120 statim
2325 4061 2532 4131 aliquid
2575 4061 2877 4113 humanum
2924 4057 3144 4126 subjicit
3180 4073 3289 4125 quo
3338 4057 3491 4110 inso-

1914 4162 2112 4215 lentem
2153 4173 2345 4212 eorum
2401 4157 2643 4210 animum
2702 4154 3005 4222 reprimat;
3060 4160 3113 4205 et
3158 4164 3355 4203 rursus
3396 4148 3486 4202 ubi

1916 4259 2142 4319 propter
2182 4246 2583 4304 incarnationis
2621 4244 3092 4314 dispensationem
3150 4239 3353 4308 aliquid
3388 4240 3490 4292 hu-

1914 4354 2135 4394 manum
2183 4338 2433 4407 protulit,
2469 4337 2674 4390 virtute
2721 4343 2776 4388 et
2809 4346 2939 4386 voce
2991 4332 3230 4385 humana
3291 4329 3488 4395 majori

1918 4447 2062 4501 saepe
2094 4429 2340 4484 ostendit
2379 4444 2458 4489 se,
2507 4426 2649 4481 Deus
2681 4438 2807 4478 cum
2851 4425 2924 4478 sit
2973 4421 3275 4477 secundum
3329 4429 3490 4474 natu~

1918 4538 2059 4589 ram,
2109 4524 2164 4577 in
2195 4536 2262 4576 eo
2302 4528 2516 4573 tantum
2565 4517 2899 4572 humilitatis
2931 4523 3075 4571 statu
3108 4530 3219 4568 non
3257 4515 3487 4569 versari.

1918 4614 2233 4670 Istiusmodi
2262 4612 2554 4682 quamdam
2579 4618 2752 4665 artem
2786 4608 2949 4664 etiam
2988 4609 3042 4662 in
3076 4608 3143 4662 iis
3174 4623 3297 4678 quae
3328 4608 3493 4662 modo

1918 4706 2199 4776 proposita
2246 4712 2377 4759 sunt
2419 4702 2683 4772 reperies.
2736 4701 2849 4757 Cur
2887 4701 3034 4755 enim
3096 4710 3254 4754 antea
3297 4698 3435 4753 dixit
3475 4718 3488 4752 :
3569 4736 3577 4745 ι

1926 4817 1945 4850 ε
1980 4798 2134 4852 Sicut
2167 4796 2311 4851 enim
2344 4796 2502 4848 Pater
2532 4795 2764 4848 suscitat
2795 4801 3064 4856 mortuos,
3084 4798 3138 4844 et
3160 4791 3439 4853 viviﬁcat;
3469 4810 3486 4840 ι

1921 4893 2051 4947 item
2094 4908 2107 4944 :
2152 4908 2174 4939 1
2219 4888 2359 4955 Quia
2395 4887 2546 4942 venit
2593 4887 2752 4949 hora,
2786 4886 2841 4940 in
2895 4900 3002 4955 qua
3051 4898 3241 4937 omnes
3292 4881 3492 4935 mortui

1921 4994 2109 5036 vocem
2155 4980 2277 5047 ejus
2317 4978 2586 5043 audient;
2627 4997 2645 5029 ι
2680 4987 2973 5047 prmterea,
3020 4986 3078 5029 ct
3116 4973 3263 5043 quod
3306 4986 3495 5040 proce—

1925 5073 2057 5128 dcnt
2094 5070 2365 5139 judicium
2404 5069 2669 5129 subituri,
2702 5078 2759 5123 et
2813 5082 2911 5137 pro
2952 5065 3072 5120 suis
3107 5062 3317 5118 meritis
3354 5076 3495 5116 mer-

1923 5162 2112 5217 cedem
2145 5161 2465 5230 recepturi?
2500 5160 2570 5213 At
2604 5159 2696 5230 qui
2731 5160 2867 5213 dicit
2905 5170 3067 5226 posse
3100 5170 3159 5208 se
3192 5168 3331 5223 quos
3361 5152 3493 5206 velit

1922 5252 2223 5313 vivilicare,
2253 5268 2362 5305 non
2389 5267 2551 5307 secus
2587 5266 2651 5303 ac.
2682 5249 2845 5303 Pater
2875 5266 2888 5300 :
2917 5246 3190 5316 quomodo
3226 5260 3331 5298 non
3365 5258 3494 5298 cen-

1926 5347 2135 5401 sebitur
2182 5345 2425 5399 divinam
2472 5346 2576 5400 sibi
2626 5344 2855 5414 gloriam
2889 5340 3187 5408 arrogare?
3216 5338 3321 5404 Qui
3364 5352 3494 5391 vero

1924 5438 2105 5507 palam
2144 5438 2345 5492 asserit
2378 5452 2436 5491 se
2464 5438 2849 5490 universorum
2891 5434 3005 5485 lore
3055 5431 3320 5499 judiccm,
3352 5444 3491 5499 quo-

1928 5526 2091 5580 modo
2112 5541 2219 5579 non
2259 5526 2381 5594 jure
2417 5526 2675 5595 percellet
2708 5539 2805 5578 eos
2842 5522 2935 5591 qui
2973 5537 3183 5575 merum
3215 5519 3491 5573 hominem

1926 5618 2093 5688 238
2135 5619 2311 5686 ipsum
2350 5631 2472 5671 esse
2506 5616 2736 5687 putant?
2780 5616 2918 5670 Cum
2960 5614 3105 5668 enim
3150 5611 3359 5665 Hebraei
3404 5624 3495 5662 es-

1927 5717 2069 5776 sent,
2103 5724 2165 5763 ac
2192 5708 2401 5764 divinis
2433 5709 2636 5765 eruditi
2672 5708 2917 5773 Litteris,
2952 5705 3234 5776 probabile
3258 5708 3375 5758 erat
3396 5714 3494 5756 eos
