4102 6538
606 482 704 537 571

1602 469 1658 526 S.
1700 463 1976 524 CYlilLLi
2001 457 2470 517 ALEXANDRINI
2505 455 2827 515 ARCHIEI’.

3750 447 3850 504 3'72

604 597 744 652 Cum
774 610 904 664 ergo
927 593 991 649 de
1021 591 1158 648 Filio
1209 599 1262 646 et
1311 589 1477 644 Patre
1511 589 1680 643 dictio
1715 588 1832 649 illa,
1893 604 1911 637 ι
1947 583 2108 641 sicut,
2152 595 2170 628 ι

2284 597 2413 650 μαι,
2470 579 2552 641 τίς
2592 578 2655 630 τὸ
2698 575 2938 628 τοιοῦτον
2986 572 3102 644 ἐρεῖ
3129 586 3144 601 ⁶
3207 568 3474 640 θεωρήσει
3530 566 3642 637 γὰρ
3683 563 3750 634 δὴ
3797 563 3852 616 τδ

605 688 884 750 efferatur,
910 701 1070 755 quam
1098 684 1168 739 ob
1196 697 1417 737 causam
1447 680 1747 750 a'qualibus
1780 677 1971 731 ambos
2005 675 2176 725 hono-

605 776 762 831 ribus
795 790 994 830 ornare
1024 772 1453 827 cunctabimur?
1478 770 1611 824 Nam
1651 767 1831 822 futura
1874 762 2176 835 praavidens

608 874 668 919 ut
695 863 860 927 Deus,
894 871 947 916 et
980 862 1275 930 malignam
1307 869 1412 914 tua:
1449 858 1737 928 imperitiae
1781 850 2176 909 contradictio-

611 973 732 1009 nem
767 971 872 1010 non
909 954 1197 1022 ignorans,
1227 967 1332 1006 non
1355 951 1556 1005 nudam
1580 949 1786 1004 statim.
1828 960 2005 1012 neque
2043 956 2174 995 con-

609 1048 844 1101 vendenti
885 1046 987 1100 sibi
1023 1044 1277 1114 pratsidio
1303 1042 1620 1097 destitutam
1655 1039 1954 1093 dictionem
2001 1034 2174 1096 illam,

616 1159 635 1190 ι
681 1139 846 1202 sicut,
887 1157 907 1188 ι
942 1136 1146 1200 intulit,
1201 1134 1295 1189 sed
1331 1147 1450 1188 eam
1485 1131 1697 1185 idoneis
1749 1128 2015 1181 ﬁrmatam
2048 1137 2174 1193 pro-

609 1228 966 1293 bationibus;
998 1234 1052 1281 et
1100 1240 1224 1279 cum
1275 1223 1428 1293 prius
1480 1217 1782 1275 ostenderit
1841 1229 1900 1270 se
1959 1226 2178 1282 quoque

613 1319 778 1374 Deum
819 1333 943 1374 esse
978 1314 1278 1372 secundum
1306 1323 1558 1367 naturam
1613 1311 1808 1377 (suum
1842 1306 1984 1360 enim
2017 1302 2178 1357 facie—

609 1413 704 1465 bat
758 1409 969 1464 Patrem
1007 1406 1238 1476 Deum),
1275 1400 1734 1468 allirmaveritque
1796 1412 1856 1451 se
1905 1406 1960 1449 et
2009 1394 2176 1447 Deum

609 1504 883 1572 opiticem,
919 1509 974 1555 et
996 1500 1267 1553 viventem
1301 1508 1488 1550 revera
1512 1507 1655 1554 esse,
1686 1501 1870 1559 atque,
1912 1497 1970 1540 ut
2001 1487 2074 1540 ita
2093 1484 2178 1538 di-

609 1610 753 1659 ram,
815 1591 907 1646 Del
957 1605 1021 1645 ac
1058 1588 1236 1642 Patris
1299 1585 1734 1656 pr0prietatibus
1789 1579 2175 1648 consliicuum,

608 1690 914 1750 opportune
967 1677 1183 1732 tandem
1246 1675 1448 1729 infert:
1519 1694 1536 1725 ι
1597 1670 1663 1727 Ut
1716 1685 1908 1724 omnes
1955 1665 2178 1720 honori-

609 1775 772 1828 ﬁcent
825 1770 1056 1837 Filium,
1091 1769 1236 1822 sicut
1278 1765 1644 1821 honorilieant
1699 1762 1937 1815 Patrem.
1976 1778 1993 1808 ι
2037 1755 2175 1823 Quid

608 1869 790 1915 autem
852 1874 999 1913 nunc
1065 1856 1345 1911 adversari
1401 1853 1667 1907 videtur?
1714 1854 1782 1903 At
1859 1847 1990 1918 quid
2055 1859 2176 1915 pro-

607 1951 817 2006 hibebit
861 1949 1156 2019 quominus
1207 1947 1278 2007 is,
1345 1947 1435 1998 cui
1493 1941 1938 1997 substantialiter
1991 1940 2178 1991 insunt

607 2058 946 2115 quaecunque
990 2041 1170 2098 Patris
1205 2039 1501 2109 peculiaria
1560 2043 1612 2090 et
1647 2035 1844 2088 eximia
1891 2042 2054 2094 sunt,
2107 2031 2176 2085 ad

607 2138 875 2206 aequalem
941 2132 1166 2187 honoris
1230 2129 1491 2183 ascendat
1567 2125 1940 2181 mensuram?
2001 2120 2174 2190 Ipsam

609 2228 810 2296 quippe
865 2224 957 2278 Dei
999 2237 1061 2276 ac
1112 2221 1290 2275 Patris
1323 2221 1603 2272 honorare
1643 2225 1898 2269 naturam
1954 2226 2174 2279 compe-

609 2319 815 2370 riemur
849 2315 903 2368 in
936 2313 1070 2367 Filio
1110 2312 1328 2382 egregie
1386 2310 1741 2364 relucentem.
1773 2305 1978 2357 Idcirco
2031 2302 2175 2356 enim

609 2407 872 2476 subjicit:
913 2427 932 2458 ι
966 2405 1067 2471 Qui
1106 2420 1214 2458 non
1241 2402 1567 2458 honoriticat
1606 2398 1825 2458 Filium,
1858 2411 1964 2449 non
2001 2395 2177 2446 hono-

609 2500 787 2554 rilieat
815 2496 1054 2559 Patrem,
1083 2495 1174 2564 qui
1208 2493 1358 2547 misit
1407 2492 1580 2544 illum.
1625 2508 1642 2539 ›
1675 2487 1795 2540 Filii
1830 2487 1976 2541 enim
2041 2499 2175 2536 con-

611 2597 848 2660 temptus
875 2595 970 2642 aut
1011 2586 1364 2656 blasphemia:
1399 2584 1484 2639 vis
1515 2593 1566 2637 et
1603 2583 1744 2635 ratio
1771 2579 1836 2634 ad
1867 2580 2034 2632 alium
2070 2592 2175 2631 non

609 2682 921 2754 pertinebit,
965 2694 1130 2750 quam
1187 2677 1254 2731 ad
1319 2677 1496 2747 ipsum
1537 2675 1780 2736 Patrem,
1846 2674 1936 2743 qui
1995 2688 2024 2724 a
2078 2685 2176 2726 sua

610 2783 805 2830 natura
842 2783 1097 2841 tanquam
1128 2787 1159 2825 a
1212 2771 1362 2825 fonte
1397 2766 1595 2822 Filium
1627 2765 1818 2829 edidit,
1872 2765 1996 2818 licet
2026 2766 2074 2818 ei
2108 2765 2177 2819 ab

606 2876 813 2920 aeterno
871 2863 1215 2917 coexsistens
1275 2860 1479 2929 ubique
1530 2858 1584 2911 in
1673 2855 1958 2924 Scriptura
2017 2868 2174 2908 saera

610 2954 957 3027 praedicetur.
995 2953 1098 3008 Sed
1139 2961 1280 3015 esto,
1308 2951 1486 3018 inquit
1515 2948 1889 3012 adversarius,
1924 2955 2174 3001 conteru-

611 3059 738 3115 ptus
767 3044 888 3099 Filii
915 3060 1024 3114 quo
1063 3044 1199 3098 velis
1239 3041 1534 3111 pertineat,
1571 3040 1682 3094 imo
1711 3054 1841 3092 vero
1875 3038 1940 3090 ad
1993 3038 2173 3107 ipsum

613 3138 781 3190 Deum
815 3150 878 3191 ac
905 3135 1120 3189 P..trem
1177 3135 1468 3204 pertingat.
1514 3130 1836 3200 Indignatur
1875 3127 2021 3182 enim
2054 3128 2177 3196 jure

612 3224 828 3288 merito,
863 3238 970 3277 non
1009 3233 1190 3276 tamen
1221 3222 1377 3292 quasi
1412 3221 1600 3275 eadem
1634 3227 1830 3274 natura
1862 3219 2090 3271 laedatur
2119 3217 2172 3271 in
2208 3259 2251 3316 ε

610 3315 770 3378 Filio,
803 3322 860 3368 ut
885 3315 1044 3368 modo
1069 3313 1454 3378 disseruimus;
1485 3311 1577 3366 sed
1599 3309 1856 3379 quoniam
1885 3318 1968 3362 est
2003 3308 2183 3378 imago

610 3403 733 3474 eius
763 3412 814 3460 et
841 3403 1214 3466 character",
1251 3402 1317 3456 ad
1349 3402 1590 3455 divinam
1613 3409 1666 3454 et
1705 3399 2035 3454 ineffabilem
2064 3399 2183 3469 ejus

615 3504 868 3549 naturam
906 3495 1109 3563 optimc
1138 3494 1427 3555 formatus,
1448 3492 1575 3562 jure
1600 3490 1820 3561 quidem
1847 3491 2181 3559 indignatur,

2279 670 2485 724 κωλύον
2526 668 2676 721 οὐδὲν
2718 667 2841 720 κατ’
2894 663 3064 735 αὐτὴν
3124 661 3220 715 τοῦ
3267 663 3532 731 νοήματος
3587 656 3688 726 τὴν
3731 655 3855 707 ἀνα-

2276 760 2480 830 λογίαν.
2519 760 2684 813 Ὅταν
2707 758 2792 826 ἐφ⁹
2825 754 2956 808 Υίοῦ
3001 754 3092 808 καὶ
3121 751 3331 822 Πατρδς
3365 751 3593 820 φέρηται
3619 747 3681 799 τὸ
3712 765 3738 798 ι
3761 762 3858 797 κα-

2278 851 2414 915 θὼς,
2468 869 2486 901 ι
2560 849 2646 902 διὰ
2702 848 2865 900 ποίαν
2915 845 3094 898 αἰτίαν
3161 842 3620 912 ἀποναρκήσομεν
3677 835 3850 904 ίσομέ-

2275 957 2423 1012 τροις
2463 941 2628 1010 ἄμφω
2650 936 3010 1003 καταστέφειν
3029 934 3214 1003 τιμαῖς
3239 947 3253 995 ;
3295 925 3856 1001 Προανασκεψάμενοι,

2277 1034 2384 1104 γὰρ
2428 1031 2504 1095 ὡς
2552 1030 2684 1093 Θεὸς
2731 1028 2798 1082 τά
2841 1026 3094 1096 ἐσόμενα,
3130 1023 3226 1076 atat
3272 1021 3371 1092 τὴν
3424 1019 3699 1090 βάσκανον
3759 1015 3857 1084 τῆς

2278 1124 2376 1193 σῆς
2407 1120 2645 1192 ἀμαθίας
2699 1117 3072 1189 περιαθρήσας
3100 1114 3428 1181 ἀντιλογίαν,
3451 1111 3511 1164 οὐ
3540 1109 3752 1178 γυμνὸν
3777 1107 3858 1159 εὑ-

2278 1215 2395 1280 θὺς,
2437 1213 2555 1268 οὐδὲ
2587 1212 2685 1282 τῆς
2745 1209 2894 1281 αὐτῷ
2927 1207 3241 1280 πρεπούσης
3279 1206 3482 1278 ερηιιον
3510 1199 3854 1270 ἐπικουρίας,

2276 1308 2338 1360 τὸ
2377 1327 2395 1358 ι
2429 1306 2612 1368 καθὼς
2639 1326 2657 1357 ι
2712 1305 3071 1373 εἰσενήνοχεν,
3097 1299 3232 1356 ἀλλά
3275 1301 3397 1361 ταῖς
3444 1296 3542 1366 μὲν
3585 1292 3857 1364 καθηκοιί-

2281 1417 2402 1462 σαις
2430 1395 2820 1469 προοχυρὼσας
2865 1393 3279 1465 πληροφορίαις,
3338 1387 3742 1462 προαποδείξας
3798 1385 3854 1438 δέ

2279 1490 2361 1542 ὅτι
2399 1489 2492 1540 καὶ
2527 1486 2659 1549 Θεὸς
2693 1485 2928 1556 ὑπάρχοι
2962 1483 3104 1536 κατά
3138 1481 3300 1550 φύσιν
3333 1496 3348 1510 ο
3385 1479 3517 1532 ἴδιον
3547 1475 3660 1546 γάρ
3714 1477 3856 1528 ἐποι-

2281 1583 2393 1634 εῖτο
2420 1578 2641 1648 Πατέρα
2683 1576 2777 1630 τὸν
2808 1575 2938 1628 Θεόν
2960 1587 2976 1603 ⁸
3022 1572 3544 1645 προκατασκευάσας
3578 1568 3635 1621 δὲ
3671 1566 3853 1629 πάλιν,

2279 1675 2358 1728 ὅτι
2389 1673 2480 1726 καὶ
2499 1671 2631 1732 Θεὸς
2646 1666 2979 1739 δημιουργὸς
3020 1666 3113 1719 καὶ
3143 1664 3250 1729 ζῶν
3279 1663 3399 1717 κατ’
3425 1660 3692 1732 ἀλήθειάν
3716 1659 3851 1719 ἐστι,

2282 1768 2374 1820 καὶ
2410 1767 2568 1828 ὅλως,
2605 1764 2676 1815 ἵν’
2700 1763 2871 1823 οὕτως
2895 1760 3054 1821 είπω,
3092 1761 3204 1820 τοῖς
3238 1755 3335 1809 τοῦ
3362 1753 3494 1807 Θεοῦ
3525 1752 3620 1805 καὶ
3639 1750 3854 1821 Πατρδς

2283 1856 2743 1926 ἐπαγλαῖςόμενον
2790 1852 3039 1922 ἰδιώμασι
3087 1845 3540 1919 προεισενεγκὼν,
3581 1841 3855 1912 εὐκαίρως

2284 1951 2476 2017 ἐπάγει
2512 1947 2716 2000 λοιπόν·
2753 1945 2902 1998 ι’Ίνα
2933 1943 3133 2003 πάντες
3156 1939 3358 2010 τιμῶσι
3387 1938 3477 1991 τὸν
3495 1935 3645 1997 Υίδν,
3673 1929 3856 1993 καθὼς

2281 2039 2483 2108 τιμῶσι
2506 2038 2597 2090 τὸν
2624 2035 2868 2106 Πατέρα.
2903 2052 2924 2083 ι
2979 2027 3116 2085 Εἶτα
3150 2030 3204 2082 τί
3236 2029 3296 2082 τὸ
3335 2024 3694 2082 ἀντιστατοῦν
3729 2026 3857 2077 ἀνα·

2284 2130 2532 2198 φανεῖται
2586 2125 2802 2189 λοιπόν;
2849 2122 2902 2176 τί
2959 2121 3017 2174 δὲ
3058 2120 3121 2174 τὺ
3155 2119 3362 2172 κωλῦον
3390 2118 3507 2170 ἐστὶ
3549 2117 3668 2177 τὸν,
3701 2108 3858 2184 ᾧπερ

2283 2218 2554 2282 οὐσιωδῶς
2612 2215 2905 2285 ἐνυπάρχει
2943 2212 3011 2266 τὰ
3061 2211 3157 2264 τοῦ
3197 2210 3558 2278 γεννήσαντος
3606 2206 3720 2259 ἴδια
3764 2202 3860 2258 καὶ

2284 2308 2553 2376 ἐξαίρετα,
2577 2303 2786 2375 πρδςτὸ
2821 2301 2934 2354 ίσον
2959 2301 3057 2371 τῆς
3086 2299 3248 2370 τιμῆς
3275 2296 3584 2350 ἀναϐαίνειν
3612 2293 3856 2364 μέτρονς

2283 2400 2463 2468 Αὐτὴν
2485 2398 2595 2468 γὰρ
2621 2396 2722 2466 ἤδη
2767 2393 3031 2463 τιμῶντες
3057 2392 3155 2462 τὴν
3187 2388 3282 2444 τοῦ
3307 2387 3441 2442 Θεοῦ
3488 2387 3585 2441 καὶ
3641 2382 3860 2455 Πατρδς

2283 2489 2602 2559 ἀλωσόμεθα
2628 2486 2810 2556 φύσιν,
2844 2483 3023 2547 καλῶς
3043 2483 3101 2536 ἐν
3132 2480 3246 2550 Υἱῷ
3285 2478 3718 2548 διαλάμπουσαν.
3761 2471 3861 2526 Διά

2283 2583 2392 2653 γὰρ
2421 2579 2578 2634 τοῦτό
2604 2594 2767 2648 φησιν
2794 2574 3012 2644 ἐφεξῆς·
3050 2593 3066 2625 ι
3124 2573 3184 2625 '0
3212 2572 3285 2642 μή
3313 2569 3483 2640 τιμῶν
3505 2567 3597 2622 τὸν
3611 2566 3767 2625 Υίδν,
3795 2565 3858 2619 οὔ

2281 2675 2417 2745 τιμᾷ
2438 2673 2529 2726 τὸν
2551 2669 2768 2739 Πατέρα
2803 2667 2895 2719 τὸν
2929 2663 3221 2734 πέμψαντα
3258 2661 3438 2714 αὐτόν.
3488 2678 3507 2712 ι
3553 2656 3858 2726 Ἀναϐήσῑ-

2281 2784 2370 2820 ται
2432 2764 2540 2833 γὰρ
2582 2761 2682 2814 οὐκ
2726 2759 2809 2826 ἐφ’
2843 2757 3029 2826 ἔτερόν
3085 2771 3208 2807 τινα
3245 2751 3443 2825 μᾶλλον
3484 2751 3583 2821 τῆς
3616 2751 3701 2812 είς
3730 2747 3859 2802 Tib!

2284 2859 2507 2930 ἀτιμίας
2536 2856 2596 2910 τὸ
2615 2852 2888 2923 ἔγκλημα,
2916 2849 3011 2904 καὶ
3052 2849 3151 2918 τῆς
3186 2845 3494 2916 δυσφημίας
3539 2844 3572 2913 ή
3600 2841 3854 2910 δύναμις,

2283 2952 2315 3022 ῆ
2351 2951 2429 3013 εἰς
2450 2947 2612 3002 αὐτὸν
2637 2944 2997 3016 ἀληθέστερον
3046 2941 3138 2996 τὸν
3167 2938 3408 3010 Πατέρα,
3446 2933 3700 3003 καθάπερ
3749 2930 3856 2986 ἀπὸ

2283 3020 2467 3110 πηγῆς
2510 3039 2608 3108 τῆς
2654 3035 2861 3097 οίκείας
2890 3033 3105 3103 φύσεως
3135 3027 3332 3084 ἀνέντα
3374 3025 3466 3080 τὸν
3506 3023 3659 3084 Υίὺν,
3687 3023 3739 3074 εἰ
3764 3020 3857 3073 καὶ

2287 3132 2647 3201 συνυπάρχων
2701 3126 2886 3188 ἀϊδίως
2941 3122 3088 3193 αὐτῷ
3132 3120 3222 3175 διά
3268 3119 3448 3188 πάσης
3507 3115 3706 3185 ὁρᾶται
3755 3112 3857 3201 τῆς

2283 3222 2442 3291 ἁγίας
2465 3199 2708 3291 regem.
2747 3215 2907 3269 Ἀλλά
2932 3214 3040 3276 ναι,
3059 3210 3222 3282 φησιν
3251 3211 3279 3263 ὁ
3307 3199 3858 3291 δι’ἐναντίας,ήκέτιιι

2283 3285 2385 3381 τῆς
2412 3313 2490 3374 είς
2513 3285 2657 3362 "rei
2686 3304 2908 3376 ἀτιμίας
2928 3303 2989 3355 τὸ
3020 3299 3269 3370 ἔγκλημα
3300 3293 3435 3366 πρὸς
3469 3292 3606 3381 ὅπερ
3637 3288 3705 3381 ἀν
3730 3285 3856 3381 βοῦς

2283 3375 2414 3464 λοίὸ,
2450 3399 2647 3472 μᾶλλον
2675 3397 2730 3449 δὲ
2769 3375 2848 3459 είς
2887 3392 3048 3448 αὐτὸν
3087 3385 3422 3459 ἀφικνείσθω
3449 3381 3539 3436 τὸν
3577 3379 3712 3433 Θεὸν
3764 3375 3860 3430 καὶ

2283 3469 2522 3562 Πατέρα.
2578 3487 2975 3556 ’Λγανακτήσει
3007 3482 3117 3553 γὰρ
3163 3480 3227 3549 δὴ
3265 3477 3358 3530 καὶ
3406 3473 3577 3562 μάλαῗ
3604 3469 3858 3562 εἰκότως,

615 3595 670 3636 et
705 3585 758 3637 in
798 3598 858 3639 se
895 3585 1123 3636 omnino
1157 3583 1411 3650 iniuriam
1453 3561 1650 3635 refert.
1714 3579 2181 3633 Absurdissimum

2284 3583 2399 3636 ἀλλ’
2431 3561 2552 3652 οὐχὶ
2579 3581 2816 3642 πάντως,
2847 3577 2923 3639 ὼς
2951 3577 3048 3644 τῆς
3073 3570 3240 3640 αὐτῆς
3263 3567 3478 3637 φύσεως
3517 3561 3861 3652 ὑδρισμένης

613 3675 816 3744 quippe
867 3683 1011 3728 esset
1065 3687 1212 3736 euut,
1255 3672 1347 3741 qui
1401 3670 1602 3724 divinis
1653 3669 2066 3723 characteribus
2099 3668 2181 3722 in-

2284 3677 2342 3729 ἐν
2365 3673 2499 3744 Υίῷ,
2527 3671 2671 3726 κατά
2696 3671 2788 3722 τὸν
2805 3667 3005 3739 ἀρτίως
3036 3665 3167 3734 ἡμῖν
3189 3653 3649 3744 φιλστεχνηθένταγ
3668 3651 3856 3718 λόγον’

614 3766 800 3828 saltat,
834 3764 1041 3835 peccati
1083 3765 1136 3818 in
1183 3764 1542 3834 archetypum
1575 3761 1805 3816 admissi
1846 3775 2039 3830 pinnas
2071 3776 2181 3814 non

2287 3766 2402 3820 ἀλλ’
2431 3741 2659 3832 ἐπείπερ
2692 3761 2838 3814 ἐστὶν
2885 3756 3046 3810 εἰκὼν
3075 3748 3241 3807 αὐτοῦ
3281 3750 3378 3804 καὶ⁵
3424 3743 3730 3835 χαρακτὴρ,
3783 3741 3862 3804 ὡς

616 3857 788 3911 luere.
822 3855 1290 3922 Quemadmodum
1324 3869 1539 3924 nempe,
1577 3854 1623 3909 si
1663 3855 1786 3924 quis
1842 3865 2181 3909 terrenorum

2287 3859 2424 3928 πρὸς
2441 3855 2539 3927 τὴν
2575 3853 2722 3906 Θείαν
2743 3868 2800 3903 τε
2834 3849 2930 3901 καὶ
2968 3847 3205 3918 ἄρρητον
3247 3839 3410 3895 αὐτοῦ
3455 3835 3616 3907 φύσιν
3654 3834 3862 3904 ἀριστα

617 3963 805 4018 regum
831 3947 1094 4017 imagines
1122 3947 1360 4002 ludibrio
1386 3946 1660 4010 habuerit,
1689 3961 1800 4001 non
1825 3946 1987 4002 aliter
2013 3961 2178 4016 quam

2293 3921 2743 4019 μεμορςρωμένος,
2794 3936 3108 4009 χαλεπαίνει
3134 3933 3231 4004 μὲν
3265 3928 3524 3998 εὐλόγως,
3548 3925 3758 4019 ἀνοίσει
3804 3921 3862 3976 δέ

616 4040 660 4092 si
693 4043 746 4093 in
783 4055 964 4109 regem
1005 4039 1180 4109 ipsum
1227 4037 1533 4109 peccaverit
1571 4038 1820 4108 partitur.
1869 4037 2002 4092 Tale
2057 4052 2181 4091 vero

2290 4011 2506 4098 ὲτάέιτέοξ
2529 4011 2607 4096 είς
2653 4029 2844 4085 ἐαυτὸν
2873 4026 2933 4082 τὸ
2963 4022 3222 4094 ἀδίκημα.
3266 4021 3380 4074 Καὶ
3423 4017 3532 4088 γὰρ
3577 4011 3645 4087 ἦν
3687 4014 3865 4109 ὅντως

619 4129 880 4196 quiddam
914 4147 942 4184 a
982 4129 1093 4185 Deo
1125 4102 1344 4200 quoque
1384 4130 1451 4185 de
1478 4102 1639 4184 nobis
1669 4136 1937 4183 statutum
1974 4144 2181 4198 compe-

2286 4127 2394 4180 τῶν
2421 4121 2803 4182 ἀτοπωτάτων,
2839 4118 2933 4171 τὸν
2963 4118 3075 4178 τοῖς
3107 4113 3274 4175 θείοις
3317 4109 3693 4180 χαρακτῆρσιν
3752 4102 3859 4172 ἐμ.-

619 4227 848 4279 riemus.
881 4245 898 4276 (
940 4224 1042 4289 Qui
1111 4224 1254 4280 enim
1296 4222 1621 4294 sanguinem
1667 4222 1928 4284 hominis,
1991 4222 2181 4292 inquit,

2291 4217 2718 4291 παροινήσαντα,
2762 4211 2836 4283 μὴ
2862 4209 2982 4280 οὐχὶ
3028 4207 3246 4268 πάντως
3287 4204 3386 4274 τῆς
3433 4197 3861 4294 είς-ἀρχέτυπον

614 4313 883 4378 ell‘uderit,
946 4285 1044 4383 pro
1097 4314 1364 4383 sanguine
1401 4285 1597 4383 V229
1665 4313 1787 4381 ejus
1842 4285 2181 4376 edundetur,

2290 4285 2564 4380 ἁμαρτίας
2626 4299 2973 4357 ἀποτιννύναι
3015 4297 3191 4360 δίκας.
3234 4295 3446 4364 ’Ὠσπερ
3493 4285 3587 4344 οὖν
3641 4286 3857 4358 ἀμέλει,

620 4408 749 4475 quia
803 4408 856 4460 in
909 4406 1147 4474 imagine
1206 4404 1300 4460 Dei
1367 4402 1470 4459 feci
1521 4404 1798 4457 hominem
1820 4405 1888 4456 ⁸³.
1941 4421 1959 4454 ι
2022 4400 2181 4457 Vides

2289 4376 2385 4454 καὶ
2414 4376 2583 4459 όταῖς
2603 4393 2772 4448 είκόσι
2801 4391 2907 4446 τῶν
2936 4388 3030 4442 ἐπὶ
3077 4387 3182 4456 γῆς
3223 4382 3486 4454 βασιλέων
3523 4376 3862 4450 ἐμπαροινή-

619 4499 785 4568 igitur
819 4513 881 4552 ex
915 4497 1036 4561 hoc,
1084 4497 1282 4566 inquit,
1337 4495 1626 4550 manifeste
1658 4493 1823 4549 Deum
1876 4508 1940 4548 ac
1972 4493 2181 4548 Patrem

2293 4507 2412 4551 σας,
2477 4487 2553 4551 ὡς
2607 4485 2688 4548 εἰς
2731 4482 2894 4536 αὑτὸν
2945 4480 3045 4550 ἤδη
3091 4468 3690 4568 πεπλημμεληκὼς.τδν
3722 4484 3861 4537 κρα-

621 4589 934 4642 cxistimare
989 4587 1262 4656 indignari
1318 4587 1514 4640 debere
1564 4587 1692 4641 lzesa
1755 4585 2010 4656 imagine,
2077 4601 2181 4640 nou

2290 4576 2486 4630 τοῦντα
2515 4573 2821 4636 κολάζεται.
2896 4566 3212 4638 Ὠρισμένον
3260 4563 3318 4616 δέ
3359 4578 3413 4614 τι
3449 4557 3690 4613 τοιοῦτον
3751 4573 3861 4609 πα-

623 4689 804 4732 autem
836 4677 1018 4732 divina
1051 4693 1147 4730 sua
1185 4691 1400 4731 natura.
1437 4677 1549 4731 Iloc
1597 4678 1782 4746 itaque
1819 4680 1982 4730 modo
2015 4692 2181 4746 expn.

2295 4669 2361 4739 ρὰ
2382 4665 2516 4721 Θεοῦ
2544 4665 2637 4718 καὶ
2660 4663 2742 4731 ἐφ’
2768 4660 2926 4746 ἡμῶν
2963 4657 3141 4712 αὐτῶν
3198 4655 3514 4726 εὑρήσομεν.
3566 4669 3592 4746 ι
3645 4649 3705 4746 '9
3752 4647 3862 4718 γὰρ

622 4769 860 4826 nendum
891 4780 973 4824 est.
1001 4769 1137 4823 illud
1161 4770 1303 4834 quod
1329 4769 1535 4824 dictum
1568 4778 1653 4824 est
1676 4785 1702 4822 a
1725 4769 1949 4825 Christo
1982 4790 1994 4826 :
2036 4790 2053 4821 ι
2084 4769 2187 4836 Qui

625 4879 732 4918 non
769 4861 1094 4915 honoriticat
1115 4859 1334 4924 Filium,
1354 4877 1532 4930 neque
1553 4860 1764 4922 Patrem
1795 4862 2139 4917 houuriﬁcat.
2166 4881 2184 4913 ι

622 4957 702 5008 An
739 4953 906 5020 igitur
931 4968 960 5005 a
992 4951 1175 5007 Patris
1205 4955 1514 5008 substantia
1539 4955 1752 5009 alienus
1773 4955 1877 5009 erit
1904 4955 2190 5010 nobiscum

624 5045 991 5116 Unigenitus?
1022 5045 1306 5110 Quomodo
1351 5061 1481 5114 ergo
1524 5045 1636 5114 jam
1677 5046 1978 5100 secundum
2032 5055 2191 5099 natu-

619 5151 737 5189 ram
775 5135 917 5191 Deus
951 5143 1056 5199 est,
1082 5137 1127 5190 si
1156 5134 1224 5190 de
1257 5135 1567 5190 rationibus
1611 5136 1832 5191 deitatis
1869 5135 2098 5200 excidit,
2135 5137 2188 5190 in

625 5226 845 5298 propria
877 5228 1112 5298 quadam
1158 5234 1212 5282 et
1260 5226 1364 5280 alia
1413 5243 1574 5297 quam
1621 5229 1674 5282 in
1715 5243 1824 5297 qua
1876 5227 2038 5283 Pater
2084 5237 2188 5291 est,

625 5327 819 5371 natura
853 5317 1183 5371 constitutus
1207 5317 1229 5369 ξ’
1250 5314 1425 5386 Iniqui
1453 5331 1580 5371 vero
1611 5332 1803 5372 sumus
1831 5318 2063 5381 scilicet,
2097 5320 2189 5390 qui

622 5412 678 5463 in
721 5424 882 5462 unam
915 5408 1137 5464 deitatis
1165 5408 1430 5462 rationem
1465 5415 1667 5462 sanctae
1714 5408 2001 5466 Trinitatis
2033 5413 2192 5467 unio-

568 5571 572 5576 ι
625 5515 745 5555 nem
800 5499 1148 5554 adducimus.
1203 5498 1451 5552 Adorare
1503 5499 1706 5569 quippe
1763 5515 1859 5556 nos
1917 5513 2193 5573 oporteret

626 5592 864 5654 Patrem,
898 5599 957 5645 ut
991 5593 1192 5645 Deum:
1229 5591 1455 5659 gloriam
1486 5599 1666 5644 autem
1703 5593 1992 5661 quamdam
2029 5611 2194 5666 pecu-

627 5685 810 5739 liarcvtt
849 5699 911 5738 ac
945 5684 1216 5754 proliriam
1265 5681 1403 5737 Filio
1442 5699 1506 5738 ac
1539 5683 1766 5752 Spiritui
1819 5688 2075 5756 tribucre,
2133 5689 2188 5745 in

697 5842 743 5873 "
781 5839 823 5893 ll
861 5839 988 5893 Cor.
1026 5855 1097 5903 tv,
1131 5838 1182 5895 4.
1261 5841 1306 5873 ⁸³
1347 5838 1480 5896 Gen.
1522 5854 1596 5906 tx,
1637 5838 1693 5898 6.

2291 4735 2514 4828 ἐκχέων,
2574 4752 2758 4824 φησὶν,
2800 4744 2940 4821 αἷμα
2979 4742 3289 4817 ἀνθρώπου,
3335 4739 3456 4794 ἀντὶ
3500 4737 3595 4790 τοῦ
3631 4735 3861 4806 αἵματος

2293 4826 2458 4904 αὑτοῦ
2510 4845 2892 4916 ἐκχυθήσεται·
2942 4840 3025 4893 δτι
3059 4840 3120 4892 ἐν
3185 4835 3354 4890 εἰκόνι
3424 4828 3560 4886 Θεοῦ
3626 4826 3860 4897 ἐποίησα

2293 4941 2384 4994 τὸν
2415 4937 2720 5009 ἄνθρωπον.
2758 4953 2776 4986 ι
2825 4933 2986 5003 Ὁρᾷς
3021 4925 3134 4996 οὖν,
3175 4927 3363 4997 φησιν,
3398 4923 3498 4995 ήδη
3525 4920 3616 4975 διά
3638 4917 3860 5009 τούτου,

2295 5029 2390 5082 καὶ
2418 5006 2562 5098 μάλα
2604 5023 2808 5093 σαφῶς,
2852 5023 2934 5075 ὅτι
2967 5021 3065 5090 τῆς
3093 5017 3299 5080 είκόνος
3337 5009 3736 5080 ἀδικουμένης,
3768 5006 3858 5060 καὶ

2293 5120 2412 5188 οὐχὶ
2457 5117 2672 5178 ’πάντως
2704 5117 2804 5184 τῆς
2840 5111 2990 5175 θείας
3032 5108 3196 5163 αὑτοῦ
3229 5105 3446 5177 φύσεως
3469 5144 3484 5170 ,
3526 5100 3859 5169 ἀγανακτεῖν

2293 5210 2467 5264 οἴεται
2505 5208 2614 5262 δεῖν
2653 5209 2681 5261 ὁ
2708 5205 2840 5267 Θεὸς
2877 5203 2972 5257 καὶ
3010 5204 3221 5271 Πατήρ.
3251 5195 3460 5251 Οὐκοῦν
3493 5191 3637 5247 κατὰ
3675 5189 3856 5243 τοῦτοι

2295 5301 2523 5357 νοείσθω
2550 5317 2608 5352 τε
2631 5299 2724 5352 καὶ
2751 5293 3138 5367 ἐσχηματίσθω
3165 5291 3254 5345 τὸν
3273 5289 3471 5362 τρόπον
3491 5286 3553 5340 τὺ
3575 5282 3857 5354 εἰρημένοι

2297 5394 2448 5467 παρά
2493 5390 2749 5464 Χριστοῦ*
2801 5407 2820 5440 ι
2869 5388 2928 5440 '0
2954 5385 3029 5456 μὴ
3073 5383 3250 5454 τιμῶν
3283 5381 3376 5434 τὸν
3426 5377 3586 5439 Υίὺν,
3612 5373 3735 5429 οὐδέ
3771 5371 3856 5425 τὸς

2301 5462 2517 5558 Πατέρα
2542 5462 2695 5553 τιμᾷ.
2730 5500 2748 5532 ι
2783 5476 2910 5549 'Ap’
2934 5473 3026 5532 οὖν
3047 5474 3153 5540 ἐξω
3173 5473 3413 5527 κείσεται
3437 5468 3555 5541 μεθ’
3581 5465 3740 5538 ἡμῶν
3764 5462 3855 5531 τῆς

2300 5586 2393 5640 τοῦ
2424 5583 2632 5656 Πατρός
2666 5581 2853 5644 οὐσίας
2879 5579 2907 5631 ὁ
2933 5574 3243 5644 Μονογενής
3268 5589 3283 5638 ;
3326 5569 3452 5633 Πῶς
3485 5563 3578 5621 οὖν
3616 5565 3696 5618 ἐτι
3725 5561 3854 5618 κατὰ

2297 5687 2456 5758 φύσιν
2501 5683 2630 5748 Θεός
2686 5685 2869 5745 ἐστιν,
2927 5679 3083 5750 εἴπερ
3125 5675 3259 5740 ὅλως
3307 5668 3562 5741 ἐξὼλισθε
3615 5665 3724 5722 τῶν
3764 5661 3852 5734 ἧς
