4102 6544
284 440 387 497 573

1339 434 1410 491 ΙΝ
1436 433 1726 493 JOANNIS
1763 429 2251 502 EVANGELIUMZ
2283 429 2414 485 LIB.
2453 426 2518 485 Il.

3406 426 3512 484 574

285 554 534 624 θεότητος
567 554 732 625 ὅρων,
775 554 832 604 ὲν
879 552 984 623 ίδίᾳ
1015 549 1120 605 τινὶ
1163 549 1321 620 φύσει
1367 553 1459 606 καὶ
1493 551 1709 624 ὲτεροίᾳ
1741 548 1851 604 κεί-

1969 547 2274 604 liﬂ‘erentes
2305 558 2530 600 naturas
2568 557 2662 600 eos
2695 543 3013 613 partientes,
3053 549 3106 596 et
3134 554 3287 594 suam
3317 538 3513 606 utique

287 643 541 714 μενος,ἢ
586 646 644 696 ἑν
681 638 826 716 ᾖπέρ
870 645 1015 696 ἐστιν
1047 643 1076 695 6
1116 642 1340 712 Πατῆρὶ
1396 641 1712 712 Ἀδικοῦμεν
1759 639 1842 706 δὲ,

283 735 422 788 κατά
449 735 512 788 τὸ
539 734 706 798 εἰκὸς,
735 735 815 798 είς
834 734 927 786 ἕνα
950 734 1202 804 θεότητος
1222 733 1643 798 ἀναϐιῦάζοντες
1669 731 1846 800 λόγον,

280 829 380 892 τῆς
416 825 576 893 ἁγίας
618 825 845 896 Τριάδος
889 825 987 898 τὴν
1034 823 1300 887 σύνταξιν.
1344 824 1491 877 Ἔδει
1547 823 1688 892 γὰρ,
1743 822 1850 875 ἔδει

281 916 466 970 λοιπὸν
511 918 835 988 προσκυνεῖν
872 916 969 986 μὲν
995 917 1140 986 ἡμᾶς
1181 917 1255 978 ὡς
1291 915 1422 968 Θεὸν
1466 915 1556 968 τὸν
1605 913 1847 984 Πατέρα,

277 1006 437 1071 δόξαν
473 1007 533 1060 δέ
571 1023 691 1060 τινα
738 1006 899 1061 πάλιν
945 1008 1080 1060 ἰδίαν
1113 1006 1409 1076 ἀπονέμειν
1448 1006 1526 1076 τῷ
1566 1005 1680 1076 Υίῷ
1755 1005 1850 1059 καὶ

278 1098 361 1170 τῷ
401 1097 709 1170 Πνεύματι,
754 1100 830 1162 ὡς
857 1100 936 1162 είς
968 1099 1253 1170 διαφόρους
1286 1096 1714 1167 κατασχίζοντας
1751 1095 1851 1165 φύ-

281 1207 421 1257 σεις,
461 1192 555 1246 καὶ
583 1192 712 1245 ίδιον
737 1193 953 1263 ἑκάστῳ
987 1192 1077 1244 τὸν
1105 1189 1198 1243 τοῦ
1229 1191 1344 1254 πῶς
1381 1193 1494 1253 ἐστι
1521 1188 1851 1260 διορίζοντας

280 1284 443 1352 λόγον
466 1300 479 1312 ·
505 1283 618 1337 ἀλλ’
644 1283 739 1336 ἕνα
765 1283 895 1336 Θεὸν
924 1285 1055 1354 ἡμῖν
1085 1284 1138 1334 at!
1161 1283 1300 1335 θεῖαι
1337 1282 1697 1352 πρεσϐεύουσι
1717 1281 1852 1352 Γρα-

281 1376 406 1444 φαὶ,
432 1376 523 1429 τὸν
545 1375 670 1428 Υίδν
701 1374 779 1446 τῷ
799 1376 973 1446 Πατρὶ
1001 1377 1095 1428 καὶ
1116 1374 1174 1427 τὸ
1195 1374 1418 1445 Πνεῦμα
1439 1373 1848 1438 συντάττουσαι,

281 1467 360 1530 ὡς
382 1467 471 1521 διὰ
491 1469 587 1537 τῆς
608 1465 895 1530 ούσιὼδους
923 1468 1016 1521 καὶ
1043 1465 1463 1538 ἀπαραλλάκτου
1497 1465 1848 1534 ταυτότητος,

280 1560 365 1621 εἰς
410 1557 508 1611 ἕνα
553 1557 806 1626 θεότητος
864 1557 1272 1627 ἀναφερομένης
1324 1555 1479 1624 λόγον
1538 1555 1636 1626 τῆς
1692 1553 1851 1622 ἁγίας

279 1648 535 1718 Τριάδος.
577 1648 689 1719 Ούκ
708 1646 815 1718 ἀρα
849 1646 963 1698 ἐστὶ
998 1647 1096 1714 τῆς
1119 1644 1212 1698 τοῦ
1244 1645 1606 1714 Γεννήσαντος
1637 1644 1851 1713 φύσεως

279 1739 564 1809 ἀλλότριος
593 1741 620 1792 ὁ
643 1736 970 1805 Μονογενὴς,
1005 1737 1116 1790 ἀλλ’
1143 1737 1252 1789 οὐδ’
1281 1736 1347 1789 ἂν
1375 1736 1509 1799 ὅλως
1529 1735 1654 1798 Υἱὸς
1677 1735 1852 1805 ὑπάρ-

1951 639 2170 694 essendi
2223 637 2490 692 rationem
2553 635 2876 690 tribuentes.
2931 632 3096 701 Atqui
3150 645 3316 683 unum
3356 629 3512 682 nobis

1953 728 2122 784 Deum
2156 728 2350 782 divinae
2407 725 2704 795 Scriptura:
2761 724 3081 794 praedicant,
3138 719 3334 774 Filium
3389 733 3512 770 cum

1952 820 2112 876 Patre
2142 827 2195 876 et
2226 818 2492 890 Spiritum
2528 817 2885 879 collocantes,
2927 812 3087 883 quasi
3136 826 3230 881 per
3257 809 3512 862 substan-

1949 912 2134 965 tialetn
2165 917 2219 965 et
2251 906 2623 963 omnimodam
2659 904 2998 960 identitatem
3028 909 3219 956 sancta
3250 897 3516 959 Trjnitate

1952 1001 2006 1054 in
2045 1013 2204 1054 unam
2234 998 2452 1054 deitatis
2493 995 2691 1048 collata
2722 993 3008 1047 rationem.
3060 989 3182 1044 Non
3211 995 3294 1043 est
3324 1001 3452 1055 ergo
3488 999 3517 1036 a

1952 1100 2152 1145 natura
2183 1089 2460 1144 Genitoris
2491 1087 2700 1141 alienus
2727 1083 3078 1152 Unigenitus,
3114 1079 3210 1134 sed
3257 1092 3358 1132 nec
3393 1091 3514 1129 om-

1952 1183 2083 1238 nino
2116 1180 2286 1236 Filius
2327 1195 2449 1236 esse
2478 1193 2665 1232 revera
2707 1175 3020 1232 censebitur
3051 1173 3096 1227 si
3143 1186 3206 1224 ex
3242 1167 3519 1234 Genitoris

1953 1273 2260 1330 substantia
2299 1287 2408 1326 non
2442 1269 2650 1326 effulsit
2675 1285 2690 1334 ;
2725 1281 2822 1320 nec
2849 1267 2994 1320 enim
3021 1263 3126 1316 alia
3153 1269 3236 1315 est
3263 1260 3317 1312 in
3347 1257 3520 1311 omnl-

1951 1365 2057 1420 bus
2097 1379 2239 1420 vera:
2273 1361 2553 1416 illiationis
2587 1358 2830 1415 definitio
2870 1372 2934 1411 ac
2971 1352 3188 1408 modus.
3243 1348 3301 1404 Si
3341 1356 3518 1401 autem

1952 1455 2124 1511 Filius
2154 1470 2261 1509 non
2293 1461 2400 1517 est,
2451 1451 2705 1522 sequitur
2765 1458 2824 1503 ut
2857 1463 2924 1503 ne
2957 1445 3115 1500 l'ater
3172 1441 3394 1512 quidem
3451 1439 3524 1493 sit

1951 1548 2116 1601 etiam
2149 1545 2310 1601 Deus.
2354 1543 2636 1609 Quomodo
2695 1555 2830 1610 ergo
2863 1552 3029 1592 verax
3053 1534 3158 1590 erit
3213 1531 3417 1585 Paulus
3450 1529 3518 1584 de

1953 1639 2074 1709 ipso
2105 1635 2292 1690 dicens
2323 1654 2336 1689 :
2369 1654 2388 1686 ι
2417 1635 2492 1688 Ex
2527 1647 2635 1703 quo
2665 1633 2849 1686 omnis
2885 1627 3188 1699 paternitas
3213 1625 3264 1676 in
3295 1621 3436 1676 coelo
3472 1629 3526 1676 et

1955 1731 2010 1786 in
2068 1739 2212 1784 terra
2253 1727 2568 1782 nominatur
2589 1725 2654 1776 “.
2701 1743 2719 1777 ι
2759 1721 2891 1776 Nam
2952 1719 3144 1775 sinon
3204 1714 3397 1784 genuit
3457 1727 3524 1767 ex

278 1849 396 1902 χων
416 1805 587 1884 νοοῖτο
604 1830 745 1887 κατά
767 1829 1042 1901 ἀλήθειαν,
1081 1829 1129 1881 εί
1169 1827 1242 1899 μὴ
1268 1829 1329 1879 ὲκ
1351 1827 1451 1895 τῆς
1472 1825 1566 1878 τοῦ
1603 1826 1852 1888 τεκόντος

1969 1824 2140 1892 seipso
2177 1820 2358 1874 divina
2390 1819 2600 1872 ratione
2631 1815 2852 1877 Filium,
2881 1808 3158 1880 quomodo
3189 1807 3242 1860 in
3289 1805 3410 1874 ipso
3442 1811 3527 1879 est

278 1877 389 1902 ἐντ’
426 1877 744 1887 """"""
769 1877 1042 1901 v""I"""’
1085 1877 1127 1881 "
1169 1877 1242 1899 6—".
1271 1877 1327 1879 ἠ
1366 1877 1448 1895 ίΊδ
1488 1877 1524 1878 ““
1619 1877 1656 1878 ⁷“
1688 1877 1746 1878 ίί⁷
1832 1877 1849 1888 ⁸

277 1921 586 1992 ἐξέλαμψεν
607 1921 822 1984 οὐσίας’
854 1918 1090 1981 τοιοῦτος
1126 1919 1256 1990 γὰρ,
1309 1919 1403 1971 καὶ
1441 1917 1538 1988 οὐχ
1577 1916 1763 1986 ἕτερος
1797 1915 1855 1966 ὲν

1969 1877 2301 1984 paternitatis
2334 1910 2576 1970 initium,
2605 1905 2752 1975 quod
2785 1918 2880 1973 per
2899 1877 3273 1956 imitationem
3309 1895 3378 1948 ad
3428 1877 3523 1948 eos

280 2015 455 2065 πᾶσιν
484 2015 511 2066 6
542 2013 642 2082 τῆς
674 2011 909 2082 ἀληθοῦς
941 2011 1185 2080 υίότητος
1226 2009 1349 2080 ὅρος
1400 2027 1460 2061 τε
1505 2009 1598 2061 καὶ
1631 2007 1853 2078 τρόπος.

280 2105 419 2158 Υἱοῦ
457 2105 513 2158 δὲ
539 2105 637 2158 οὐκ
665 2105 836 2168 ὀντος,
868 2101 1388 2173 συναναιρεθήσεται
1426 2103 1640 2163 πάντως
1679 2098 1860 2152 καὶτὸ

279 2193 429 2249 εἶναι
459 2196 679 2266 Πατέρα
706 2195 796 2249 τὸν
828 2195 982 2249 Θεόν.
1014 2196 1139 2258 Πῶς
1167 2191 1259 2248 οὖν
1291 2192 1580 2264 ἀληθεύσει
1625 2192 1798 2260 λέγων
1828 2193 1856 2244 6

281 2287 500 2352 Παῦλος
554 2289 680 2359 περὶ
723 2287 928 2352 αὑτοῦ,
962 2308 978 2340 ι
1014 2288 1104 2354 Ἐξ
1153 2282 1213 2340 οὗ
1250 2288 1398 2340 πᾶσα
1450 2285 1653 2355 πατριά
1698 2284 1754 2339 ἔν
1798 2300 1856 2336 τε

279 2375 522 2448 οὐρανῷ,
543 2377 635 2429 καὶ
664 2376 756 2428 ἐπὶ
775 2377 879 2446 γῆς
911 2377 1252 2446 ὀνομάζεται;
1284 2393 1301 2425 ι
1338 2376 1399 2428 Ei
1429 2374 1536 2445 γὰρ
1574 2374 1645 2444 μὴ
1670 2374 1856 2442 γεγέν-

280 2484 455 2537 νηκεν
485 2466 544 2531 ἐξ
573 2468 768 2521 ἑαυτοῦ
803 2469 1122 2540 θεοπρεπῶς
1159 2471 1248 2522 τὸν
1288 2469 1437 2532 Υίὺν,
1472 2469 1588 2531 πῶς
1627 2471 1683 2521 ἐν
1709 2467 1858 2538 αύτῷ

281 2561 389 2628 τῆς
419 2557 808 2629 πατρότητοςὴ
839 2560 979 2630 ἀρχὴ
1011 2559 1273 2630 διήκουσα
1313 2561 1454 2614 κατά
1499 2560 1728 2631 μίμησιν
1764 2560 1858 2612 ὲπί

286 2667 349 2702 τε
393 2651 520 2713 τοὺς
563 2650 721 2714 ὄντας
759 2652 818 2704 ὲν
847 2649 1060 2722 οὐρανῷ
1131 2651 1226 2704 καὶ
1265 2652 1357 2704 ἐπὶ
1399 2652 1496 2720 τῆς
1534 2653 1669 2722 γῆςς
1716 2651 1856 2706 Ἀλλ’

287 2741 409 2793 ἐστι
457 2741 644 2812 Πατὴρ
693 2743 813 2795 κατ’
858 2742 1114 2812 ἀλήθειαν
1154 2745 1182 2796 ὀ
1213 2742 1375 2806 Θεός·
1416 2743 1542 2806 Υἱὸς
1580 2743 1686 2812 ἄρα
1719 2744 1860 2797 κατά

290 2827 455 2896 φύσιν
483 2829 511 2882 6
539 2829 871 2898 Μονογενὴς,
914 2829 1044 2882 εἵσω
1083 2829 1143 2882 τὲ
1187 2829 1302 2892 πώς
1324 2832 1438 2882 ἐστι
1462 2830 1572 2883 τῶν
1599 2831 1697 2900 τῆς
1731 2830 1856 2884 θεό-

289 2935 456 2988 τητος
480 2920 642 2990 ὅρων.
671 2919 804 2982 Θεὸς
828 2919 936 2991 γὰρ
961 2921 1026 2972 ὲκ
1065 2919 1198 2973 Θεοῦ
1239 2920 1578 2991 τεχθήσεται,
1611 2921 1858 2992 καθάπερ

287 3011 388 3068 οὖν
411 3016 695 3086 ἄνθρωπος
718 3014 776 3081 ἐξ
792 3014 1080 3086 ἀνθρώπου
1101 3017 1279 3086 τυχὸν,
1305 3017 1400 3070 καὶ
1420 3018 1480 3070 ού
1512 3018 1858 3088 διαψεύσεται

292 3105 389 3159 τοῦ
418 3106 552 3159 Θεοῦ
577 3107 670 3160 καὶ
697 3107 906 3176 Πατρδς
931 3107 1050 3176 ήτά
1077 3107 1252 3161 πάντα
1275 3109 1645 3180 ὑπερκειμένη
1674 3109 1857 3178 φύσις,

1956 2008 2269 2076 quicunque
2303 2003 2357 2056 in
2382 2001 2522 2055 ccelo
2553 2007 2605 2054 et
2630 1999 2682 2051 in
2719 2005 2866 2051 terra
2889 2002 3020 2048 sunt
3057 1994 3348 2060 permanat
3375 1986 3398 2037 ?
3430 1989 3527 2037 At-

1958 2096 2051 2166 qui
2082 2073 2241 2148 Pater
2285 2104 2471 2146 revera
2504 2096 2589 2143 est
2624 2085 2807 2140 Deus:
2843 2083 3015 2137 Filius
3047 2093 3179 2148 ergo
3229 2073 3528 2132 secundutn

1957 2165 2209 2241 naturam
2236 2191 2318 2238 est
2349 2179 2701 2249 Unigenitus,
2733 2184 2787 2229 et
2836 2174 2983 2228 intra
3024 2169 3252 2226 deitatis
3286 2165 3527 2220 rationes

1959 2277 2316 2334 constitutus.
2343 2271 2561 2340 Alioqui
2614 2266 2760 2323 enim
2813 2264 2957 2321 Deus
3007 2278 3071 2317 ex
3123 2259 3231 2315 Deo
3257 2258 3531 2328 gignetur,

1958 2370 2120 2429 sicuti
2147 2369 2329 2424 forsan
2359 2366 2521 2419 homo
2551 2378 2616 2416 ex
2647 2359 2868 2414 homine
2898 2374 2911 2420 ;
2943 2369 3129 2423 neque
3185 2360 3367 2405 tamen
3418 2345 3532 2400 fru-

1958 2462 2220 2520 strabitur
2245 2457 2333 2512 Dei
2360 2470 2423 2510 ac
2443 2453 2621 2506 Patris
2644 2463 2858 2506 summa
2886 2447 2976 2501 illa
3004 2452 3220 2507 natura,
3253 2437 3527 2510 gignendo

1959 2555 2128 2610 fetum
2162 2559 2504 2616 nequaquam
2537 2541 2640 2597 sibi
2664 2537 3104 2594 convenientem.
3135 2531 3242 2587 Sed
3263 2527 3531 2600 quoniam

1959 2648 2128 2705 stulte
2160 2651 2216 2699 et
2269 2639 2436 2710 impie
2473 2635 2773 2708 praedicant
2829 2629 2922 2685 Dei
2959 2643 3023 2682 ac
3057 2625 3240 2680 Patris
3279 2631 3533 2677 naturam

1959 2737 2184 2792 minime
2212 2730 2334 2786 laedi
2372 2730 2427 2783 in
2463 2726 2622 2789 Filio,
2667 2724 2754 2778 cui
2785 2721 2968 2775 minus
2997 2731 3243 2788 congrua
3279 2715 3348 2768 ab
3397 2728 3536 2766 nou-

1957 2827 2122 2884 nullis
2151 2823 2322 2894 gloria
2359 2821 2655 2880 tribuatur,
2679 2813 2774 2869 sed
2794 2814 2918 2883 jure
2948 2810 3144 2864 merito
3173 2806 3360 2877 potius
3392 2802 3534 2858 indi-

1959 2914 2290 2993 gnari,quod
2318 2916 2372 2968 in
2391 2914 2509 2980 ipso
2533 2907 2824 2978 imaginem
2845 2918 3000 2958 suam
3021 2906 3390 2968 contemptam
3420 2910 3543 2949 cer-

1959 2986 2458 3078 nat,interrogandi
2492 3008 2622 3056 sunt
2661 2999 2904 3059 demum,
2925 3006 3160 3064 quonam
3189 2996 3350 3060 pacto
3375 2986 3542 3043 velint

1959 3102 2248 3173 imaginem
2270 3097 2444 3150 Patris
2465 3108 2585 3146 esse
2618 3105 2681 3144 ac
2723 3087 2831 3142 dici
2852 3085 3073 3138 Filium.
3099 3080 3206 3135 Sed
3225 3077 3533 3147 responsio-

291 3195 386 3248 τὸν
419 3196 556 3266 αὐτῇ
593 3196 667 3268 μὴ
694 3196 973 3267 πρέποντα
1004 3196 1239 3250 τεκοῦσα
1264 3171 1521 3268 γαμῶν..
1544 3171 1762 3267 Ἐπειδὴ

1969 3171 2774 3264 ηοωήριδειξνεηίίιηιυε23οἰβεί
2797 3179 2999 3247 potius,
3018 3187 3071 3230 et
3097 3171 3397 3242 imaginum
3417 3185 3544 3238 spe-

288 3282 572 3346 δυσσεσῶς
599 3301 658 3336 τε
693 3284 788 3336 καὶ
817 3284 1057 3355 ἀνοήτως
1085 3283 1335 3351 φασὶν,ού
1359 3287 1456 3355 τὴν
1487 3285 1578 3338 τοῦ
1604 3286 1738 3338 Θεοῦ
1767 3287 1861 3340 καὶ

1969 3259 2294 3352 εἰεεξίιυοοά
2315 3278 2428 3332 fieri
2452 3281 2646 3344 potest,
2669 3271 2821 3341 prius
2838 3268 3238 3336 disdnguamus
3261 3279 3275 3326 ;
3297 3261 3376 3315 sic
3395 3259 3538 3313 enim

295 3374 510 3446 Πατρδς
555 3347 945 3446 ἐξυϐρίζεσθαι,
983 3347 1143 3442 φύσιν
1184 3347 1426 3444 ὲνΥίῷ,
1456 3374 1530 3446 μὴ
1559 3377 1656 3447 τῆς
1691 3394 1861 3445 προσ-

1969 3347 2168 3431 clarior
2186 3379 2239 3426 et
2272 3367 2510 3438 apertior
2528 3363 2710 3417 futura
2726 3368 2810 3414 est
2837 3358 3002 3426 hujus
3025 3351 3348 3442 quaestionis
3380 3347 3545 3403 ratio.

295 3466 538 3535 ηκούσης
581 3432 906 3521 ἀπολαύοντι
950 3432 1106 3538 δόξης
1137 3468 1272 3538 πρός
1309 3432 1490 3521 nisi
1519 3432 1653 3534 .tbg"
1691 3432 1898 3536 είκόνος
1935 3472 1991 3525 δὲ
2031 3467 2228 3540 μᾶλλον
2269 3432 2407 3525 ἰδ-ίας
2474 3455 2846 3528 ὴτιμασμένης
2888 3454 2947 3504 ἐν
2987 3432 3137 3519 αύτῷ
3187 3441 3550 3517 χαλεπαίνειν,

297 3562 525 3625 εἰκότως
583 3581 646 3632 γε
690 3563 754 3638 δὴ
801 3561 1059 3616 ποιοῦντα
1131 3565 1222 3616 καὶ
1301 3563 1478 3628 καλῶς
1504 3581 1516 3593 ·
1603 3534 1906 3637 ἐρωτητὲον
1978 3534 2212 3626 αύτοὺς,
2271 3557 2410 3612 κατά
2457 3555 2578 3607 τίνα
2635 3549 2835 3620 τρόπον
2892 3545 3074 3600 εῑκόνα
3133 3541 3406 3613 βούλονται
3453 3534 3548 3589 τοῦ

300 3655 516 3720 Πατρός
557 3628 696 3707 sive!
725 3628 782 3706 τε
825 3655 917 3708 καὶ
951 3653 1205 3720 λέγεσθαι
1249 3654 1341 3706 τὸν
1389 3655 1535 3710 Υίόν.
1604 3628 1819 3711 Μᾶλλον
1844 3658 1901 3711 δὲ
1940 3657 2091 3710 αὐτοὶ
2150 3652 2241 3706 τὸν
2302 3649 2430 3716 παρ’
2484 3643 2693 3698 ἐκείνου
2772 3639 3073 3709 φθάσαντες
3121 3633 3278 3701 λόγον
3331 3628 3552 3700 προδιαο

2619 3732 2761 3785 οὓτω
2827 3729 2936 3798 γὰρ
2995 3727 3060 3780 ἂν
3119 3725 3329 3793 γένοιτο
3373 3720 3550 3790 σαφής

299 3745 614 3815 στέλλωμεν
683 3745 780 3815 τῆς
851 3745 1056 3807 εἰκόνος
1112 3744 1180 3798 τά
1239 3746 1380 3812 εἴδη,
1461 3748 1605 3800 κατά
1664 3765 1726 3816 γε
1784 3749 1875 3802 τὸν
1944 3743 2290 3816 ἐγχωροῦντα
2339 3738 2538 3807 λόγον’

297 3858 358 3895 τε
417 3842 515 3894 καὶ
564 3840 684 3893 λίαν
735 3840 1125 3912 εύκρινεστέρα
1163 3839 1270 3893 τῶν
1306 3839 1655 3911 ζητουμένων
1704 3846 1736 3914 ἡ
1790 3843 2027 3915 εὕρεσις.

373 3929 584 3984 Οὐκοῦν
617 3931 714 4000 μία
752 3931 849 4000 μὲν
910 3931 1009 4001 ήδη
1062 3932 1152 3983 καὶ
1185 3930 1374 4002 πρώτη
1415 3933 1513 4002 τῆς
1542 3933 1682 3987 κατά
1716 3934 1878 4003 φύσιν

297 4025 630 4091 tauro-mro;
680 4023 737 4074 ὲν
781 4021 1220 4092 ἀπαραλλάκτως
1268 4025 1379 4086 τοῖς
1433 4023 1714 4094 ἰδιώμασιν
1742 4026 1774 4096 ἡ
1803 4027 1879 4079 εί-

301 4111 419 4167 κὼν
446 4153 461 4175 ,
495 4112 570 4175 ὡς
602 4112 662 4178 ἐξ
701 4112 870 4183 Ἀδὰμ
910 4115 938 4166 6
973 4112 1160 4177 Ἀϐελ,
1196 4113 1228 4182 ἢ
1279 4114 1464 4168 Ἰσαὰκ
1503 4116 1563 4181 ἐξ
1605 4117 1877 4187 Ἀϐραάμ.

2053 3931 2228 4000 igitur
2262 3939 2369 3980 una
2393 3920 2612 3993 quidem
2647 3927 2730 3972 est
2756 3931 2819 3969 ac
2851 3913 3025 3983 prima
3054 3905 3323 3964 naturalis
3350 3900 3552 3958 identi-

1983 3989 2109 4074 tati;
2146 4020 2200 4072 in
2255 3989 2681 4086 proprietatibus
2716 4002 2909 4060 iisdem
2945 4000 3158 4068 imago,
3209 3993 3369 4051 sicuti
3418 3989 3554 4045 Abel

1983 4128 2048 4166 ex
2077 4110 2270 4168 Adam,
2303 4112 2397 4157 aut
2424 4102 2574 4154 lsaac
2606 4113 2669 4152 ex
2700 4095 2996 4149 Abraham.
3035 4090 3240 4149 Altera,
3274 4101 3394 4156 quae
3422 4099 3554 4136 con-

304 4203 545 4274 Δευτὲρα
568 4204 623 4257 δὲ
645 4175 882 4274 *πάλιν-ὴ
907 4205 1048 4257 κατά
1085 4175 1252 4275 μόνην
1279 4207 1375 4278 τὴν
1407 4207 1499 4260 τοῦ
1531 4175 1865 4280 έαρακτῆρος

1986 4201 2132 4255 sistit
2163 4199 2214 4251 in
2259 4198 2374 4252 sola
2408 4189 2746 4246 characteris
2773 4185 2968 4254 elligie,
3025 4192 3076 4236 et
3107 4186 3299 4234 exacta
3364 4175 3552 4228 formae

305 4295 606 4365 ἐμφέρειαν
636 4337 649 4359 ,
702 4296 799 4371 καὶ,
835 4294 896 4348 τὸ
939 4297 1166 4364 ἀκριϐὲς
1196 4297 1290 4350 τοῦ
1334 4297 1504 4361 εἴδους
1553 4299 1877 4370 ἐκτύπωμα,

307 4387 615 4458 καθάπερή
648 4387 741 4440 τοῦ
779 4387 1040 4454 βασιλέως
1073 4389 1129 4439 ἐν
1162 4387 1301 4458 ξύλῳ
1332 4390 1536 4460 γραφὴ,
1571 4392 1602 4462 ἢ
1631 4391 1724 4443 καὶ
1759 4389 1880 4444 καθ’

305 4480 499 4548 ⁴ἔτερόν
552 4495 674 4532 τινα
726 4480 1068 4550 πεποιημένη
1125 4479 1361 4551 τρόπον,
1408 4480 1483 4543 ὡς
1533 4482 1665 4550 πρὸς
1698 4481 1880 4547 αὐτὸν,

310 4572 511 4640 ἄριστά
541 4589 600 4623 τε
648 4573 741 4624 καὶ
779 4573 1187 4642 ὲντεχνέστατα.
1229 4571 1407 4625 Είκὼν
1443 4573 1498 4625 δὲ
1535 4573 1699 4642 ἑτέρα
1738 4572 1874 4643 λαμο

308 4661 534 4713 δάνεται
581 4661 742 4714 πάλιν
797 4660 930 4729 πρὸς
973 4662 1116 4730 ἢθη,
1167 4661 1260 4714 καὶ
1290 4663 1560 4732 τρόπους,
1606 4664 1699 4716 καὶ
1729 4662 1879 4715 πολι-

1984 4295 2354 4365 expressione.
2396 4288 2558 4342 veluti
2587 4284 2729 4354 regis
2763 4284 2816 4336 in
2850 4282 2994 4350 ligno
3028 4277 3268 4346 pictura,
3300 4276 3395 4323 aut
3435 4266 3543 4318 alia

1987 4385 2220 4455 quadam
2253 4381 2462 4434 ratione
2503 4375 2760 4445 praeclare
2782 4379 2834 4425 et
2863 4366 3160 4422 artificiose
3200 4361 3363 4414 facta.
3399 4355 3546 4410 Prae-

1988 4454 2133 4530 terea
2162 4475 2338 4541 imago
2398 4468 2599 4522 dicitur
2664 4469 2915 4531 respectu
2971 4457 3096 4510 vitae
3130 4469 3193 4507 ac
3251 4464 3466 4504 morum
3500 4454 3554 4502 et

1985 4539 2296 4621 voluntatis
2314 4577 2443 4631 erga
2477 4561 2728 4615 virtutem
2757 4568 2820 4606 ac
2851 4551 3214 4604 honestatem,
3247 4555 3312 4595 ac
3340 4539 3504 4596 studii
3540 4556 3552 4590 :

1989 4662 2060 4714 ita
2092 4666 2149 4712 ut
2176 4655 2386 4724 probus
2418 4651 2500 4703 vir
2547 4647 2715 4700 Paulo
2749 4643 2942 4698 similis
2974 4653 3098 4692 esse
3145 4634 3399 4692 dicatur;
3455 4630 3559 4683 im-

309 4749 496 4814 τείαν,
527 4751 620 4801 καὶ
650 4721 858 4820 θέλημα
886 4721 946 4802 το
979 4721 1077 4802 έπί
1105 4721 1246 4803 τισιν
1287 4721 1517 4819 ἀξαθοῖς-
1549 4721 1586 4823 ’ἦ
1642 4752 1862 4820 φαύλοις

1997 4721 2201 4821 probus
2233 4761 2378 4806 vero,
2431 4741 2589 4795 Cain.
2649 4735 2792 4790 Idem
2836 4732 2980 4788 enim
3029 4725 3245 4782 virtutis
3298 4730 3394 4776 aut
3446 4721 3562 4774 vitii

309 4839 388 4900 ὡς
425 4840 664 4893 ἐοικέναι
713 4840 966 4909 λέγεσθαι
999 4839 1161 4910 τυχὸν
1195 4842 1285 4893 τὸν
1317 4843 1415 4911 μὲν
1445 4842 1888 4912 ἀγαθοεργοῦντα

309 4932 389 4999 τῷ
420 4931 638 5002 Παύλῳ,
672 4933 764 4984 τὸν
791 4933 847 4985 δὲ
877 4934 949 5004 μὴ
978 4934 1238 4997 τοιοῦτον,
1270 4933 1348 5003 τῷ
1380 4933 1540 4987 Κάῖν.
1572 4935 1645 5006 T6
1675 4936 1783 5006 γὰρ
1829 4935 1887 4988 ὲν

313 5038 427 5083 τοις
487 5021 623 5084 ἴσοις
668 5021 898 5092 ὁρᾶσθαι
947 5023 1171 5092 φαύλοις
1215 5041 1274 5076 τε
1330 5026 1424 5077 καὶ
1477 5004 1761 5092 ἀγαθοῖς(
1790 5025 1888 5094 τὴν

313 5112 576 5179 ὁμοίωσιν
644 5112 860 5182 ἑκάστῳ
914 5111 1363 5183 πραγματεύεται
1427 5113 1521 5166 καὶ
1548 5113 1888 5184 περιτίθησιν

316 5202 560 5267 εἰκότως.
595 5198 746 5267 Εἶδος
780 5203 836 5256 δέ
871 5221 987 5267 πως
1017 5204 1222 5267 εἰκόνος
1265 5205 1414 5256 ἐστὶν
1447 5204 1632 5274 ἕτερον
1657 5244 1672 5269 ,
1706 5206 1801 5258 καὶ
1829 5205 1890 5257 τὸ

320 5293 376 5346 ὲν
413 5291 725 5363 ἀξιώματι,
780 5294 872 5346 καὶ
905 5295 1078 5364 τιμῇ,
1127 5295 1221 5348 καὶ
1256 5293 1418 5365 δόξῃ,
1475 5295 1570 5348 καὶ
1625 5296 1887 5366 ὑπεροχῇ,

321 5383 510 5453 ὥσπερ
539 5384 607 5436 ἂν
647 5384 807 5448 εἴτις
843 5385 1004 5454 τυχὸν
1037 5387 1134 5455 τήν
1171 5403 1312 5449 τινος
1359 5386 1536 5457 ἀρχὴν
1572 5385 1886 5455 διαδέχοιτο,

322 5476 412 5528 καὶ
439 5475 618 5528 πάντα
641 5474 787 5546 δρῴη
821 5476 938 5545 μετ’
968 5477 1235 5544 ἔξουσίας,
1263 5478 1406 5549 ἆπερ
1425 5480 1490 5532 ἂν
1518 5479 1708 5546 ἐκείνῳ
1734 5495 1838 5549 προ
1852 5495 1893 5529 τ-

321 5567 445 5636 ήκοι
471 5583 532 5618 τε
580 5568 674 5620 καὶ⁸
705 5569 922 5637 πρέποι.
953 5569 1128 5623 Εἱκὼν
1158 5571 1215 5623 δὲ
1247 5571 1465 5644 ἑτέρως,
1492 5572 1524 5640 ἥ
1556 5570 1675 5624 καθ’
1698 5571 1891 5641 ἑτέραν

323 5656 445 5711 τικά
474 5659 736 5729 ποιότητα
786 5661 1107 5731 πράγματος
1134 5704 1148 5730 ,
1199 5662 1230 5732 ἦ
1276 5664 1579 5734 ποσότητα,
1615 5663 1801 5734 σχῆμά
1833 5681 1889 5717 τε

494 5835 686 5905 l'ylru
732 5851 786 5892 ιιι
811 5877 824 5902 ,
865 5838 946 5891 13.

1993 4839 2233 4896 studium
2283 4831 2699 4890 similitudinem
2745 4825 3043 4890 unicuique
3092 4821 3220 4890 jure
3283 4814 3560 4870 conciliat.

1996 4933 2091 4987 Est
2119 4941 2170 4986 et
2203 4927 2350 4982 aliud
2391 4919 2800 4995 quodammodo
2828 4931 3000 4988 genus
3032 4910 3306 4980 imaginis,
3337 4905 3480 4975 quod
3509 4905 3564 4956 in

1995 5023 2285 5094 dignitate,
2317 5019 2546 5076 honore,
2608 5012 2780 5083 gloria
2825 5017 2879 5063 et
2924 5002 3246 5060 excellentia
3285 5005 3562 5059 versatur,

1993 5087 2113 5170 ιιινεί
2133 5115 2278 5184 quis,
2301 5108 2532 5179 exempli
2555 5105 2749 5175 gratia,
2778 5098 3011 5166 alicujus
3039 5087 3590 5164 principattunexci--

1993 5180 2425 5276 piat,omniaque
2446 5214 2567 5252 cum
2588 5199 2854 5265 potestate
2873 5188 3032 5242 faciat
3051 5198 3169 5254 quae
3183 5183 3334 5235 illum
3350 5180 3562 5234 decent.

1999 5292 2267 5346 Praeterea
2304 5288 2481 5357 imago
2529 5284 2749 5344 dicitur,
2777 5293 2896 5350 quae
2925 5283 3173 5330 versatur
3203 5271 3257 5326 in
3287 5271 3392 5324 alia
3427 5283 3562 5338 qua-

1995 5383 2118 5438 dam
2146 5381 2221 5436 rei
2240 5380 2500 5450 qualitate
2521 5372 2949 5444 autquantitate,
2972 5368 3248 5436 figuraque
3267 5370 3320 5417 et
3342 5373 3565 5431 propor-

1999 5476 2166 5538 tione,
2200 5482 2261 5525 ut
2291 5467 2602 5525 summatim
2639 5465 2838 5518 dicam.
2896 5457 3135 5511 Doceant
3178 5468 3311 5523 ergo
3345 5468 3442 5506 nos
3487 5450 3564 5504 illi

2003 5565 2198 5620 divinae
2251 5560 2504 5630 imaginis
2553 5550 2923 5612 subtilissimi,
2963 5548 3340 5618 inquisitores,
3383 5550 3564 5596 utrum

2001 5658 2217 5715 tandem
2253 5649 2668 5711 substantialem
2716 5654 2767 5700 cl
2818 5642 3118 5699 naturalem
3157 5636 3565 5695 similitudinem
