4102 6568
546 421 652 487 375

1529 419 1589 476 St
1625 418 1898 476 CYRILLI
1930 417 2396 474 ALEXANDRINI
2433 416 2729 472 ARGHIEP
2750 449 2769 460 ν

3687 415 3797 470 576

555 530 852 601 Uuigenito
879 532 1226 588 tribuendam
1255 549 1377 588 esse
1399 540 1616 602 putent,
1649 543 1816 604 atque
1851 533 1926 586 ita
1948 531 2128 586 Patris
2156 578 2158 591 ς

2260 534 2325 586 Lai
2352 531 2646 601 ἀναλογίαν
2673 547 2684 560 ⁸
2716 533 2797 584 δεῖ
2821 532 2928 603 γὰρ
2952 532 3050 604 ήδη
3087 531 3391 602 συλλήϐδην
3419 531 3615 584 εἰπεῖν.
3646 530 3807 583 Διδα-

551 624 844 693 imaginem
880 641 1004 680 esse
1033 623 1218 680 dicant
1251 621 1490 681 Verbum
1530 626 1665 680 illud
1700 624 1848 696 quod
1911 640 1976 679 ex
2007 625 2128 692 ipso
2174 640 2190 652 η

555 717 773 784 prodiit,
800 718 960 771 sicuti
995 717 1258 771 nimirum
1290 717 1420 772 Abel
1454 732 1521 771 ex
1561 718 1757 780 Adam,
1806 716 1898 785 qui
1960 723 2128 769 totam

554 807 608 858 in
644 822 702 860 se
728 805 908 860 Patris
948 816 1132 862 servat
1174 817 1447 872 naturam,
1480 815 1535 860 et
1567 807 1835 876 integram
1874 803 2130 858 humani-

557 899 688 951 tatis
729 898 782 952 in
809 914 868 952 se
908 899 1178 952 rationem
1223 899 1430 953 habet?
1458 898 1538 950 An
1569 913 1713 969 a-gre
1743 895 1888 950 istud
1931 893 2129 957 ferent,

559 987 758 1055 quippe
788 988 880 1057 qui
907 988 1072 1042 Deum
1105 1004 1290 1043 revera
1317 989 1384 1042 de
1410 987 1518 1043 Deo
1543 987 1847 1042 secundum
1879 993 2132 1039 naturam

559 1096 682 1135 esse
714 1080 910 1134 Filium
944 1079 1104 1135 fateri
1171 1089 1456 1150 cogantur,
1521 1094 1734 1149 suoque
1796 1091 1942 1131 more
2007 1091 2132 1129 cum

563 1173 794 1227 veritate
823 1180 1156 1242 pugnantes,
1196 1173 1267 1225 ad
1318 1172 1617 1227 secundum
1648 1187 1820 1242 genus
1880 1168 2135 1237 imaginis

564 1279 688 1318 sese
721 1263 1036 1327 conterent,
1073 1263 1216 1332 quod
1289 1263 1342 1316 in
1389 1263 1504 1318 sola
1559 1261 1757 1323 forma,
1817 1261 2136 1313 charactere

566 1364 620 1408 et
651 1355 820 1426 figura
853 1364 1150 1424 spectatur.
1195 1353 1300 1409 Sed
1351 1356 1585 1409 arbitror
1616 1369 1711 1408 eos
1749 1353 1837 1406 hic
1868 1352 2134 1405 haesuros.

567 1445 737 1500 Nemo
787 1447 933 1500 enim
967 1454 1076 1499 tam
1113 1447 1310 1501 stultus
1365 1446 1572 1516 estqui
1621 1448 1725 1500 sibi
1777 1446 1831 1499 in
1893 1445 2137 1498 animum

569 1537 814 1598 inducat,
851 1535 1015 1590 Deum
1043 1537 1348 1605 quantitate
1375 1546 1468 1590 aut
1497 1537 1669 1608 ﬁgura
1723 1535 2136 1599 circumscribi,

567 1632 621 1678 et
650 1627 965 1677 charactere
992 1625 1403 1693 comprehendi,
1436 1633 1530 1678 aut
1559 1625 1794 1695 denique
1839 1641 1927 1679 res
1958 1625 2140 1678 incor~

570 1730 762 1782 pereas
788 1729 906 1783 quae
935 1729 1222 1785 corporum
1279 1728 1408 1772 sunt
1453 1717 1588 1786 pati.
1624 1717 1706 1770 An
1760 1732 1890 1787 ergo
1927 1718 2141 1772 ratione

570 1805 738 1858 studii
774 1821 838 1858 ae
882 1821 1092 1859 morum
1155 1808 1390 1863 similem
1440 1823 1561 1863 esse
1599 1808 1790 1862 dicunt
1852 1809 2056 1878 ipsum,
2087 1814 2140 1863 et

2234 625 2516 678 σκέτωσαν
2548 623 2728 678 τοίνυν
2762 625 2811 676 οἱ
2844 626 2944 694 τῆς
2979 623 3127 688 Θείας
3177 623 3383 686 εἰκόνος
3415 621 3809 693 ἁκριῦἐστατοι

2233 717 2466 789 ζητηταὶ
2490 757 2504 779 ,
2560 716 2788 786 πότερόν
2823 732 2952 769 ποτε
2997 714 3096 785 τὴν
3140 713 3370 784 οὐσιώδη
3416 714 3512 767 καὶ
3569 713 3812 784 φυσικὴν

2232 809 2529 879 ἀπονέμειν
2581 807 2839 877 ὁμοίωσιν
2867 805 3067 859 οἴονται
3095 804 3204 858 δεῖν
3238 803 3314 873 τῷ
3342 803 3644 871 Μονογενεῖ
3665 841 3682 864 ,
3713 801 3812 853 καὶ

2234 901 2406 963 οὕτως
2453 899 2641 952 εἰκόνα
2687 899 2850 968 φασὶν
2898 898 3164 968 ὑπάρχειν
3208 897 3300 950 τοῦ
3343 895 3558 966 Πατρὺς
3600 895 3696 947 τὸν
3751 893 3812 959 ἐξ

2232 991 2401 1047 αὐτοῦ
2436 989 2766 1063 προελθόντα
2799 989 3005 1056 Λόγον,
3034 987 3346 1058 ὡσπερανεὶ
3379 986 3474 1040 καὶ
3514 985 3610 1038 τὺν
3644 983 3816 1036 ’Δεελ

2235 1084 2298 1150 ἐξ
2340 1082 2534 1151 Ἀδὰμ,
2562 1080 2696 1151 ὅλην
2722 1079 3082 1144 ἀποσώζοντα
3109 1077 3205 1132 τοῦ
3239 1077 3490 1140 τεκόντος
3518 1076 3619 1146 τὴν
3651 1075 3817 1144 φύσιν

2234 1177 2297 1228 ὲν
2321 1176 2519 1244 ἐαυτῳ,
2543 1173 2638 1226 καὶ
2661 1171 2852 1241 ὁλόκλη
2861 1186 2951 1240 ρον
2975 1171 3071 1241 τῆς
3095 1169 3512 1240 ἀνθρωπότητος
3543 1166 3819 1238 φοροῦντα

2237 1267 2330 1320 τὸν
2364 1266 2558 1334 λόγον;
2605 1265 2678 1318 Ἦ
2718 1261 3135 1334 δυσχαιρανοΰσι
3181 1261 3280 1330 μὲν
3328 1261 3423 1314 ἐπὶ
3459 1259 3641 1329 τούτῳ
3669 1258 3816 1322 λίαν,

2239 1360 2316 1422 ὡς
2344 1358 2476 1411 Θεὸν
2533 1358 2702 1420 ὅντως
2748 1357 2812 1409 ἐκ
2861 1352 3000 1408 Θεοῦ
3079 1352 3222 1406 κατὰ
3292 1351 3455 1420 φύσιν
3526 1350 3821 1419 ὁμολογεῖν

2239 1451 2676 1520 ἀναγκαζόμενοι
2707 1449 2799 1502 τὸν
2820 1447 2967 1512 Υίδν,
2989 1446 3082 1500 ἐπὶ
3108 1446 3168 1500 δὲ
3197 1447 3256 1498 τὸ
3281 1443 3553 1515 μάχεσθαι
3580 1446 3647 1513 τῇ
3683 1443 3821 1512 ἀληο

2243 1542 2362 1612 θείᾳ
2437 1542 2681 1612 συνήθως
2736 1539 3064 1604 ὲκνεύοντες,
3123 1537 3219 1590 ἐπὶ
3262 1536 3356 1589 τὸν
3403 1535 3662 1606 δεύτερον
3721 1533 3823 1602 τῆς

2235 1635 2449 1698 εἰκόνος
2513 1633 2814 1703 βαδιοῦνται
2888 1632 3130 1700 τρόπον,
3191 1629 3256 1692 ὃς
3310 1632 3368 1682 ὲν
3431 1628 3568 1698 μόνῃ
3617 1627 3824 1678 νοεῖται

2239 1727 2428 1796 μορφῇ
2455 1763 2469 1786 ,
2503 1725 2597 1776 καὶ
2638 1721 2988 1792 χαρακτῆρι,
3035 1720 3129 1772 καὶ
3169 1719 3431 1788 σχήματι.
3485 1715 3626 1767 Ἀλλ’
3664 1708 3823 1783 οἶμαι

2245 1818 2346 1888 μὲν
2401 1814 2559 1868 τοῦτο
2609 1814 2787 1882 λέγειν
2843 1811 3246 1881 ἀποναρκήσειν
3303 1807 3520 1869 αὐτούς.
3569 1806 3656 1859 Οὐ
3713 1803 3824 1874 γὰρ

573 1898 716 1951 hanc
762 1898 811 1952 ei
877 1898 1167 1968 ima-ginem
1230 1898 1484 1970 allingere
1517 1915 1625 1954 non
1660 1901 1964 1956 verentur?
1998 1899 2143 1966 Quo-

2260 1905 2596 1961 πεποσῶσθαι
2627 1881 2691 1958 τὸν
2727 1904 2912 1966 (σεῖον,
2950 1902 2983 1973 ἢ
3013 1901 3105 1956 καὶ
3133 1901 3375 1971 σχήματι
3415 1896 3824 1970 περιγραπτὸν,

572 1987 736 2040 modo
763 2003 893 2058 ergo
925 1989 1226 2042 secundum
1261 1998 1514 2044 naturam
1549 1990 1692 2045 Deus
1735 2005 1857 2045 esse
1887 1999 2142 2047 censetur

575 2078 642 2138 is,
679 2078 771 2144 qui
828 2079 942 2133 sola
974 2080 1251 2136 voluntate
1299 2091 1384 2137 est
1438 2082 1542 2152 ipsi
1574 2083 1790 2148 similis,
1827 2097 1948 2136 cum
1995 2084 2143 2138 aliud

574 2155 834 2234 quiddam
919 2171 970 2221 in
1042 2184 1102 2224 se
1173 2173 1393 2241 proprie
1471 2173 1745 2226 exsistat?
1829 2171 2147 2229 Subsistere

575 2259 780 2329 quippe
861 2259 1040 2329 ipsum
1125 2263 1316 2329 utique
1398 2262 1740 2317 fatebuntur.
1833 2265 1990 2334 231
2079 2265 2149 2320 At.

575 2349 709 2420 quid
770 2355 822 2405 in
869 2368 932 2405 eo
971 2353 1091 2421 plus
1145 2353 1369 2408 demum
1425 2369 1550 2410 esse
1618 2356 1929 2420 videbitur,
1979 2371 2144 2428 quam

579 2445 866 2496 creatura?
933 2443 1190 2512 Nunquid
1249 2447 1392 2499 enim
1463 2448 1687 2516 angelos
1743 2463 1962 2517 quoque
2033 2464 2151 2503 creo

578 2533 774 2588 demus
801 2536 988 2588 conari
1019 2535 1088 2588 ad
1131 2536 1467 2592 voluntatem
1513 2538 1754 2594 divinam
1788 2543 2000 2611 seipsos
2032 2557 2153 2612 per-

583 2626 765 2688 licere,
792 2639 916 2678 cum
949 2625 1097 2678 aliud
1125 2626 1386 2695 quiddam
1423 2635 1620 2683 natura
1650 2631 1760 2684 sint
1787 2646 1817 2684 a
1843 2621 1992 2685 Deo?
2013 2631 2152 2698 Quid

581 2727 746 2776 vero,
785 2714 832 2768 si
864 2712 930 2770 de
969 2715 1127 2768 nobis
1159 2716 1320 2770 etiam
1375 2717 1581 2772 dictum
1616 2719 1748 2773 illud
1779 2721 2154 2791 intelligatur?

581 2804 834 2860 Auenim
887 2823 975 2861 res
1023 2822 1192 2877 supra
1239 2817 1490 2863 naturam
1543 2820 1750 2866 temere
1789 2811 2067 2877 invadere,
2101 2821 2156 2865 et

583 2912 704 2965 qua:
730 2897 844 2953 ﬁeri
879 2914 984 2952 non
1011 2909 1247 2969 possunt
1271 2910 1527 2971 appetere
1550 2904 1670 2972 ipse
1703 2919 1805 2960 nos
1833 2904 1991 2960 docet
2026 2904 2157 2959 Uni-

577 2990 803 3058 genitus
833 2989 917 3045 his
945 2992 1122 3045 verbis
1149 3006 1164 3044 :
1194 3011 1210 3041 ι
1246 2990 1436 3048 Estote
1477 2993 1888 3057 misericordes,
1930 2997 2075 3051 sicut
2103 3005 2158 3051 et

587 3080 748 3136 Pater
775 3083 1054 3138 vester-ille
1075 3084 1318 3139 caelestis
1369 3085 1692 3142 misericors
1739 3097 1826 3142 est
1851 3090 1935 3142 "?
1980 3109 1998 3141 ι
2043 3083 2158 3144 ΙΙοο

2247 2000 2341 2053 καὶ
2365 1997 2678 2068 ,χαρακτῆρι
2709 1995 3093 2067 μετρούμενον,
3123 1993 3157 2063 ἢ
3183 1992 3278 2047 καὶ
3299 1991 3436 2054 ὅλως
3457 1991 3528 2045 τὰ
3551 1990 3829 2059 σωμάτων

2247 2087 2541 2157 ὑπομένειν
2586 2084 2658 2137 τὰ
2710 2083 3011 2154 ἀσώματα,
3057 2079 3396 2151 ὑπολήψεταί
3427 2096 3546 2143 τις,
3603 2077 3670 2131 οὐ
3703 2077 3750 2131 δ’
3779 2078 3828 2130 εί

2249 2179 2457 2250 σφόδρα
2487 2176 2729 2246 φαίνοιτο
2761 2174 2964 2245 ληρῶν.
2997 2168 3123 2244 τ,ἀρ’
3164 2168 3256 2226 οὖν
3283 2173 3358 2234 ὼς
3388 2172 3520 2243 πρὸς
3557 2169 3702 2240 (λθ-η,
3734 2169 3832 2222 καὶ

2249 2272 2508 2343 τρόπους,
2549 2270 2641 2322 καὶ
2670 2267 2882 2337 θέλημα
2915 2263 3311 2337 μεμορφῶσθαι
3356 2262 3607 2330 λέγουσιν
3639 2260 3828 2322 αὐτὴν,

2252 2364 2346 2418 καὶ
2377 2360 2580 2428 ταύτην
2603 2357 2755 2428 αὐτῷ
2784 2356 3154 2428 περιτιθέντες
3199 2357 3300 2408 οὐκ
3339 2353 3694 2424 αἰσχύνονται
3732 2353 3834 2422 τὴν

2252 2456 2473 2520 eiram;
2516 2454 2647 2516 Πῶς
2676 2448 2768 2506 οὖν
2813 2450 2890 2504 ἔτι
2920 2448 3062 2502 κατὰ
3103 2447 3264 2518 φύσιν
3285 2444 3657 2507 ’νοεῖταιΘεδς
3695 2445 3732 2496 ὁ
3777 2444 3834 2496 ὲν

2249 2550 2403 2619 μόνῳ
2454 2547 2513 2601 τδ
2570 2544 2698 2616 [γρ.
2742 2542 2855 2613 τῷ]
2909 2542 3084 2596 θέλειν
3137 2539 3237 2611 τὴν
3287 2539 3425 2607 πρὸς
3471 2536 3640 2590 αὐτὸν
3695 2535 3835 2604 ἔχων

2247 2640 2508 2710 ὁμοίωσιν
2531 2679 2545 2702 ,
2587 2641 2770 2709 ἕτερον
2801 2635 2857 2688 δέ
2885 2651 2935 2689 τι
2977 2633 3098 2686 καθ’
3133 2629 3325 2686 ἑαυτὸν
3357 2629 3502 2693 ἰδίως
3528 2628 3833 2697 ’ὑπάρχωνς

2265 2731 2594 2802 ’Υφεστὰναι
2632 2729 2739 2798 γὰρ
2773 2725 2992 2786 πάντως
3017 2721 3444 2792 ὁμολογήσουσιν
3468 2716 3665 2772 αὐτόν.
3705 2712 3837 2769 Εἶτα

2257 2828 2308 2879 τί
2350 2825 2414 2877 τὸ
2451 2823 2614 2876 πλέον
2655 2823 2713 2872 ὲν
2741 2816 2891 2886 αὐτῷ
2921 2813 3076 2888 παρὰ
3102 2814 3202 2883 τὴν
3245 2813 3423 2864 κτίσιν
3448 2811 3708 2878 φανεῖται
3737 2805 3840 2860 λοισ-

2258 2917 2358 2970 πόν
2382 2933 2396 2980 ;
2431 2915 2501 2967 Ἢ
2533 2912 2641 2982 γὰρ
2668 2911 2788 2980 οὺχὶ
2821 2909 2916 2961 καὶ
2940 2905 3207 2974 ἀγγέλους
3223 2902 3594 2971 ’πιστεύσομεν
3615 2899 3759 2971 πρὸς
3779 2899 3839 2951 τὺ

2259 3010 2398 3062 θεῖον
2441 3005 2666 3066 ἑαυτοὺς
2710 2999 3026 3069 ἐπείγεσθαι
3062 2996 3413 3066 διαπράττειν
3445 2993 3687 3062 θέλημα,
3722 2991 3840 3043 ’ἐτε-

2263 3101 2353 3170 ρόν
2377 3117 2428 3151 τι
2452 3096 2602 3166 παρὰ
2633 3094 2722 3148 τὸν
2747 3093 2880 3145 Θεὸν
2911 3089 3052 3144 κατὰ
3087 3087 3248 3158 φύσιν
3276 3085 3621 3156 ὑπάρχοντας
3647 3099 3664 3147 ;
3695 3080 3841 3134 Tm

586 3173 733 3226 enim
771 3174 960 3242 procul
993 3174 1159 3229 dubio
1198 3174 1333 3228 nihil
1362 3185 1447 3230 est
1493 3177 1638 3230 aliud
1672 3193 1835 3246 quam
1871 3180 2028 3233 nobis
2056 3179 2158 3232 uli—

2260 3193 2386 3244 ὅταν
2416 3189 2509 3242 καὶ
2539 3189 2622 3256 ἐφ’
2654 3184 2812 3256 ἡμῶν
2841 3182 3030 3251 νοῆται
3078 3180 3138 3232 τὸ
3173 3176 3499 3250 εἱρη,μένον;
3543 3171 3698 3244 τΑρα
3734 3173 3842 3242 rip

589 3283 697 3336 que
722 3265 1131 3335 suscipiendam
1169 3282 1294 3322 esse
1330 3267 1514 3322 Patris
1546 3269 1836 3338 imaginem
1870 3285 1991 3338 qua}
2025 3284 2160 3321 cou-

591 3358 741 3411 sistit
790 3357 846 3410 in
887 3358 1228 3411 voluntatum
1273 3358 1584 3414 identitate.
1626 3363 1693 3412 At
1742 3358 1944 3414 Paulus
1997 3361 2162 3414 etiam

594 3451 842 3502 imitator
889 3449 990 3503 fuit
1025 3441 1254 3513 Christi,
1289 3452 1404 3519 qui,
1444 3459 1502 3502 ut
1539 3451 1612 3504 illi
1666 3459 1958 3522 angantur,
1989 3453 2166 3522 imago

589 3548 678 3595 est
710 3538 908 3602 Patris,
948 3539 1001 3593 in
1045 3540 1159 3595 sola
1202 3539 1543 3595 voluntatum
1581 3542 1940 3599 similitudine
1985 3545 2167 3599 consi-

595 3640 769 3687 stens.
797 3631 902 3686 Sed
948 3631 1182 3696 relictis,
1219 3633 1433 3701 opinor,
1462 3633 1612 3688 hisce
1661 3635 1880 3690 miseris
1911 3637 2164 3704 argutiis,

596 3721 745 3774 aliud
797 3721 1058 3790 quiddam
1109 3722 1291 3790 majus
1332 3737 1395 3776 ac
1442 3725 1754 3793 prteclarius
1807 3727 2167 3796 cxcogitaturi

598 3822 766 3877 sunt,
825 3812 1120 3882 dicen‘tque
1159 3812 1511 3883 Unigenitum
1561 3832 1686 3872 esse
1734 3817 1826 3872 Dei
1873 3833 1938 3872 ac
1990 3818 2168 3873 Patris

597 3905 920 3974 imaginem,
971 3905 1148 3974 quoad
1191 3906 1529 3960 voluntatum
1582 3908 1954 3974 identitatem,
1989 3910 2170 3978 quoad

597 3995 956 4066 dignitatem,
1017 3997 1246 4067 gloriam
1304 4013 1368 4053 ac
1421 4007 1745 4068 potestatem
1795 4001 2066 4068 divinam,
2116 4008 2172 4056 et

595 4089 820 4142 creandi
875 4091 1014 4154 vim,
1062 4106 1125 4144 ac
1177 4092 1572 4147 miraculorum
1631 4093 2038 4160 operationem,
2095 4105 2149 4149 et

598 4181 998 4234 universorum.
1033 4181 1482 4243 dominationem,
1523 4193 1578 4238 et
1621 4185 1673 4236 in
1711 4194 1972 4253 quantum
2003 4185 2174 4256 judex

599 4271 938 4326 constitutus
967 4280 1083 4335 est,
1127 4282 1293 4342 atque
1324 4273 1394 4326 ab
1435 4275 1681 4342 angelis,
1727 4285 1781 4327 et
1823 4276 2135 4331 hominibus
2159 4326 2171 4342 ,

601 4363 897 4432 amnique,
953 4370 1011 4415 ut
1068 4363 1236 4417 verba
1299 4363 1513 4429 dicam,
1577 4373 1829 4418 creatura
1891 4365 2171 4420 adoratur.

598 4452 814 4518 Quibus
864 4469 927 4506 ex
985 4454 1244 4509 omnibus
1293 4453 1508 4507 Patrem
1562 4455 1722 4508 nobis
1781 4457 2076 4512 ostendens
2120 4457 2172 4510 in

2262 3284 2375 3346 τοῖς
2425 3280 2565 3350 ὑπὲρ
2616 3279 2777 3348 φύσιν
2831 3274 3156 3346 παραλόγως
3215 3271 3523 3341 ὲπιπηδᾷν,
3585 3266 3686 3320 καὶ
3733 3264 3842 3318 τῶν

2263 3373 2539 3428 ἀδυνάτων
2580 3367 2827 3439 ἐφίεσθαι
2878 3365 3120 3420 διδάσκει
3163 3362 3337 3430 λέγων
3380 3359 3541 3422 αὐτὸς
3588 3359 3619 3410 ὁ
3668 3356 3844 3410 Μονο-

2265 3464 2458 3532 γενής·
2497 3478 2514 3511 ι
2550 3458 2770 3511 Γίνεσθε
2807 3455 3185 3526 οἰκτίρμονες,
3233 3449 3417 3512 καθὼς
3457 3448 3550 3501 καὶ
3585 3448 3620 3499 ὁ
3653 3444 3843 3514 Πατὴρ

2268 3554 2421 3626 ὑμῶν
2462 3554 2491 3605 ὁ
2533 3551 2784 3619 οὐράνιος
2827 3547 3130 3616 οἰκτίρμων
3175 3543 3334 3606 tari;
3372 3561 3390 3591 ο
3428 3539 3603 3593 Τοῦτο
3637 3538 3754 3608 γὰρ
3780 3533 3844 3606 ἦν

2266 3644 2657 3704 ὰνενδοιὰστως
2707 3638 3122 3708 εἰπεῖν,,χρῆναι
3174 3635 3254 3687 δεῖ
3306 3632 3416 3704 [τσ.
3463 3629 3573 3701 δὴι
3626 3629 3845 3689 πάντως

2267 3737 2417 3808 ἡμᾶς
2459 3735 2558 3804 τὴν
2607 3735 2668 3784 ὲν
2722 3729 3011 3798 ταυτότητι
3059 3725 3379 3794 θελημάτων
3428 3717 3846 3808 ἀναλαμϐάνειν

2271 3807 2456 3882 εἰκόνα
2493 3825 2588 3878 τοῦ
2632 3821 2864 3894 Πατρός.
2900 3817 3161 3890 Μιμητὴς
3201 3815 3258 3868 δὲ
3303 3815 3398 3868 καὶ
3425 3815 3452 3866 ὁ
3479 3811 3702 3874 Παῦλος
3735 3807 3846 3876 ἐγίο

2269 3935 2392 3973 νετο
2421 3915 2513 3969 τοῦ
2546 3912 2804 3986 Χριστοῦ,
2836 3911 2958 3981 τῆς,
3004 3911 3080 3973 ὡς
3105 3909 3302 3960 ἐκεῖνοι
3329 3902 3627 3976 ληροῦντὲς
3654 3917 3842 3986 φασιν,

2271 4005 2329 4056 ἐν
2357 3984 2625 4072 θελήμασι
2669 3998 2848 4070 μόνοις
2895 3995 3099 4056 εἰκόνος
3137 3991 3231 4046 τοῦ
3275 3988 3508 4060 Πατρός.
3554 3985 3723 4040 Ἀλλὰ
3759 3984 3846 4037 καὶ

2271 4091 2476 4147 τούτων
2535 4089 2632 4160 μὲν
2688 4086 3184 4156 ἀπαναστήσονταλι,
3249 4079 3494 4135 κατὰτὸ
3543 4077 3717 4141 εἰκὸς.
3744 4075 3843 4129 τῶν

2272 4179 2474 4239 ἀθλίων
2507 4180 2797 4252 νοημάτων
2822 4218 2837 4242 ,
2882 4176 3072 4244 ὥσπερ
3100 4173 3167 4228 Δδέ
3206 4192 3258 4226 τι
3295 4169 3478 4241 μεῖξον
3508 4167 3844 4228 ἐπινοοῦντες

2275 4279 2369 4332 καὶ
2399 4277 2652 4346 ἄμεινον,
2690 4273 2866 4325 ἐκεῖνο
2905 4269 2970 4338 δὴ
3003 4268 3218 4328 πάντως
3253 4263 3490 4335 ὲροῦσιψ
3529 4259 3714 4314 Εἰκὼν
3739 4261 3844 4311 ἐστι

2274 4368 2369 4423 τοῦ
2399 4365 2532 4420 Θεοῦ
2563 4366 2654 4418 καὶ¹
2678 4362 2891 4432 Πατρὺς
2918 4363 2946 4413 ὁ
2969 4358 3299 4428 Μονογενὴς,
3329 4358 3452 4410 ὅσον
3467 4356 3532 4408 ὲν
3559 4351 3844 4421 ταυτότητι

2278 4464 2614 4536 θελημὰτων,
2641 4461 2763 4513 ὅσον
2786 4457 2878 4509 ἐπὶ
2903 4454 3140 4524 ἀξίωμα,
3173 4449 3464 4516 καὶδόξαν,
3502 4446 3602 4500 καὶ
3628 4446 3847 4514 δύναμιν

599 4543 820 4611 seipse,
853 4558 959 4595 non
995 4542 1132 4596 dicit
1168 4563 1185 4594 ι
1235 4559 1299 4597 ex
1347 4544 1689 4607 substantia,
1731 4565 1750 4597 ι
1797 4547 1889 4600 scd
1926 4567 1942 4597 ι
1975 4548 2158 4602 chara

2275 4555 2374 4625 τὴν
2391 4550 2698 4622 θεοπρεπῆ,
2719 4550 2842 4602 ὅσον
2868 4549 2948 4610 εἰς
2973 4545 3253 4613 ἐνέργειαν
3281 4542 3382 4611 τὴν
3407 4541 3501 4593 ἐπὶ
3525 4537 3606 4608 τῷ
3647 4537 3845 4601 κτίζειν

601 4640 810 4687 cterem
859 4652 877 4683 ι
921 4649 1046 4686 esse
1086 4651 1104 4684 ι
1154 4635 1480 4688 substantia:
1535 4637 1654 4705 ej-us
1687 4639 1753 4692 “’.
1803 4657 1820 4688 ι
1857 4638 2063 4709 igitur,
2117 4648 2176 4693 ut

603 4724 766 4778 modo
828 4724 1177 4788 dicebamus,
1239 4727 1376 4780 nihil
1432 4743 1621 4783 eorum
1679 4744 1802 4797 qua:
1851 4730 1998 4783 dicta
2048 4740 2178 4784 sunt

603 4815 777 4870 Filius
798 4824 880 4871 est
907 4817 1209 4871 secundum
1242 4829 1514 4885 naturam,
1565 4820 1658 4875 sed
1683 4822 1735 4874 in
1766 4823 2081 4876 universum
2110 4823 2178 4876 ab

615 4908 702 4969 iis,
727 4907 887 4976 juxta
912 4908 1294 4964 stultissimam
1329 4921 1565 4967 vestram
1601 4914 1956 4979 sententiam,
1994 4914 2181 4968 exclu-

600 4999 800 5052 detur:
837 5012 1016 5068 neque
1052 5001 1191 5056 Deus
1225 5019 1407 5068 verus,
1465 5020 1642 5074 neque
1682 5004 1878 5066 Filius,
1907 5021 2014 5060 non
2058 5023 2171 5068 rex,

604 5105 711 5143 nou
750 5091 1033 5154 Dominus,
1077 5107 1186 5146 non
1211 5092 1414 5164 opifex,
1447 5111 1554 5148 non
1588 5104 1813 5162 potens,
1845 5113 2018 5165 neque
2045 5098 2181 5153 adeo

605 5191 800 5235 natura
853 5184 1032 5238 bonus
1080 5193 1165 5239 est
1218 5187 1439 5255 proprie
1476 5206 1489 5242 :
1527 5187 1621 5242 sed
1657 5188 1709 5240 in
1746 5189 1890 5242 nuda
1948 5205 2012 5243 ac
2063 5192 2179 5246 sola

605 5275 933 5340 gloriatione
970 5275 1079 5329 Deo
1128 5278 1476 5332 convenienti
1523 5279 1769 5332 cernitur
1805 5297 1818 5333 :
1855 5290 1909 5335 et
1940 5282 2085 5351 quod
2128 5285 2181 5337 in

606 5365 811 5419 tabulis
850 5375 934 5420 est
982 5369 1229 5422 colorum
1267 5370 1532 5432 inductio,
1579 5387 1703 5440 quae
1755 5372 1870 5426 sola
1923 5375 2184 5429 varietate

608 5455 985 5520 decusaﬂert,
1042 5475 1168 5514 cum
1222 5462 1339 5516 veri
1390 5462 1527 5515 nihil
1578 5462 1827 5518 habeat:
1869 5465 1973 5519 hoc
2029 5474 2083 5519 et
2125 5461 2185 5520 in

545 5605 549 5609 ,
609 5548 748 5604 Filio
775 5549 866 5604 Dei
894 5567 957 5606 ac
980 5552 1156 5609 Patris
1183 5555 1887 5625 dignitatum[pulchritudo
1926 5557 2091 5613 nudis
2124 5573 2189 5613 ac

611 5641 746 5696 solis
809 5644 1130 5700 nominibus
1190 5645 1525 5712 eﬂlorcscit,
1593 5647 1941 5705 extrinsecus
2002 5657 2186 5707 autem

680 5819 726 5847 ει
771 5816 907 5872 Luc.
943 5835 1019 5884 vr,
1054 5818 1141 5873 56.
1222 5818 1268 5851 ⁸³
1311 5818 1477 5876 llcbr.
1507 5836 1548 5888 ι,
1592 5817 1646 5877 3.

2279 4646 2374 4699 καὶ
2429 4641 2904 4714 θαυματουργεῖν,
2951 4638 3073 4690 ὅσον
3124 4637 3205 4698 εἰς
3249 4633 3309 4686 τδ
3363 4632 3675 4702 βασιλεύειν
3762 4627 3846 4680 καὶ

2280 4737 2495 4790 πάντων
2523 4731 2765 4804 κρατεῖν,
2807 4729 2928 4782 ὅσον
2959 4729 3037 4790 εἰς
3065 4726 3125 4778 τὸ
3157 4725 3362 4797 κρίνειν
3412 4721 3505 4776 καὶ
3535 4720 3848 4792 προσκυνεῖ-

2281 4828 2404 4881 σθαι
2442 4825 2578 4896 πρός
2609 4842 2666 4877 τε
2698 4821 2944 4891 ἀγγέλων
3003 4819 3097 4872 καὶ
3137 4815 3468 4888 ἀνθρώπων,
3535 4813 3639 4866 καὶ
3681 4811 3848 4876 πάσης

2283 4917 2624 4984 ἁπαξαπλῶς
2655 4915 2757 4986 τῆς
2784 4913 3033 4974 κτίσεως.
3067 4912 3166 4964 Διὰ
3196 4908 3399 4963 τούτων
3430 4906 3702 4962 ἁπάντων
3731 4904 3851 4974 ἡμῖν

2287 5015 2344 5065 ὲν
2371 5007 2550 5079 ἐαυτῷ
2585 5005 2845 5060 δεικνύων
2879 5005 2970 5057 τὸν
3014 5002 3231 5073 Πατέρα
3256 5041 3271 5065 ,
3313 5002 3414 5054 οὐκ
3451 5019 3468 5051 ι
3501 5001 3566 5052 ὲκ
3592 4999 3694 5067 τῆς
3728 4997 3849 5048 ὑπο-

2290 5103 2533 5164 στάσεως
2563 5120 2584 5150 -ι
2617 5099 2816 5169 φησὶν,
2867 5096 3003 5150 ἀλλὰ
3054 5114 3075 5145 ι
3129 5095 3418 5165 ,χαρακτήρ
3467 5111 3486 5141 ι
3543 5091 3662 5141 ἐστι
3697 5108 3714 5140 ι
3762 5087 3855 5152 τῆς

2291 5194 2640 5254 ὑποστάσεως
2671 5187 2858 5243 αὑτοῦ.
2909 5206 2926 5238 ι
2967 5185 3196 5250 Οὐκοῦν,
3223 5186 3358 5254 ὅπερ
3392 5182 3602 5252 ἔφημεν
3635 5177 3848 5248 ἀρτίως,

2291 5285 2444 5337 οὐδέν
2479 5285 2594 5335 ἐστι
2637 5281 2744 5334 τῶν
2779 5279 3088 5351 εἰρημένων
3122 5274 3262 5329 κατὰ
3291 5273 3454 5342 φύσιν
3486 5272 3514 5323 ὁ
3549 5269 3711 5332 Υἱὸς,
3757 5266 3851 5329 ἔξω

2284 5377 2342 5430 δὲ
2373 5375 2590 5430 πάντων
2622 5372 2834 5444 ἀθρόως
2864 5371 3128 5431 κείσεται,
3152 5367 3296 5420 κατά
3326 5382 3389 5434 γε
3413 5364 3507 5416 τὸν
3545 5361 3679 5430 παρ’
3711 5354 3850 5426 ὑμῶν

2287 5466 2647 5537 ἀνοητότατον
2703 5462 2891 5529 λόγον,
2941 5458 3064 5513 οὔτε
3126 5457 3181 5510 δὲ
3220 5456 3360 5518 ’Θεὸς
3399 5451 3690 5522 ἀληθινὸς,
3739 5444 3849 5537 οὔτε

2291 5534 2450 5624 Υἱὸς,
2503 5557 2564 5609 οὐ
2602 5555 2852 5625 βασιλεὺς
2880 5594 2894 5617 ,
2945 5551 3006 5604 οὐ
3031 5546 3362 5620 Κύριος,ηοὺ
3393 5539 3754 5614 δημιουργὸς,
3795 5534 3849 5586 οὑ

2291 5649 2534 5714 δυνατὸς,
2565 5645 2687 5700 οὔτε
2721 5644 2828 5718 μὴν
2857 5647 2916 5699 ἐν
2943 5642 3245 5714 θελήμασιν
3294 5635 3496 5708 ἀισςθδς
3531 5632 3674 5687 κατά
3703 5627 3849 5698 φύσιν
