4102 6570
198 412 306 470 5'77

1256 405 1327 461 ΙΝ
1360 403 1643 461 JOANNIS
1680 401 2135 459 EVANGELIUM
2179 402 2306 458 LIB.
2361 404 2425 457 ll.

3349 404 3452 457 578
3508 471 3512 474 ,

203 529 350 591 ἰδίως
376 527 550 580 ἐστίν·
588 527 645 578 ὲν
678 525 734 578 δὲ
786 522 1023 594 γυμνοῖς
1068 524 1161 576 καὶ
1196 523 1379 593 μόνοις
1406 524 1517 585 τοῖς
1550 520 1775 591 θεοπρε-
1805 530 1823 583 Α

1923 530 2057 576 istar
2104 521 2466 590 quorumdam
2520 522 2766 577 colormn
2818 520 3304 591 superinducitur,
3346 522 3455 577 imo

202 622 365 673 πέσιν
417 621 610 690 ὁρᾶται
660 621 1020 689 καυχήμασι,
1064 616 1158 669 καὶ
1194 617 1330 685 ὅπερ
1372 614 1488 666 ἐστὶ
1548 614 1668 675 ταῖς
1718 615 1776 665 ἐν

204 712 393 777 πίναξι
431 713 668 781 γραφαῖς
712 712 745 782 ἡ
777 710 886 763 τῶν
940 708 1245 781 χρωμάτων
1291 706 1515 777 ἐπιϐολὴ
1540 747 1553 769 ,
1589 705 1779 775 μόναις

204 804 403 865 αὑταῖς
436 802 546 854 τῶν
585 801 878 873 ὁρωμένων
915 799 1209 862 ποικιλίαις
1236 797 1612 867 ἐξωραῖζουσα
1634 835 1649 859 ,
1685 812 1781 865 φο-

206 891 383 962 ροῦσα
412 891 470 943 δὲ
510 892 709 961 ἀληθὲς
745 890 930 943 οὐδέν’
973 889 1131 941 τοῦτο
1176 888 1273 940 καὶ
1303 889 1361 938 ἐν
1392 886 1507 955 Υἱῷ
1544 885 1654 939 τῶν
1683 883 1777 937 τοῦ

206 983 346 1035 Θεοῦ
396 984 493 1036 καὶ
545 983 758 1052 Πατρδς
808 982 1130 1051 ἀξιωμάτων
1183 979 1243 1031 τὸ
1285 977 1516 1040 κάλλος·
1569 978 1631 1028 ἐν
1682 976 1782 1044 μὲν

206 1069 388 1138 ψιλοῖς
440 1071 531 1122 καὶ
564 1070 745 1140 μόνοις
781 1069 1002 1139 ὀνόμασι
1031 1066 1459 1140 περιανθίξεται,
1494 1065 1692 1130 ἔξωθεν
1727 1065 1783 1117 δὲ

210 1160 406 1232 ὥσπερ
441 1161 748 1232 χρωμάτων
784 1160 945 1213 τινῶν
979 1159 1330 1227 ἐπαλείφεται
1379 1158 1535 1228 δίκην
1557 1174 1570 1186 ο
1623 1173 1781 1209 σκια-

210 1256 509 1323 γραφεῖται
548 1253 605 1305 δὲ
638 1253 837 1322 μᾶλλον
880 1254 913 1321 ἡ
958 1252 1077 1306 θεία
1100 1251 1260 1320 φύσις
1294 1253 1351 1304 ἐν
1379 1251 1550 1321 αὑτῷ,
1582 1251 1675 1303 καὶ
1710 1249 1785 1312 ὡς
1827 1252 1831 1256 ”

212 1344 271 1394 ὲν
318 1342 462 1412 ψιλῷ
509 1342 759 1410 φαίνεται
816 1339 989 1410 τύπῳ.
1038 1337 1169 1394 Εἶτα
1216 1339 1334 1404 πῶς
1383 1341 1482 1393 οὑκ
1526 1340 1786 1408 ἄντικρυς

213 1434 456 1497 άπάσαις
479 1433 779 1503 φανήσεσθε
799 1436 919 1494 ταῖς
939 1432 1117 1500 ἁγίαις
1141 1429 1503 1502 πολεμοῦντες
1522 1431 1784 1501 Γραφαῖς,

215 1525 308 1579 ἴνα
351 1526 415 1596 δὴ
463 1528 558 1579 καὶ
606 1525 828 1589 δικαίως
876 1524 1144 1595 ἀκούσητε
1176 1541 1189 1554 ·
1227 1542 1243 1574 ι
1287 1520 1785 1593 Σκληροτράχηλοι,

216 1620 314 1671 καὶ
342 1618 707 1689 ἀπερίτμητοι
740 1616 983 1684 καρδίαις
1032 1615 1125 1668 καὶ
1159 1615 1270 1677 τοῖς
1318 1612 1471 1676 ὠσὶν,
1510 1613 1669 1682 ὑμεῖς
1701 1610 1787 1663 ἀεὶ

215 1709 296 1778 τῷ
329 1709 609 1779 Πνεύματι
638 1708 716 1778 τῷ
740 1708 880 1776 ἁγίῳ
923 1705 1276 1760 ἀντιπίπτετε
1304 1744 1319 1767 ,
1355 1704 1431 1766 ὡς
1464 1704 1511 1755 οἱ
1554 1702 1791 1771 πατέρες

218 1800 399 1871 ὑμῶν,
427 1802 520 1853 καὶ
554 1801 734 1869 ὑμεῖς.
769 1819 786 1850 ι
833 1800 970 1851 Πότε
1000 1796 1107 1867 γὰρ
1144 1797 1205 1851 οὑ
1234 1796 1363 1848 Θεὸν
1392 1793 1644 1865 ἀληθινὸν
1669 1793 1789 1845 ὸνοο

1885 629 2018 667 vero
2050 620 2243 666 natura
2288 613 2473 666 divina
2517 614 2573 667 in
2608 614 2727 683 ipse
2772 614 3154 674 adumbralur,
3199 626 3263 667 ac
3292 613 3455 667 veluti

1886 702 2060 772 ﬁgura
2103 711 2265 756 tenus
2294 711 2506 757 tantum
2564 712 2864 772 spectatur.
2911 704 2980 755 At
3022 702 3295 771 quomodo
3348 717 3456 755 non

1887 808 2010 847 cum
2053 793 2309 848 omnibus
2355 791 2656 861 Scripturis
2704 794 2997 847 manifeste
3032 808 3278 864 pugnare
3308 808 3460 845 com-

1889 881 2197 951 periemiui,
2227 881 2301 934 ita
2337 889 2394 934 ut
2425 881 2549 949 jure
2582 880 2822 935 audiatis
2849 896 2861 931 :
2902 900 2919 931 ι
2964 879 3105 933 Dura
3144 880 3380 943 cervice,
3405 888 3460 931 et

1889 971 2261 1026 incirrumcisi
2319 970 2576 1025 cordibus
2644 978 2697 1023 et
2747 969 3013 1031 auribus,
3082 984 3181 1023 vos
3244 982 3460 1037 semper

1889 1062 2118 1133 Spiritui
2165 1070 2356 1115 sancto
2397 1060 2687 1123 resistitis;
2735 1059 2881 1112 sicut
2920 1068 3108 1127 patres
3138 1059 3338 1122 vestri,
3385 1059 3459 1109 ita

1888 1162 1947 1209 et
1984 1169 2081 1208 vos
2109 1153 2172 1207 ⁸³.
2212 1172 2229 1203 ο
2269 1151 2499 1217 Quando
2530 1152 2675 1206 enim
2702 1166 2810 1203 non
2843 1148 3011 1203 Deum
3038 1162 3230 1202 verum
3281 1146 3460 1201 nomi-

1892 1253 2025 1300 nant
2076 1244 2235 1314 232
2279 1244 2514 1307 Filium,
2574 1250 2669 1296 aut
2734 1241 3081 1311 quandonam
3148 1240 3326 1303 ipsum
3393 1238 3462 1290 ab

1893 1339 2131 1392 essentia
2173 1333 2451 1390 Genitoris
2504 1333 2855 1389 excludunt?
2905 1330 3041 1397 Quis
3095 1345 3225 1384 vero
3281 1330 3464 1384 dicere

1896 1444 2063 1484 ausus
2087 1436 2167 1481 est
2194 1443 2318 1481 eum
2345 1440 2519 1495 neque
2542 1435 2735 1480 natura
2761 1425 3030 1493 opiticcm,
3055 1437 3231 1490 neque
3257 1435 3462 1491 regem,

1895 1538 2075 1592 neque
2106 1520 2569 1589 cunctipotentem
2598 1533 2741 1581 esse,
2773 1524 2866 1570 aut
2904 1514 3281 1569 adorabilem?
3318 1513 3464 1565 Divi—

1898 1630 2002 1668 nus
2030 1614 2230 1683 quippe
2263 1610 2472 1666 Psaltes
2502 1620 2762 1679 tanquam
2802 1608 2869 1661 ad
2904 1608 3080 1676 ipsum
3116 1604 3463 1674 Unigcnitum

1898 1705 1974 1757 ait
2022 1703 2219 1757 alicubi
2256 1722 2268 1757 :
2306 1720 2323 1752 ι
2362 1700 2535 1755 Sedes
2587 1709 2698 1762 tua,
2734 1697 2897 1759 Deus,
2937 1697 2989 1749 iu
3050 1695 3306 1748 arculum
3362 1706 3465 1744 sa:-

1899 1795 2009 1848 culi
2046 1792 2111 1847 εδ.
2162 1811 2180 1844 ι
2216 1790 2455 1845 Thomas
2482 1799 2660 1843 autem
2695 1788 2972 1848 similiter,
3007 1782 3468 1854 prudentissimus

223 1893 459 1961 μάζουσι
506 1891 597 1943 τὸν
638 1891 792 1952 Υίὸν,
820 1890 852 1959 ἢ
884 1890 1011 1942 πότε
1057 1889 1155 1958 τῆς
1186 1887 1279 1941 τοῦ
1322 1886 1574 1948 τεκόντος
1601 1884 1792 1947 οὐσίας

1923 1886 1990 1939 lle
2020 1883 2357 1953 discipulus,
2387 1890 2441 1936 et
2483 1881 2648 1935 Deum
2686 1881 2849 1934 simul
2875 1889 2929 1932 et
2961 1877 3247 1932 Dominum
3284 1875 3470 1945 appel-

220 1984 330 2049 ἔξω
366 1983 621 2053 φέρουσιν
650 1981 848 2048 αὑτόν;
901 1981 998 2045 Τίς
1026 1981 1081 2034 δὲ
1109 1982 1137 2034 6
1174 1979 1450 2050 τολμήσας
1481 1979 1655 2030 εἰπεῖν
1675 2016 1691 2038 ,
1724 1975 1799 2040 ὼς

220 2072 350 2126 οὔτε
380 2073 538 2143 φύσει
578 2073 935 2144 δημιουργὸς,
966 2072 1089 2125 οὑτε
1127 2070 1399 2140 βασιλεὺς,
1439 2068 1564 2122 οὔτε
1599 2084 1802 2121 παντο-

225 2167 453 2237 κράτωρ
517 2166 550 2236 ἢ
590 2165 962 2237 προσκυνητός
1011 2166 1197 2228 ὲστιν;
1236 2164 1293 2215 Ὀ
1332 2162 1429 2232 μὲν
1460 2162 1569 2231 γὰρ
1603 2159 1801 2213 θεσπέ-

228 2273 345 2319 σιος
388 2257 642 2326 Μελῳδὸς
704 2257 779 2319 ὼς
833 2256 969 2327 πρὸς
1010 2255 1173 2309 αὑτόν
1204 2253 1304 2307 πού
1336 2270 1469 2322 φησι
1501 2251 1591 2305 τὸν
1625 2250 1804 2303 Μονο-

227 2348 362 2418 γενῆ
392 2366 405 2381 ·
442 2367 461 2400 ι
531 2350 588 2401 ’0
623 2348 810 2418 θρόνος
861 2365 953 2401 σου
985 2349 1013 2400 ὁ
1039 2347 1170 2410 Θεὸς
1219 2349 1299 2410 εἰς
1353 2345 1444 2398 τὸν
1490 2343 1666 2398 αίῶνα
1711 2341 1805 2395 τοῦ

231 2443 450 2506 αἰῶνος.
495 2461 513 2494 ι
552 2442 753 2511 Θωμᾶς
796 2443 852 2497 δὲ
886 2441 1047 2496 πάλιν
1088 2441 1289 2511 ὁμοίως
1332 2442 1362 2493 6
1395 2437 1808 2508 νουνεχέστατος

229 2533 528 2604 μαθητὴς,
582 2534 677 2587 καὶ
730 2532 862 2587 Θεὸν
913 2532 1085 2603 ὁμοῦ,
1139 2533 1233 2585 καὶ
1276 2530 1482 2602 Κύριον
1524 2528 1805 2583 ἀποκαλεῖ.

231 2625 643 2697 Παντοκράτωρ
690 2624 746 2677 δὲ
782 2626 874 2678 καὶ⁵
901 2624 1255 2694 δημιουργὸς,
1304 2623 1392 2677 διὰ
1442 2622 1623 2691 πάσης
1655 2620 1810 2687 ἁγίου

234 2717 483 2770 καλεῖται
512 2716 715 2785 φωνῆς,
750 2717 844 2769 καὶ
874 2716 947 2779 ὡς
969 2716 1067 2767 οὑκ
1089 2713 1323 2767 ἐπακτὸν
1352 2712 1490 2782 ἔχων
1517 2710 1636 2764 καθ’
1671 2710 1814 2779 ὑμᾶς

233 2808 300 2861 τὸ
334 2808 578 2878 ἀξίωμα,
628 2807 744 2862 ἀλλ’
789 2809 863 2870 ὡς
909 2805 1067 2860 τοῢτο
1123 2806 1264 2859 κατά
1321 2804 1479 2873 φύσιν
1531 2803 1813 2872 ὑπάρχων,

232 2902 375 2973 ὅπερ
413 2898 551 2953 εἶναι
576 2899 829 2968 λέγεται,
852 2900 945 2954 διά
976 2916 1034 2952 τε
1071 2899 1229 2951 τοῦτο
1258 2898 1643 2968 προσκυνεῖται
1666 2892 1818 2961 παρά

231 3009 298 3045 τε
356 2992 466 3044 τῶν
516 2991 689 3060 ἁγίων
745 2991 1029 3060 ἀγγέλων,
1086 2992 1178 3044 καὶ
1228 2989 1364 3060 πρὸς
1396 2986 1590 3057 ἡμῶν,
1643 2984 1819 3037 καίτοι

238 3081 436 3152 μηδενὶ
462 3084 786 3151 προσκυνεῖν
815 3082 986 3153 ἑτέρῳ
1018 3082 1117 3151 τῆς
1148 3080 1297 3142 θείας
1327 3078 1592 3147 λεγούσης
1620 3077 1819 3146 χρῆναι

238 3172 508 3243 Γραφῆς,
559 3172 697 3243 πλὴν
745 3173 891 3243 μόνῳ
940 3173 1130 3244 Κυρίῳ
1174 3172 1252 3241 τῷ
1304 3170 1441 3240 Θεῷ.
1485 3171 1546 3223 Εἰ
1586 3170 1682 3239 μὲν
1727 3163 1818 3220 οὖν

239 3266 537 3335 ἐπίκτητον
566 3264 713 3334 αὐτῷ
772 3265 867 3318 καὶ⁵
892 3266 1042 3319 δοτὸν
1080 3266 1404 3334 ἐνυπάρχειν
1432 3262 1492 3315 τὸ
1521 3261 1819 3331 θεοπρεπὲς

241 3356 465 3427 ἀξίωμα
494 3356 920 3409 πεπιστεύκασιν
939 3397 953 3420 ,
983 3351 1103 3408 εἶτα.
1130 3356 1203 3426 τῷ
1229 3355 1454 3424 τοιούτῳ
1500 3355 1824 3422 προσκυνεῖν

242 3450 452 3503 οἴονται
483 3450 625 3515 δεῖν,
676 3450 909 3502 ἴστωσαν
952 3448 1105 3517 παρὰ
1148 3448 1239 3500 τὸν
1293 3447 1515 3515 κτίστην
1555 3448 1620 3515 τῇ
1652 3444 1827 3497 κτίσει

245 3540 629 3612 λατρεύοντες,
672 3539 983 3610 πρόσφατόν
1023 3555 1080 3591 τε
1119 3538 1213 3591 καὶ
1240 3538 1356 3590 νέον
1379 3538 1589 3596 ἑαυτοῖς
1612 3533 1829 3604 ζωγραο

249 3632 485 3700 φοῦντες
514 3631 663 3696 Θεὸν,
687 3632 829 3701 ἥπερ
864 3630 1034 3691 ὅντως
1069 3629 1158 3682 τὸν
1192 3628 1335 3682 κατά
1355 3627 1514 3696 φύσιν
1535 3625 1830 3695 γινώσκονο

249 3738 365 3785 τες.
404 3722 466 3775 Et
498 3721 555 3774 δὲ
578 3720 678 3790 τῆς
698 3719 790 3773 τοῦ
818 3717 952 3772 Θεοῦ
980 3718 1076 3771 καὶ
1113 3715 1325 3787 Πατρὸς
1355 3714 1543 3777 οὑσίας
1573 3713 1678 3779 ἔξω
1717 3712 1832 3764 κεῖ-

254 3814 388 3869 σθαι
432 3814 679 3882 λέγοντες
714 3813 807 3865 τὸν
833 3812 994 3874 Υίὺν,
1040 3810 1134 3862 καὶ
1161 3809 1288 3861 Υίὸν
1318 3807 1479 3862 αὑτὸν
1563 3806 1658 3858 καὶ
1704 3803 1835 3857 Θεὸν

253 3903 615 3973 ὁμολογοῦσιν
657 3900 924 3972 ὑπάρχειν
976 3897 1268 3967 ἀληθινὸν,
1308 3896 1402 3950 καὶ⁵
1448 3892 1697 3964 βασιλέα,
1743 3892 1837 3943 καὶ

256 3998 492 4068 κύριον,
526 3994 619 4047 καὶ
646 3991 973 4064 δημιουργὸν
991 4030 1007 4055 ,
1041 3991 1134 4043 καὶ
1158 3988 1430 4051 οὑσιωδῶς
1474 3988 1531 4039 ἐν
1558 3983 1735 4054 ἐαυτῷ
1771 3984 1839 4037 τὰ

256 4091 357 4145 τοῦ
404 4090 619 4160 Πατρὸς
654 4088 802 4157 ἐχειν
832 4088 939 4141 ἴδια
1018 4085 1113 4139 καὶ
1154 4082 1444 4152 ἐξαίρετα⁸
1493 4081 1841 4149 βλεπέτωσαν

257 4183 387 4235 ὅποι
420 4179 550 4233 ποτὲ
589 4178 750 4232 πάλιν
785 4177 967 4239 αὑτοῖς
1000 4174 1060 4228 τὸ
1084 4173 1192 4227 τῶν
1218 4173 1342 4243 τῇδε
1377 4170 1676 4225 δοκούντων
1707 4170 1843 4221 ἀπο-

259 4271 602 4327 κινδυνεύσει
634 4269 806 4331 τέλος.
834 4268 998 4321 Οὑδέν
1032 4267 1142 4337 γὰρ
1179 4265 1317 4326 ὅλως
1350 4265 1408 4317 ἐν
1442 4265 1506 4333 τῇ
1537 4262 1656 4331 θείᾳ
1686 4259 1844 4329 φύσει

257 4362 323 4414 τὸ
359 4360 671 4424 ἀξιόπιστον
702 4357 1095 4429 εὑρεθήσεται,
1143 4354 1447 4425 δυναμένης
1480 4353 1577 4424 ἤδη
1618 4352 1714 4404 καὶ
1750 4351 1847 4420 τῆς

260 4454 376 4506 τῶν
415 4451 660 4521 γενητῶν
692 4451 905 4519 φύσεως
935 4449 1200 4519 ὑπάρχειν
1230 4446 1387 4501 τοῦτο
1416 4448 1534 4500 κατ’
1569 4445 1849 4516 ἀλήθειαν,

267 4545 412 4612 ὅπερ
438 4540 506 4593 ἂν
539 4542 710 4593 νοοῖτο
741 4538 833 4591 καὶ
870 4538 1029 4608 αὐτή.
1075 4537 1477 4590 Ἀποδέδεικται
1523 4534 1667 4603 γὰρ,
1707 4533 1850 4586 κατά
1885 4571 1926 4624 D

267 4648 335 4701 γε
369 4632 467 4683 τὸν
506 4628 655 4698 παρά
694 4630 808 4690 τοῖς
850 4627 915 4679 δι’
961 4627 1209 4689 ἐναντίας
1249 4625 1642 4695 ἀδρανέστατον
1671 4622 1849 4689 λόγον,

263 4726 369 4794 τῆς
402 4722 507 4792 μὲν
549 4720 698 4783 θείας
739 4720 952 4789 φύσεως
989 4720 1089 4789 οὑχ
1138 4719 1397 4787 ὑπάρχων
1437 4719 1465 4769 6
1521 4713 1851 4784 Μονογενὴς,

265 4817 415 4887 ἔχων
458 4815 507 4867 δ’
541 4809 631 4866 οὖν
676 4815 825 4883 ὅμως
867 4812 1135 4881 ἀληθινῶς
1185 4812 1244 4862 ἐν
1299 4806 1476 4880 ἐαυτῷ
1518 4809 1586 4862 tit
1643 4808 1856 4876 ἐκείνης

265 4907 549 4978 ἐξαίρετα.
577 4903 708 4959 Εἶτα
743 4906 825 4968 τίς
855 4906 955 4958 οὑκ
979 4904 1292 4974 άποφρίξει,
1327 4903 1419 4955 καὶ
1448 4902 1606 4972 μόνον
1642 4900 1857 4953 ἁκούων

262 5002 372 5072 τὴν
400 4998 512 5051 τῶν
554 4998 838 5068 δογμάτων
887 4996 1239 5063 δυσσέϐειανς
1277 4997 1465 5049 Πάντα
1501 4995 1611 5064 γὰρ
1640 4993 1752 5047 ἄνω
1795 5010 1855 5046 τε

269 5091 370 5143 καὶ
400 5087 551 5141 κάτω
580 5089 872 5159 στρέφεται
901 5087 1211 5157 λοιπὸν,τῆς
1247 5087 1343 5155 μὲν
1372 5087 1440 5139 τά
1466 5087 1643 5139 πάντα
1684 5087 1855 5153 ὑπερ·

271 5182 546 5250 κειμένης
568 5179 783 5247 φύσεως
808 5177 1240 5247 καταϐαινούσης
1274 5178 1365 5229 ἐπὶ
1387 5176 1447 5229 τὸ
1474 5175 1859 5229 συντάττεσθαι

272 5276 394 5334 τοῖς
424 5274 707 5340 γενητοῖς,
746 5272 917 5341 αὑτῆς
943 5271 998 5322 δὲ
1026 5274 1125 5340 τῆς
1170 5270 1400 5331 κτίσεως
1457 5270 1537 5330 εἰς
1580 5269 1640 5320 τὸ
1690 5269 1861 5337 ὑπερ-

276 5365 474 5417 έκεινα
516 5366 610 5417 κα).
637 5364 734 5433 οὑχ
752 5363 1057 5433 ὡρισμένον
1085 5364 1220 5432 αὐτῇ
1244 5359 1863 5432 παραλόγωςάναπηδώ-

282 5474 389 5525 στις
422 5456 641 5526 μέτρον.
673 5454 882 5507 Οὐκοῦν
906 5493 920 5518 ,
962 5454 1039 5517 ὡς
1066 5454 1288 5516 ὁλκάδος
1320 5456 1375 5505 ἐν
1411 5452 1635 5519 πελάγει
1674 5450 1865 5519 βαπτι-

282 5548 567 5618 ζομένης,
634 5548 733 5617 τῆς
796 5547 905 5599 τῶν
968 5546 1224 5599 τοιούτων
1292 5545 1576 5616 δογμάτων
1639 5542 1867 5603 ἀτοπίας

282 5639 725 5709 ἀπονηχόμενοι,
774 5637 1096 5708 σπεύδωμεν
1116 5638 1204 5701 ὡς
1242 5637 1330 5689 ἐπ’
1362 5635 1580 5706 ἀσφαλῆ
1612 5634 1707 5687 καὶ
1735 5631 1865 5686 ἀκύ-

366 5818 416 5852 ⁶⁹
454 5818 577 5874 Act.
610 5836 721 5886 vn,
761 5819 849 5886 3|,
929 5819 973 5850 6"
1013 5816 1157 5873 Psal.
1198 5832 1344 5882 κων,
1374 5816 1425 5871 '7.

1901 1977 1998 2033 lat.
2039 1973 2400 2043 Omnipotens
2438 1986 2567 2026 vero
2596 1979 2651 2025 et
2694 1971 2924 2025 Creator
2954 1969 3023 2020 ab
3056 1967 3312 2021 omnibus
3341 1978 3471 2018 san-

1902 2068 2006 2122 ctis
2058 2078 2309 2129 vocatur,
2359 2064 2527 2133 idque
2575 2078 2683 2117 non
2730 2061 2888 2130 quasi
2943 2058 3263 2128 dignitatem
3324 2055 3473 2107 illam

1904 2159 2136 2224 habeat,
2184 2165 2245 2211 ut
2277 2171 2375 2211 vos
2422 2155 2610 2218 vultis,
2666 2153 2981 2214 ascititiam,
3026 2150 3121 2205 sed
3172 2142 3319 2219 quod
3371 2146 3475 2200 hoc

1906 2252 2208 2308 secundum
2268 2256 2524 2303 naturam
2583 2244 2815 2300 exsistat
2868 2239 3015 2312 quod
3075 2254 3201 2294 esse
3248 2237 3475 2301 dicitur,

1907 2355 2072 2415 atque
2106 2342 2315 2398 idcirco
2348 2339 2607 2393 adoratur
2639 2351 2763 2390 cum
2799 2350 2827 2387 a
2859 2330 3069 2387 sanctis
3106 2329 3337 2398 angelis,
3358 2335 3477 2381 tum

1910 2451 1940 2489 a
1975 2412 2153 2498 nobis,
2200 2429 2449 2501 quamvis
2500 2425 2781 2495 Scriptura
2823 2421 3005 2475 divina
3063 2418 3339 2472 neminem
3380 2412 3479 2469 ad-

1910 2524 2179 2579 orandum
2211 2536 2333 2576 esse
2367 2526 2573 2574 statuat
2593 2524 2951 2585 praeterquam
2981 2511 3158 2566 solum
3190 2507 3481 2561 Dominum

1911 2604 2189 2671 DeumrSi
2223 2628 2354 2682 ergo
2384 2609 2680 2665 ascititiam
2713 2614 2766 2659 et
2797 2603 3022 2657 aliunde
3055 2601 3324 2653 invectam
3355 2609 3483 2649 esse

1914 2708 2143 2762 credunt
2188 2704 2241 2757 in
2277 2720 2342 2758 eo
2385 2701 2624 2755 divinam
2660 2698 3005 2766 dignitatem,
3052 2700 3126 2758 et,
3158 2699 3338 2742 tamen
3386 2685 3484 2739 ad-

1916 2797 2184 2853 orandum
2216 2810 2339 2849 esse
2362 2801 2573 2862 putant,
2604 2790 2784 2845 sciant
2812 2802 2873 2841 se
2901 2792 3208 2839 creaturam
3257 2779 3489 2832 adorare

1917 2906 2029 2961 prae
2058 2890 2355 2951 Creatore,
2393 2897 2705 2951 novumque
2753 2894 2817 2933 ac
2870 2883 3142 2930 recentem
3175 2870 3344 2924 Deum
3383 2866 3486 2922 sibi

1920 2982 2223 3041 delineare,
2264 2976 2445 3047 potius
2477 2988 2643 3043 quam
2689 2967 2995 3024 naturalem
3038 2975 3356 3033 agnoscere.
3391 2957 3488 3010 Sin

1922 3083 2099 3125 autem
2135 3085 2164 3122 a
2199 3068 2377 3122 Patris
2423 3063 2732 3121 substantia
2769 3061 2968 3114 Filium
3000 3053 3392 3114 excludentes,
3438 3057 3493 3101 et

1930 3162 2124 3216 Filium
2157 3163 2409 3229 ipsumet
2440 3156 2606 3209 Deum
2643 3166 2826 3205 verum
2855 3165 2978 3203 esse
3007 3147 3267 3205 fatentur,
3294 3156 3497 3209 regem-

1930 3271 2056 3326 que,
2080 3269 2143 3307 ac
2171 3251 2475 3311 dominum,
2500 3256 2553 3300 et
2583 3244 2855 3313 opiticcm,
2877 3250 2925 3294 et
2947 3254 3072 3308 qua:
3095 3236 3275 3289 Patris
3295 3232 3498 3288 eximia

1932 3324 2064 3404 sunt
2095 3360 2159 3398 ac
2192 3341 2413 3412 propria
2456 3334 2893 3391 substantialiter
2943 3330 3145 3383 habere
3179 3326 3231 3379 in
3284 3324 3496 3391 seipso,

1929 3440 2150 3494 videant
2178 3448 2412 3504 quonam
2449 3432 2667 3484 demum
2706 3440 2895 3480 eorum
2942 3418 3150 3475 recidat
3190 3416 3376 3485 opinio
3405 3413 3500 3480 qui

1930 3529 2010 3586 sic
2058 3501 2321 3580 sentiunt.
2367 3519 2512 3573 Nibil
2563 3517 2709 3571 enim
2768 3512 2905 3568 cet’ti
2965 3511 3017 3563 in
3080 3517 3276 3560 natura
3319 3501 3503 3556 divina

1930 3618 2255 3688 reperietur,
2284 3627 2410 3665 cum
2453 3625 2634 3663 rerum
2681 3612 2989 3659 creatarum
3036 3606 3229 3653 natura
3258 3594 3311 3648 id
3340 3591 3505 3648 etiam

1932 3679 2120 3764 revera
2151 3721 2273 3761 esse
2300 3712 2488 3772 queat,
2522 3697 2669 3767 quod
2699 3696 2838 3765 ipsa.
2883 3691 3328 3746 Demonstratum
3357 3679 3505 3737 enim

1934 3808 2019 3854 est
2044 3794 2486 3850 adversariorum
2516 3785 2811 3842 admodum
2845 3779 3062 3836 inﬁrma
3090 3774 3339 3831 oratione
3372 3767 3507 3823 divi-

1938 3903 2021 3943 nae
2042 3895 2251 3940 naturae
2283 3897 2393 3936 non
2425 3895 2547 3935 esse
2570 3874 3080 3944 Uuigenitum,verc
3107 3878 3285 3921 tamen
3309 3860 3513 3914 habere

1939 3980 1993 4034 in
2024 3978 2208 4047 seipso
2228 3984 2574 4044 quacunque
2603 3967 2727 4036 ejus
2744 3970 2876 4017 sunt
2894 3959 3117 4016 eximia.
3146 3955 3220 4009 At
3248 3951 3370 4021 quis
3402 3961 3513 4001 non

1939 4044 2327 4129 cohorrescet,
2381 4063 2429 4118 si
2477 4061 2563 4116 vel
2606 4058 2779 4115 solam
2821 4052 3139 4122 dogmatum
3181 4044 3514 4113 impietatem

1940 4156 2167 4219 audiat?
2200 4156 2396 4213 Omnia
2430 4153 2575 4208 enim
2626 4162 2847 4205 sursum
2893 4158 2957 4197 ac
3004 4141 3259 4195 deorsum
3291 4139 3517 4186 vertun-

1943 4265 2053 4319 tur,
2092 4267 2214 4307 cum
2251 4258 2442 4303 natura
2474 4244 2564 4296 illa
2591 4240 2840 4295 omnium
2872 4244 3125 4303 suprema
3164 4241 3230 4281 eo
3252 4223 3518 4292 depressa

1945 4316 2049 4410 sit,
2077 4352 2134 4397 ut
2163 4342 2306 4395 inter
2333 4341 2621 4390 creaturas
2657 4332 2999 4386 numeretur,
3027 4326 3080 4373 et
3106 4316 3229 4384 ipsa
3263 4318 3517 4366 creatura

1947 4437 2013 4491 ad
2050 4445 2370 4503 supremum
2403 4440 2504 4481 nec
2539 4422 2646 4477 sibi
2669 4415 3032 4474 constitutum
3057 4406 3286 4465 modum
3319 4410 3510 4503 temeri

1949 4491 2237 4583 evebatur.
2298 4518 2601 4585 Quocirca,
2641 4511 2796 4565 velut
2824 4508 2878 4561 in
2927 4499 3202 4574 profundo
3256 4494 3381 4549 navi
3427 4491 3502 4545 de.

1954 4632 2170 4679 mersa,
2235 4629 2301 4668 ex
2368 4603 2748 4680 hujuscemodi
2808 4599 3123 4669 dogmatum
3186 4585 3510 4643 absurditat.

1950 4715 2315 4778 emergentes,
2343 4704 2409 4755 ad
2447 4710 2623 4756 tutum
2657 4702 2711 4751 et
2745 4692 2988 4763 quietum
3030 4679 3280 4739 veritatis
3308 4684 3510 4778 partui:

1952 4799 2385 4859 contendamus,
2422 4793 2631 4860 Deique
2677 4802 2740 4841 ac
2783 4781 2963 4836 Patris
3004 4775 3292 4845 imaginem
3334 4766 3509 4860 Filiuv

1952 4911 2077 4951 esse
2114 4893 2411 4954 fateamur,
2449 4858 2557 4941 non
2591 4878 2875 4950 fragilibus
2922 4866 3249 4942 quibusdam
3297 4858 3504 4929 dignita

1959 4990 2111 5042 tibus
2138 4985 2462 5043 obductum,
2495 4991 2674 5045 neque
2703 4971 2838 5028 solis
2862 4957 3237 5039 praerogativis
3269 4955 3375 5007 Deo
3404 4964 3506 5003 con

1967 5080 2312 5138 venientibus
2365 5074 2765 5141 conspicuum,
2819 5062 2915 5120 sed
2982 5045 3428 5141 substantialiter-
3483 5056 3509 5093 c

1965 5174 2111 5230 omni
2141 5188 2205 5227 ex
2248 5176 2403 5239 parte
2452 5159 2853 5235 perfectissimo
2892 5144 3143 5205 Genitori
3198 5132 3502 5205 responderi

1967 5277 2109 5331 tem,
2163 5273 2219 5319 et
2254 5277 2354 5332 per
2389 5258 2573 5314 omnia
2630 5252 2987 5307 exsistentem
3038 5231 3522 5332 secundum‘rmtu.

1966 5374 2086 5413 ram
2125 5370 2280 5411 suam
2322 5353 2374 5407 id
2416 5349 2561 5420 quod
2602 5346 2763 5399 Pater
2799 5352 2923 5393 esse
2961 5334 3239 5420 censetur,
3271 5318 3431 5389 233
3457 5318 3529 5369 nit

1972 5449 2170 5502 mirum
2201 5444 2368 5498 Deum
2398 5454 2585 5495 verum
2641 5447 2765 5488 vere
2808 5427 2876 5483 de
2908 5424 3037 5486 Deo.
3087 5412 3532 5506 οιιιιιῖροιθιηῇω·

1973 5546 2306 5598 creatorem,
2331 5534 2559 5592 bonum,
2584 5522 2946 5583 adorandum,
2984 5521 3052 5569 et
3075 5511 3121 5566 Si
3143 5504 3277 5578 (ιιιίίι
3298 5498 3546 5566 θιιῖριῖυδ

1966 5630 2102 5686 addi
2127 5595 2308 5701 potest
2330 5624 2474 5698 quod
2508 5622 2616 5677 Deo
2643 5613 2957 5674 conveniat.
2993 5606 3148 5661 Tunc
3184 5595 3332 5655 enim
3371 5595 3548 5645 osten-
