4102 6564
636 418 742 474 579
1623 418 1680 474 s.
1711 417 1986 474 eruum
2024 398 2492 474 ALEXANDRINI
2531 417 2849 474 ARCIIIEP.
3767 425 3873 484 sse

638 531 834 584 dentes
887 545 1010 585 eum
1072 532 1126 586 in
1185 531 1440 586 omnibus
1503 531 1734 586 similem
1796 547 1921 587 esse
1986 531 2096 588 Deo
2147 548 2214 586 ac
2242 543 2258 595 λ

2251 539 2285 595 Α
2319 550 2454 603 μονα
2481 533 2674 604 λιμένα
2705 535 2802 604 τὴν
2838 534 3116 606 ἀλήθειαν,
3149 535 3244 589 καὶ
3285 535 3469 589 εἰκόνα
3499 534 3591 588 τοῦ
3624 536 3757 590 Θεοῦ
3783 536 3871 595 καὶ

639 618 810 684 Patri,
835 621 995 674 etiam
1026 637 1151 676 vere
1180 622 1289 676 diei
1331 623 1400 676 ab
1422 639 1488 676 eo
1511 621 2033 686 demonstrabimus,
2064 624 2210 692 quod

2316 623 2528 694 Πατρδς
2555 625 2907 696 ὁμολογῶμεν
2942 627 3034 680 τὸν
3071 627 3219 689 Υίδν,
3253 628 3353 680 οὐκ
3377 629 3661 697 ἐπικήροις
3695 627 3872 700 ὧσπρ

644 729 662 758 ι
695 708 794 774 Qui
833 726 938 763 non
990 711 1313 765 Itonoriﬁcat
1367 711 1587 776 Filium,
1623 728 1798 782 neque
1838 711 2056 766 Patrem
2111 713 2213 767 lto--

2312 713 2422 768 τισὶ
2456 716 2969 786 περιπεπλασμένον
3015 717 3354 788 ἀξιώμασιν,
3393 719 3515 772 οὐδὲ
3549 719 3729 787 μόνοις
3771 723 3872 784 τοῖς

642 801 889 854 ιιοιίιίιέι
915 841 932 866 ,
968 802 1060 872 ιιιιὶ
1091 804 1242 856 misit
1297 804 1471 858 illum.
1518 822 1536 855 ι
1574 803 1645 858 De
1675 803 1777 859 hoc
1815 804 1958 858 enim
1985 805 2216 875 quaestio

2315 804 2642 876 θεοπρεπέσι
2677 807 3142 878 κατηγλαῖσμένον
3169 807 3495 878 ἀξιώμασιν,
3539 807 3657 860 ἀλλ’
3694 808 3875 862 ούσιυ-

641 893 801 946 uobis
830 904 935 957 est,
961 909 1016 950 et
1054 910 1120 949 eo
1144 904 1356 966 spectat
1405 911 1527 966 qua:
1570 911 1696 950 mox
1725 895 1864 950 facta
1904 903 1990 951 est.
2022 897 2207 967 dispu-

2314 895 2418 960 δῶς
2437 896 2569 967 πρὸς
2591 897 2688 966 τὴν
2710 897 2804 951 τοῦ
2830 897 3078 960 τεκόντος
3100 897 3384 968 ἀκρίϐειαν
3403 896 3873 968 ἀπηκριδωμένον,

643 983 798 1038 tatio.
2315 988 2409 1041 καὶ
2433 988 2868 1059 ἀπαραλλάκτως
2895 990 3210 1060 ὑπάρχοντα
3263 989 3404 1043 κατά
3431 989 3614 1058 φύσιν,
3651 990 3786 1058 ὅπερ
3817 991 3878 1042 ἂν

641 1080 812 1129 νοοῖτο
837 1078 930 1132 καὶ
957 1078 985 1131 ὁ
1005 1079 1274 1149 γεννήσας
1303 1078 1485 1144 αὐτὸν,
1516 1080 1758 1132 τουτέστι
1781 1078 1910 1132 Θεὸν
1934 1078 2206 1148 ἀληθινὸν,
2241 1080 2306 1132 ὲκ
2365 1079 2502 1133 Θεοῦ
2570 1081 2713 1134 κατά
2743 1080 3019 1152 ἀλήθειαν,
3053 1081 3487 1152 παντοκράτορα,
3534 1081 3876 1152 δημιουργὸν·

639 1164 1057 1237 δεδοξασμένον,
1086 1168 1321 1236 ἀγαθὸν,
1363 1170 1736 1238 προσκυνητὺν
1761 1207 1776 1231 ,
1822 1169 1914 1222 καὶ
1943 1167 2072 1220 εἴτι
2132 1171 2246 1231 τοῖς
2283 1169 2593 1240 εἰρημένοις
2654 1169 2730 1233 ὼς
2773 1169 2892 1240 Θεῷ
2942 1172 3147 1241 πρέπον
3187 1170 3575 1241 παρέζευκται.
3617 1171 3752 1222 Τότε
3780 1170 3880 1242 γάρ

641 1259 704 1328 δὴ
744 1260 884 1312 κατά
943 1261 1120 1314 πάντα
1177 1261 1534 1330 προσεοικότα
1593 1262 1928 1325 δεικνύοντες
1968 1261 2047 1332 τῷ
2087 1261 2206 1331 Θεῷ
2231 1255 2339 1315 ’καὶ
2370 1263 2566 1333 Πατρὶ,
2613 1263 2704 1316 καὶ
2737 1263 3067 1334 ἀληθεύοντα
3112 1263 3556 1336 παραστήσομεν,
3621 1261 3699 1324 ὡς
3771 1280 3788 1312 ι
3822 1263 3880 1314 ει

649 1355 721 1425 μή
787 1373 871 1417 τις
937 1357 1174 1425 βούλοιτο
1222 1358 1386 1425 τιμᾷν
1417 1356 1508 1408 τὸν
1555 1357 1716 1418 Υἰὸν,
1755 1357 1876 1410 ούδέ
1922 1356 2013 1410 τὸν
2063 1357 2280 1426 Πατέρα
2319 1360 2454 1429 τιμᾷ
2491 1358 2582 1410 τὸν
2628 1359 3020 1412 ἀποστείλαντα
3074 1357 3254 1410 αὐτόν.
3306 1375 3324 1408 ι
3373 1355 3508 1427 Περὶ⁸
3547 1355 3740 1408 τούτου
3782 1354 3883 1426 γάρ

647 1449 777 1516 ἡμῖν
826 1451 856 1519 ή
899 1451 1158 1520 ζήτησις,
1201 1452 1296 1502 καὶ
1335 1452 1368 1518 η
1423 1449 1531 1502 τῶν
1590 1451 1790 1519 ἀρτίως
1833 1450 2217 1520 ἐξητασμένων
2257 1452 2537 1521 κεκίνηται
2572 1453 2821 1522 βάσανος.

717 1543 780 1606 ν,
822 1544 909 1595 2-1.
956 1546 1140 1607 Amen,
1175 1561 1327 1598 auten
1371 1544 1488 1598 dico
1521 1544 1685 1607 vobis,
1719 1545 1845 1612 quia
1875 1547 1966 1614 qui
2002 1545 2210 1599 verbum

2400 1545 2594 1615 Ἀμὴν,
2633 1546 2796 1615 ἀμὴν
2820 1545 2974 1614 λέγω
3009 1543 3164 1613 ὑμῖν,
3209 1541 3295 1596 ὅτι
3342 1543 3374 1594 ὸ
3419 1540 3526 1594 τὸν
3554 1540 3742 1608 λόγον
3773 1555 3882 1607 μου

647 1650 816 1685 meum
857 1635 1027 1699 audit,
1063 1646 1110 1688 et
1141 1635 1306 1688 credit
1343 1638 1390 1690 ei
1425 1638 1517 1705 qui
1549 1637 1693 1690 misit
1727 1652 1826 1701 me,
1860 1636 2012 1689 habet
2053 1638 2212 1689 vitam

2317 1639 2570 1700 ἀκούων,
2600 1639 2695 1692 καὶ
2726 1639 3023 1691 πιστεύων
3051 1634 3128 1701 τῷ
3157 1634 3460 1704 πέμψαντί
3475 1632 3707 1701 με,ἐχει
3741 1629 3884 1697 ζωὴν

642 1736 914 1786 uernam,
947 1736 994 1779 et
1048 1728 1101 1781 in
1154 1728 1425 1797 judicium
1455 1746 1556 1783 non
1598 1730 1756 1794 venit,
1787 1729 1878 1782 sed
1921 1729 2135 1782 transiit
2181 1746 2213 1781 a
2251 1765 2262 1818 Ι

2264 1765 2289 1818 Β
2317 1731 2574 1796 αἰώνιον,
2610 1731 2705 1783 καί
2740 1732 2827 1794 εις
2856 1730 3060 1796 κρίσιν
3091 1728 3201 1780 οὐκ
3236 1726 3485 1818 Emam-“at,
3513 1723 3680 1776 ἀλ.Ιά
3717 1737 3884 1789 μετα-

643 1827 810 1868 tnorte
839 1815 907 1868 ad
941 1820 1126 1871 vitam.
2251 1811 2263 1818 ’

2251 1811 2285 1818 ’
2318 1821 2569 1889 ϐέϐηκεν
2591 1822 2657 1874 ἑιι
2692 1820 2798 1874 τοῦ
2833 1819 3091 1872 θανάτου
3117 1820 3204 1882 είς
3237 1815 3351 1884 τὴν
3379 1811 3546 1879 ζωήν.

716 1905 1014 1977 Postquam
1063 1910 1115 1962 in
1161 1911 1546 1979 superioribus
1585 1911 1802 1967 abunde
1841 1911 2082 1967 ostendit
2115 1914 2217 1967 mi-

2385 1911 2696 1976 Ἀποδείξας
2725 1912 2826 1982 ἤδη
2858 1910 2944 1962 διὰ
2993 1909 3098 1961 τῶν
3133 1906 3510 1978 προλαϐόντων
3556 1901 3883 1974 ἀρκούντως,

645 2015 799 2054 seros
832 1999 1051 2055 Judaeos
1095 2017 1203 2055 non
1259 2003 1311 2056 iu
1350 2004 1524 2057 solum
1562 2002 1758 2056 Filium
1807 2020 2056 2074 peccare,
2090 2020 2214 2058 cum

2316 2006 2391 2068 ὡς
2433 2007 2532 2058 οὐκ
2577 2007 2656 2067 εἰς
2703 2005 2861 2074 μόνον
2903 2001 3272 2072 ἁμαρτάνουσι
3311 1998 3400 2051 τὸν
3425 1997 3551 2049 Υίδν
3584 1997 3633 2048 οἱ
3669 1995 3886 2055 τάλανες

645 2090 849 2144 audi-ut
881 2093 1280 2161 reprehendere
1323 2110 1442 2163 qua:
1469 2094 1719 2149 docendo
1752 2096 2093 2164 lotltteretur,
2126 2106 2217 2149 aut

2329 2097 2584 2156 Ἰουδαῖοι,
2615 2095 2917 2164 τολμῶντες
2951 2095 3211 2164 ἐπιτιμᾷν
3258 2086 3451 2161 οἷσπερ
3479 2089 3545 2142 ἂν
3576 2087 3715 2158 λέγῃ
3750 2085 3887 2139 διδά-

645 2182 788 2250 apud
821 2183 968 2251 ipsos
994 2195 1334 2251 operaretur,
1367 2185 1464 2240 sed
1498 2187 1549 2239 in
1582 2189 1758 2256 ipsum
1800 2189 1962 2242 etiam
2002 2187 2215 2242 Patrem

2317 2207 2479 2250 σκων,
2515 2189 2546 2259 ἢ
2599 2188 2690 2241 καὶ
2735 2187 3032 2256 ἐργάζηται
3083 2185 3212 2254 παρ’
3252 2183 3452 2245 αὐτοῖς,
3502 2179 3638 2234 ἀλλά
3679 2176 3774 2230 καὶ
3817 2178 3889 2238 εἰς

645 2274 814 2327 stulte
850 2289 1100 2342 peccare,
1135 2288 1208 2340 et,
1254 2278 1298 2329 si
1355 2277 1420 2330 ad
1470 2279 1576 2330 vim
1627 2279 1895 2332 dictorum
1931 2281 2214 2349 respicias,

2317 2281 2476 2335 αὐτὸν
2520 2279 2908 2348 ἀμαθαίνοντες
2959 2273 3334 2345 πλημμελοῦσι
3373 2274 3461 2324 τὸν
3522 2269 3763 2337 Πατέρα,
3805 2266 3889 2319 καὶ

645 2379 837 2417 eorum
873 2365 1160 2420 audaciam
1192 2370 1458 2434 coercuit,
1491 2384 1554 2422 ac
1587 2371 1867 2440 proposita
1905 2372 2214 2424 luturorum

2315 2375 2436 2426 ὅσον
2466 2369 2598 2442 ἦκεν
2644 2374 2722 2433 εἰς
2769 2370 2867 2440 τὴν
2918 2368 3024 2420 τῶν
3057 2363 3357 2437 εἰρημένων
3411 2363 3715 2432 ἐνέργειαν,
3745 2373 3891 2425 περι-

645 2468 744 2520 spe
783 2455 981 2509 melius
1009 2457 1191 2512 vivere
1225 2461 1519 2526 persuasit,
1549 2462 1614 2515 ad
1643 2462 1968 2530 obsequium
1997 2463 2214 2516 tandem

2319 2464 2530 2525 στείλας
2555 2462 2629 2532 τῷ
2659 2461 2806 2531 φόϐῳ
2834 2461 2893 2513 τὸ
2921 2459 3138 2530 θράσος,
3188 2459 3280 2510 καὶ
3313 2456 3412 2526 ζῇν
3446 2452 3751 2512 ἀναπείσας
3779 2450 3891 2500 ἐπι-

644 2557 743 2597 eos
775 2545 960 2615 adigit.
987 2546 1300 2601 Artiﬁciosa
1328 2564 1455 2603 vero
1479 2549 1565 2604 hic
1589 2553 1843 2606 oratione
1879 2567 2072 2606 rursus
2105 2553 2214 2605 uti-

2315 2554 2622 2626 εικέστερον
2673 2556 2737 2623 τῇ
2791 2552 2900 2604 τῶν
2947 2549 3220 2620 ἐσομένων
3262 2547 3458 2607 ἐλπίδι,
3501 2544 3687 2597 λοιπὸν
3723 2557 3887 2609 σαγη-

647 2645 755 2688 tur.
783 2635 918 2689 Nam
956 2653 1077 2691 cum
1110 2638 1331 2694 Judteos
1370 2639 1550 2694 adhuc
1589 2642 1838 2697 laborare
1869 2654 2078 2708 nosset,
2115 2644 2217 2699 boc

2316 2642 2458 2698 νεύει
2504 2642 2639 2712 πρὸς
2689 2641 3016 2694 εὐπείθειαν.
3063 2641 3176 2693 Οὐκ
3223 2638 3458 2706 ἀτέχνως
3498 2635 3553 2688 δὲ
3605 2633 3769 2685 πάλιν
3809 2629 3892 2683 τὸν

609 2735 731 2780 est
769 2727 836 2781 de
883 2744 941 2782 se
995 2731 1386 2794 srandalizari,
1425 2731 1583 2787 ﬁdem
1641 2749 1833 2788 rursus
1893 2735 1959 2787 ad
2012 2734 2105 2790 Dei
2153 2751 2218 2790 ac

2316 2735 2406 2787 ἐπὶ
2451 2733 2658 2796 τούτοις
2695 2733 2986 2804 ἐποιήσατο
3022 2731 3199 2799 λόγον.
3243 2726 3459 2797 Ἐπειδὴ
3494 2724 3603 2796 γάρ
3640 2719 3787 2776 οἶδεν
3819 2722 3891 2774 ἔτι

649 2817 830 2873 Patris
863 2836 1156 2890 personam
1187 2823 1377 2888 refert,
1407 2840 1516 2878 non
1553 2826 1712 2895 quasi
1755 2827 1995 2897 seipsum
2029 2829 2216 2882 exclu-

2316 2825 2600 2888 νοσοῦντας
2628 2826 2752 2888 τοὺς
2779 2823 3087 2886 Ἰουδαίους,
3116 2816 3630 2888 σκανδαλιζομένους
3651 2813 3891 2867 τουτέστι

645 2906 768 2969 dat,
823 2909 916 2963 sed
997 2910 1145 2979 quod
1205 2919 1432 2981 promer
1497 2913 1836 2967 identitatem
1899 2914 2219 2968 substantiae

2317 2917 2446 2990 napi.
2482 2917 2666 2980 αὑτοῦ,
2701 2916 2861 2971 πάλιν
2890 2915 3148 2984 ἀναφέρει
3195 2911 3292 2982 τὴν
3326 2909 3507 2962 πίστιν
3539 2909 3620 2969 είς
3645 2907 3710 2958 τὸ
3736 2904 3891 2976 πρόσ-

645 2997 811 3050 etiam
862 2999 914 3051 in
948 2997 1108 3055 Patre
1159 3001 1578 3058 liouoriﬁcetur.
1612 3003 1911 3058 Credentes
1939 3017 2068 3057 vero
2108 3019 2214 3057 non

2317 3027 2462 3063 ωπον
2491 3009 2583 3062 τοῦ
2607 3009 2742 3061 Θεοῦ
2772 3007 2865 3062 καὶ
2892 3006 3124 3076 Πατρδς,
3148 3005 3244 3072 οὐχ
3267 3003 3342 3066 ὡς
3368 3000 3555 3054 ἑαυτὸν
3581 2998 3689 3062 ἔξω
3711 2996 3890 3057 τιθεὶς,

650 3086 829 3141 solum
859 3097 1081 3143 aeterna:
1116 3091 1239 3143 vita:
1276 3090 1391 3144 fore
1417 3092 1736 3160 participes,
1775 3093 1868 3146 sed
1919 3103 1974 3147 et
2023 3090 2214 3161 judieii
2245 3099 2270 3157 (

2270 3098 2288 3155 Ξ
2322 3101 2432 3154 ἀλλ’
2461 3101 2535 3164 ὡς
2565 3099 2652 3152 διά
2689 3100 2786 3170 τὴν
2823 3098 3124 3167 ταυτότητά
3148 3095 3244 3164 τῆς
3274 3093 3458 3156 οὐσίας
3489 3089 3584 3144 καὶ
3629 3092 3688 3142 ὲν
3727 3088 3890 3157 Πατρὶ

650 3177 926 3233 vitaturos
957 3179 1285 3248 periculum,
1318 3182 1654 3249 justilieatos
1675 3185 1935 3237 nimirum
1961 3184 2215 3246 aﬂirmat,

2322 3188 2646 3260 τιμώμενος.
2691 3190 2827 3250 Τοὺς
2880 3187 2936 3240 δέ
2978 3204 3041 3254 γε
3101 3183 3471 3243 πιστεύοντας,
3519 3179 3582 3231 οὐ
3640 3176 3892 3246 μετόχους

650 3273 855 3319 metum
896 3282 993 3337 spe
1046 3269 1266 3322 mistum
1304 3272 1574 3340 injicieus.
1612 3271 1706 3325 Sic
1750 3275 1894 3326 enim
1945 3273 2218 3328 eﬂicacior

2324 3281 2540 3334 ἔσεσθαι
2573 3281 2732 3351 μόνον
2767 3283 2866 3348 τῆς
2905 3278 3122 3332 αἰωνίου
3158 3275 3324 3345 ζωῆς,
3381 3273 3514 3327 ἀλλά
3559 3271 3657 3324 καὶ
3703 3269 3795 3322 τὸν
3839 3268 3891 3320 tr

647 3369 704 3412 et
737 3359 1054 3428 expressior
1104 3362 1158 3416 iu
1226 3364 1538 3418 auditorum
1599 3365 1799 3418 animis
1861 3363 2042 3418 futura
2097 3373 2217 3420 erat

2321 3371 2421 3439 τῆς
2475 3371 2704 3438 κρίσεως
2749 3367 3126 3435 διαφεύξεσθαι
3173 3365 3447 3424 κίνδυνον,
3488 3359 3893 3430 δικαιουμένους

646 3451 849 3504 oratio.
2321 3459 2561 3528 δηλονότι
2609 3459 3014 3530 διισχυρίζεται,
3061 3455 3464 3526 κεκερασμένον
3517 3451 3695 3504 ἑλπίδι
3772 3465 3891 3520 προ-

647 3540 838 3595 τείνων
880 3542 970 3595 τδν
1020 3543 1202 3613 φόϐον.
1251 3545 1408 3599 Οὕτω
1436 3545 1542 3618 γὰρ
1593 3541 1660 3617 ἦν
1701 3547 2078 3618 ὲνεργέστερόν
2145 3563 2260 3610 πως
2297 3552 2391 3602 καὶ
2443 3550 2853 3621 δεικτικώτερον
2894 3551 3004 3613 τοῖς
3046 3547 3414 3618 ἀκροωμένοις
3484 3542 3892 3613 ἀπεργάσασθαι

646 3633 738 3686 τὸν
757 3632 934 3701 λόγον.

721 3722 789 3788 γ,
812 3725 903 3778 '25.
945 3724 1133 3788 Amen,
1163 3743 1312 3781 amen
1339 3726 1456 3781 dico
1488 3729 1652 3791 vobis,
1683 3731 1809 3799 quia
1834 3731 1965 3784 venit
1995 3730 2149 3791 hora,
2169 3739 2220 3783 et

2406 3727 2594 3796 Αμὴν,
2617 3724 2780 3794 ἀμὴν
2821 3723 2975 3792 ,λέγω
3024 3721 3186 3791 ὑμῖν,
3225 3721 3314 3772 ὅτι
3347 3718 3582 3788 ἔρχεται
3630 3718 3775 3786 ὥρα,
3805 3717 3889 3771 καί

651 3832 788 3868 nunc
823 3824 922 3878 est,
961 3816 1171 3884 quando
1203 3818 1398 3870 mortui
1444 3818 1660 3873 audient
1692 3836 1864 3874 vocent
1897 3818 2030 3874 Filii
2066 3821 2162 3874 Dei
2200 3835 2218 3874 :

2321 3819 2438 3874 νῦν
2464 3820 2655 3880 ἐστιν,
2681 3817 2778 3869 ὅτε
2814 3818 2869 3868 oi
2917 3814 3114 3881 νεκροὶ
3157 3813 3492 3867 ἀκούσουσι
3539 3810 3654 3877 τῆς
3698 3809 3887 3878 φωνῆς

647 3915 696 3960 et
725 3906 814 3974 qui
843 3905 1129 3969 audierint,
1163 3909 1350 3964 vivent.

2320 3911 2429 3964 τοῦ
2463 3907 2598 3962 Υίοῦ
2638 3907 2744 3960 τοῦ
2770 3904 2937 3968 Θεοῦ,
2973 3904 3069 3957 καί
3103 3905 3156 3956 ol
3181 3902 3555 3968 ἀκούσαντες
3594 3899 3884 3966 (domat.

717 3997 852 4049 Cum
890 3995 1122 4052 dixisset
1168 4000 1457 4056 credentes
1489 4014 1517 4052 a
1552 4011 1730 4055 morte
1783 4003 2121 4056 transituros
2151 4001 2220 4056 ad

2391 4001 2487 4054 Ἐκ
2537 4000 2766 4053 Θανάτου
2816 3997 2950 4066 πρὸς
2995 3993 3140 4065 ζωὴν
3187 3991 3589 4062 μεταϐήσεσθαι
3634 3992 3764 4054 τοὺς
3813 4009 3865 4044 at

647 4088 836 4150 vitam,
881 4087 1042 4142 modo
1094 4090 1336 4160 seipsum
1397 4091 1778 4161 promissionis
1810 4093 1957 4146 illius
2000 4091 2220 4147 edet-to-

2325 4093 2612 4154 στεύοντας
2663 4089 2850 4154 εἰπὼν,
2893 4087 3084 4141 ἑαυτὸν
3135 4086 3377 4156 εἰσφέρει
3421 4084 3518 4154 τῆς
3569 4083 3885 4150 ἐπαγγελίας

645 4195 785 4240 rem.
809 4181 1091 4251 totiusque
1117 4183 1192 4236 rei
1216 4191 1714 4237 consununatorem
1739 4184 2031 4252 signiﬁcat,
2055 4185 2219 4239 simul

2323 4186 2579 4256 ἐργάτην,
2599 4183 2690 4237 καὶ
2721 4182 2841 4235 ὅλου
2875 4179 2969 4232 τοῦ
3001 4178 3322 4250 πράγματος
3354 4174 3740 4245 ἀποτελεστὴν,
3765 4173 3885 4244 ὁμοῦ

646 4277 812 4329 etiam
845 4275 1052 4330 ludatis
1087 4275 1337 4331 indicans
1367 4277 1674 4331 mirabilem
1717 4294 1905 4333 revera
1944 4293 2062 4334 eam
2097 4295 2218 4349 qua:

2326 4279 2424 4350 μὲν
2471 4279 2644 4331 ἐκεῖνο
2680 4277 2790 4338 τοῖς
2839 4271 3112 4333 Ἰουδαίοις
3157 4267 3622 4338 ὑπαινιττόμενος,
3656 4268 3740 4320 ὅτι
3773 4267 3885 4318 ﬂauo

647 4375 890 4436 spectata
940 4377 1024 4422 est
1080 4367 1134 4421 in
1187 4368 1486 4439 paralytico
1533 4369 1811 4432 virtutem,
1842 4381 2215 4425 verumtamen

2326 4370 2501 4442 μαστὴ
2536 4369 2631 4438 μὲν
2658 4366 2823 4429 ὅντως
2845 4365 2993 4418 ἐστὶν
3018 4365 3050 4433 ὴ
3076 4362 3169 4414 ἐπὶ
3194 4361 3272 4430 τῷ
3297 4357 3724 4430 παραλελυμένῳ
3741 4357 3885 4411 δύνα-

647 4459 989 4513 mirabiliora
1016 4458 1103 4514 his
1134 4475 1162 4512 a
1199 4458 1338 4513 Filio
1368 4463 1643 4529 patratum
1671 4462 1760 4522 iri,
1785 4464 1878 4531 qui
1920 4477 2031 4515 non
2072 4477 2216 4514 mor-

2325 4479 2436 4530 μις,
2473 4457 2904 4526 ἀξιολογωτέρων
2931 4455 2974 4508 δ⁹
3009 4450 3101 4508 οῦν
3131 4453 3278 4522 ὅμως
3327 4450 3775 4520 ἀναδειχθήσεται
3801 4448 3883 4517 δη·

646 4549 775 4604 bum
807 4549 1078 4604 duntaxat
1123 4559 1178 4605 et
1232 4553 1410 4606 morbi
1463 4553 1811 4606 inﬁrmitates
1848 4569 1911 4607 ex
1957 4536 2266 4609 immanisl

2255 4536 2292 4594 D
2321 4551 2580 4624 μιουργὸς
2607 4553 2634 4604 ὁ
2653 4549 2800 4612 Υἱὸς,
2821 4547 2921 4601 οὐκ
2937 4545 3188 4617 ἀρῤώστη
3198 4561 3274 4614 μα
3296 4543 3602 4613 μόνον,οὑδὲ
3615 4541 3718 4605 τάς
3738 4544 3798 4594 ἐκ
3813 4540 3875 4593 νά

645 4641 975 4711 corporibus
1025 4641 1282 4712 depellat,
1311 4645 1404 4698 sed
1450 4654 1503 4698 et
1553 4646 1726 4714 ipsam
1762 4644 1924 4716 234
1958 4654 2211 4710 mortem,

2322 4663 2416 4699 σου
2460 4642 2728 4715 μαλακίας
2760 4641 2867 4694 τῶν
2900 4638 3252 4708 ἀνθρωπίνων
3283 4636 3582 4704 ἐξελαύνων
3605 4635 3880 4705 σωμάτων.

644 4736 700 4786 et
763 4731 1114 4786 incubantem
1194 4737 1600 4804 corruptionem
1675 4745 1901 4791 evertat.
1971 4736 2211 4805 ldipsum

2319 4736 2456 4792 ἀλλά
2485 4739 2578 4790 καὶ
2609 4734 2774 4788 αὐτὸν
2798 4732 2898 4802 ἤδη
2929 4731 3018 4784 τὸν
3041 4731 3267 4784 θάνατον
3291 4728 3384 4780 καὶ
3399 4727 3496 4797 τὴν
3513 4726 3882 4798 ὲπισκήψασαν

644 4821 790 4876 enim
839 4830 925 4876 est
967 4823 1110 4892 quod
1153 4825 1316 4893 paulo
1347 4833 1474 4881 ante
1520 4825 1726 4881 dictum
1754 4839 1838 4882 est
1864 4828 1908 4859 ⁸⁵
1945 4847 1957 4882 :
1995 4847 2012 4877 ι
2055 4825 2216 4880 Pater

2319 4827 2636 4898 ἀνατρέπων
2661 4823 2865 4893 φθορὰν
2902 4822 3078 4892 (τοῦτο
3116 4821 3224 4892 γάρ
3245 4815 3312 4890 ἦν
3339 4819 3402 4872 τὺ
3437 4820 3531 4872 καὶ
3559 4818 3745 4888 μικρῷ
3769 4817 3882 4888 πρό-

641 4913 820 4983 diligit
868 4912 1088 4978 Filium,
1120 4924 1175 4970 et
1226 4918 1410 4971 omnia
1454 4919 1790 4974 demonstrat
1839 4919 1886 4974 ei
1924 4936 2047 4989 qua:
2098 4921 2214 4988 ipse

2317 4937 2373 4972 τε
2385 4937 2474 4989 ρον
2495 4920 2614 4988 είρη
2624 4917 2780 4986 μένον
2798 4933 2811 4946 ’
2839 4936 2856 4967 ι
2880 4915 2936 4968 Ὀ
2957 4913 3141 4984 Πατὴρ
3165 4912 3306 4982 φιλεῖ
3322 4912 3416 4964 τὸν
3437 4911 3587 4973 Υίὸν,
3607 4911 3706 4963 καὶ
3725 4909 3879 4962 πάντα

640 5003 809 5071 facit;
835 5014 890 5059 et
923 5005 1132 5075 majora
1164 5007 1252 5062 ltis
1286 5009 1691 5064 demonstrabit
1726 5010 1773 5064 ei
1809 5025 1994 5079 opera,
2025 5017 2084 5063 ut
2114 5025 2211 5064 vos

2316 5009 2604 5071 δείκνυσιν,
2621 5008 2656 5062 ἀ
2677 5007 2837 5070 αὐτὸς
2856 5009 3018 5066 ποιεῖ,
3042 5005 3134 5057 καὶ
3157 5003 3374 5075 μείζονα
3394 5001 3598 5054 τούτων
3621 5000 3786 5066 δείξει
3807 4997 3881 5051 αὒ-

639 5095 942 5150 miremini.
982 5116 1001 5149 ι
1034 5098 1340 5154 Admiratio
1371 5100 1516 5153 enim
1569 5101 1655 5154 illa
1703 5101 1879 5169 major
1927 5102 1981 5154 in
2031 5116 2217 5155 resur-

2313 5103 2392 5170 τῷ
2410 5101 2566 5170 ἔργα,
2591 5101 2676 5153 ἵνα
2699 5100 2858 5168 ὑμεῖς
2880 5096 3215 5167 Θαυμάζητε.
3246 5114 3264 5146 ι
3289 5094 3362 5146 Τὸ
3381 5093 3486 5162 γὰρ
3502 5093 3559 5144 ὲν
3585 5090 3666 5160 τῷ
3683 5089 3876 5160 θαυμά-

642 5190 888 5244 rectione
939 5199 1281 5245 mortuorum
1325 5199 1628 5259 spectatur.
1663 5191 1836 5245 Simul
1871 5193 2035 5246 etiam
2079 5193 2214 5247 illud

2314 5193 2502 5257 ζεσοαι
2527 5190 2789 5260 μεῖζον,έν
2817 5191 2877 5260 τῇ
2905 5187 3013 5240 τῶν
3035 5185 3244 5257 νεκρῶν
3261 5185 3554 5238 ἀναστάσει
3587 5177 3873 5252 φαίνεταιῆ

643 5289 994 5346 astruens,“
1022 5296 1132 5351 quo
1154 5279 1454 5336 verisimile
1484 5291 1601 5335 erat
1633 5297 1738 5336 non
1772 5283 2097 5337 mediocrem
2117 5299 2215 5336 au-

2313 5284 2448 5353 ὁμοῦ
2505 5283 2561 5336 δὲ
2605 5283 2768 5336 πάλιν
2797 5281 2972 5334 ἐκεῖνο
2998 5275 3446 5340 κατασκευάζων,
3475 5276 3612 5344 ὅπερ
3644 5270 3713 5344 ἦν
3751 5270 3875 5332 είκδς

643 5371 914 5428 (litoribus
951 5373 1177 5426 allatum
1212 5373 1276 5426 iri
1306 5373 2026 5439 admirationem,nimirum
2055 5376 2211 5431 exci-

2313 5377 2413 5430 ούκ
2441 5377 2497 5428 ὲν
2520 5375 2683 5444 ὀλίγῳ
2708 5373 2890 5444 μέτρῳ
2911 5369 3307 5437 καταπτοήσειν
3331 5369 3455 5429 τοὺς
3483 5365 3870 5437 ἀκροωμένους·

643 5468 885 5516 taturum
917 5478 976 5517 se
1005 5471 1277 5524 mortuos.
1310 5471 1364 5518 et
1393 5479 1490 5521 eos
1531 5465 1586 5519 iu
1632 5465 1904 5535 judicium
1940 5467 2209 5522 adductu-

2314 5463 2524 5535 ὅτιγὰρ
2544 5465 2634 5517 καὶ
2657 5463 2947 5533 ἀναστήσει
2977 5460 3102 5522 τοὺς
3137 5458 3380 5529 νεκροὺς,
3416 5457 3508 5508 καὶ
3545 5455 3683 5526 πρὸς
3713 5453 3873 5523 κρίσιν

543 5607 548 5610 _
641 5565 783 5618 rum,
814 5551 1103 5607 manifeste
1133 5554 1412 5623 praedicat,
1446 5562 1504 5609 ut
1533 5570 1598 5610 ex
1644 5571 1711 5610 eo
1736 5557 1878 5627 quod
1909 5573 1968 5612 se
2021 5574 2163 5614 cora:

2315 5555 2433 5620 ἄξει
2457 5555 2517 5608 τὸ
2548 5549 3094 5624 ποίημα,διαγορεύει
3130 5549 3336 5618 σαφῶς,
3369 5548 3455 5600 ἵνα
3479 5546 3557 5617 τῷ
3586 5543 3871 5615 προσδοκᾷν

638 5658 705 5699 eo
739 5645 969 5700 stituros
996 5645 1321 5715 aliquando,
1345 5656 1398 5703 et
1429 5649 1696 5705 rationem
1725 5647 1792 5707 de
1825 5650 2056 5722 singulis
2089 5650 2210 5707 ted-

2317 5645 2466 5721 αῦτῷ
2513 5642 2948 5718 παραστήσεσθαί
3001 5659 3150 5706 ποτε,
3203 5641 3295 5695 κα)⁴
3349 5638 3438 5693 τὸν
3496 5641 3581 5708 ἐφ’
3642 5637 3870 5695 ἑκάστοις

709 5825 755 5855 ⁸⁸
795 5825 994 5897 Supra,
1023 5842 1164 5884 vers.
1215 5826 1302 5882 20.
