4102 6552
216 404 326 458 385

211 607 320 674 τῆς
369 604 653 673 ἐνεργείας
687 602 950 669 ἑκάτερα,
987 597 1079 650 καὶ
1130 598 1259 665 μιᾶς
1312 593 1560 660 ἐξουσίας
1614 590 1674 642 τὸ
1731 591 1815 642 ἐπ’

214 699 427 766 ἀμφοῖν
464 695 791 762 ἀξιᾶγαστον
818 690 1183 759 ἀποτέλεσμα.
1223 686 1500 754 Ἐπιλέγει
1534 680 1587 737 δὲ
1621 678 1815 754 χρησί-

217 805 360 859 μως,
402 789 485 840 ὅτι
539 783 958 855 προελεύσονται
987 779 1095 834 τῶν
1153 778 1477 850 μνημάτων,
1507 778 1554 829 οἱ
1587 776 1685 846 μὲν
1727 776 1812 828 ἐπ’

214 881 471 948 αἰσχροῖς
501 877 739 938 ἁλόντες,
774 876 865 928 καὶ
898 872 1131 942 πονηρίᾳ
1174 869 1681 939 συμϐιοτεύσαντες,
1710 868 1808 937 τὴν

213 969 577 1037 ἀτελεύτητον
606 967 889 1035 ὑφέξονται
918 960 1251 1035 [ὑφέξοντες]
1274 953 1448 1030 δίκηνο
1492 960 1539 1011 οἰ
1582 958 1639 1010 δὲ
1691 957 1804 1010 δια-

214 1064 455 1132 πρεπεῖς
483 1062 540 1111 ἐν
559 1058 902 1129 ἀρεταῖς,τῆς
923 1054 1220 1116 ἐπιεικείας
1246 1051 1437 1122 μισθὸν
1465 1046 1805 1119 ἀντικομιού-

218 1160 372 1221 μενοι
433 1149 532 1218 τὴν
578 1146 793 1199 αἰώνιον
839 1138 1019 1212 ζωήν·
1052 1140 1185 1211 ὁμοῦ
1236 1139 1367 1209 μὲν,
1421 1134 1669 1205 καθάπερ
1703 1134 1804 1203 ήδη

217 1239 579 1311 προείπομεν,
613 1235 805 1289 ἑαυτὸν
844 1228 1102 1301 διανομέα
1146 1229 1253 1282 τῶν
1302 1227 1515 1295 ἑκάστῳ
1572 1224 1806 1296 πρεπόν-

216 1349 324 1384 των
372 1330 471 1383 καὶ
501 1328 588 1381 διὰ
627 1327 831 1379 τούτων
877 1323 1179 1393 εἰσφέρων,
1219 1319 1353 1390 ὁμοῦ
1395 1318 1450 1370 δὲ
1479 1315 1807 1375 ἀναπείθων,

1275 392 1342 447 ΙΝ
1370 386 1655 446 JOANNIS
1696 386 2144 442 EV'ANGELIUM
2210 386 2338 439 LIB.
2381 385 2442 437 ll.

213 515 514 571 ἀναπεῖσαι
551 511 681 582 πρὸς
710 508 958 576 γένεσιν;
990 502 1109 559 Εἶεν
1149 516 1255 574 γαρ
1291 502 1357 556 ἂν
1407 502 1549 554 οὕτω
1586 494 1684 569 τῆς
1713 497 1804 550 αύ-

1921 506 2232 567 peccatores
2260 494 2501 563 quidem,
2536 498 2591 546 et
2625 499 2894 564 quotquot
2921 490 3169 560 improbe
3216 492 3476 556 vixerint,
3572 508 3575 512 ·

3374 372 3481 438 586

1914 593 1975 640 ut
2003 594 2240 639 aeternas
2275 598 2466 652 poenas
2489 583 2662 645 luant,
2688 584 2847 637 bonis
2887 591 3068 636 autem
3099 593 3151 635 et
3178 583 3481 636 virtutibus

1910 677 2253 746 conspicuis,
2298 684 2354 727 ut
2386 675 2774 743 sempiternam
2819 675 2981 726 vitam
3021 673 3315 742 probitatis
3344 688 3483 741 prte-

1908 767 2081 820 mium
2126 764 2386 825 referant,
2426 762 2724 829 simulque,
2760 768 2818 813 ut
2862 761 2975 829 jam
3022 761 3177 830 prius
3217 758 3479 825 diximus,

1909 859 2157 926 seipsum
2189 855 2428 924 judicem
2461 868 2651 908 eorum
2693 868 2815 921 qum
2847 852 3047 920 cuique
3082 852 3352 906 debentur
3398 852 3482 906 his

1910 958 2132 1017 quoque
2177 944 2364 999 verbis
2413 943 2754 1013 signiﬁcans,
2800 959 2864 996 ac
2920 952 3180 1013 praterea
3242 945 3481 1000 suadens

1912 1048 2004 1092 aut
2038 1046 2183 1092 metu
2221 1037 2488 1089 malorum
2524 1035 2926 1103 improbitatem
2958 1036 3145 1105 fugere
3197 1045 3251 1090 et
3274 1036 3336 1089 ad
3370 1052 3483 1089 me-

1914 1129 2104 1183 liorem
2148 1127 2357 1197 frugem
2391 1142 2449 1179 se
2486 1124 2809 1185 transferre,
2841 1132 2937 1177 aut
2987 1134 3207 1179 acterna:
3230 1126 3352 1180 vitae
3382 1126 3482 1179 de.

1915 1219 2118 1275 siderio
2174 1216 2584 1288 quodammodo
2630 1215 2944 1270 stimulatos
3004 1216 3263 1269 virtutem
3318 1218 3483 1271 vehe-

1914 1311 2155 1365 mentius
2186 1324 2404 1378 cupere.

218 1426 251 1495 ἢ
290 1424 370 1494 τῷ
407 1422 557 1492 φόϐῳ
587 1419 680 1473 τοῦ
717 1417 905 1472 παθεῖν
938 1416 1006 1468 τὰ
1036 1414 1201 1476 δεινὰ,
1236 1410 1617 1482 παραιτεῖσθαι
1642 1406 1703 1460 τὸ
1736 1404 1960 1475 φαῦλον,
1995 1404 2087 1457 καὶ
2122 1400 2536 1455 συνελαύνεσθαί
2570 1415 2686 1461 πως
2715 1400 2794 1461 είς
2850 1396 2911 1449 τὸ
2941 1396 3089 1467 βιοῦν
3153 1394 3354 1448 ἐθέλειν
3384 1394 3483 1464 ἤδη

221 1516 685 1585 σωφρονέστερον,
818 1510 1000 1578 ἐφέσει
1046 1506 1402 1577 νυττομένους
1432 1503 1632 1577 τρόπον
1678 1500 1798 1555 τινὰ
1836 1502 1902 1570 τῇ
1948 1500 2075 1570 περὶ
2105 1496 2203 1567 τὴν
2236 1494 2453 1548 αίώνιον
2496 1494 2641 1565 ζωὴν
2669 1530 2683 1557 ,
2753 1490 3152 1562 συντονωτέραν
3217 1488 3483 1543 ποιεῖσθαι

222 1606 552 1670 σπουδάζειν
577 1606 675 1674 τὴν
700 1604 785 1656 ἐπ’
821 1601 1048 1670 ἀγαθοῖς
1081 1598 1408 1672 προθυμίαν.

823 1690 1072 1748 ΚΕΦΑΛ.
1126 1692 1203 1745 Θ¹.

2448 1673 2607 1744 237
2642 1672 2798 1726 CAP.
2843 1669 2932 1724 Ix.

222 1811 355 1863 ’Ὅτι
383 1807 511 1861 κατ’
540 1807 719 1861 οὐδὲν
754 1798 1018 1860 ἐλάττων
1055 1804 1159 1858 τοῦ
1199 1802 1345 1857 Θεοῦ
1390 1802 1485 1855 καὶ
1517 1798 1748 1868 Πατρός
1775 1800 1807 1852 ό

1921 1786 2060 1856 Quod
2109 1786 2275 1868 nihilo
2302 1787 2481 1868 minor
2520 1786 2589 1837 sit
2612 1784 2737 1864 .Deo
2769 1799 2829 1835 ac
2874 1779 3034 1835 Putre
3062 1778 3259 1868 filius,
3294 1780 3387 1868 sed
3427 1784 3484 1835 in

302 1881 461 1945 Υἱὸς,
502 1878 639 1932 ἀλλ’
675 1874 1000 1943 ίσοσθενὴς
1048 1876 1176 1927 κατ’
1214 1874 1519 1945 ἐνέργειαν
1563 1872 1677 1939 τὴν
1715 1869 1806 1938 ἐφ’

295 1943 536 2003 ἅπασίν
564 1948 753 2007 ἐστιν,
783 1948 861 2011 ὡς
896 1948 1038 2010 Θεὸς
1062 1945 1131 1997 ἐκ
1167 1943 1336 1998 Θεοῦ.

300 2043 385 2094 Οὐ
437 2040 692 2108 δύναμαι
739 2037 853 2106 ἐγὼ
912 2035 1104 2089 ποιεῖν
1141 2035 1241 2089 ἀπ’
1300 2032 1558 2103 ἐμαυτοῦ
1606 2029 1805 2086 οὐδέν.

227 2131 440 2197 Καθὼς
471 2132 688 2193 ἀκούω,
729 2130 929 2197 κρίνω,
970 2126 1069 2180 καὶ
1106 2126 1142 2193 ἠ
1177 2128 1374 2195 κρίσις
1400 2126 1438 2191 ή
1469 2123 1581 2193 ἐμὴ
1614 2124 1811 2177 δίκαιά

226 2223 424 2277 ἐστίν’
454 2221 543 2275 ὅτι
575 2223 647 2275 οὐ
695 2219 843 2287 ζητῶ
878 2218 944 2271 τὸ
981 2218 1210 2286 θέλημα
1253 2217 1318 2269 τι)
1355 2216 1520 2284 ἐμὸν,
1552 2214 1712 2269 ἀλλὰ
1745 2212 1811 2267 τὸ

230 2315 461 2383 θέλημα
489 2313 594 2367 τοῦ
624 2312 974 2380 πέμψαντός
1000 2328 1076 2378 με
1102 2310 1353 2375 Πατρός.

315 2402 636 2471 Ἐπίστησον
685 2400 845 2453 πάλιν
885 2403 999 2461 τοῖς
1035 2397 1350 2469 λεγομένοις
1395 2394 1809 2468 ἀκριϐέστερον,

232 2494 331 2547 καὶ
357 2492 643 2564 δέχου..τοῦ
679 2491 1031 2563 θεωρῇματος
1054 2492 1129 2555 ὼς
1159 2494 1217 2544 ἐν
1245 2490 1491 2560 περινοίᾳ
1522 2490 1621 2558 τὴν
1656 2487 1813 2540 δύνα-

237 2605 349 2657 μιν.
389 2588 506 2641 Οὐκ
541 2586 737 2648 εἰδότες
770 2585 1010 2638 Ἰουδαῖοι
1050 2583 1151 2653 τῆς
1192 2581 1329 2653 μετά
1368 2580 1565 2650 σαρκὸς
1612 2581 1813 2631 οἰκονο-

234 2680 366 2751 μίας
397 2678 458 2731 τὸ
497 2677 630 2746 βαθὺ
665 2677 981 2746 μυστήριον,
1032 2674 1147 2729 ἀλλ’
1194 2673 1317 2726 οὐδὲ
1364 2674 1455 2725 τὸν
1502 2670 1813 2724 ἐνοικοῦντα

228 2768 312 2837 τῷ
348 2770 416 2821 ἐκ
453 2767 724 2836 Παρθένου
776 2765 888 2836 ναῷ
940 2765 1071 2818 Θεὸν
1122 2764 1294 2832 Λόγον
1343 2764 1809 2829 ἐπιγινώσκοντες,

230 2859 382 2930 ζήλῳ
416 2857 675 2919 πολλάκις
723 2854 1140 2925 πεπλανημένῳ,
1187 2854 1281 2906 καὶ
1327 2853 1387 2905 οὐ
1420 2850 1498 2921 τῷ
1545 2851 1665 2903 κατ’
1697 2849 1815 2901 ἐπί-

227 2966 458 3018 γνωσιν,
491 2948 564 3011 ὡς
597 2952 624 3001 ὁ
668 2946 877 3010 Παῦλος
908 2962 1094 3014 φησιν,
1125 2946 1202 3008 εἰς
1246 2942 1546 3014 ἀγριότητα
1596 2941 1814 3011 τρόπων

230 3044 330 3097 καὶ
360 3041 669 3112 ἀνημέρους
706 3040 873 3110 ὁργάς
904 3038 1210 3101 ἐξεκαίοντο
1230 3050 1243 3064 ’
1275 3037 1368 3088 καὶ
1411 3035 1474 3104 δὴ
1516 3034 1607 3086 καὶ
1650 3048 1817 3086 κατα-

1981 1857 2222 1980 ἓηηῧὺιιε
2256 1857 2471 1924 agendis
2503 1855 2621 1922 pari
2652 1863 2910 1921 potestate
2938 1852 3219 1917 pra'ditus,
3250 1863 3305 1904 ut
3342 1851 3483 1905 Deus

2019 1945 2046 1980 e
2121 1943 2201 1980 eo.

2019 1945 2046 1982 e
2073 1943 2201 1980 υεο.

1982 2019 2057 2084 ν,
2107 2018 2196 2073 30.
2239 2016 2363 2071 Non
2407 2032 2618 2085 possum
2667 2030 2759 2084 ego
2805 2028 2836 2066 a
2887 2014 3081 2075 meipso
3119 2014 3291 2080 facere
3335 2011 3488 2080 quid—

1906 2130 2087 2183 quam.
2150 2109 2300 2164 Sicut
2355 2109 2551 2167 audio.
2595 2107 2782 2175 judico
2831 2122 2848 2159 :
2895 2115 2943 2158 et
2990 2104 3260 2173 judicium
3316 2118 3485 2155 meum

1901 2204 2107 2273 justum
2140 2211 2248 2264 est;
2277 2202 2404 2271 quia
2439 2216 2541 2253 non
2576 2214 2756 2267 qurere
2790 2196 3117 2251 voluntatem
3167 2211 3358 2258 meam,
3397 2195 3486 2248 sed

1912 2297 2239 2353 voluntatem
2263 2294 2377 2363 ejus
2409 2292 2498 2363 qui
2531 2292 2674 2345 misit
2711 2307 2789 2343 me
2828 2289 3029 2342 Patris.

1984 2412 2217 2465 Attende
2252 2422 2471 2462 rursum
2508 2406 2695 2459 aerius
2734 2405 2789 2457 in
2837 2418 2899 2456 ea
2935 2417 3057 2471 quae
3105 2399 3393 2460 dicuntur,
3435 2406 3489 2451 et

1911 2505 2019 2558 vim
2063 2503 2255 2555 horum
2288 2499 2580 2554 verborum
2618 2496 2894 2550 intellectu
2945 2494 3183 2563 percipe.
3219 2491 3356 2545 Cum
3392 2490 3489 2543 Ju-

1913 2595 2012 2649 daei
2041 2594 2209 2647 altum
2236 2589 2634 2645 incarnationis
2664 2587 2983 2657 mysterium
3031 2585 3369 2653 ignorarent,
3395 2583 3489 2636 sed

1916 2699 2097 2753 neque
2134 2678 2343 2736 s'eirent
2391 2679 2558 2732 Deum
2585 2676 2821 2730 Verbum
2853 2673 3163 2728 inhabitare
3207 2674 3259 2723 in
3289 2672 3491 2738 templo

1915 2775 2181 2846 Virginis,
2224 2784 2459 2827 erroneo
2506 2770 2825 2835 plerumque
2872 2765 3008 2825 zelo,
3038 2771 3094 2817 et
3136 2776 3241 2814 non
3290 2776 3490 2814 secun-

1915 2867 2043 2921 dum
2080 2866 2391 2924 scientiam,
2428 2872 2489 2913 ut
2527 2859 2731 2912 Paulus
2764 2858 2839 2909 ait
2862 2860 2926 2921 θ’,
2967 2857 3022 2910 in
3060 2869 3273 2908 morum
3303 2854 3493 2908 ferita-

1915 2967 2027 3013 tem
2055 2962 2111 3012 et
2144 2956 2411 3009 immunes
2451 2952 2563 3006 iras
2595 2948 3033 3003 exardescebant
3066 2963 3078 2999 :
3119 2947 3370 3014 adeoque
3414 2946 3493 2998 la-

1915 3048 2135 3119 pidibus
2153 3047 2327 3115 ipsuln
2352 3044 2584 3096 obruere
2614 3041 2951 3100 nitebantur,
2979 3036 3149 3107 quod,
3182 3037 3342 3091 homo
3366 3050 3491 3089 cum

229 3133 414 3187 λεύειν
436 3132 749 3203 ἐπεχείρουν
786 3131 968 3193 αὑτὸν,
1004 3132 1194 3197 ὅτιπερ
1226 3127 1507 3197 ἄνθρωπος
1560 3124 1657 3187 ὢν,
1690 3125 1813 3176 ἐαυ-

1921 3147 2089 3202 esset,
2140 3137 2380 3205 seipsqu
2436 3132 2604 3186 Deum
2640 3130 2872 3193 faceret,
2904 3144 2969 3182 ac
3008 3135 3298 3197 praeterea,
3346 3125 3493 3195 qitod

230 3224 326 3278 τὸν
352 3224 528 3277 ἐποίει
562 3223 715 3287 Θεὸν,
766 3223 861 3276 καὶ
907 3221 1088 3286 πάλιν,
1118 3221 1199 3273 ὅτι
1240 3219 1458 3287 Πατέρα
1501 3218 1630 3270 ἴδιον
1664 3216 1815 3284 ἔλεγε

230 3317 326 3370 τὸν
368 3316 524 3379 Θεὸν,
580 3316 694 3368 ἴσον
739 3315 929 3367 ἑαυτὸν
978 3312 1144 3365 ποιῶν
1192 3310 1269 3381 τῷ
1314 3309 1450 3380 Θεῷ.
1495 3310 1708 3379 Ἐπειδὴ
1760 3309 1816 3362 δὲ

229 3404 377 3480 ἦσαν
411 3406 552 3461 οὕτω
581 3405 892 3476 δυσμαθεῖς,
939 3406 1033 3458 καὶ
1075 3402 1393 3474 θεοπρεπῶν
1431 3402 1526 3472 μὲν
1555 3400 1689 3463 ὅλως
1718 3399 1817 3452 οὐκ

232 3502 558 3573 ἀνεχόμενοι
608 3500 804 3569 λόγων,
849 3498 1020 3571 μικρά
1062 3498 1121 3551 δέ
1172 3497 1300 3568 περὶ
1354 3495 1518 3549 αὐτοῦ
1574 3495 1664 3549 καὶ
1689 3511 1819 3566 φρο⁴

242 3595 456 3659 νοῢντες
516 3593 612 3646 καὶ
666 3592 850 3659 λέγετε
890 3591 998 3664 [ιον.
1055 3587 1348 3661 λέγοντες],
1395 3588 1749 3659 οἰκονομικῶς
1789 3587 1820 3640 ὁ

235 3682 433 3753 Σωτὴρ
481 3681 829 3752 συννηπιάζει
887 3680 988 3751 μὲν
1036 3682 1239 3745 αὐτοῖς,
1271 3679 1617 3750 κεκραμένην
1653 3678 1696 3731 δ’
1726 3674 1819 3732 οὗν

236 3774 392 3842 ὅμως
421 3774 655 3825 ἐποιεῖτο
681 3772 779 3841 τὴν
810 3772 1083 3841 ἐξήγησιν,
1106 3771 1230 3824 οὔτε
1273 3772 1400 3834 τοὺς
1431 3770 1507 3840 τῷ
1533 3768 1652 3840 Θεῷ
1684 3770 1821 3841 πρέ-

239 3880 445 3925 ποντας
492 3862 680 3930 λόγους
725 3861 983 3925 ὁλοτελῶς
1032 3860 1485 3932 παραιτούμενος,
1545 3860 1667 3913 οὔτε
1715 3859 1820 3931 μὴν

238 3956 323 4016 είς
350 3954 642 4024 ὀλόκληρον
665 3953 773 4006 τῶν
799 3953 1151 4025 ἀνθρωπίνων
1182 3953 1442 4025 ῥημάτων
1472 3952 1782 4020 ἀποφοιτῶν
1804 3966 1818 3980 '

238 4043 417 4097 εἰπὼν
450 4043 508 4096 δέ
534 4060 587 4095 τι
629 4046 727 4114 τῆς
759 4043 948 4111 θεῖκῆς
992 4043 1239 4110 ἐξουσίας
1272 4043 1438 4107 ἄξιον,
1481 4041 1821 4111 παραχρῆμα

239 4135 464 4198 κολάζει
513 4135 602 4188 τὸν
658 4134 979 4188 ἀπαίδευτον
1032 4136 1141 4188 τῶν
1199 4135 1561 4205 ἀκροωμένων
1617 4133 1818 4202 θυμὸν,

241 4224 544 4295 ἐπαγαγών
572 4244 625 4279 τι
652 4226 743 4279 καὶ
771 4226 1127 4298 ἀνθρώπινον,
1165 4229 1259 4281 καὶ
1301 4227 1459 4280 πάλιν
1482 4225 1823 4294 ἀνθρώπινόν

240 4336 295 4371 τι
316 4316 407 4370 διὰ
436 4315 536 4387 τὴν
562 4316 868 4385 οἰκονομίαν
896 4316 1084 4378 εἰπὼν,
1111 4317 1211 4369 οὐκ
1260 4317 1316 4367 ἐν
1352 4317 1564 4385 μικροῖς
1593 4312 1822 4383 ὁρᾶσθαι

244 4409 430 4477 μόνοις
458 4408 527 4462 τὰ
574 4408 695 4461 καθ’
726 4408 939 4473 ἑαυτὸν,
966 4407 1099 4460 Θεὸν
1146 4408 1272 4461 ὅντα
1318 4407 1456 4459 κατὰ
1502 4405 1663 4474 φύσιν
1707 4408 1824 4457 ἐπι-

238 4496 502 4554 δεικνύων
528 4501 615 4553 διά
648 4502 747 4571 τῆς
782 4501 922 4569 ὑπὲρ
959 4500 1243 4571 ἄνθρωπον
1292 4499 1474 4568 ἰσχύος
1529 4499 1621 4551 καὶ
1648 4498 1822 4566 λόγων

242 4590 525 4653 πολλάκις.
556 4591 821 4661 Τοιαύτην
846 4593 969 4644 τινὰ
998 4591 1092 4645 καὶ
1122 4591 1216 4644 νῦν
1244 4593 1301 4643 ἐν
1327 4593 1439 4654 τοῖς
1465 4590 1665 4660 ἀρτίως
1693 4591 1823 4659 ἡμῖν

241 4682 627 4752 προκειμένοις
656 4683 911 4753 εὑρήσεις
939 4682 1036 4753 τὴν
1060 4683 1274 4753 τέχνην.
1309 4682 1373 4733 Τί
1406 4681 1516 4751 γάρ
1550 4680 1656 4750 ἔφη
1690 4679 1827 4749 φθά-

241 4793 376 4841 σας;
414 4794 433 4826 ι
477 4776 688 4845 ’Ὠσπερ
719 4774 826 4846 γὰρ
862 4776 891 4828 ὁ
935 4774 1123 4845 Πατὴρ
1175 4774 1375 4844 ἐγείρει
1406 4773 1530 4836 τοὺς
1577 4774 1826 4844 νεκροὺς,

240 4869 333 4919 καὶ
364 4867 654 4929 ζωοποιεί’
691 4886 709 4918 ι
753 4863 873 4920 εἶτα
908 4867 1090 4930 πάλιν,
1127 4885 1145 4917 ι
1189 4866 1311 4920 ’Ὁτι
1360 4865 1574 4936 ἔρχεται
1603 4864 1742 4935 ὦρα,
1771 4865 1828 4919 ἐν

242 4952 274 5027 ᾖ
313 4957 518 5019 πάντες
547 4958 597 5008 οἱ
622 4958 681 5008 ὲν
714 4959 825 5020 τοῖς
862 4957 1145 5027 μνημείοις
1175 4957 1495 5009 ἀκούσονται
1524 4955 1622 5024 τῆς
1644 4955 1831 5024 φωνῆς

242 5046 436 5100 αὐτοῦ·
481 5067 498 5099 ι
536 5049 629 5101 καὶ
653 5049 788 5119 πρὸς
828 5049 1054 5113 τούτοις,
1088 5050 1169 5102 ὅτι
1197 5049 1290 5102 καὶ
1315 5047 1683 5115 ἐξελεύσονται
1719 5063 1833 5117 κρι-

244 5137 560 5209 θησόμενοι,
615 5141 710 5191 καὶ
762 5139 1040 5208 ἀναλόγως
1091 5140 1399 5210 ὡσπερανεὶ
1453 5139 1680 5211 ἐργάται
1731 5137 1832 5207 τὴν

244 5228 594 5297 ἀντιμισθίαν
640 5230 1062 5302 ἀποληψόμενοι.
1136 5234 1192 5286 '0
1240 5234 1297 5286 δὲ
1351 5232 1605 5287 δύνασθαι
1657 5230 1831 5298 λέγων

244 5319 458 5389 οὕσπερ
485 5319 550 5372 ἂν
577 5319 750 5374 ἐθέλει
779 5320 1080 5391 ζωογονεῖν,
1118 5324 1211 5378 καὶ
1238 5324 1409 5387 οὕτως
1436 5324 1510 5386 ὡς
1536 5325 1565 5376 ὁ
1598 5322 1789 5393 Πατήρ
1812 5336 1825 5351 ’

150 5450 161 5455 -
246 5408 369 5472 πῶς
409 5409 475 5462 ἂν
518 5411 638 5481 οὐχὶ
690 5411 788 5482 τὴν
842 5413 961 5484 θεῷ
1013 5414 1326 5485 πρέπουσαν
1375 5413 1601 5483 δύναμιν
1654 5412 1829 5483 ἑαυτῷ

245 5502 424 5552 νοοῖτο
454 5500 749 5570 περιτιθείς
776 5519 791 5567 ;
824 5503 1015 5557 Ἔσται
1052 5504 1107 5557 δέ
1137 5505 1217 5556 ὅτι
1260 5504 1353 5556 καὶ
1391 5503 1604 5557 πάντων
1638 5503 1830 5573 κριτὴς

246 5592 277 5644 ὁ
304 5590 603 5662 διαρρήδην
633 5591 825 5659 εἰπὼν,
853 5593 967 5657 πῶς
1007 5595 1104 5647 οὐκ
1140 5594 1206 5648 ἂν
1257 5593 1552 5665 ἐκταράεαι
1604 5594 1828 5656 δικαίως

247 5682 378 5744 τοὺς
398 5679 685 5752 ἄνθρωπον
707 5682 785 5736 ἔτι
808 5686 1008 5755 γυμνὸν
1034 5686 1307 5757 οἰομένους
1335 5686 1600 5758 ὑπάρχειν
1632 5686 1827 5758 αὑτόν;

324 5796 369 5826 ⁵⁸
406 5794 565 5853 Rom.
598 5814 629 5852 ι
652 5838 666 5864 ,
696 5800 751 5854 2.

1917 3230 2135 3284 Patrem
2166 3240 2322 3280 suum
2358 3223 2527 3277 Deum
2561 3231 2798 3281 vocaret,
2823 3220 3087 3288 :equalem
3136 3219 3376 3287 seipsum
3410 3216 3493 3271 fa-

1919 3319 2072 3374 ciens
2114 3316 2247 3370 Deo.
2288 3312 2424 3367 Cum
2471 3319 2651 3365 autem
2704 3315 2893 3364 essent
2945 3309 3082 3363 adeo
3123 3308 3372 3373 hebetes,
3429 3321 3494 3361 ac

1918 3410 2136 3466 divinos
2183 3420 2466 3461 sermones
2502 3405 2691 3474 utique
2733 3417 2840 3456 non
2873 3401 3102 3460 ferrent.
3139 3401 3316 3470 deque
3369 3400 3491 3471 ipso

1920 3503 2157 3558 tenuiter
2195 3497 2488 3552 admodum
2533 3496 2803 3551 sentirent
2839 3509 2904 3548 ac
2952 3495 3332 3564 loquerentur,
3384 3494 3498 3548 sin.

1920 3594 2095 3668 gulari
2129 3591 2368 3647 consilio
2410 3587 2662 3643 Salvator
2698 3588 2763 3642 ad
2796 3602 2987 3641 eorum
3028 3585 3323 3656 pueritiam
3371 3602 3497 3642 sese

1920 3690 2186 3755 demittit,
2234 3690 2535 3754 temperata
2592 3680 2955 3735 nihilominus
3011 3679 3357 3748 expositione
3390 3678 3500 3731 uti-

1921 3789 2033 3843 tur,
2075 3794 2202 3833 cum
2248 3790 2351 3832 nec
2386 3774 2780 3829 convenientes
2833 3770 2945 3825 Deo
3003 3784 3287 3826 sermones
3337 3771 3499 3840 plane

1921 3872 2190 3942 repudiet,
2219 3883 2324 3923 nec
2365 3867 2432 3920 ab
2462 3864 2718 3918 humanis
2750 3863 3037 3917 vocabulis
3088 3862 3142 3915 in
3178 3869 3350 3915 totum
3406 3877 3493 3915 re—

1923 3964 2095 4034 fugiat
2135 3980 2147 4015 :
2178 3961 2273 4015 sed
2307 3959 2495 4013 divina
2537 3963 2809 4025 potestate
2838 3956 3063 4025 dignum
3099 3951 3309 4021 aliquid
3348 3955 3498 4005 loeu-

1922 4066 2047 4115 tus,
2096 4050 2285 4106 statim
2335 4048 2543 4118 aliquid
2585 4048 2886 4100 humanum
2934 4044 3153 4113 subjicit
3190 4060 3299 4113 quo
3348 4044 3500 4097 inso—

1925 4149 2122 4202 lentem
2164 4160 2354 4199 eorum
2411 4144 2652 4196 animum
2711 4140 3015 4209 reprimat;
3070 4146 3123 4192 et
3169 4152 3365 4189 rursus
3406 4135 3496 4189 ubi

1926 4246 2152 4307 propter
2191 4233 2592 4291 incarnationis
2631 4230 3102 4301 dispensationem
3160 4226 3363 4295 aliquid
3398 4226 3500 4279 bu-

1924 4341 2145 4381 manum
2193 4325 2443 4394 protulit,
2479 4324 2684 4377 virtute
2731 4330 2785 4375 et
2818 4334 2949 4373 voce
3001 4319 3240 4371 humana
3301 4316 3497 4382 majori

1929 4434 2071 4488 saepe
2103 4416 2349 4470 ostendit
2389 4431 2468 4477 se,
2516 4413 2659 4468 Deus
2691 4424 2816 4465 cum
2860 4411 2935 4465 sit
2983 4408 3285 4463 secundum
3339 4416 3501 4461 natu»

1928 4525 2069 4575 ram,
2118 4511 2173 4563 in
2205 4524 2272 4563 eo
2312 4515 2526 4561 tantum
2576 4503 2908 4559 humilitatis
2941 4509 3085 4557 statu
3119 4517 3229 4555 non
3267 4501 3497 4556 versari.

1929 4601 2243 4657 Istiusmodi
2272 4599 2565 4669 quamdam
2589 4605 2761 4652 artem
2795 4595 2959 4650 etiam
2998 4596 3052 4649 in
3086 4596 3153 4649 iis
3184 4610 3307 4665 quae
3338 4595 3503 4649 modo

1928 4693 2209 4763 proposita
2256 4699 2387 4745 sunt
2429 4689 2693 4759 reperies.
2746 4688 2859 4744 Cur
2897 4688 3044 4742 enim
3106 4696 3264 4741 antea
3306 4686 3444 4740 dixit
3485 4705 3497 4739 :
3580 4722 3585 4733 ι

1936 4804 1955 4836 ε
1990 4784 2144 4839 Sicut
2176 4783 2321 4838 enim
2353 4782 2512 4835 Pater
2541 4782 2774 4835 suscitat
2804 4788 3074 4843 mortuos,
3094 4786 3148 4831 et
3170 4778 3449 4840 viviﬁcat;
3478 4797 3496 4827 ι

1930 4879 2061 4934 item
2103 4895 2116 4931 :
2162 4894 2184 4926 ι
2228 4874 2369 4942 Quia
2405 4874 2556 4929 venit
2603 4874 2761 4936 hora,
2796 4873 2851 4927 in
2905 4888 3012 4942 qua
3060 4885 3251 4924 onmes
3302 4868 3502 4922 mortui

1931 4980 2119 5023 vocem
2165 4967 2287 5034 ejus
2327 4965 2596 5029 audient;
2636 4984 2654 5016 ι
2689 4974 2982 5034 prmterea,
3030 4973 3088 5016 et
3126 4960 3272 5029 quod
3316 4973 3505 5027 proce-

1935 5059 2066 5115 dent
2104 5056 2375 5125 judicium
2415 5056 2679 5116 subituri,
2712 5065 2769 5109 ct
2823 5070 2921 5123 pro
2962 5052 3082 5108 suis
3117 5048 3327 5105 meritis
3364 5063 3505 5103 mer-

1932 5149 2123 5205 cedem
2153 5148 2475 5217 recepturi?
2510 5147 2580 5200 At
2614 5146 2706 5216 qui
2741 5146 2876 5200 dicit
2915 5158 3077 5214 posse
3110 5156 3169 5195 se
3202 5156 3341 5210 quos
3371 5139 3503 5193 velit

1932 5241 2036 5294 vivi
2050 5239 2232 5301 ticare,
2262 5255 2372 5293 nou
2399 5254 2562 5294 secus
2598 5252 2662 5291 ac
2691 5236 2855 5290 Pater
2885 5254 2898 5287 :
2926 5233 3200 5303 quomodo
3236 5246 3341 5285 non
3375 5245 3504 5284 ceu—

1937 5335 2145 5388 sebitur
2192 5333 2435 5387 divinam
2482 5333 2587 5386 sibi
2637 5331 2864 5401 gloriam
2898 5326 3197 5395 arrogare?
3226 5324 3331 5391 Qui
3373 5339 3505 5378 vero

1934 5425 2115 5495 palam
2153 5425 2354 5479 usserit
2387 5440 2446 5479 se
2475 5425 2859 5477 universorum
2900 5420 3015 5472 tore
3065 5418 3329 5487 judicem,
3362 5431 3501 5485 quo-

1938 5514 2100 5567 modo
2122 5529 2229 5567 non
2268 5513 2390 5582 jure
2428 5513 2686 5583 percellet
2718 5525 2815 5565 eos
2852 5508 2944 5578 qui
2982 5524 3193 5562 merum
3224 5506 3502 5560 hominem

1937 5605 2102 5675 338
2144 5606 2321 5673 ipsum
2358 5619 2481 5659 csse
2516 5603 2746 5673 putant?
2791 5602 2927 5657 Cum
2970 5601 3116 5655 enim
3161 5598 3370 5652 Hebraei
3414 5611 3504 5649 es-

1937 5704 2079 5763 sent,
2112 5711 2175 5750 ac
2202 5695 2409 5751 divinis
2442 5696 2646 5752 eruditi
2682 5694 2926 5759 Litteris,
2962 5692 3243 5763 probabile
3268 5695 3385 5745 erat
3406 5702 3504 5744 eos
