4102 6558
629 364 738 423 587

1592 355 1650 411 S.
1690 351 1969 410 CYRILLI
2011 349 2484 407 ALEXANDRINI
2519 348 2839 406 ARCIIIEP.

3792 350 3888 405 δῖε

633 497 743 538 non
769 481 1028 549 ignorare
1061 469 1371 528 Deum'fore
1396 468 1571 525 totius
1593 467 2029 538 orbisjudicem,
2063 465 2206 536 apud

2322 458 2423 516 Ἦν
2451 463 2558 533 γὰρ
2585 462 2669 533 δὴ,
2702 462 2842 516 κατὰ
2876 460 2938 515 τὸ
2967 457 3133 525 εἰκὸς,
3170 459 3453 532 Ἐϐραίους
3489 460 3651 525 ὄντας
3681 461 3893 526 αὐτοὺς,

633 584 774 640 quos
822 567 955 622 illud
1024 575 1401 633 saepenumero
1450 560 1755 614 cauebatur
1798 576 1810 611 :
1858 575 1876 607 ι
1936 557 2204 624 Exsurge,

634 662 814 723 Deus,
856 657 1043 728 judica
1077 663 1283 708 terram
1304 653 1372 707 ⁷ο.
1400 672 1418 704 ι
1461 650 1526 704 Et
1564 665 1783 704 rursum
1826 664 1890 700 ι(
1933 647 2209 712 Quoniam

638 751 782 806 Deus
827 748 1001 819 iudex
1035 746 1210 801 est“.
1243 764 1260 797 ι
1294 744 1432 809 Quia
1473 756 1606 812 ergo
1658 741 1859 795 stultos
1911 739 2083 793 hosce
2113 736 2211 791 Ju-

634 843 878 897 daeorum
912 839 1147 910 populos
1178 836 1389 892 sciebat
1413 850 1532 889 eam
1565 834 1636 887 ob
1664 847 1777 887 rem
1809 830 2105 900 indignari,
2141 829 2210 883 ab

635 934 715 988 ira
750 932 914 986 solita
939 946 1037 985 eos
1064 939 1260 984 avocat
1280 927 1521 981 humano
1549 939 1723 986 more,
1752 924 1943 977 dicens
1982 939 1995 975 :
2030 938 2049 971 ι
2090 918 2210 973 Non

636 1038 862 1093 possum
890 1037 994 1091 ego
1027 1036 1058 1075 a
1092 1022 1305 1090 meipso
1339 1018 1522 1072 facere
1559 1016 1883 1086 quidquam.
1920 1011 2076 1066 Sicut
2114 1025 2211 1064 au-

635 1116 749 1177 dio,
777 1114 987 1183 judico.
1038 1131 1056 1163 ι
1091 1110 1274 1164 Prima
1315 1109 1478 1179 igitur
1532 1106 1716 1160 fronte
1748 1104 1961 1158 videtur
1991 1100 2210 1155 Judazo—

639 1223 761 1260 rum
816 1212 1057 1260 mentem
1118 1202 1385 1265 irridere;
1457 1196 1850 1253 imbecillitatis
1908 1193 2053 1249 enim
2111 1206 2213 1245 cu-

633 1298 892 1369 jusdam,
942 1311 1052 1349 non
1092 1302 1273 1347 autem
1319 1291 1503 1345 liberte
1550 1286 1837 1359 potestatis
1894 1283 2208 1351 opinionem

639 1403 753 1458 pra:
806 1402 866 1442 se
914 1386 1019 1442 fert
1064 1384 1265 1443 oratio,
1314 1380 1568 1451 quamvis
1607 1379 1680 1432 ita
1723 1391 1830 1429 non
1866 1375 1939 1430 sit
1984 1387 2207 1436 revera;

638 1481 843 1550 quippe
889 1493 1016 1533 cum
1065 1475 1292 1546 aequalis
1322 1474 1394 1528 sit
1433 1487 1530 1541 per
1578 1469 1761 1523 omnia
1806 1466 1955 1520 Patri
2015 1464 2208 1530 Filius,

637 1570 828 1625 eadem
881 1567 1083 1621 virtute
1125 1579 1190 1617 ac
1237 1570 1506 1632 potestate
1537 1560 1798 1630 praeditus
1826 1566 1911 1612 est
1946 1555 2213 1609 naturali-

637 1670 740 1716 ter.
792 1660 884 1713 Ait
930 1667 1112 1711 autem
1154 1669 1265 1709 nou
1315 1668 1475 1724 posse
1531 1652 1716 1707 facere
1744 1666 1804 1705 se
1835 1648 2140 1719 quidquam
2179 1659 2209 1697 a

636 1753 842 1819 seipse,
881 1748 979 1803 sed
1021 1749 1164 1804 sicut
1217 1746 1457 1799 audierit
1508 1743 1795 1813 judicare,
1857 1741 1965 1794 alio
2015 1753 2211 1794 rursus

2316 556 2410 610 καὶ
2456 557 2568 618 τοῖς
2608 557 2774 625 ἱεροῖς
2824 555 3371 627 παιδαγωγουμένους
3412 553 3762 623 Γράμμασιν,
3802 554 3894 606 οὑν

2314 646 2578 716 ἀγνοῆσαι
2622 646 2920 711 παντελῶς,
2966 647 3049 700 ὅτι
3092 647 3221 709 Θεὸς
3251 646 3402 699 ἔσται
3451 648 3551 716 τῆς
3576 644 3894 713 οἰκουμένης

2316 737 2530 809 κριτὴς,
2580 738 2701 791 ἐπεὶ
2755 738 2848 791 καὶ
2892 741 3021 810 παρ’
3054 739 3237 802 αὐτοῖς
3288 737 3548 799 πολλάκις
3606 735 3893 804 assum-

2323 847 2342 881 ι
2390 830 2642 893 Ἀνάστα,
2691 831 2720 883 6
2761 830 2911 894 Θεὸς,
2960 833 3142 902 κρῖνον
3191 829 3290 900 τὴν
3329 830 3454 900 γῆν.
3487 849 3504 881 ι
3544 829 3656 883 Καὶ
3706 828 3894 882 πάλιν·

2322 937 2342 971 ι
2381 921 2503 973 Ὅτι
2552 922 2581 974 6
2635 920 2766 984 Θεὸς
2815 923 3006 993 κριτής
3061 925 3228 976 ἐστιν.
3275 941 3294 974 ι
3339 921 3493 974 Ἐπεὶ
3547 918 3642 975 οὖν
3692 920 3895 983 τούτοις

2316 1011 2679 1081 ἀσχάλλοντας
2703 1012 2818 1082 ᾔδει
2847 1014 2972 1076 τοὺς
2995 1013 3254 1084 ἀνοήτους
3274 1012 3383 1065 τῶν
3414 1012 3685 1065 Ἰουδαίων
3719 1010 3895 1074 λαοὺς,

2315 1106 2415 1174 τῆς
2447 1102 2618 1173 αὐτῆς
2647 1103 2908 1173 συνήθους
2934 1105 3105 1175 ὀργῆς
3134 1104 3376 1174 ἐξίστησι
3416 1102 3588 1172 λέγων
3618 1102 3717 1157 ἀνθ
3728 1119 3895 1172 ρωπι-

2317 1190 2587 1262 νώτερον·
2635 1211 2654 1243 ι
2706 1194 2779 1246 Οὐ
2834 1193 3070 1264 δύναμαι
3129 1193 3239 1262 ἐγὼ
3286 1197 3457 1247 ποιεῖν
3514 1193 3608 1246 ἀπ’
3662 1192 3897 1262 ἐμαυτοῦ

2316 1284 2489 1338 οὐδέν.
2526 1283 2725 1349 Καθὼς
2756 1285 2958 1347 ἀκούω,
2993 1286 3180 1356 κρίνω.
3224 1305 3243 1338 ι
3281 1286 3442 1339 Ὅσον
3473 1287 3572 1356 μὲν
3601 1281 3701 1339 οὖν
3731 1284 3895 1345 ἐστιν,

2318 1377 2382 1429 ὲκ
2420 1376 2514 1430 τοῦ
2573 1378 2865 1448 προχείρου
2918 1378 3201 1444 λαϐόντας,
3231 1380 3446 1446 εἰπεῖν,
3507 1378 3741 1448 διαγελᾷ
3800 1378 3897 1430 τῶν

2331 1467 2595 1522 Ἰουδαίων
2618 1469 2709 1523 τὸν
2739 1469 2893 1522 νοῦνο
2918 1470 3199 1535 ἀσθενείας
3219 1472 3326 1542 γάρ
3350 1488 3515 1536 τινος,
3547 1472 3642 1524 καὶ
3672 1472 3733 1523 οὐ
3771 1472 3897 1522 πάν-

2317 1576 2418 1622 τας
2442 1558 2554 1632 [γρ.
2585 1559 2824 1633 πάντως]
2856 1560 3144 1633 ἐλευθέρας
3171 1562 3416 1629 ἐξουσίας
3437 1562 3710 1633 ὑπόληψιν
3740 1560 3899 1614 πλάτ-

2317 1670 2468 1708 τεται
2516 1655 2610 1709 τοῦ
2657 1655 2816 1723 λόγου
2862 1656 2923 1709 τὸ
2972 1657 3175 1727 σχῆμα,
3207 1656 3319 1727 ἔχει
3365 1656 3419 1710 δὲ
3455 1658 3554 1726 οὐχ
3591 1655 3739 1709 οὕτω
3784 1656 3896 1707 κατ’

2320 1747 2596 1817 ἀλήθειανο
2628 1748 2859 1820 ἐπείπερ
2898 1748 3011 1812 ἴσος
3044 1748 3119 1801 ὢν
3164 1750 3192 1803 6
3239 1749 3367 1813 Υἱὸς
3410 1750 3551 1802 κατὰ
3598 1747 3783 1801 πάντα
3830 1747 3899 1817 τῷ

638 1840 803 1893 modo
853 1838 1068 1909 sibiipsi
1122 1836 1367 1892 eamdem
1423 1836 1760 1889 voluntatem
1819 1846 1884 1886 ac
1953 1830 2209 1885 virtutem

2322 1841 2513 1912 Πατρὶ,
2554 1841 2652 1913 τὴν
2689 1843 2857 1914 αὐτὴν
2895 1844 3175 1913 ὲνέργειάν
3227 1861 3287 1897 τε
3346 1842 3438 1896 καὶ
3494 1840 3748 1906 ἐξουσίαν
3794 1840 3898 1909 ἔχει

636 1931 945 1987 ostendens
976 1944 1099 1984 esse
1128 1943 1251 1999 qua:
1274 1926 1383 1982 Deo
1411 1941 1475 1981 ac
1512 1924 1680 1979 Patri.
1707 1924 1897 1994 Neque
1920 1924 2068 1978 enim
2100 1921 2210 1975 ulla

641 2024 698 2077 in
735 2037 795 2076 re
840 2020 1063 2091 operari
1104 2018 1424 2074 censebitur
1469 2018 1622 2082 solus
1666 2031 1731 2070 ac
1767 2015 1999 2071 seorsim
2053 2012 2215 2068 Pater

640 2114 855 2183 absque
890 2110 1047 2176 Filio,
1099 2125 1223 2165 cum
1262 2111 1438 2178 ipsum
1474 2110 1673 2164 habeat
1713 2109 1881 2163 robur
1919 2123 1986 2162 ac
2032 2108 2216 2161 virtu-

642 2214 775 2261 tem.
807 2204 1157 2274 Quapropter
1184 2221 1202 2252 ι
1237 2200 1439 2256 Omnia
1475 2212 1625 2256 certe
1656 2200 1795 2255 facta
1830 2207 1962 2255 sunt
1994 2214 2090 2269 per
2127 2200 2213 2268 ip-

641 2313 788 2359 sum,
817 2305 874 2352 et
904 2296 1023 2350 sine
1050 2296 1170 2364 ipso
1206 2294 1410 2348 factum
1443 2302 1528 2349 est
1561 2293 1801 2357 nihil";
1837 2311 1855 2344 ι
1887 2306 2063 2361 neque
2091 2305 2216 2344 rur-

641 2411 741 2450 sus
782 2392 988 2463 aliquid
1027 2407 1123 2462 per
1159 2390 1402 2459 seipsum
1444 2387 1609 2443 faciet
1641 2387 1837 2449 Filius,
1868 2388 1942 2440 ita
1981 2394 2042 2439 ut
2091 2401 2214 2441 cum

640 2502 709 2540 eo
735 2499 840 2539 non
871 2484 939 2540 sit
966 2482 1150 2536 Pater.
1184 2480 1399 2535 Idcirco
1427 2482 1573 2535 enim
1603 2480 1679 2534 ait
1711 2496 1725 2533 :
1756 2498 1773 2530 ι
1812 2477 1923 2548 Ego
1950 2492 1980 2530 a
2005 2477 2218 2546 meipso

645 2576 790 2631 facio
829 2575 1001 2630 nihil:
1035 2574 1199 2628 Pater
1236 2584 1420 2625 autem
1459 2573 1511 2625 in
1547 2587 1633 2625 me
1663 2585 1912 2632 manens,
1942 2570 2056 2639 ipse
2084 2567 2218 2621 facit

643 2666 893 2736 opera".
932 2685 949 2717 ι
982 2664 1171 2735 Neque
1219 2678 1385 2734 porro
1415 2663 1767 2718 censebimus
1812 2661 2010 2715 Filium
2056 2658 2216 2731 quasi

641 2773 711 2811 ex
752 2756 1071 2811 inﬁrmitate
1118 2771 1147 2807 a
1190 2753 1354 2809 Patre
1387 2753 1762 2815 corroborari,
1801 2753 1895 2806 sed
1924 2752 1972 2807 ei
2023 2766 2217 2806 rursus

642 2851 889 2904 ominum
932 2855 1260 2918 potestatem
1306 2847 1509 2912 tribui;
1543 2862 1652 2900 non
1690 2846 1835 2899 enim
1873 2852 2022 2899 esset
2075 2844 2218 2897 ultra

646 2951 842 2996 natura
873 2940 1018 2996 Deus
1051 2939 1099 2995 si
1136 2938 1500 2994 adventitiam
1530 2938 1755 2992 haberet
1788 2937 1841 2990 in
1892 2951 1950 2989 se
1994 2935 2217 2991 deitatis

648 3032 1133 3104 pulchritudinem.
1171 3032 1280 3086 Sed
1315 3047 1418 3086 nec
1449 3033 1563 3101 ipse
1615 3029 1779 3083 Pater
1823 3029 2080 3083 absoluta
2122 3028 2219 3081 ho-

648 3140 844 3179 norum
880 3123 1178 3179 eminentia
1218 3121 1583 3192 prmfulgebit,
1608 3121 1653 3175 si
1686 3127 1897 3173 naturae
1936 3134 2049 3173 sua:
2079 3120 2218 3171 cha-

646 3224 914 3273 racterem
948 3216 1146 3269 habeat
1173 3217 1378 3269 virtute
1414 3229 1482 3268 ac
1514 3221 1787 3283 potestate
1812 3212 1993 3266 aliena
2022 3226 2221 3265 caren-
2249 3192 2291 3249 (ἶ

648 3317 782 3365 tem.
823 3308 1116 3375 Quaeretur
1153 3306 1303 3361 enim
1342 3320 1443 3375 pro
1475 3304 1690 3358 ratione
1737 3303 1996 3374 imaginis
2034 3310 2088 3357 et
2135 3316 2223 3354 ar-

648 3398 902 3470 chetypi,
949 3395 1042 3467 qui
1111 3411 1198 3451 res
1251 3395 1558 3449 antedictos
1613 3393 1901 3463 largiatur,
1940 3402 2103 3459 atque
2150 3392 2223 3445 ita

647 3490 871 3547 demum
904 3489 958 3543 in
1006 3488 1364 3559 quacstionem
1406 3487 1676 3540 inlinitam
1712 3500 1898 3541 sermo
1933 3485 2128 3549 abibit,
2170 3494 2224 3539 et

651 3584 707 3637 in
745 3582 1079 3654 profundum
1135 3580 1603 3649 blasphemiarum
1660 3580 1890 3649 pelagus
1935 3586 2220 3632 excurret.

651 3676 757 3731 Sed
797 3676 1083 3746 quoniam,
1127 3690 1194 3729 ex
1225 3672 1537 3727 substantia
1566 3670 1748 3725 Patris
1780 3687 1905 3725 cum
1933 3672 2004 3725 sit
2030 3669 2222 3736 Filius,

647 3764 833 3818 oiuiiia
867 3762 1151 3819 Genitoris
1184 3763 1489 3818 secundum
1542 3770 1797 3816 naturam
1856 3761 2076 3831 propria
2116 3760 2222 3814 sibi

647 3857 893 3922 asciscit,
926 3863 981 3911 et
1014 3856 1457 3911 substantialiter
1493 3855 1545 3909 in
1580 3869 1744 3907 unam
1779 3870 1903 3908 cum
1951 3855 2069 3919 ipso
2109 3852 2225 3907 dei-

652 3955 840 4016 tatem,
872 3956 1092 4018 propter
1138 3956 1348 4001 natura:
1382 3947 1750 4011 identitatem,
1787 3946 2096 4010 concurrit,
2139 3952 2223 3997 est

650 4044 774 4112 ipse
807 4042 1028 4112 quidem
1058 4042 1112 4094 in
1148 4039 1333 4102 Patre,
1365 4055 1430 4093 ac
1471 4055 1691 4093 rursum
1725 4039 1889 4093 habet
1913 4037 2132 4091 Patrem
2168 4038 2222 4091 iu

649 4138 832 4207 seipso
871 4154 883 4189 :
918 4135 1126 4189 idcirco
1179 4149 1324 4203 stepe
1374 4132 1655 4201 inculpate
1709 4147 1775 4185 ac
1815 4146 1943 4185 vere
1993 4145 2219 4185 suorum

647 4242 875 4297 operum
897 4234 1222 4297 potestatem
1249 4225 1444 4279 tribuit
1468 4224 1639 4286 Patri,
1668 4239 1775 4276 non
1802 4223 1948 4293 quod
1976 4225 2221 4290 seipsum

650 4322 703 4375 id
726 4338 887 4391 posse
904 4328 1082 4392 neget,
1105 4320 1199 4374 sed
1219 4319 1365 4389 quod
1384 4323 1451 4372 ad
1474 4319 1639 4371 unius
1661 4317 2037 4385 operationem
2059 4316 2227 4369 dvita-

650 4416 721 4466 tis
750 4412 932 4466 omnia
971 4410 1189 4465 referat.
1218 4409 1382 4479 239
1408 4409 1526 4464 Una
1559 4416 1737 4460 autem
1761 4407 1936 4462 deitas
1974 4407 2027 4459 in
2064 4407 2226 4459 Patre

647 4512 755 4565 est,
785 4517 850 4555 ac
884 4499 1050 4566 Filio,
1084 4512 1391 4570 sanctoque
1421 4499 1652 4568 Spiritu.
1690 4498 1848 4564 Quod
1896 4507 2077 4553 autem
2114 4514 2223 4552 non

650 4593 879 4648 inferior
912 4594 986 4647 sit
1022 4591 1185 4647 Patre
1241 4591 1414 4645 Filius
1465 4590 1694 4653 virtute,
1737 4598 1829 4642 aut
1881 4588 2222 4659 operatione,

650 4686 748 4743 sed
796 4699 895 4755 per
946 4684 1132 4738 omnia
1193 4682 1388 4737 similis
1434 4691 1490 4736 et
1532 4683 1895 4752 a-quipotens.
1929 4690 2089 4734 antea
2123 4681 2221 4734 de—

651 4777 1106 4840 monstravimus,
1142 4774 1210 4829 ad
1244 4775 1401 4829 ilium
1450 4775 1632 4829 locum
1666 4789 1679 4824 :
1714 4794 1731 4825 ι
1763 4772 1881 4826 Νυη
1919 4780 2102 4843 potest
2131 4769 2225 4825 Fi-

650 4873 758 4927 lius
786 4885 817 4924 a
846 4886 906 4925 se
937 4868 1124 4924 facere
1182 4867 1508 4938 quidquam,
1546 4867 1653 4922 nisi
1683 4865 1830 4937 quod
1880 4865 2083 4919 viderit
2118 4863 2224 4916 Pa-

648 4973 785 5017 trem
819 4961 1146 5015 facientem:
1180 4974 1527 5029 qutecuuque
1561 4958 1708 5013 enim
1737 4958 1828 5012 ille
1860 4956 2072 5021 fecerit,
2108 4955 2225 5010 haec

648 5064 703 5109 et
729 5053 904 5108 Filius
928 5052 1182 5106 similiter
1212 5051 1365 5106 facit.
1400 5071 1418 5103 ι

2315 1933 2578 2001 φυσικῶς.
2607 1933 2769 2002 Λέγει
2798 1934 2853 1987 δὲ
2886 1936 2958 2007 μὴ
2980 1934 3236 1989 δύνασθαί
3264 1953 3316 1988 τι
3348 1937 3519 1989 ποιεῖν
3553 1933 3648 2002 ἀφ’
3680 1932 3897 1989 ἑαυτοῦ.

2315 2024 2520 2097 κρίνειν
2548 2025 2605 2078 δὲ
2645 2025 2838 2090 οὕτως,
2873 2026 3061 2099 ὥσπερ
3113 2027 3179 2081 ἂν
3215 2027 3478 2080 ἀκούσαιο
3516 2026 3710 2097 τρόπῳ
3744 2024 3899 2077 πάλιν

2316 2114 2507 2186 ἑτέρῳ,
2539 2116 2633 2169 καὶ
2665 2115 3001 2187 ίσογνὼμονα
3056 2118 3151 2170 καὶ
3186 2116 3432 2187 ἰσοσθενῆ
3476 2115 3743 2170 δεικνύων
3778 2117 3900 2168 έαυ-
3928 2164 3935 2171 .

2314 2207 2405 2260 τὸν
2432 2207 2508 2279 τῷ
2552 2208 2673 2279 Θεῷ
2720 2209 2814 2262 καὶ
2854 2210 3046 2280 Πατρί.
3098 2209 3234 2263 Οὐδὲ
3268 2208 3377 2279 γὰρ
3415 2209 3637 2281 ἐνεργὸς
3686 2210 3815 2279 περί
3848 2227 3894 2262 τι

2316 2298 2423 2351 τῶν
2448 2299 2619 2352 ὄντων
2655 2300 2778 2371 δίχα
2824 2300 2917 2354 τοῦ
2962 2301 3092 2354 Υίοῦ
3135 2303 3290 2355 νοοῖτ⁸
3334 2300 3399 2355 ἂν
3430 2301 3588 2373 μόνος
3651 2302 3748 2355 καὶ
3783 2303 3898 2354 καθ’

2316 2390 2506 2444 ἑαυτὸν
2537 2392 2565 2444 6
2603 2392 2812 2464 Πατὴρ,
2853 2393 3004 2463 ἰσχὺν
3036 2392 3175 2463 ἔχων
3209 2392 3371 2446 αὑτὸν
3409 2394 3501 2447 καὶ
3528 2393 3782 2463 δύναμιν.
3815 2393 3899 2445 Διὸ

2316 2482 2381 2556 δὴ
2408 2502 2425 2535 ι
2464 2484 2647 2539 Πάντα
2675 2485 2741 2538 δι’
2762 2486 2946 2549 αὐτοῦ,
2987 2487 3081 2539 καὶ
3114 2486 3280 2557 χωρὶς
3314 2486 3479 2540 αὐτοῦ
3518 2487 3743 2556 ἐγένετο
3785 2487 3899 2539 οὐδὲ

2317 2575 2410 2628 ἓν·
2472 2597 2491 2629 ι
2544 2577 2648 2631 οὐδ’
2695 2574 2761 2631 αὖ
2808 2578 2970 2633 πάλιν
3011 2578 3364 2650 ἐξεργάσεται
3411 2597 3463 2632 τι
3504 2578 3627 2632 καθ’
3658 2580 3902 2633 ἑαυτὺνό

2320 2666 2468 2728 Υίδς,
2502 2666 2576 2739 μὴ
2613 2668 2734 2738 οὐχὶ
2777 2670 3027 2732 συνόντος
3070 2668 3219 2739 αὑτῷ
3265 2668 3360 2722 τοῦ
3394 2669 3624 2740 Πατρός.
3670 2670 3772 2722 Διά
3796 2669 3901 2740 γάρ

2317 2775 2400 2811 τοι
2429 2757 2586 2811 τοῦτο
2624 2759 2717 2811 καί
2760 2774 2953 2831 φησιν’
2984 2780 3002 2811 ι
3052 2760 3170 2813 Ἀπ’
3213 2760 3451 2831 ἐμαυτοῦ
3498 2762 3635 2813 ποιῶ
3658 2760 3841 2813 οὐδέν’
3870 2763 3903 2812 6

2318 2850 2374 2903 δὲ
2415 2849 2605 2921 Πατὴρ
2643 2852 2672 2904 6
2718 2851 2775 2903 ὲν
2820 2852 2943 2922 ἐμοὶ
2973 2851 3151 2923 μένων
3200 2854 3343 2904 ποιεῖ
3394 2852 3461 2905 τὰ
3486 2851 3623 2923 ἔργα
3668 2854 3847 2916 αὑτός.
3877 2872 3899 2903 ι

2320 2943 2431 2997 Καὶ
2464 2944 2523 2997 οὐ
2553 2943 2724 3015 δήπου
2755 2942 3139 3015 διακεισόμεθα
3183 2943 3550 3015 δυναμοῦσθαι
3605 2945 3706 3015 μὲν
3747 2945 3818 3007 ὡς
3847 2944 3903 3008 ἐξ

2321 3035 2603 3099 ἀδθενείας
2629 3035 2785 3107 παρὰ
2808 3035 2901 3089 τοῖ’)
2934 3036 3146 3107 Πατρδς
3170 3035 3260 3089 τὸν
3288 3035 3434 3100 Υἱδν,
3460 3035 3817 3107 χορηγεῖσθαι
3852 3036 3904 3088 δὲ

2323 3127 2486 3180 πάλιν
2529 3126 2677 3196 αὐτῷ
2720 3126 2815 3180 καὶ
2865 3126 2965 3197 τὴν
3014 3128 3097 3195 ἐφ’
3134 3127 3337 3181 ἅπασιν
3388 3126 3653 3192 ἐξουσίαν’
3696 3127 3758 3180 οὐ
3801 3127 3904 3196 γάρ

2324 3220 2388 3273 ἂν
2416 3219 2596 3273 οὐκέτι
2624 3214 2690 3289 ἧν
2720 3217 2860 3272 κατά
2902 3217 3061 3287 φύσιν
3090 3219 3242 3285 Θεὸς,
3285 3220 3523 3274 ἐπακτὸν
3552 3219 3747 3290 ὥσπερ
3772 3219 3905 3288 ἔχων

2323 3310 2384 3363 τὸ
2410 3311 2509 3381 τῆς
2540 3309 2789 3381 θεότητος
2817 3310 3031 3374 κάλλος.
3070 3311 3207 3363 Ἀλλ’
3234 3312 3353 3365 οὐδὲ
3379 3311 3541 3375 αὐτὸς
3569 3314 3600 3366 6
3628 3313 3819 3383 Πατὴρ
3852 3313 3905 3364 ἐν

2324 3401 2583 3473 ἀκράτοις
2606 3400 2715 3454 τῶν
2744 3400 2964 3470 ἀγαθῶν
3016 3402 3310 3473 ὑπεροχαῖς
3346 3402 3425 3457 ἔτι
3467 3403 3733 3467 κείσεται,
3759 3403 3905 3457 δυνά·

2328 3512 2474 3564 μεως
2515 3494 2613 3563 τῆς
2642 3496 2770 3564 παρ’
2802 3494 2989 3565 ἐτέρου
3047 3495 3142 3548 καὶ
3195 3495 3445 3561 ἐξουσίας
3482 3496 3740 3567 δεόμενον
3773 3496 3903 3566 ἔχων

2322 3591 2413 3643 τὸν
2454 3589 2552 3658 τῆς
2584 3589 2720 3651 ἰδίας
2753 3588 2969 3657 φύσεως
3016 3590 3341 3659 χαρακτῆρα
3378 3588 3554 3656 λόγον.
3594 3589 3903 3661 Ζητηθήσε-

2323 3697 2412 3734 ται
2438 3679 2544 3750 γὰρ
2574 3678 2851 3746 ἀναλόγως
2881 3680 2947 3749 τῇ
2989 3680 3156 3731 εἰκόνι
3188 3681 3281 3731 καὶ
3330 3678 3407 3749 τῷ
3457 3680 3757 3751 ἀρχετύπῳ
3804 3681 3903 3733 τῶν

2325 3772 2626 3843 εἰρημένων
2655 3772 2683 3823 6
2722 3772 2978 3841 χορηγὸς,
3008 3770 3150 3823 οὕτω
3186 3788 3243 3824 τε
3288 3773 3472 3825 λοιπὸν
3502 3776 3578 3836 είς
3604 3774 3902 3842 ἀπέραντον

2326 3862 2548 3933 ζήτησιν
2581 3865 2608 3913 6
2630 3862 2786 3930 λόγος
2829 3863 2959 3932 ἡμῖν
2989 3864 3287 3933 οἰχήσεται,
3331 3864 3425 3916 καὶ
3466 3866 3545 3928 εἰς
3580 3866 3719 3935 βαθὺ
3753 3867 3902 3935 βλασ-

2327 3954 2544 4024 φημιῶν
2591 3953 2942 4023 ἐκδραμεῖται
2986 3954 3238 4023 πέλαγος.
3282 3955 3419 4008 Ἀλλ’
3448 3957 3677 4028 ἐπείπερ
3712 3960 3777 4011 ὲκ
3810 3957 3901 4027 τῆς

2323 4045 2417 4098 τοῦ
2449 4044 2660 4115 Πατρδς
2697 4044 2888 4106 οὐσίας
2933 4046 3194 4117 ὑπάρχων
3237 4047 3265 4096 6
3310 4046 3454 4111 Υἱὸς,
3491 4047 3669 4101 πάντα
3711 4050 3780 4102 τὰ
3816 4050 3897 4102 τοῦ

2325 4137 2686 4205 γεννήσαντος
2737 4135 2843 4187 ἴδια
2891 4135 3031 4188 κατά
3064 4136 3225 4204 φύσιν
3266 4138 3548 4205 ἐπάγεται,
3581 4140 3672 4192 καὶ
3714 4141 3887 4193 οὐσιω-

2325 4228 2429 4291 δῶς
2461 4228 2751 4298 ἀνατρέχει
2780 4227 2916 4298 πρὸς
2954 4227 3083 4297 μίαν
3112 4228 3259 4298 αὐτῷ
3289 4228 3539 4298 θεότητα,
3576 4231 3663 4284 διὰ
3707 4232 3771 4284 τὸ
3810 4231 3898 4303 τῆς

2326 4318 2540 4387 φύσεως
2582 4316 2997 4387 ἀπαράλλακτον
3031 4318 3185 4387 (ἔστι
3238 4320 3335 4389 μὲν
3386 4322 3546 4385 αὐτὸς
3596 4326 3654 4375 ἐν
3713 4325 3894 4393 Παέρὶ,

2325 4408 3188 4464 ε.δςπυι,ο,ὲ.“δ,
3354 4414 3606 4452 έ.ο
3758 4413 3871 4448 -3-

2356 4428 2436 4482 χει
2544 4428 2611 4464 αδ
2641 4426 2881 4463 παιηνελ
2946 4428 3142 4482 αδτῳτ
3186 4414 3471 4486 ιΠατ.ρα)
3525 4415 3615 4469 δια
3640 4434 3723 4470 τοι
3768 4434 3898 4493 .οαεο

2329 4502 2589 4565 πολλάκις
2620 4502 3050 4571 ἀκατηγορήτως
3072 4518 3132 4553 τε
3158 4503 3250 4554 καὶ
3274 4503 3488 4574 ἀληθῶς
3518 4507 3804 4577 ἀνατίθησι
3830 4506 3897 4575 τῷ

2332 4594 2509 4665 Πατρὶ
2536 4594 2643 4646 τῶν
2668 4592 2882 4646 οἰκείων
2924 4592 3099 4663 ἔργων
3128 4594 3227 4664 τὴν
3253 4595 3501 4666 δύναμιν,
3530 4598 3633 4651 οὐκ
3671 4599 3779 4662 ἔξω
3815 4598 3894 4651 τοῦ

2326 4684 2584 4742 δύνασθαι
2603 4682 2770 4747 τιθεὶς
2792 4683 3001 4746 ἑαυτὸν,
3020 4684 3153 4736 ἀλλὰ
3171 4687 3236 4754 τῇ
3264 4686 3509 4757 ἐνεργείᾳ.
3526 4688 3623 4755 τῆς
3645 4691 3774 4753 μιᾶς
3799 4689 3895 4740 θεό-

2328 4794 2486 4845 τητος
2507 4775 2577 4829 τὰ
2604 4773 2782 4827 πάντα
2802 4775 3141 4846 προσνέμων.
3160 4776 3272 4829 Μία
3286 4775 3340 4829 δὲ
3365 4779 3397 4846 ἡ
3425 4776 3614 4847 θεότης
3641 4780 3698 4830 ἐν
3716 4780 3893 4849 Πατρὶ,

2332 4870 2423 4923 καὶ
2443 4866 2579 4937 Υίῷ,
2608 4865 2701 4919 καλ⁵
2720 4866 2859 4936 ἁγίῳ
2879 4865 3175 4935 Πνεύματι.
3195 4868 3315 4921 Ὅτι
3346 4868 3400 4921 δὲ
3421 4869 3520 4921 οὐκ
3540 4869 3779 4923 ἐλάττων
3797 4872 3897 4922 ἐστὶ

2330 4956 2423 5011 τοῦ
2447 4955 2659 5026 Πατρὺς
2689 4954 2717 5006 6
2740 4954 2886 5017 Υἱὸς,
2915 4953 2948 5024 ἢ
2980 4955 3122 5009 κατά
3154 4955 3398 5026 δύναμιν,
3426 4958 3458 5029 ἢ
3488 4959 3605 5011 κατ’
3634 4960 3894 5031 ἐνέργειαν

2330 5049 2429 5119 τὴν
2464 5046 2555 5099 ἐπί
2586 5062 2749 5103 τισιν,
2778 5044 2890 5097 ἀλλ’
2924 5046 3107 5114 ὅμοιος
3146 5047 3289 5099 κατᾶ
3332 5049 3510 5101 πάντα
3574 5050 3671 5103 καὶ
3707 5050 3892 5103 ἰσοσθε-

651 5141 766 5209 νὴς,
801 5141 894 5194 καὶ
935 5141 1001 5194 δι’
1062 5140 1265 5211 ἑτέρων
1296 5141 1429 5208 ἡμῖν
1474 5137 1867 5202 ἀποδέδεικται,
1908 5133 2269 5206 προκειμένου
2310 5134 2474 5207 ῥητοῦ
2498 5150 2513 5166 ο
2550 5154 2569 5187 ι
2605 5133 2680 5187 Οὐ
2710 5134 2929 5188 δύναται
2957 5137 2985 5187 6
3016 5136 3141 5199 Υἱὸς
3184 5141 3356 5190 ποιεῖν
3401 5141 3492 5209 ἀφ’
3516 5140 3710 5194 ἑαυτοῦ
3734 5143 3888 5198 οὐδὲν,

644 5235 743 5289 ἐὰν
792 5236 866 5305 μή
898 5252 949 5288 τι
991 5234 1162 5304 βλέπῃ
1218 5233 1308 5286 τὸν
1362 5235 1579 5304 Πατέρα
1633 5230 1904 5285 ποιοῦντα·
1947 5229 1982 5283 ἃ
2012 5229 2121 5299 γὰρ
2166 5228 2233 5283 ἂν
2268 5230 2474 5292 ἐκεῖνος
2510 5231 2656 5300 ποιῇ,
2685 5227 2856 5282 ταῦτα
2883 5228 2977 5280 καὶ
3005 5230 3032 5281 ὁ
3063 5229 3189 5291 Υἱὸς
3214 5230 3414 5299 ὁμοίως
3448 5234 3607 5284 ποιεῖ.
3645 5252 3663 5283 ι

723 5325 828 5380 Sed
872 5326 1133 5394 quoniam
1172 5325 1377 5381 divinis
1411 5324 1759 5394 dogmatibus
1779 5323 1917 5377 citra
1951 5322 2115 5376 ullam
2144 5334 2231 5374 se-

651 5416 875 5488 gnitiem
908 5417 1222 5473 incumbere
1241 5433 1455 5488 (equum
1473 5433 1595 5473 esse
1615 5425 1798 5471 statuo
1817 5459 1831 5481 ,
1856 5430 1955 5482 age
1985 5427 2226 5475 rursum,

652 5518 945 5564 nautarum
967 5525 1142 5574 more,
1168 5517 1336 5563 totam
1357 5510 1555 5579 capitis
1584 5509 1855 5561 rationem
1887 5506 2060 5560 instar
2080 5504 2228 5561 funis

653 5602 999 5673 colligamus.
1027 5600 1119 5656 Sic
1142 5600 1289 5654 enim
1318 5599 1505 5655 videre
1536 5599 1663 5653 licet
1693 5596 1892 5652 Filium
1928 5614 2083 5654 suam
2116 5612 2223 5653 n0u

653 5710 908 5752 incusare
948 5703 1224 5757 naturam,
1255 5694 1385 5748 dum
1416 5692 1492 5746 ait
1525 5708 1631 5747 non
1664 5708 1827 5763 posse.
1858 5709 1887 5747 a
1919 5695 2104 5763 seipse
2143 5690 2225 5745 fa-

628 5832 640 5857 μ
723 5806 768 5838 ⁷ο
809 5804 953 5860 Psal.
985 5821 1170 5871 tum,
1200 5803 1259 5861 8.
1335 5806 1393 5878 “_
1419 5803 1565 5862 Paul.
1603 5822 1780 5872 Lutv,
1822 5809 1872 5862 8.
1951 5807 1993 5838 ⁷³
2037 5806 2214 5875 Supra
2248 5820 2286 5870 t,
2318 5803 2371 5860 5.

2417 5318 2633 5390 Ἐπειδὴ
2664 5319 2722 5372 δὲ
2747 5321 2846 5389 τὴν
2876 5321 2933 5371 ἐν
2963 5323 3073 5381 τοῖς
3110 5319 3275 5382 θείοις
3303 5319 3568 5389 δόγμασιν
3594 5322 3890 5393 ἀξιέραστο-

2330 5412 2499 5483 τάτην
2540 5410 2796 5481 σπουδὴν,
2829 5411 2988 5463 ὄκνου
3040 5410 3244 5473 παντὸς
3289 5411 3679 5479 ἀναφαίνεσθαι
3725 5413 3887 5483 κρείτ·
3922 5432 3925 5435 ·

2328 5522 2477 5567 τονα,
2521 5503 2726 5557 δίκαιόν
2762 5519 2821 5555 τε
2864 5504 2958 5555 καὶ
3000 5503 3207 5572 πρέπον
3242 5502 3607 5572 ὑπολαμϐάνω
3629 5521 3641 5532 ·
3679 5504 3800 5572 φέρε
3831 5502 3885 5568 δὴ

2332 5597 2490 5651 πάλιν
2540 5599 2651 5658 τοῖς
2697 5596 2755 5647 ἐν
2812 5595 2877 5663 τῇ
2927 5593 3169 5665 θαλάττῃ
3215 5594 3481 5658 ναυτίλοις
3512 5595 3781 5658 ποιοῦντες
3830 5595 3884 5646 τὰ

2331 5687 2703 5761 παραπλήσια,
2735 5685 2967 5755 σχοινίου
3008 5686 3147 5750 τινὸς
3182 5686 3353 5759 δίκην,
3384 5686 3503 5741 ὅλον
3544 5686 3777 5749 εἰσαῦθις
3808 5684 3882 5737 τὸν

2450 5802 2493 5833 ⁷⁸
2520 5798 2679 5857 Joan-
2720 5816 2829 5866 xw,
2872 5799 2953 5854 lO.
