4102 6570
209 396 336 454 589

207 595 402 658 οὕτως
449 595 596 654 ίδεῖν,
635 593 695 646 οῦ
750 592 846 662 τῆς
900 589 1094 645 ἐαυτοῦ
1140 590 1352 660 φύσεως
1401 586 1807 659 κατηγοροῦντα

208 687 320 738 τὸν
357 685 478 739 Υίὺν
511 684 578 738 δι’
616 683 780 736 αὐτοῦ
815 682 908 736 τοῦ
943 682 1122 750 λέγειν
1149 681 1223 752 μὴ
1256 679 1518 735 δύνασθαί
1549 697 1601 730 τι
1635 681 1808 732 ποιεῖν

210 775 320 843 αρ’
373 773 583 838 ἑαυτοῦ,
639 773 774 826 ἀλλά
815 772 1015 844 μᾶλλον
1065 771 1164 842 τὴν
1213 771 1322 824 τῶν
1363 770 1630 825 Ἰουδαίων
1671 770 1808 824 ἀπό-

211 883 380 920 νοιαν
425 866 792 936 ἐξελέγχοντα,
846 865 942 918 καὶ
995 863 1155 917 αὐτὸν
1198 863 1254 915 δὲ
1302 862 1392 916 τὸν
1433 861 1520 915 διὰ
1566 861 1809 925 Μωσέως

213 960 577 1030 πατήσαντας
609 957 769 1027 νόμον
799 954 1096 1027 διαρρήδην
1134 953 1550 1008 ἐπιδεικνύοντα.
1595 954 1668 1006 Τὸ
1701 953 1808 1024 γὰρ

212 1048 390 1112 εὐθὺς
436 1046 816 1114 ἐπεισάγεσθαι
873 1045 972 1115 τῷ,
1007 1063 1026 1096 ι
1075 1045 1149 1097 υύ
1197 1043 1429 1114 δύναμαι
1475 1044 1585 1112 ἐγὼ
1639 1045 1809 1096 ποιεῖν

214 1141 322 1193 ἀπ’
351 1138 587 1210 ἐμαυτοῦ
627 1137 809 1200 οὐδὲν,
848 1157 866 1188 ι
898 1136 958 1188 τὸ
995 1155 1013 1187 ι
1047 1134 1247 1198 Καθὼς
1293 1135 1495 1196 ἀκούω,
1531 1134 1702 1205 κρίνω
1727 1176 1740 1199 ,
1784 1153 1801 1186 ι

214 1231 495 1302 λοιδορίας
538 1230 633 1300 μὲν
661 1228 878 1299 ἀπάσης
905 1228 1002 1300 τῆς
1033 1227 1125 1280 ἐπὶ
1167 1227 1227 1279 τὸ
1268 1225 1340 1296 μὴ
1383 1224 1636 1278 δύνασθαι
1677 1226 1809 1296 δρᾷν

215 1320 279 1384 ἐξ
315 1322 526 1385 οἰκείας
554 1320 831 1390 δυνάμεως
865 1318 1140 1389 ἐλευθεροῖ
1164 1316 1254 1371 τὸν
1289 1316 1436 1370 Υίόν·
1474 1315 1810 1386 φιλοπάτορα

211 1413 271 1464 δὲ
340 1412 436 1465 καὶ
469 1410 824 1480 συνεθελητὴν
855 1409 931 1480 τῷ
956 1410 1278 1479 γεννήσαντι
1329 1407 1472 1460 κατά
1514 1406 1689 1460 πάντα
1715 1425 1808 1460 σα-

215 1504 343 1572 φῶς
381 1501 692 1570 ἀποφαίνει.
727 1501 787 1555 Ei
826 1501 933 1572 γὰρ
961 1499 1200 1571 ὡσπερεὶ
1230 1498 1389 1569 τυχὸν
1419 1499 1684 1569 ἀτονήσας
1711 1496 1810 1569 τὴν

210 1597 281 1648 ἐκ
319 1595 537 1668 [ἰατρὸς
581 1594 880 1660 ἐδανείζετο
924 1591 1178 1662 δύναμιν,
1215 1591 1292 1654 ὡς
1337 1590 1436 1643 οῦκ
1477 1588 1810 1661 ἐξαρκοῦσαν

211 1688 364 1758 ἔχων
406 1689 501 1758 ἀφ’
536 1687 748 1750 ἑαυτοῦ,
783 1685 899 1748 πῶς
929 1687 1030 1739 οὐκ
1064 1685 1168 1738 ἔδει
1233 1682 1432 1754 μᾶλλον
1465 1683 1670 1744 εἰπεῖν,
1735 1681 1808 1734 Οὐ

206 1779 463 1849 δύναμαι
490 1781 601 1848 ἐγὼ
631 1781 802 1833 ποιεῖν
835 1778 928 1830 ἀπ’
957 1775 1197 1847 ἐμαυτοῦ
1231 1775 1404 1837 οὐδὲν,
1456 1773 1716 1844 λαμϐάνω
1752 1773 1809 1827 δὲ

206 1869 273 1921 τὸ
318 1869 586 1924 δύνασθαι
629 1869 776 1940 παρά
807 1866 900 1922 τοῦ
939 1867 1190 1938 Πατρός;
1245 1865 1378 1918 Νυνὶ
1408 1863 1463 1918 δὲ
1522 1863 1678 1918 τοῦτο
1710 1865 1810 1935 μὲν

207 1961 319 2013 οὐκ
359 1960 550 2027 εἰπὼν,
577 1959 886 2029 ἐπενεγκὼν
926 1961 984 2013 δὲ
1015 1960 1214 2029 μᾶλλον
1244 1958 1322 2030 τῷ
1355 1958 1429 2030 μὴ
1465 1957 1724 2012 δύνασθαί
1756 1975 1810 2011 τι

206 2050 354 2120 δρᾷν
403 2051 494 2118 ἀφ’
543 2049 756 2114 ἑαυτοῦ,
807 2051 869 2103 τὸ
913 2051 1118 2121 κρίνειν
1150 2048 1344 2113 οὕτως,
1373 2051 1561 2118 ὥσπερ
1608 2049 1674 2103 ἂν
1718 2050 1811 2104 καὶ

209 2140 476 2204 ἀκούσαι,
507 2141 665 2211 δῆλος
697 2141 762 2196 ἂν
793 2141 879 2212 εἴη
926 2142 1110 2195 λοιπὸν
1137 2183 1151 2205 ,
1201 2143 1303 2198 οὐκ
1337 2144 1422 2196 ἐπ’
1458 2140 1712 2213 ἀσθενείᾳ
1743 2144 1810 2214 τῇ

207 2234 341 2285 κατ’
377 2233 660 2304 ἐνέργειαν
689 2233 786 2306 τὴν
833 2233 925 2288 ἐπί
956 2251 1067 2288 τισι
1118 2235 1180 2289 τὸ
1209 2236 1282 2306 μὴ
1325 2235 1582 2290 δύνασθαι
1626 2253 1812 2289 συντε-

212 2323 444 2387 θεικὼς.
473 2324 586 2378 ἀλλ’
619 2324 712 2378 ἐπὶ
743 2323 820 2393 τῷ
856 2323 930 2394 μὴ
977 2325 1288 2396 ἐνδέχεσθαι
1331 2326 1687 2398 παραϐαίνειν
1717 2327 1812 2380 αύ-

212 2415 308 2467 τὸν
340 2415 492 2470 κατά
514 2434 566 2468 τι
597 2416 726 2484 γοῦν
755 2417 815 2469 τὸ
853 2415 1066 2487 θέλημα
1113 2416 1206 2470 τοῦ
1253 2419 1486 2490 Πατρός.
1521 2419 1668 2481 Μιᾶς
1701 2417 1809 2489 γὰρ

216 2504 481 2577 θεότητος
509 2507 606 2578 τῆς
636 2511 692 2562 ἐν
727 2508 897 2575 Πατρὶ
928 2509 1020 2561 καὶ
1050 2507 1162 2578 Υίῷ
1189 2511 1500 2581 νοουμένης,
1533 2510 1684 2563 ἔσται
1712 2511 1810 2581 δή·

215 2612 322 2648 που
360 2601 582 2661 πάντως
616 2600 708 2652 καὶ
757 2599 967 2669 θέλημα
1002 2600 1223 2660 ταυτὸν.
1247 2597 1370 2653 οὔτε
1412 2600 1468 2653 δὲ
1514 2602 1569 2653 ἐν
1611 2601 1808 2671 Πατρὶ,

214 2688 344 2742 οὔτε
385 2690 494 2760 μὴν
520 2691 578 2743 ἐν
602 2690 797 2762 Υίῷ,ἢ
836 2694 927 2744 καὶ
964 2691 1042 2762 τῷ
1091 2690 1229 2763 ἀγίῳ
1278 2693 1554 2764 Πνεύματι
1585 2693 1809 2747 στασιά·

213 2778 398 2843 ζουσά
443 2797 572 2834 ποτε
615 2781 735 2835 καθ’
773 2783 969 2852 ἑαυτῆς
1007 2784 1040 2853 ἡ
1095 2782 1214 2838 θεία
1260 2783 1419 2852 φύσις
1465 2783 1806 2855 νοηθήσεται,

213 2870 338 2925 ἀλλ’
372 2872 511 2943 ὅπερ
562 2872 627 2926 ἂν
666 2873 812 2940 δόξαι
863 2873 939 2944 τῷ
990 2875 1165 2946 Πατρὶ
1217 2874 1394 2944 τυχὸν,
1437 2873 1595 2928 τοῦτο
1631 2875 1810 2945 πάσης

213 2967 340 3018 ἐστὶ
378 2967 478 3036 τῆς
511 2967 761 3039 θεότητος
794 2968 1022 3039 θέλημα.
1074 2970 1410 3039 Ἀναγκαίως
1448 2969 1737 3042 τοιγαροῦν
1782 2972 1810 3023 ό

218 3056 378 3121 Υἱὸς,
417 3058 808 3128 συνευδοκητὴν
834 3059 1020 3131 ὥσπερ
1045 3060 1164 3114 τινὰ
1216 3062 1310 3114 καὶ
1340 3061 1807 3130 συγκατανεύοντα

1221 389 1309 460 JN
1342 385 1632 445 JOANNIS
1670 383 2123 442 EVANGELIUM
2193 384 2320 440 ΗΒ.
2356 383 2419 439 ll.

207 504 321 558 τοῦ
376 501 665 573 κεφαλαίου
720 499 878 568 λόγον
939 498 1439 570 ἀναμηρυσὼμεθα.
1492 498 1648 550 Ἔστι
1701 494 1808 564 γὰρ

1913 508 2037 548 rere
2067 493 2393 564 quidquam,
2425 493 2521 550 sed
2578 495 2763 566 po:ius
2825 495 3142 552 Iudaeorum
3194 499 3488 569 repreheu-
3570 537 3574 542 ς

3381 393 3489 447 390

1909 582 2040 639 dere
2081 584 2394 648 stultitiam,
2437 593 2493 640 et
2527 596 2712 656 aperte
2748 588 3036 643 ostendere
3067 589 3135 643 ab
3174 589 3242 644 iis
3264 593 3490 644 concul-

1909 677 2024 731 cari
2050 677 2220 745 legem
2246 677 2420 746 ipsam
2451 677 2771 734 Mosaicam.
2797 680 2953 746 Quod
2979 682 3124 736 enim
3151 681 3237 736 his
3263 682 3442 737 verbis
3469 723 3484 746 ,

1915 786 1933 818 ι
1975 765 2093 822 Non
2142 783 2367 838 possum
2409 783 2509 839 ego
2566 769 2746 824 facere
2781 786 2810 824 a
2842 772 3053 842 meipso
3096 773 3417 843 quidquam,
3463 794 3482 826 ι

1909 860 2096 914 statim
2126 859 2482 932 subjungitur
2513 861 2668 923 illud,
2699 881 2716 910 ι
2743 859 2895 917 Sicut
2926 864 3338 934 audio,judieo,
3365 885 3382 914 ι
3417 865 3486 918 ab

1908 953 2058 1006 omni
2091 953 2342 1007 convicio
2385 952 2578 1008 Filium
2630 953 2822 1008 liberat
2873 970 2981 1024 quo
3033 956 3169 1010 nihil
3207 971 3271 1010 ex
3307 973 3404 1019 sua
3434 957 3487 1010 vi

1911 1056 2072 1111 posse
2127 1041 2305 1098 facere
2353 1043 2554 1098 dicitur
2596 1061 2609 1097 :
2655 1042 2802 1099 Patri
2860 1061 2986 1100 vero
3047 1047 3482 1118 obsequentem,

1908 1134 2070 1202 eique
2153 1133 2207 1186 in
2294 1134 2551 1188 omnibus
2634 1135 2800 1190 rebus
2873 1136 3286 1205 astipulatorem
3365 1154 3488 1193 esse

1911 1234 2098 1295 aperte
2123 1226 2478 1282 demonstrat.
2497 1227 2630 1281 Nam
2654 1229 2698 1282 si
2731 1244 2841 1298 prae
2872 1228 3189 1284 inﬁrmitate
3214 1231 3484 1301 quodam-

1911 1319 2074 1372 modo
2124 1333 2153 1372 a
2205 1317 2367 1374 Patre
2401 1319 2656 1374 virtutem
2708 1322 3004 1392 acciperet,
3040 1307 3198 1392 quasi
3238 1338 3269 1376 a
3302 1323 3485 1392 seipso

1911 1409 2268 1465 sullieientem
2309 1427 2417 1466 non
2456 1412 2674 1476 habeat,
2703 1414 2796 1483 qui
2839 1429 2945 1468 non
2977 1415 3155 1484 potius
3178 1415 3361 1470 dicere
3393 1413 3489 1470 de-

1912 1500 2093 1566 bebat,
2146 1499 2266 1556 Non
2320 1517 2544 1572 possum
2601 1519 2703 1574 ego
2762 1504 2938 1559 facere
2996 1520 3026 1558 a
3073 1505 3284 1575 meipso
3322 1504 3489 1575 quid-

1911 1607 2100 1661 quam,
2143 1593 2236 1648 sed
2270 1595 2484 1666 accipio
2519 1604 2844 1668 potestatem
2901 1611 2932 1650 a
2963 1595 3163 1651 Patre?
3212 1595 3331 1650 Jam
3361 1612 3489 1652 vero

1911 1697 2036 1736 cum
2081 1684 2227 1740 istud
2261 1701 2368 1740 non
2396 1686 2618 1750 dixerit,
2648 1687 2742 1743 sed
2775 1696 3126 1758 posteaquam
3161 1688 3488 1759 signiﬁcavit

1915 1789 2021 1828 non
2056 1789 2217 1844 posse
2249 1793 2278 1830 a
2304 1779 2485 1847 seipso
2513 1778 2692 1832 facere
2721 1779 3043 1850 quidquam,
3077 1781 3326 1835 intuli-rit
3384 1796 3487 1850 po-

1914 1867 2023 1922 tius
2070 1869 2317 1935 judicare
2379 1886 2438 1924 se
2492 1871 2639 1924 sicut
2687 1872 2944 1935 audierit,
2999 1873 3350 1928 manifestum
3404 1884 3488 1927 est

1912 1975 2020 2013 non
2055 1960 2126 2014 ob
2159 1961 2526 2016 iullrmitatem
2561 1963 2613 2016 in
2645 1964 2922 2017 nonnullis
2975 1963 3239 2019 faciendis
3279 1965 3488 2019 dixisse

1912 2067 1972 2106 se
2012 2067 2118 2105 non
2160 2067 2343 2121 posse,
2378 2053 2474 2108 sed
2505 2055 2649 2123 quod
2700 2070 2768 2108 ne
2798 2055 2906 2108 ulla
2941 2056 3161 2124 quidem
3196 2057 3248 2110 in
3285 2072 3342 2110 re
3385 2055 3489 2108 Pa-

1912 2141 2014 2196 tris
2065 2144 2396 2198 voluntatem
2436 2145 2610 2213 possit
2650 2146 3022 2216 prmtergredi.
3060 2145 3192 2200 Nam
3219 2163 3342 2200 cum
3378 2162 3486 2201 una

1911 2232 1966 2287 in
2013 2232 2173 2287 Patre
2215 2242 2269 2288 et
2320 2233 2458 2288 Filio
2511 2235 2686 2292 deitas
2723 2237 3083 2306 intelligatur,
3136 2238 3241 2291 erit
3299 2238 3487 2307 utique

1910 2324 2098 2378 eadem
2131 2326 2293 2379 etiam
2326 2327 2603 2392 voluntas,
2639 2343 2815 2394 neque
2859 2343 2986 2382 vero
3015 2330 3066 2382 in
3100 2328 3278 2392 Patre,
3309 2345 3487 2398 neque

1911 2415 2049 2470 adeo
2085 2417 2136 2470 in
2174 2415 2309 2470 Filio
2338 2427 2638 2488 sanctoque
2669 2417 2880 2490 Spiritu
2912 2421 3206 2475 dissentire
3241 2436 3484 2490 unquam

1911 2521 1940 2558 a
1968 2520 2027 2559 se
2057 2513 2250 2558 natura
2293 2506 2476 2560 divina
2509 2507 2850 2570 censebitur,
2885 2506 2981 2562 sed
3013 2505 3157 2577 quod
3199 2505 3345 2560 Patri
3375 2507 3487 2576 pla-

1910 2598 2108 2657 Cuerit,
2135 2597 2238 2651 huc
2273 2605 2380 2650 tota
2427 2599 2759 2654 vultdeitas.
2802 2598 3129 2654 Necessario
3183 2597 3367 2668 itaque
3397 2597 3486 2650 Fi-

1911 2691 2017 2746 lius
2045 2691 2357 2745 consentire
2394 2705 2453 2746 se
2485 2699 2538 2746 et
2565 2707 2808 2746 aunuere
2840 2690 2986 2745 Patri
3015 2707 3357 2762 quaecunque
3395 2707 3485 2747 res

1909 2781 1957 2837 ei
2012 2782 2279 2851 placuerit
2329 2781 2626 2851 signiﬁcat,
2680 2782 2887 2836 docens
2930 2797 3038 2835 non
3100 2796 3259 2850 posse
3309 2780 3488 2835 facere

1910 2870 2207 2940 quidquam
2258 2869 2400 2940 quod
2451 2871 2640 2940 utique
2682 2886 2791 2925 non
2833 2871 2904 2924 sit
2949 2871 3105 2940 juxta
3138 2869 3316 2925 Patris
3359 2886 3488 2924 seu-

1911 2962 2158 3016 tentiam.
2193 2960 2307 3016 Hoc
2353 2963 2500 3017 enim
2551 2961 2826 3032 signiﬁcat
2877 2961 3010 3015 illud
3052 2979 3070 3012 ι
3123 2975 3150 3013 a
3184 2960 3416 3030 meipso,
3463 2979 3482 3012 ι

1911 3060 1971 3104 ιιι
2004 3051 2046 3103 si
2103 3050 2312 3104 diceret
2366 3065 2474 3104 non
2524 3065 2686 3119 posse
2735 3049 2899 3120 2&0
2935 3048 3116 3104 facere
3176 3057 3485 3119 peccatum,

211 3147 294 3219 τῷ
318 3149 523 3219 Πατρὶ,
549 3149 682 3219 πρὸς
706 3149 804 3221 τὴν
831 3149 915 3219 ἐφ’
945 3144 1098 3222 ᾧπερ
1127 3150 1192 3204 ἂν
1215 3151 1380 3215 δόξειε
1410 3152 1589 3223 ψῆφον
1614 3154 1803 3208 ἑαυτὸν

1913 3157 2071 3197 nemo
2103 3141 2502 3195 existimaverit
2546 3156 2670 3194 cum
2707 3140 3104 3194 imbecillitatis
3155 3141 3282 3209 jure
3320 3155 3488 3193 accu-

215 3239 494 3312 είσφέρει,
533 3242 607 3312 μὴ
653 3241 906 3296 δύνασθαί
953 3259 1006 3296 τι
1050 3243 1182 3314 δρᾷν
1227 3243 1622 3316 ἐξηγούμενος,
1669 3246 1697 3298 ὃ
1729 3245 1804 3317 μὴ

1907 3235 2040 3295 sari,
2077 3232 2170 3287 sed
2224 3233 2527 3287 mirabilem
2566 3229 2858 3302 quamdam
2908 3245 2969 3284 ac
3014 3231 3256 3285 divinam
3303 3231 3490 3301 potius

215 3332 447 3396 παντως
477 3334 594 3388 ἐστὶ
625 3335 764 3389 κατά
808 3334 1031 3406 γνώμην
1076 3335 1170 3390 τοῦ
1219 3337 1450 3407 Πατρός.
1499 3338 1668 3392 Τοῦτο
1698 3339 1806 3410 γὰρ

1913 3335 2117 3378 natura:
2143 3339 2256 3379 suae
2273 3324 2546 3394 explicare
2568 3321 2958 3392 pr0prietatem
2982 3344 2991 3376 ;
3009 3321 3327 3376 ostenderet
3342 3322 3489 3376 enim

215 3427 360 3495 ἡμῖν
406 3424 656 3495 σημαίνει
689 3426 768 3489 τὸ,
796 3445 814 3477 ι
854 3428 949 3481 ἀπ’
984 3426 1242 3498 ἐμαυτοῦ·
1276 3448 1295 3482 ι
1329 3428 1516 3501 ὥσπερ
1546 3429 1612 3483 ἂν
1639 3431 1686 3483 εἰ
1716 3431 1805 3483 λέ-

217 3532 304 3582 γοι
348 3516 714 3587 μὴδύνασθαι
760 3518 892 3589 δρᾷν
935 3519 1230 3590 ἁμαρτίαν,
1275 3520 1376 3574 οὐκ
1419 3520 1484 3574 ἀν
1530 3539 1608 3592 τῳ
1658 3522 1806 3589 δόξαι

215 3605 451 3672 δικαίως
479 3607 760 3672 ἀσθενείας
805 3609 1094 3680 ὑπομεῖναι
1145 3609 1378 3683 γραφὴν,
1413 3612 1722 3681 ἐξηγεῖσθαι
1750 3611 1808 3664 δὲ

220 3699 435 3769 μᾶλλον
484 3696 810 3769 ἀξιάγαστόν
864 3718 918 3754 τι
971 3701 1064 3755 καὶ
1114 3701 1414 3774 θεοπρεπὲς
1463 3704 1563 3772 τῆς
1605 3704 1808 3767 οἰκείας

217 3789 447 3859 φύσεως
479 3790 700 3861 ἰδίωμα·
734 3791 814 3844 ὅτι
845 3791 954 3863 γὰρ
981 3793 1248 3864 ἀτρεπτός
1277 3810 1338 3845 τε
1381 3795 1474 3847 καὶ
1519 3794 1811 3849 ἀναλλοίωο

217 3899 307 3946 τος
349 3881 783 3954 ὑπάρχειβηλοί.
819 3883 1003 3949 Οὕτως
1035 3885 1163 3939 ὅταν
1189 3886 1281 3954 ἀφ’
1316 3887 1508 3939 ἐαυτοῦ
1544 3887 1618 3958 μὴ
1651 3887 1811 3941 δύνα-

222 3971 358 4025 σθαί
403 3989 456 4026 τι
501 3975 673 4026 ποιεῖν
717 3973 987 4044 ὁμολογῇ,
1033 3975 1561 4046 καταπλαγησόμεθα
1587 3977 1808 4046 μᾶλλον,

221 4064 450 4134 φύσεως
477 4063 744 4135 ἀτρέπτου
772 4067 981 4135 καρπὸν
1011 4063 1243 4136 ὁρῶντες
1267 4065 1325 4118 τὸ
1352 4064 1640 4136 ἄτρεπτον,
1666 4069 1812 4138 ἤπερ

220 4155 324 4207 οὐκ
380 4155 651 4226 εὐκαίρως
711 4155 786 4218 ὡς
832 4153 1115 4219 ἀσθενείας
1175 4157 1506 4226 σημαντικὸν
1551 4158 1611 4211 τὸ
1651 4176 1672 4210 ο
1737 4159 1812 4231 μὴ

220 4244 493 4299 δύνασθαι
533 4265 550 4297 ι
589 4244 936 4318 λογιούμεθα.
973 4247 1159 4299 Ταῦτα
1201 4247 1258 4300 δὲ
1305 4248 1467 4301 πάλιν
1511 4251 1642 4320 ἡμῖν
1683 4250 1812 4304 ἁνα-

220 4335 402 4405 λόγως
452 4336 549 4405 μὲν
592 4339 705 4399 τοῖς
757 4338 1065 4408 εἰρημένοις
1097 4336 1336 4409 εἰρήσθω
1382 4339 1628 4409 μέτροις·
1656 4342 1815 4412 ἐρευ-

221 4427 380 4480 νάτω
410 4427 467 4480 δὲ
493 4430 521 4482 ὁ
558 4428 858 4500 φιλομαθὴς
884 4428 953 4482 τὰ
981 4429 1241 4500 βελτίονα.
1274 4431 1672 4500 Διερμηνεῦσαι
1705 4434 1813 4502 μὴν

1907 3429 1966 3469 se
2005 3413 2326 3468 mutationis
2355 3421 2409 3468 et
2455 3413 2798 3468 alterationis
2856 3412 3152 3467 immunem
3197 3415 3486 3468 exsistere.

1911 3503 1984 3558 lla
2019 3520 2142 3558 cum
2175 3519 2206 3558 a
2259 3503 2444 3572 seipso
2495 3518 2606 3558 non
2653 3517 2817 3566 posse
2865 3501 3044 3556 facere
3087 3516 3145 3556 se
3186 3501 3491 3573 quidquam

1911 3595 2216 3666 proﬁtetur,
2259 3593 2588 3649 mirabimur
2635 3595 2818 3663 potius
2863 3593 3228 3656 immutabilis
3281 3601 3492 3646 naturae

1911 3685 2147 3741 fructum
2181 3686 2577 3740 immutabilem
2602 3693 2915 3750 cernentes,
2941 3701 3104 3754 quam
3140 3684 3295 3748 illud,
3329 3705 3346 3735 ι
3381 3700 3490 3738 non

1911 3794 2096 3849 posse,
2136 3797 2154 3830 ›
2191 3779 2562 3832 inﬁrmitatem
2612 3777 2923 3848 signiﬁcare
2967 3776 3354 3845 intempestive
3385 3793 3492 3846 pu-

1914 3871 2174 3925 tabimus.
2230 3870 2354 3926 llaec
2400 3881 2579 3924 autem
2633 3885 2853 3923 rursum
2911 3869 3071 3923 nobis
3130 3884 3226 3938 pro
3280 3869 3494 3923 ratione

1912 3979 2103 4019 eorum
2159 3979 2280 4032 quae
2331 3971 2458 4016 ante
2514 3962 2657 4015 dicta
2702 3971 2830 4014 sunt
2873 3961 3169 4028 suﬁioiaut;
3214 3967 3493 4014 scrutetur

1915 4071 2078 4126 porro
2112 4053 2354 4109 discendi
2395 4053 2678 4109 studiosus
2714 4055 2962 4106 meliora.
2997 4052 3282 4122 Explicare
3311 4062 3491 4106 tamen

1914 4149 2114 4202 dictum
2148 4146 2279 4200 illud
2313 4147 2419 4199 alio
2454 4145 2612 4198 modo
2649 4162 2759 4200 non
2811 4147 3177 4215 gravahiuiur,
3211 4146 3489 4215 paululum

1914 4239 2174 4311 quiddam
2220 4238 2286 4292 de
2317 4236 2537 4291 deitatis
2579 4238 2882 4291 rationibus
2913 4248 2965 4291 ct
2998 4237 3271 4306 Unigeniti
3309 4238 3492 4291 excel-

1915 4329 2081 4383 lentia
2107 4328 2338 4383 diceudo
2369 4326 2704 4388 minuentes,
2737 4338 2788 4380 et
2818 4328 3076 4396 quoniam
3111 4327 3274 4381 homo
3302 4343 3493 4382 revera

1918 4420 2094 4476 factus
2126 4432 2228 4482 εει,
2263 4416 2547 4488 Filiusque
2575 4426 2820 4478 vocatus.
2855 4420 2959 4471 vim
2993 4419 3390 4474 theorematum
3426 4420 3493 4474 ad

224 4519 317 4571 καὶ
360 4495 652 4589 ἐτέρωςήτὸ
685 4495 850 4591 ρητδν
889 4495 992 4574 οὐκ
1029 4495 1563 4592 ὀκνησομενίβραχύ
1607 4541 1658 4576 τι
1701 4495 1810 4576 τῶν

1919 4511 2387 4582 dispensationem
2423 4527 2545 4564 cum
2588 4526 2752 4564 carne
2785 4509 3202 4576 transferentes,
3233 4519 3495 4582 cognata-

223 4609 327 4678 τῆς
363 4607 615 4680 θεότητος
659 4611 797 4679 ὅρων
861 4609 953 4662 καὶ
997 4609 1095 4680 τῆς
1132 4608 1226 4662 τοῦ
1267 4610 1603 4677 Μονογενοῦς
1645 4610 1812 4681 ὑπερ-

225 4701 363 4771 οχῆς
388 4700 480 4753 τὸν
501 4700 658 4768 λόγον
690 4699 1126 4764 ὑποϐιϐάζοντες,
1159 4701 1250 4754 καὶ
1280 4701 1506 4774 ἐπείπερ
1529 4702 1810 4775 ἄνθρωπος

1919 4622 2025 4677 que
2069 4613 2121 4659 et
2157 4603 2453 4672 conjuncta
2503 4603 2882 4674 superioribus
2931 4603 3214 4673 sequentia
3265 4603 3494 4659 demon-

1918 4709 2176 4758 strantcs.

228 4796 425 4867 γέγονέ
457 4813 514 4849 τε
558 4796 725 4858 ὅντως
766 4795 858 4848 καὶ
895 4795 1300 4865 κεχρημάτικεν
1335 4797 1363 4849 ὀ
1394 4797 1542 4862 Υἱὸς,
1587 4801 1681 4852 ἐπὶ
1710 4803 1809 4873 τὴν
1851 4798 1991 4873 μετά
2013 4791 2211 4866 σαρκὸς
2237 4788 2548 4859 οἰκονομίαν
2570 4787 2665 4859 τὴν
2691 4786 2796 4840 τῶν
2862 4787 3230 4860 θεωρημάτων
3291 4795 3495 4864 μεταρ-

233 4893 590 4966 ρυθμίζοντες
616 4891 862 4961 δύναμιν,
896 4890 1131 4960 συγγενῆ
1153 4908 1210 4944 τε
1235 4894 1329 4948 καὶ
1357 4896 1675 4965 συνημμένα
1699 4900 1812 4962 τοῖς
1848 4887 2362 4969 προαποδεδομένοις
2393 4886 2483 4940 καὶ
2511 4885 2577 4938 τὰ
2613 4885 2810 4955 ἐφεξῆς
2857 4886 3318 4951 ἀποδεικνύοντες.

302 4985 518 5039 οὐκοῦν
550 4986 632 5037 ὅτι
663 4984 758 5038 καὶ
788 4983 1112 5038 ἀκούσονται
1134 4985 1232 5055 τῆς
1265 4985 1449 5056 φωνῆς
1487 4988 1651 5042 αὐτοῦ
1682 4989 1818 5043 πάν-

235 5093 328 5140 τες
350 5076 402 5130 οἱ
428 5077 486 5128 ἐν
535 5078 648 5136 τοῖς
690 5075 994 5146 μνημείοις,
1041 5076 1134 5129 καὶ
1175 5075 1258 5129 ὃτί
1299 5076 1394 5129 καὶ
1431 5064 1816 5150 κριθησόμενοι

240 5167 655 5240 προελεύσονται
677 5166 1074 5237 διεμαρτύρατο
1111 5166 1315 5236 σαφῶς.
1350 5167 1565 5240 Ἐπειδὴ
1586 5169 1644 5222 δέ
1669 5170 1818 5236 ἅπαξ

238 5261 317 5321 εἰς
369 5258 460 5310 τὸν
500 5255 630 5328 περὶ
673 5254 767 5308 τοῦ
803 5255 1006 5322 κρίνειν
1047 5255 1209 5308 αὑτὸν
1236 5256 1333 5325 τὴν
1369 5256 1692 5327 οἰκουμένην
1719 5258 1817 5311 ἐκ-

243 5348 442 5419 ϐέϐηκε
470 5349 648 5416 λόγον,
675 5348 736 5401 ού
769 5346 929 5417 μόνον
956 5347 1040 5399 ὅτι
1080 5347 1199 5400 κατ’
1228 5349 1404 5400 ἐκεῖνο
1451 5349 1665 5419 καιροῦ,
1696 5349 1818 5404 καθ’

242 5439 270 5491 ὃ
312 5439 530 5493 ἔσεσθαί
577 5455 711 5511 φησι
742 5437 839 5510 τὴν
868 5437 978 5492 τῶν
1025 5438 1232 5510 νεκρῶν
1270 5439 1586 5504 ἀναϐίωσιν,
1616 5440 1820 5505 δίκαιος

245 5531 393 5584 ἔσται
423 5531 612 5604 κριτὴς
634 5530 1059 5600 ἐπαγγέλλεται,
1084 5529 1222 5585 ἀλλά
1263 5531 1366 5603 γὰρ
1399 5531 1496 5603 ἤδη
1521 5532 1615 5586 καὶ
1653 5533 1723 5587 τὰ
1762 5534 1821 5586 ἐν

245 5623 380 5693 τῷδε
414 5622 492 5694 τῷ
519 5623 622 5693 βίῳ
655 5623 956 5694 πράγματα
1000 5622 1202 5694 κρίνειν
1244 5619 1417 5684 ὀρθῶς
1461 5622 1554 5674 καὶ
1601 5621 1821 5686 δικαίως

247 5713 654 5787 διισχυρίζεται.
687 5714 754 5766 Τί
783 5713 841 5768 δέ
876 5709 945 5784 ἦν
976 5713 1037 5766 τὸ
1075 5712 1410 5783 κρινόμενον,
1447 5715 1540 5766 καὶ
1565 5714 1657 5766 ἐπὶ
1680 5713 1818 5767 τίσιν

248 5806 276 5858 ό
299 5803 471 5875 λόγος,
501 5804 666 5861 ἄκουε
698 5803 901 5880 λοιπόνί
929 5801 1234 5879 Ἐγεννήθη
1263 5801 1328 5856 δι’
1359 5803 1503 5874 ἡμᾶς
1544 5803 1607 5857 ἐκ
1639 5819 1823 5872 γυναι.

2001 4985 2170 5057 Igitur
2201 4982 2350 5036 clare
2387 4978 2708 5035 testiﬁcatus
2737 4991 2819 5034 est
2867 4989 3113 5034 mortuos
3152 4996 3342 5036 omnes
3377 4982 3498 5051 ejus

1923 5092 2112 5132 vocem
2140 5073 2452 5135 audituros,
2475 5081 2528 5125 et
2559 5070 2624 5124 ad
2647 5069 2916 5140 judicium
2947 5086 3323 5140 processuros.
3349 5071 3496 5136 Quu-

1923 5171 2068 5224 niam
2116 5176 2294 5220 autem
2332 5164 2497 5219 semel
2533 5178 2598 5218 eo
2638 5171 2932 5234 provectus
2977 5169 3061 5218 est
3105 5168 3163 5213 ut
3200 5162 3399 5215 dixerit
3438 5179 3499 5219 se

1922 5261 2110 5316 orbem
2159 5256 2558 5327 judicaturum,
2602 5271 2710 5310 non
2751 5255 2927 5309 solum
2963 5254 3250 5322 proﬁtetur
3304 5270 3364 5309 se
3406 5254 3497 5324 ju.

1922 5356 2068 5402 stum
2098 5347 2339 5416 judicem
2373 5343 2491 5400 fore
2523 5360 2588 5398 eo
2622 5353 2864 5412 tempore
2885 5357 2994 5410 quo
3025 5341 3260 5398 futuram
3295 5344 3369 5398 ait
3412 5361 3496 5398 re-

1923 5439 2360 5499 surrectionem,
2413 5452 2601 5492 verum
2657 5437 2822 5489 etiam
2873 5435 3036 5502 hujus
3081 5435 3205 5490 vita:
3249 5439 3495 5492 actiones

1923 5538 2072 5586 recte
2119 5546 2182 5585 ac
2230 5529 2377 5598 juste
2431 5528 2806 5597 judicaturum
2864 5530 3172 5583 continuat.
3209 5529 3495 5595 Quodnam

1926 5631 2106 5677 autem
2154 5620 2513 5690 judicandum
2573 5621 2664 5684 sit,
2704 5629 2759 5674 et
2805 5619 2875 5674 de
2916 5621 3119 5690 quibus
3171 5635 3354 5676 sermo
3401 5621 3496 5686 sit,

1925 5713 2148 5768 attende
2186 5713 2373 5768 modo.
2414 5711 2587 5765 Natus
2627 5720 2712 5766 est
2741 5718 2964 5781 propter
3009 5726 3110 5766 nos
3137 5727 3203 5766 ex
3234 5711 3494 5775 muliere;

1929 5813 1990 5862 ut
2026 5806 2172 5868 enim
2204 5805 2406 5863 Paulus
2451 5804 2526 5858 ait
2565 5821 2577 5858 :
2619 5823 2636 5857 ι
2677 5802 2794 5859 Non
2849 5802 3208 5874 apprehendit
3251 5801 3495 5878 angelos,
