4102 6576
572 399 670 459 591

1529 398 1587 451 S.
1613 393 1887 451 CYRILLI
1933 390 2404 449 ALEXANDRINI
2445 390 2767 447 ARClllEP.

3737 392 3842 446 39!

575 513 672 570 sed
726 527 910 568 semen
951 511 1202 577 Abralirr,
1241 511 1387 568 unde
1439 511 1628 567 debuit
1669 527 1766 581 per
1799 512 1982 564 omnia
2041 509 2154 562 l'ra-

2269 508 2377 571 ιός·
2412 507 2487 570 ὡς
2520 510 2628 578 γὰρ
2653 504 2681 556 ὁ
2707 502 2918 567 Παῦλος
2963 520 3158 574 φησιν,
3219 521 3238 553 ι
3288 502 3404 556 Οὐκ
3451 500 3697 570 ἀγγέλων
3732 505 3843 556 ἐπι-

575 604 753 660 tribus
783 604 1076 659 assimilari
1099 605 1166 658 ⁷⁸.
1205 624 1223 656 ι
1264 605 1399 660 Cum
1436 611 1615 658 autem
1655 603 1831 657 factus
1867 604 1936 657 sit
1969 602 2153 665 homo,

575 697 707 749 etin
736 696 879 750 servi
909 694 1105 758 forma,
1136 695 1316 752 factus
1344 711 1564 766 quoque
1597 703 1680 749 est
1716 694 1819 750 sub
1843 696 1968 763 .iege
1995 694 2039 746 is
2061 693 2154 760 qui

581 787 862 857 lcgislator
884 794 988 850 est,
1012 795 1070 840 ut
1093 786 1235 843 Deus
1255 803 1317 840 ac
1341 786 1602 842 Dominus
1625 786 1765 838 7"".
1788 783 1967 851 Quare
1991 785 2158 838 inter-

579 878 706 932 dum
742 879 1011 948 loquitur,
1043 882 1219 950 utqui
1252 881 1356 935 sub
1387 880 1502 950 lege
1539 887 1644 946 est,
1670 879 1941 933 interdum
1977 886 2034 930 ut
2063 875 2156 946 qui

578 987 745 1041 supra
781 974 974 1040 legem,
1003 982 1057 1026 et
1079 974 1215 1026 citra
1243 972 1722 1042 reprehensionem
1758 972 1918 1025 habet
1954 970 2160 1024 utrius-

580 1077 685 1130 que
723 1063 956 1116 faciendi
993 1071 1337 1132 potestatem.
1367 1063 1595 1118 Disserit
1630 1070 1808 1117 autem
1849 1076 1994 1115 nunc
2033 1077 2156 1115 cum

577 1151 804 1216 JudzL-is,
836 1163 894 1206 ut
931 1155 1067 1225 legis
1116 1162 1303 1210 custos
1343 1165 1394 1209 et
1442 1155 1627 1217 homo,
1670 1165 1729 1208 ut
1787 1154 1881 1223 qui
1939 1161 2158 1223 praetcr-

581 1241 733 1312 gredi
795 1244 1009 1296 nesciat
1058 1245 1312 1297 mandata
1351 1242 1558 1306 divina,
1612 1244 1859 1312 nihilque
1919 1257 1983 1296 ex
2033 1257 2160 1296 sen-

580 1333 752 1385 tentia
812 1347 910 1387 sua
966 1332 1146 1388 facere
1200 1343 1385 1404 queat,
1433 1332 1577 1402 quod
1638 1348 1746 1386 non
1806 1332 2002 1386 divina:
2044 1331 2159 1402 legi

582 1434 873 1493 congruat.
919 1426 1152 1498 Ideoque
1191 1428 1266 1480 ait
1309 1444 1322 1480 :
1369 1444 1388 1476 ι
1437 1425 1551 1480 Non
1580 1440 1798 1494 possum
1848 1440 1950 1496 ego
2001 1439 2030 1477 a
2077 1439 2161 1479 me

588 1517 712 1585 ipso
748 1515 926 1571 facere
957 1517 1286 1589 quidquam;
1328 1519 1472 1573 sicut
1504 1517 1691 1580 audio,
1721 1517 1928 1587 judico.
1969 1535 1987 1567 ι
2025 1517 2159 1570 (Sum

582 1617 716 1660 vero
761 1607 1088 1662 testiﬁcatur
1129 1622 1240 1662 non
1291 1621 1453 1678 posse
1501 1623 1529 1660 a
1565 1608 1748 1678 seipso
1785 1605 1967 1662 facere
2002 1603 2163 1676 quid-

584 1711 770 1765 quam,
803 1697 949 1767 quod
983 1698 1174 1768 utique
1207 1713 1315 1752 non
1350 1697 1421 1754 sit
1459 1698 1622 1754 etiam
1653 1683 1775 1785 ίξεί
1800 1695 2082 1768 placitum,
2108 1692 2178 1749 ef

581 1803 644 1843 re
701 1787 947 1857 judicare
1002 1789 1150 1843 sicut
1200 1789 1466 1852 audierit,
1515 1796 1839 1860 suggerente
1902 1785 2160 1841 nimirum

2255 599 2606 669 λαμϐάνεται,
2635 597 2768 651 άλλά
2814 597 3125 667 σπέρματος
3173 595 3426 665 Ἀϐραάμ
3447 612 3460 625 ·
3493 595 3613 648 ὅθεν
3643 595 3838 662 ὤφειλε

2256 689 2398 743 κατὰ
2431 691 2605 760 πάντα
2648 691 2760 752 τοῖς
2798 687 3045 756 ἀδελφοῖς
3073 685 3425 757 ὁμοιωθῆναι.
3467 706 3485 738 ι
3534 687 3754 755 Ἐπειδὴ
3789 688 3840 740 δὲ

2255 782 2479 850 γέγονεν
2525 779 2834 853 ἄνθρωπος,
2886 780 2978 832 καὶ
3029 780 3087 830 ἐν
3134 781 3198 848 τῇ
3233 777 3328 831 τοῦ
3381 777 3570 830 δούλου
3635 782 3837 848 μορφῇ,

2257 875 2447 944 γέγονε
2473 873 2568 925 καὶ
2600 872 2704 924 ύπδ
2731 873 2892 940 νόμον
2929 870 2957 921 ὁ
2994 870 3288 940 νομοθέτης
3329 869 3403 932 ὡς
3446 869 3577 932 Θεὸς
3611 871 3710 923 καὶ
3738 871 3841 922 κύ.

2261 981 2392 1036 ριος.
2424 962 2591 1016 Λαλεῖ
2615 960 2902 1032 τοιγαροῦν
2936 960 3068 1013 ποτὲ
3101 961 3200 1032 μὲν
3241 961 3315 1024 ὡς
3359 961 3464 1014 ὑπὸ
3498 961 3685 1032 νόμον,
3718 964 3841 1014 ποτέ

2257 1057 2313 1110 δὲ
2337 1051 2401 1109 αὖ
2438 1055 2599 1108 πάλιν
2626 1055 2700 1117 ὡς
2746 1053 2886 1124 ὑπὲρ
2933 1057 3115 1124 νόμον,
3165 1053 3256 1105 καὶ
3304 1053 3722 1124 ἀκατηγόρητον
3762 1055 3842 1105 ἐπ’

2259 1149 2460 1216 ἀμφοῖν
2495 1146 2605 1217 ἔχει
2643 1145 2739 1216 τὴν
2772 1144 3039 1210 ἐξουσίαν.
3089 1145 3407 1214 Διαλέγεται
3453 1147 3506 1199 δὲ
3548 1145 3671 1198 νυνὶ
3713 1148 3840 1216 προς

2272 1236 2577 1302 Ἰουδαίους,
2626 1236 2701 1301 ὡς
2750 1235 3062 1306 νομοφύλαξ
3113 1239 3206 1290 καὶ
3259 1237 3566 1308 ἄνθρωπος,
3619 1239 3697 1300 ὠς
3751 1239 3842 1290 οὐκ

2261 1328 2416 1392 εἰδὼς
2453 1329 2811 1399 παραϐαίνειν
2861 1329 2959 1391 τὰς
3000 1329 3206 1384 ἄνωθεν
3243 1329 3552 1400 ὁρισθείσας
3603 1330 3840 1392 ἐντολὰς,

2260 1422 2382 1475 ούδέ
2413 1421 2521 1474 ἀπὸ
2548 1420 2772 1492 γνώμης
2803 1421 3007 1484 οἰκείας
3041 1421 3363 1492 ἀνεχόμενος
3400 1439 3453 1474 τι
3490 1424 3688 1486 ποιεῖν,
3719 1421 3748 1474 δ
3775 1424 3843 1491 μὴ

2261 1512 2339 1584 τῷ
2370 1511 2496 1582 θείῳ
2522 1512 2670 1584 νόμῳ
2703 1513 2965 1566 συνδοκεῖ.
2997 1514 3093 1566 Διὰ
3124 1513 3279 1567 τοῦτό
3304 1532 3497 1585 φησιν’
3529 1533 3546 1565 ι
3586 1515 3665 1568 Ού
3695 1515 3823 1569 δύνα

2266 1622 2366 1675 μαι
2407 1603 2519 1674 ἐγὼ
2563 1607 2737 1658 ποιεῖν
2779 1605 2874 1659 ἀπ’
2919 1606 3154 1676 ἐμαυτοῦ
3198 1607 3348 1660 οὐδέν
3376 1623 3388 1636 ·
3415 1607 3600 1670 καθὼς
3644 1608 3844 1669 ἀκούω,

2264 1695 2453 1768 κρίνω.
2486 1715 2504 1748 ι
2545 1697 2754 1766 Ἑαυτῷ
2802 1697 2858 1750 δέ
2904 1698 2966 1750 τὸ
3017 1698 3090 1768 μὴ
3134 1697 3393 1751 δύνασθαί
3444 1716 3497 1751 τι
3541 1702 3723 1752 ποιεῖν
3760 1700 3831 1768 ἀφ

2265 1787 2459 1840 ἑαυτοῦ
2492 1788 2806 1860 μαρτυρῶν,
2836 1787 2865 1841 δ
2896 1787 2972 1860 μὴ
3004 1789 3220 1854 πάντως
3253 1791 3368 1842 ἐστι
3396 1792 3488 1843 καὶ
3516 1790 3746 1860 θελητὸν
3777 1791 3844 1860 τῷ

584 1877 722 1948 lege,
769 1874 1084 1931 Iudaeorum
1135 1879 1565 1933 inobedientiam
1620 1878 1821 1950 arguit,
1867 1890 2167 1944 eorumque

2270 1878 2457 1948 νόμῳ,
2510 1879 2713 1948 κρίνειν
2757 1894 2818 1930 τε
2871 1877 3014 1931 οὓτω
3070 1879 3165 1931 καὶ
3224 1878 3461 1942 δικάζειν
3489 1885 3602 1945 τοῖς
3665 1881 3835 1951 πράγο

587 1966 906 2037 przel‘ractos
952 1983 1136 2023 mores
1184 1971 1401 2039 retegit.
1438 1969 1597 2040 24],
1652 1968 1764 2022 Hoc
1813 1968 1959 2024 enim
2013 1975 2162 2023 recte

586 2057 934 2112 wrinnuunt
990 2059 1081 2112 illa
1123 2059 1338 2113 verba:
1374 2076 1394 2109 ‹
1435 2057 1552 2112 Non
1604 2074 1829 2129 possum
1874 2073 1902 2111 a
1952 2059 2162 2128 meipso

589 2149 768 2206 facere
793 2150 1118 2220 quidquam,
1155 2169 1174 2203 ι
1215 2150 1319 2204 hoc
1350 2158 1472 2205 est:
1508 2149 1618 2206 Vos
1658 2150 1783 2204 data
1822 2150 1975 2204 vobis
2005 2165 2161 2204 man—

586 2240 712 2294 data
743 2247 948 2296 temere
968 2243 1500 2313 praetergredientes,
1540 2260 1566 2295 a
1610 2243 1767 2299 vobis
1802 2243 1936 2312 ipsis
1965 2252 2162 2297 cuncta

588 2329 770 2384 facere
799 2332 1036 2398 audetis,
1075 2341 1129 2386 et
1162 2331 1229 2387 de
1260 2333 1496 2402 singulis
1521 2333 1686 2388 rebus
1725 2333 1934 2402 judicia
1963 2332 2163 2389 divinis

582 2424 760 2493 jussis
810 2427 1036 2482 minime
1075 2437 1448 2483 consentanea
1498 2427 1702 2483 facitis.
1752 2427 1970 2483 Docetis
2019 2428 2163 2482 enim

588 2517 902 2570 doctrinam
937 2519 1190 2573 mandata
1237 2519 1547 2584 hominum,
1576 2532 1628 2576 et
1689 2521 2026 2575 voluntatem
2074 2535 2167 2574 ve—

590 2621 760 2664 stram
788 2627 884 2681 pro
911 2611 1026 2680 lege
1052 2612 1209 2666 vobis
1243 2612 1622 2684 praescribitis.
1643 2610 1904 2677 Qumnam
1934 2626 2063 2682 ergo
2097 2611 2167 2666 sit

589 2700 784 2752 borum
813 2699 1097 2754 verborum
1130 2702 1292 2765 ratio,
1320 2710 1411 2755 aut
1442 2701 1718 2771 quomodo
1749 2702 1990 2772 seipsum
2015 2702 2168 2770 juste

584 2791 923 2860 julicantem
976 2792 1268 2863 significet,
1317 2808 1536 2847 rursum
1578 2793 1810 2848 dicetur.
1844 2792 2068 2848 Curavit
2112 2793 2167 2846 in

592 2880 837 2936 Sabbato
895 2884 1278 2954 paralyticum,
1314 2885 1575 2938 misertus
1620 2890 1705 2938 est
1754 2883 1994 2939 hominis
2044 2883 2169 2936 diu-

591 2984 750 3027 tmna
785 2975 1110 3045 aegritudine
1156 2975 1483 3038 laborantis,
1517 2983 1725 3030 rectum
1773 2976 2030 3028 nimirum
2075 2975 2170 3029 bo-

591 3082 834 3136 numque
873 3068 939 3122 de
989 3069 1109 3138 ipso
1167 3068 1352 3124 ferens
1412 3068 1710 3137 judicium.
1747 3068 1982 3123 Decebat
2022 3067 2167 3122 enim

590 3160 755 3214 etiam
806 3161 859 3214 in
917 3159 1161 3215 Sabbato
1211 3161 1456 3216 misereri
1491 3161 1750 3229 jacentis,
1800 3175 1975 3230 neque
2015 3175 2171 3214 verc-

591 3254 793 3308 cundia
825 3253 1046 3309 Sabbati
1081 3253 1518 3308 misericordiam
1551 3268 1828 3317 coercere,
1856 3252 2169 3308 vanissimas

591 3346 872 3417 religionis
904 3347 1158 3401 obtentu.
1189 3345 1660 3412 Quemadmodum
1697 3353 1878 3400 autem
1918 3343 2082 3400 Pater
2115 3346 2168 3399 in

595 3437 837 3494 Sabbato
881 3453 1009 3510 erga
1061 3445 1344 3494 creaturas
1393 3447 1671 3508 operatur,
1703 3439 1894 3507 utique
1941 3453 2039 3507 per
2080 3437 2171 3492 Fi-

591 3533 725 3585 lium
767 3549 781 3586 :
820 3533 895 3586 ita
949 3543 1002 3586 et
1039 3531 1231 3587 Filius.
1286 3529 1474 3601 Neque
1511 3531 1655 3585 enim
1698 3533 1905 3602 placuit
1949 3532 2170 3587 miseri-

597 3624 788 3677 cordia
830 3639 1019 3678 carere
1070 3625 1123 3676 in
1173 3623 1410 3678 Sabbato
1441 3631 1662 3693 prepter
1691 3621 2010 3687 Sabbatum,
2045 3639 2168 3677 cum

595 3714 762 3768 sciret
819 3712 1110 3766 Dominum
1169 3728 1293 3766 esse
1327 3709 1524 3766 Filium
1572 3711 1834 3767 hominis.
1873 3710 1992 3766 Non
2023 3713 2167 3767 enim

594 3806 760 3855 homo
792 3810 1012 3871 propter
1045 3799 1344 3856 Sabbatum
1384 3800 1560 3857 factus
1599 3809 1706 3865 est,
1740 3802 1833 3856 sed
1870 3801 2168 3857 Sabbatum

595 3900 820 3963 propter
859 3892 1156 3947 hominem.
1213 3891 1400 3962 itaque
1452 3903 1659 3948 rectum
1701 3893 1921 3964 quidem
1973 3902 2057 3949 est
2108 3909 2172 3950 ac

596 3987 799 4038 bonum
851 3981 1156 4040 Salvatoris
1209 3986 1276 4040 de
1333 3985 1419 4041 bis
1472 3985 1773 4056 judicium,
1805 3986 1900 4057 qui
1952 3995 2173 4057 propter

599 4072 899 4131 Sabbatum
961 4077 1394 4131 misericordiam
1443 4092 1570 4148 erga
1609 4077 1884 4146 jacentem
1933 4092 2042 4131 non
2092 4077 2174 4131 in-

597 4166 796 4234 hibuit,
846 4166 938 4222 sed
991 4166 1136 4237 quod
1186 4166 1400 4222 elIicere
1455 4175 1689 4235 poterat,
1733 4175 1795 4221 ut
1849 4166 2014 4233 Deus,
2049 4167 2173 4222 fons

597 4255 800 4326 quippe
845 4255 1110 4312 bonitatis
1143 4264 1229 4312 est
1273 4267 1471 4311 natura
1499 4257 1710 4324 divina,
1745 4257 1878 4311 illud
1922 4258 2084 4312 etiam
2117 4259 2171 4312 in

597 4345 837 4401 Sabbato
867 4347 1144 4417 praestitit.
1175 4346 1450 4401 Judicium
1476 4358 1654 4402 autem
1683 4363 1873 4403 eorum
1903 4351 1994 4418 qui
2028 4365 2090 4404 ea
2117 4365 2175 4404 re

596 4437 1017 4493 ollendebantnr
1075 4447 1298 4509 propter
1347 4439 1651 4494 Sabbatum
1685 4480 1701 4504 ,
1755 4449 1918 4511 atque
1967 4440 2174 4495 idcirco

2265 1987 2448 2040 μασιν,
2483 1967 2674 2040 ὥσπερ
2739 1968 2805 2023 ἂν
2852 1969 3105 2033 ἀκούσαι,
3160 1969 3570 2041 διαγορεύοντος
3609 1970 3844 2042 δηλονότι

2259 2059 2355 2113 τοῦ
2415 2058 2627 2130 νόμον,
2701 2058 2800 2120 τὰς
2852 2059 2960 2111 τῶν
3023 2058 3292 2112 Ἰουδαίων
3381 2061 3679 2125 ἀπειθείας
3757 2060 3837 2126 ἐξ·

2261 2150 2492 2221 ελέγχει,
2517 2148 2986 2224 καῖ[τῶν]τρῑπων
3016 2152 3193 2206 αὐτῶν
3209 2155 3517 2226 ἀπογυμνοῖ
3538 2154 3598 2206 τὸ
3623 2153 3829 2223 ἐξὴνιον

2263 2241 2430 2295 Τοῦτο
2468 2241 2577 2312 γάρ
2615 2240 2678 2313 δὴ
2706 2244 2799 2296 καὶ
2831 2242 3164 2315 ύπεμφαίνει
3194 2245 3374 2308 καλῶς
3401 2245 3723 2315 τεθειμένον
3756 2246 3811 2297 τὸ
3832 2285 3844 2308 ,

2270 2355 2286 2386 ι
2309 2335 2383 2388 υύ
2413 2334 2646 2409 δύναμαι
2693 2333 2804 2403 ἐγὼ
2855 2338 3027 2388 ποιεῖν
3063 2337 3156 2390 ἀπ’
3186 2337 3422 2406 ἐμαυτοῦ
3453 2337 3628 2398 οὐδὲν,
3665 2357 3684 2389 ι
3735 2339 3843 2390 ἀντὶ

2263 2425 2379 2490 τοῦ,
2419 2425 2608 2496 Ὑμεῖς
2639 2425 2966 2494 ἀφυλάκτως
2996 2428 3095 2490 τὰς
3127 2426 3371 2490 δοθείσας
3414 2429 3543 2497 ὑμῖν
3578 2427 3834 2499 παραϐαί·

2266 2535 2448 2582 νοντες
2475 2517 2716 2582 ἐντολὰς,
2757 2519 2934 2572 πάντα
2967 2519 3227 2589 πράττειν
3260 2520 3352 2588 ἀφ’
3396 2521 3629 2582 ἑαυτῶν,
3685 2521 3758 2583 ὡς
3794 2519 3847 2587 ἐξ

2267 2610 2549 2664 ἀκινδύνου
2594 2610 2778 2663 λοιπὸν
2825 2610 3185 2679 ἐθαρσησατε,
3236 2611 3329 2663 καὶ
3371 2611 3469 2675 τὰς
3508 2612 3596 2680 ἐφ’
3640 2611 3848 2680 ἑκάστῳ

2266 2701 2375 2754 τῶν
2404 2702 2743 2772 πραγμάτων
2777 2701 3121 2773 κρίσεις,οὖκ
3159 2703 3556 2762 ἀκολουθούσας
3584 2704 3705 2764 τοῖς
3741 2701 3848 2754 θεό-

2270 2793 2360 2846 θεν
2404 2792 2844 2862 διατεταγμένοις
2877 2793 3146 2847 ποιεῖσθαι
3179 2793 3526 2858 σπουδάζετε.
3562 2793 3846 2846 Διδάσκετε

2269 2885 2376 2956 γὰρ
2419 2884 2768 2939 διδασκαλίαν
2817 2885 3126 2956 ἐντάλματα
3168 2886 3501 2957 ἀνθρώπων,
3550 2888 3650 2940 καὶ
3697 2888 3845 2957 νόμον

2270 2974 2542 3048 ὡρίσασθε
2569 2975 2630 3028 τὺ
2656 2979 2853 3030 οἰκεῖον
2883 2977 3010 3048 θέλη
3022 2995 3114 3048 μα.
3144 2979 3240 3042 Τίς
3265 2975 3357 3031 οὖν
3383 2980 3411 3031 δ
3436 2979 3535 3049 τῆς
3560 2977 3846 3048 διασκευῆς

2270 3069 2370 3140 τῆς
2417 3070 2473 3120 ἐν
2520 3067 2695 3139 τούτῳ
2745 3071 2968 3141 τρόπος.
3016 3070 3048 3140 ἦ
3094 3070 3210 3132 πῶς
3262 3070 3451 3122 ἐαυτὸν
3495 3069 3596 3138 μὲν
3646 3069 3842 3136 εἰσάγει

2275 3159 2528 3231 κρίνοντα
2575 3159 2817 3225 δικαίως,
2869 3161 3108 3222 ἐκείνους
3152 3162 3208 3213 δὲ
3255 3160 3526 3232 οὐδαμῶς,
3572 3161 3843 3230 είρήσεται

2273 3251 2452 3306 πάλιν.
2507 3252 2922 3323 Τεθεράπευκεν
2970 3254 3026 3305 ἐν
3080 3253 3343 3323 Σαϐϐάτῳ
3385 3252 3477 3304 τὸν
3519 3251 3842 3324 παράλυτον,

2271 3345 2502 3416 ἠλέησεν
2535 3344 2822 3416 ἄνθρωπον
2875 3345 3117 3416 μακροὺς
3167 3346 3226 3397 ἐν
3272 3344 3542 3414 νοσήματι
3593 3342 3843 3413 κατατρί-

2270 3436 2450 3506 ψαντα
2476 3437 2721 3508 χρόνους,
2748 3435 2914 3507 ὀρθὴν
2941 3436 3182 3505 δηλονότι
3239 3437 3332 3488 καὶ
3361 3434 3569 3505 ἀγαθὴν
3598 3436 3688 3488 ἐπ’
3710 3433 3843 3502 αύτῴ

2271 3530 2371 3602 τὴν
2404 3529 2586 3603 κρίσιν
2614 3529 2932 3598 ἐξενεγκὼν.
2970 3529 3118 3584 Ἔδει
3151 3528 3260 3600 γὰρ
3287 3528 3651 3599 ἐποικτείρειν
3681 3528 3770 3580 καὶ
3795 3530 3844 3578 ἐν

2272 3621 2536 3691 Σαϐϐάτῳ
2563 3621 2654 3674 τὸν
2699 3621 2971 3690 κείμενον,
3019 3619 3112 3674 καὶ
3141 3619 3414 3673 συστεῖλαι
3451 3618 3553 3688 μὲν
3588 3618 3683 3670 τὸν
3712 3617 3844 3670 ἔλεον

2269 3711 2520 3782 οὐδαμῶς
2571 3711 2710 3765 αίδοῖ
2761 3714 2825 3782 τῇ
2877 3711 3005 3780 περὶ
3049 3709 3112 3763 τὸ
3160 3708 3455 3775 Σάϐϐατον,
3509 3708 3844 3774 είκαιοτάτην

2271 3803 2684 3873 ἐπιτηδεύοντας
2714 3804 2813 3878 τὴν
2839 3801 3144 3855 εὐλάϐειαν.
3183 3801 3391 3870 ’Ὠσπερ
3417 3799 3472 3852 δὲ
3504 3801 3562 3852 ἐν
3595 3798 3842 3867 Σαϐϐάτῳ

2275 3896 2370 3950 καὶ
2403 3898 2430 3949 ὀ
2463 3897 2654 3968 Πατὴρ
2684 3895 2903 3966 ἐνεργὸς
2932 3895 3060 3965 περὶ
3085 3894 3184 3964 τὴν
3212 3892 3319 3947 τῶν
3359 3893 3681 3963 κτισμάτων
3710 3893 3842 3961 ἐνέρ-

2271 3988 2426 4057 γειάν
2453 3991 2589 4052 ἐστι,
2607 3988 2824 4050 πάντως
2853 3985 2910 4039 δέ
2937 3985 3005 4038 δι’
3033 3983 3184 4052 Υἱοῦ,
3211 3983 3353 4038 οὕτω
3378 3984 3469 4036 καὶ
3491 3983 3684 4046 αὑτός.
3724 3983 3841 4035 οὐδὲ

2273 4081 2382 4152 γάρ
2412 4079 2837 4150 ἀποστερεῖσθαι
2889 4079 2998 4132 δεῖν
3038 4078 3128 4131 τὸν
3166 4077 3315 4133 ἐλέου
3351 4078 3604 4149 δεόμενον
3635 4079 3693 4130 ἐν
3720 4078 3842 4130 Σαϐ-

2273 4173 2424 4244 ϐάτῳ
2454 4171 2542 4225 διὰ
2567 4172 2625 4224 τὸ
2656 4170 2932 4225 Σάϐϐατον
2963 4169 3306 4240 ἐδοκίμαζεν,
3343 4171 3466 4221 ἐπεὶ
3510 4169 3714 4239 Κύριον
3739 4169 3838 4238 ᾔδει

2272 4267 2362 4319 τὸν
2391 4265 2520 4318 Υίδν
2551 4263 2644 4317 τοῦ
2677 4262 2967 4336 ἀνθρώπου
2995 4278 3008 4293 ·
3065 4263 3126 4315 ού
3165 4262 3273 4333 γὰρ
3309 4264 3338 4315 ὁ
3367 4261 3658 4332 ἄνθρωπος
3686 4262 3764 4313 διὰ
3789 4260 3839 4312 τὸ

2275 4357 2547 4412 Σάϐϐατον
2579 4357 2816 4425 ἐγένετο,
2848 4354 2985 4408 ἀλλὰ
3017 4354 3078 4408 τὸ
3104 4353 3381 4408 Σάϐϐατον
3407 4353 3496 4406 διὰ
3523 4353 3616 4407 τὸν
3648 4353 3837 4422 ἄνθρω-

2274 4467 2395 4503 πον.
2449 4449 2657 4502 Οὐκοῦν
2703 4447 2836 4519 ὀρθὴ
2871 4447 2969 4518 μὲν
3003 4447 3097 4499 ἐπὶ
3125 4445 3339 4509 τούτοις
3399 4446 3495 4499 καὶ
3548 4445 3728 4516 ἀγαθὴ
3758 4441 3837 4495 τοῦ

601 4539 832 4584 mortem
859 4530 1178 4598 qumrebant
1206 4532 1325 4600 ejus
1353 4546 1382 4583 a
1414 4547 1523 4602 quo
1554 4532 1704 4585 nulla
1737 4532 1789 4586 in
1826 4548 1884 4585 re
1908 4532 2167 4585 violatum

2281 4541 2530 4611 Σωτῆρος
2559 4541 2591 4610 ἡ
2634 4539 2852 4610 κρίσις,
2901 4539 2960 4592 ού
2990 4538 3076 4592 διά
3108 4538 3170 4590 τὸ
3201 4538 3475 4591 Σάϐϐατον
3508 4538 3611 4608 τὴν
3658 4537 3742 4590 ἐπὶ
3773 4533 3839 4603 τῷ

599 4630 741 4680 erat,
766 4622 1042 4690 quomodo
1078 4637 1186 4677 non
1215 4623 1418 4678 divinis
1452 4623 1664 4693 legibus
1727 4624 1881 4679 valde
1906 4632 2176 4695 repugnat

605 4713 904 4782 (scriptum
938 4723 1023 4769 est
1063 4715 1241 4768 enim:
1281 4733 1300 4766 ι
1337 4713 1687 4769 lnnocentem
1723 4725 1776 4768 et
1813 4724 2022 4768 rectum
2065 4729 2173 4768 non

599 4802 902 4858 interlicies
928 4804 972 4835 '”
1013 4823 1032 4856 ι
1068 4806 1109 4873 ),
1156 4813 1210 4858 et
1255 4807 1321 4858 ab
1372 4820 1562 4860 eorum
1619 4806 1940 4862 crudelitate
1996 4809 2176 4877 potius

601 4911 763 4966 quam
809 4911 876 4949 ex
925 4895 1368 4951 sacris‘Litteris
1399 4895 1707 4967 profectum
1745 4899 1865 4953 est?
1889 4899 2030 4952 Audi
2070 4899 2174 4952 ita-

599 5005 704 5058 que
733 4987 920 5042 Jesum
965 4989 1279 5058 emphatice
1313 4989 1582 5044 dicentem
1611 4989 1677 5042 ad
1708 5005 1802 5044 eos
1838 4992 1931 5060 qui
1957 4991 2026 5045 ob
2059 4991 2179 5060 ejus

600 5079 868 5134 beneﬁcia
900 5080 1281 5151 indignantur,
1312 5089 1366 5135 et
1411 5091 1601 5136 sancta
1636 5083 1756 5152 ejus
1788 5083 2043 5137 incusant
2082 5085 2177 5152 ju-

599 5171 766 5234 dicia,
809 5171 928 5226 suis
987 5172 1257 5226 duntaxat
1307 5173 1659 5238 insistentes,
1706 5174 1868 5243 idque
1919 5190 2018 5244 pro
2061 5175 2177 5244 lege

604 5262 803 5316 habent
833 5265 978 5333 quod
1019 5265 1122 5319 sibi
1152 5266 1422 5334 placuerit
1448 5267 1701 5335 quamvis
1733 5267 1834 5337 legi
1866 5274 2134 5337 repugnet
2160 5284 2174 5320 :

607 5368 626 5401 ι
667 5351 782 5405 Non
805 5370 1028 5423 possum
1060 5371 1160 5427 ego
1186 5357 1217 5409 a’
1241 5359 1450 5426 meipso
1484 5359 1661 5413 facere
1686 5360 2004 5428 quidquam,
2033 5376 2050 5409 ι
2077 5361 2178 5412 hoc

602 5452 706 5504 cst,
739 5444 896 5513 jaXta
943 5447 1116 5516 legem
1167 5447 1464 5504 Mosaicam
1518 5458 1720 5504 cuncta
1773 5451 1937 5517 facio,
1968 5449 2103 5504 nihil
2149 5463 2178 5502 a

512 5613 517 5617 .
604 5534 816 5602 meipso
864 5535 1048 5592 facere
1113 5553 1374 5608 possum;
1415 5561 1432 5591 ι
1475 5543 1622 5595 sicut
1671 5541 1866 5605 audio,
1903 5541 2111 5608 judico.
2155 5559 2174 5592 ι

601 5621 744 5688 Quid
769 5626 919 5682 cnim
967 5629 1049 5682 lex
1089 5631 1193 5685 sibi
1221 5632 1374 5685 vult:
1413 5651 1431 5683 ι
1469 5629 1586 5686 Νοιι
1621 5633 1862 5702 accipies
1890 5646 2180 5703 personam

2281 4633 2519 4702 κειμένῳ
2569 4631 2979 4702 φιλανθρωπίαν
3027 4629 3511 4696 ἀποκωλύσαντος,
3566 4630 3683 4682 ἀλλ’
3721 4631 3838 4698 ὅπερ

2281 4718 2420 4776 οἶδεν
2449 4724 2523 4786 ὠς
2553 4723 2684 4786 Θεὸς
2711 4725 2952 4795 ἐνεργεῖν
2988 4721 3160 4793 (πηγὴ
3185 4723 3293 4792 γὰρ
3316 4722 3652 4792 ἀγαθότητος
3679 4724 3711 4792 ἡ
3736 4719 3838 4772 θεία

2283 4812 2443 4881 φύσις
2473 4813 2633 4883 ἐστι),
2668 4811 2823 4865 τοῦτο
2849 4815 2942 4865 καὶ
2975 4814 3031 4865 ἐν
3058 4812 3318 4882 Σαϐϐάτῳ
3345 4811 3763 4882 ποιήσαντος.Ἡ
3789 4808 3836 4861 δέ

2281 4918 2345 4970 γε
2378 4903 2561 4972 κρίσις
2595 4902 2628 4971 ἡ
2666 4901 2753 4954 ἐπ’
2777 4901 2924 4972 αὐτῷ
2959 4903 3309 4972 λυπουμένων
3340 4900 3431 4953 διὰ
3459 4901 3520 4952 τὸ
3563 4901 3836 4958 Σάϐϐατον,

2279 4990 2376 5044 καὶ
2401 4991 2488 5044 διὰ
2508 4989 2664 5042 τοῦτο
2691 4989 2973 5058 φονώντων
3004 4991 3144 5043 κατὰ
3162 4989 3257 5043 τού
3286 4990 3451 5062 μηδὲν
3480 4991 3835 5061 ἀδικήσαντος,

2281 5082 2398 5144 πῶς
2443 5081 2502 5133 ού
2534 5081 2656 5134 λίαν
2695 5082 2811 5134 ἐστὶ
2854 5084 2967 5145 τοῖς
3013 5083 3111 5153 μὲν
3143 5082 3307 5146 θείοις
3339 5081 3620 5153 ἀπᾴδουσα
3679 5083 3837 5150 νόμοις

2283 5172 2613 5243 (γέγραπται
2663 5172 2812 5241 γάρ’
2856 5191 2874 5222 ι
2927 5171 3126 5224 Ἀθῶον
3173 5173 3268 5225 καὶ
3313 5170 3520 5224 δίκαιον
3578 5173 3676 5223 οὐκ
3722 5173 3836 5222 ἀπο·

2279 5266 2485 5326 κτενεῖς
2513 5262 2583 5332 ι),
2632 5263 2690 5328 ἐξ
2734 5263 3013 5336 ὠμότητος
3059 5263 3113 5315 δὲ
3165 5262 3361 5331 μᾶλλον
3390 5263 3488 5332 τῆς
3535 5264 3628 5314 ἀπ’
3659 5261 3832 5320 αὐτῶν,

2280 5353 2374 5405 καὶ
2409 5353 2510 5405 οὐκ
2542 5353 2604 5404 ἐκ
2636 5353 2743 5405 τῶν
2776 5354 2935 5423 ἱερῶν
2962 5353 3250 5423 ηὑρημένη
3280 5352 3656 5422 Γραμμάτων;
3690 5351 3832 5420 Δίέχου

2281 5443 2460 5496 τοίνυν
2491 5444 2582 5496 τὸν
2614 5444 2706 5496 ἐπὶ
2740 5443 2951 5506 τούτοις
2985 5446 3099 5515 μετ’
3126 5445 3416 5515 ἐμφάσεώς
3459 5461 3604 5507 τινος
3631 5443 3834 5511 λέγοντα

2279 5536 2372 5588 τὸν
2411 5535 2618 5603 Ἰησοῦν
2661 5536 2796 5607 πρὸς
2843 5539 2968 5600 τοὺς
3019 5536 3104 5607 ἐφ’
3152 5533 3235 5600 οἷς
3285 5538 3564 5609 εὐεργετεῖ
3602 5531 3833 5608 χαλεπαί-

2282 5641 2493 5695 νοντας,
2529 5627 2624 5682 καὶ
2655 5629 2767 5690 τοῖς
2800 5626 2899 5698 μὲν
2931 5628 3098 5692 ὁσίοις
3125 5627 3290 5683 αὐτοῦ
3331 5627 3593 5701 κρίμασιν
3627 5623 3832 5692 ettraxi,-

671 5795 720 5830 τι
761 5797 922 5858 Hebr.
959 5817 1034 5872 ιι,
1072 5804 1158 5862 16.
1236 5806 1356 5840 ⁷³⁸⁷⁸
1390 5804 1628 5878 Phili-pp.
1653 5821 1723 5878 ιιι,
1753 5806 1823 5876 7;
1862 5805 2040 5864 Galat.
2072 5821 2147 5873 iv,

2308 5806 2562 5865 "\Exod.
2595 5822 2750 5878 mu,
2790 5807 2862 5876 7;
2895 5807 3036 5865 Dan.
3071 5823 3189 5878 xm,
3222 5808 3314 5864 53.
