4102 6554
267 360 379 417 393

1316 354 1387 409 ΙΝ
1417 355 1699 413 JOANNIS
1733 355 2178 419 FVANGELIUM
2220 364 2345 419 LIB.
2385 362 2452 419 ll.

3402 373 3508 430 δεδι

272 493 528 540 πτοντας,
570 474 996 537 ἀκολουθοῦντας
1037 475 1094 528 δὲ
1130 474 1311 544 μόνοις
1336 476 1448 538 τοῖς
1481 476 1709 539 ἑαυτῶν,
1753 475 1832 529 καί

1949 477 2001 533 in
2052 477 2283 547 judicio,
2331 480 2593 552 quoniam
2641 482 2909 551 judicium
2958 481 3053 538 Dei
3104 492 3188 539 est
3231 486 3296 541 ⁷⁸.
3340 504 3360 538 ι
3396 488 3542 541 Cur'

272 569 333 621 τὸ
361 567 523 632 δόξαν
549 565 690 637 ἔχειν
718 566 893 638 ὀρθῶς
918 566 1079 637 νόμον
1120 564 1305 637 ὥσπερ
1336 565 1704 637 ὁριζομένους.
1741 568 1845 622 κᾶν

272 659 455 731 ἀπᾴδῃ
482 656 561 728 τῷ
587 658 755 729 νόμιμ’
800 675 819 709 ι
868 657 941 710 Οὐ
967 656 1198 727 δύναμαι
1228 655 1338 725 ἐγὼ
1360 659 1531 710 ποιεῖν
1557 659 1651 711 ἀπ’
1675 660 1845 728 ὲμαυο

270 750 367 803 τοῦ
398 749 571 815 οὐδὲν,
619 768 638 799 ι
690 748 809 803 ἀντὶ
854 748 970 811 τοῦ,
1006 748 1193 802 Πάντα
1233 746 1375 800 κατὰ
1404 748 1568 817 νόμον
1597 750 1842 818 πράττω,

271 841 361 894 τὸν
388 840 676 910 ὁρισθέντα
704 839 794 893 διὰ
817 838 1082 903 Μωσέως,
1116 838 1262 891 οὐδὲν
1282 840 1377 891 ἀπ’
1409 838 1647 907 ἐμαυτοῦ
1673 839 1844 891 ποιεῖν

269 930 559 1001 ἀνέχομαι,
605 948 625 981 ι
649 930 830 992 καθὼς
877 928 1075 993 ἀκούω,
1108 929 1295 999 κρίνω.
1334 945 1352 979 ι
1405 926 1470 979 Τί
1496 927 1604 997 γὰρ
1627 930 1655 981 ό
1684 930 1845 998 νόμος

269 1020 523 1089 βούλεται
543 1038 557 1085 ;
583 1039 600 1071 ι
627 1022 700 1075 Οὐ
724 1020 871 1090 λήψῃ
894 1020 1183 1090 πρόσωπον
1208 1019 1265 1070 ὲν
1287 1018 1485 1088 κρίσει,
1508 1019 1589 1071 ὅτι
1612 1020 1645 1088 ἠ
1664 1020 1844 1089 κρίσις

267 1112 361 1166 τοῦ
390 1113 524 1166 Θεοῦ
554 1115 692 1165 ἐστι.
724 1132 742 1163 ο
786 1112 852 1163 Τί
889 1110 981 1163 νῦν
1009 1111 1132 1179 ἐμοὶ
1165 1108 1377 1178 χολᾶτε.
1410 1110 1595 1179 φησὶν,
1620 1110 1699 1162 ὅτι
1724 1111 1844 1164 ὅλον

266 1202 555 1273 ἄνθρωπον
580 1201 705 1269 ὑγιῆ
736 1200 964 1269 ἐποίησα
993 1199 1050 1251 ὲν
1081 1197 1365 1267 Σαϐϐάτῳ,
1391 1197 1596 1252 Μωσέα
1622 1199 1695 1269 μὴ
1726 1200 1845 1269 κρί-

263 1307 469 1353 νοντες,
502 1292 593 1344 καὶ
614 1292 671 1343 ὲν
695 1288 956 1357 Σαϐϐάτῳ
985 1288 1410 1356 περιτέμνεσθαι
1438 1288 1550 1340 δεῖν
1575 1288 1642 1340 τὰ
1671 1288 1843 1359 βρέφη

262 1380 692 1452 διαταξάμενονς
747 1398 767 1430 ‹
798 1378 889 1449 Μὴ
934 1377 1149 1449 κρίνετε
1199 1379 1321 1431 κατ’
1376 1376 1518 1447 ὄψιν,
1567 1377 1704 1431 ἀλλὰ
1746 1378 1844 1448 τὴν

266 1468 482 1522 δικαίαν
507 1470 686 1540 κρίσιν
713 1467 947 1538 κρίνετε.
976 1484 996 1518 ι
1041 1465 1102 1519 El
1131 1465 1432 1537 περιτομὴν
1456 1465 1721 1537 λαμϐάνει
1752 1466 1845 1520 ἄν-

1945 568 2073 621 mihi
2130 583 2281 623 nunc
2308 570 2495 639 itaque
2542 573 2902 637 succcnsetis,
2938 572 3137 642 inquit,
3172 573 3301 643 quia
3335 583 3507 630 totum

1944 656 2105 729 242
2152 658 2427 715 hominem
2473 662 2528 715 in
2579 660 2821 718 Sabbato
2857 665 3073 730 curavi,
3109 678 3234 719 cum
3266 664 3508 737 Moysem

1944 764 2051 803 non
2102 751 2517 821 reprehendatis
2571 753 2667 823 qui
2720 754 2886 823 jussit
2938 755 3177 812 infantes
3233 757 3397 812 etiam
3453 758 3509 812 in

1945 836 2185 895 Sabbato
2228 840 2582 897 circumcidi?
2619 863 2637 894 ι
2675 842 2854 900 Nolite
2910 845 3159 915 judicare
3204 848 3507 904 secundum

1945 928 2170 991 faciem,
2208 931 2305 986 sed
2327 931 2536 1000 justum
2565 932 2833 1004 judicium
2886 936 3210 1006 judicate".
3247 957 3269 992 ι
3306 939 3363 994 Si
3398 940 3512 994 cir-

1944 1021 2277 1075 cumciditur
2305 1022 2470 1078 homo
2509 1024 2564 1077 in
2598 1024 2860 1089 Sabbato,
2890 1042 2960 1082 ne
2993 1027 3230 1083 Mosaica
3277 1030 3364 1085 lex
3396 1031 3509 1085 sol-

1947 1120 2125 1176 vatur,
2150 1122 2355 1171 temere
2395 1116 2821 1182 excandescitis,
2848 1118 2993 1187 quod
3027 1126 3202 1173 totum
3235 1121 3509 1175 hominem

1947 1201 1999 1255 iu
2033 1202 2273 1258 Sabbato
2308 1215 2558 1261 curatum
2590 1207 2844 1263 videatis.
2872 1207 3212 1278 Quapropter
3244 1212 3512 1281 egojuste

1945 1292 2160 1360 quidem
2185 1294 2451 1363 judicavi,
2483 1312 2581 1352 vos
2603 1311 2735 1352 vero
2759 1313 2870 1353 non
2904 1300 3032 1354 item
3064 1316 3079 1352 :
3105 1301 3285 1354 omnia
3312 1304 3513 1371 quippe

1944 1395 1976 1435 a
2000 1383 2154 1438 vobis
2178 1378 2380 1441 facitis.
2423 1405 2444 1437 ι
2482 1385 2592 1456 Ego
2622 1403 2732 1442 non
2764 1402 2987 1458 possum
3022 1405 3054 1443 a
3090 1391 3298 1461 meipso
3334 1390 3512 1447 facere

1945 1472 2244 1543 quidquam
2282 1494 2296 1528 :
2332 1477 2477 1531 sicut
2505 1478 2668 1532 audio
2695 1477 2908 1546 judico,
2941 1487 2994 1534 et
3018 1480 3283 1549 judicium
3330 1496 3511 1536 meum

1940 1556 2147 1625 justum
2204 1566 2307 1614 est.
2339 1561 2457 1615 Non
2519 1565 2667 1618 cnim
2698 1580 2887 1634 quaero
2933 1568 3266 1622 voluntatem
3312 1584 3510 1629 meam.

1942 1647 2107 1701 sicuti
2137 1663 2257 1712 vos,
2276 1650 2372 1705 sed
2403 1653 2524 1721 ejus
2551 1655 2644 1723 qui
2678 1656 2825 1711 misit
2858 1672 2943 1711 me
2975 1656 3205 1712 Patris.»
3247 1659 3381 1725 Quis
3415 1674 3540 1712 an»

260 1740 530 1811 Σαϐδὰτῳ
556 1740 837 1809 θεώμενοι.
869 1735 1078 1791 Οὐκοῦν
1106 1735 1215 1804 ἐγὼ
1255 1738 1352 1806 μὲν
1385 1737 1574 1808 ἔκρινα
1592 1737 1832 1801 δικαίως,

1943 1743 2047 1790 tem
2099 1738 2296 1795 modus
2325 1740 2630 1808 missionis,
2659 1750 2714 1798 et
2752 1759 2873 1813 quae
2905 1746 3045 1800 ratio
3076 1748 3149 1800 sit
3177 1761 3280 1800 cur
3310 1746 3512 1800 missus

259 1832 422 1899 ὑμεῖς
468 1831 522 1884 δὲ
566 1830 782 1883 οὐκέτι’
843 1828 1019 1882 πάντα
1073 1827 1181 1900 γὰρ
1227 1828 1320 1896 ἀφ’
1360 1828 1569 1881 ἑαυτῶν
1613 1830 1832 1883 ποιεῖτε.

1940 1826 2175 1889 dicatur,
2200 1842 2323 1882 cum
2356 1830 2602 1898 pluribus
2630 1839 2789 1886 antea
2820 1834 3137 1899 dixerimus,
3168 1835 3257 1889 hic
3292 1844 3511 1904 praeter-

258 1942 286 1972 η
319 1922 463 1990 Ἐγὼ
499 1921 557 1976 οὐ
586 1921 818 1991 δύναμαι
852 1922 1024 1974 ποιεῖν
1053 1919 1147 1972 ἀπ’
1177 1917 1414 1986 ἐμαυτοῦ
1445 1917 1621 1971 οὐδέν·
1656 1916 1832 1981 καθὼς

1941 1918 2255 1984 mittemus;
2284 1930 2659 1976 verumtamen
2678 1922 3085 1977 observandum
3112 1934 3197 1979 est
3220 1926 3511 1994 imprimis,

259 2014 481 2079 ἀκούω,
517 2012 705 2083 κρίνω,
759 2012 853 2065 καὶ
899 2012 932 2081 ἡ
983 2008 1163 2081 κρίσις
1204 2011 1237 2079 η
1281 2008 1387 2078 ἐμὴ
1432 2007 1615 2062 δικαία
1660 2008 1828 2062 ἐστίν.

1940 2004 2036 2060 Dei
2064 2020 2128 2061 ac
2173 2006 2353 2065 Patris
2390 2011 2671 2067 voluntate
2719 2012 2891 2083 legem
2940 2014 3031 2067 hic
3078 2015 3147 2068 ab
3181 2029 3249 2068 eo
3301 2014 3511 2085 signiﬁ-

256 2106 335 2159 Οὐ
370 2105 478 2175 γὰρ
504 2104 648 2173 ζητῶ
673 2103 731 2156 τδ
767 2103 897 2173 ἐμὸν
923 2100 1153 2172 θέλημα,
1200 2099 1450 2169 καθάπερ
1492 2100 1666 2169 ὂμεῖς,
1701 2100 1838 2154 ἀλλά
1943 2098 2080 2152 cari.

253 2199 319 2251 τδ
354 2199 451 2253 τοῦ
486 2197 799 2268 πέμψαντός
832 2213 898 2264 με
930 2195 1164 2264 Πατρός.
1200 2214 1220 2245 ι
1265 2195 1358 2255 Τίς
1393 2194 1451 2247 δὲ
1489 2196 1518 2247 6
1565 2195 1766 2262 τρόπος
1807 2194 1906 2265 τῆς
1946 2193 2269 2264 ἀποστολῆς,
2324 2196 2419 2249 καὶ
2448 2197 2479 2249 6
2507 2198 2599 2251 τοῦ
2631 2198 2946 2270 πεπέμφθαι
2991 2199 3170 2267 λόγος,
3194 2200 3279 2254 διὰ
3309 2202 3512 2257 πολλῶν

255 2287 358 2358 ἥδη
394 2288 654 2358 πρότερον
701 2286 1001 2357 εἰρηκότες,
1045 2283 1106 2337 τὸ
1138 2284 1316 2351 λέγειν
1350 2283 1427 2336 ἔτι
1476 2286 1603 2357 περὶ
1635 2284 1837 2338 τούτων
1871 2286 2211 2357 παρήσομεν.
2258 2286 2402 2357 Πλὴν
2435 2290 2609 2343 ἐκεῖνο
2636 2290 2922 2361 χρησίμως
2988 2291 3368 2362 ὲπιτηρητέον,
3434 2294 3510 2347 ὃτι

258 2377 482 2447 θέλημα
511 2378 603 2432 τοῦ
632 2377 767 2430 Θεοῦ
798 2380 889 2431 καὶ
918 2376 1129 2446 Πατρὸς
1158 2376 1248 2428 τὸν
1287 2377 1451 2446 νόμον
1484 2373 1623 2430 εἷναί
1657 2394 1839 2447 φησιν.
1928 2386 1935 2391 ’
2204 2442 2214 2452 ι

337 2472 480 2525 Ἐὰν
514 2470 628 2539 ἐγὼ
658 2469 936 2539 μαρτιφῶ
981 2470 1111 2536 περὶ
1139 2467 1425 2537 ἐμαυτοῦ,
1467 2469 1506 2535 ’ἡ
1544 2468 1832 2538 μαρτυρία

2012 2461 2186 2525 V,‘5l,
2211 2462 2302 2517 32.
2328 2462 2388 2518 Si
2405 2480 2502 2534 ego
2534 2465 2891 2519 testimonium
2912 2465 3154 2534 perhibeo
3185 2466 3250 2520 de
3285 2468 3511 2533 meipso.

249 2580 371 2632 μου
403 2565 511 2616 οὐκ
535 2562 705 2616 ἐστιν
724 2561 976 2629 ἀληθής.
1012 2563 1229 2625 ’Ἄλλος
1262 2559 1433 2612 ἐστὶν
1462 2563 1495 2613 ό
1520 2560 1832 2629 μαρτικιοῶν

1944 2555 2303 2609 testimonium
2337 2571 2508 2609 meum
2544 2572 2645 2610 non
2674 2566 2751 2611 est
2782 2573 2983 2612 verum.
3008 2556 3158 2611 Alius
3194 2566 3272 2611 est
3303 2558 3392 2626 qui
3440 2566 3509 2610 te-

252 2654 390 2721 περὶ
422 2653 589 2721 ἐμοῦ,
622 2653 721 2706 καὶ
756 2649 891 2706 οῖδα
917 2652 1003 2705 ὅτι
1027 2650 1259 2719 ἀληθής
1284 2650 1454 2705 ἐστιν
1486 2653 1524 2721 ἢ
1544 2652 1832 2721 μαρτυρία

1942 2646 2249 2699 alimonium
2295 2644 2529 2713 perhibet
2576 2646 2641 2699 de
2672 2663 2751 2700 me
2780 2664 2798 2700 :
2830 2659 2880 2700 et
2904 2649 3014 2701 scio
3051 2647 3176 2716 quia
3222 2663 3399 2701 verum
3437 2659 3509 2701 est

262 1559 488 1630 θρωπος
522 1564 579 1614 ὲν
610 1559 895 1627 Σασδάτῳ,
927 1557 1015 1610 ἵνα
1043 1558 1117 1627 μὴ
1149 1556 1283 1627 λυθῇ
1317 1559 1346 1609 6
1376 1558 1538 1627 νόμος
1580 1556 1840 1622 Μωσέως,

262 1649 684 1721 ἀπερισκέπτως
743 1646 1036 1717 ἀσχάλλετε
1090 1644 1559 1717 τεθεραπευμένον
1616 1648 1736 1701 ὅλον
1784 1648 1842 1701 ὲν

251 2742 332 2809 ἢν
363 2743 654 2812 μαρτυρεῖ
690 2743 831 2820 περὶ.
854 2742 1018 2811 ἐμοῦ.

337 2834 397 2885 ’0
430 2835 737 2902 σοφώτατος
787 2832 1059 2903 Σολομὼν,
1106 2832 1175 2885 τὰ
1205 2834 1289 2902 ἐφ’
1319 2826 1511 2903 οἷσπερ
1543 2832 1608 2886 ἀν
1632 2849 1713 2895 τις
1742 2832 1835 2886 καὶ

254 2924 405 2994 μάλα
451 2925 675 2988 εἰκότως
708 2923 1138 2994 ἐπισεμνὺνονιτο,
1194 2925 1288 2976 καὶ
1338 2922 1696 2992 ἀξιοζήλωτον
1742 2923 1833 2975 τὸν

1940 2737 2297 2791 testimonium
2326 2736 2463 2805 quod
2499 2736 2731 2805 perhibet
2749 2738 2814 2792 de
2846 2754 2944 2792 me.

2012 2826 2467 2896 Sapientissimus
2503 2828 2789 2892 Salomon,
2811 2842 2873 2883 ea
2908 2829 3175 2898 colligens
3206 2846 3272 2886 ex
3312 2834 3508 2904 quibus

1939 2916 2153 2971 laudem
2190 2916 2296 2969 sibi
2346 2916 2581 2985 quisque
2614 2931 2810 2984 parare
2856 2925 2912 2971 et
2958 2933 3142 2972 mores
3190 2935 3323 2977 suos
3365 2931 3508 2979 recte

250 3016 454 3067 οἰκεῖον
501 3014 788 3082 ἀποφαίνει
842 3015 1076 3085 τρόπον,
1130 3014 1401 3081 συλλέγων
1472 3028 1530 3064 τε
1576 3012 1695 3083 ἅμα
1744 3015 1832 3066 καὶ

1938 3005 2326 3061 commendare
2371 3007 2568 3076 possit,
2609 3020 2783 3074 eaque
2839 3007 2998 3063 bonis
3055 3008 3123 3063 ad
3185 3009 3509 3069 discendum

249 3104 532 3174 προτιθεὶς
560 3107 672 3167 τοῖς
722 3105 1147 3175 ὲπιεικεστέροις
1188 3107 1270 3167 είς
1311 3103 1372 3156 τὸ
1408 3102 1601 3173 μαθεῖν
1626 3142 1641 3168 ,
1698 3121 1718 3153 ι
1747 3103 1835 3155 Δί-

247 3202 427 3258 καιος,
454 3194 605 3263 φησὶ,
633 3195 939 3265 κατήγορος
965 3196 1158 3247 ἑαυτοῦ
1190 3195 1248 3246 ἐν
1275 3192 1635 3263 πρωτολογίᾳ.
1669 3211 1687 3244 ι
1723 3192 1834 3246 Καὶ

246 3284 415 3337 πάλιν
450 3302 464 3316 ο
506 3302 524 3336 ι
566 3284 993 3355 Ἐγκωμιαζέτω
1028 3302 1087 3338 σε
1115 3286 1144 3337 ό
1182 3284 1372 3347 πέλας,
1416 3285 1510 3337 καὶ
1549 3284 1709 3354 μὴτὸ
1742 3283 1833 3337 σὺν

246 3377 428 3447 στόμα
454 3394 471 3409 ο
517 3376 814 3448 ἀλλότριος.
864 3379 959 3430 καὶ
988 3377 1061 3448 μὴ
1087 3377 1154 3430 τὰ
1187 3379 1254 3431 σά
1279 3375 1452 3446 χείλη.
1479 3393 1497 3426 ι
1541 3372 1696 3427 Ἔστι
1724 3375 1830 3446 γὰρ

241 3470 419 3532 δντως
449 3467 721 3537 φορτικὸν,
769 3466 865 3519 καὶ
910 3467 1099 3537 χρῆμα
1145 3469 1258 3529 τοῖς
1302 3466 1673 3537 ἀκροωμένοις
1702 3467 1828 3519 δυσ-

244 3559 636 3629 φορητότατον,
656 3557 717 3610 τὺ
743 3557 817 3627 μὴ
840 3556 927 3610 διὰ
938 3558 1038 3625 τῆς
1060 3556 1261 3627 ἑτέρων
1284 3556 1621 3610 ἐπαινεῖσθαι
1648 3556 1831 3625 φωνῆς

240 3647 504 3717 ἰθελῆσαί
533 3664 702 3711 τινας,
733 3646 844 3700 ἀλλ’
878 3648 1087 3708 ἑαυτοῖς
1116 3646 1310 3718 ἀνέδην
1340 3648 1731 3717 ἐπιμαρτυρεῖν
1761 3649 1831 3701 τὰ

242 3738 511 3791 κάλλιστα
552 3737 645 3790 καὶ
688 3736 960 3807 ἐξαίρετα.
1018 3736 1322 3789 ’Δπιστοῖτο
1361 3736 1407 3788 δ’
1452 3735 1518 3789 ἂν
1549 3736 1771 3800 εἰκότως
1796 3738 1826 3789 ό

240 3825 488 3887 τοιοῦτος
517 3825 694 3892 λόγος.
727 3824 1058 3894 Πεφύκαμεν
1085 3823 1190 3894 γὰρ
1214 3824 1408 3895 ὥσπερ
1438 3824 1549 3877 τισὶ
1578 3827 1823 3892 φυσικοῖς

240 3932 301 3967 τε
340 3916 437 3968 καὶ
464 3915 783 3984 ἀναγκαίοις
822 3914 1103 3984 φιλαυτίας
1132 3914 1312 3977 ὁλκοῖς
1346 3913 1627 3968 καλεῖσθαι
1661 3930 1830 3967 σπου-

234 4005 409 4069 δαίως
459 4007 538 4069 είς
568 4007 655 4070 τὸ,
692 4005 895 4075 φαῦλον
928 4005 1026 4075 μὲν
1059 4005 1270 4064 ἑαυτοῖς
1299 4004 1622 4073 ἐπιγράφειν
1655 4003 1824 4065 οὐδὲν,

235 4095 331 4146 ἀεὶ
363 4095 418 4147 δὲ
463 4094 819 4165 περιτιθέναι,
852 4094 947 4147 καὶ
985 4094 1045 4146 οὐ
1087 4093 1304 4155 πάντως
1340 4090 1724 4162 ἀληθεύοντας,
1758 4091 1829 4144 τὰ

238 4183 329 4251 ἐφ’
350 4178 432 4245 οἷς
463 4182 527 4236 ἂν
556 4183 735 4252 οἴηταί
760 4200 841 4246 τις
883 4181 1109 4252 ὁρᾶσθαι
1140 4182 1366 4251 κόσμιός
1390 4199 1448 4235 τε
1482 4183 1576 4235 καὶ
1601 4181 1822 4245 ἁγαθός.

252 4274 476 4343 Ἐπειδὴ
530 4274 711 4327 τοίνυν
759 4276 790 4326 ό
842 4272 1046 4342 Κύριος
1106 4272 1265 4344 ἡμῶν
1326 4272 1529 4342 Ἰησοῦς
1590 4274 1825 4344 Χριστὸς

235 4361 421 4432 ἑαυτῷ
445 4362 505 4414 τὸ
529 4362 598 4414 τά
624 4362 809 4415 δίκαια
837 4361 1041 4432 κρίνειν
1060 4342 1443 4431 ἐπεψηφίζετο,
1470 4362 1544 4431 μὴ
1565 4342 1823 4415 δύνασθαί
1859 4342 1901 4395 ί)

237 4468 289 4501 τι
315 4450 452 4521 δρᾷν
472 4452 563 4521 ἀφ’
584 4450 779 4504 ἑαυτοῦ
801 4451 1098 4522 διαρρήδην
1118 4450 1308 4513 εἰπὼν,
1331 4452 1532 4505 κανόνα
1554 4453 1610 4505 δὲ
1634 4452 1823 4525 ὥσπερ

241 4540 329 4608 ἐφ’
376 4542 551 4595 ἅπασι
599 4544 713 4603 τοῖς
765 4542 1059 4612 πρακτέοις
1105 4528 1375 4595 ποιεῖσθαι
1421 4541 1519 4613 τὴν
1563 4541 1657 4595 τοῦ
1687 4542 1824 4595 Θεοῦ

242 4631 525 4702 βούλησιν,
556 4631 652 4685 καὶ
690 4631 847 4684 τοῦτο
874 4632 1069 4700 λέγων,
1101 4632 1263 4695 αὐτὸς
1292 4634 1377 4701 ἐφ’
1408 4633 1586 4704 ἑαυτῷ
1614 4634 1827 4705 μάρτυς

240 4722 585 4794 είσσέσηκεν,
627 4724 675 4776 εί
709 4724 804 4777 καὶ
844 4720 911 4795 ἦν
941 4722 1166 4793 ἀληθὴς,
1213 4724 1527 4791 ἀναγκαίως
1570 4725 1665 4778 καὶ
1724 4728 1825 4796 τῆς

239 4813 396 4884 παρά
437 4812 547 4867 τῶν
577 4813 881 4885 Φαρισαίων
922 4813 1293 4885 εὑρεσιλογίας
1332 4815 1643 4883 φροντίσας,
1684 4816 1822 4887 ὅπερ

236 4902 466 4973 ιμελλον
490 4906 636 4976 ἐρεῖν
661 4904 1056 4976 ἀμαθαίνοντες
1080 4905 1162 4976 (οὐ
1185 4906 1292 4974 γὰρ
1316 4906 1510 4976 ᾔδεσάν
1540 4925 1656 4971 πως
1679 4908 1822 4962 κατά

236 4996 401 5063 φύσιν
421 4997 551 5050 ὄντα
575 4997 750 5060 Θεδνὶ,
768 5000 845 5061 είς
868 4999 1030 5069 μέσον
1050 4998 1170 5065 ἀγει
1192 4997 1496 5068 προλαϐὼν,
1522 4998 1614 5051 καί
1634 5016 1817 5069 φησιν’

249 5084 458 5153 Ἐρεῖτε
509 5084 574 5154 δὴ
626 5086 864 5150 πάντως,
900 5088 1021 5149 ταῖς
1083 5085 1192 5139 τῶν
1242 5085 1453 5138 πολλῶν
1515 5088 1821 5155 συνηθείαις

236 5174 521 5241 ἑπόμενοι,
546 5176 638 5228 καὶ
667 5176 766 5245 τὴν
802 5176 1074 5238 Ἰουδαίοις
1104 5176 1417 5246 πρέπουσαν
1444 5176 1695 5230 ὑπόνοιαν
1718 5178 1818 5230 οὐκ

232 5263 585 5328 ὲκὸαίνοντες
612 5282 626 5296 ·
672 5284 691 5318 ι
720 5268 792 5320 Σὺ
825 5268 952 5337 περὶ
984 5266 1210 5320 σεαυτοῦ
1242 5269 1536 5337 μαρτυρεῖς
1561 5284 1573 5297 ο
1612 5270 1644 5337 ὴ
1677 5285 1817 5338 μαρ-

231 5354 396 5423 τυρία
419 5370 513 5408 σου
532 5356 632 5410 οὐκ
657 5356 804 5410 ἔστιν
826 5358 1031 5428 ἀληθής
1057 5375 1072 5389 θ
1103 5377 1122 5410 ι
1162 5358 1297 5412 ἀλλὰ
1322 5358 1455 5430 πρὸς
1477 5357 1634 5410 τοῦτο
1658 5358 1818 5412 πάλιν

232 5443 656 5510 ἀντακούσεσθε,
687 5447 870 5517 φησίνο
918 5447 1225 5517 Ἀνέχομαι,
1274 5449 1427 5517 φησὶ,
1472 5447 1815 5518 δυσφημούν-

230 5549 343 5603 των
366 5535 469 5603 ἔτι,
502 5538 811 5607 χαλεπαίνω
841 5540 897 5593 δὲ
929 5539 1049 5594 λίαν
1074 5540 1351 5611 οὐδαμῶς,
1384 5540 1451 5593 τά
1485 5540 1543 5604 ἐξ
1574 5539 1813 5610 ἀμαθίας

1935 3114 2253 3170 proponens
2295 3117 2309 3153 :
2347 3118 2365 3150 ι
2412 3097 2627 3163 Justus,
2658 3098 2853 3166 inquit,
2879 3099 2973 3153 hui
3014 3099 3187 3169 ipsius
3220 3115 3508 3159 accusator

1931 3199 2017 3247 est
2043 3191 2096 3244 in
2129 3190 2400 3259 principio
2431 3190 2703 3245 sermonis
2721 3187 2824 3245 ⁸⁸.»
2854 3189 2983 3244 Item
3021 3208 3035 3256 ι
3070 3210 3090 3242 ι
3119 3191 3325 3247 Laudet
3349 3201 3402 3248 te
3434 3196 3495 3249 vi-

1931 3280 2113 3345 cinus,
2166 3287 2220 3334 et
2274 3293 2383 3333 nou
2435 3293 2499 3334 os
2550 3285 2706 3332 tuum
2741 3296 2754 3331 :
2787 3278 3020 3344 alienus,
3079 3291 3135 3333 et
3188 3296 3297 3336 non
3365 3283 3507 3338 labia

1930 3375 2023 3423 tua
2045 3371 2113 3421 ει.
2152 3389 2170 3418 ι
2206 3366 2406 3424 Gravis
2433 3367 2582 3423 enim
2611 3369 2861 3436 profecto
2891 3369 3258 3434 auditoribus,
3293 3387 3358 3426 ae
3384 3388 3507 3442 per-

1931 3461 2163 3515 molesta
2198 3474 2288 3514 res
2314 3466 2420 3522 est,
2444 3472 2568 3512 cum
2598 3472 2658 3512 se
2686 3458 2909 3528 quidam
2942 3460 3179 3515 aliorum
3208 3477 3343 3518 voce
3392 3463 3507 3516 lau-

1930 3550 2045 3604 dari
2093 3548 2311 3613 nolunt,
2342 3548 2439 3604 sed
2491 3548 2691 3603 eximia
2735 3563 2972 3617 quaeque
3010 3550 3355 3619 impudenter
3404 3552 3507 3607 sibi

1931 3646 2211 3706 arrogant.
2251 3636 2359 3692 Sed
2396 3637 2581 3692 minus
2612 3652 2736 3691 vera
2763 3637 2936 3691 videri
2962 3648 3154 3708 .potest
3186 3640 3503 3697 istiusmodi

1929 3728 2129 3782 oratio.
2176 3725 2430 3781 Solemus
2474 3726 2622 3781 enim
2677 3727 3024 3783 naturalibus
3076 3744 3142 3783 ac
3176 3731 3508 3785 necessariis

1929 3818 2096 3874 veluti
2126 3816 2455 3887 quibusdam
2487 3817 2694 3887 proprii
2750 3820 2956 3873 amoris
2985 3819 3214 3875 funibus
3245 3821 3412 3883 trahi,
3448 3830 3507 3875 ut

1928 3908 2066 3962 nihil
2097 3907 2252 3977 pravi
2283 3906 2443 3961 nobis
2494 3905 2775 3961 ascribere
2803 3907 3059 3969 velimus,
3086 3908 3181 3963 sed
3212 3924 3275 3963 ea
3322 3902 3505 3978 potius

1927 3998 2179 4067 quamvis
2199 3996 2338 4052 falso
2355 4011 2676 4067 arrogemus
2697 3997 2899 4067 quibus
2916 3998 3074 4068 probi
3094 3998 3423 4070 honestique
3435 4001 3506 4053 vi-

1926 4089 2178 4144 deamur.
2203 4089 2473 4154 Quoniam
2496 4104 2627 4158 ergo
2645 4087 2912 4144 Dominus
2941 4097 3128 4143 noster
3144 4089 3309 4145 .lesus
3354 4090 3507 4145 Chri-

1928 4187 2048 4235 stus
2080 4179 2291 4248 justum
2311 4179 2584 4248 judicium
2603 4178 2709 4233 sibi
2738 4179 3153 4249 tribt‘tit,aperle
3174 4179 3361 4234 dicens
3392 4195 3500 4235 nou

1930 4286 2089 4340 posse
2139 4285 2169 4324 a
2221 4270 2404 4339 seipso
2454 4269 2635 4326 facere
2665 4271 2987 4340 quidquam,
3018 4271 3113 4327 sed
3155 4272 3211 4326 in
3247 4273 3502 4327 omnibus

1928 4364 2089 4418 rebus
2133 4362 2361 4432 agendis
2405 4362 2495 4417 Dei
2547 4363 2885 4417 voluntatem
2938 4371 3199 4433 tanquam
3255 4366 3499 4434 regulam

1928 4453 2030 4508 sibi
2073 4467 2414 4523 pr0ponere;
2441 4461 2495 4507 et
2532 4468 2656 4508 cum
2687 4453 2789 4508 hoc
2819 4453 3044 4519 diceret,
3076 4454 3193 4524 ipse
3218 4455 3286 4511 de
3318 4457 3500 4524 διείρεο

1926 4543 2305 4598 testimonium
2347 4542 2492 4607 iniit,
2521 4543 2737 4598 tametsi
2783 4559 2946 4598 verax
2980 4553 3117 4609 erat,
3155 4546 3500 4616 prospiciens

1926 4642 2109 4688 tamen
2156 4633 2291 4703 quid
2345 4635 2497 4689 stulti
2550 4633 2813 4689 Pharisaei
2864 4636 3122 4705 nugaturi
3160 4645 3369 4701 essent,
3400 4652 3500 4692 nec

1929 4725 2074 4781 enim
2107 4733 2374 4779 noverant
2402 4725 2582 4794 ipsum
2613 4740 2733 4781 esse
2767 4733 2966 4779 natura
2994 4724 3184 4789 Deum,
3206 4728 3499 4782 antevertit

1927 4832 2023 4873 eos
2053 4825 2107 4872 et
2139 4817 2217 4871 ait
2248 4835 2261 4869 :
2303 4815 2500 4872 Dicetis
2540 4817 2729 4885 utique
2758 4815 2921 4886 243
2953 4816 3094 4887 vulgi
3146 4817 3500 4872 consuetudi-

1928 4923 2051 4962 nem
2075 4908 2270 4967 secuti.
2289 4923 2389 4962 nec
2415 4908 2555 4961 ultra
2581 4905 2891 4962 Judaaortun
2913 4908 3257 4976 suspiciones
3278 4907 3448 4961 evecti
3479 4926 3492 4959 :

1933 5016 1952 5050 ι
1990 4996 2071 5052 Tu
2115 4998 2185 5053 dc
2226 4998 2405 5068 teipso
2454 4998 2722 5054 testaris:
2758 4998 3139 5053 testimonium
3186 5005 3342 5051 tuum
3386 5012 3494 5050 non

1926 5097 2010 5143 est
2039 5104 2262 5155 verum;
2302 5106 2319 5139 ι
2354 5088 2449 5143 sed
2481 5089 2722 5145 vicissim
2767 5088 3024 5149 audietis,
3052 5088 3265 5157 inquit:
3306 5084 3493 5140 Vestra

1926 5178 2218 5232 maledicta
2262 5179 2465 5247 patior,
2510 5179 2706 5249 inquit.
2754 5194 2855 5233 nec
2892 5192 3196 5233 succenseo
3230 5178 3385 5232 vobis
3423 5178 3493 5231 ob

1924 5282 1987 5319 ea
2016 5267 2180 5321 verba
2213 5283 2334 5337 qua:
2362 5284 2473 5339 pra:
2520 5267 2775 5322 fatniliari
2808 5275 2987 5320 vestra
3030 5266 3294 5319 eructatis
3327 5267 3492 5320 insci‘

1927 5357 2020 5409 tia.
2056 5357 2317 5427 Suppono
2360 5366 2510 5413 recte
2555 5359 2658 5413 hoc
2716 5374 2745 5412 a
2797 5358 2952 5413 vobis
2980 5357 3111 5413 dici.
3144 5357 3305 5414 Esto:
3334 5374 3486 5429 repu-

1922 5445 2070 5502 diate
2125 5465 2305 5504 meum
2364 5451 2743 5506 testimonium
2784 5450 2966 5505 :alius
3014 5458 3100 5505 est
3150 5451 3243 5521 qui
3289 5451 3357 5506 de
3408 5466 3490 5506 me

1924 5548 2179 5594 testatur.
2214 5540 2498 5610 Significat
2532 5552 2714 5595 autem
2746 5538 2831 5595 his
2873 5539 3057 5595 verbis
3090 5539 3253 5595 Deum
3302 5554 3365 5593 ac
3393 5538 3485 5593 Pa-

307 5721 353 5755 ’³
392 5722 547 5778 Deut.
591 5740 699 5790 xw,
740 5724 824 5779 l9.
898 5725 944 5758 ⁷⁸
987 5724 1144 5779 Deut.
1184 5741 1221 5787 ι,
1256 5725 1354 5780 16ί
1385 5725 1541 5779 .loan.
1570 5740 1664 5789 vn,
1702 5724 1791 5778 ιιι.

1955 5725 2109 5779 Prov.
2148 5740 2299 5789 xvm,
2355 5726 2436 5778 l7.
2518 5726 2557 5757 "'
2599 5726 2759 5781 Prov.
2794 5743 2975 5787 xxvu.
3009 5725 3062 5779 2.

521 5815 792 5874 Ρλτιιοι.
847 5815 965 5874 Gn.
1016 5814 1268 5874 LXXIII

3091 5814 3159 5875 l3
