4102 6528
213 343 306 398 397

1208 333 1588 392 1Ν1οᾹΝΝ18
1633 331 2082 392 EVANGELIUM
2123 333 2249 388 LIB.
2288 330 2350 388 ll.

3321 329 3423 383 ἔθη

213 451 392 510 ἑαυτοῦ
422 449 524 503 τῶν
547 445 762 503 ἀτόπων
791 447 1136 522 ἐργάξεσθαι,
1165 450 1257 503 τοῦ
1283 450 1475 520 χρῆναι
1506 447 1758 502 πιστεύε-

1885 455 2063 514 ιειδεθῑ,
2090 461 2250 517 quem
2284 445 2506 500 miserat
2537 451 2595 497 ut
2623 443 2922 498 clamaret:
2976 463 2992 494 ι
3038 441 3231 497 Paratc
3283 442 3422 495 viam
3495 455 3498 459 '

215 547 326 601 σθαι
349 541 665 615 παραλόγως
689 541 986 610 ἐκπέμπων
1032 540 1091 593 ὃν
1121 540 1301 604 αὑτοῖς
1335 540 1546 610 έπεμψε
1588 538 1714 610 βοᾷν
1735 556 1749 570 ο

219 658 235 692 ι
264 634 602 704 Ἑτοιμάσατε
650 632 748 702 τὴν
787 631 903 685 ὁδὸν
940 631 1170 699 Κυρίου,
1193 630 1406 694 εὐθείας
1433 633 1633 683 ποιεῖτε
1660 630 1758 693 τὰς

1866 535 2100 602 Domini,
2142 545 2321 590 rectas
2357 533 2520 590 facile
2563 534 2787 590 semitas
2823 532 2917 588 Dei
2949 531 3121 587 nostri
3149 532 3233 594 υς
3273 550 3290 581 ι
3333 531 3427 586 sed

1865 642 2115 697 pugnans
2143 641 2268 682 cum
2286 625 2663 681 obstinatione
2687 623 3023 689 Judaaorum,
3043 622 3109 676 ad
3139 621 3347 691 majora
3377 631 3431 675 et

213 726 413 798 τρίϐους
437 722 528 776 τοῦ
563 721 699 776 θεοῦ
726 721 898 792 ἡμῶνδ
935 741 952 772 ι
1003 720 1116 774 ἀλλ’
1151 712 1225 783 ὼς
1255 720 1474 790 ἀμέτρῳ
1499 719 1759 789 δυσηκοῖα

1885 719 2108 791 Iigniora
2140 719 2413 790 procedit,
2454 717 2763 788 asseritque
2803 733 2913 772 non
2945 732 3010 772 ex
3043 731 3177 771 voce
3209 714 3430 784 quidem

214 818 311 871 τῶν
347 813 610 868 Ἰουδαίων
637 813 961 883 μαχόμενος,
997 810 1090 862 ἐπὶ
1116 808 1185 863 τά
1215 809 1387 877 μείζω
1414 826 1472 861 τε
1499 810 1590 861 καὶ
1615 807 1762 874 (15:0-

1861 812 2104 868 hominis
2138 812 2205 866 de
2247 811 2428 880 seipso
2469 809 2837 865 testimonium
2869 809 3142 878 accipere,
3191 804 3285 861 scd
3332 819 3430 874 po-

215 907 469 977 λογὼτερα
512 907 715 976 χωρεῖ,
758 905 856 957 οὑκ
887 904 1197 972 ἀναγκαίως
1232 902 1329 972 μὲν
1375 903 1435 966 ἐξ
1477 901 1762 973 ἀνθρώπου

1888 911 2060 959 estate
2085 903 2269 972 potius
2308 902 2544 956 naturali
2585 900 2696 953 Deo
2741 900 3115 962 convenienti,
3174 906 3229 953 et
3265 898 3434 950 mira-

215 999 381 1067 φωνῆς
430 995 526 1066 τὴν
574 997 658 1062 ἐφ’
692 993 869 1064 ἑαυτῷ
917 992 1168 1064 δέχεσθαι
1218 991 1523 1062 μαρτυρίαν
1571 990 1761 1053 εἰπὼν,

1865 994 2114 1049 culorum
2146 993 2460 1062 praestantia
2517 991 2724 1045 clarius
2781 1004 2840 1044 se
2871 989 3301 1044 demonstrasse.
3343 987 3432 1040 ln-

218 1089 397 1160 μᾶλλον
432 1086 490 1139 δὲ
539 1085 648 1139 ἀπὸ
694 1086 792 1155 τῆς
838 1083 1152 1154 πρεπούσης
1199 1082 1448 1147 ἐξουσίας
1494 1081 1569 1151 τῷ
1623 1082 1764 1135 κατὰ

1885 1084 2081 1139 ,οι-ἀυηι
2107 1085 2306 1153 quippe
2336 1082 2574 1136 hominis
2622 1080 2994 1136 testimonium
3037 1078 3432 1148 repudiaveris,

217 1180 362 1248 φύσιν
410 1178 521 1230 δντι
577 1175 716 1245 Θεῷ,
769 1176 862 1229 καὶ
905 1174 1012 1227 ἀπὸ
1042 1175 1138 1243 τῆς
1170 1174 1226 1225 ὲν
1259 1175 1377 1236 ταῖς
1420 1172 1767 1242 θεοσημείαις

223 1270 491 1338 ὕπεροχῆς,
533 1265 915 1336 λαμπροτέραν
961 1263 1290 1334 ποιήσασθαι
1337 1265 1435 1333 τὴν
1474 1263 1764 1327 ἀπόδειξιν.

224 1358 524 1429 Ἀνθρώπου
574 1358 672 1428 μὲν
718 1357 826 1426 γὰρ
858 1356 969 1409 ἔσθ’
1005 1357 1091 1409 ὅτε
1130 1356 1561 1428 παρακρούσαιτ’
1590 1355 1655 1409 ἀν
1687 1372 1769 1419 τις

217 1451 400 1525 φωνὴν,
427 1452 503 1515 ὡς
531 1453 630 1504 οὑκ
652 1451 1039 1521 ἀληθεύουσαν,
1070 1452 1117 1504 εί
1145 1451 1236 1503 καί
1263 1467 1346 1512 τις
1374 1450 1457 1518 εἴη
1482 1449 1640 1517 τυχὸν
1661 1448 1771 1500 τῶν

216 1549 265 1598 ὲν
310 1545 484 1613 ἁγίοις
532 1543 1047 1613 κατατεταγμένων.
1111 1544 1176 1594 ὐ
1225 1542 1290 1612 δὴ
1349 1543 1442 1594 καὶ
1488 1543 1658 1594 ποιεῖν
1709 1541 1769 1593 οὑ

214 1633 588 1696 κατοκνοΰντές
617 1651 781 1697 τινες,
811 1635 923 1695 τοῖς
951 1631 1059 1685 τῶν
1091 1629 1384 1703 προφητῶν
1410 1630 1773 1700 ἀντέπραττον

214 1725 394 1791 λόγοις,
433 1722 604 1774 ’Δλλα
633 1723 764 1791 ἡμῖν
794 1721 1025 1786 λαλεῖτε,
1077 1719 1326 1789 βοῶντες,
1369 1719 1463 1773 καὶ
1509 1717 1774 1787 ἀναγγέλ-

1871 1179 1998 1234 licet
2028 1178 2082 1232 in
2115 1192 2341 1232 numero
2371 1184 2688 1231 sanctorum
2708 1173 2982 1229 collocati.
3013 1172 3168 1238 Quod
3190 1169 3434 1224 nonnulli

1872 1269 2051 1324 facere
2084 1284 2191 1322 non
2218 1267 2371 1322 veriti
2397 1266 2788 1336 prophetarum
2813 1263 2995 1316 verbis
3017 1260 3441 1315 obluctabantur

1871 1360 2212 1415 clamantes:
2267 1357 2457 1411 Aliena
2513 1355 2672 1409 nobis
2735 1353 3053 1422 loquimini,
3112 1357 3166 1404 et
3204 1349 3441 1402 alienum

1871 1466 2116 1507 errorem
2146 1449 2304 1504 nobis
2333 1447 2620 1503 nuntiatis.
2650 1445 2879 1500 Azarias
2911 1444 3038 1498 item
3089 1439 3226 1495 Osee
3273 1439 3438 1503 ﬁlius,

1873 1549 1928 1595 et
1959 1538 2170 1594 Joanan
2203 1537 2349 1593 illius
2377 1536 2568 1598 Caree,
2599 1535 2691 1604 qui
2719 1549 2788 1589 ex
2816 1530 3002 1585 Judaaa
3030 1530 3085 1583 in
3142 1527 3442 1598 Egyptum

1875 1629 2153 1700 fugerunt,
2193 1643 2382 1683 omnes
2408 1626 2627 1696 quidem
2662 1623 2760 1677 viri
2813 1621 3057 1690 superbi,
3119 1619 3264 1674 sicut
3303 1616 3445 1671 scri-

1877 1729 2026 1790 ptum
2056 1729 2142 1774 est
2162 1719 2230 1783 ⁸⁵,
2255 1714 2501 1771 ιῐοτοωίω
2532 1713 2836 1785 prophetiis
2860 1707 3038 1783 palam
3070 1708 3442 1780 refragantes.

214 1816 319 1866 λετε
362 1815 494 1883 ἡμῖν
535 1784 726 1883 ἑτέραν
773 1784 1222 1882 πλάνησιν.”Έτι
1269 1827 1330 1863 τε
1377 1810 1512 1878 πρὸς
1545 1784 1774 1874 τούτοις,

1885 1784 2097 1865 aiebant
2125 1827 2137 1862 :
2167 1828 2184 1860 ‹
2217 1806 2485 1867 Mentiris,
2517 1784 2622 1859 non
2653 1804 2803 1858 misit
2851 1809 2904 1856 te
2943 1800 3211 1855 Dominus
3251 1799 3316 1853 ad
3344 1813 3446 1853 nos

214 1905 299 1957 καὶ
325 1905 429 1955 τῶν
461 1903 523 1967 ἐξ
565 1903 972 1974 Ἰεροσολύμων,
1005 1904 1122 1972 ἦτοι
1147 1902 1246 1970 τῆς
1287 1899 1552 1953 Ἰουδαίων
1573 1899 1774 1969 χώρας,

214 1998 284 2058 είς
317 1995 409 2065 τὴν
435 1995 749 2063 Αἰγυπτίων
779 1993 1254 2062 καταπεφευγότες
1296 1991 1438 2053 τινὲς
1473 1992 1490 2059 (
1524 1990 1778 2060 Ἀζαρίας

214 2086 264 2138 δὲ
292 2081 355 2156 ἦν
394 2085 513 2148 υίὸς
570 2084 748 2155 Ὠσηὲ.
800 2085 893 2137 καὶ
951 2084 1202 2152 Ἰωάννης
1252 2083 1365 2144 υἱὸς
1415 2081 1626 2151 Καρηὲ,
1685 2080 1779 2132 καὶ

215 2178 398 2239 πάντες
430 2178 482 2229 oi
533 2176 724 2246 ἄνδρες
760 2177 809 2228 οί
850 2176 1209 2246 ὑπερήφανοι,
1249 2172 1392 2226 καθά
1422 2171 1776 2242 γέγραπται),

214 2267 502 2338 διαρρήδην
544 2269 663 2330 ταῖς
704 2267 969 2336 Ἰερεμίου
1012 2265 1367 2336 προφητείαις
1407 2262 1778 2326 ἀπειθοῦντες,

215 2357 433 2427 ἔφασκον
462 2374 480 2391 ο
537 2359 772 2431 «Ψεύδῃ,
821 2357 922 2411 οὑκ
962 2355 1254 2410 ἀπέστειλέ
1299 2372 1357 2408 σε
1398 2357 1601 2426 Κύριος
1647 2355 1783 2424 πρὸς

216 2455 346 2522 ἡμᾶς
373 2453 554 2504 εἰπεῖν
578 2468 590 2480 ’
619 2450 710 2519 Μὴ
733 2451 1007 2519 εἰσέλθητε
1037 2450 1116 2511 είς
1137 2449 1429 2515 Αἴγυπτον.
1462 2464 1478 2496 ι
1525 2447 1589 2498 Ἦ
1615 2445 1669 2498 δὲ
1698 2445 1785 2498 διὰ

215 2541 312 2593 τῶν
336 2541 635 2610 θαυμάτων
667 2541 959 2604 ἀπόδειξις,
1008 2539 1166 2592 ποίαν
1196 2537 1262 2590 ἂν
1299 2537 1453 2590 λάϐοι
1496 2535 1592 2606 τὴν
1635 2537 1783 2588 ἁντι-

217 2628 425 2696 λογίαν;
495 2630 587 2682 καὶ
630 2630 692 2682 τὸ
724 2633 832 2691 τοῖς
870 2627 965 2681 τοῦ
1000 2627 1134 2681 Θεοῦ
1164 2629 1257 2682 καὶ
1292 2626 1501 2697 [ἰατρὸς
1546 2628 1784 2696 ἐπιμαρ-

216 2719 484 2790 τυρεῖσθαι
509 2719 962 2790 πλεονεκτήμασι,
997 2722 1148 2773 ποῖον
1174 2719 1254 2771 ἔτι
1282 2718 1439 2771 δώσει
1468 2718 1580 2779 τοῖς
1610 2717 1786 2786 φιλεγ-

217 2811 433 2881 κλήμοσι
491 2812 594 2881 τῆς
639 2811 963 2882 δυστροπίας
1014 2812 1104 2864 τὸν
1147 2811 1388 2882 τρόπον;
1441 2811 1548 2863 Καὶ
1594 2809 1723 2878 γοῦν
1760 2811 1788 2861 ὁ

216 2901 521 2971 Νικόίημος
538 2896 639 2972 (εἷς
659 2902 717 2955 δὲ
733 2898 800 2972 ἦν
816 2895 970 2964 οὗτος
986 2901 1095 2954 τῶν
1119 2903 1248 2972 παρ’
1275 2901 1503 2963 ἐκείνοις
1534 2899 1786 2970 καθηγη-

217 2989 334 3054 τῶν,
359 2993 452 3044 καὶ
486 2992 544 3043 ὲν
574 2993 685 3052 τοῖς
704 2990 766 3042 τὸ
787 2990 970 3059 ἄρχειν
1004 2988 1229 3059 λαχοῦσι
1262 2987 1784 3057 κατατεταγμένος),

1879 1911 1939 1955 ut
1977 1901 2226 1956 diceres:
2260 1896 2439 1952 Nolite
2470 1896 2524 1950 in
2589 1895 2883 1966 Egyptum
2916 1891 3128 1961 ingredi
3149 1891 3216 1946 ⁸⁸.
3261 1909 3279 1941 ι
3341 1889 3448 1945 De-

1879 1990 2206 2046 monstratio
2239 2002 2372 2042 vero
2415 2001 2538 2057 quae
2589 1999 2686 2055 per
2739 1981 3005 2038 miracula
3037 1981 3119 2041 ﬁt.
3173 1979 3450 2049 quomodo

1881 2082 2053 2138 refelli
2085 2080 2310 2151 poterit,
2355 2086 2408 2134 et
2436 2076 2533 2133 Dei
2579 2089 2644 2129 ac
2694 2073 2873 2128 Patris
2912 2071 3286 2141 praerogativis
3319 2084 3450 2139 pro—

1884 2175 2022 2237 bari,
2054 2187 2218 2243 quam
2249 2165 2606 2240 malignitatis
2650 2163 2810 2235 245
2865 2163 3133 2218 rationem
3191 2160 3454 2230 praebebit

1883 2261 2314 2335 reprehendendi
2357 2257 2615 2329 cupidis?
2672 2250 3009 2309 Nicodemus
3042 2252 3272 2322 quippe.
3309 2265 3452 2303 unus

1883 2374 1946 2412 ex
1977 2355 2300 2410 doctoribus
2324 2357 2378 2407 et
2416 2349 2757 2422 principibus
2783 2345 3121 2408 Judaeorum.
3157 2342 3453 2398 miraculo-

1886 2461 2005 2501 rum
2034 2442 2411 2500 testimonium
2444 2439 2815 2495 certissimum
2839 2443 2893 2491 et
2927 2434 3292 2490 indubitatum
3334 2445 3455 2486 esse

1886 2537 2161 2600 credebat,
2194 2534 2382 2589 dicens
2413 2549 2425 2584 :
2464 2551 2482 2583 ‹
2517 2529 2710 2593 Rabbi,
2746 2527 2952 2582 scimus
2993 2525 3119 2595 quia
3156 2538 3185 2576 a
3218 2521 3326 2577 Deo
3360 2537 3454 2574 ve-

1887 2630 2014 2684 nisti
2042 2626 2340 2694 magister;
2370 2633 2533 2677 nemo
2555 2620 2698 2676 enim
2726 2624 2905 2686 potest
2947 2615 3060 2668 hch
3091 2614 3245 2683 signa
3280 2612 3457 2666 facere

1887 2734 2006 2789 qua:
2041 2725 2098 2771 tu
2135 2715 2305 2778 facis,
2349 2713 2453 2769 nisi
2487 2712 2646 2766 fuerit
2687 2707 2829 2762 Deus
2862 2720 2984 2761 cum
3036 2719 3101 2758 eo
3123 2704 3189 2756 δ’.
3234 2721 3251 2752 ι
3289 2699 3457 2767 Quasi

1887 2823 2017 2878 ergo
2044 2823 2112 2862 ne
2150 2807 2266 2877 ipse
2293 2803 2512 2874 quidem
2539 2799 2782 2871 Baptista
2812 2793 3202 2850 malevolorum
3243 2789 3457 2846 Judaeo-

1890 2912 2009 2952 run
2041 2893 2476 2949 incredulitatem
2498 2888 2739 2957 rﬂ‘ugiat,
2771 2878 2865 2952 qui
2897 2881 3079 2937 verbis
3112 2889 3272 2936 tenus
3304 2879 3459 2936 testi-

1889 2987 2131 3041 monium
2186 2981 2434 3052 protulit.
2485 2991 2702 3032 rursum
2734 2989 2925 3030 eorum
2965 2987 3147 3027 mores
3197 2969 3460 3040 quodam-

216 3082 606 3153 ἀναντίρρητον
640 3083 740 3152 τὴν
769 3058 1017 3136 ἀπὸντῶν
1045 3058 1340 3152 θαυμάτων
1386 3081 1619 3132 ἐποιεῖτο
1651 3094 1783 3149 μαρ-

1894 3075 2058 3130 modo
2117 3070 2441 3143 perstringit
2502 3068 2732 3123 dicens:
2790 3060 3187 3118 Testimonium
3245 3058 3462 3129 quidem

215 3172 396 3242 τυρίαν
424 3173 609 3241 λέγων
637 3189 650 3202 ·
688 3190 707 3223 ι
743 3172 950 3236 Ῥαὸϐὶ,
981 3174 1201 3243 οἴδαμεν
1235 3173 1316 3224 ὅτι
1358 3171 1466 3224 ἀπὺ
1497 3169 1629 3223 Θεοῦ
1669 3168 1791 3240 ἐλή-

217 3261 371 3326 λυθας
416 3260 745 3326 διδάσκαλος
770 3280 783 3293 ·
835 3263 1008 3327 οὐδεὶς
1057 3265 1168 3334 γὰρ
1212 3262 1435 3316 δύναται
1479 3262 1547 3315 τά
1594 3264 1792 3332 σημεῖα

221 3352 381 3406 ταῦτα
436 3352 618 3407 ποιεῖν
652 3354 688 3407 ἃ
727 3356 790 3408 σὺ
817 3357 1010 3419 ποιεῖς,
1043 3356 1135 3407 ὲάν
1165 3348 1292 3426 μὴῇ
1326 3355 1354 3406 ὁ
1384 3353 1514 3416 Θεὸς
1549 3353 1665 3422 μετ’
1693 3354 1792 3406 αὑ-

222 3443 328 3499 τοῦ.
358 3464 376 3496 ι
433 3445 530 3508 Ὠς
555 3441 648 3499 οὖν
678 3445 778 3499 οὑκ
805 3446 1146 3508 ὲκῦαίνοντος
1178 3445 1278 3516 τὴν
1323 3445 1587 3498 Ἰουδαίων
1625 3445 1795 3498 κακό-

216 3551 356 3588 νοιαν
399 3536 506 3588 τοῦ
555 3536 650 3588 καὶ
681 3536 842 3590 αὑτὸν
877 3535 1223 3590 ἀπιστεῖσθαι
1263 3534 1356 3586 τὸν
1405 3533 1559 3600 ἆγιον
1591 3533 1792 3585 Βαπτι-

220 3627 362 3691 στὴν,
388 3628 523 3680 ὅσον
550 3622 654 3696 ἧκε
682 3627 782 3696 τὴν
809 3628 886 3689 είς
921 3626 1111 3694 λόγους
1147 3623 1451 3696 μαρτυρίαν
1485 3624 1796 3691 εἰσάγοντα,

219 3717 388 3782 πάλιν,
437 3717 524 3779 ὡς
568 3719 624 3770 ἐν
670 3717 808 3787 ήθει,
845 3713 1014 3787 φησι·
1077 3734 1094 3767 ι
1124 3712 1532 3786 Μεμαρτύρηκε
1583 3715 1680 3786 μὲν
1730 3718 1794 3786 τῇ

218 3808 463 3879 ἀληθείᾳ,
506 3808 682 3862 καίτοι
717 3809 846 3878 παρ’
881 3809 1035 3878 ὑμῶν
1061 3807 1434 3878 ἐρωτώμενος,
1468 3809 1496 3862 ὁ
1531 3806 1800 3876 μακάριος

219 3898 530 3970 Βαπτιστής
550 3915 564 3928 ⁸
607 3898 720 3952 ἀλλ’
760 3899 992 3968 ἐπείπερ
1019 3899 1145 3967 ὑμῖν
1185 3897 1599 3968 ἀνεπιχείρητον
1625 3894 1798 3956 οὐδὲν,

220 3989 306 4040 καὶ
350 3988 747 4058 ῥιψοκινδύνως
787 3990 879 4041 ἐπὶ
921 3990 1099 4041 πᾶσαν
1136 3989 1271 4042 ἰέναι
1311 3986 1578 4058 λοιδορίαν
1617 3984 1800 4038 κατεί-

219 4074 414 4138 θιεται,
432 4077 534 4130 καὶ
553 4076 648 4146 τὴν
677 4078 911 4139 ἐκείνου,
931 4076 1068 4129 κατὰ
1088 4076 1148 4129 τὸ
1167 4076 1332 4140 είκὸς,
1353 4073 1803 4146 παρεκρούσασθε

219 4167 414 4237 φωνήν.
453 4168 678 4238 Ἐπειδὴ
708 4168 764 4221 δὲ
793 4168 969 4239 ὀρθῶς
998 4169 1124 4239 ὑμῖν
1155 4167 1300 4237 ἔχειν
1331 4167 1606 4221 καὶτοῦτο
1633 4165 1799 4230 δοκεῖ,

219 4256 352 4309 ἔστω
370 4258 459 4328 δὴ,
483 4259 742 4331 πείθομαι
764 4261 942 4330 τυχὸν,
967 4263 1249 4314 κατανεύω
1277 4259 1372 4313 σὺν
1398 4260 1546 4328 ὑμῖν,
1572 4257 1806 4326 ἀποστή-

221 4360 377 4415 σομαι
424 4347 497 4401 δι’
555 4348 700 4420 ὑμᾶς
746 4351 840 4402 καὶ⁹
880 4351 978 4420 τῆς
1021 4348 1266 4402 Ἰωάννου
1318 4346 1538 4416 φωνῆς,
1585 4345 1679 4398 καὶ
1707 4343 1805 4415 τὴν

1896 3157 2169 3234 perhibuit
2203 3158 2418 3214 veritati
2440 3157 2508 3224 ⁸⁸,
2540 3155 2668 3210 licet
2691 3168 2721 3208 a
2747 3151 2904 3208 vobis
2925 3151 3296 3219 interrogatus
3334 3146 3464 3200 bea-

1895 3262 1986 3309 tus
2019 3251 2298 3321 Baptista;
2339 3247 2434 3303 sed
2459 3246 2588 3317 quia
2620 3242 2755 3299 nihil
2799 3241 3128 3294 intentatum
3163 3236 3315 3292 vobis
3356 3246 3462 3300 est,

1895 3353 1950 3400 et
1975 3345 2028 3400 in
2055 3357 2216 3398 omne
2245 3355 2415 3413 genus
2453 3335 2685 3392 convicii
2713 3346 2873 3388 ruere
2903 3329 3091 3386 soletis
3110 3370 3124 3394 ,
3153 3328 3301 3382 illius
3329 3341 3466 3398 quo-

1897 3450 2006 3505 que
2027 3399 2332 3493 vocem,vut
2357 3427 2637 3500 probabile
2665 3434 2749 3481 est
2766 3422 3057 3491 rejecistis.
3082 3419 3190 3476 Sed
3209 3419 3467 3490 quoniam
3501 3399 3505 3420 ⁹

1899 3534 2106 3581 rectum
2128 3521 2270 3578 istud
2297 3535 2420 3576 esse
2451 3531 2670 3589 quoque
2696 3513 2924 3585 putatis,
2949 3520 3070 3568 esto
3097 3521 3277 3566 certe:
3304 3522 3469 3579 pareo

1898 3617 2112 3678 lubens,
2147 3627 2329 3667 annuo
2358 3610 2663 3668 vobiscum,
2706 3603 2938 3660 Joannis
2977 3617 3165 3659 vocem
3207 3601 3262 3656 in
3297 3599 3470 3654 vestri

1900 3706 2131 3778 gratiam
2170 3703 2433 3775 rejiciam.
2461 3707 2516 3754 et
2567 3699 2714 3754 illius
2758 3695 3132 3752 testimonium
3186 3691 3470 3746 vobiscum

1899 3795 2218 3867 repudiabo.
2266 3791 2454 3846 Habeo
2483 3801 2779 3859 supernum
2815 3792 3029 3848 testem,
3061 3781 3274 3836 Patrem
3304 3778 3470 3835 nimi-

1903 3901 2044 3939 rum.
2075 3883 2290 3937 Rursus
2319 3888 2500 3934 autem
2524 3876 2822 3932 ostendens
2851 3873 3109 3930 assentiri
3143 3887 3202 3926 se
3237 3885 3303 3924 ex
3331 3884 3470 3924 con—

1901 3975 2130 4036 ditione,
2164 3972 2372 4026 utiliter
2417 3968 2698 4037 subjungit
2731 3983 2742 3997 σ
2780 3963 2888 4020 Sed
2919 3963 3035 4019 haec
3065 3961 3222 4025 dico,
3276 3967 3336 4014 ut
3373 3973 3472 4014 vos

1903 4067 2042 4122 salvi
2070 4065 2211 4128 sitis,
2246 4062 2299 4117 id
2329 4069 2433 4125 est,
2463 4057 2774 4116 istiusmodi
2801 4056 2966 4112 verba
2996 4054 3061 4109 ad
3086 4069 3184 4108 vos
3213 4050 3340 4112 feci,
3362 4062 3471 4103 non

1903 4155 2050 4228 quod
2090 4155 2163 4209 ita
2191 4170 2252 4209 se
2283 4153 2484 4209 veritas
2529 4150 2748 4214 habeat,
2783 4147 2878 4204 sed
2906 4162 2974 4202 ex
3035 4144 3373 4203 conditione,
3416 4148 3476 4192 ut

1905 4264 2005 4303 vos
2030 4246 2291 4302 nimirum
2322 4243 2467 4298 omni
2520 4241 2734 4295 ratione
2788 4237 2926 4294 salvi
2982 4235 3126 4291 sitis.
3182 4235 3360 4302 Atque
3386 4229 3476 4284 hic

1908 4346 2057 4395 certe
2090 4333 2316 4392 secundi
2352 4333 2477 4387 libri
2507 4329 2666 4385 nobis
2695 4328 2821 4384 ﬁnis
2849 4327 2975 4382 erit.

219 4457 426 4510 ἐκείνου
478 4458 789 4529 μαρτυρίαν
819 4460 934 4529 μεθ’
966 4458 1118 4528 ὑμῶν
1147 4455 1598 4527 παραγράψομαι.
1642 4455 1791 4524 Ἔχω
1827 4453 1920 4506 τὸν
1946 4449 2151 4506 ἀνωθεν
2177 4441 2562 4517 μαρτυροῦντα
2581 4440 2822 4510 Πατέρα.
2851 4437 3124 4491 Διδάσκων
3178 4435 3236 4487 δὲ
3297 4432 3481 4493 πάλιν,

221 4550 296 4601 ὅτι
319 4524 628 4604 συναίνεσιν
657 4524 1036 4621 ὑποθετικὴνό
1069 4524 1242 4618 λόγος
1258 4524 1456 4610 ὠδίνει,
1489 4544 1792 4617 χρησίμως,
1835 4545 2104 4614 ἐπήνεγκε
2130 4555 2142 4568 ο
2187 4556 2204 4588 ι
2232 4536 2416 4590 Ταῦτα
2461 4532 2707 4600 δὲλέγω,
2739 4530 2824 4582 ἵνα
2858 4529 3010 4598 ὑμεῖς
3046 4524 3278 4594 σωθῆτεο
3311 4544 3328 4576 ι
3362 4527 3483 4581 ἀντὶ

223 4641 330 4703 τοῦ,
364 4643 510 4705 Τοὺς
535 4640 811 4705 τοιούτους
845 4617 979 4712 πρός
1023 4617 1166 4711 ὑμᾶς
1216 4639 1560 4711 ἐποιησάμην
1597 4637 1808 4704 λόγους,
1848 4635 1946 4704 οὐχ
1975 4633 2148 4693 οὑτως
2210 4626 2440 4699 ἐχούσης
2480 4625 2581 4694 τῆς
2632 4621 2909 4693 ἀληθείας.
2955 4620 3068 4672 ἀλλ’
3127 4617 3484 4682 ὑποθετικῶς,

225 4735 306 4788 ἵνα
354 4733 520 4804 ὑμεῖς
569 4733 656 4787 διά
705 4733 904 4797 παντὸς
936 4732 1178 4804 σώζησθε
1212 4732 1438 4803 τρόπον.
1483 4728 1594 4782 Καὶ
1641 4729 1801 4798 μέχρι
1839 4727 1903 4799 δὴ
1933 4724 2122 4779 τούτου
2149 4723 2208 4776 τὸ
2234 4720 2483 4790 δεύτερον
2514 4719 2644 4788 ἡμῖν
2676 4713 2877 4785 βιϐλίον
2905 4714 3182 4783 στήσεται.

294 4907 337 4938 ⁸⁸
379 4907 578 4961 Matth.
613 4921 702 4972 Ill,
742 4907 797 4963 5.

872 4907 916 4939 ⁸⁵
955 4903 1154 4961 Jerem.
1195 4920 1348 4968 XLIII,
1381 4904 1435 4957 2.
1515 4904 1559 4934 ⁸⁸
1598 4898 1739 4955 ibid.
1818 4901 1860 4930 ⁸⁷
1901 4898 2058 4953 .loan.
2091 4914 2172 4961 ιιι,
2209 4897 2257 4948 i.

2344 4895 2389 4925 ⁸³
2428 4893 2587 4948 Joan.
2624 4908 2662 4958 ι,
2697 4891 2787 4944 52.
