4102 6536
227 441 315 497 601
1165 433 1236 489 ΙΝ
1280 431 1570 491 JOANNIS
1609 428 2059 488 EV'ANGELIUM
2099 433 2224 489 LIB.
2267 436 2353 491 ill.

3317 442 3435 496 Μυῒ
3475 454 3478 459 ’

226 552 314 606 ὑπό
344 564 428 602 του
467 545 776 615 λεγόμενον·
814 564 834 599 ι
886 546 1131 616 ’Δγαθῶν
1170 547 1280 619 γὰρ
1319 549 1499 602 πόνων
1541 546 1746 616 καρπὸς

1858 560 2078 602 rursum
2116 551 2318 615 ferecti,
2361 552 2507 607 bono
2545 560 2600 607 et
2633 554 2982 625 misericordi
3016 554 3128 610 Deo
3162 571 3266 612 nos
3321 567 3413 625 gu-

223 638 439 707 εὐκλεής.
477 655 496 688 ›
525 636 659 707 Φέρε
687 636 753 709 δὴ
777 633 869 693 οὖν
898 639 978 701 είς
1006 637 1265 709 εὔτολμον
1312 638 1476 693 πάλιν
1521 637 1747 692 ἀναϐαίο

222 745 379 792 νοντες
416 727 691 797 φρόνημα.
728 728 806 800 τῷ
860 731 958 801 μὲν
1003 731 1194 800 ἀγαθῷ
1240 733 1336 786 καὶ
1383 730 1748 804 φιλανθρώταρ

220 819 320 891 Θεῷ
340 818 402 872 τά
425 817 540 873 καθ’
566 820 716 889 ἡμᾶς
738 822 1145 895 οίακοστροφεῖν
1172 824 1556 895 ἐπιτρέποιμεν
1576 838 1592 854 ·
1617 825 1749 878 ἀνα-

221 911 520 974 πετάσαντες
565 911 672 982 γὰρ
725 914 978 986 καθάπερ
1030 915 1199 968 ἱστίον
1244 916 1346 986 τῆς
1399 916 1637 980 διανοίας
1686 916 1750 969 rb

221 1003 411 1065 πλάτος,
435 1001 525 1055 καὶ
544 1002 642 1072 τὴν
661 1003 758 1057 τοῦ
785 1005 1102 1076 Πνεύματος
1131 1007 1294 1081 χάριν
1321 1007 1749 1078 ὲγκολπούμενοι

220 1091 435 1161 καθάπερ
456 1094 518 1145 ἐκ
554 1091 811 1164 πρύμνης
853 1096 1043 1165 οὐρίαν
1070 1097 1213 1170 ἠχὴν
1235 1137 1250 1163 ,
1289 1099 1370 1163 είς
1399 1099 1621 1170 βαθεῖαν
1651 1101 1748 1153 ὲκ-

219 1180 463 1250 τρέχωμεν
510 1179 754 1253 ζήτησιν.
796 1184 1029 1255 Χριστὸς
1065 1185 1174 1258 γάρ
1220 1188 1368 1241 ἐστιν
1410 1190 1440 1242 ὁ
1485 1188 1661 1253 διδοὺς
1689 1190 1751 1243 ὲν

219 1269 423 1339 θαλάσσῃ
459 1268 610 1334 ὁδὸν,
660 1270 755 1325 καὶ
793 1272 862 1327 ἂν⁴
884 1272 1036 1328 ὕδατι
1074 1275 1282 1345 τρίϐον.
1320 1276 1603 1347 Κατέληξε
1651 1278 1750 1348 μὲν

216 1358 293 1415 οὖν
319 1361 373 1413 rb
394 1359 643 1432 δεύτερον
676 1364 812 1433 ἡμῖν
858 1363 1089 1433 βιὸλίον,
1117 1366 1179 1420 ὲν
1220 1365 1317 1437 τῷ,
1360 1384 1380 1420 ι
1433 1367 1574 1436 Ἐγὼ
1600 1367 1657 1422 δὲ
1687 1367 1749 1421 οὐ

217 1450 343 1523 παρά
361 1450 639 1522 ἀνθρώπου
665 1453 766 1525 τὴν
791 1456 1099 1528 μαρτυρίαν
1119 1457 1404 1528 λαμϐάνω.
1426 1457 1562 1513 ἀλλά
1578 1458 1751 1514 ταῦτα

213 1544 353 1613 λέγω.
385 1542 465 1595 ἵνα
489 1542 647 1613 ὑμεῖς
676 1544 906 1615 σωθῆτε.
938 1566 959 1600 ι
985 1549 1307 1621 Ἀρξώμεθα
1336 1549 1393 1604 δὲ
1415 1550 1512 1604 τοῦ
1540 1550 1749 1623 τρίτου,

214 1633 455 1704 στοιχηδὸν
480 1634 941 1701 ὲπισυνάπτοντες
965 1638 1035 1693 τά
1070 1641 1278 1712 ἐφεξῆς
1316 1643 1445 1713 περὶ
1469 1640 1564 1695 τοῦ
1590 1641 1749 1711 άγίου

212 1723 502 1789 Βαπτιστοῦ,
534 1724 787 1794 λέγοντος
817 1729 910 1783 τοῦ
943 1731 1183 1802 Χριστοῦ
1204 1749 1220 1765 ο

280 1812 517 1879 Ἐκεῖνος
566 1811 650 1885 ἦν
696 1819 730 1871 ό
766 1819 1001 1888 λύχνος
1038 1823 1073 1875 ὁ
1115 1822 1430 1892 καιόμενος
1474 1822 1573 1877 καὶ
1615 1821 1751 1892 φαί-

208 1921 327 1959 νων·
360 1904 517 1974 ὑμεῖς
548 1905 620 1961 δὲ
660 1907 1002 1976 ἠθελήσατε
1055 1912 1539 1983 ἀτηλλιασθῆναι
1598 1914 1750 1982 πρὸς

207 1994 342 2064 ὥραν
378 1997 444 2050 ἐν
473 1995 554 2063 τῷ
580 2000 730 2067 φωτὶ
766 2000 974 2058 αὐτοῦ.

265 2085 437 2156 Λύχνῳ
471 2089 803 2157 παρεικάζει
834 2091 925 2145 τὸν
977 2092 1134 2161 ἆγιον
1181 2095 1525 2166 Βαπτιστὴν,
1562 2095 1658 2151 ἅτε
1685 2095 1748 2167 δὴ

208 2176 325 2228 κᾶτά
347 2176 404 2229 rb
435 2181 716 2249 προσεῖναι
739 2183 982 2252 πεφυκὸς
1024 2183 1300 2257 ἀνθρώπῳ
1345 2185 1568 2258 μέτρον,
1614 2204 1751 2257 προ-

206 2266 564 2337 αναλάμψαντα
607 2272 706 2342 μὲν
748 2273 845 2344 τῆς
885 2274 1191 2346 παρουσίας
1231 2276 1430 2340 αὑτοῦ,
1472 2275 1613 2348 πλὴν
1645 2277 1750 2333 οὐκ

210 2357 304 2426 ἰδίῳ
330 2359 661 2430 κεχρημένον
686 2364 825 2433 φωτί
848 2379 861 2393 ·
891 2365 952 2418 ού
986 2364 1097 2436 γὰρ
1128 2364 1257 2421 διον
1284 2364 1343 2421 ὲν
1374 2365 1453 2437 τῷ
1479 2365 1661 2439 λύχνῳ
1684 2366 1749 2422 rb

206 2446 319 2514 φῶς,
342 2447 463 2502 ἀλλ’
491 2449 695 2515 ἔξωθέν
729 2468 791 2505 τε
827 2454 923 2507 καὶ
956 2454 1194 2509 ἐπακτὸν
1235 2456 1328 2511 καὶ
1356 2456 1748 2529 προστεθειμέ-

205 2554 300 2595 νον·
329 2539 462 2594 οὕτω
479 2540 524 2595 δ’
551 2540 622 2596 ἃν
649 2541 779 2607 ῐδοις
801 2543 895 2597 καὶ
924 2545 1017 2600 τὸν
1041 2547 1099 2600 ὲν
1125 2546 1301 2616 ἁγίοις
1324 2548 1478 2619 παρά
1504 2547 1744 2619 Χριστοῦ

206 2628 448 2698 φωτισμὸν
474 2630 534 2683 έν
565 2631 865 2701 Πνεύματι.
899 2634 992 2689 Διὸ
1020 2635 1086 2705 δὴ
1119 2637 1214 2691 καὶ
1254 2636 1373 2692 λίαν
1403 2639 1745 2709 εὐγνωμονέ-

206 2731 348 2769 στατα
384 2718 473 2771 καὶ
518 2720 845 2790 φρονοῦντες
876 2724 972 2778 καὶ
997 2726 1351 2795 πράττοντες,
1388 2729 1544 2784 αὐτοὶ
1572 2729 1640 2784 δι’
1666 2734 1747 2785 oi-

155 2882 159 2890 .
203 2806 331 2870 κείας
358 2808 678 2879 ὁμολογοῦσι
705 2814 912 2885 φωνῆς·
953 2836 973 2869 ι
1014 2818 1135 2872 Ὅτι
1163 2820 1229 2874 ὲκ
1254 2818 1349 2874 τοῦ
1379 2820 1745 2893 πληρώματος

201 2893 340 2985 αὑτοῦ
378 2897 535 2966 ἡμεῖς
584 2899 786 2965 πάντες
824 2903 1112 2975 ἐλάϐομεν.
1152 2925 1172 2959 ι
1218 2907 1340 2973 Φῶς
1365 2909 1465 2980 μὲν
1490 2912 1598 2985 γάρ
1626 2914 1743 2967 ἔστι

202 2984 321 3038 κατὰ
352 2985 504 3053 φύσιν
528 2990 561 3043 ὀ
582 2991 899 3063 Μονογενὴς
919 3034 934 3059 ,
984 2995 1082 3050 ἅτε
1105 2997 1172 3069 δὴ
1197 3000 1290 3053 καὶ
1314 3002 1379 3054 ὲκ
1407 2984 1584 3070 φωτὸς
1611 3003 1745 3058 ἀνα-

199 3074 408 3145 λάμψας,
443 3079 545 3149 τῆς
593 3080 688 3135 τοῦ
741 3083 956 3155 Πατρδς
996 3087 1187 3152 οὐσίας
1233 3090 1403 3161 φημί·
1438 3092 1653 3163 μετέχει
1685 3094 1744 3149 δὲ

1849 636 2165 693 bernandos
2212 639 2519 697 tradamus.
2552 642 2766 700 Nostrae
2808 646 3010 716 quippe
3043 645 3246 702 mentis
3295 647 3421 701 lati-

1848 728 2095 783 tudinem
2116 744 2216 785 ceu
2244 730 2423 785 velum
2457 733 2818 801 explicantes,
2863 744 2918 791 et
2967 737 3147 807 gratia
3181 735 3420 808 Spiritus

1847 837 1958 876 non
1996 837 2156 879 secus
2182 836 2246 877 ac
2273 837 2303 876 a
2334 838 2493 892 prora
2524 826 2769 881 secundo
2801 837 2965 884 vento
3000 831 3053 884 in
3080 831 3261 886 sinum
3296 846 3423 887 sus-

1848 926 2046 988 cepto,
2118 917 2175 972 in
2233 918 2564 987 profundam
2622 921 2978 990 quaestionem
3036 938 3417 979 excurremus.

1849 1007 2104 1064 Christus
2130 1008 2277 1065 enim
2311 1015 2395 1064 est
2424 1009 2517 1079 qui
2563 1008 2711 1062 viam
2744 1009 2800 1063 in
2851 1010 2995 1064 mari
3044 1013 3326 1080 ostendit,
3365 1020 3422 1067 et

1849 1099 2101 1153 semitam
2127 1098 2182 1153 in
2221 1112 2363 1169 aqua
2419 1097 2584 1169 248
2631 1097 2782 1152 forti.
2830 1097 3003 1154 Desiit
3051 1085 3237 1171 itaque
3280 1101 3422 1157 liber

1850 1187 2128 1245 secundus
2154 1190 2209 1243 in
2251 1190 2362 1244 illis
2400 1190 2585 1245 verbis
2624 1207 2639 1243 :
2675 1208 2694 1241 ι
2723 1188 2836 1261 Ego
2861 1198 3045 1245 autem
3073 1205 3182 1245 non
3224 1192 3292 1246 ab
3322 1191 3422 1246 ho-

1852 1279 1997 1335 mine
2042 1280 2419 1335 tcstimonium
2472 1280 2703 1350 accipio,
2766 1280 2861 1337 sed
2892 1281 3008 1336 haec
3040 1282 3164 1336 dico
3211 1289 3272 1336 ut
3324 1299 3422 1337 vos

1851 1368 1991 1424 salvi
2022 1370 2231 1426 sitis".
2268 1388 2286 1422 ι
2311 1370 2714 1442 Aggrediamur
2740 1385 2872 1425 vero
2914 1371 3158 1433 tertium,
3190 1370 3423 1441 conjun-

1851 1468 2042 1531 gentes
2070 1462 2262 1516 ordine
2289 1477 2411 1531 quae
2460 1468 2774 1532 sequuntur
2804 1460 2873 1516 de
2900 1468 3095 1517 sancto
3151 1461 3420 1532 Baptista,

1851 1549 2069 1605 dicente
2094 1549 2318 1606 Christo
2348 1568 2362 1604 :

1923 1811 1993 1875 V,
2050 1812 2142 1868 35.
2204 1810 2306 1866 Ille
2368 1819 2484 1866 erat
2546 1812 2757 1868 lucerna
2826 1811 3019 1865 ardens
3085 1817 3135 1865 et
3184 1810 3363 1864 tacens
3403 1826 3427 1862 ξ

1852 1920 1940 1958 vos
1984 1912 2159 1957 autem
2217 1902 2459 1957 voluistis
2515 1902 2585 1956 ad
2649 1902 2837 1957 horam
2881 1901 3148 1955 exsultare
3198 1899 3255 1954 in
3310 1901 3422 1953 luce

1848 2011 1985 2063 ejus.

1917 2084 2184 2140 Lucerna:
2220 2089 2508 2153 comparat
2560 2089 2817 2137 sanctum
2860 2077 3185 2149 Baptistam,
3218 2079 3422 2150 quippe

1847 2177 1965 2248 qui,
2013 2182 2281 2247 quantum
2333 2174 2391 2229 in
2433 2173 2711 2228 hominem
2749 2170 2947 2227 cadere
2974 2176 3176 2241 potest,
3212 2168 3417 2225 Christi

1847 2265 2105 2322 adventui
2144 2264 2485 2335 przeluxerit,
2532 2269 2909 2319 verumtamen
2942 2261 3170 2333 proprio
3214 2259 3422 2314 lumine

1848 2372 1984 2413 usus
2015 2370 2125 2412 non
2153 2367 2279 2413 est:
2316 2370 2424 2411 non
2469 2354 2619 2410 enim
2649 2353 2931 2425 proprium
2970 2358 3056 2408 est
3108 2351 3168 2406 in
3196 2350 3419 2405 lucerna

1847 2448 2067 2512 lumen,
2120 2446 2227 2504 sed.
2267 2446 2617 2503 extrinsecus
2668 2444 2921 2511 advenit,
2979 2448 3037 2498 et
3081 2438 3416 2496 asciscitur:

1846 2535 2161 2592 istiusmodi
2184 2549 2407 2606 quoque
2436 2534 2628 2590 videre
2660 2533 2788 2589 licet
2819 2533 2873 2587 in
2904 2530 3112 2587 sanctis
3142 2528 3421 2585 illumina-

1847 2629 2052 2683 tionem
2087 2642 2119 2681 a
2156 2627 2381 2683 Christo
2433 2626 2487 2680 in
2538 2625 2765 2695 Spiritu.
2797 2624 2957 2681 Unde
2982 2623 3086 2694 ipsi
3112 2620 3437 2694 gratissimi

1845 2719 2016 2774 animi
2045 2734 2215 2775 sensu
2260 2718 2438 2787 palam
2490 2716 2640 2771 istud
2670 2714 2994 2787 proﬁtentur
3043 2730 3059 2767 :
3101 2730 3120 2765 ι
3167 2710 3303 2778 Quia
3350 2710 3420 2766 de

1845 2810 2192 2881 plenitudine
2215 2809 2338 2879 ejus
2359 2824 2463 2864 nos
2478 2823 2675 2864 omnes
2691 2806 3007 2876 accepimus
3024 2801 3251 2858 ".DLIIX
3270 2801 3417 2857 enim

1843 2910 1930 2959 est
1964 2901 2264 2959 secundum
2289 2906 2551 2954 naturam
2593 2898 2953 2970 Unigenitus,
2996 2895 3201 2966 quippe
3225 2893 3321 2964 qui
3349 2907 3417 2947 ex

1846 2994 1970 3050 luce
2006 3007 2249 3063 quoque,
2274 2990 2457 3046 Patris
2487 2989 2747 3044 nimirum
2774 2985 3042 3043 eﬂulserit
3064 2984 3373 3041 substantia
3401 3005 3414 3038 :

1843 3088 1967 3159 ejus
2019 3094 2206 3142 autem
2263 3085 2542 3155 particeps
2584 3090 2841 3137 creatura
2897 3090 3003 3144 est,
3059 3086 3117 3135 et
3164 3078 3418 3149 quisquis

197 3164 403 3256 ήκτίσις
432 3167 626 3222 αὐτοῦ’
666 3169 760 3223 καὶ
796 3172 905 3225 πᾶν
935 3172 990 3225 εί
1020 3190 1075 3227 τι
1110 3176 1208 3247 τὴν
1236 3178 1331 3231 τοῦ
1359 3178 1738 3248 λογικεύεσθαι

1844 3177 2205 3235 ratiocinandi
2241 3175 2601 3248 sapiendique
2631 3172 2684 3229 vi
2713 3170 2978 3243 praeditus
3010 3178 3119 3236 est,
3149 3184 3249 3225 vas
3280 3184 3422 3241 quo-

199 3255 276 3307 καὶ
308 3260 511 3327 φρονεῖν
546 3259 817 3329 ἐπάγεται
843 3261 1096 3335 δύναμιν,
1145 3266 1338 3332 σκεῦος
1371 3268 1560 3342 ὥσπερ
1595 3272 1745 3326 ἐστὶν

197 3344 263 3406 είς
300 3346 356 3400 rb
402 3348 665 3406 δύνασθαι
726 3352 873 3407 θείου
919 3356 1256 3428 πληροῦσθαι
1292 3361 1487 3429 φωτὸς,
1545 3363 1744 3433 ἄριστα

195 3433 543 3509 διηρτισμένον
588 3441 696 3495 ὑπὸ
734 3442 829 3497 τοῦ
871 3446 1089 3501 πάντων
1152 3448 1534 3521 ἀριποτέχνου
1584 3453 1743 3511 Θεοῦ.

197 3526 374 3597 Λύχνος
391 3526 481 3603 οὖν
506 3535 539 3587 ὁ
564 3534 834 3607 μακάριος
854 3538 1188 3611 Βαπτιστὴς,
1215 3540 1356 3596 κατά
1372 3541 1464 3594 τὸν
1489 3543 1591 3613 ἤδη
1614 3561 1747 3616 προ-

194 3618 494 3676 αποδοθέντα
539 3622 724 3693 λόγον.
758 3626 930 3681 Τοῦτο
975 3627 1035 3682 δὲ
1064 3629 1240 3699 λέγων
1267 3633 1296 3684 ὁ
1320 3630 1510 3703 Σωτὴρ
1539 3633 1745 3688 οἰκονο-

197 3708 347 3775 μικῶς
393 3712 517 3777 τοὺς
578 3715 842 3787 ἀνοήτους
879 3719 1206 3789 Φαρισαίους
1249 3720 1407 3775 καλεῖ
1444 3722 1582 3795 πρὸς
1615 3724 1747 3779 ὑπό-

194 3816 367 3871 μνησιν
380 3803 478 3874 τῆς
492 3804 592 3860 τοῦ
612 3806 748 3861 Θεοῦ
778 3808 874 3862 xal.
896 3811 1010 3864 Πατ
1019 3810 1110 3883 pb;
1141 3815 1346 3884 φωνῆς,
1361 3807 1609 3883 λέγοντός
1637 3833 1743 3872 που

192 3892 302 3961 περὶ
328 3895 489 3949 αὑτοῦ
509 3913 523 3927 ·
568 3914 590 3950 ι
626 3897 930 3970 Ἦτοίμασα
965 3901 1157 3973 λύχνον
1179 3902 1259 3974 τῷ
1286 3905 1510 3975 Χριστῷ
1544 3923 1668 3977 μου.
1716 3925 1740 3961 ι

191 3979 380 4054 Σφόδρα
422 3984 481 4039 δὲ
527 3987 823 4059 χρησίμως
866 4006 926 4044 τε
972 3992 1067 4046 καὶ
1111 3993 1422 4062 ἀναγκαίως
1476 3998 1590 4058 τοῖς
1640 3996 1742 4067 ἤδη

191 4076 592 4148 προειρημένοις
641 4080 837 4149 ὲπάγει
902 4083 1020 4136 νυνὶ
1084 4083 1154 4139 τά
1200 4084 1428 4141 τοιαῦτα
1485 4086 1739 4158 Χριστός.

201 4159 394 4237 Ἐπειδὴ
428 4166 538 4240 γάρ
581 4170 764 4224 πᾶσαν
788 4171 1094 4227 ἀποκλείων
1120 4176 1235 4238 τοίς
1276 4173 1547 4239 Ἰουδαίοις
1573 4176 1743 4247 ἀφορ-

191 4252 286 4325 μὴν
314 4257 614 4325 ἀπειθείας,
650 4263 744 4317 καὶ
777 4264 1114 4335 πανταχόθεν
1158 4266 1357 4331 αὐτοὺς
1401 4268 1743 4324 συνελαύνων

188 4347 256 4408 εἷς
279 4346 332 4401 τὸ
367 4350 568 4422 χρῆναι
608 4354 1098 4426 πιπεύεινάύτῷ,
1145 4361 1414 4413 ωναινεῖν
1449 4359 1593 4426 ιδοξέ
1625 4378 1742 4424 πως

188 4438 256 4499 είς
300 4439 357 4493 rb
411 4442 486 4514 μὴ
539 4443 794 4515 δέχεσθαι
843 4444 944 4516 τὴν
1004 4448 1135 4519 παρ’
1189 4448 1355 4502 αὐτοῦ
1410 4450 1738 4521 μαρτυρίαν,

187 4526 353 4582 εἰπών·
383 4550 402 4585 t
444 4534 590 4603 Ἐγὼ
612 4535 671 4589 δὲ
698 4536 759 4589 ού
797 4536 951 4609 παρά
985 4536 1279 4609 ἀνθρώπου
1307 4537 1408 4609 τὴν
1437 4541 1741 4611 μαρτυρίαν

185 4614 422 4692 λέιμόάνω
443 4661 459 4686 ,
513 4642 537 4675 ι
586 4624 674 4679 ῐνα
709 4627 782 4697 μὴ
811 4627 1016 4682 δοκοῖεν
1060 4627 1230 4693 ὅντως
1272 4646 1332 4683 τε
1376 4629 1473 4684 καὶ
1523 4631 1741 4702 άληθῶς

186 4706 309 4761 οὕτω
344 4711 652 4770 διακείσθαι
711 4718 844 4788 περὶ
896 4718 993 4772 τοῦ
1020 4719 1337 4791 Προδρόμου
1374 4720 1466 4776 τὸν
1510 4722 1738 4794 Κύριον,

185 4797 352 4871 ὥσπερ
375 4798 467 4857 οὖν
500 4804 618 4879 ἔχει
654 4807 749 4860 τοῦ
787 4809 948 4878 λόγου
977 4809 1040 4864 rb
1077 4812 1295 4881 σχῆμα,
1332 4812 1619 4883 χρησίμως
1659 4816 1741 4879 εἰς

186 4885 237 4986 τξ
259 4892 443 4986 παρὸέ
470 4895 573 4966 οὐχ
603 4896 794 4951 ἔαυτόν
835 4916 887 4952 τι
924 4899 1151 4968 λέγοντα
1192 4902 1323 4970 περὶ
1350 4902 1541 4966 αὑτοῦ,
1569 4902 1659 4957 διὰ
1683 4904 1741 4958 δὲ

185 4980 271 5046 τῆς
290 4980 376 5034 τοῦ
395 4984 609 5056 Πατρὸς
635 4988 818 5059 φωνῆς
838 4991 1082 5062 εἰσφέρει
1114 4991 1408 5063 βοώμενον.
1444 4995 1608 5065 ᾭετο
1631 4995 1740 5064 γάρ

187 5065 281 5121 δεῖν
300 5072 436 5127 albet
465 5077 703 5147 μάλιστα
747 5083 814 5153 τῇ
864 5082 1000 5153 πρὸς
1035 5083 1167 5137 Θεὸν
1211 5084 1307 5138 καὶ
1348 5083 1604 5157 Πατέρα,
1649 5087 1741 5139 τὸν

186 5158 526 5221 ἀντιτείνοντα
558 5168 848 5236 δυσωπεῖν,
885 5174 1053 5244 ἤγουν
1096 5175 1197 5246 ἤδη
1243 5175 1578 5247 γυμνότερον
1622 5175 1740 5229 θεο-

190 5256 444 5326 μαχοῦντα
465 5261 754 5331 δεικνύειν,
790 5267 866 5331 ὡς
890 5268 982 5322 καὶ
1014 5270 1197 5332 αὐτοῖς
1224 5271 1336 5331 τοῖς
1364 5267 1460 5322 τοῦ
1485 5265 1619 5320 Θεοῦ
1646 5267 1738 5320 καὶ

186 5346 379 5420 Πατρδς
432 5355 628 5427 ἀνέδην
671 5358 1070 5423 ὑπαντιάζοντα
1125 5360 1323 5428 λόγοις.
1394 5377 1417 5411 ιΔ
1468 5353 1578 5411 Ἦν
1623 5353 1736 5421 οὖν,

186 5441 352 5509 φησὶν.
382 5445 590 5510 ἐκεῖνος
625 5450 654 5501 ὁ
682 5448 894 5519 λύχνος
926 5450 1085 5521 ὑμεῖς
1125 5451 1182 5505 δὲ
1218 5450 1524 5522 ἠθελήσατε
1568 5449 1739 5517 ἀγαλ-

184 5526 448 5602 λιασθῆναι
478 5535 615 5604 πρὸς
646 5537 796 5607 ὥραν
823 5540 881 5592 ὲν
912 5539 988 5609 τῷ
1014 5541 1153 5608 φωτὶ
1177 5539 1363 5595 αὐτοῦ.
1403 5558 1421 5591 ι
1460 5539 1609 5591 Ἔδει
1634 5538 1741 5608 γὰρ

1845 3267 2137 3325 dammodo
2186 3276 2274 3325 est
2321 3268 2392 3323 ab
2446 3264 2858 3337 sapientissimo
2904 3263 3002 3318 illo
3030 3260 3275 3317 universi
3336 3273 3422 3313 ar-

1844 3356 2094 3414 chitecto
2158 3356 2272 3413 Deo
2319 3355 2586 3426 praeclare
2627 3352 2922 3409 formatum
2966 3359 3029 3405 ut
3061 3348 3249 3403 divina
3295 3346 3419 3402 luce

1845 3446 2060 3517 impleri
2079 3453 2268 3517 queat.
2311 3443 2561 3499 Lucerna
2586 3441 2772 3511 itaque
2800 3446 2886 3496 est
2915 3438 3121 3494 beatus
3145 3433 3415 3505 Baptista,

1847 3547 1908 3595 ut
1938 3539 2051 3608 jam
2089 3537 2243 3607 prius
2274 3535 2484 3591 dictum
2519 3540 2624 3588 est.
2662 3530 2777 3586 Hoc
2804 3537 2988 3586 autem
3022 3526 3257 3583 dicendo
3292 3524 3416 3580 Sal-

1845 3635 2000 3689 vator
2042 3625 2306 3696 iugulari
2328 3623 2569 3695 quodam
2600 3620 2838 3678 consilio
2859 3618 3063 3675 stultos
3104 3616 3416 3673 Pharisaos

1844 3715 1916 3771 ad
1942 3714 2264 3772 memoriam
2296 3720 2521 3768 revocat
2570 3710 2691 3781 ejus
2728 3708 2883 3779 quod
2933 3706 3138 3763 alicubi
3172 3705 3321 3762 Deus
3352 3719 3417 3760 ac

1844 3807 2010 3862 Pater
2057 3807 2127 3862 de
2169 3807 2288 3877 ipso
2337 3805 2416 3860 ait
2464 3822 2480 3860 :
2539 3822 2560 3856 ι
2618 3800 2817 3856 Paravi
2869 3799 3149 3856 lucernam
3199 3796 3417 3853 Christo

1844 3899 2051 3955 meo".
2093 3916 2115 3951 ι
2155 3895 2331 3951 Valde
2384 3902 2568 3951 autem
2612 3892 2823 3947 utiliter
2879 3905 2944 3945 ae
2980 3888 3299 3946 necessario
3348 3887 3418 3943 iis

1843 4005 1966 4060 qua:
1990 3989 2106 4059 jam
2141 3987 2296 4059 prius
2326 3986 2474 4045 dicta
2505 3992 2636 4041 sunt
2677 3985 2792 4040 hrec
2826 3982 3111 4052 subjungit
3138 3978 3415 4035 Christus.

1843 4079 1981 4135 Nam
2023 4094 2149 4136 cum
2192 4079 2376 4134 visum
2424 4087 2575 4134 esset
2616 4084 2680 4132 ut
2727 4091 2950 4132 omnem
3007 4071 3417 4129 incredulitatis

1843 4172 2190 4228 occasionem
2213 4169 2421 4227 Judaeis
2452 4168 2869 4231 intercluderet,
2909 4173 2965 4223 et
2992 4165 3061 4220 ad
3088 4165 3138 4220 ei
3176 4162 3408 4218 creden-

1844 4262 1971 4317 dum
1998 4261 2123 4315 illos
2156 4259 2404 4328 undique
2433 4265 2674 4330 cogeret,
2714 4255 3121 4327 quodammodo
3154 4252 3417 4310 assentiri

1844 4367 1909 4407 ac
1933 4350 2123 4404 dicere
2170 4362 2230 4401 se
2267 4347 2338 4401 ab
2371 4346 2495 4417 ipso
2526 4344 2908 4401 testimonium
2957 4358 3065 4398 non
3112 4342 3362 4411 accipere
3401 4359 3413 4393 :

1851 4463 1869 4495 ι
1909 4439 2024 4513 Ego
2046 4453 2180 4494 vero
2217 4438 2286 4492 ab
2312 4437 2533 4493 homine
2556 4435 2935 4492 testimonium
2965 4450 3076 4490 non
3109 4432 3361 4502 accipio;
3395 4451 3415 4484 ι

1773 4523 1816 4578 D
1846 4549 1916 4589 ne
1950 4535 2208 4603 putarent
2235 4526 2529 4583 Dominum
2574 4540 2773 4596 reapse
2809 4540 2875 4580 ac
2927 4539 3059 4580 vere
3104 4537 3236 4593 erga
3280 4537 3421 4593 pra:-

1846 4638 2137 4681 cursorem
2163 4636 2232 4677 eo
2269 4619 2432 4676 modo
2463 4618 2602 4674 aﬂici
2641 4632 2751 4687 quo
2792 4616 2941 4686 loqui
2971 4615 3286 4677 videbatur,
3314 4612 3421 4667 uti-

1843 4711 2477 4783 literimpraesentiarum
2508 4707 2785 4776 signiﬁcat
2814 4705 2953 4761 nihil
3002 4719 3033 4757 a
3079 4719 3140 4759 se
3172 4702 3323 4773 loqui
3353 4702 3423 4757 de

1841 4808 1989 4878 ipso,
2030 4802 2127 4861 sed
2160 4816 2292 4857 voce
2328 4799 2531 4854 Patris.
2574 4797 2810 4853 Putabat
2844 4796 2990 4853 enim
3017 4794 3112 4852 Dei
3143 4810 3210 4850 ac
3239 4794 3419 4848 Patris

1839 4905 1985 4953 metu
2025 4893 2373 4965 potissimum
2408 4904 2733 4960 persuasum
2764 4888 2835 4942 iri
2884 4902 2983 4943 eos
3012 4886 3108 4956 qui
3130 4882 3418 4940 contradi-

1844 4994 2054 5049 Ccrent,
2110 4992 2205 5038 aut
2245 4990 2402 5038 certe
2447 4979 2700 5051 apertius
2750 4978 2972 5033 demum
3020 4975 3297 5047 proditum
3350 4972 3419 5027 iri

1847 5075 1940 5130 Dei
1968 5079 2178 5138 hostes,
2209 5081 2271 5128 ut
2293 5072 2386 5142 qui
2422 5070 2517 5127 Dei
2553 5085 2618 5126 ac
2647 5070 2825 5124 Patris
2859 5066 3211 5123 sermonibus
3238 5065 3419 5133 impu-

1843 5167 2034 5221 denter
2065 5165 2501 5235 rel‘ragarentur.
2539 5181 2558 5214 ι
2613 5160 2744 5215 Erat
2787 5157 2952 5229 25.9
2982 5156 3170 5226 igitur,
3217 5155 3420 5224 inquit,

1843 5258 1932 5312 ille
1953 5258 2179 5312 lucerna
2210 5275 2223 5310 :
2250 5271 2349 5311 vos
2369 5264 2551 5311 autem
2568 5252 2818 5307 voluistis
2840 5249 2910 5304 ad
2932 5249 3126 5304 horam
3144 5247 3421 5303 exsultare

1845 5350 1902 5405 in
1933 5350 2053 5405 luce
2077 5349 2250 5417 ejus»
2271 5346 2575 5402 Ostendere
2604 5342 2808 5413 quippe
2836 5339 3067 5396 decebat
3095 5354 3206 5395 non
3238 5338 3418 5394 solum

1846 5455 1876 5495 a
1905 5440 2039 5496 recti
2077 5437 2262 5493 studio
2318 5434 2627 5491 Pharisaaos
2680 5431 2843 5488 facile
2896 5430 3172 5497 deerrare,
3206 5435 3262 5483 et
3309 5442 3422 5498 prae

1845 5532 2015 5589 multa
2061 5530 2342 5600 impietate
2384 5526 2509 5583 lidei
2542 5526 2882 5581 voluntatem
2902 5530 3181 5586 excutere,
3213 5519 3312 5578 sed
3363 5526 3422 5572 et

184 5625 237 5677 οὗ
259 5626 410 5696 μόνον
436 5628 533 5682 τοῦ
562 5630 862 5700 πρέποντος
906 5630 1315 5700 ἁποφοιτῶντας
1350 5628 1611 5694 εὐκόλως,
1650 5630 1745 5681 καὶ

1850 5640 1946 5681 eos
1976 5624 2120 5678 leves
2162 5636 2227 5677 ac
2270 5618 2586 5675 fastidiosos
2621 5631 2762 5683 esse,
2794 5631 2896 5673 nec
2928 5616 3205 5672 ullatenus
3234 5610 3422 5669 studio

243 5799 477 5859 1“.loan.
510 5821 562 5871 v,
594 5805 681 5862 54.
760 5808 800 5839 ’ί
842 5806 998 5867 Joan.
1035 5823 1071 5874 ι,
1110 5808 1192 5863 16.
1271 5810 1314 5840 ⁸³
1354 5807 1497 5864 l‘sa..
1540 5820 1738 5870 cxxxt,
1783 5806 1867 5865 l7.
