4102 6530
685 444 791 502 δίοό

1598 437 1654 490 S.
1694 432 1970 495 CYRILLI
2003 433 2469 492 ALEXANDRlNl
2493 436 2812 494 ARCHIEP.
3792 451 3875 506 ως

688 562 961 617 bonorum
1010 556 1275 613 inhaerere
1337 552 1557 617 solitos',
1602 553 1699 609 sed
1742 552 1834 608 vix
1879 551 2143 623 gustatis.
2201 556 2308 613 οιΑ

2286 556 2330 614 Δ
2355 554 2444 609 διά
2469 556 2668 628 πολλὴν
2697 556 3018 630 ἀνοσιότητα
3047 558 3280 628 τρόπων,
3317 557 3382 611 τὸ
3417 556 3661 629 ἐθελῆσαι
3698 565 3876 618 πιστευ-

688 652 876 709 verbis
929 659 1092 706 tenus
1147 647 1383 702 laudatis
1416 645 1624 702 sanctis
1654 644 1990 707 hominibus,
2021 658 2129 698 non
2158 658 2254 697 ve-

691 745 798 800 reri
835 742 1016 799 statim
1052 742 1190 796 alios
1214 738 1449 794 allectus
1499 751 1720 807 capere.
1765 734 1879 790 Hoc
1929 735 2075 790 enim
2109 734 2258 787 arbi-

691 845 806 889 tror
845 831 1141 904 signiﬁcari
1175 845 1300 885 cum
1339 828 1604 883 dicuntur
1637 826 1706 881 ad
1742 825 1933 881 horam
1979 823 2256 879 exsultare

694 925 935 981 voluisse
957 923 1015 978 in
1060 923 1182 977 luce
1211 922 1356 992 ejus.
1390 918 1773 987 Suspiciebant
1804 915 1949 972 enim
1983 913 2259 985 principio

693 1027 944 1072 sanetum
991 1014 1321 1084 Baptistam,
1379 1019 1438 1065 ut
1489 1010 1546 1064 in
1588 1008 1754 1064 rebus
1796 1007 1997 1062 divinis
2037 1004 2261 1061 assidue

692 1113 1041 1170 versantem,
1073 1113 1135 1159 ut
1175 1102 1269 1158 Dei
1334 1108 1631 1161 amantem,
1695 1106 1752 1153 ut
1801 1097 2022 1169 pietatis
2072 1095 2255 1151 omnis

691 1195 1037 1266 exemplum;
1072 1192 1167 1249 sed
1202 1191 1294 1262 qui
1317 1206 1440 1246 eum
1467 1189 1859 1260 suspiciebant.
1891 1186 2053 1242 iidem
2079 1186 2258 1254 ipsum

693 1288 880 1343 denuo
918 1286 1278 1348 insectantur,
1319 1296 1423 1336 nec
1471 1281 1616 1335 ferre
1657 1285 1891 1349 possunt
1932 1275 2205 1331 dicentem
2243 1290 2258 1329 :

701 1396 719 1430 ι
755 1375 950 1431 Parate
986 1374 1126 1429 viam
1170 1372 1407 1436 Domini,
1451 1380 1628 1425 rectas
1675 1367 1843 1423 facite
1887 1366 2112 1421 semitas
2166 1363 2260 1419 Dei

694 1465 947 1523 nostri”.
986 1482 1011 1517 ι.
1044 1462 1161 1518 Iloc
1206 1461 1352 1516 enim
1386 1459 1584 1531 utique
1629 1458 1808 1513 facere
1840 1472 1936 1527 per
1962 1454 2262 1510 increduli-

695 1566 861 1613 tatem
906 1555 1337 1624 comperiuntur.
1383 1551 1503 1607 Jam
1529 1567 1697 1623 ergo,
1740 1559 1798 1605 ut
1826 1549 2087 1613 arbitror,
2132 1548 2261 1601 trita

693 1656 746 1702 et
787 1645 1041 1703 familiari
1074 1645 1179 1699 loci
1208 1643 1373 1712 hujus
1419 1641 1725 1713 exponendi
1761 1642 1975 1696 ratione
2019 1647 2258 1703 servata,

692 1739 815 1808 ejus
852 1737 1179 1794 sententiam
1208 1750 1307 1806 pro
1343 1734 1491 1789 virili
1531 1734 1945 1804 explicavimus.
1974 1731 2081 1789 Sed
2122 1748 2264 1803 quo-

694 1829 841 1883 niam
887 1826 1193 1882 Salvatoris
1222 1825 1401 1880 oratio
1427 1824 1499 1880 ad
1537 1826 1680 1880 altos
1711 1824 1883 1879 animi
1913 1838 2110 1879 sensus
2157 1837 2259 1878 nos

696 1926 880 1981 vocat,
906 1926 1070 1986 atque
1094 1915 1162 1970 ad
1195 1915 1517 1971 subtiliores
1545 1922 1846 1985 conceptus
1864 1913 2259 1985 propemodum

695 2025 799 2065 nos
836 2008 1056 2077 adigere
1082 2006 1320 2071 videtttr,
1350 2021 1462 2061 non
1492 2006 1815 2076 simpliciter
1837 2006 2118 2061 lucernam
2140 2019 2263 2060 esse

695 2099 965 2157 Joannem
990 2099 1338 2171 significans,
1372 2097 1466 2154 sed
1520 2096 1804 2153 ardentem
1877 2104 1932 2153 et
1964 2096 2262 2160 lucentem,

697 2190 1073 2248 necessarium
1102 2190 1509 2253 existimamus,
1540 2188 1818 2244 dictorum
1853 2188 1907 2242 vi
1956 2195 2010 2242 et
2052 2187 2266 2242 ratione

698 2282 902 2339 acriori
932 2282 1136 2338 mentis
1168 2282 1287 2336 acie
1315 2288 1602 2353 perspecta
1623 2318 1638 2344 ,
1668 2278 2133 2351 pulchritudinem
2169 2294 2265 2333 ve-

695 2371 884 2428 ritatis
910 2371 1191 2441 indagare.
1234 2370 1439 2425 Locum
1473 2377 1654 2425 autem
1701 2370 1878 2438 ipsum
1908 2368 2090 2422 denuo
2142 2382 2267 2437 pro-

697 2462 962 2518 feremus.
999 2480 1023 2512 ι
1058 2461 1151 2515 llle
1174 2468 1298 2516 erat
1334 2460 1582 2526 lucerna,
1611 2477 1630 2511 ι
1686 2457 1889 2529 inquit.
1946 2456 2267 2511 Sulliciebat

698 2551 785 2605 vel
817 2554 921 2604 hoc
951 2565 1145 2613 unum,
1195 2548 1265 2603 ad
1319 2547 1738 2619 signiﬁcandum
1789 2554 2042 2602 sanctum
2089 2545 2270 2615 Bapti-

700 2650 842 2697 stam
878 2638 1058 2696 :adeo
1107 2646 1167 2693 ut
1206 2638 1485 2695 auditores
1532 2638 1602 2695 atl
1653 2638 1971 2692 memoriam
2023 2638 2267 2691 revocari

702 2740 927 2801 possent
956 2731 1095 2801 ejus,
1125 2745 1249 2801 quae
1275 2728 1342 2785 de
1365 2731 1487 2800 ipso
1539 2730 1685 2783 facta
1712 2734 1817 2792 est,
1854 2727 2174 2797 prophetiae,
2211 2726 2268 2781 in

701 2823 851 2876 hunc
880 2822 1100 2877 modum
1139 2839 1155 2878 :
1192 2840 1211 2874 ι
1248 2820 1443 2877 Paravi
1478 2821 1767 2877 lucernam
1799 2819 2024 2875 Christo
2052 2833 2194 2873 meo.
2245 2837 2264 2870 ι

697 2911 835 2967 Cum
878 2919 1059 2967 autem
1104 2927 1216 2967 non
1276 2921 1489 2981 tantum
1549 2913 1827 2966 «lucerna
1871 2929 1890 2962 ι
1943 2911 2114 2973 dicat,
2173 2908 2269 2964 sed

699 3002 957 3073 adjiciat,
1021 3021 1041 3055 ι
1081 3003 1280 3059 ardens
1308 3011 1364 3059 et
1406 3004 1593 3059 lucens
1632 3045 1646 3069 ,
1685 3020 1703 3055 ι
1733 3009 1884 3073 patet
1920 3002 2109 3071 utique
2157 3016 2269 3057 non

700 3094 769 3151 ad
800 3095 1078 3165 prophetae
1120 3110 1313 3151 vocem
1349 3094 1614 3150 duntaxat
1646 3094 1953 3150 auditorem
1982 3094 2265 3159 revocari,

2356 662 2438 698 ειν
2483 645 2883 718 ἐξωθουμένους
2922 647 3199 714 ἀποδεῖξαι
3231 649 3359 711 τούς
3394 649 3729 719 Φαρισαίους,
3771 653 3878 709 ἀλλὰ

2356 738 2450 790 καὶ
2476 735 2769 809 ἀψικόρους
2799 738 2958 801 ὄντας
2986 736 3248 807 ἐλέγχειν,
3280 738 3375 791 καὶ
3398 736 3759 808 προσεδρεύειν
3802 743 3877 811 ph

2355 828 2421 897 τῇ
2470 826 2652 895 ἐφέσει
2697 828 2805 883 τῶν
2838 827 3058 897 ἀγαθῶν
3106 827 3405 898 οὐδαμόθεν
3466 828 3876 898 κατειθισμένους.

2358 919 2802 989 ἀπογευομένους
2853 920 2911 973 δὲ
2970 920 3158 990 μόλις,
3220 920 3314 973 καὶ
3388 920 3515 973 ὅσον
3571 920 3627 972 ἐν
3679 921 3877 991 ῥήμασιν

2357 1009 2749 1074 ἐπαινέσαντας
2806 1010 2966 1080 μόνον
3015 1011 3164 1074 τοὺς,
3204 1010 3362 1081 οῖπερ
3416 1009 3483 1063 ἂν
3528 1007 3724 1075 δόξειαν
3771 1010 3879 1069 εἶναι

2361 1101 2569 1166 σεπτοὶ,
2599 1104 2739 1171 ταχὺ
2768 1101 2904 1173 πρὸς
2926 1105 3025 1170 τὴν
3051 1100 3294 1154 ἐναντίαν
3322 1098 3438 1165 ἐξιν
3474 1104 3785 1173 μεταχωρεῖν
3803 1108 3880 1162 οὐκ

2359 1192 2804 1262 αἰσχυνομένους.
2831 1191 3001 1245 Τοῦτο
3028 1193 3137 1263 γὰρ
3164 1186 3319 1262 οἶμαι
3354 1191 3657 1262 σημαίνειν,
3708 1193 3761 1246 τὸ
3791 1196 3881 1249 ἑθε-

2360 1282 2523 1350 λῆσαι
2554 1282 2689 1354 πρὸς
2713 1283 2861 1352 ὥραν
2889 1282 3317 1352 ἀγαλλιασθῆναι
3357 1283 3416 1335 ἐν
3447 1281 3526 1351 τῷ
3571 1283 3700 1351 φωτὶ
3732 1285 3879 1343 αὐτοῦ.

2374 1373 2787 1445 ’Δπεθαύμαζον
2829 1374 2927 1445 μὲν
2960 1374 3070 1446 γὰρ
3107 1375 3164 1426 ἐν
3197 1374 3395 1445 ἀρχαῖς
3414 1372 3508 1427 τὸν
3541 1373 3688 1441 ἇγιον
3716 1375 3880 1428 Βαπτι-

2364 1463 2514 1536 στὴν,
2542 1465 2619 1529 ὡς
2639 1465 2905 1537 ἀσκητὴν,
2948 1466 3024 1528 ὡς
3053 1464 3314 1533 φιλόθεον,
3357 1464 3435 1527 ὡς
3468 1463 3738 1530 εὐλαϐείας
3774 1467 3883 1521 ἀπά-

2365 1573 2464 1626 σης
2486 1556 2873 1627 ὑπογραμμὸν,
2909 1556 3024 1609 ἀλλ’
3049 1558 3098 1609 οῖ
3131 1556 3402 1627 τιμῶντες
3429 1553 3508 1625 τῷ
3538 1554 3779 1626 θαύματι,
3803 1559 3885 1611 πὰ-

2363 1648 2447 1700 λιν
2479 1646 2808 1718 ὑϐρίζουσιν,
2838 1648 2938 1701 οὐκ
2965 1648 3279 1717 ἀνεχόμενοι
3311 1646 3565 1716 λέγοντος
3595 1665 3609 1679 ⁸
3644 1666 3662 1700 ι
3680 1647 3885 1722 Ἑτοιμά-

2367 1755 2495 1792 σατε
2520 1738 2617 1810 τὴν
2665 1739 2783 1792 ὁδὸν
2807 1740 3031 1810 Κυρίου,
3078 1739 3294 1802 εὐθείας
3326 1742 3535 1792 ποιεῖτε
3577 1740 3673 1804 τὰς
3710 1742 3885 1812 τρίϐους

2365 1829 2457 1881 τοῦ
2485 1827 2622 1882 Θεοῦ
2651 1828 2826 1899 ἡμῶν.
2859 1848 2877 1880 ι
2909 1827 3078 1882 Τοὺτο
3098 1828 3208 1901 γὰρ
3231 1828 3296 1901 δὴ
3320 1830 3418 1882 καὶ
3442 1828 3713 1895 ποιοῦντες
3736 1833 3887 1902 σαφῶς

2365 1918 2452 1973 διὰ
2472 1921 2570 1991 τῆς
2591 1918 2872 1983 ἀπειθείας
2892 1919 3221 1974 ἁλίσκονται.
3239 1920 3382 1990 Ἤδη
3418 1920 3517 1991 μὲν
3546 1915 3655 1985 οὖν,
3680 1922 3887 1994 καθάπερ

2364 2010 2767 2081 ὑπολαμϐάνω,
2813 2010 2904 2064 τὸν
2960 2009 3186 2082 εὐτριϐἦ
3226 2010 3321 2063 καῖ⁸
3369 2009 3765 2081 κατειθισμένον
3803 2016 3888 2076 τοῖς

2366 2102 2578 2166 πολλοῖς
2596 2102 2697 2173 τῆς
2723 2102 3015 2173 ἑρμηνείας
3044 2101 3244 2173 τρόπον
3271 2099 3369 2154 τοῦ
3394 2103 3741 2173 προκειμένου
3759 2106 3888 2176 τηρή-

2367 2211 2577 2258 σαντες,
2618 2194 2717 2263 τὴν
2769 2194 2854 2246 ἐπ’
2902 2192 3051 2262 αὐτῷ
3105 2192 3359 2264 θεωρίαν,
3406 2192 3546 2246 κατά
3581 2193 3673 2263 τὴν
3708 2193 3888 2248 ἐνοῦσαν

2366 2288 2496 2356 ἡμῖν
2527 2285 2820 2356 ἐξεθέμεθα
2839 2284 3087 2356 δύναμιν.
3134 2284 3354 2355 Ἐπειδὴ
3397 2284 3454 2337 δὲ
3499 2284 3590 2338 τοῦ
3632 2285 3888 2357 Σωτῆροςό

2366 2378 2545 2446 λόγος,
2561 2379 2640 2441 είς
2658 2376 2879 2448 βαθείας
2897 2377 3043 2448 ἡμᾶς
3060 2376 3391 2430 κατατείνων
3416 2375 3621 2437 ἐννοίας
3639 2376 3725 2428 καὶ
3739 2393 3890 2447 πικρο-

2368 2469 2546 2539 τέρων
2577 2467 2817 2537 ἅψασθαι
2868 2466 3156 2538 νοημάτων
3188 2465 3474 2537 μονονουχὶ
3499 2465 3592 2520 καὶ
3627 2467 3889 2534 ἐπαναγκά-

2369 2559 2479 2624 ζων
2512 2561 2726 2630 ὁρᾶται,
2761 2559 2859 2628 οὐχ
2887 2556 3075 2621 ἁπλῶς
3102 2557 3183 2611 ὅτι
3226 2555 3421 2627 λύχνος
3448 2552 3516 2627 ἦν
3556 2556 3785 2625 Ἰωάννης
3817 2571 3891 2624 cr;

2372 2651 2599 2722 μαίνων,
2617 2651 2732 2706 ἀλλ’
2765 2652 2847 2705 ὅτι
2878 2650 2972 2705 καὶ
2998 2651 3304 2721 καιόμενος,
3354 2649 3452 2702 καὶ
3498 2648 3712 2719 φαίνων·
3762 2649 3889 2712 ἀναγο

2369 2746 2519 2797 καῖον
2538 2742 2672 2813 ήγού
2682 2741 2842 2812 μεθα,
2877 2740 3282 2812 προσϐαλόντας
3307 2739 3705 2809 ὀξυωπέστερον
3726 2741 3782 2809 τῇ
3807 2739 3892 2792 τῶν

2370 2830 2674 2903 εἰρημένων
2699 2831 2950 2901 δυνάμει,
2981 2830 3079 2900 τῆς
3112 2829 3371 2900 ἀληθείας
3400 2828 3463 2881 τὸ
3509 2828 3693 2892 κάλλος
3716 2825 3891 2898 ίχνηλα·

2369 2924 2501 2975 τεῖν.
2530 2920 2672 2974 Αὐτὸ
2704 2921 2760 2974 δὲ
2791 2920 2855 2991 δὴ
2877 2919 3036 2973 πάλιν
3060 2920 3140 2983 είς
3165 2918 3327 2989 μέσον
3356 2920 3493 2988 ἡμῖν
3518 2917 3888 2987 παροισθὴσεται

2369 3013 2430 3067 τὸ
2457 3011 2618 3084 ῥητόν
2642 3028 2655 3041 ·
2685 3029 2704 3063 ι
2752 3012 2987 3074 Ἐκεῖνος
3005 3006 3074 3081 ἦν
3102 3011 3129 3064 ὁ
3157 3010 3369 3080 λύχνος,
3414 3028 3432 3059 ι
3467 3008 3644 3079 φησίν.
3684 3007 3888 3078 Ἐξηρκει

2375 3107 2470 3159 καὶ
2495 3105 2585 3158 διὰ
2625 3103 2814 3157 τούτου
2859 3102 3019 3174 μόνου
3067 3103 3457 3173 κατασημῆναι
3496 3102 3585 3155 τὸν
3638 3100 3773 3169 ἅγιον
3808 3100 3889 3152 Βα-

701 3185 797 3241 sed
819 3185 985 3241 etiam
1012 3185 1083 3240 ad
1109 3192 1295 3257 typum
1337 3186 1629 3257 quemdam
1670 3186 1947 3255 legalemJ
1967 3186 2087 3256 qui,
2124 3187 2271 3242 velut
2300 3202 2321 3259 (

2269 3202 2345 3259 ιο
2374 3196 2639 3267 πτιστὴν,
2681 3195 2820 3248 ὥστε
2869 3193 2964 3247 καὶ
3007 3194 3083 3257 είς
3120 3192 3332 3246 ἔννοιαν
3383 3193 3512 3256 τούς
3565 3190 3889 3263 ἀκροωμένους

702 3275 984 3331 ἱιιηιιωιιηι
1007 3282 1062 3331 et
1094 3276 1293 3347 figura,
1327 3274 1597 3331 Joannem
1648 3274 1823 3331 facem
1866 3275 2268 3347 praeferentem.

702 3368 811 3423 hoc
829 3375 915 3423 est
949 3368 1325 3423 testimonium
1373 3367 1443 3423 de
1477 3365 1699 3423 Christo
1720 3366 1955 3422 Domino
1982 3367 2275 3437 perhiben-

704 3468 836 3527 tem,
864 3461 1332 3530 pramonstrabat.
1368 3460 1609 3516 Rursum
1641 3467 1821 3516 autem
1855 3460 2163 3517 Pharisaeos
2181 3459 2275 3530 qui

705 3551 844 3607 falsa
896 3553 1259 3623 persuasione
1301 3553 1586 3623 sapientiae
1629 3552 1802 3608 inﬂati
1856 3561 2052 3619 erant,
2091 3560 2278 3623 utpote

703 3644 803 3713 qui
832 3643 887 3697 in
919 3644 1142 3714 scriptis
1188 3643 1446 3701 Mosaicis
1496 3644 1719 3702 assidue
1759 3653 2135 3711 versarentur,
2184 3661 2277 3702 os-

706 3733 882 3789 tendit
919 3734 1206 3805 imperitos
1233 3751 1379 3802 esse,
1413 3745 1467 3793 et
1502 3738 1761 3807 opinione
1788 3739 1971 3808 potius
2003 3738 2278 3809 sapientes

705 3841 869 3895 quam
898 3826 1033 3898 legis
1067 3829 1299 3898 peritos.
1334 3827 1434 3883 Hic
1476 3828 1662 3899 itaque
1692 3829 1863 3884 totius
1885 3830 2155 3885 orationis
2183 3830 2281 3885 hu-

700 3914 794 3983 jus
822 3928 1023 3984 scopus
1050 3923 1154 3970 est.
1193 3915 1459 3972 Existimo
1485 3932 1637 3981 vero,
1656 3918 1777 3988 ipso
1805 3932 2024 3989 quoque
2052 3920 2281 3976 oraculo

705 4005 895 4061 divino
921 4006 981 4061 in
1009 4007 1249 4063 medium
1283 4007 1447 4078 25o
1466 4009 1701 4078 prolato,
1736 4010 2139 4066 ostendendum
2165 4011 2279 4082 jam

707 4097 867 4152 nobis
901 4112 1046 4163 esse,
1081 4096 1301 4152 beatum
1332 4097 1633 4168 Baptistam
1665 4116 1774 4156 non
1826 4101 2109 4157 lucernam
2143 4104 2279 4159 sim-

708 4187 927 4260 pliciter
954 4203 1098 4251 esse,
1129 4189 1226 4244 sed
1253 4197 1307 4244 et
1338 4189 1623 4244 ardentem
1666 4199 1721 4245 et
1767 4190 2073 4246 lucentem.
2136 4191 2275 4248 Cum

706 4294 841 4349 ergo
865 4278 1011 4335 Deus
1048 4296 1171 4351 qua:
1217 4279 1285 4335 ad
1330 4287 1583 4336 sanctum
1636 4280 2054 4336 tabernaculum
2106 4284 2279 4353 perti-

708 4376 842 4425 nent
884 4377 1170 4435 statueret,
1208 4368 1471 4441 perfectis
1501 4370 1691 4426 aulaeis
1721 4369 1931 4433 decem,
1991 4387 2276 4428 sacrorum

708 4462 1015 4517 antistitem
1042 4460 1281 4532 lloysem
1316 4461 1397 4517 sic
1425 4461 1727 4531 alloquitur
1753 4478 1767 4515 :
1798 4482 1818 4514 ι
1857 4461 1925 4517 Ει
1951 4470 2009 4517 ιιι
2042 4465 2279 4535 praecipe

710 4553 845 4608 ﬁliis
872 4551 1063 4616 Israel,
1105 4563 1160 4609 et
1184 4562 1405 4609 sumant
1456 4552 1561 4610 sibi
1596 4554 1775 4608 oleum
1806 4553 1872 4609 de
1904 4554 2084 4619 olivis,
2117 4570 2278 4610 mun-
2311 4534 2356 4590 Ῐ)

707 4640 864 4706 dum,
898 4656 1121 4712 purum,
1146 4656 1470 4711 expressum
1513 4641 1585 4695 ad
1610 4642 1816 4709 lumen,
1856 4653 1914 4699 ut
1975 4643 2166 4699 ardeat
2193 4642 2277 4698 lu-

707 4745 875 4785 cerna
908 4744 1127 4801 semper
1154 4731 1207 4785 in
1238 4730 1604 4786 tabernaculo
1635 4732 1959 4798 testimonii,
2007 4743 2162 4789 extra
2187 4750 2279 4790 ve-

709 4823 819 4876 lum
847 4823 1182 4878 testamenti.
1210 4822 1483 4878 Accendet
1507 4836 1626 4877 eam
1655 4823 1837 4878 Aaron
1871 4832 1925 4879 et
1958 4824 2051 4879 filii
2081 4825 2220 4895 ejus,
2249 4840 2280 4879 a

709 4927 938 4983 vespera
966 4927 1144 4983 usque
1170 4913 1243 4966 ad
1272 4926 1453 4977 mane,
1487 4927 1671 4968 coram
1696 4912 1949 4979 Domino,
1975 4914 2279 4986 legitimum

711 5004 1107 5072 sempiternum
1138 5003 1195 5057 in
1234 5005 1522 5073 progenies
1549 5013 1766 5060 vestras
1823 5020 1855 5059 a
1913 5005 2041 5062 llliis
2090 5005 2279 5061 Israel.

711 5093 777 5146 Et
815 5103 870 5148 tu
891 5092 1073 5149 adduc
1105 5095 1175 5149 ad
1214 5096 1450 5165 teipsum
1478 5094 1660 5150 Aaron
1719 5096 1946 5153 fratrem
2001 5106 2176 5161 tuum,
2231 5105 2285 5152 et

711 5184 857 5240 ﬁlios
891 5185 1015 5253 ejus
1043 5200 1110 5241 ex
1143 5184 1269 5239 ﬁliis
1300 5183 1467 5240 Israel
1497 5226 1511 5250 ,
1555 5193 1614 5239 ut
1643 5186 1779 5241 mihi
1810 5187 2126 5243 sacerdotio
2155 5186 2282 5241 fun-

710 5277 991 5345 gantur“.
1050 5296 1073 5329 ι
1137 5275 1416 5333 Hactenus
1471 5277 1720 5333 divinum
1785 5280 2091 5345 oraculum,
2134 5280 2280 5350 quod

707 5365 823 5435 jam
864 5366 1023 5422 nobis
1075 5367 1259 5437 quoad
1328 5367 1442 5422 fieri
1502 5378 1685 5439 potest
1745 5370 2131 5439 explicandum
2176 5381 2280 5427 est.

714 5454 908 5511 Oleum
961 5456 1287 5513 defaecatum
1334 5473 1399 5513 ac.
1443 5475 1640 5530 purum
1697 5460 2010 5531 significare
2066 5462 2287 5519 videtur

627 5580 631 5584 ~
714 5546 1070 5615 purissimam
1111 5558 1166 5604 et
1192 5550 1659 5620 simplicissimam
1699 5554 1939 5625 Spiritus
1970 5557 2147 5613 sancti
2186 5574 2277 5612 na.

717 5644 921 5702 turam,
957 5652 1080 5707 quae
1098 5637 1359 5695 ineﬂ'abili
1387 5641 1550 5696 modo
1604 5642 1779 5698 instar
1810 5644 1918 5699 olei
1957 5660 2062 5702 nos
2116 5662 2282 5718 pcne-

793 5816 841 5855 "
880 5816 984 5875 lsa.
1031 5834 1126 5887 XL,
1171 5821 1224 5876 '5.
1301 5823 1345 5855 ”
1384 5820 1560 5879 Levit.
1596 5839 1744 5889 xxiv,
1778 5823 1893 5880 1-9.

2375 3288 2708 3358 ἀναδραμεῖν
2746 3285 2844 3356 τῆς
2890 3285 3020 3356 περὶ
3074 3284 3238 3339 αὑτοῦ
3289 3283 3654 3357 προφητείας,
3707 3281 3891 3352 ἐχούεης

2375 3370 2476 3428 ὧδε
2501 3392 2515 3407 ·
2553 3394 2570 3426 ι
2596 3374 2895 3445 Ἠτοίμασα
2920 3374 3112 3444 λύχνον
3140 3372 3219 3443 τῷ
3244 3372 3469 3445 Χριστῷ
3495 3390 3612 3443 μου.
3653 3390 3670 3424 ι
3714 3369 3891 3439 Ἐπειδὴ

2376 3468 2433 3522 δὲ
2458 3465 2779 3539 προστίθησι
2823 3465 2901 3536 τῷ
2947 3484 2966 3517 ι
3006 3464 3198 3535 λύχνον
3232 3482 3251 3515 ι
3287 3465 3488 3527 είπεῖν,
3526 3483 3544 3515 ι
3581 3463 3607 3514 ό
3635 3462 3890 3532 καιόμενος,

2378 3562 2472 3614 καὶ
2497 3558 2724 3627 φαίνων,
2760 3575 2779 3609 ι
2812 3556 2971 3627 δῆλος
3016 3555 3081 3609 ἂν
3111 3556 3198 3625 εἴη
3223 3555 3492 3627 δήπουθεν
3530 3556 3627 3607 οὐκ
3669 3554 3741 3616 είς
3761 3551 3892 3623 μόνην

2378 3652 2477 3723 τὴν
2521 3650 2616 3703 τοῦ
2659 3648 2939 3719 προφήτου
2971 3648 3154 3719 φωνὴν
3199 3646 3491 3716 ἀναφέρων
3518 3646 3606 3697 τὸν
3650 3643 3891 3715 ἀκροατὴν,

2379 3739 2515 3796 ἀλλά
2543 3739 2637 3793 καὶ
2675 3740 2753 3801 είς
2784 3737 3015 3808 νομικὴν
3058 3753 3177 3790 τινα
3208 3733 3564 3794 διατύπωσιν.
3608 3736 3677 3794 ὡς
3707 3732 3757 3784 ἐν
3794 3730 3893 3799 σχή-

2384 3846 2514 3902 ματι
2567 3827 2730 3883 πάλιν
2764 3827 2860 3881 καὶ
2899 3826 3027 3898 σκιᾷ
3050 3826 3149 3895 τὴν
3203 3825 3452 3878 Ἰωάννου
3494 3820 3758 3893 δᾳδουχίαν
3790 3834 3890 3890 προσ

2380 3923 2844 3981 αναπλάττουσαν,
2870 3921 2938 3991 ἢν
2971 3919 3151 3982 καλῶς
3174 3918 3471 3989 ἐποιήσατο
3500 3912 3822 3987 μαρτυρήσας
3835 3905 3892 3975 τῷ

2380 4010 2622 4081 Δεσπότῃ
2651 4008 2893 4081 Χριστῷ.
2930 4008 3019 4071 Ὣς
3058 4006 3114 4061 δὲ
3148 4010 3261 4071 τοῖς
3288 4007 3604 4068 Μωσαῖκοῖς
3628 3999 3893 4072 ὁμιλοῦντας

2379 4101 2559 4167 λόγοις
2591 4102 2685 4156 καὶ
2733 4100 2893 4155 τοῦτο
2927 4097 3216 4169 ἐνδελεχῶς
3247 4097 3374 4160 τοὺς
3413 4094 3742 4169 οίησίφρονας
3767 4090 3894 4159 Φαρι-

2383 4194 2567 4258 σαίους
2607 4192 2876 4263 ἐξελέγχει
2911 4191 3072 4245 πάλιν
3125 4188 3558 4260 ἀμαθαίνοντας,
3593 4184 3684 4238 καὶ
3719 4179 3891 4263 δοκησει

2384 4282 2582 4351 μᾶλλον
2608 4260 2776 4343 δντας
2796 4260 3017 4348 σοφοὺς,
3049 4279 3192 4350 ἥπερ
3219 4277 3381 4339 ὄντας
3409 4273 3739 4346 νομομαθεῖς.
3766 4260 3893 4326 Οὗτος

2384 4374 2484 4443 μὲν
2516 4367 2609 4425 οὖν
2654 4371 2875 4441 σύμπας
2916 4370 3064 4422 ἐστὶν
3097 4371 3125 4421 ὁ
3161 4367 3256 4421 τοῦ
3298 4367 3460 4435 λόγου
3496 4363 3705 4425 σκοπός.
3734 4361 3829 4412 Δεῖν
3849 4355 3893 4407 δὲ

2382 4465 2529 4535 ἡμᾶς
2569 4461 2952 4532 ἀναμφιλόγως
2980 4458 3365 4528 ὑπολαμϐάνω,
3400 4457 3495 4510 καὶ⁵
3543 4453 3602 4507 τὸ
3632 4451 3757 4505 θεῖον
3796 4446 3893 4535 αὐτὸ

2386 4534 2859 4625 παρακομίζοντας
2889 4550 3088 4617 λόγιον,
3122 4546 3482 4601 ἐπιδεικνύειν
3508 4544 3604 4615 ἤδη
3637 4542 3800 4610 λύχνον
3821 4534 3893 4601 οὐχ

2386 4648 2599 4711 ἁπλῶς,
2636 4646 2773 4700 ἀλλὰ
2800 4644 2894 4697 καὶ
2922 4641 3209 4712 καιόμενον
3244 4638 3337 4692 καὶ
3383 4636 3637 4707 φαίνοντα
3656 4632 3737 4685 τὸν
3760 4625 3895 4698 μακά·

2390 4756 2503 4810 ριον
2549 4734 2880 4805 Βαπτιστὴν.
2929 4734 3060 4786 Ὅτε
3112 4731 3292 4785 τοίνυν
3338 4728 3408 4781 τὰ
3470 4725 3597 4796 περὶ
3645 4723 3733 4791 τῆς
3772 4714 3895 4810 ἁγίας

2389 4806 2597 4901 σκηνῆς
2626 4827 2877 4881 διετύπου
2912 4824 3065 4888 Θεὸς,
3108 4822 3245 4893 μετά
3274 4821 3371 4892 τὴν
3401 4818 3633 4873 αὐλαίων
3675 4812 3768 4866 τῶν
3795 4806 3893 4901 δίκα

2389 4895 2783 4991 συμπλήρωσιν
2806 4960 2820 4984 ,
2870 4916 3017 4984 λέγει
3045 4913 3179 4985 πρὸς
3218 4912 3309 4966 τὸν
3359 4910 3676 4982 ἱεροφάντην
3703 4895 3891 4991 Μωσέα·

2393 5030 2412 5063 ι
2446 4983 2555 5065 Καὶ
2679 4983 3067 5072 σύνταξοντοῖς
3088 4983 3224 5066 υἱοῖς
3259 4999 3496 5073 Ἰσραὴλ,
3522 4997 3612 5051 καὶ
3637 4983 3896 5047 λαϐέτωσὼι

2389 5119 2472 5155 σοι
2488 5101 2663 5153 ἐλαιον
2686 5098 2747 5164 ἐξ
2766 5097 2982 5162 ἐλαίων,
3008 5096 3264 5166 ἄτρυγον,
3297 5088 3559 5161 καθαρὸν,
3588 5076 3892 5150 κεκομμένον,

2390 5194 2471 5255 εἰς
2496 5191 2610 5260 φῶς
2642 5189 2864 5253 καῦσαι,
2897 5190 2984 5242 ῖνα
3021 5185 3298 5257 καίηταιό
3332 5181 3525 5253 λύχνος
3552 5177 3637 5232 διὰ
3663 5170 3831 5231 παντὸς
3851 5166 3895 5217 ὲν

2386 5287 2454 5356 τῇ
2481 5284 2653 5354 σκηνῇ
2704 5280 2798 5334 τοῦ
2837 5276 3159 5350 μαρτυρίου,
3189 5274 3386 5343 ἔξωθεν
3414 5270 3509 5326 τοῦ
3534 5262 3895 5356 καταπετάσμαθ

2386 5348 2499 5439 τός,
2531 5348 2752 5428 τοῦ-’ἐπὶ
2797 5348 2898 5439 τῆς
2924 5348 3219 5439 διαθήκης.
3268 5363 3473 5420 Καύσει
3518 5360 3675 5416 αὐτὸν
3706 5348 3890 5420 ’Δαρὼνν

2391 5467 2485 5522 καὶ
2540 5466 2645 5519 utet
2694 5448 2895 5527 αὐτοῦ,
2952 5462 3058 5515 ἀπὸ
3103 5458 3340 5528 ἑσπέρας
3384 5457 3493 5517 ἕως
3535 5448 3672 5522 πρωτ
3701 5439 3892 5528 ἐναντίον

2391 5560 2616 5629 Κυρίου,
2646 5524 2890 5627 νόμιμον⁷
2911 5552 3128 5609 αἰώνιον
3161 5524 3253 5615 εἰς-
3275 5549 3372 5611 τὰς
3409 5542 3595 5615 γενεὰς
3615 5535 3753 5608 ὑμῶν
3775 5524 3891 5629 παρὰ

2389 5616 2497 5705 τῶν
2526 5616 2655 5706 aith
2683 5616 2917 5719 ’ῖσραήλ
2949 5647 3055 5700 Καὶ
3081 5644 3145 5697 σύ
3176 5636 3521 5714 προσαγάγοι)
3551 5629 3677 5701 πρὸς
3696 5616 3891 5679 amr“,
