4102 6530
238 407 350 465 403

1230 413 1295 470 ΙΝ
1330 412 1616 471 J'OANNIS
1652 413 2103 472 EVANGELIUM’
2138 418 2267 475 LIB.
2310 418 2393 474 Ill.

235 521 336 572 τόν
365 537 424 573 τε
455 521 658 592 Ἀαρὼν
680 521 770 576 τὸν
802 521 1026 592 ἀδελφόν
1051 540 1166 589 σου,
1196 526 1291 579 καὶ
1319 528 1443 591 τοὺς
1471 527 1620 590 υἱοὺς
1643 526 1807 579 αὐτοῦ

1913 533 2081 593 trans,
2110 530 2302 594 nutrit,
2337 534 2647 593 conservat,
2698 536 2753 585 et
2808 536 2994 600 auget,
3037 544 3145 584 non
3198 544 3360 585 secus
3416 545 3486 585 ac

238 613 307 664 ἐκ
341 611 452 665 τῶν
500 611 630 664 υίῶν
675 613 890 684 Ἰσραὴλ
929 614 1229 685 ἱερατεύειν
1259 634 1372 687 μοι.
1424 636 1443 668 ι
1482 617 1556 670 T6
1586 618 1684 688 μὲν
1720 612 1813 672 οὖν

237 699 390 754 θεῖον
419 700 598 770 λόγιον
637 702 696 755 ὲν
742 702 951 768 τούτοις
995 707 1126 775 ἡμῖν
1164 708 1372 761 ἑστάτω
1396 748 1409 772 ,
1450 708 1729 779 χωρητέον
1757 709 1813 762 δὲ

236 790 345 860 ῆδη
398 791 535 861 πρὸς
589 792 689 862 τὴν
742 791 1096 864 ὲνδεχομένην
1152 796 1451 865 σαφήνειαν
1502 797 1689 852 αὑτοῦ.
1740 798 1814 851 T6

236 882 429 938 ἔλαιον
461 885 522 938 τὸ
550 885 785 955 ἄτρυγον
813 902 872 939 τε
907 887 1002 939 καὶ
1028 887 1283 959 καθαρὸν,
1314 889 1488 942 ἔοικεν
1515 889 1814 959 ύποδηλοῦν

238 977 342 1047 τὴν
368 975 764 1047 καθαρωτάτην
793 978 887 1030 καὶ
907 976 1170 1031 ἀθόλωτον
1188 978 1281 1031 τοῦ
1307 978 1469 1043 ἁγίου
1497 980 1814 1051 Πνεύματος

235 1065 431 1132 φύσιν,
448 1066 571 1135 ἥτις
595 1065 654 1117 ὲν
680 1066 811 1135 ἡμῖν
834 1063 1012 1117 ελαίου
1040 1063 1195 1135 δίκην
1219 1066 1591 1137 άπερινοήτως
1612 1065 1816 1137 εἰστρέ-

237 1170 416 1223 {suae
453 1154 769 1226 ἀποτρέψει,
798 1154 891 1207 καὶ
924 1152 1136 1224 συνέχει
1163 1154 1255 1207 καὶ
1282 1153 1435 1222 αὔξει
1458 1154 1550 1209 τὸν
1582 1156 1642 1209 ἐν
1667 1156 1811 1227 ψυχῇ

236 1246 545 1316 φωτισμὸν,
576 1244 828 1316 καθάπερ
855 1246 911 1298 ὲν
939 1242 1117 1315 λύχνῳ
1144 1245 1417 1315 κείμενον.
1450 1245 1606 1299 Οὕτω
1631 1246 1687 1299 δὲ
1720 1246 1813 1299 καὶ

235 1336 331 1390 τὸν
384 1337 669 1392 θεσπέσιον
722 1336 1035 1408 Βαπτιστὴν
1092 1337 1192 1408 τῆς
1244 1337 1373 1410 περὶ
1421 1338 1513 1392 τοῦ
1562 1338 1814 1409 Σωτῆρος

237 1426 401 1497 ἡμῶν
430 1427 739 1500 μαρτυρίας
764 1428 824 1481 τὸ
857 1427 974 1497 φῶς
1006 1428 1281 1498 ἐκλάμψαι
1330 1429 1678 1500 πιστεύομεν,
1714 1430 1814 1483 οὐκ

236 1518 509 1591 ἑτέρωθεν
536 1521 634 1593 τὴν
661 1519 754 1574 τοῦ
779 1519 1040 1574 δύνασθαι
1070 1522 1424 1589 φωταγωγεῖν
1445 1521 1813 1590 κομισάμενον

236 1615 493 1685 δύναμιν,
521 1615 554 1685 ῆ
582 1613 669 1667 διὰ
688 1612 783 1666 τοῦ
806 1611 985 1666 ἐλαίου
1011 1612 1106 1665 τοῦ
1134 1612 1347 1684 νοητοῦ,
1374 1611 1615 1676 δυνατῶς
1636 1628 1696 1665 τε
1718 1612 1813 1665 καὶ

237 1704 565 1776 ἐπιτηδείως
608 1703 822 1774 ἔχοντος
875 1703 955 1765 είς
990 1701 1054 1754 τὸ
1095 1700 1212 1770 φῶς
1249 1701 1450 1755 καῦσαι
1496 1700 1556 1754 τὸ
1588 1699 1730 1755 θεῖον
1754 1702 1813 1754 ὲν

240 1800 398 1869 ἡμῖν,
429 1797 458 1849 6
478 1796 544 1867 δὴ
573 1795 670 1850 καὶ
691 1793 851 1857 αὐτὸς
878 1796 908 1848 6
934 1792 1126 1863 Σωτὴρ
1176 1791 1253 1853 ὡς
1286 1791 1344 1844 ὲν
1371 1790 1656 1862 αἰνίγματι
1680 1806 1813 1845 κατ-

239 1887 453 1959 εμηνύε
485 1887 677 1956 λέγων’
717 1904 735 1937 ι
766 1885 883 1957 Πῦρ
907 1880 1069 1955 ἦλθον
1090 1882 1272 1954 βαλεῖν
1299 1883 1394 1935 ἐπὶ
1433 1883 1532 1953 τὴν
1562 1882 1690 1952 γῆν,
1722 1883 1815 1936 καὶ

236 1979 293 2032 τί
336 1978 478 2034 θέλω
510 1980 560 2033 εί
596 1978 695 2049 ἤδη
728 1976 980 2048 ἀνήφθη;
1020 1994 1040 2027 ι
1089 1974 1293 2045 Λύχνος
1330 1969 1423 2027 οὖν
1451 1974 1527 2037 ὡς
1558 1973 1617 2027 ὲν
1659 1970 1815 2043 τύπῳ

236 2071 407 2126 πάλιν
442 2074 472 2125 6
504 2071 789 2140 καιόμενος
814 2108 829 2131 ,
884 2067 977 2124 καὶ
1024 2067 1230 2135 φαίνων
1274 2066 1361 2120 διά
1402 2065 1604 2130 παντὸς
1653 2066 1712 2119 ὲν
1742 2064 1812 2136 τῇ

240 2166 413 2235 σκηνῇ
446 2164 540 2217 τοῦ
573 2161 870 2233 μαρτυρίου
898 2162 925 2213 6
962 2158 1227 2229 μακάριος
1258 2152 1328 2229 ἦν
1346 2157 1673 2228 Βαπτιστής.
1704 2157 1815 2211 Καὶ

236 2254 299 2309 τὸ
344 2256 444 2326 μὲν
476 2258 534 2308 ὲν
567 2235 737 2324 σκηνῇ
771 2250 866 2304 τού
899 2251 1196 2322 μαρτυρίου
1231 2249 1443 2318 φαίνειν
1481 2248 1643 2303 αὐτὸν
1664 2289 1678 2312 ,
1716 2265 1815 2319 ση-

240 2345 428 2416 μαίνει
470 2342 568 2398 xui.
608 2341 809 2405 καλῶς,
838 2341 921 2393 ὅτι
954 2340 1139 2403 δεκτὸς
1173 2341 1231 2391 ὲν
1263 2337 1580 2409 ἐκκλησίαις
1607 2339 1637 2390 6
1678 2338 1811 2409 παρ’

235 2436 402 2492 αὑτοῦ
428 2433 736 2505 φωτισμὸς,
776 2432 869 2487 καὶ
902 2433 1003 2486 ούκ
1031 2430 1135 2496 ἔξω
1170 2431 1409 2484 κείσεται
1440 2429 1541 2499 τῆς
1574 2431 1724 2501 ἱερᾶς
1751 2446 1820 2483 τε·

237 2528 332 2582 καὶ
364 2525 517 2589 θείας
555 2524 648 2578 τοῦ
688 2524 939 2594 Σωτῆρος
986 2521 1176 2590 αὐλῆς.
1225 2520 1298 2574 Τό
1325 2538 1390 2589 γε
1433 2520 1539 2591 μὴν
1585 2520 1689 2585 ἔξω
1716 2519 1810 2574 τοῦ

236 2617 727 2687 καταπετάσματος
762 2613 993 2686 ὁρᾶσθαι
1033 2613 1123 2667 τὸν
1156 2613 1368 2683 λύχνον,
1403 2611 1581 2665 ἔοικεν
1609 2612 1813 2682 ὑποδη-

234 2707 385 2772 λοῦν,
405 2707 490 2759 ὅτι
512 2707 604 2759 τὸν
624 2704 893 2759 ἀπλούστε
903 2705 991 2775 ρόν
1010 2719 1070 2757 τε
1095 2703 1190 2757 καὶ
1205 2703 1564 2772 εἰσαγωγικδν
1587 2702 1811 2757 εἰσοίσει

237 2799 552 2871 φωτισμὸν,
618 2816 637 2850 ι
690 2799 1017 2853 Μετανοεῖτε
1042 2836 1057 2860 ,
1102 2796 1275 2865 λέγων
1301 2813 1316 2828 ·
1362 2797 1560 2867 ῆγγικε
1607 2797 1715 2868 γὰρ
1775 2800 1815 2870 ἡ

236 2892 487 2963 βασιλεία
512 2889 618 2944 τῶν
644 2890 910 2961 οὐρανῶν.
954 2908 973 2940 ι
1005 2888 1127 2943 Τῶν
1151 2888 1209 2942 δὲ
1243 2886 1351 2940 ἔσω
1368 2887 1463 2941 τοῦ
1493 2889 1810 2942 καταπετά-

235 2998 445 3055 σματος
469 2980 997 3051 ὰποκεκρυμμένων,
1017 2978 1217 3049 δηλαδὴ
1239 2977 1332 3032 τοῦ
1374 2978 1627 3049 Σωτῆρος
1651 2978 1814 3050 ἡμῶν

237 3074 589 3145 μυστηρίων,
640 3072 790 3125 οὐδὲν
841 3071 978 3134 ὅλως
1038 3071 1384 3126 ἐπιδεικνύει.
1417 3071 1492 3124 Οὐ
1535 3072 1644 3142 γάρ
1682 3071 1811 3126 ἔσάν

1845 1860 1887 1916 Β

235 3180 432 3219 πτισεν
487 3166 568 3228 είς
609 3162 900 3234 μετουσίαν
951 3162 1104 3231 ἁγίου
1135 3161 1485 3233 Πνεύματος,
1533 3162 1658 3216 οὐδὲ
1691 3164 1807 3217 είσ-
1835 3187 1879 3246 α

234 3255 469 3323 ήνεγκεν
519 3254 548 3305 6
601 3251 732 3322 παρ’
782 3249 946 3304 αὐτοῦ
1000 3251 1278 3320 φωτισμὸς
1329 3253 1408 3315 είς
1458 3251 1520 3304 τὸ
1556 3251 1664 3305 ἔσω
1712 3251 1808 3307 τοῦ

234 3341 747 3412 καταπετάσματος.
798 3337 907 3396 Ἷιν
958 3341 1068 3411 γὰρ
1112 3343 1205 3395 ἐπὶ
1263 3342 1365 3412 τῆς
1421 3341 1525 3406 ἐξω
1581 3344 1807 3414 σκηνῆς,

239 3452 262 3487 ι
317 3434 419 3504 τῆς
470 3432 700 3505 ἐχούσης
757 3432 838 3488 ἔτι
875 3432 975 3503 τὴν
1033 3434 1242 3499 στάσιν,
1299 3453 1318 3485 ι
1367 3433 1510 3488 κατὰ
1559 3433 1659 3505 τὴν
1716 3433 1809 3488 τοῦ

235 3523 455 3578 Παύλου
493 3524 698 3595 φωνήν.
764 3522 982 3594 Ἐπειδὴ
1027 3523 1084 3577 δέ
1127 3524 1323 3594 φησιν,
1372 3524 1453 3576 ὃτι
1490 3542 1509 3574 ι
1549 3525 1643 3578 καὶ
1670 3523 1809 3577 καύ-

236 3632 321 3670 σει
352 3616 513 3671 αὐτὸν
556 3615 786 3687 Ἀαρὼν,
814 3616 908 3669 καὶ
930 3616 1037 3668 υἱοὶ
1073 3614 1260 3679 αὑτοῦ,
1298 3615 1407 3669 ἀπὸ
1434 3616 1676 3685 ἑσπέρας
1704 3617 1811 3681 ἕως

233 3707 382 3778 πρωῒ
423 3706 663 3760 ἐναντίον
700 3707 930 3777 Κυρίου,
962 3707 1193 3777 νόμιμον
1220 3707 1437 3762 αἰώνιον
1472 3710 1552 3771 είς
1589 3709 1686 3773 τὰς
1714 3726 1810 3777 γε-

232 3796 363 3860 νεάς
387 3796 561 3865 ὑμῶν,
593 3818 612 3847 ι
644 3795 868 3850 τοιῶσδε
912 3796 1071 3850 πάλιν
1110 3797 1298 3867 νοῆσαι
1329 3798 1629 3869 προσήκειν
1656 3798 1810 3869 οἶμαι

231 3890 293 3945 τὸ
324 3888 632 3961 εἰρημένον.
662 3888 872 3959 ’Δαρὼν
905 3890 995 3944 καὶ
1026 3891 1075 3943 oi
1108 3891 1213 3944 υίοὶ
1240 3890 1430 3955 αὑτοῦ,
1457 3892 1581 3955 τοὺς
1606 3894 1665 3947 ὲν
1689 3897 1811 3959 ταῖς

230 3980 554 4055 ἐκκλησίαις
595 3981 739 4035 κατὰ
780 3981 971 4053 καιρὸν
1035 3982 1450 4053 ίερουργοῦντας
1501 3984 1810 4056 ὑποσημαί-

229 4089 406 4137 νουσι,
432 4072 676 4125 τουτέστι
702 4071 827 4135 τοὺς
855 4073 912 4123 ὲν
941 4071 1130 4135 αὐταῖς
1161 4072 1535 4137 διδασκάλους,
1571 4072 1666 4127 καὶ
1702 4073 1810 4128 τῶν

231 4165 398 4218 θείων
429 4162 825 4234 θυσιαστηρίων
870 4162 1211 4233 λειτουργούς
1246 4180 1260 4195 ο
1288 4156 1433 4217 οὗτοι
1491 4164 1583 4218 τὸν
1621 4164 1810 4237 λύχνον

228 4256 326 4309 τὸν
372 4254 591 4325 νοητὸν,
616 4253 861 4307 τουτέστι
898 4254 990 4306 τὸν
1032 4253 1282 4324 Ἰωάννην
1325 4254 1413 4308 ἀεὶ
1441 4255 1811 4325 διαλάμποντα

227 4349 420 4418 τηρεῖν
452 4347 847 4401 ὲπιτάττονται’
874 4346 1027 4400 τοῦτο
1054 4348 1161 4418 γάρ
1195 4348 1309 4399 ἐστι
1336 4345 1419 4412 τὸ,
1450 4366 1468 4399 ι
1500 4348 1808 4403 Καύσουσιν

227 4436 397 4491 αὐτὸν
456 4437 566 4491 ἀπὸ
621 4436 857 4507 ἑσπέρας
903 4436 1007 4501 ἓως
1064 4439 1232 4509 πρωῒ.
1273 4457 1291 4491 ι
1336 4440 1392 4492 ὐ
1431 4439 1537 4511 γάρ
1587 4440 1810 4511 σύμπας

1912 620 2092 672 oleum
2133 620 2188 672 in
2214 620 2440 674 lucerna
2472 620 2736 689 positum,
2769 620 3235 674 illuminationem
3271 619 3327 673 in
3357 621 3477 675 ani-

1913 724 2021 764 ma.
2056 709 2148 765 Sic
2183 717 2363 765 autem
2395 710 2642 765 divinum
2700 709 3002 779 Baptistam
3059 709 3359 765 testimonii
3412 711 3482 766 de

1914 799 2199 857 Salvatore
2249 809 2440 857 nostro
2472 802 2647 855 lucem
2677 801 2917 856 eluxisse
2956 801 3256 866 credimus,
3280 810 3340 857 ut
3367 817 3480 857 non

1912 890 2130 947 aliunde
2154 891 2501 946 illuminandi
2538 892 2646 945 vim
2679 893 3007 961 susceperit,
3042 901 3134 947 aut
3161 908 3258 965 per
3292 894 3477 949 oleum

1913 981 2045 1036 illud
2078 982 2419 1053 intelligihile
2459 983 2639 1053 possit
2674 982 2727 1036 in
2750 982 2912 1037 nobis
2953 983 3141 1039 lumen
3203 985 3351 1040 illud
3390 1000 3482 1040 ac-

1913 1072 2329 1142 cendere,un
2367 1071 2628 1127 Salvator
2665 1073 2781 1143 ipse
2833 1074 3173 1145 aanigmatice
3202 1076 3482 1146 signiﬁca-

1915 1161 2009 1216 bat
2038 1162 2124 1217 his
2146 1161 2333 1217 verbis
2367 1180 2382 1217 :
2419 1182 2438 1214 ι
2477 1163 2661 1234 ignem
2725 1161 2850 1217 veni
2896 1163 3115 1218 mittere
3143 1163 3198 1218 in
3252 1172 3479 1231 terram,

1912 1251 2119 1319 etquid
2140 1252 2262 1308 volo
2290 1251 2397 1308 nisi
2421 1262 2482 1307 ut
2504 1251 2787 1307 ardeat”?
2811 1271 2829 1304 ι
2859 1250 3108 1307 Lucerna
3124 1266 3256 1323 ergo
3286 1266 3491 1308 rursus

1913 1340 2007 1395 illa
2024 1341 2226 1397 ardens
2275 1356 2341 1396 ac
2380 1341 2572 1396 lucens
2600 1342 2883 1411 jugiterin
2936 1341 3297 1397 tabernaculo
3328 1341 3484 1399 testi-

1914 1434 2088 1489 monii
2107 1442 2228 1489 erat
2245 1434 2439 1490 beatus
2470 1432 2735 1503 Baptista.
2753 1432 2817 1486 Et
2842 1432 3063 1503 quidem
3090 1432 3378 1503 quodipsa
3397 1433 3489 1487 lu~

1916 1533 2009 1579 cet
2042 1525 2097 1579 in
2128 1525 2486 1581 tabernaculo
2502 1524 2830 1588 tesﬁmonii,
2856 1531 3004 1579 recte
3032 1539 3254 1594 quoque
3277 1524 3485 1595 signiﬁ—

1914 1624 2004 1670 cat
2023 1624 2300 1687 receptam
2327 1630 2451 1672 esse
2467 1615 2522 1670 in
2556 1614 2809 1670 ecclesiis
2841 1614 2964 1684 ejus
2995 1614 3482 1677 illuminatiouem,

1915 1721 2018 1763 nec
2038 1716 2194 1761 extra
2222 1722 2437 1762 sacram
2475 1714 2528 1761 et
2549 1705 2789 1761 divinam
2815 1703 3319 1760 Salvatorisaulam
3344 1704 3487 1775 posi-

1915 1801 2028 1848 ιιιιιι
2049 1794 2139 1849 iri.
2155 1792 2308 1861 Quod
2329 1804 2509 1849 tamen
2528 1794 2758 1850 lucerna
2770 1802 2925 1849 extra
2939 1794 3114 1849 velum
3137 1802 3481 1860 cerneretur,

1916 1884 2233 1953 signiﬁcare
2269 1884 2489 1940 videtur
2526 1884 2919 1954 simpliciorem
2945 1892 3000 1940 et
3033 1885 3482 1955 praeparatoriam

1914 1978 2209 2033 allaturum
2250 1992 2373 2033 esse
2405 1977 2894 2041 illuminationem,
2934 1978 3171 2034 dicendo
3200 1997 3215 2034 :
3244 1997 3263 2031 ι
3303 1977 3487 2034 Ρωιιίέ

1915 2067 2142 2123 tentiam
2172 2067 2353 2137 agite:
2382 2066 3003 2138 appropinquavitenim
3038 2080 3269 2136 regnum
3305 2066 3479 2121 cmlo-

1915 2158 2123 2216 rum“.
2151 2177 2170 2211 ι
2213 2157 2319 2213 Sed
2346 2172 2538 2215 eorum
2574 2174 2696 2229 quae
2725 2167 2853 2213 sunt
2875 2159 3021 2212 intra
3049 2157 3228 2213 velum
3254 2157 3489 2213 abscon-

1914 2250 2050 2316 dita,
2082 2251 2468 2323 mysteriorum
2500 2249 2705 2307 Christi
2743 2250 3030 2313 nimirum,
3073 2250 3285 2305 nullum
3322 2250 3486 2321 plane

1913 2340 2178 2397 ostendit.
2226 2340 2347 2394 Non
2402 2340 2552 2396 enim
2586 2341 2885 2412 baptizavit
2908 2340 2963 2395 in
3012 2340 3483 2411 participationem

1913 2432 2090 2487 sancti
2118 2430 2359 2502 Spiritus
2382 2472 2398 2496 ,
2420 2447 2521 2487 nec
2544 2432 2666 2503 ejus
2697 2433 3031 2489 illuminatio
3063 2434 3118 2488 in
3147 2433 3485 2490 tabernaculi

1914 2518 2174 2574 interiora
2227 2520 2433 2576 intulit.
2466 2520 2597 2577 Erat
2640 2522 2787 2577 enim
2839 2523 2892 2577 in
2918 2522 3179 2579 exteriori
3231 2524 3485 2579 taberna-

1912 2610 2076 2675 culo,
2130 2626 2151 2662 ι
2206 2608 2354 2680 quod
2409 2617 2614 2665 statum
2663 2610 2845 2667 adhuc
2918 2612 3232 2680 habebat”,
3271 2632 3291 2665 ι
3328 2613 3485 2683 juxta

1911 2700 2066 2757 Pauli
2102 2701 2333 2756 dictum.
2389 2701 2546 2768 Quod
2599 2710 2782 2758 autem
2827 2702 2963 2758 dicit
3019 2722 3033 2758 :
3093 2722 3113 2755 ι
3180 2702 3247 2758 Ει
3290 2720 3484 2760 accen-

1911 2792 2004 2846 det
2052 2806 2173 2845 eam
2225 2791 2431 2856 Aaron,
2482 2797 2537 2845 et
2595 2790 2689 2844 lilii
2745 2790 2887 2861 ejus,
2945 2807 2976 2846 a
3021 2806 3252 2860 vespera
3310 2806 3487 2862 usque

1911 2879 2069 2949 251
2097 2879 2164 2934 ad
2194 2894 2351 2933 mane
2371 2893 2601 2946 ,θοι-σω
2640 2878 2898 2947 Domino;
2929 2879 3236 2951 legitimum
3280 2880 3487 2949 sempi-

1910 2978 2127 3026 ternum
2157 2969 2212 3022 in
2255 2969 2542 3038 progenies
2568 2977 2781 3025 vestras
2807 3008 2822 3034 ,
2862 2989 2880 3021 ι
2927 2970 3033 3025 hoc
3074 2970 3239 3024 modo
3292 2985 3487 3026 rursus

1912 3060 2319 3131 intelligendum
2352 3070 2506 3130 puto.
2540 3060 2725 3115 Aaron
2776 3060 2977 3115 et‘ﬁlii-
3023 3061 3151 3131 ejus
3177 3061 3488 3130 signiﬁcant

1911 3168 2006 3208 eos
2050 3152 2144 3222 qui
2176 3166 2335 3208 sacro
2363 3167 2589 3207 munere
2618 3151 2920 3222 funguntur
2959 3153 3013 3205 in
3051 3152 3305 3208 ecclesiis
3327 3192 3343 3217 ,
3384 3152 3487 3206 hoc

1911 3254 2015 3311 est,
2042 3244 2294 3300 doctores
2324 3251 2379 3300 et
2411 3239 3145 3298 divinoruttt-sacriﬁciorum
3173 3242 3483 3298 ministros.

1913 3333 1979 3388 Hi
2020 3335 2301 3389 lucernam
2339 3331 2917 3404 intelligihilem,‘hoc
2946 3341 3031 3387 est
3056 3331 3325 3387 Joannem
3359 3348 3487 3404 per-

1912 3434 2076 3497 petuo
2107 3426 2438 3480 relucentem
2472 3439 2696 3480 servare
2719 3422 3024 3493 jubeutur;
3073 3423 3179 3478 hoc
3220 3424 3367 3478 enim
3403 3433 3491 3478 est

1912 3517 2058 3589 quod
2098 3517 2302 3572 dicitur
2344 3532 2357 3568 :
2419 3532 2438 3567 ι
2471 3514 2787 3570 Accendent
2818 3528 2938 3569 eam
2977 3529 3007 3566 a
3040 3528 3271 3584 vespera
3310 3529 3486 3583 usque

1912 3610 1980 3665 ad
2026 3623 2207 3663 mane.
2254 3627 2272 3660 ι
2307 3606 2505 3661 Totum
2547 3606 2711 3661 enim-
2738 3614 2954 3674 tempus
2994 3605 3048 3658 in
3094 3618 3204 3674 quo
3256 3602 3491 3658 debebat

1913 3702 2149 3757 lucerna
2184 3700 2371 3755 lumen
2424 3698 2672 3767 fulgere,
2726 3704 3054 3751 nocturnum
3093 3706 3177 3750 est
3227 3696 3486 3765 spatium,

1910 3809 2019 3864 quo
2041 3786 2891 3863 praesentissteculisigniﬁcatur
2922 3787 3294 3841 intervallum.
3328 3786 3492 3841 Lucis

1911 3886 2110 3956 quippe
2140 3885 2360 3940 nomine
2392 3881 2637 3936 futurum
2667 3880 2934 3936 saeculum
2962 3877 3355 3949 intelligimus;
3390 3892 3487 3933 ac-

1910 3977 2163 4032 cenditur
2190 3990 2322 4032 vero
2344 4014 2361 4040 ,
2400 3974 2519 4029 sive
2557 3973 2756 4029 ardens
2788 3972 3013 4027 lucerna
3046 3978 3328 4035 servatur,
3360 3967 3488 4024 dum

1910 4067 2043 4123 facit
2072 4076 2131 4122 ut
2158 4075 2382 4137 accepta
2410 4066 2483 4121 sit
2509 4078 2728 4135 semper
2748 4061 3104 4119 credentibus
3126 4062 3181 4116 in
3208 4061 3488 4117 Christum

1913 4160 2003 4215 illa
2029 4160 2151 4230 ejus
2179 4157 2571 4228 prmlustratio,
2600 4166 2655 4210 et
2675 4170 2803 4210 vero
2825 4153 2941 4209 haec
2966 4153 3033 4209 de
3054 4152 3276 4208 Christo
3301 4151 3488 4206 dicere

1912 4248 2265 4304 sacerdotum
2308 4261 2447 4302 voce
2480 4243 2894 4313 comprobatur.
2946 4241 3017 4296 Ut
3045 4250 3224 4296 autem
3271 4239 3491 4294 doceret

1913 4349 1966 4396 te
2004 4340 2148 4395 Deus
2173 4337 2477 4394 Salvatoris
2499 4333 2866 4406 praenuntium
2904 4346 3001 4402 per
3034 4331 3175 4385 hanc
3206 4330 3486 4385 lucernam

1913 4431 2251 4505 signiﬁcari,
2284 4430 2611 4487 electionem
2638 4424 2990 4481 sacerdotum
3022 4424 3209 4479 statim
3240 4422 3488 4492 subjicit.

230 4527 422 4601 καιρὸς
452 4530 509 4581 ὲν
540 4520 585 4595 ᾧ
616 4529 859 4607 προσῆκε
898 4528 961 4582 τὸ
996 4527 1092 4582 τοῦ
1128 4528 1322 4599 λύχνου
1355 4530 1638 4599 φαίνεσθαι
1665 4531 1801 4601 φῶς,

1913 4523 2081 4581 Porro
2110 4524 2158 4579 si
2181 4530 2353 4577 totam
2387 4518 2587 4588 capitis
2618 4516 2886 4571 rationem
2930 4512 3340 4570 consideratius
3388 4527 3490 4567 ex-

225 4617 288 4671 τὸ
312 4618 488 4687 μῆκός
514 4618 632 4672 ἐστι
659 4619 759 4689 τῆς
790 4618 1001 4683 νυκτὸς,
1028 4619 1095 4672 δι’
1114 4614 1177 4673 οὒ
1219 4620 1537 4690 σημαίνεται
1564 4623 1657 4676 τοῦ
1682 4641 1816 4695 παρ-

224 4709 380 4770 όντος
415 4709 609 4773 αίῶνος
639 4709 700 4762 τὸ
734 4709 1083 4779 μέτρον.Φῶς
1113 4710 1239 4781 γὰρ,
1259 4711 1350 4765 τὸν
1384 4712 1643 4783 μέλλοντα
1665 4715 1813 4769 νοοῦ-

1922 4614 2178 4687 penderis
2205 4654 2219 4678 ,
2256 4611 2324 4666 ad
2358 4608 2673 4666 istiusmodi
2703 4605 3225 4676 contemplationem
3259 4618 3370 4659 non
3404 4604 3492 4659 in-

1921 4710 2115 4767 scitam
2158 4713 2217 4760 ut
2240 4718 2362 4759 reor
2400 4700 2686 4756 ascendes.
2720 4697 2853 4753 Post
2874 4697 3280 4752 ordinationem
3313 4696 3495 4752 taber-

228 4818 333 4871 μεν
362 4800 538 4854 αἰῶνα
565 4819 579 4832 ’
617 4802 828 4856 καίεται
861 4820 924 4870 γε
956 4802 1093 4874 μὴν,
1120 4804 1236 4874 ῆτοι
1280 4803 1533 4877 λαμπρὸς
1564 4811 1591 4861 ὁ
1619 4806 1811 4879 λύχνος

1913 4802 2093 4863 naculi
2122 4798 2362 4873 positum
2404 4801 2489 4849 est
2530 4792 2597 4847 de
2631 4792 2850 4846 lucerna
2884 4795 3215 4859 praeceptum
3236 4824 3251 4850 ,
3283 4796 3338 4842 et
3366 4796 3494 4856 post

225 4892 664 4961 διαφυλάττεται,
695 4893 890 4966 δεκτὴν
912 4895 999 4949 ἀεὶ
1028 4899 1138 4959 τοῖς
1191 4898 1540 4953 πιστεύουσιν
1565 4903 1645 4964 είς
1678 4903 1811 4972 Χρι-

226 4983 353 5037 στὸν
382 4984 482 5054 τὴν
513 4985 603 5038 ἐπ’
631 4985 780 5057 αὐτῷ
816 4987 1100 5058 δᾳδουχίαν
1129 4989 1470 5060 ποιούμενος,
1496 4991 1591 5044 καλ⁸
1618 4992 1809 5063 ὅτιπερ

224 5075 375 5129 ἑστιν
423 5074 631 5149 ἀληθὴς
672 5077 741 5132 τά
771 5077 997 5133 τοιαῦτα
1044 5079 1218 5147 λέγων
1254 5083 1381 5151 περὶ
1423 5083 1680 5153 Χριστοῦ,
1717 5084 1805 5136 διὰ

224 5166 415 5233 φωνῆς
444 5166 553 5220 τῶν
596 5168 737 5222 κατὰ
767 5171 994 5243 καιροὺς
1023 5171 1210 5241 ἱερέων
1239 5173 1799 5245 ὲπιμαρτυρούμενος.

223 5258 345 5309 ἰνα
365 5255 423 5309 δέ
452 5272 511 5309 σε
536 5255 722 5329 διδάξῃ
744 5257 897 5322 Θεὸς,
923 5260 1005 5313 ὅτι
1031 5258 1121 5313 διὰ
1145 5260 1335 5313 τούτου
1364 5262 1454 5314 τὸν
1484 5261 1577 5315 τοῦ
1624 5263 1805 5335 Σωτῆ-

223 5366 320 5421 ρος
350 5350 617 5403 άνετύπου
668 5351 1007 5422 προάγγελον
1035 5393 1050 5417 ,
1081 5353 1243 5416 εὐθὺς
1296 5354 1652 5409 ὲπισυνάπτει
1705 5356 1805 5427 τὴν

214 5438 333 5492 τῶν
363 5439 748 5506 ἱερατευόντων
776 5440 1054 5511 έπιλογήν.
1094 5441 1363 5512 Ἀναὸήσῃ
1392 5442 1450 5495 δὲ
1477 5444 1659 5508 πάλιν,
1692 5445 1813 5498 ὅλον

212 5528 317 5583 τοῦ
345 5530 641 5599 κεφαλαίου
667 5532 759 5585 τὸν
780 5530 934 5601 λόγον
951 5531 1434 5604 ἀναμασσὼμενος,
1459 5537 1538 5598 είς
1556 5536 1811 5607 τοιαύτην

1909 4896 2045 4955 illud
2094 4890 2283 4949 statim
2329 4883 2678 4942 sacerdotum
2724 4879 3031 4935 nominatio
3072 4887 3129 4933 et
3166 4876 3394 4931 functio.
3432 4877 3493 4930 in

1911 4990 2021 5045 ﬁne
2047 4987 2253 5057 quippe
2284 4980 2422 5051 legis
2457 4985 2512 5033 et
2557 4974 2949 5046 prophetarum
2990 4968 3352 5040 prmcursoris
3388 4983 3493 5023 vox

1911 5080 2116 5139 effulsit
2148 5078 2203 5130 in
2248 5073 2510 5133 deserto,
2564 5075 2622 5122 ut
2659 5068 2929 5136 scriptum
2979 5071 3104 5126 est,
3150 5060 3490 5116 clamantis:

1918 5192 1936 5225 ι
1984 5172 2181 5227 Parate
2219 5166 2365 5222 viam
2412 5159 2674 5224 Domini,
2711 5165 2889 5212 rectas
2936 5152 3101 5207 facite
3135 5150 3361 5206 semitas
3396 5149 3492 5205 Dei

1912 5263 2088 5321 nostri
2117 5261 2162 5294 ⁸⁸
2190 5277 2206 5327 ;
2248 5277 2266 5309 ι
2308 5263 2431 5327 post
2457 5266 2619 5323 quem
2651 5248 2835 5304 statim
2875 5245 3023 5300 facta
3055 5249 3141 5300 est
3174 5249 3492 5299 sanctorum

1913 5355 2292 5429 apostolorum
2336 5343 2614 5404 ordinatio
2647 5349 2702 5397 et
2736 5338 3011 5395 institutio
3033 5350 3129 5405 per
3166 5334 3477 5429 Christum.

1919 5424 2094 5518 Elegit
2123 5444 2271 5499 enim
2301 5439 2562 5496 Christus
2591 5431 2882 5488 duodecim
2907 5470 2922 5494 ,
2962 5442 3104 5498 quos
3130 5434 3184 5483 et
3201 5424 3494 5518 apostolos

1914 5512 2237 5594 nominavit.
2259 5532 2523 5588 Absoluta
2551 5525 2642 5580 hic
2673 5524 2910 5577 lucerna:
2936 5517 3345 5578 observatione,
3373 5512 3489 5566 Sal-

210 5620 344 5675 τινὰ
374 5620 626 5691 θεωρίαν,
661 5623 754 5677 καὶ
771 5624 871 5677 οὐκ
896 5623 1166 5695 ἄκομψον,
1186 5623 1259 5689 ῶς
1283 5627 1347 5695 γέ
1371 5645 1459 5697 μοι
1481 5626 1646 5682 δοκεῖ’
1684 5605 1805 5682 Ἐπὶ

1916 5629 2122 5684 vatoris
2156 5638 2343 5680 vocem
2379 5632 2598 5675 rursum
2633 5613 2956 5669 videamus:
2994 5629 3011 5663 ι
3048 5610 3145 5665 llle
3167 5614 3286 5662 erat
3311 5605 3492 5660 lucer-

295 5806 342 5837 "
386 5804 520 5863 Luc.
561 5824 657 5873 xtl,
686 5810 771 5866 159.
850 5812 893 5841 σε
938 5810 1126 5866 Matth.
1164 5828 1235 5875 iv,
1274 5813 1352 5866 l7.
1433 5815 1473 5846 ’τ
1523 5811 1687 5869 Hebr.
1723 5829 1774 5867 ix
1800 5852 1813 5878 ,
1852 5814 1903 5867 8.
1985 5812 2024 5844 ³⁸
2066 5810 2167 5865 lsa.
2200 5820 2288 5873 ιιι,
2322 5803 2389 5870 3;
2422 5797 2613 5855 Matth.
2646 5810 2729 5859 III,
2766 5793 2817 5846 5-

3375 421 3580 485 ιοσ.
