4102 6558
644 415 747 471 4οἹ
1599 412 1655 466 S.
1699 410 1976 467 CYRILLI
2015 410 2485 467 ALEXANDRINI
2527 413 2847 467 ARCHIEP.
3778 418 3865 476 ιυε

643 542 718 584 ιιι
737 569 752 593 ,
782 525 983 595 inquit,
1016 522 1220 578 ardens
1245 537 1309 576 ac
1338 523 1532 578 lucens
1570 542 1583 578 :
1621 539 1720 580 vos
1749 532 1931 578 autem
1960 522 2215 580 voluistis
2243 533 2263 588 Λ

2246 532 2289 588 Α
2316 525 2455 578 τέλει
2486 526 2587 595 τῆς
2616 526 2843 595 σκηνῆς,
2869 528 2901 596 ή
2930 524 3024 577 ἐπὶ
3047 525 3126 593 τῷ
3148 523 3328 594 λύχνῳ
3357 523 3603 590 διάταξις
3638 530 3866 601 alonim.

646 617 717 673 ad
747 617 938 672 horam
982 614 1260 669 exsultare
1306 613 1363 667 in
1390 613 1511 670 luce
1530 613 1650 683 ejus
1674 614 1743 671 θ’.
1775 633 1794 666 ι
1840 613 2167 684 imperitiam
2195 652 2210 677 ,

2316 633 2458 677 κται,
2489 614 2607 683 μεθ’
2629 615 2696 685 ἢν
2735 613 2894 677 εὐθὺς
2931 616 2966 683 ἡ
3014 613 3122 665 τῶν
3173 613 3371 684 ίερέων
3420 614 3658 687 προϐολή
3701 635 3754 671 τε
3792 626 3866 675 καὶ

645 714 701 762 et
720 704 1068 776 praefractam
1100 701 1335 757 indolem
1374 702 1668 757 Pharisaeis
1704 702 1923 771 objicit,
1951 702 2217 758 ostendit-

2315 702 2529 770 χρῆσις.
2574 701 2695 753 Ἐπὶ
2752 700 2861 771 γὰρ
2891 700 3033 753 τέλει
3078 699 3171 753 τοῦ
3203 701 3373 772 νόμου
3420 702 3518 756 καὶ
3552 704 3657 758 τῶν
3687 724 3866 781 προφη.

648 812 757 867 que
787 808 1003 849 rursum
1035 807 1129 848 eos
1162 793 1581 863 incomparabili
1610 793 1863 849 laborare
1900 793 2174 863 imperitia
2197 830 2214 856 ,

2314 791 2460 857 τῶν,
2502 790 2659 862 ήτοῦ
2703 791 3121 862 προδαδίζοντος
3151 791 3431 861 ἐξέλαμψε
3476 794 3628 864 φωνὴ
3672 797 3866 865 βοῶντος

648 885 745 957 qui
779 899 902 956 qua:
937 883 1082 939 scire
1112 882 1532 953 proﬁtebantur,
1570 884 1796 940 minime
1830 885 2216 956 intelligerent,

2320 884 2376 936 ἐν
2407 886 2471 953 τῇ
2494 884 2705 954 ἐρήμῳ,
2737 883 2879 937 καθά
2930 882 3237 952 γέγραπται
3264 901 3277 915 ·
3341 902 3361 935 ι
3413 885 3758 955 Ἑτοιμάσατε
3789 890 3867 961 τὴν

649 986 707 1035 et
754 976 821 1032 ab
858 984 1051 1031 exacta
1104 974 1242 1044 legis
1282 975 1594 1045 cognitione
1634 976 1869 1031 multum
1918 978 2214 1040 abessent.

2318 974 2433 1028 ὁδὸν
2478 975 2704 1046 Κυρίου,
2751 974 2964 1037 εὐθείας
2993 978 3198 1029 ποιεῖτε
3244 976 3348 1038 τάς
3382 974 3606 1044 τρίϐους
3649 978 3736 1030 τοῦ
3757 979 3866 1034 Θεοῦ

651 1066 747 1127 sed
790 1080 852 1121 ea
889 1079 1123 1135 prorsus.
1158 1065 1480 1135 ignorarent
1528 1080 1650 1135 quae
1702 1066 1883 1136 typice
1937 1067 2220 1136 legislator

2319 1062 2498 1132 ήμῶν⁶
2553 1082 2572 1115 ι
2613 1063 2729 1132 μεθ’
2754 1062 2812 1115 ὃν
2836 1063 3000 1127 εὐθὺς
3032 1064 3065 1134 ή
3095 1064 3205 1117 τῶν
3248 1065 3428 1133 ἁγίων
3478 1066 3776 1120 ἀποστόλων
3798 1069 3866 1125 διὰ

652 1155 1023 1227 ιιι-ωίίςυινενὶι
1057 1169 1154 1224 per
1195 1153 1455 1224 Moysem.
1486 1154 1583 1210 His
1610 1156 1754 1210 enim
1788 1156 2004 1220 verbis,
2044 1175 2063 1208 ι
2104 1159 2223 1211 [λιιι

2320 1152 2557 1224 Χριστοῦ
2588 1155 2891 1224 χειροτονία
2918 1170 2977 1207 τε
3004 1156 3099 1208 καὶ
3147 1155 3421 1222 ἀνάδειξις
3440 1172 3454 1186 ·
3491 1155 3758 1221 ἐξελέξατο
3780 1162 3865 1230 γὰρ

651 1261 816 1302 cerua
854 1253 975 1301 erat
1014 1245 1128 1311 ille,
1163 1244 1364 1301 ardens
1402 1260 1467 1300 ac
1495 1246 1751 1311 lucens,»
1786 1248 2075 1303 confundit
2103 1265 2219 1318 eos,

2321 1247 2349 1297 6
2381 1244 2585 1314 Κύριος
2620 1244 2826 1297 δώδεκα
2852 1284 2868 1305 ,
2900 1243 2995 1306 οὓς
3051 1246 3147 1298 καὶ
3207 1246 3551 1309 ἀποστόλους
3604 1246 3861 1318 ὠνόμασεν.

653 1346 712 1393 ut
743 1336 979 1400 videtur,
1009 1338 1168 1407 quasi
1199 1336 1440 1390 nondum
1485 1337 1791 1407 intelligant
1826 1339 2024 1410 legalia
2052 1342 2223 1412 aenig-

2336 1334 2422 1387 Ἐν
2451 1334 2659 1398 τούτοις
2678 1336 2811 1405 ἡμῖν
2835 1336 2934 1405 τῆς
2962 1336 3055 1388 ἐπὶ
3092 1335 3171 1406 τῷ
3215 1336 3401 1406 λύχνῳ
3428 1336 3661 1407 θεωρίας
3686 1356 3864 1409 συμπε-

653 1434 801 1485 mata
849 1426 1177 1494 umbrasque
1208 1434 1441 1480 veteres.
1487 1426 1622 1481 Cum
1649 1434 1830 1483 autem
1862 1428 2043 1497 addit,
2079 1449 2097 1484 ι
2125 1446 2225 1487 vos

2324 1425 2695 1495 περασμένης,
2720 1425 2917 1497 ίδωμεν
2949 1425 3110 1479 πάλιν
3134 1425 3231 1496 τὴν
3261 1425 3363 1478 τοῦ
3395 1426 3650 1497 Σωτῆρος
3685 1432 3864 1500 φωνήν·

654 1533 785 1576 vero
818 1517 1072 1573 voluistis
1098 1517 1375 1573 exsultare
1407 1516 1477 1572 ad
1511 1518 1704 1575 horam
1736 1519 1791 1574 in
1826 1520 1987 1590 252
2015 1523 2224 1580 lumine

2331 1536 2349 1569 ι
2400 1518 2635 1581 Ἐκεῖνος
2681 1513 2750 1586 ἦν
2787 1518 2818 1570 6
2867 1517 3059 1587 λύχνος
3086 1559 3099 1582 ,
3160 1519 3328 1590 φησὶν
3354 1558 3370 1583 ,
3420 1520 3449 1571 6
3482 1520 3757 1589 καιόμενος
3791 1525 3867 1575 καὶ

654 1610 804 1677 ejus,
837 1626 858 1660 ι
896 1607 1167 1677 signiﬁcat
1197 1622 1417 1662 rursum
1446 1622 1543 1664 eos
1576 1608 1777 1667 divinae
1804 1612 2090 1670 sententia
2125 1630 2225 1669 sua

2326 1606 2529 1676 φαίνων
2564 1624 2577 1639 ·
2615 1608 2773 1677 ὑμεῖς
2817 1608 2875 1661 δὲ
2930 1606 3234 1678 ἠθελήσατε
3280 1605 3713 1676 ἀγαλλιασθῆναι
3757 1609 3868 1679 πρὸς

655 1699 853 1768 placita
887 1712 1101 1768 semper
1130 1707 1494 1767 anteponere,
1530 1699 1819 1771 solamque
1849 1718 2006 1759 suam
2040 1704 2226 1761 libidi-

2324 1696 2472 1768 ὦραν
2504 1701 2561 1751 ἐν
2589 1698 2665 1769 τῷ
2693 1699 2833 1767 φωτὶ
2856 1696 3042 1754 αὑτοῦ.
3082 1717 3103 1750 ι
3136 1697 3291 1764 Ἕξιν
3329 1694 3522 1767 ἀμαθῆ
3558 1698 3649 1750 καὶ
3669 1696 3868 1765 δυσάγω-

655 1805 781 1849 nem
824 1789 979 1858 sequi
1020 1789 1233 1844 solitos.
1265 1790 1404 1845 Cum
1444 1791 1591 1845 enim
1631 1792 1952 1863 legislator,
2003 1794 2222 1865 inquit,
2264 1857 2275 1865 _

2264 1857 2298 1865 __
2326 1805 2421 1858 γον
2444 1792 2524 1853 είς
2542 1790 2788 1862 ὑπακοὴν
2820 1792 2932 1853 τοῖς
2967 1789 3280 1860 Φαρισαίοις
3317 1788 3550 1859 ἐγκαλεῖ
3600 1788 3687 1842 καὶ
3709 1787 3870 1857 διελέγ-

657 1881 936 1935 lucernam
978 1880 1203 1936 accendi
1237 1889 1291 1936 et
1322 1891 1586 1952 perpetuo
1617 1882 1804 1940 lucere
1836 1885 2099 1954 jusserit,
2131 1902 2229 1941 vos
2264 1857 2277 1913 Ι

2264 1857 2303 1913 Β
2329 1857 2411 1951 χει
2462 1880 2624 1939 πάλιν
2648 1919 2662 1945 ο
2691 1857 2767 1943 (iis
2798 1857 3126 1953 ἀσύγκριτον
3152 1857 3371 1934 νοσοῦσι
3407 1882 3509 1950 τὴν
3537 1881 3864 1943 ἀπαιδευσίαν,

658 1972 833 2041 ipsam
868 1986 978 2026 non
1010 1985 1227 2041 semper
1266 1971 1448 2027 lucere
1490 1973 1783 2043 voluistis,
1814 1977 1907 2031 sed
1935 1976 2005 2031 ad
2038 1977 2229 2031 horam

2330 1971 2450 2024 οῦδὲ
2483 1971 2627 2042 ἀπερ
2645 1970 2845 2025 είδέναι
2877 1972 3413 2040 κατεπαγγέλλονται
3448 1973 3586 2026 νοεῖν
3598 1971 3865 2041 ,ίσχύοντες

660 2071 899 2128 tantum,
937 2062 1041 2117 hoc
1072 2070 1182 2128 est,
1234 2063 1291 2117 in
1323 2063 1714 2120 brevissimum
1745 2074 1978 2136 tempus.
2014 2066 2229 2121 Princi-

2331 2063 2423 2115 καὶ
2461 2062 2595 2116 πολὺ
2642 2062 2743 2132 μὲν
2794 2062 2912 2115 λίαν
2951 2063 3050 2132 τῆς
3092 2063 3357 2134 ἀκριϐοῦς
3416 2061 3766 2133 νομομαθείας
3802 2063 3868 2127 ιε-

663 2155 751 2223 pio
778 2155 924 2210 enim
957 2154 1160 2217 mirati,
1184 2156 1529 2213 exstinxistis
1555 2166 1819 2226 quantum
1851 2159 1906 2213 in
1936 2159 2092 2214 vobis
2113 2165 2233 2213 erat

2336 2149 2657 2219 ῳκισμὲνοι,
2678 2148 2999 2217 ἀγνοοῦντες
3027 2150 3083 2203 δὲ
3112 2152 3250 2206 κατά
3276 2152 3341 2205 τὸ
3363 2152 3644 2214 παντελὲς,
3662 2152 3786 2219 ἀπερ
3811 2152 3868 2213 ὡς

663 2248 899 2302 lucerna:
922 2248 1125 2311 lumen,
1147 2256 1344 2316 praeter
1366 2262 1583 2304 omnem
1607 2250 1873 2304 rationem
1904 2249 2233 2305 insultantes

2332 2242 2520 2310 ἐν-σχή
2531 2257 2694 2311 μασιν
2721 2243 2750 2294 6
2782 2242 3075 2312 νομοθέτης
3111 2243 3494 2312 προανετύπου
3531 2242 3615 2296 διὰ
3645 2242 3865 2305 Μωσέως.

664 2338 713 2391 ei
740 2337 832 2405 qui
862 2336 1126 2395 divinitus
1157 2338 1359 2394 missus
1386 2346 1503 2406 est;
1524 2355 1700 2409 neque
1724 2341 1901 2396 solum
1930 2342 2033 2412 ipsi
2057 2343 2234 2412 bapti-

2332 2329 2430 2383 Διά
2464 2331 2562 2399 μὲν
2587 2331 2695 2401 γὰρ
2740 2330 2837 2385 τοῦ
2868 2331 3066 2398 λέγειν,
3099 2332 3181 2385 ὅτι
3207 2349 3225 2382 ι
3271 2333 3331 2383 '0
3362 2331 3557 2399 λύχνος
3591 2326 3657 2400 ἧν
3701 2333 3869 2392 ἐκεῖνος

666 2427 777 2481 zari
809 2426 877 2481 ab
910 2442 975 2483 eo
1006 2428 1267 2483 noluistis
1288 2468 1303 2495 ,
1341 2429 1439 2484 sed
1472 2438 1527 2486 et
1556 2432 1853 2502 quominus
1883 2433 2021 2488 alios
2056 2433 2233 2501 bapti-

2332 2423 2364 2479 6
2406 2420 2689 2491 καιόμενος
2722 2422 2816 2475 καὶ
2843 2423 3072 2491 φαίνων,
3108 2442 3125 2474 ι
3159 2423 3425 2486 δυσωπεῖ,
3464 2422 3607 2475 κατὰ
3645 2420 3701 2473 τὸ
3732 2421 3865 2483 εἰκὸς,

665 2526 817 2572 zaret
847 2518 1119 2576 vetuistis.
1153 2519 1380 2577 Misistis
1414 2521 1616 2591 quippe
1644 2522 1714 2575 ad
1749 2537 1874 2578 eum
1896 2564 1911 2587 ,
1943 2522 2230 2578 dicentes:

2333 2512 2409 2575 ὡς
2437 2510 2589 2564 οῠπω
2633 2514 2953 2582 νενοηκότας
2980 2514 3040 2567 τὸ
3081 2516 3138 2567 ἐν
3171 2518 3418 2584 νομικοῖς
3461 2514 3762 2582 αἰνίγμασι,
3798 2514 3869 2565 καὶ

672 2628 689 2659 ι
730 2608 871 2675 Quid
906 2610 1073 2679 igitur
1099 2610 1347 2680 baptizas
1372 2611 1440 2664 ‘?
1477 2630 1496 2665 ι
1534 2612 1636 2667 hoc
1664 2618 1786 2678 est,
1827 2627 1928 2666 cur
1955 2612 2234 2667 illuminas

2335 2604 2501 2657 πάλαι
2523 2603 3054 2675 σκιαγραφούμενον.
3095 2608 3193 2661 Διά
3212 2608 3267 2660 δὲ
3300 2606 3397 2659 τοῦ
3428 2607 3601 2659 εἰπεῖν
3624 2617 3638 2631 ’
3666 2621 3684 2654 ι
3717 2602 3869 2672 Ὑμεῖς

666 2700 720 2753 in
752 2699 1123 2768 pmnitentiam
1147 2738 1162 2763 ,
1207 2707 1262 2756 et
1306 2700 1677 2769 cognitionem
1706 2701 1955 2756 Christi?
1984 2701 2237 2770 Quapro-

2334 2695 2392 2749 δὲ
2432 2694 2735 2767 ἠθελήσατε
2776 2698 3199 2769 ἀγαλλιασθῆναι
3238 2699 3377 2769 πρὸς
3409 2697 3561 2769 ὥραν
3585 2697 3639 2748 ἐν
3668 2693 3737 2763 τῷ
3760 2694 3870 2760 φωτὶ

666 2798 787 2858 pter
835 2790 1085 2845 stultitiae
1131 2801 1185 2845 et
1241 2791 1707 2860 praevaricationis
1753 2801 1981 2847 accusat
2037 2793 2236 2848 stultos

2335 2787 2522 2853 αὑτοῦ,
2563 2808 2581 2841 ι
2620 2790 2720 2860 τῆς
2771 2789 2976 2844 ἀνωθεν
3011 2790 3194 2860 ψήφου
3239 2791 3301 2843 τὸ
3329 2791 3533 2842 οἰκεῖον
3574 2786 3657 2839 ἀεὶ
3686 2783 3869 2853 προτάτ-

668 2880 890 2937 Scribas
939 2888 1102 2951 atque
1150 2880 1458 2937 Pliarisaeos
1498 2879 1770 2947 Salvator,
1827 2882 1959 2937 dum
2004 2879 2236 2937 Joannis

2335 2897 2526 2943 τοντας
2557 2879 2768 2951 θέλημα
2813 2880 2974 2934 πάλιν
3023 2881 3286 2951 εἰσφέρει,
3324 2880 3423 2933 mi
3459 2871 3649 2946 οἷσπερ
3684 2874 3742 2929 ἂν
3769 2871 3867 2941 βού-

670 2973 895 3027 rocibus
948 2989 1171 3029 rursum
1208 2972 1559 3044 sull‘ragatur.
1601 2972 1760 3038 Quod
1804 2988 1931 3027 eum
1974 2974 2237 3042 praeclare

2335 2969 2533 3024 λωνται
2557 2970 2739 3039 μόνοις
2772 2970 3085 3025 ἀκολουθεῖν
3110 2971 3471 3040 εἰθισμένους.
3491 2967 3597 3022 Τοῦ
3624 2966 3724 3035 γὰρ
3742 2980 3868 3033 νομο-

670 3065 862 3119 bcatns
903 3062 1076 3120 Lucas
1114 3064 1474 3133 intelligeret,
1522 3063 1741 3117 illorum
1784 3062 2036 3132 increpat
2077 3065 2235 3118 insa-

2338 3058 2514 3123 θέτου,
2544 3058 2696 3128 φησὶ,
2725 3059 2811 3115 διὰ
2850 3059 3049 3123 παντὸς
3082 3060 3293 3128 φαίνειν
3322 3074 3384 3111 τε
3414 3057 3508 3112 καὶ
3549 3055 3775 3109 καίεσθαι
3796 3052 3867 3105 civ

670 3156 850 3242 niani,
881 3154 1070 3210 dicens
1100 3173 1117 3209 :
1154 3173 1173 3205 ι
1213 3153 1280 3207 Et
1306 3153 1483 3210 omnis
1516 3156 1751 3223 populus
1782 3152 2014 3208 audiens
2046 3156 2234 3225 (verba
2265 3185 2290 3242 ί

2265 3185 2307 3242 c
2339 3149 2529 3219 λύχνον
2548 3150 2941 3220 διατεταχότος,
2973 3153 3072 3205 οὐκ
3100 3153 3177 3214 είς
3210 3152 3299 3204 ἀεὶ
3328 3150 3541 3220 φαίνειν
3571 3146 3721 3200 αὐτὸν
3745 3145 3868 3242 ὑμὲ-ῖς

673 3230 971 3296 Salvatoris
1000 3241 1307 3312 nimirum),
1337 3241 1778 3308 justiﬁcaverunt
1827 3239 2027 3307 Deum,
2053 3242 2235 3311 bapti-
2268 3230 2293 3242 “

2268 3230 2307 3242 “
2341 3240 2666 3312 ⁴ἠθελήσατε,
2696 3242 2832 3296 ἀλλά
2877 3242 3012 3313 πρὸς
3066 3242 3233 3313 μόνην
3270 3242 3423 3313 ὥραν
3448 3284 3463 3308 ,
3492 3239 3722 3292 τουτέστι
3760 3233 3866 3304 πρὸς

672 3334 780 3387 zati
812 3334 1085 3403 baptismo
1114 3333 1364 3389 Joannis.
1389 3331 1651 3389 Pbarisai
1689 3340 1871 3387 autem
1917 3340 1970 3386 et
2004 3332 2238 3403 legispe-

2341 3332 2518 3401 ὀλίγον
2547 3333 2739 3403 κομιδῇ
2789 3334 2880 3388 τὸν
2905 3334 3116 3404 καιρόν.
3149 3333 3237 3386 Ἐν
3275 3334 3422 3404 ἀρχῇ
3461 3330 3567 3400 γὰρ
3606 3325 3868 3395 θαυμάσαν-

674 3424 763 3476 rlti
796 3422 1087 3479 consilium
1126 3422 1219 3479 Dei
1253 3431 1577 3494 spreverunt
1622 3424 1677 3479 in
1710 3424 2024 3495 semetipsis
2056 3465 2072 3490 ,
2125 3440 2238 3480 non

2340 3440 2433 3487 τες
2463 3424 2849 3491 κατεσϐέσατε,
2878 3424 2938 3479 τὸ
2977 3426 3099 3478 ὅσον
3140 3427 3224 3494 ἐφ’
3250 3425 3489 3488 ἑαυτοῖς,
3514 3420 3605 3473 τοῦ
3639 3417 3805 3486 λύχνου
3822 3413 3866 3465 τδ

675 3511 936 3582 baptizati
964 3514 1032 3569 ab
1055 3529 1121 3569 eo
1149 3515 1190 3568 '.
1226 3532 1248 3566 ι

2345 3515 2485 3584 φῶς,
2511 3514 2828 3583 ἁλογώτατα
2875 3516 2974 3587 μὲν
3009 3517 3444 3587 ἐπισκήπτοντες
3482 3512 3559 3583 τῷ
3588 3509 3753 3565 θεόθεν
3783 3506 3865 3559 ἀπ-

676 3604 1008 3674 εσταλμὲνῳ,
1031 3606 1123 3658 καί
1142 3606 1203 3659 ού
1236 3604 1396 3675 μόνον
1428 3604 1581 3658 αὐτοὶ
1612 3605 1671 3658 τὸ
1698 3604 2054 3674 βαπτίζεσθαι
2116 3607 2559 3678 παραιτούμενοι,
2627 3609 2762 3663 ἀλλά
2804 3610 2894 3664 κα)⁸
2937 3608 3031 3663 τοῦ
3089 3608 3371 3678 βαπτίζειν
3419 3607 3631 3675 ἐτέρους
3690 3602 3865 3654 ἀποκω-

677 3700 915 3761 λύοντες.
945 3700 1323 3754 Ἀπεστείλατε
1344 3700 1451 3771 γὰρ
1480 3701 1615 3772 πρὸς
1639 3701 1800 3755 αὑτὸν
1828 3700 2075 3769 λέγοντες
2094 3717 2109 3732 ·
2146 3702 2242 3754 «Τί
2276 3700 2369 3756 οὖν
2404 3703 2716 3774 βαπτίζεις;
2755 3724 2773 3758 ι
2799 3705 3066 3770 τουτέστι,
3094 3705 3159 3758 Τί
3199 3704 3460 3774 φωτίζεις
3491 3704 3567 3764 είς
3633 3697 3867 3769 μετάνοιαν

679 3795 773 3849 καὶ
805 3795 1097 3862 ἐπίγνωσιν
1141 3795 1236 3848 τοῦ
1276 3795 1544 3865 Χριστοῦ;
1571 3797 1777 3850 Οὐκοῦν
1813 3796 2064 3868 εὐηθείας
2092 3796 2209 3867 ἀμα
2243 3797 2338 3852 καὶ
2380 3800 2721 3871 παρανομίας
2746 3803 3017 3871 ἐπήνεγκε
3052 3799 3268 3871 γραφὴν
3296 3802 3412 3862 τοῖς
3449 3796 3683 3866 ἀνοήτοις
3716 3790 3750 3844 Γ
3754 3804 3865 3859 ραμ-

682 3884 905 3955 ματεῦσι
952 3887 1045 3939 καὶ
1077 3887 1406 3957 Φαρισαίοις,
1450 3890 1569 3951 ταῖς
1625 3887 1868 3944 Ἰωάννου
1923 3889 2084 3943 πάλιν
2143 3892 2615 3962 ἐπαγωνιζόμενος
2648 3897 2852 3963 φωναῖς
2882 3897 2912 3948 6
2969 3895 3182 3964 Σωτήρ.
3224 3894 3426 3961 Ὅπερ,
3464 3884 3613 3959 οἶμαι
3637 3928 3650 3950 ,
3707 3882 3864 3941 συνεὶς.

678 3979 875 4049 ἄριστά
936 3997 995 4032 τε
1046 3980 1331 4051 διειληφὼς
1393 3984 1486 4037 καὶ
1523 3984 1552 4035 ό
1605 3985 1873 4055 μακάριος
1923 3987 2158 4051 Λουκᾶς,
2197 3986 2297 4055 τῆς
2350 3986 2570 4042 ἐκείνων
2633 3989 2887 4053 ἀπονοίας
2921 3988 3180 4059 καταὸοᾷ,
3235 3986 3412 4054 λέγων
3443 4000 3457 4016 ο
3484 4001 3503 4034 ι
3549 3980 3650 4033 Καὶ
3710 3976 3798 4035 πᾶς
3843 3972 3866 4021 ά

678 4071 805 4135 λαὸς
854 4072 1089 4136 ἀκούσας
1146 4075 1279 4145 (τῶν
1310 4076 1405 4129 τοῦ
1453 4078 1702 4149 Σωτῆρος
1742 4081 2003 4150 ῥημάτων
2040 4081 2286 4156 δηλαδὴ),
2336 4085 2661 4138 ἐδικαίωσαν
2694 4085 2786 4138 τὸν
2809 4086 2940 4138 Θεὸν
2959 4083 3345 4155 βαπτισθέντες
3363 4081 3428 4134 τὸ
3451 4081 3712 4150 βάπτισμα
3733 4069 3866 4124 Ἰωάνα

678 4178 785 4213 νου.
815 4164 877 4215 Οί
900 4162 956 4216 δὲ
994 4164 1273 4235 Φαρισαῖοι
1308 4166 1402 4219 καὶ
1435 4169 1484 4220 οι
1513 4171 1747 4238 νομικοὶ,
1784 4168 1880 4241 τὴν
1914 4170 2107 4242 βουλὴν
2147 4172 2241 4226 τοῦ
2280 4174 2417 4228 Θεοῦ
2447 4174 2719 4246 ἠθέτησαν
2751 4178 2809 4229 ἐν
2852 4176 3083 4240 ἑαυτοῖς,
3127 4174 3202 4245 μὴ
3246 4170 3626 4243 βαπτισθέντες
3670 4164 3748 4217 ὑπ’
3792 4159 3862 4211 αὖε

676 4270 791 4307 του.
840 4271 860 4304 ι

748 4336 823 4409 γ,’
855 4341 955 4405 56,
981 4343 1069 4397 5'2.
1116 4346 1228 4413 Ego
1263 4354 1436 4400 autem
1472 4348 1823 4403 testimonium
1861 4352 2023 4406 habeo
2075 4355 2249 4423 majus

2241 4372 2249 4407 ι
2440 4351 2587 4422 Ἐγὼ
2631 4352 2700 4406 δὲ
2737 4352 2856 4421 ἔχω
2884 4350 2997 4420 τὴν
3032 4351 3365 4421 μαρτυρίαν
3396 4348 3570 4419 μείζω
3595 4346 3689 4400 τοῦ
3721 4340 3861 4397 Ἰωάν-

677 4436 904 4490 Joanne.
941 4433 1113 4503 Opera
1143 4437 1284 4489 enim
1311 4454 1428 4507 qua:
1460 4437 1603 4493 dedit
1634 4441 1762 4495 mihi
1794 4443 1975 4507 Pater,
2008 4432 2065 4499 at
2093 4449 2252 4517 per/i-

2241 4477 2252 4488 -
2355 4460 2488 4499 ⁴νου.
2518 4443 2593 4497 Τὰ
2618 4442 2728 4510 γὰρ
2751 4443 2914 4511 ἔργα,
2954 4441 2992 4494 ἂ
3015 4439 3236 4494 δέδωκέ
3268 4457 3370 4508 μοι
3400 4443 3435 4493 ό
3472 4437 3661 4502 Πατὴρ
3684 4435 3767 4485 Ira
3796 4445 3861 4481 τε·

679 4530 817 4582 ciam
836 4544 915 4592 ea,
931 4529 1046 4596 ipsa
1071 4543 1250 4595 opera,
1269 4545 1386 4598 qua:
1406 4547 1499 4600 ego
1517 4532 1685 4599 facio,
1702 4536 2059 4591 testimonium
2080 4541 2259 4609 periti.
2285 4564 2299 4618 ι

2241 4575 2259 4589 .
2285 4564 2327 4618 υ
2354 4534 2583 4589 λειώσω
2634 4533 2820 4599 αὐτὰ,
2873 4532 3025 4586 αὐτὰ
3066 4532 3139 4585 τὰ
3186 4530 3329 4599 ἔργα
3369 4529 3408 4585 εἳ
3452 4526 3593 4582 ποιῶ
3634 4517 3861 4618 μαρτμρεξ

681 4624 799 4674 bent
826 4621 890 4673 de
932 4638 1012 4674 me
1034 4663 1049 4687 ,
1089 4622 1215 4691 quia
1250 4621 1414 4676 Pater
1442 4625 1587 4678 misit
1628 4643 1727 4680 me.
1764 4627 1827 4680 Et
1865 4632 1956 4699 qui
2000 4634 2145 4687 misit
2172 4651 2251 4689 me
2285 4610 2301 4618 -

2241 4652 2251 4687 ι
2285 4610 2319 4618 —
2356 4627 2488 4694 περὶ
2541 4626 2687 4695 ἐμοῦ
2710 4667 2725 4689 ,
2758 4627 2844 4679 ὅτι
2874 4629 2906 4679 ὀ
2955 4625 3158 4690 Πατήρ
3191 4640 3266 4692 με
3319 4623 3671 4677 ἀπέσταλκε.
3710 4612 3799 4667 Kal

682 4710 865 4777 Pater,
892 4712 1243 4765 testimonium
1275 4714 1535 4781 perhibuit
1567 4715 1631 4770 de
1664 4734 1761 4772 me.
1876 4696 1884 4699 ν

2357 4716 2600 4785 πέμψας
2656 4733 2732 4785 με
2797 4712 3032 4782 Πατὴρ,
3084 4713 3266 4778 αὐτὸς
3321 4710 3716 4781 μεμαρτύρηκε
3760 4696 3858 4763 περὶ

2356 4808 2373 4862 ἐ

753 4881 994 4938 Tametsi
1032 4884 1256 4938 lucerna
1282 4894 1399 4940 erat
1431 4886 1541 4952 ille,
1586 4887 1788 4961 inquit,
1819 4907 1942 4947 cum
1981 4894 2250 4965 legalibus

2241 4914 2250 4950 ι
2356 4808 2625 4949 ἑμὲῒκαὶ
2669 4894 2859 4964 λύχνος
2879 4890 2948 4964 ἦν
2977 4895 3200 4955 ἐκεῖνος,
3232 4890 3389 4961 φησὶ,
3422 4887 3516 4942 καλ⁵
3555 4882 3636 4937 διὰ
3672 4872 3861 4965 votum?”

680 4974 836 5030 libris
863 4975 1160 5046 descripta,
1192 4985 1305 5032 tum
1336 4987 1653 5036 sanctorum
1696 4961 2089 5053 prophetarum
2114 5003 2253 5043 voce

2240 5004 2253 5043 ι
2358 4961 3239 5058 συνταγμάτων-ζωγραφούμενος
3264 5023 3279 5048 ,
3307 4982 3402 5034 καὶ
3446 4978 3532 5033 διὰ
3585 4971 3744 5044 φωνῆς
3779 4961 3860 5058 τῶν

680 5069 1042 5136 praenuntiata
1068 5109 1089 5134 ,
1128 5084 1253 5139 quae
1279 5086 1414 5126 vero
1444 5072 1634 5127 lumini
1668 5075 1962 5143 praelucere
1979 5078 2209 5133 debebat
2234 5119 2249 5143 ,

2241 5119 2249 5142 .
2356 5050 3323 5149 (17!vavapoipqrtbvuaoo6odiusvog,
3364 5073 3441 5136 ὡς
3487 5050 3861 5149 ἀναδειχθήσεταιί

681 5164 737 5211 et
764 5157 917 5214 vobis
953 5158 1212 5214 nuntiare
1257 5163 1557 5228 parandam
1595 5178 1719 5219 esse
1753 5166 1895 5220 viam
1937 5166 2151 5223 Domini
2186 5184 2252 5223 ac

2240 5186 2252 5223 :
2359 5186 2488 5226 ποτε
2542 5168 2634 5221 τοῦ
2687 5167 2804 5223 κατ’
2828 5165 3090 5236 ἀλήθειαν
3121 5163 3556 5235 πρωναλάμπων
3588 5149 3760 5223 φωτὸς,
3791 5139 3860 5238 κα)

683 5243 779 5300 Dei
813 5264 825 5300 :
866 5254 1046 5303 tamen
1076 5248 1336 5317 quoniam
1365 5250 1544 5315 vobis,
1574 5251 1771 5320 inquit,
1808 5255 1990 5311 minus
2023 5255 2255 5312 idoneus

2238 5273 2255 5312 ι
2357 5258 2688 5327 διαγγέλλων
2717 5260 2774 5310 ὲν
2808 5259 2958 5327 ύμῖν,
2985 5258 3066 5309 ὅτι
3098 5255 3365 5325 προσήκει
3416 5251 3513 5321 τὴν
3536 5246 3644 5300 ἁδὺν
3669 5239 3858 5335 ﬁt”?

687 5339 845 5391 testis
876 5335 1095 5391 videtur
1120 5378 1136 5404 ,
1168 5347 1321 5393 tanta
1347 5341 1477 5396 licet
1504 5344 1708 5401 virtute
1728 5347 1991 5414 prmditus
2015 5387 2028 5411 ,
2068 5348 2138 5402 ob
2167 5351 2251 5403 el-

2238 5380 2251 5390 -
2357 5350 2626 5404 ποιεῖσθαι
2643 5349 2735 5402 τοῦ
2767 5349 2970 5420 Κυρίου
2996 5348 3091 5400 καὶ
3106 5346 3243 5399 Θεοῦ
3263 5361 3276 5374 ’
3296 5344 3410 5398 ἀλλ’
3427 5339 3643 5403 ἐπείπερ
3664 5327 3769 5397 ὑμῖν
3785 5327 3858 5420 οῦκ

686 5426 950 5479 frenatam
975 5426 1234 5482 nimirum
1259 5438 1312 5485 et
1335 5432 1626 5490 immanem
1648 5437 1960 5501 stultitiam,
1981 5438 2048 5493 ad
2076 5441 2255 5508 majus

2238 5456 2255 5496 ⁵
2359 5442 2668 5508 ἀξιόπιστος
2695 5441 2823 5503 ἴσως
2854 5410 3066 5511 δρᾶται,
3099 5436 3274 5490 καίτοι
3318 5434 3558 5490 τοσοῦτος
3583 5423 3803 5491 ὑπάρχων
3817 5410 3858 5511 ἦν

631 5585 635 5589 ,
686 5530 835 5571 nunc
859 5530 945 5572 me
978 5516 1238 5584 confero,
1270 5521 1322 5575 in
1344 5525 1513 5592 quod,
1548 5535 1607 5579 ut
1636 5527 1871 5592 videtur,
1900 5499 2034 5584 nihil
2069 5499 2250 5587 denuo

2236 5549 2250 5587 ι
2358 5499 2549 5606 ἀρετῇ,
2565 5499 2767 5605 διὰ-τὴν
2786 5499 3009 5585 ἐνοῦσαν
3026 5499 3154 5599 ὑμῖν
3170 5529 3419 5599 ἀχάλινόν
3439 5542 3495 5579 τε
3510 5499 3856 5606 uiator-0114:

688 5606 886 5660 dicturi
917 5607 1052 5662 estis
1073 5646 1089 5674 ,
1121 5608 1295 5678 ipsam
1320 5588 1590 5679 veritatis,
1623 5618 1785 5672 etiam
1817 5619 1970 5674 inviti
2005 5622 2250 5690 pulchri-

2236 5654 2250 5663 -
2357 5588 2458 5696 τήν
2480 5588 2754 5691 ἀπόνοιαν,
2782 5625 2873 5678 ἐπὶ
2896 5624 2955 5677 τὸ
2988 5588 3169 5694 μεῖζον
3199 5588 3299 5693 ῆδη
3331 5619 3505 5693 χωρῶ,
3533 5609 3641 5669 καθ’
3666 5588 3856 5668 οὖνκατὰ

760 5797 805 5827 ’³
840 5796 995 5853 ιοεω.
1032 5816 1082 5855 v.
1117 5799 1206 5854 5‘5.
1289 5800 1302 5830 ί
1344 5797 1503 5854 loan.
1540 5816 1577 5866 ι,
1610 5799 1698 5854 25.
1774 5804 1795 5831 ¹
1836 5799 1971 5855 Luc.
2009 5816 2104 5867 ut,
2141 5802 2209 5854 9.9
2265 5801 2355 5855 30.
