4102 6534
192 404 289 458 409
1216 398 1281 453 ιΝ
1304 398 1587 454 JOANNIS
1621 393 2063 450 EV’ANGELIUM
2098 395 2227 450 LIB.
2271 393 2357 448 Ill.
3299 384 3407 440 410

194 517 250 568 τὸ
283 514 455 576 εἰκὸς,
484 513 652 581 ipsis:
692 512 849 565 πάλιν
890 512 1061 578 οὐδὲν,
1092 514 1223 566 αὐτὸ
1252 516 1351 585 τῆς
1389 513 1645 583 ἀληθείας
1686 514 1748 566 τὸ
1776 516 1814 574 Α

1784 516 1821 574 Α
1850 510 2095 566 tudinem
2141 510 2323 565 veriti.
2356 507 2473 563 Non
2507 508 2621 577 jam
2660 508 2803 564 enim
2825 550 2839 573 ,
2873 504 3049 575 inquit
3071 543 3086 567 .
3123 504 3404 557 hominum

199 604 376 666 κάλλος
414 602 556 673 παρά
585 602 835 674 βούλησιν
862 604 961 675 τὴν
980 604 1185 657 ἑαυτῶν
1212 604 1638 673 δυσωπούμενοι.
1668 605 1742 657 Οὐ

1850 603 2199 660 Sermouibus
2225 617 2290 657 ac
2319 599 2592 671 suffragiis
2615 600 2819 670 glorior
2842 640 2857 662 ,
2892 612 3067 669 neque
3097 595 3164 651 de
3202 595 3413 661 meipso

200 696 296 764 γὰρ
314 693 484 760 λόγοις
514 692 707 746 ἔτικαί
734 696 848 757 ταῖς
886 693 946 758 ἐξ
987 692 1288 765 ἀνθρώπων
1326 692 1526 763 ψήφοις
1569 694 1743 746 ὲπισε·

1851 694 2225 751 testimonium
2264 709 2331 749 ex
2368 692 2530 749 nudis
2560 691 2842 749 vocabulis
2891 686 3252 758 colligendum
3290 700 3413 740 esse

204 783 472 854 μνύνομαι,
505 782 624 835 οὐδὲ
656 782 754 846 τάς
782 784 845 836 ἐκ
880 783 1139 855 ῥημάτων
1161 781 1331 853 ψιλῶν
1357 781 1631 850 συλλέγειν
1657 782 1743 836 ἐπ’

1852 793 2006 855 puto,
2035 783 2131 839 sed
2155 782 2506 854 dignioribus
2535 796 2598 836 ac
2628 782 2788 851 longe
2819 778 3120 847 majoribus
3148 791 3242 831 res
3267 789 3415 829 meas

202 872 406 945 ἐμαυτῷ
442 873 740 945 μαρτυρίας
772 876 1023 946 οἰήσομαι
1049 874 1179 943 δεῖν,
1200 874 1643 943 ἀξιολογωτέροις
1689 873 1746 927 δὲ

1853 877 2177 933 commendo
2198 916 2213 939 .
2264 875 2426 947 253
2462 883 2517 932 et
2542 890 2610 930 ex
2642 875 2761 944 ipsa
2790 873 3005 928 tandem
3039 884 3265 937 operum
3300 882 3416 923 ma-

203 966 284 1021 καὶ
316 966 441 1019 πολὺ
483 965 690 1035 μείζοσι
727 965 834 1019 τῶν
874 966 1177 1037 εἰρημένων
1224 966 1500 1037 ἐπιτρέψω
1527 965 1597 1018 τὰ
1628 966 1746 1019 κατ’

1851 969 2162 1041 guilicentia
2193 968 2423 1023 ostendo
2448 982 2533 1021 me
2558 965 2725 1021 Deum
2765 978 2888 1020 esse
2917 961 3217 1017 secundum
3252 967 3415 1014 natu-

202 1056 438 1127 ὲμαυτὸν,
464 1055 556 1109 καὶ
606 1056 666 1121 ἐξ
720 1057 889 1131 αὐτῆς
948 1058 1047 1128 ήδη
1081 1056 1526 1127 καταλαμπρύνω
1554 1060 1651 1128 τῆς
1691 1059 1749 1109 ιν

1852 1077 1991 1127 ram,
2026 1068 2082 1117 et
2108 1077 2173 1117 ex
2204 1060 2317 1116 Deo
2343 1058 2503 1114 Patre
2532 1059 2776 1129 genitum
2807 1070 2931 1110 esse
2961 1072 2975 1108 :
3009 1069 3110 1108 nec
3130 1053 3272 1107 facio
3297 1053 3417 1106 cuia

203 1150 367 1220 ἔργοις
396 1146 831 1217 μεγαλειότητος,
865 1148 945 1200 ὅτι
983 1146 1115 1208 Θεὸς
1146 1145 1289 1200 κατά
1309 1146 1469 1215 φύσιν
1492 1148 1631 1216 εἰμὶ,
1657 1146 1751 1199 καὶ

1852 1170 2017 1225 quam
2084 1153 2364 1222 injuriam,
2420 1151 2548 1209 dum
2590 1164 2742 1205 meas
2796 1148 2944 1217 leges
2975 1146 3031 1200 in
3057 1144 3420 1213 quodcunque

205 1242 260 1293 ὲκ
292 1237 419 1291 Θεοῦ
446 1239 663 1309 πέφηνα
691 1238 922 1308 Πατρὸς,
947 1238 1121 1291 ἀδικῶ
1132 1238 1189 1291 δὲ
1208 1238 1359 1291 οὐδὲν
1384 1237 1511 1301 τοὺς
1549 1237 1716 1307 ἐμοὺς
1733 1277 1750 1303 ,

1854 1246 2119 1317 placuerit
2145 1252 2475 1307 transmuto,
2504 1253 2560 1299 et
2585 1258 2616 1295 a
2640 1239 2865 1297 litterali
2902 1237 3154 1293 crassitie
3176 1236 3244 1290 ad
3265 1236 3421 1305 spiri-

203 1331 278 1397 ἐφ’
306 1330 436 1396 ὅπερ
479 1327 544 1383 ἂν
586 1327 861 1398 βούλωμαι
913 1328 1369 1400 μεταρῤυΟμίζων
1414 1328 1628 1398 νόμους,
1660 1328 1754 1381 καὶ

1855 1339 2015 1393 talem
2044 1335 2558 1405 contemplationem
2604 1347 2728 1403 quae
2760 1330 3037 1387 veteribus
3078 1327 3422 1399 anigmatice

206 1425 260 1473 ἐκ
282 1420 375 1489 τῆς
398 1419 541 1473 κατὰ
574 1419 636 1473 τὸ
664 1420 899 1491 γράμμα
925 1419 1236 1491 παχύτητος
1269 1420 1351 1483 εἰς
1382 1420 1754 1491 πνευματικὴν

1854 1430 1998 1485 dicta
2024 1434 2151 1483 sunt
2172 1424 2466 1481 transfero.
2497 1422 2761 1479 Observet
2790 1437 2954 1492 porro
2979 1421 3160 1476 denuo
3191 1419 3424 1490 quicun-

206 1513 416 1582 θεωρίαν
447 1510 866 1581 μεταστοιχειῶν
896 1510 965 1564 τά
984 1512 1094 1574 τοῖς
1113 1510 1483 1582 ἀρχαιοτέροις
1508 1513 1756 1580 αἰνιγμα-

1855 1537 1962 1593 que
1976 1528 2060 1579 est
2080 1518 2327 1575 discendi
2343 1515 2597 1585 cupidus,
2620 1514 2985 1577 Salvatorem,
3010 1526 3132 1568 cum
3150 1512 3224 1565 ait
3242 1510 3424 1580 operi-

205 1603 370 1665 τωδῶς
397 1603 685 1673 εἰρημένα.
716 1601 1064 1656 Κατανοείτω
1099 1600 1157 1654 δὲ
1182 1601 1341 1654 πάλιν
1367 1603 1395 1654 ό
1430 1600 1753 1672 φιλομαθὴς,

1858 1615 1961 1671 bus
2004 1609 2217 1679 egregie
2248 1607 2468 1677 probari
2508 1621 2568 1662 se
2603 1604 2772 1659 Deum
2821 1601 3121 1658 secundum
3171 1608 3422 1655 naturam

202 1698 276 1751 ὅτι
304 1695 472 1763 λέγων
500 1697 529 1749 ὁ
569 1693 757 1767 Σωτὴρ
791 1694 877 1748 διὰ
919 1694 1031 1747 τῶν
1063 1692 1238 1765 ἔργων
1290 1691 1755 1763 ὲπιμαρτύρεσθαι

1857 1715 2009 1763 esse,
2046 1699 2195 1753 clare
2227 1697 2421 1751 docere
2458 1693 2575 1750 ﬁeri
2605 1707 2715 1748 non
2759 1708 2920 1762 posse
2960 1700 3019 1745 ut
3047 1691 3229 1745 divina
3260 1689 3345 1743 vis
3371 1696 3428 1742 et

204 1786 367 1850 καλῶς
395 1788 474 1849 εἰς
508 1786 570 1839 τὸ
588 1781 725 1839 εἶναι
756 1784 897 1839 κατά
935 1784 1096 1854 φύσιν
1140 1783 1293 1849 Θεὸς,
1320 1782 1624 1836 ἐκδιδάσκει
1672 1798 1756 1835 σα-

1809 1858 1820 1860 _
1860 1792 2104 1860 operatio
2138 1803 2233 1858 per
2282 1786 2471 1843 eadem
2512 1785 2709 1842 similis
2745 1784 2876 1839 insit
2910 1782 3096 1844 alicui,
3135 1780 3243 1835 nisi
3284 1778 3429 1832 Dens

206 1878 329 1948 φῶς,
357 1877 429 1943 ὡς
468 1877 570 1930 οὐκ
588 1877 653 1930 ἂν
686 1876 770 1947 εἴη
798 1875 904 1929 τῶν
936 1874 1298 1946 ἐνδεχομένων
1325 1871 1758 1944 ἀπαραλλάκτως
1791 1857 1826 1912 θ

1810 1858 1831 1910 ³
1864 1857 1982 1953 ipse
2008 1882 2083 1938 sit
2105 1857 2406 1937 secundum
2428 1883 2704 1932 naturam.
2726 1873 3129 1943 Comprobatur
3149 1869 3296 1923 enim
3335 1882 3430 1936 per

205 1971 514 2040 ἐνυπάρχειν
540 1970 645 2021 τινὶ
682 1968 779 2039 τὴν
803 1967 921 2037 Θεῷ
953 1967 1269 2040 πρέπουσαν
1287 1964 1566 2034 ὲνέργειάν
1591 1981 1650 2016 τε
1664 1964 1758 2017 καὶ

1864 1988 2051 2044 opera,
2083 1984 2191 2024 non
2216 1970 2345 2034 alio,
2401 1978 2460 2023 ut
2495 1968 2711 2037 opinor,
2764 1964 2943 2028 modo,
2994 1974 3157 2030 quam
3203 1958 3330 2012 isto.
3371 1954 3429 2009 Si

204 2058 430 2127 δύναμιν,
501 2059 551 2110 εἰ
609 2055 684 2126 μὴ
723 2056 885 2118 αὐτὸς
942 2053 1085 2108 κατά
1133 2053 1295 2124 φύσιν
1333 2053 1567 2123 ὑπάρχοι
1604 2052 1757 2116 Θεός.

1864 2064 2013 2121 enim
2047 2060 2227 2116 Patris
2283 2072 2450 2129 opera
2503 2055 2683 2111 facere
2730 2054 2978 2116 videtur,
3010 2051 3055 2106 si
3095 2059 3433 2117 quascunque

207 2150 561 2219 Μαρτυρεῖται
577 2149 683 2218 γάρ
697 2145 784 2200 διὰ
803 2145 1116 2215 τῶνέργων,
1132 2146 1192 2198 ού
1213 2144 1333 2198 καθ’
1347 2146 1554 2213 ἕτερον,
1580 2139 1757 2213 οἶμαι,

1867 2156 1944 2210 illi
1981 2169 2046 2211 ac
2081 2153 2185 2209 soli
2235 2148 2596 2206 conveniunt.
2637 2146 2754 2201 haec
2794 2145 2912 2213 ipse
2965 2152 3183 2211 quoque
3214 2134 3434 2205 propria

208 2244 404 2315 τρόπον,
434 2241 575 2295 ἀλλά
625 2242 767 2296 κατὰ
820 2240 1006 2296 τοῦτον
1058 2240 1241 2294 αὐτόν.
1292 2240 1354 2291 Εἰ
1394 2237 1500 2308 γὰρ
1536 2238 1639 2291 τῶν
1666 2237 1759 2292 τοῦ

1866 2248 2068 2303 virtute
2121 2240 2422 2311 adimplet:
2453 2236 2729 2309 quomodo
2780 2234 2960 2291 cuivis
3006 2246 3115 2286 non
3138 2224 3430 2282 manifeste

208 2335 553 2404 γεννήσαντος
592 2331 768 2404 ἔργων
817 2332 1007 2402 ὁρᾶται
1047 2330 1361 2401 τελειωτὴς,
1389 2332 1483 2385 καὶ
1529 2331 1671 2401 άπερ
1696 2329 1762 2382 ἂν

1871 2338 2094 2410 patebit,
2152 2334 2398 2390 eamdem
2454 2345 2579 2387 cum
2615 2330 2709 2385 illo
2730 2328 2986 2384 sortitum
3014 2338 3137 2379 esse
3160 2327 3435 2379 naturam.

209 2427 383 2494 ἐκείνῳ
409 2424 511 2477 καὶ
544 2425 690 2495 μόνῳ
720 2425 957 2495 φαίνοιτο
988 2426 1434 2499 πρεπωδέστερα,
1463 2426 1638 2480 ταῦτα
1669 2425 1764 2479 καὶ

1868 2408 1925 2487 et
1960 2427 2137 2482 Patris
2170 2423 2598 2496 proprietatibus
2628 2416 2968 2490 pmiulgere,
3012 2421 3071 2468 ut
3099 2410 3191 2482 qui
3222 2424 3290 2466 ex
3318 2408 3438 2477 ipso

211 2516 351 2578 αὐτὸς
369 2513 428 2579 ἐξ
446 2516 657 2579 οἰκείας
678 2515 857 2585 ἰσχύος
877 2517 1185 2588 ἀποπληροῖ
1202 2536 1214 2547 ·
1231 2517 1349 2579 πῶς
1365 2517 1463 2571 οὐκ
1476 2516 1541 2571 ἂν
1556 2516 1766 2585 γένοιτο

1869 2531 2031 2579 natus
2057 2520 2304 2576 eamdem
2362 2534 2487 2574 cum
2537 2518 2656 2587 ipso
2707 2515 2814 2571 vim
2846 2521 2901 2567 et
2944 2509 3314 2579 operationem
3346 2503 3439 2559 ba-

213 2607 355 2662 παντί
374 2625 447 2679 τῳ
484 2608 677 2678 σαφὲς,
704 2608 784 2661 ὃτι
806 2608 902 2680 τὴν
920 2609 1090 2681 αὐτὴν
1123 2609 1314 2680 ἐκείνῳ
1341 2609 1499 2679 φύσιν
1526 2608 1766 2679 ἀπεκλη-

1872 2612 2003 2668 bet?
2040 2610 2425 2665 Verumtamen
2463 2606 2531 2661 ab
2576 2620 2642 2660 eo
2671 2620 2732 2659 se
2767 2617 2934 2673 Opera
2961 2601 3094 2656 dicit
3134 2595 3439 2665 accepisse.

213 2698 423 2770 ρὼσατο,
462 2698 696 2761 καὶτοῖς
724 2697 815 2751 τοῦ
845 2699 1090 2761 τεκόντος
1118 2698 1368 2769 ἰδιώμασι
1420 2700 1763 2770 διαλάμπων,

1873 2711 1967 2756 aut
1995 2708 2216 2772 propter
2250 2700 2643 2754 humanitatem
2702 2705 2758 2752 et
2795 2694 2936 2753 servi
2971 2691 3225 2753 formam,
3253 2687 3437 2742 humi-

211 2791 277 2852 ὠς
296 2789 348 2855 eg
376 2787 547 2842 αὐτοῦ
572 2789 671 2858 τὴν
700 2790 823 2858 ῐσην
871 2788 1020 2860 αύτῴ
1042 2789 1270 2859 δύναμίν
1294 2808 1352 2843 τε
1376 2792 1470 2844 καὶ
1488 2791 1767 2863 ἐνέργειαν

1874 2791 1982 2847 lius
2019 2787 2422 2861 quodammodo
2471 2802 2634 2857 quam
2676 2800 2776 2855 par
2808 2792 2961 2847 erat,
3020 2779 3184 2848 idque
3230 2776 3442 2832 ratione

212 2881 336 2948 ἔχεις
369 2877 667 2949 Εἰληφὲναι
695 2895 757 2946 γε
792 2878 897 2948 μὴν
918 2879 1046 2951 παρ’
1073 2878 1236 2934 αὑτοῦ
1256 2879 1324 2931 τὰ
1348 2878 1484 2951 ἔργα
1516 2882 1700 2949 φησὶν,
1733 2881 1767 2944 ἥ

1873 2879 2303 2953 diSpensatiouis
2335 2879 2403 2933 de
2429 2878 2757 2945 seloquens,
2788 2882 2883 2926 aut
2915 2870 3097 2927 Patris
3116 2865 3443 2936 comproba-

212 2969 288 3024 διά
316 2971 371 3023 τὸ
396 2970 503 3041 τῆς
522 2969 938 3041 ἀνθρωπότητος
969 2971 1178 3041 σχῆμα,
1216 2971 1313 3024 καὶ
1343 2972 1440 3042 τὴν
1468 2971 1560 3024 τοῦ
1584 2972 1767 3025 δούλου

1875 2975 2079 3028 tionem
2110 2980 2164 3026 et
2199 2984 2483 3026 assensum
2532 2968 2586 3021 in
2635 2964 2907 3021 tacitmdis
2954 2959 3237 3016 miraculis
3274 2956 3445 3011 dona-

215 3062 429 3135 μορφὴν,
458 3060 845 3134 ταπεινότερόν
891 3077 1006 3125 πως
1054 3062 1197 3133 ῆπερ
1243 3061 1432 3132 ὲχρῆν.
1485 3062 1770 3116 καὶτοῦτο

1876 3064 2043 3119 tionis
2074 3063 2297 3118 nomine
2319 3060 2615 3115 adornans.
2645 3058 2738 3112 Sic
2784 3054 2932 3110 enim
2971 3052 3199 3107 missurn
3230 3061 3445 3118 quoque

212 3154 369 3208 λαλῶν
398 3153 785 3224 οἰκονομικῶς,
816 3153 849 3223 ἢ
874 3154 972 3225 τὴν
1006 3154 1072 3206 ὲκ
1095 3152 1228 3207 Θεοῦ
1260 3153 1351 3207 καὶ
1389 3153 1597 3226 Πατρὸς
1618 3154 1767 3207 εὐδο-
1799 3198 1832 3257 c

1827 3200 1839 3217 .
1876 3173 1935 3212 se
1968 3155 2165 3211 asserit
2196 3153 2432 3208 maxime
2463 3165 2587 3204 cum
2622 3146 2952 3203 exinanierit
2998 3143 3265 3212 seipsum,
3305 3139 3447 3194 sicut

1827 3236 1841 3256 ο
1970 3248 1979 3257 .
2032 3255 2039 3257 .
2267 3254 2276 3257 -
2338 3242 2356 3257 .
2441 3242 2471 3257 ν
2556 3240 2679 3257 ε.-.-
2725 3238 2809 3257 2n-
2868 3252 2964 3257 ---μ
3006 3235 3108 3257 ἢ--
3157 3229 3445 3257 ,ιι-ιιΛιΙιιηι

213 3246 324 3300 κίαν
357 3262 415 3298 τε
444 3245 546 3299 καὶ
568 3244 896 3311 συναίνεσιν,
925 3246 1023 3316 τὴν
1050 3244 1134 3314 ἐφ’
1165 3244 1338 3300 ἅπασι
1370 3249 1482 3309 τοῖς
1541 3247 1771 3317 παραδό-
1799 3229 1833 3257 “

1827 3236 1841 3256 ⁸
1875 3248 2142 3317 scriptum
2200 3254 2285 3298 est
2337 3242 2379 3307 ³,
2422 3240 2687 3311 dignitate
2724 3238 2815 3292 illa
2848 3252 2970 3307 qua:
3003 3235 3112 3289 Deo
3155 3229 3447 3286 admodum

214 3336 307 3401 ξως
360 3334 822 3406 ἐπιτελουμένοις,
866 3334 945 3405 τῷ
991 3337 1093 3407 τῆς
1142 3336 1342 3399 δόσεως
1382 3338 1774 3408 ἀποσεμνύνων

1875 3339 2155 3405 convenit,
2209 3340 2431 3407 propter
2482 3331 2835 3388 dilectionem
2887 3328 2941 3382 in
2973 3340 3095 3383 nos.
3134 3321 3448 3379 ilumiliavit

212 3425 434 3495 ὀνόματι.
476 3424 636 3478 Οὕτω
684 3424 793 3495 γὰρ
850 3425 943 3479 καὶ
995 3425 1329 3479 ἀπεστάλθαι
1367 3427 1774 3497 διισχυρίζεται,

1877 3432 2022 3488 enim
2079 3428 2460 3497 semetipsum.
2511 3432 2564 3477 et
2606 3419 3004 3477 humiliattonis
3045 3417 3310 3472 vilitatem
3340 3413 3448 3469 alia

214 3515 299 3569 ἀτε
328 3515 390 3587 δὴ
418 3516 522 3569 καὶ
553 3513 798 3578 κενώσας
851 3514 1062 3580 ἑαυτὸν,
1108 3513 1251 3567 καθὰ
1306 3514 1639 3585 γέγραπται,
1679 3517 1777 3587 τῆς

1876 3524 2089 3581 ratione
2136 3528 2392 3577 constare
2416 3532 2523 3572 non
2552 3515 2969 3584 comperiemus,
2994 3525 3157 3581 quam
3184 3507 3328 3578 quod
3371 3508 3452 3562 iu-

214 3610 451 3678 ἀκράτως
492 3606 807 3678 πρεπούσης
834 3606 990 3672 ἀξίας
1019 3605 1098 3677 τῷ
1126 3606 1267 3675 Θεῷ,
1287 3606 1377 3660 διὰ
1401 3607 1498 3678 τὴν
1519 3610 1597 3670 εἰς
1632 3610 1779 3678 ἡμᾶς

1877 3615 2092 3673 terdum
2134 3620 2195 3666 ut
2237 3612 2403 3666 homo
2457 3610 2733 3677 loquatur.
2769 3605 2905 3660 Huic
2937 3603 3269 3672 suﬂ'ragatur
3306 3598 3451 3669 quod

216 3699 508 3767 ἀγάπησιν.
575 3696 933 3750 Ἐταπείνωσε
995 3695 1104 3766 γὰρ
1152 3696 1367 3761 ἑαυτὸν,
1407 3697 1501 3750 κα).
1540 3698 1639 3769 τὴν
1683 3697 1777 3750 τοῦ

1879 3720 1977 3776 per
2035 3703 2379 3759 Psalmistam
2436 3714 2633 3755 rursus
2680 3698 2784 3754 sub
2824 3697 2945 3765 ejus
2969 3707 3202 3764 persona
3230 3699 3453 3762 propter

214 3786 636 3841 τεταπεινῶσθαι
674 3787 1143 3859 σμικροπρέπειαν
1163 3788 1261 3840 ούκ
1290 3789 1347 3839 ὲν
1380 3788 1585 3860 ἑτέροις
1619 3789 1781 3860 εὑρή-

1880 3810 1982 3851 uos
2045 3794 2285 3848 humano
2322 3806 2474 3845 more
2501 3791 2708 3844 dictum
2747 3797 2831 3843 est
2864 3802 2879 3839 :
2927 3805 2946 3837 ι
2976 3786 3087 3854 Ego
3112 3790 3297 3838 autem
3324 3794 3454 3835 con-

219 3896 369 3949 σομεν
388 3879 641 3950 τρόποις,
665 3879 698 3948 ἢ
725 3881 807 3947 ἐφ’
835 3873 1029 3950 οἷσπερ
1062 3879 1127 3933 ἂν
1150 3880 1226 3940 ὡς
1255 3879 1541 3949 ἄνθρωπος
1564 3878 1672 3932 ἔσθ’
1692 3881 1781 3933 ὅτε

1881 3888 2107 3940 stitutus
2138 3899 2257 3939 sum
2278 3897 2371 3937 rex
2393 3881 2462 3935 ab
2494 3896 2559 3935 eo
2590 3894 2756 3949 super
2784 3877 2914 3932 Sion
2942 3884 3179 3929 montem
3204 3879 3453 3927 sanetum

217 3971 360 4041 λαλῇ.
392 3971 588 4039 Τούτῳ
608 3970 822 4041 συνᾴδει
849 3970 909 4024 τὸ
934 3970 1020 4024 διὰ
1056 3969 1148 4025 τοῦ
1176 3969 1482 4041 Ψαλμῳδοῦ
1508 3970 1668 4023 πάλιν
1707 3971 1780 4034 ὼς

1881 3977 2021 4047 ejus.
2070 3974 2378 4047 praedicans
2420 3980 2748 4042 praeceptum
2793 3968 3007 4023 Domini
3039 3969 3083 4024 ⁸.
3120 3983 3141 4018 ι
3179 3965 3315 4021 Nam
3359 3964 3454 4033 qui

218 4059 271 4125 ἐξ
296 4059 458 4113 αὐτοῦ
485 4059 547 4112 δι’
574 4060 719 4129 ἡμᾶς
738 4059 1218 4130 ἀνθρωποπρεπῶς
1238 4059 1525 4131 εἰρημένον
1546 4076 1558 4089 ·
1599 4080 1617 4112 ι
1642 4060 1783 4127 Ἐγὼ

1883 4081 2006 4122 cum
2035 4066 2144 4121 Deo
2167 4064 2329 4118 Patre
2358 4078 2573 4133 semper
2606 4059 2925 4131 regnat,qui
2953 4059 3011 4112 in
3043 4058 3232 4112 eodem
3260 4056 3457 4111 throno

216 4151 267 4204 δὲ
298 4151 637 4223 κατεστάοην
671 4150 921 4221 βασιλεὺς,
954 4151 1044 4203 ὑπ’
1072 4150 1236 4204 αὐτοῦ
1276 4151 1370 4204 ἐπὶ
1417 4144 1556 4205 Σιὼν
1576 4151 1698 4222 ὅρος
1724 4151 1783 4205 τὸ

1884 4156 2151 4219 considet.
2194 4163 2253 4209 ut
2285 4153 2425 4210 Deus
2465 4168 2590 4207 cum
2629 4151 2737 4206 Deo
2770 4151 2950 4214 Patre,
3006 4162 3187 4217 regem
3234 4162 3294 4201 se
3327 4160 3457 4198 con-

218 4241 361 4309 ἀγιον
405 4240 598 4303 αὑτοῦ,
645 4241 974 4310 διαγγέλλων
1014 4242 1078 4297 τὸ
1124 4242 1453 4313 πρόσταγμα
1492 4243 1720 4314 Κυρίου.
1760 4261 1778 4294 ι

1886 4251 2136 4306 stitutum
2158 4247 2364 4302 fatetur
2382 4262 2445 4300 ac
2466 4245 2771 4308 dominum,
2791 4258 2915 4312 qua:
2937 4240 3171 4294 habebat
3204 4245 3263 4291 ut
3291 4235 3455 4297 Deus.

230 4330 284 4384 ὐ
306 4334 408 4404 γάρ
434 4332 739 4402 βασιλεύων
768 4334 853 4386 ἀεὶ
887 4332 1022 4403 μετὰ
1046 4330 1139 4384 τοῦ
1168 4332 1400 4402 Πατρὸς,
1434 4334 1463 4384 ὁ
1498 4330 1786 4401 σύνθρονός

1887 4341 2133 4410 accipere
2163 4354 2222 4393 se
2250 4338 2461 4401 dicens,
2509 4351 2634 4390 cum
2684 4334 2863 4387 factus
2896 4340 2982 4386 est
3013 4330 3202 4394 homo,
3245 4326 3331 4380 cui
3362 4326 3460 4379 hoc

220 4438 273 4474 τε
299 4424 391 4475 καὶ
420 4421 698 4491 σύνεδρος,
725 4422 799 4486 ὠς
831 4421 962 4485 Θεὸς
997 4419 1115 4491 Θεῷ
1134 4421 1213 4490 τῷ
1237 4422 1582 4492 γεννήσαντι,
1609 4438 1787 4491 κεχει-

1889 4432 2022 4485 mini
2060 4429 2323 4500 regnandi
2354 4435 2597 4500 potestas
2622 4434 2821 4480 natura
2854 4438 2960 4476 non
3002 4423 3163 4482 inest.
3198 4417 3293 4477 sed
3339 4431 3459 4470 cum

225 4513 539 4583 ροτονῆσθαί
568 4530 731 4582 φησιν
754 4515 834 4576 εἰς
864 4512 1084 4583 βασιλέα
1114 4514 1209 4567 καὶ
1238 4512 1446 4582 κύριον,
1470 4512 1612 4583 ἅπερ
1643 4509 1789 4583 εἶχεν
1819 4535 1845 4589 ι

1843 4521 2065 4590 )ipsum
2114 4519 2504 4578 dominationis
2563 4531 2786 4581 nomen,
2847 4522 2961 4569 tum
2988 4527 3077 4569 res
3118 4511 3238 4582 ipsa
3270 4509 3463 4578 utique

223 4604 292 4665 ὡς
331 4605 461 4667 Θεὸς
505 4606 803 4676 λαμϐάνειν
838 4605 1028 4669 εἰπὼν,
1063 4607 1153 4660 ὅτε
1195 4605 1436 4676 πέφηνεν
1481 4604 1786 4674 ἄνθρωπος,

648 4607 803 4661 ῖάνειν
838 4605 1028 4669 εἰπὼν,
1063 4607 1153 4660 ὅτε
1195 4605 1436 4676 πέφηνεν
1481 4604 1786 4674 ἄνθρωπος,
1896 4613 2137 4668 ascititia
2166 4620 2268 4669 est.

223 4688 264 4764 ᾧ
294 4697 352 4749 τὸ
381 4696 685 4767 βασιλεύειν
742 4698 881 4752 κατά
932 4696 1093 4767 φύσιν
1125 4698 1223 4752 οὐκ
1255 4697 1485 4765 ἔνεστιν,
1515 4696 1653 4753 ἀλλά
1676 4699 1785 4772 γάρ
1824 4704 1916 4759 καὶ
1937 4707 1997 4760 τὸ
2025 4708 2122 4778 τῆς
2152 4706 2476 4778 κυριότητος
2502 4703 2674 4773 ὄνομά
2703 4718 2764 4755 τε
2797 4701 2893 4755 καὶ
2954 4698 3188 4769 πρᾶγμα
3250 4694 3467 4758 πάντως

227 4789 482 4842 ἐπακτόν.

823 4865 1072 4954 usus.
1122 4901 1197 4957 [ι’.
2435 4907 2443 4969 ε

2435 4899 2597 4970 254
2631 4895 2784 4952 CAP.
2814 4894 2876 4949 ιι.

231 5015 355 5087 ὀξι
375 5013 555 5087 εἰκών
573 5012 706 5087 ἐστι
729 5011 836 5087 te}?
867 5012 1133 5087 Θεοῡμκαὶ
1174 5014 1404 5087 Πατρός
1432 5016 1466 5087 d_
1500 5016 1651 5087 Υἱός.
1699 5016 1794 5067 Ἐν

1901 5019 2055 5086 Quod
2082 5019 2256 5087 imago
2273 5016 2367 5071 Dei
2391 5032 2452 5068 ac
2478 5013 2662 5087 Patris
2676 5012 2745 5065 sit
2766 5008 2957 5087 Filius.
2989 5004 3088 5087 Ubi
3110 5000 3466 5087 Judaei-etiam

294 5077 351 5159 (Ir
371 5084 471 5159 καὶ
484 5084 632 5159 πρός
661 5081 990 5159 ἰορδαίους
1006 5082 1276 5159 ἐλεγχος,
1504 5068 1795 5159 γοοῦγτας
1905 5068 1914 5084 ³

1905 5068 2443 5159 ’Ἴὶξηῑέὶέεῗιάιῑιζιάν,
2463 5082 2602 5152 quod
2634 5098 2737 5137 non
2766 5078 3203 5146 intelligantquar
3227 5087 3259 5124 a
3282 5068 3466 5137 Moyse

292 5156 367 5293 ἓνιὲ
428 5150 533 5208 διὰ
574 5150 833 5218 Μωσέως
880 5152 1315 5221 αἰνιγματωδῶς
1356 5150 1598 5222 μᾶλλον
1650 5156 1799 5222 εἰρη-

372 5240 468 5280 να.

964 5152 1315 5221 θιγματωδῶς
1356 5150 1598 5222 μᾶλλον
1650 5156 1799 5222 εὶρη·
1974 5150 2198 5230 figurate
2223 5157 2421 5225 scripta
2441 5150 2584 5207 sunt.

302 5336 449 5389 Οὔτε
476 5334 686 5403 φωνὴν
706 5333 891 5387 αὑτοῦ
938 5331 1173 5387 πώποτε
1217 5334 1531 5401 ἀκηκόατε,
1563 5334 1702 5388 οὔτε
1722 5332 1800 5390 εἷ-

1975 5334 2041 5400 ν,
2068 5334 2156 5398 57,
2180 5332 2269 5387 58.
2304 5330 2484 5399 Neque
2518 5341 2690 5381 vocent
2716 5322 2829 5391 ejus
2847 5332 3077 5387 unquam
3095 5311 3345 5373 audistis,
3376 5326 3461 5403 ne-

238 5426 333 5491 δος
386 5401 572 5479 αὐτοῦ
618 5424 931 5493 ἑωράκατε,
960 5424 1192 5479 καὶτὸν
1242 5427 1438 5495 Λόγον
1462 5426 1649 5481 αὐτοῦ
1686 5428 1797 5481 οὐκ

1904 5446 2001 5502 que
2037 5428 2255 5496 speciem
2284 5424 2398 5494 ejus
2435 5419 2683 5480 vidistis;
2718 5424 2767 5471 et
2806 5412 3029 5467 Verbum
3051 5408 3164 5479 ejus
3188 5422 3290 5460 non
3312 5401 3471 5457 habe-

238 5515 398 5584 ἔχετε
412 5517 483 5570 ἐν
508 5515 649 5585 ὑμῖν
664 5514 947 5584 μένοντα.
970 5514 1057 5567 ὅτι
1072 5514 1143 5569 ὃν
1156 5493 1541 5572 ἀπέσταλκεν
1559 5518 1809 5586 ἐκεῖνος,

1914 5493 1988 5575 iis
2014 5521 2067 5572 in
2088 5518 2227 5572 vobis
2255 5493 2468 5568 manens
2493 5526 2509 5563 .'
2535 5510 2657 5578 quia
2693 5520 2839 5575 quem
2883 5500 3023 5554 misit
3072 5497 3180 5561 ille,
3223 5493 3344 5547 huic
3383 5504 3470 5545 vos

242 5609 421 5674 τούτῳ
446 5607 612 5676 ὑμεῖς
640 5609 710 5661 οὺ
726 5607 1066 5663 πιστεύετε.

656 5609 710 5661 νὺ
726 5607 1066 5663 πιστεύετε.
1908 5627 2007 5663 non
2042 5606 2276 5663 creditis.

312 5784 330 5813 ³
366 5782 596 5855 Philipp.
634 5803 691 5851 ll,
729 5788 775 5840 7.
853 5790 868 5821 "
912 5790 1056 5845 l‘sal.
1090 5804 1151 5851 tt,
1183 5788 1237 5840 6.
