4102 6540
691 401 802 457 “5

1649 391 1709 459 s‘.
1749 362 2026 462 ambit
2062 402 2530 460 ALEXANDRINI
2566 404 2889 461 ARCHIEP.
3802 415 3887 470 tu;

691 524 871 570 autem
904 515 1269 585 respondebat
1298 514 1348 569 ei
1369 516 1592 570 vocem
1620 516 1686 570 Et
1715 517 2242 589 istiusmodiquiden'

2288 524 2333 580 Α
2364 517 2521 587 ὑμεῖς
2546 518 2608 570 οὐ
2639 534 2947 573 πιστευετε.
2988 537 3006 571 ι
3038 518 3117 573 Ta
3143 519 3251 588 γὰρ
3264 519 3323 571 ὲν
3342 517 3502 589 τύπῳ
3528 521 3767 588 γεγονότα
3790 535 3884 585 κη’

689 615 773 660 est
792 606 1179 673 sapientissimi
1192 604 1388 676 Moysi:
1407 606 1712 661 oraculum.
1730 608 1837 663 Sed
1856 623 2023 673 nunc,
2039 609 2255 676 opinor,

687 694 1082 749 ostendendum
1108 693 1266 748 nobis
1285 701 1368 748 est
1386 691 1602 749 Judaaos
1632 695 1686 748 in
1714 696 2030 764 opinionem
2053 698 2121 752 de
2148 697 2258 753 Deo

688 785 844 839 valde
866 782 1152 837 ridiculam
1213 799 1334 839 esse
1381 784 1657 855 delapsos,
1713 787 1807 857 qui
1855 789 2102 858 putarint
2132 805 2257 845 cum

685 875 808 943 ejus
852 875 1092 944 speciem
1156 890 1217 929 se
1254 875 1480 941 vidisse,
1539 884 1653 930 tum
1682 892 1872 933 vocem
1915 895 2022 949 qua
2054 888 2249 936 natura

684 967 868 1022 divina
907 966 1135 1037 prazdita
1158 970 1230 1024 sit
1259 984 1316 1024 re
1346 984 1472 1024 vera
1497 970 1738 1028 audisse.
1768 971 1878 1040 Age
1908 972 2111 1037 itaque,
2132 972 2254 1027 Sal-

682 1056 890 1112 vatoris
926 1057 1101 1128 gratia
1122 1065 1177 1113 et
1214 1058 1550 1130 benignitate
1588 1060 1803 1123 conﬁsi,
1844 1062 2039 1116 littera:
2063 1062 2251 1132 legalis

681 1147 985 1204 crassitiem
1014 1148 1083 1203 ad
1126 1150 1427 1219 spiritalem
1457 1151 1970 1219 contemplationem
1998 1151 2252 1208 subtilius

682 1240 1102 1296 transferamus.
1167 1241 1258 1296 Sic
1293 1242 1441 1296 enim
1484 1242 1769 1312 apparebit
1808 1257 2025 1312 quoque
2062 1259 2250 1299 verum

681 1330 812 1384 illud
842 1346 966 1388 esse
1011 1333 1157 1402 quod
1194 1334 1261 1387 ad
1293 1332 1597 1389 Pharisaeos
1623 1334 1693 1388 de
1728 1332 1840 1388 Deo
1874 1334 2078 1389 dictum
2117 1342 2202 1389 est
2233 1352 2248 1388 :

686 1438 705 1471 ι
742 1417 932 1490 Neque
980 1437 1169 1478 vocem
1209 1423 1329 1492 ejus
1365 1437 1603 1493 unquam
1645 1422 1903 1487 audistis,
1927 1437 2106 1490 neque
2130 1438 2253 1492 spe-

680 1510 817 1565 ciem
847 1512 969 1581 ejus
990 1513 1223 1569 vidistis.
1267 1532 1287 1565 ι
1818 1508 1823 1513 ⁷

2358 610 2533 662 έκεῖνο
2570 608 2665 662 τοῦ
2724 609 2939 680 καιροῦ,
2975 611 3067 664 καὶ
3109 610 3178 663 δι’
3218 605 3292 663 ὧν
3322 611 3512 673 αὐτοῖς
3542 613 3575 681 ή
3608 612 3695 665 επὶ
3715 616 3769 669 τὸ
3790 618 3887 689 δρος

2357 700 2419 752 τὸ
2451 702 2584 753 Σινᾶ
2611 699 2835 764 κάθοδος
2876 702 3008 771 ἐσχη
3018 699 3273 773 ματίζετο
3285 700 3386 755 τοῦ
3406 700 3568 767 Θεοῦ,
3586 703 3742 760 ταῦτα
3759 708 3887 765 πόλιν

2358 790 2560 856 εἰδότες
2590 791 2762 857 οὐδὲν,
2806 792 2907 846 οὐκ
2938 793 3021 856 είς
3057 792 3272 856 εἰκόνας
3313 792 3658 863 πραγμάτων
3691 795 3888 867 ἐδέχοντο

2357 882 2581 951 νοητῶν,
2617 882 2730 935 ἀλλ’
2753 883 2905 946 ὄντες
2944 882 3042 954 [ιιι.
3077 880 3268 951 ὅντως]
3304 884 3542 946 καὶτοῖς
3561 882 3652 937 τοῦ
3683 884 3888 957 σώματος

2359 973 2655 1044 ὀφθαλμοῖς
2710 974 2912 1045 ὁρατὴν
2959 969 3098 1028 εἶναι
3145 973 3408 1027 δύνασθαι
3458 973 3558 1045 τὴν
3600 974 3738 1029 θείαν
3757 976 3888 1047 ᾤοντο

2360 1062 2541 1133 φύσιν,
2573 1065 2669 1117 καὶ
2702 1068 2854 1137 φωνῇ
2892 1066 3180 1135 σωματικῇ
3220 1064 3526 1134 κεχρῆσθαι
3554 1068 3886 1124 πεπιστεύκει-

2361 1170 2481 1209 σαν.
2527 1155 2647 1207 "tm
2669 1154 2726 1208 δὲ
2754 1154 2961 1226 ἀληθὴς
2989 1156 3075 1209 ἐπ’
3103 1155 3287 1219 αὐτοῖς
3316 1154 3416 1210 τοῦ
3445 1156 3690 1227 Σωτῆρος
3718 1160 3743 1211 6
3766 1158 3886 1228 λόγος

2359 1239 2450 1314 ἦν,
2477 1243 2573 1313 καὶ
2593 1243 2715 1298 οῦτε
2747 1245 2931 1315 φωνῆς
2950 1245 3223 1317 ἀκηκόασί
3260 1262 3395 1301 ποτε
3418 1245 3513 1301 τοῦ
3543 1246 3675 1301 Θεοῦ
3691 1249 3776 1304 καὶ
3803 1252 3886 1307 Πα-

2356 1335 2502 1406 τρὸς,
2528 1333 2651 1387 οὔτε
2684 1335 2783 1404 μὲν
2801 1335 2923 1403 ὄψει
2966 1338 3032 1407 τῇ
3058 1336 3148 1390 διὰ
3191 1335 3452 1407 σώματος
3473 1337 3713 1394 τεθέαται
3732 1357 3802 1405 τις
3828 1340 3888 1397 tl-

2354 1424 2441 1488 δος
2456 1423 2645 1488 αὑτοῦ,
2656 1425 2901 1478 τουτέστι
2924 1425 3016 1479 τὸν
3032 1427 3215 1497 ὅμοιον
3237 1426 3391 1497 αὐτῷ
3408 1427 3551 1481 κατά
3567 1429 3730 1483 πάντα
3748 1431 3885 1500 λόγον,

2353 1516 2549 1586 χρῆναι
2578 1516 2736 1570 πάλιν
2767 1516 3028 1581 ὸπιδεῖξαι
3057 1517 3244 1587 σαφῶς
3277 1518 3648 1589 ὑπολαμϐάνω
3676 1522 3739 1575 τά
3760 1524 3809 1577 tv
3835 1530 3886 1595 τῇ

692 1602 885 1671 Ἐξόδῳ
904 1603 1264 1674 γεγραμμένα
1299 1604 1611 1675 παραθέντα
1639 1614 1777 1674 προς
1807 1603 2033 1673 ἐρευνάν
2066 1621 2125 1657 τε
2155 1604 2249 1658 καὶ
2286 1605 2520 1675 βάσανον
2547 1608 2949 1678 πνευματικήν.
2986 1608 3140 1678 Ἔχει
3167 1608 3227 1661 δὲ
3252 1607 3430 1672 οὕτως
3456 1626 3471 1642 ⁸
3518 1629 3537 1662 ι
3561 1611 3667 1665 Καὶ
3699 1613 3886 1684 ἐξήγαγε

676 1697 879 1767 Μωσῆς
901 1698 992 1752 τὸν
1016 1699 1143 1752 λαὸν
1166 1701 1243 1764 είς
1281 1701 1381 1770 τὴν
1410 1700 1732 1770 συνάντησιν
1752 1698 1847 1753 τοῦ
1885 1698 2023 1753 Θεοῦ
2052 1700 2116 1753 ὲκ
2183 1704 2281 1772 τῆς
2321 1702 2693 1773 παρεμϐολῆς,
2761 1702 2857 1756 καὶ
2892 1703 3244 1775 παρέστησαν
3290 1705 3400 1759 ὑπὸ
3428 1704 3552 1777 ϐρος
3595 1709 3654 1762 τὸ
3682 1709 3807 1764 Σινᾶ.
3832 1712 3887 1767 τὸ

674 1788 732 1841 δὲ
758 1790 883 1860 δρος
916 1792 977 1846 τὸ
1008 1794 1139 1846 Σινᾶ
1171 1794 1491 1859 ὲκαπνίξετο
1516 1795 1634 1848 ὅλον
1654 1794 1742 1848 διὰ
1780 1795 1841 1847 τὸ
1868 1795 2304 1867 καταϐεϐηκέναι
2341 1798 2432 1852 τὸν
2454 1798 2587 1851 Θεὸν
2619 1798 2706 1851 ἐπ’
2731 1797 2896 1852 αὐτοῦ
2956 1802 3016 1852 ὲν
3061 1800 3214 1870 πυρί.
3274 1800 3387 1855 Καὶ
3420 1800 3696 1855 ἀνέϐαινεν
3743 1804 3768 1856 ό
3811 1822 3887 1861 ια.

675 1878 827 1945 πνὸς,
855 1882 931 1946 ὡς
978 1884 1184 1949 καπνὸς
1241 1886 1492 1956 καμίνου.
1551 1887 1662 1940 Καὶ
1714 1886 1909 1955 ἐξέστη
1942 1890 2050 1951 πᾶς
2078 1890 2105 1941 ὁ
2128 1889 2254 1953 λαὸς
2294 1890 2518 1961 σφόδρα.
2558 1890 2828 1959 Ἐγίνοντο
2861 1889 2919 1943 δὲ
2979 1890 3036 1944 ai
3074 1891 3251 1960 φωναὶ
3293 1894 3397 1961 τῆς
3439 1892 3726 1961 σάλπιγγος
3780 1910 3885 1966 προ⁴

675 1970 977 2041 ϐαίνουσαι,
1006 1978 1222 2046 ἰσχυραὶ
1261 1978 1484 2048 σφόδρα.
1509 1978 1716 2049 Μωσῆς
1749 1978 1948 2043 ἐλάλει,
1983 1982 2012 2033 ό
2070 1980 2128 2035 δὲ
2191 1982 2325 2046 Θεὸς
2361 1982 2698 2053 ἀπεκρίνατο
2731 1981 2880 2052 αὑτῷ
2909 1985 3082 2053 φωνῇ.
3103 2002 3121 2035 ι
3169 1977 3298 2035 Ὧδε
3344 1983 3447 2053 μὲν
3479 1979 3572 2038 οῦν
3596 1985 3717 2055 ἡμῖν
3741 1986 3792 2040 τὸ
3816 1990 3886 2042 τοῦ

677 2062 950 2131 πανσόφου
998 2066 1240 2129 Μωσέως
1283 2066 1462 2134 λόγιον
1516 2066 1647 2137 ἔχει.
1702 2070 1822 2121 Δεῖν
1848 2068 1905 2121 δὲ
1939 2064 2115 2140 οἶμαι,
2148 2072 2243 2125 καὶ
2279 2074 2373 2126 νῦν
2400 2074 2480 2135 είς
2500 2071 2846 2140 γελοιοτάτην
2870 2072 3380 2138 κατολισθαίνοντας
3420 2074 3550 2144 περὶ
3583 2073 3710 2128 Θεοῦ
3764 2076 3884 2144 δόξαν

671 2158 798 2220 τοὺς
836 2157 1122 2221 Ἰουδαίους
1152 2160 1413 2230 ἐλέγχειν,
1446 2162 1539 2214 καὶ
1556 2161 1685 2213 αὐτὸ
1711 2162 2001 2216 τεθεᾶσθαι
2058 2164 2121 2217 τὸ
2183 2163 2321 2230 εἶδος
2356 2165 2640 2236 οἰηθέντας
2672 2163 2858 2228 αὑτοῦ,
2892 2165 2985 2218 καὶ
3010 2166 3240 2222 ἀκοῦσαι
3272 2171 3377 2240 τῆς
3415 2170 3582 2233 ὅντως
3614 2170 3809 2240 ἑνούσης
3835 2173 3883 2240 τῇ

661 2246 793 2318 ,θείᾳ
820 2248 979 2316 φύσει
1021 2249 1225 2319 φωνῆς.
1269 2251 1403 2316 Ἀγε
1433 2249 1495 2320 δὴ
1540 2249 1721 2304 τοίνυν
1755 2253 1821 2321 τῇ
1864 2249 1955 2304 τοῦ
1999 2252 2248 2323 Σωτῆρος
2286 2255 2708 2326 ὲπιθαρσοῦντες
2728 2261 2963 2333 χορηγίᾳ
3003 2259 3099 2311 καὶ
3128 2258 3336 2328 χάριτι,
3400 2257 3500 2329 τὴν
3550 2259 3641 2313 τοῦ
3705 2265 3881 2331 νομικσό

672 2343 957 2413 παχύτητα
988 2344 1315 2415 γράμματος
1335 2346 1414 2407 είς
1471 2345 1849 2417 πνευματικὴν
1909 2346 2141 2418 θεωρίαν
2207 2349 2689 2424 ἀπολεπτύνωμεν.
2720 2354 2876 2409 οὕτω
2904 2353 3017 2423 γὰρ
3069 2352 3306 2422 μάλιστα
3346 2352 3592 2419 φανεῖται
3619 2352 3707 2406 καὶ
3728 2352 3883 2420 ἀληθὲς

559 2460 571 2467 -
668 2435 731 2487 τὸ
771 2435 908 2506 πρὸς
959 2436 1285 2507 Φαρισαίους
1325 2435 1615 2507 εἰρημένον
1669 2438 1798 2508 περὶ
1847 2437 2016 2492 Θεοῦ·
2050 2458 2070 2490 ι
2103 2437 2240 2491 Οὔτε
2283 2443 2466 2513 φωνὴν
2519 2445 2684 2498 αὐτοῦ
2740 2444 2962 2499 πώποτε
3017 2443 3314 2515 ἀκηκόατε,
3374 2442 3500 2496 οὔτε
3571 2440 3700 2508 εἶδος
3755 2445 3881 2500 αὑτοῦ

577 2517 580 2520 ’
670 2529 972 2599 ἑωράκατε.
1008 2546 1029 2579 ι

740 2621 897 2690 Quod
930 2624 1096 2694 igitur
1128 2625 1365 2695 populus
1413 2624 1469 2678 in
1509 2640 1803 2680 occursum
1834 2624 1928 2680 Dei
1968 2626 2242 2692 educitur,

2281 2635 2318 2688 Β
2418 2625 2491 2679 Τὸ
2544 2626 2642 2695 μὲν
2675 2620 2769 2678 οὖν
2802 2624 2890 2677 διὰ
2937 2622 3179 2686 Μωσέως
3225 2622 3521 2690 ἐξάγεσθαι
3559 2622 3648 2676 τὸν
3682 2622 3789 2677 λαὸν
3819 2627 3879 2687 είς

668 2719 813 2774 sicut
846 2719 1113 2789 scriptum
1160 2728 1262 2785 est,
1312 2717 1668 2773 manifestum
1708 2720 1926 2789 signum
1971 2718 2156 2782 fuerit,
2196 2727 2253 2776 et

668 2811 839 2880 ﬁgura
879 2826 987 2865 non
1023 2824 1188 2880 posse
1223 2810 1442 2880 aliquos
1481 2810 1548 2864 ad
1585 2808 1757 2864 Deum
1790 2810 1999 2880 absque
2034 2810 2254 2865 institu-

666 2904 816 2956 tione
846 2910 900 2957 et
933 2901 1167 2956 scientia
1198 2900 1406 2964 venire,
1444 2899 1540 2955 sed
1565 2900 1683 2970 lege
1720 2901 1906 2969 potius
1938 2903 2100 2969 quasi
2130 2916 2249 2954 ma-

666 3009 740 3047 nu
772 2992 839 3047 ad
879 2992 1216 3062 agnitionem
1261 3007 1453 3046 eorum
1492 3007 1619 3061 quas
1667 2992 1903 3062 cupiunt
1958 2992 2248 3056 deductos,

666 3082 1003 3154 perdiscere.
1036 3083 1241 3138 Mosem
1275 3083 1479 3153 quippe
1500 3097 1603 3153 pro
1629 3084 1748 3152 lege
1766 3085 2069 3153 capiemus,
2097 3083 2249 3152 iuxta

663 3172 799 3227 illud
821 3172 967 3242 quod
988 3187 1018 3226 a
1046 3172 1281 3241 quodam
1319 3171 1529 3225 dictum
1561 3180 1646 3227 est
1674 3190 1686 3226 :
1716 3190 1739 3223 ι
1778 3172 1994 3227 llabent
2024 3173 2249 3245 Moysen

660 3273 717 3320 et
756 3265 1053 3334 prophetas
1094 3266 1161 3319 ²⁰.
1206 3283 1225 3316 ι
1270 3262 1432 3330 Quod
1474 3271 1663 3317 autem
1696 3251 2107 3335 populus‘gastat
2145 3266 2249 3321 sub

662 3365 872 3419 monte,
905 3370 1029 3409 cum
1056 3356 1168 3424 jam
1204 3353 1589 3409 descendisset
1632 3353 1777 3409 Deus
1807 3361 1862 3408 et
1912 3340 1967 3408 in
2004 3356 2124 3424 ipso
2164 3372 2251 3412 es-

658 3456 763 3511 set,
798 3447 965 3501 animi
987 3446 1235 3502 studium
1262 3445 1675 3499 etalacritatem
1706 3460 1897 3500 eorum
1919 3447 2018 3515 qui
2043 3461 2248 3501 vocan-

661 3545 752 3591 tur
786 3537 839 3591 in
883 3536 1203 3592 servitutem
1242 3535 1540 3605 significat,
1577 3535 1674 3604 qui
1710 3551 1818 3590 non
1854 3546 2097 3591 renuunt
2134 3538 2246 3590 ullo

636 3607 826 3682 ’modo
874 3644 961 3684 res
999 3642 1166 3697 supra
1200 3627 1349 3682 vires
1386 3635 1482 3681 aut
1525 3627 1753 3682 altiores
1783 3635 1981 3681 natura
2026 3644 2127 3683 sua
2161 3643 2247 3700 ago

658 3718 814 3789 gredi
849 3718 1156 3788 opitulante
1192 3716 1329 3787 ipsis
1361 3716 1495 3773 Deo.
1536 3716 1867 3786 Hujusmodi
1913 3727 2044 3773 sunt
2074 3718 2243 3774 nimi-

658 3825 804 3877 rum,
835 3810 929 3880 qui
967 3809 1272 3865 Salvatoris
1310 3817 1439 3865 sunt
1493 3808 1829 3879 participes)
1872 3810 2108 3879 Ideoque
2149 3811 2241 3880 qui

656 3902 918 3956 virtutem
944 3901 1132 3955 colunt
1167 3901 1405 3954 humana
1441 3900 1703 3970 majorem
1733 3919 1746 3955 :
1792 3890 1811 3951 ι
1849 3899 1984 3966 Quis
2016 3916 2118 3957 nos
2151 3916 2241 3956 se-

656 3991 894 4060 parabit,
944 3989 1220 4059 inquiunt,
1260 4005 1290 4043 a
1329 3989 1606 4045 charitate
1634 3990 1876 4045 Christi?
1902 3989 2236 4056 Tribulatio,

655 4094 725 4133 an
763 4080 1034 4149 angustia,
1072 4093 1140 4131 an
1176 4078 1514 4147 persecutio,
1543 4093 1613 4132 an
1646 4078 1844 4145 fames,
1882 4094 1952 4135 an
1994 4080 2236 4147 nuditas,

653 4186 724 4224 an
759 4169 1085 4238 periculum,
1118 4183 1183 4222 an
1219 4169 1435 4238 gladius
1462 4169 1550 4222 “?
1586 4188 1607 4221 ι
1639 4167 1838 4224 Omnia
1863 4170 2066 4240 quippe
2092 4171 2240 4226 mala

651 4262 961 4316 tolerabilia
990 4270 1121 4314 sunt
1151 4260 1259 4329 piis
1286 4260 1608 4315 hominibus
1634 4268 1857 4330 propter
1883 4260 2239 4316 dilectione-II

647 4352 881 4412 Christi.
908 4361 962 4405 et
994 4350 1123 4407 licet
1149 4351 1436 4407 tribulatio
1474 4359 1534 4405 ut
1570 4366 1729 4405 mons
1771 4350 2038 4422 erigatur.
2070 4367 2239 4408 omne

651 4440 957 4510 periculum
985 4441 1234 4495 animose
1282 4440 1361 4494 illi
1396 4440 1762 4511 superabunt,
1803 4451 1907 4496 eta
1942 4441 2237 4499 dilectione

654 4532 747 4586 Dei
782 4547 890 4585 non
922 4535 1205 4587 recedent.
1241 4530 1379 4586 Cum
1425 4542 1607 4588 autem
1644 4533 1984 4589 descendere
2016 4533 2237 4591 dicatur

652 4619 818 4683 Deus,
869 4628 1051 4674 tamen
1076 4636 1184 4674 non
1234 4622 1289 4675 in
1321 4622 1568 4691 planitie,
1606 4624 1701 4678 sed
1732 4639 1899 4694 supra
1944 4626 2218 4694 quodam-

651 4710 836 4776 modo,
863 4718 920 4765 et
957 4711 1012 4764 in
1045 4719 1229 4765 monte
1261 4719 1506 4781 apparet,
1538 4718 1596 4765 ut
1625 4713 1735 4767 tale
1780 4712 2047 4783 quiddam
2088 4716 2234 4785 apud

651 4812 705 4858 te
748 4804 979 4874 cogites,
1041 4803 1303 4857 nimirum
1354 4802 1484 4858 licet
1537 4811 1733 4857 natura
1787 4804 1971 4858 divina
2024 4805 2235 4860 nostris

651 4896 927 4950 mentibus
955 4893 1430 4960 condescendens,
1451 4896 1690 4965 seipsam
1720 4896 1884 4951 nobis
1919 4896 2232 4968 intelligen-

648 4986 775 5040 dam
805 4987 1067 5056 praebeat,
1103 4988 1354 5042 altiorem
1402 4995 1586 5042 tamen
1632 5002 1758 5042 esse
1809 5003 1976 5057 quam
2010 4997 2071 5042 ut
2108 5004 2233 5044 eam

645 5076 952 5145 exprimere
978 5077 1212 5133 dicendo
1242 5085 1338 5131 aut
1359 5076 1576 5146 assequi
1605 5077 1900 5147 cogitando
1928 5080 2227 5149 possimus.

648 5168 967 5223 Sublimitas
992 5170 1136 5224 enim
1167 5180 1222 5224 et
1246 5170 1547 5225 eminentia
1566 5168 1880 5224 divinorum
1908 5171 2229 5241 dogmatum

2352 2718 2657 2788 ἀπάντησιν
2684 2716 2778 2770 τοῦ
2830 2715 2987 2778 Θεοῦ,
3028 2712 3173 2767 καθά
3224 2714 3561 2784 γέγραπται,
3607 2717 3802 2784 σημεῖον
3830 2716 3879 2769 ἂν

2351 2809 2561 2874 γένοιτο
2616 2805 2806 2873 σαφὲς,
2836 2805 2933 2858 καὶ
2991 2802 3149 2871 λόγος
3176 2803 3253 2867 ὡς
3288 2805 3350 2857 ὲν
3391 2804 3687 2874 αἰνίγματι,
3710 2803 3791 2858 τοῦ
3820 2806 3876 2874 μὴ

2351 2896 2610 2951 δύνασθαί
2642 2913 2795 2959 τινας
2832 2895 3301 2965 ἀπαιδαγωγήτως
3346 2912 3409 2949 τε
3442 2896 3534 2949 καὶ
3562 2895 3876 2966 ἁνεπιστήτως

2355 2988 2488 3041 ἱέναι
2520 2987 2657 3059 πρὸς
2689 2987 2847 3049 Θεὸν,
2886 2988 3034 3058 νόμῳ
3071 2987 3127 3041 δὲ
3164 2986 3368 3057 μᾶλλον
3392 2987 3874 3057 χειραγωγουμένοις

2350 3079 2430 3143 είς
2467 3079 2764 3146 ἐπίγνωσιν
2799 3072 2874 3132 ὧν
2900 3078 3143 3149 ζητοῦσι,
3192 3076 3409 3147 μαθεῖν.
3458 3079 3656 3149 Μωσῆς
3700 3078 3872 3148 mu;

2349 3171 2511 3235 νόμον
2540 3170 2675 3239 ἡμῖν
2712 3168 3057 3239 νοηθήσεται,
3081 3168 3222 3221 κατά
3242 3167 3302 3220 τὸ
3317 3168 3605 3239 εἰρημένον
3632 3168 3724 3222 ὑπό
3739 3185 3869 3232 τινος·

2354 3280 2373 3313 ι
2411 3262 2634 3331 Ἔχουσι
2697 3259 2923 3323 Μωσέα,
2952 3260 3047 3313 καὶ
3092 3260 3218 3322 τοὺς
3264 3260 3571 3330 προφήτας.
3603 3277 3622 3311 ι
3666 3260 3722 3312 Ἦ
3753 3260 3799 3313 δέ
3824 3275 3871 3327 γι

2348 3352 2690 3421 παράστασις
2720 3352 2754 3420 ἠ
2784 3349 2890 3403 ὑπὸ
2942 3350 3005 3403 τὸ
3035 3348 3181 3420 ὅρος,
3209 3349 3642 3421 καταϐεϐηκότος
3682 3350 3766 3420 ῆδη
3801 3352 3871 3403 καὶ

2345 3442 2497 3504 ϐντος
2539 3442 2599 3494 ἐν
2630 3440 2779 3511 αὐτῷ
2823 3440 2916 3494 τοῦ
2962 3440 3118 3506 Θεοῦ,
3176 3441 3276 3512 τὴν
3304 3442 3626 3513 ἑτοιμότητα
3660 3444 3746 3511 τῆς
3763 3440 3871 3508 γνώ-

2351 3547 2459 3601 μης
2496 3531 2590 3584 καὶ
2646 3530 2707 3585 τὸ
2754 3529 2953 3601 γοργὸν
3004 3532 3084 3593 είς
3137 3530 3385 3584 δουλείαν
3422 3530 3531 3584 τῶν
3577 3529 3869 3600 χαλωμένων

2347 3620 2621 3691 ὑποδηλοϊ,
2671 3620 2773 3675 οὐκ
2818 3620 3187 3675 ἀνανευόντων
3239 3620 3444 3689 τρόπον
3476 3619 3617 3684 τινὰ,
3664 3619 3746 3672 καὶ
3782 3620 3868 3680 τοῖς

2344 3710 2483 3780 ὑπὲρ
2539 3709 2769 3779 δύναμιν
2816 3710 2911 3763 καὶ
2956 3707 3307 3781 ὑψηλοτέροις
3360 3710 3395 3780 ἥ
3446 3709 3584 3763 κατά
3618 3708 3707 3778 τὴν
3743 3706 3867 3776 φύσιν

2344 3803 2691 3873 προσϐαλεῖν,
2729 3802 3108 3873 συμπαρόντος
3137 3802 3324 3866 αὐτοῖς
3357 3801 3453 3857 τοῦ
3497 3800 3646 3856 Θεοῦ.
3671 3798 3864 3853 Τοιοῦτοι

2344 3893 2407 3965 δὴ
2435 3893 2651 3957 πάντως
2682 3890 2777 3945 τοῦ
2827 3892 3079 3963 Σωτῆρος
3106 3893 3156 3945 οί
3207 3892 3450 3963 μέτοχοι.
3479 3892 3566 3945 Διὸ
3596 3892 3655 3962 δὴ
3682 3890 3762 3945 καὶ
3789 3889 3864 3958 τὴν

2268 3959 2310 4015 C
2344 3959 2483 4055 ὑπὲρ
2506 3984 2793 4054 ἄνθρωπον
2826 3959 3158 4053 μελετῶντες
3190 3959 3470 4054 ἀνδρείαν,
3502 4002 3521 4036 ι
3557 3959 3654 4044 Τίς
3673 3982 3729 4035 ἂν
3750 3980 3861 4049 ἡμᾶς

2341 4074 2597 4146 χωρίσαι,
2626 4075 2811 4143 φασὶν.
2850 4074 2960 4127 ἀπὸ
2989 4074 3092 4143 τῆς
3124 4072 3343 4145 ἀγάπης
3366 4074 3462 4128 τοῦ
3489 4069 3712 4144 Χριστοῦ
3732 4087 3747 4135 ;
3766 4067 3860 4120 θλι-

2337 4166 2450 4236 ψις,
2483 4165 2517 4236 ἢ
2549 4164 2898 4237 στενοχωρία,
2924 4165 2958 4237 ἢ
2988 4164 3247 4235 διωγμὸς,
3272 4164 3502 4236 ἦλιμὸς,
3540 4163 3572 4233 ἢ
3604 4158 3854 4232 γυμνότης,

2335 4259 2368 4329 ἦ
2401 4256 2661 4323 κίνδυνος.
2692 4256 2725 4329 ἦ
2755 4257 2999 4328 μάχαιρα
3024 4273 3039 4321 ;
3075 4275 3094 4307 ι
3126 4254 3311 4311 Πάντα
3332 4256 3566 4328 γάρτοῖς
3594 4248 3855 4306 εὐσεϐοῦσιν

2335 4349 2489 4403 οἱστά
2517 4349 2588 4403 τὰ
2645 4350 2796 4403 δεινά
2837 4348 2927 4403 διὰ
2952 4348 3052 4419 τὴν
3081 4349 3162 4413 εις
3206 4349 3444 4420 Χριστὸν
3475 4347 3747 4417 ἀγάπησιν
3777 4340 3855 4394 κᾶν

2335 4441 2411 4505 ὡς
2444 4441 2571 4513 ὅρος
2599 4442 2633 4511 ἡ
2665 4441 2847 4512 θλίψις
2870 4439 3174 4511 ἐγείρηται,
3205 4439 3412 4504 παντὸς
3439 4440 3627 4494 ἐκεῖνοι
3658 4431 3853 4489 κινδύνου

2334 4532 2894 4600 κατανεανιεύσονται,
2953 4535 3048 4586 καὶ
3080 4532 3184 4603 τῆς
3242 4532 3381 4603 πρὸς
3432 4531 3560 4585 Θεὸν
3583 4528 3743 4598 φιλίας
3776 4521 3851 4591 τήν

2333 4623 2557 4694 γνώμην
2584 4624 2687 4677 οὐκ
2739 4624 3129 4694 ἀποστήσουσι.
3171 4622 3471 4677 Κατελθεῖν
3501 4621 3557 4675 δὲ
3590 4617 3847 4687 λεγόμενος.

2332 4716 2432 4768 οὐκ
2462 4716 2543 4778 είς
2609 4714 2880 4785 χθαμαλόν
2929 4732 3049 4767 τινα
3076 4712 3276 4783 χῶρον,
3302 4712 3418 4766 ἀλλ’
3445 4712 3555 4767 ἀνω
3591 4707 3735 4762 πάλιν
3769 4717 3847 4755 που

2332 4808 2426 4861 καὶ
2450 4808 2507 4861 ὲν
2537 4806 2653 4877 ὄρει
2692 4805 2940 4876 φαίνεται
2962 4806 3113 4872 Θεὸς,
3146 4808 3233 4860 ἵνα
3265 4806 3332 4877 δή
3366 4824 3419 4860 τι
3445 4800 3673 4857 τοιοῦτον
3698 4792 3843 4859 ἐννοή-

2332 4914 2433 4971 σῃς
2460 4898 2601 4952 κατά
2624 4897 2838 4961 σαυτὸν,
2869 4900 2952 4951 ὅτι
2999 4898 3102 4953 κᾶν
3139 4902 3258 4962 ταῖς
3310 4897 3603 4968 ἡμετέραις
3637 4884 3845 4943 διανοίαις

2329 4970 2513 5059 ὴθεία
2538 4987 2702 5057 φύσις
2735 4987 3266 5055 συγκαταϐαίνουσα,
3296 4985 3631 5057 ὲαυτὴνήμῖν
3643 4970 3844 5047 προσάγῃ

2294 5104 2295 5107 ‘
2328 5078 2466 5150 πρὸς
2498 5078 2850 5147 κατανόησιν,
2894 5077 3009 5131 ἀλλ’
3054 5076 3171 5131 ἐστι
3200 5078 3362 5132 πάλιν
3395 5079 3451 5129 έν
3482 5075 3588 5135 τοῖς
3618 5065 3734 5121 πολὺ
3751 5059 3842 5113 λίαν

2330 5169 2470 5240 ὑπὲρ
2497 5170 2663 5240 ἡμᾶς’
2686 5168 2779 5221 καὶ
2813 5168 3012 5235 λόγοις,
3043 5169 3139 5223 καὶ
3171 5168 3504 5240 θεωρήμασι.
3531 5166 3570 5217 Τ
3573 5163 3599 5215 ὸ
3616 5160 3709 5229 γὰρ
3731 5151 3839 5240 ὑψηξ

646 5272 745 5327 per
776 5268 1016 5313 montem
1071 5260 1440 5328 signiﬁcatur,
1494 5276 1655 5331 quem
1706 5259 1860 5315 fumo
1906 5238 2081 5317 totum
2125 5277 2225 5332 ope

2281 5305 2300 5356 )
2327 5259 2417 5311 λόν
2440 5238 2624 5312 τεκαὶ
2650 5257 2944 5329 ὑπέρτονον
2972 5258 3081 5313 τῶν
3113 5260 3242 5330 περὶ
3283 5238 3457 5328 αῦτῆς
3503 5250 3756 5322 δογμάτων
3774 5238 3840 5338 διῗ

646 5326 849 5419 pletum
880 5350 1044 5419 258
1073 5326 1226 5406 dicit.
1267 5352 1440 5408 Acres
1462 5326 1606 5407 enim
1647 5359 1777 5407 sunt
1810 5352 2091 5421 profecto,
2123 5326 2227 5407 nec

2281 5326 2300 5356 ’
2327 5348 2423 5405 τοῦ
2461 5349 2619 5421 ὅρους
2648 5326 2994 5420 σημαίνεται,
3020 5350 3049 5403 ὃ
3077 5351 3174 5405 καὶ
3189 5326 3425 5421 σύμπαν
3447 5350 3570 5420 ἡμῖν
3588 5358 3657 5410 τῳ
3688 5326 3838 5421 καπνῷ

645 5440 943 5494 admodum
972 5442 1104 5496 clari
1138 5442 1283 5514 apud
1315 5460 1415 5499 nos
1444 5444 1513 5499 de
1549 5444 1757 5499 deitate
1786 5458 2097 5507 sermones,
2129 5444 2224 5512 qui

611 5572 615 5576 γ
645 5533 846 5585 mentis
874 5532 1093 5586 oculum
1137 5534 1286 5589 l‘umo
1313 5536 1592 5590 vellicant.
1631 5534 1978 5604 Quapmpter
2016 5533 2221 5591 Paulus

646 5621 739 5678 ille
768 5624 1231 5693 sapientissimus,
1265 5629 1321 5681 in
1374 5627 1604 5698 speculo
1637 5636 1690 5681 et
1715 5625 2008 5696 aenigmate
2037 5625 2222 5682 videre

2328 5416 2821 5510 καταμελαίνεσθαι
2850 5439 3017 5508 λέγει.
3068 5416 3291 5512 Δριμεῖς
3329 5440 3437 5512 γὰρ
3468 5416 3640 5495 ⁷ὅντως
3688 5422 3767 5481 καὶ
3790 5416 3837 5512 οὗ

2329 5507 2537 5602 σφόδρα
2562 5532 2629 5585 λα
2640 5533 2811 5603 μπροὶ
2827 5534 2958 5604 παρ’
2972 5534 3105 5603 ἡμῖν
3114 5507 3184 5587 οἱ.
3196 5550 3265 5586 πε
3272 5534 3327 5604 pl.
3343 5507 3585 5599 θεότητος
3597 5520 3742 5587 λόγοιν

2324 5592 2420 5691 ﬁl;
2435 5592 2671 5687 δίανοίαξ
2695 5592 2970 5695 ὀφθαλμὸν
2994 5592 3203 5678 καπνοῦ
3220 5592 3418 5696 [δίκην]
3437 5592 3745 5691 ἀμύττοντες·
3759 5592 3832 5651 Aw

721 5800 740 5831 '
780 5799 949 5856 Exod.
989 5819 1099 5870 xix,
1138 5804 1324 5860 17-19.
1400 5806 1442 5837 ¹⁰
1477 5804 1610 5860 Luc.
1644 5820 1755 5872 xw,
1791 5805 1877 5860 ‘29.
1960 5806 1999 5837 ιι
2042 5803 2200 5859 llom.
2238 5816 2353 5869 vui,
2390 5801 2480 5855 35.
