4102 6530
201 344 316 399 4ίῖ

198 544 564 614 ἐναίνίγματι
596 542 813 612 βλέπειν
854 543 1002 613 ἡμᾶς
1059 544 1477 618 διεμαρτύρατο,
1534 546 1784 602 Τεθεικέ-

203 652 294 689 ναι
321 634 378 689 δὲ
402 634 589 697 σκάτος
616 634 946 704 ἀποκρυφὴν
991 633 1178 701 αὐτοῦ,
1227 636 1320 689 τὸν
1351 637 1481 690 Θεὸν
1521 637 1780 706 δηλονότι,

200 726 342 796 φησί
372 742 474 779 που
504 724 667 779 πάλιν
692 727 721 778 ό
753 725 1025 795 Μελῳδδς,
1055 724 1134 795 τῷ
1158 725 1252 779 τοῦ
1309 728 1532 791 σκότους
1559 728 1783 798 ὀνόματι

201 817 304 884 τὴν
334 816 465 881 περὶ
496 815 659 869 αὐτὸν
689 816 1068 886 ἀκαταληψίαν
1097 817 1395 886 ὑποδηλῶν,
1416 813 1594 889 ἧσπερ
1616 819 1680 872 ἂν
1705 820 1785 882 είς

200 906 377 960 τύπον
437 905 664 976 ληφθείη
735 905 916 969 καλῶς
962 909 991 960 6
1037 907 1165 977 περὶ
1211 909 1272 961 1:6
1301 909 1409 980 πῦρ
1460 911 1517 962 ἐν
1547 909 1627 980 τῷ
1669 909 1785 981 ὄρει

203 997 436 1058 καπνός.
478 996 564 1048 Ἐν
585 996 756 1066 πυρὸς
784 995 840 1048 δέ
869 997 1106 1066 σχήματι
1131 997 1342 1050 κάτεισι
1365 998 1424 1050 τὸ
1452 998 1604 1051 Θεῖον
1633 999 1782 1065 αὐτὸ,

204 1087 330 1139 κατ’
372 1089 548 1140 ἐκεῖνο
583 1086 647 1157 δὴ
682 1087 919 1156 μάλιστα
966 1087 1184 1158 καιροῦ,
1234 1090 1552 1160 πρεπόντως
1589 1107 1649 1143 τε
1693 1089 1786 1144 καὶ

202 1177 522 1244 ἀναγκαίως
548 1180 612 1246 τῇ
646 1176 741 1230 τοῦ
764 1178 1086 1247 πράγματος
1113 1179 1295 1248 φύσει.
1332 1180 1476 1232 Ἔδει
1499 1180 1628 1248 γάρ,
1656 1181 1780 1247 ἔδει,

203 1269 297 1321 τὸν
325 1270 406 1332 είς
434 1269 677 1323 δουλείαν
704 1269 800 1322 καὶ
851 1269 1066 1322 σύνεσιν
1093 1270 1179 1324 διὰ
1223 1271 1317 1324 τοῦ
1351 1271 1634 1341 μέλλοντος
1668 1275 1782 1342 69t-

206 1360 506 1430 σθήσισθαι
565 1360 731 1430 νόμου
785 1360 1056 1415 καλοῦντα
1089 1361 1180 1414 τὸν
1241 1362 1482 1431 Ἰσραὴλ,
1513 1362 1785 1430 φωτιστὴν

205 1449 441 1520 δρᾶσθαι
475 1450 568 1502 καὶ
589 1450 860 1520 κολαστήν
880 1468 891 1481 ’
936 1451 1104 1519 ἄμφω
1156 1451 1214 1503 δὲ
1237 1451 1408 1503 ταῦτα
1437 1450 1669 1503 τελεῖται
1697 1449 1788 1504 διὰ

207 1540 406 1610 πυρός.
455 1557 478 1594 ι
519 1539 680 1593 Ἀλλὰ
710 1540 804 1593 καὶ
837 1542 1031 1607 φωναὶ,
1055 1541 1240 1610 φησὶν,
1280 1542 1336 1592 αἱ
1358 1541 1460 1611 τῆς
1493 1541 1789 1610 σάλπιγγος

203 1633 453 1698 ἐγίνοντο
502 1631 888 1701 προδαίνουσαι
951 1632 1296 1702 ἰσχυρότεραι
1349 1633 1574 1702 σφόδρα,
1631 1650 1650 1684 ι
1701 1633 1789 1686 ἴνα

205 1725 373 1778 πάλιν
397 1726 528 1793 ἡμῖν
555 1723 775 1794 τοιαύτη
806 1741 890 1787 τις
938 1725 1225 1793 νοημάτων
1250 1723 1600 1794 ἐξυφαίνηται
1631 1724 1787 1776 δύναο

1097 379 1100 383 λ
1190 337 1255 392 IN
1290 336 1577 396 JOANNIS
1621 335 2080 394 EVANGELIUM
2120 337 2355 393 LIBJII.

198 454 385 518 τοῦτο,
436 450 642 514 Παῦλος
689 451 789 522 μέν
837 451 866 502 6
907 451 1218 520 σοφώτατος
1274 453 1333 504 ἐν
1389 454 1640 524 ἐσόπτρῳ
1700 453 1794 506 καὶ

1899 465 2000 505 nos
2027 459 2263 506 testatus
2301 459 2386 506 est
2429 451 2492 504 “.
2533 449 2596 504 Et
2646 451 2849 507 alicubi
2887 450 3177 508 Psalmista
3203 455 3265 487 "‘
3295 456 3467 512 Deum
3557 472 3559 474 '

3344 347 3468 400 'HS

1886 543 2140 596 tenebras
2182 541 2434 611 posuisse
2469 541 2754 597 latibulum
2784 559 2943 599 suum
2986 544 3081 608 ait,
3116 546 3467 601 tenebrarum

1886 630 2107 684 nomine
2132 630 2525 698 comprehendi
2562 645 2621 684 se
2659 647 2766 686 non
2799 647 2964 701 posse
2997 632 3342 702 significans,
3378 651 3470 690 cu-

1881 723 1972 792 jus
2000 722 2675 792 incomprebensibilitatis
2708 729 2894 793 typum
2921 740 3043 779 esse
3073 725 3279 779 fumum
3312 726 3466 780 illum

1887 813 2029 882 ignis
2079 813 2133 866 in
2190 820 2394 877 monte,
2429 819 2578 866 recte
2627 812 2896 868 dicemus.
2941 813 2998 868 In
3058 815 3234 870 forma
3282 826 3466 872 autem

1887 905 2034 975 ignis
2080 903 2228 958 Dens
2268 904 2387 973 ipse
2419 902 2704 958 descendit
2735 921 2747 956 :
2800 905 2942 971 quod
2975 920 3041 959 eo
3072 914 3319 975 tempore
3368 923 3468 976 po-

1888 995 2162 1050 tissimum
2195 995 2569 1049 necessarium
2601 1003 2718 1047 erat
2756 1002 2810 1047 et
2841 995 2918 1048 rei
2959 1005 3172 1049 natura
3197 1011 3467 1066 congrue-

1888 1084 1999 1138 bat.
2036 1083 2274 1138 Decebat
2307 1083 2475 1144 enim,
2518 1081 2747 1136 decebat
2773 1097 2898 1135 eum
2936 1085 3026 1152 qui
3054 1099 3148 1152 per
3181 1085 3352 1154 legem
3384 1086 3468 1139 fu-

1889 1173 2343 1228 tttramlsraelem
2377 1174 2440 1225 ad
2465 1173 2786 1228 servitutem
2819 1184 2872 1228 et
2898 1175 3184 1228 scientiam
3210 1179 3464 1240 vocabat,

1891 1265 2223 1331 illuminare,
2270 1274 2324 1320 et
2357 1265 2640 1334 dirigere:
2696 1280 2819 1333 qum
2865 1267 2976 1320 duo
3012 1266 3324 1322 efficiuntur
3371 1285 3471 1338 per

1891 1358 2096 1427 ignem.
2137 1377 2153 1408 ι
2186 1357 2291 1411 Sed
2355 1367 2409 1412 ct
2461 1371 2645 1424 voces,
2686 1359 2891 1428 inquit,
2957 1359 3102 1413 tubae
3144 1358 3300 1415 facta:
3341 1370 3468 1416 sunt

1891 1448 2282 1518 praecedentes,
2333 1448 2587 1504 fortiores
2639 1449 2798 1503 valde
2827 1450 2904 1514 “;
2955 1469 2973 1500 ι
3012 1459 3069 1503 ιιι
3104 1451 3231 1505 hinc
3278 1468 3470 1506 rursus

1890 1540 2148 1594 nimirum
2186 1540 2494 1609 intelligas,
2538 1541 2705 1610 legem
2759 1540 2982 1610 quidem
3029 1543 3296 1611 prolatam
3349 1559 3471 1598 esse

1890 1645 2107 1700 quoque
2137 1645 2166 1683 a
2207 1629 2333 1692 Deo,
2369 1645 2477 1683 non
2517 1640 2696 1684 tamen
2733 1641 2988 1684 contenta
3026 1648 3156 1686 voce
3190 1633 3366 1699 initio,
3400 1636 3469 1688 ob

1890 1735 2078 1774 eorum
2101 1721 2192 1789 qui
2216 1720 2608 1774 erudiebantur
2627 1721 3082 1783 imbecillitatem,
3111 1724 3205 1777 sed
3230 1726 3380 1800 exilii,
3412 1735 3472 1778 ut

205 1833 336 1883 μιςο
387 1787 698 1887 ἐξεφωνήθη
763 1787 862 1884 μὲν
919 1787 1157 1884 γάρ-καὶ
1208 1815 1235 1865 6
1276 1787 1434 1883 νόμος
1459 1787 1607 1884 παρὰ
1628 1813 1781 1879 Θεοῦ,

1896 1815 1962 1866 ita
1999 1787 2200 1876 dicam,
2233 1827 2333 1866 nec
2372 1812 2506 1865 totis
2546 1811 2755 1866 viribus
2789 1813 3077 1867 tubicinis.
3121 1792 3470 1884 Proindenque

205 1908 350 1978 πλὴν
372 1909 432 1961 οὐ
458 1907 722 1969 συντόνως
760 1907 818 1960 ἐν
851 1906 990 1976 ἀρχῇ
1027 1905 1113 1960 διὰ
1138 1904 1236 1976 τὴν
1272 1904 1381 1958 τῶν
1408 1905 1787 1974 παιδαγωγου-

209 2003 391 2069 μὲνων
426 1998 728 2062 ἀσθένειαν,
775 1998 888 2051 ἀλλ’
925 1996 1286 2066 ίσχνοφώνως,
1315 1996 1382 2048 ἵν’
1425 1995 1594 2059 οὕτως
1625 1996 1785 2060 εἴπω,

207 2090 302 2143 καὶ
327 2089 427 2158 οὐχ
451 2088 577 2158 ὅλην
605 2087 742 2158 ἔχων
768 2088 864 2158 τὴν
899 2087 994 2140 τοῦ
1024 2087 1376 2151 σαλπίζοντος
1406 2086 1658 2156 δύναμιν.
1699 2087 1790 2141 Διὸ

207 2180 271 2249 δὴ
322 2180 417 2233 καὶ
456 2179 870 2251 βραδύγλωσσον
930 2179 1120 2231 ἑαυτὸν
1162 2178 1440 2248 ὠνόμαζεν
1487 2180 1516 2231 6
1562 2179 1786 2250 Μωσῆς.

209 2269 609 2340 Προσαίνοντος
673 2269 732 2323 δὲ
778 2269 873 2324 τοῦ
919 2270 1134 2342 καιροῦ,
1172 2270 1266 2323 καὶ
1324 2271 1387 2323 ἐκ
1414 2270 1514 2340 τῆς
1550 2270 1690 2324 κατὰ
1727 2270 1791 2323 τὸ

209 2358 447 2429 γράμμα
473 2359 629 2420 σκιᾶς
649 2358 729 2421 είς
755 2358 1134 2428 πνευματικὴν
1159 2357 1518 2427 ἀναφέροντος
1538 2356 1791 2428 λατρείαν

209 2451 340 2512 τοὺς
369 2448 724 2512 πιστεύοντας
752 2449 833 2510 είς
871 2448 1108 2518 Χριστὸν
1130 2489 1144 2514 ,
1196 2449 1540 2519 ἰσχυρότεραι
1586 2450 1791 2520 σφόδρα

209 2539 312 2609 τῆς
335 2538 485 2601 θείας
511 2539 809 2606 σάλπιγγος
841 2538 1134 2610 ἐξέδραμον
1165 2541 1220 2592 αί
1252 2541 1445 2609 φωναὶ,
1486 2541 1579 2595 τοῦ
1617 2559 1792 2610 σωτη-

216 2630 331 2700 ρίου
361 2646 421 2683 τε
451 2631 546 2682 καὶ
583 2629 938 2698 εὐαγγελικοῦ
985 2631 1343 2702 κηρύγματος
1385 2633 1569 2687 πᾶσαν
1594 2635 1792 2704 τρόπον

212 2723 338 2776 τινὰ
364 2720 748 2794 περιηχοῦντος
769 2721 866 2792 τὴν
902 2723 1246 2794 οἰκουμένην.
1279 2725 1354 2776 Οὐ
1384 2724 1514 2795 γὰρ,
1541 2725 1792 2794 καθάπερ

210 2814 240 2866 6
273 2811 572 2882 λεπτοϐόης
600 2829 659 2864 τε
691 2813 786 2865 καὶ
805 2813 1180 2884 σμικροκῆρυξ
1199 2813 1362 2885 νόμος
1392 2816 1474 2879 είς
1502 2815 1670 2888 μόνην
1695 2817 1792 2888 τὴν

226 2902 498 2956 Ἰουδαίων
533 2900 774 2975 ἠκούσθη
819 2903 1021 2975 χώραν,
1057 2905 1209 2974 ἢκαὶ
1254 2906 1359 2958 ἀπὸ
1384 2907 1491 2960 Δάν
1514 2908 1618 2970 ἓως
1653 2909 1797 2978 Βηρ-

215 2995 388 3047 σαϐεέ
415 2995 833 3066 κατηγγέλλετο,
865 2997 1064 3066 μᾶλλον
1089 2998 1145 3049 δέ
1169 2999 1247 3060 είς
1275 2999 1456 3050 πᾶσαν
1476 2999 1666 3068 ἐξῆλθε
1695 2999 1794 3070 τὴν

1890 1903 2132 1973 seipsum
2203 1903 2369 1956 etiam
2441 1903 2808 1972 tardiloquum
2871 1903 3046 1959 Moses
3126 1907 3463 1961 nominabat.

1887 1992 2158 2048 Processu
2181 2008 2312 2047 vero
2341 1995 2622 2063 temporis,
2655 1994 2908 2049 fidelibus
2935 2011 3000 2049 ex
3026 1996 3245 2050 litterali
3273 2000 3467 2052 umbra

1890 2084 1957 2139 ad
1998 2085 2296 2154 spiritalem
2325 2085 2531 2138 cultum
2565 2086 2855 2150 revocatis,
2907 2087 3068 2156 longe
3099 2088 3473 2143 vehementio.

1889 2190 1979 2230 res
2009 2191 2074 2230 ex
2123 2176 2249 2230 tuba
2299 2176 2485 2230 divina
2522 2191 2686 2231 voces
2745 2187 3069 2248 eruperunt,
3132 2180 3360 2234 salutari
3416 2187 3470 2236 et

1889 2267 2207 2337 evangelico
2237 2268 2514 2337 praeconio
2547 2270 2864 2324 universum
2894 2271 3083 2324 orbem
3110 2273 3470 2341 quodammo-
3507 2287 3509 2289 '

1891 2360 1962 2414 do
1991 2368 2338 2430 personante.
2369 2359 2487 2414 Non
2518 2361 2662 2415 enim
2696 2363 2856 2416 sicuti
2893 2363 2979 2415 lex
3021 2363 3241 2433 gracilis
3285 2364 3373 2417 illa
3405 2379 3470 2418 ac

1891 2451 2072 2505 tenuis
2100 2465 2276 2520 ιιι-προ
2306 2451 2360 2504 in
2379 2451 2491 2506 sola
2518 2450 2701 2506 Iudaea
2729 2451 3020 2508 exauditus
3043 2463 3146 2517 est,
3182 2461 3277 2506 aut
3305 2455 3468 2508 etiam

1890 2555 1920 2594 a
1952 2541 2064 2594 Dan
2084 2557 2254 2611 usque
2281 2543 2348 2595 ad
2385 2542 2650 2598 Bersabee
2687 2544 2974 2598 nuntiatus
2997 2553 3101 2606 est,
3130 2546 3225 2600 sed
3266 2545 3319 2601 in
3351 2561 3458 2599 om-

1893 2648 2016 2688 nem
2046 2642 2246 2688 terram
2273 2634 2439 2687 exivit
2467 2650 2636 2688 sonus
2668 2651 2880 2700 eorum,
2913 2645 2973 2689 ut
2995 2637 3259 2705 scriptum
3291 2646 3371 2691 est
3402 2637 3469 2691 ⁸⁸.

1893 2723 2034 2789 Quid
2059 2739 2225 2794 porro
2249 2725 2335 2778 bis
2360 2724 2618 2779 additur?
2639 2745 2655 2778 ι
2680 2725 2858 2781 Moses
2887 2727 3233 2798 loquebatur,
3265 2728 3468 2797 inquit,

1895 2815 2040 2872 Deus
2083 2825 2264 2871 autem
2315 2819 2599 2886 respondit
2645 2818 2694 2872 ei
2753 2833 2886 2872 voce
2936 2820 3000 2875 ".
3036 2837 3054 2870 ›
3091 2818 3192 2876 Hic
3252 2837 3470 2877 rursum

1897 2910 2080 2964 acrius
2147 2909 2436 2964 attendant
2479 2909 2748 2972 studiosi,
2786 2917 2840 2962 et
2884 2920 3140 2965 accurate
3181 2913 3473 2968 observent

1896 2999 2205 3054 divinorum
2255 3003 2604 3056 oraculorum
2636 3000 2994 3057 soliditatem.
3029 3002 3296 3073 Loquitur
3323 3008 3470 3060 enim

212 3085 324 3155 γῆν
353 3087 381 3138 6
399 3085 630 3154 φθόγγος
649 3085 833 3148 αὑτοῦ,
853 3087 996 3140 καθά
1027 3088 1358 3156 γέγραπται.
1380 3089 1444 3141 Τί
1469 3089 1525 3141 δὲ
1549 3089 1613 3160 δὴ
1632 3091 1794 3144 πάλιν

1899 3091 2110 3147 Moses:
2132 3093 2260 3146 huic
2285 3094 2579 3162 respondet
2609 3091 2756 3148 Deus
2782 3109 2948 3160 voce;
2975 3111 3082 3149 non
3126 3097 3348 3165 propria
3375 3098 3476 3150 uti-

215 3178 312 3231 ἑπὶ
372 3175 620 3245 τούτοις;
669 3195 686 3228 t
726 3178 931 3248 Μωσῆς
981 3177 1177 3242 ἐλάλει,
1243 3179 1426 3248 φησιν,
1484 3180 1512 3232 6
1558 3181 1614 3233 δὲ
1665 3181 1798 3246 Θεὸς

216 3267 553 3337 ἀπεκρίνατο
582 3266 732 3336 αὐτῷ
771 3271 942 3338 φωνῇ.
994 3287 1013 3318 ›
1050 3270 1257 3340 Δριμὺς
1307 3271 1447 3325 ἐστω
1487 3273 1651 3326 πάλιν
1689 3274 1798 3327 τῶν

216 3354 639 3426 εὐμαθεστέρων
702 3358 730 3409 6
779 3355 922 3421 νοῦς,
973 3359 1303 3430 ἐπιτηρείτω
1338 3361 1394 3413 δέ
1434 3361 1677 3432 ἀκριϐῶς
1701 3363 1800 3434 τὴν

215 3451 334 3510 τοῖς
358 3447 524 3510 θείοις
553 3446 754 3514 λογίοις
775 3447 1002 3502 ἐνοῦσαν
1022 3450 1340 3518 ἀσφάλειαν.
1362 3452 1530 3505 Λαλεϊ
1567 3453 1667 3522 μὲν
1689 3454 1798 3525 γάρ

215 3540 244 3590 6
277 3540 506 3608 Μωσῆς,
560 3533 918 3608 ἀποκρίνεται
961 3539 1018 3592 δὲ
1060 3540 1193 3604 Θεὸς
1235 3541 1411 3612 τούτῳ
1455 3546 1647 3613 φωνῇ,
1699 3545 1800 3598 οὐκ

220 3629 332 3699 ἰδίᾳ
359 3628 577 3690 πάντως
609 3632 758 3699 φωνῇ
784 3628 963 3696 (τοῦτο
991 3631 1098 3702 γάρ
1146 3630 1209 3684 οὗ
1239 3633 1447 3705 φησιν),
1472 3634 1588 3687 ἀλλ’
1615 3636 1801 3700 ἁπλῶς

217 3737 279 3774 τε
315 3720 410 3773 καὶ
435 3719 851 3790 ἀπολελυμένως
878 3725 1048 3792 φωνῇ,
1074 3725 1138 3793 τῇ
1178 3723 1267 3777 διά
1299 3725 1506 3780 κτύπου
1538 3728 1800 3798 ῥημάτων

217 3810 705 3882 ἀνθρωπινώτερον
749 3811 1066 3882 παραδόξως
1111 3817 1543 3891 ἀποτελουμένῃ.
1581 3821 1716 3891 Περὶ
1749 3821 1801 3874 τί

217 3903 330 3973 γάρ
351 3902 416 3956 ἀν
443 3902 549 3954 τῶν
579 3902 754 3974 ἐργων
790 3904 1047 3973 ἀτονήσαι
1091 3905 1257 3972 Θεός;
1291 3908 1346 3959 τί
1377 3908 1422 3960 δ’
1465 3910 1563 3962 οὐκ
1607 3912 1674 3964 ἂν
1717 3911 1802 3976 ἐξ·

218 3993 392 4064 ανύσῃ
425 3993 676 4062 θελήσας,
717 3995 810 4046 καὶ
831 3994 950 4048 λίαν
979 3996 1246 4063 εύκόλως;
1284 3999 1492 4053 Ἐλάλει
1514 4003 1802 4073 τοιγαροῦν

216 4087 248 4136 6
279 4084 510 4154 Μωσῆς,
551 4086 579 4137 6
626 4085 680 4138 δὲ
735 4085 866 4147 Θεὸς
898 4086 1232 4156 ἀπεκρίνατο
1259 4089 1408 4160 αύτῷ
1431 4095 1603 4163 φωνῇ.
1637 4095 1747 4148 Καὶ
1773 4095 1802 4146 6

221 4177 323 4244 μὲν
370 4175 539 4239 τύπος
605 4177 663 4230 ἐν
721 4176 954 4242 τούτοις.
1007 4179 1232 4250 Ἴδωμεν
1266 4181 1323 4233 δέ
1370 4181 1468 4253 τὴν
1519 4184 1797 4256 ἀλήθειαν.

221 4268 415 4337 Ἔχεις
447 4266 731 4337 τοιγαροῦν
759 4269 814 4320 ἐν
838 4269 1012 4336 ἁγίοις
1039 4269 1390 4338 Εὐαγγελίοις
1424 4273 1689 4329 λαλοῦντα
1709 4277 1803 4329 τὸν

219 4359 430 4429 Κύριον
450 4375 464 4390 ο
493 4377 511 4410 ι
549 4359 750 4430 Πάτερ,
777 4359 999 4423 δόξασόν
1039 4377 1132 4414 σου
1156 4362 1249 4416 τὸν
1290 4364 1436 4417 Υίόν·
1467 4383 1486 4417 ι
1519 4366 1802 4438 ἀποκρινό-

1897 3199 2003 3254 que
2035 3199 2168 3239 voce
2203 3183 2351 3256 (non
2377 3185 2478 3238 hoc
2528 3186 2672 3240 enim
2701 3186 2831 3240 dicit
2853 3186 2895 3257 l,
2924 3188 3015 3242 sed
3045 3188 3387 3257 simpliciter,
3418 3199 3475 3245 et

1898 3275 2360 3340 absolute,rvoce,
2394 3290 2543 3344 aqua:
2571 3277 2863 3329 verborum
2892 3292 3030 3331 sono
3055 3277 3296 3330 humano
3321 3294 3472 3332 more

1899 3366 2220 3420 mirabiliter
2245 3375 2328 3420 est
2355 3365 2524 3420 edita.
2568 3366 2710 3431 Quid
2742 3367 2888 3422 enim
2929 3367 3152 3422 difﬁcile
3201 3376 3285 3422 est
3318 3368 3427 3423 Deo
3449 3371 3474 3423 ?

1898 3456 2012 3510 imo
2045 3455 2175 3526 quid
2207 3454 2418 3510 edicere
2451 3469 2560 3508 non
2593 3462 2769 3525 potest
2804 3454 2964 3509 facile
2985 3496 3000 3518 ,
3037 3457 3081 3510 si
3109 3456 3275 3512 modo
3307 3457 3476 3512 velit?

1899 3543 2248 3614 Loquebatur
2274 3545 2458 3613 itaque
2489 3544 2688 3606 Moses,
2723 3544 2865 3599 Deus
2899 3554 3080 3600 autem
3115 3549 3395 3617 respondit
3423 3550 3474 3602 ei
3541 3581 3559 3600 .

1900 3650 2049 3690 voce.
2081 3633 2190 3688 Sed
2216 3635 2326 3688 haec
2354 3634 2571 3703 quidem
2599 3636 2824 3704 figurate
2849 3652 2864 3688 :
2889 3634 3169 3692 videamus
3195 3653 3357 3708 porro
3377 3654 3469 3694 ve-

1899 3722 2137 3778 ritatem.
2167 3721 2347 3776 Habes
2377 3721 2430 3775 in
2459 3721 2766 3792 Evangeliis
2793 3723 3104 3792 loquentem
3135 3725 3423 3783 Dominum
3455 3749 3469 3784 :

1906 3831 1923 3864 ι
1949 3811 2134 3876 Pater,
2160 3811 2399 3866 clarifica
2417 3811 2616 3866 Filium
2644 3821 2798 3867 tuum
2824 3814 2897 3878 “;
2923 3835 2940 3866 ι
2973 3816 3264 3884 respondet
3293 3823 3474 3874 autem

1901 3903 2064 3973 259
2094 3919 2226 3958 voce
2263 3904 2457 3958 Pater:
2503 3923 2520 3955 ι
2563 3902 2628 3957 Ει
2655 3905 2980 3971 clarificavi,
3022 3916 3076 3961 et
3128 3909 3321 3962 iterum
3357 3910 3486 3964 cla-'

1900 3996 2127 4051 rilicabo
2151 3997 2212 4050 ".
2262 4014 2280 4046 ι
2323 3995 2427 4051 Sed
2463 4011 2567 4050 non
2600 4011 2721 4051 esse
2749 4013 2934 4052 revera
2958 4014 3142 4053 vocem
3171 4001 3256 4054 Dei
3285 4016 3347 4056 ac
3374 4000 3478 4054 Pa.

1901 4088 2000 4143 tris
2029 4088 2284 4142 Salvator
2317 4088 2582 4151 ostendit,
2617 4087 2807 4142 dicens
2833 4089 2898 4142 iis
2928 4089 3021 4156 qui
3055 4098 3180 4143 tunc
3209 4091 3432 4145 aderant
3458 4110 3471 4145 :

1907 4195 1925 4229 ι
1963 4175 2080 4232 Non
2137 4184 2364 4246 propter
2414 4191 2501 4231 me
2551 4176 2665 4230 haec
2713 4192 2811 4230 vox
2864 4179 3035 4241 venit,
3099 4179 3191 4233 sed
3254 4188 3477 4249 propter

1898 4283 1998 4324 vos
2018 4269 2079 4320 ⁸⁵.
2123 4285 2140 4318 ι
2181 4267 2344 4322 Vides
2367 4282 2477 4337 quo
2507 4275 2668 4336 pacto
2698 4280 2889 4321 vocem
2929 4266 3124 4320 factam
3180 4282 3300 4322 esse
3327 4270 3476 4324 clare

1901 4359 2175 4414 asseruit:
2243 4357 2514 4427 siquidem
2579 4357 2882 4426 putandum
2943 4367 3164 4412 nonest
3199 4373 3329 4414 voce
3355 4375 3476 4430 qua:

223 4467 384 4520 μενον
411 4451 466 4502 δὲ
494 4449 578 4503 διὰ
605 4450 788 4518 φωνῆς
821 4449 912 4502 τὸν
940 4451 1157 4522 Πατέρα
1175 4468 1187 4480 ·
1224 4473 1242 4505 ι
1281 4455 1390 4508 Καὶ
1418 4455 1670 4521 ἐδόξασα,
1707 4459 1794 4511 καὶ

1904 4465 2040 4506 sono
2072 4452 2251 4506 editur
2281 4464 2436 4504 usam
2461 4465 2583 4508 esse
2612 4457 2864 4503 naturam
2893 4449 3158 4534 divinato,
3209 4451 3334 4505 licet
3372 4467 3476 4506 no-

222 4542 387 4596 πάλιν
406 4541 632 4608 δοξάσω.
678 4560 696 4592 ι
730 4544 843 4595 Οὐκ
866 4539 1004 4596 εἶναι
1037 4544 1209 4615 δὲτὴν
1243 4547 1425 4616 φωνὴν
1456 4547 1670 4617 άληθῶς
1705 4550 1799 4602 τοῦ

220 4631 359 4686 Θεοῦ
398 4633 490 4684 καὶ
531 4633 740 4704 Πατρὸς
793 4635 821 4686 6
873 4634 1064 4705 Σωτὴρ
1118 4636 1334 4704 ἔδειξεν,
1392 4639 1562 4693 εἰπὼν
1594 4643 1705 4704 τοῖς
1739 4642 1800 4694 τὸ

221 4723 474 4794 τηνικάδε
500 4724 764 4794 παροῦσιν
786 4743 797 4756 ·
832 4727 904 4779 Οὐ
923 4726 989 4779 δι’
1013 4726 1115 4796 ἐμὲ
1142 4729 1175 4799 ἡ
1211 4729 1362 4800 φωνὴ
1389 4731 1524 4801 αὕτη
1557 4732 1800 4800 γέγονεν,

222 4816 362 4870 ἀλλά
415 4817 483 4868 δι’
536 4817 700 4886 ὑμᾶς.
745 4836 763 4868 ι
810 4819 973 4890 Ὀρᾷς
1021 4820 1170 4884 ὅπως
1235 4822 1564 4893 γεγενῆσθαι
1618 4825 1804 4893 σαφῶς

221 4908 594 4979 διισχυρίσατο
616 4909 713 4981 τὴν
739 4911 942 4980 φωνὴν,
978 4913 1101 4965 ἐπεὶ
1135 4913 1210 4983 μὴ
1241 4917 1307 4985 τῇ
1352 4915 1440 4970 διὰ
1477 4917 1682 4971 κτύπου
1715 4935 1806 4971 κε-

222 4999 459 5071 χρῆσθαι
498 5002 646 5071 φωνῇ
700 5000 797 5070 τὴν
858 5001 1008 5055 θείαν
1055 5002 1268 5058 οτεσθαι
1297 5004 1459 5074 φύσιν
1485 5007 1800 5072 ἀκόλουθον,

221 5091 328 5144 κᾶν
357 5093 475 5152 ταῖς
531 5090 823 5162 ἡμετέραις
878 5095 1345 5164 συσχηματίξηται
1403 5097 1610 5167 χρείαις
1639 5139 1653 5163 ,
1709 5101 1804 5154 καὶ

223 5184 355 5254 λαλῇ
396 5182 516 5238 καθ’
561 5184 709 5256 ἡμᾶς
758 5185 1137 5256 οἰκονομικῶς.
1201 5186 1389 5240 Ταῦτα
1447 5189 1609 5244 πάλιν
1667 5192 1800 5262 ημῖν

221 5272 540 5340 ἀναγκαίως
587 5273 937 5344 εἰσεκομίσθη
989 5274 1125 5343 πρὸς
1161 5275 1222 5328 τὸ
1263 5276 1438 5345 παρὸν
1467 5276 1544 5346 τῷ
1567 5277 1708 5348 λόγῳ
1733 5280 1801 5333 τὰ

223 5361 577 5434 θεωρήματα.
634 5363 847 5432 Χρῆναι
875 5363 984 5433 γάρ
1037 5364 1254 5428 πάντως
1283 5365 1669 5437 ἐλογισάμεθα,
1689 5373 1802 5432 τοῖς

222 5451 637 5523 ἐπευξαμένοις
696 5453 1026 5524 ἀληθεύοντα
1078 5457 1359 5525 φαίνεσθαι
1407 5458 1500 5513 τὸν
1569 5458 1800 5528 Ἰησοῦν,

219 5545 353 5595 ὅταν
405 5541 725 5612 εὑρίσκηται
779 5542 950 5611 λέγων
1004 5545 1140 5615 πρὸς
1200 5547 1484 5610 Ἰουδαίους
1535 5547 1663 5617 περὶ
1709 5545 1801 5599 τοῦ

295 5654 340 5685 η
372 5653 540 5706 lCor.
572 5669 689 5717 χιιι,
749 5654 848 5718 12;
900 5658 961 5687 η’
1001 5627 1147 5713 Psal.
1209 5677 1339 5721 xvtt.
1393 5663 1481 5718 Η.
1561 5662 1604 5692 ¹³
1646 5660 1794 5715 Deut.

303 5722 464 5779 Ioau.
502 5739 610 5784 ιιι,
643 5725 732 5778 28.
838 5727 876 5756 ³⁷
919 5725 1054 5780 Ibid.
1135 5731 1174 5761 ³⁸
1217 5729 1348 5783 Ibid.
1385 5733 1472 5784 30.
1555 5734 1594 5762 ¹⁹
1633 5729 1790 5784 Joan.

1897 5678 1977 5783 ἒξ
2023 5663 2109 5718 19.
2191 5663 2233 5693 ἰ
2269 5661 2416 5716 Psal.
2459 5676 2625 5726 ιινιιι,
2683 5659 2736 5714 5.

1667 5748 1790 5786 oan.
1831 5749 1881 5795 ν,
1911 5748 1997 5785 οι.

221 5725 268 5755 ¹⁹
303 5722 464 5779 Ioau.
502 5739 610 5789 xtl,
643 5725 732 5778 28.
838 5727 876 5756 ³⁷
919 5725 1054 5780 Ibid.
1135 5731 1174 5761 ⁸⁸
1217 5729 1348 5783 Ibid.
1385 5733 1472 5786 30.

1908 4546 2036 4600 stris
2058 4543 2431 4599 conformetur
2460 4542 2670 4605 usibus,
2693 4550 2745 4598 et
2775 4543 3037 4612 singulari
3071 4544 3476 4613 dispensatione

1907 4637 2180 4706 loquatur,
2215 4636 2378 4691 sicuti
2432 4649 2551 4689 nos.
2589 4633 2716 4689 Haac
2747 4650 2938 4690 rursus
2972 4649 3001 4688 a
3057 4635 3216 4690 nobis
3263 4637 3478 4707 imprae-

1905 4728 2205 4784 sentiarum
2237 4727 2522 4781 observata
2561 4733 2710 4782 sunt.
2739 4725 2926 4780 Jesum
2978 4727 3179 4796 quippe
3227 4742 3474 4784 veracem

1905 4817 2326 4874 exiStimandum
2354 4830 2476 4872 esse
2505 4823 2779 4886 putamus,
2811 4830 2934 4871 cum
2960 4817 3028 4871 de
3093 4832 3193 4872 suo
3220 4817 3478 4872 Genitore

1905 4909 1973 4964 ad
2035 4907 2252 4963 Judteos
2306 4907 2491 4962 dicere
2527 4907 2938 4977 comperiatnr:
2976 4928 2996 4960 ι
3057 4906 3244 4977 Neque
3289 4923 3475 4963 vocem

1905 4997 2026 5068 ejus
2054 5013 2294 5067 unquam
2323 4997 2578 5062 audistis,
2611 5013 2789 5067 neque
2824 4999 3062 5066 speciem
3085 4998 3204 5066 ejus
3236 4997 3474 5059 vidistis,

1906 5098 1960 5145 et
1993 5089 2232 5146 Verbum
2266 5088 2386 5158 ejus
2413 5103 2522 5143 non
2553 5087 2767 5143 habetis
2793 5088 2846 5142 in
2879 5089 3035 5143 vobis
3069 5101 3317 5150 manens.
3347 5087 3474 5157 quia

1907 5197 2066 5250 quem
2101 5181 2248 5236 misit
2297 5180 2407 5244 ille,
2454 5180 2583 5234 huic
2614 5195 2708 5234 vos
2763 5193 2872 5233 non
2936 5177 3163 5232 creditis
3189 5178 3251 5230 ".
3303 5196 3322 5228 ι
3355 5176 3476 5231 Jam

1907 5288 2056 5336 vero.
2090 5271 2395 5328 Pbarisaaos
2445 5271 2668 5326 immani
2724 5271 2870 5325 fastu
2935 5268 3181 5338 turgidos
3231 5268 3479 5323 divinum

1909 5364 2147 5420 Verbum
2190 5363 2244 5418 in
2277 5377 2336 5418 se
2365 5369 2420 5420 et
2450 5362 2592 5434 apud
2628 5377 2688 5418 se
2717 5375 2839 5418 esse
2869 5359 3114 5423 ﬁnxisse,
3154 5358 3388 5429 ideoque
3408 5361 3477 5412 ad

1911 5454 2216 5510 mirabilem
2284 5452 2578 5523 quamdam
2639 5467 2697 5508 se
2761 5452 3080 5522 pervenisse
3150 5451 3475 5521 sapientiam

1913 5546 2240 5612 asseruisse,
2284 5544 2336 5601 id
2370 5545 2598 5615 spiritus
2635 5544 2748 5614 ipse
2774 5558 2992 5614 quoque
3021 5541 3224 5598 Christi
3252 5541 3476 5597 testabi-

2817 5659 2859 5691 ¹⁵
2900 5657 3098 5724 Deut.,
3152 5673 3241 5710 xu
3267 5697 3280 5722 ,
3316 5654 3402 5708 19.
