4102 6540
725 326 834 385 1.49

1686 321 1743 376 s.
1768 318 2041 375 (λειω
2083 318 2554 375 ALEXANDRINI
2593 320 2911 378 Attamen
3814 346 3888 401 eo

726 456 838 511 tur,
900 458 996 516 per
1048 442 1367 515 prophetam
1427 436 1721 493 Jeremiam
1791 436 1983 493 dicens
2043 436 2108 491 ad
2164 451 2346 506 eoszj

2285 454 2297 489 ε
2332 448 2375 506 Α
2406 438 2542 532 ίδ-ίου
2572 439 2894 532 γεογήτορος
2917 450 2931 465 ⁸
2966 436 3149 532 ι-Οὖτε
3170 436 3348 509 φωνὴν
3377 439 3536 495 αὐτοῦ
3573 444 3763 505 πώποτε
3788 457 3889 532 άχη.

733 559 751 591 ι
784 533 1068 604 Quomodo
1096 533 1311 598 dicetis,
1360 530 1489 603 quia
1538 528 1813 600 sapientes
1862 544 1963 583 nos
1992 543 2203 590 sumus,
2244 537 2296 581 et

726 625 963 683 Verbum
994 623 1206 681 Domini
1235 622 1525 676 nobiscum
1559 620 1693 675 est?
1727 616 1955 672 Frustra
1989 616 2167 671 factus
2210 624 2297 672 est

720 716 924 789 juncus
954 714 1185 769 mendas
1247 712 1480 776 Scribis,
1539 709 1754 765 confusi
1820 716 1951 763 sunt
1997 708 2293 779 sapientes.

723 805 1004 877 perterriti
1029 811 1083 859 et
1116 802 1261 873 capti
1297 808 1447 866 sunt,
1482 800 1749 871 sapientia
1808 813 2059 868 quamam
2116 805 2199 852 est
2240 798 2295 852 in

722 898 828 960 eis,
849 897 979 968 quia
1015 894 1254 951 Verbum
1288 893 1503 949 Domini
1543 890 1975 961 reprobaverunt
2005 889 2073 942 '°.
2112 907 2129 939 ι
2160 887 2297 954 Quo.

723 988 889 1044 modo
907 988 1052 1043 enim
1083 987 1299 1050 vivens,
1333 992 1388 1039 et
1434 982 1745 1039 subsistens
1773 980 1866 1036 Dei
1920 978 2157 1035 Verbum
2188 994 2295 1034 non

721 1082 1054 1152 reprobasse
1087 1076 1588 1148 deprehendentnr,
1637 1073 1731 1143 qui
1765 1072 1925 1127 tidem
1961 1086 2071 1126 non
2105 1086 2296 1127 susce-

726 1179 942 1241 perunt,
969 1169 1065 1225 sed
1101 1169 1193 1223 Dei
1244 1182 1307 1223 ac
1361 1166 1544 1221 Patris
1599 1165 1971 1219 characterem
2026 1162 2297 1219 dedecore

725 1264 1050 1325 affecerunt,
1071 1270 1125 1316 et
1155 1260 1498 1314 verissimam
1525 1256 1646 1325 ejus
1673 1255 1909 1324 speciem
1936 1269 2032 1323 per
2055 1253 2295 1307 divinam

724 1354 1023 1423 potentiam
1061 1367 1126 1407 ac
1149 1352 1406 1405 virtutem
1443 1346 1800 1417 contemplari
1832 1345 2109 1416 dedignati
2130 1347 2297 1400 sunt?

722 1444 895 1499 Aliter
924 1444 1070 1497 enim
1104 1440 1569 1511 comprehendere
1602 1438 1841 1493 divinam
1880 1443 1933 1491 et
1970 1435 2294 1492 ined‘abilem

724 1545 976 1589 naturam
1010 1548 1116 1586 non
1152 1546 1466 1601 possumus,
1502 1546 1666 1601 quam
1709 1544 1805 1599 per
1844 1543 1907 1583 ea
1939 1542 2063 1597 quae
2088 1526 2298 1597 perlicit

721 1636 775 1681 et
804 1632 1080 1695 operatur.
1115 1622 1461 1691 Quapropter
1492 1638 1521 1675 a
1565 1621 1947 1690 magnitudine
1977 1629 2030 1675 et
2055 1618 2297 1689 pulchri-

723 1721 913 1774 ;udine
960 1726 1338 1771 creaturarum
1397 1712 1757 1767 similitudine
1804 1710 2038 1780 quadam
2092 1709 2295 1764 Paulus

2404 529 2584 593 κόατε,
2622 528 2746 582 οὔτε
2778 523 2917 591 εἶδος
2944 526 3114 582 αὑτοῦ
3146 529 3548 599 ἐωράκατε,καὶ
3563 534 3645 589 τὸν
3672 539 3802 610 λόγον
3823 523 3892 603 αξξ.

2404 619 2497 672 τού
2535 619 2634 672 οὐκ
2663 618 2814 688 ἔχετε
2877 620 2936 671 ἐν
2977 619 3107 689 ὑμῖν
3138 618 3390 688 μένοντα,
3440 620 3519 674 ὅτι
3548 622 3602 677 ὃν
3642 626 3892 693 ἀπέστειλεν

2404 711 2629 774 ἐκεῖνος,
2663 708 2839 778 τούτῳ
2865 709 3023 779 ὑμεῖς
3058 709 3121 762 οὐ
3171 709 3476 765 πιστεύετε.
3512 731 3531 765 ι
3568 715 3678 771 Ὅτι
3700 720 3748 774 δὲ
3775 727 3893 785 πάλιν

2402 803 2451 855 οί
2468 803 2749 871 Φαρισαῖοι
2775 800 2925 887 πρὸς-
2946 799 3207 865 ἐκτύπους
3251 801 3561 869 ἀλαζονείας
3602 810 3893 887 ἀναφυσώμε.

2404 909 2504 954 νοι,
2557 892 2650 944 τὸν
2704 890 2846 944 θεῖον
2884 885 3023 945 εἶναι
3075 892 3172 944 σὺν
3215 892 3399 956 αὐτοῖς
3446 911 3505 947 τε
3546 897 3634 950 καὶ
3679 901 3729 953 ἐν
3760 885 3893 973 αὐτοῖς

2404 984 2731 1037 ἐπλάττοντο
2780 983 2963 1051 λόγον,
2993 984 3084 1037 διά
3130 1000 3192 1036 τε
3241 983 3401 1038 τοῦτο
3455 988 3586 1057 πρὸς
3635 990 3894 1061 ἀξιάγαστσν

2404 1076 2592 1130 ἐλάσαι
2636 1076 2829 1143 σοφίαν
2875 1076 3117 1145 ἀνοήτως
3163 1074 3577 1145 διισχυρίζοντο,
3628 1090 3894 1159 μαρτυρήσει

2405 1166 2500 1220 καὶ
2530 1166 2661 1220 αὐτὸ
2692 1166 2754 1219 τὸ
2784 1165 3001 1237 πνεῦμα
3038 1165 3302 1236 Χριστοῦ,
3329 1168 3416 1221 διὰ
3442 1168 3533 1222 τοῦ
3567 1176 3808 1245 προφήτου
3833 1180 3894 1232 λέ.

2404 1271 2498 1321 γον
2531 1253 2792 1325 Ἱερεμίου
2822 1254 2959 1325 πρὸς
2980 1255 3178 1318 αύτούς
3205 1273 3220 1287 ·
3258 1274 3277 1308 ι
3317 1257 3437 1321 Πῶς
3469 1262 3653 1330 ἐρεῖτε,
3678 1264 3746 1318 ὅτι
3778 1269 3895 1339 {oeci

2403 1347 2569 1415 ἐσμεν
2608 1348 2787 1416 ἡμεῖς,
2840 1346 2937 1400 καὶ
3003 1346 3167 1415 λόγος
3212 1348 3419 1417 Κυρίου
3466 1351 3579 1420 μεθ’
3607 1354 3743 1424 ἡμῶν
3764 1360 3893 1428 ἐστινς

2406 1438 2499 1499 Εἰς
2532 1438 2711 1506 μάτην
2744 1438 2978 1509 ἐγενήθη
3027 1441 3236 1508 σχεῖνος
3270 1439 3472 1511 ψευδὴς
3518 1442 3894 1519 Γραμματεῦσιν.

2402 1528 2747 1600 ᾐσχύνθησαν
2778 1532 2954 1599 σοφοὶ,
2996 1532 3343 1601 ἐπτοήθησαν
3384 1535 3478 1588 καὶ
3514 1535 3752 1606 ἑάλωσαν,
3781 1546 3897 1612 σοφία

2402 1620 2486 1681 τίς
2518 1620 2664 1671 ἐστιν
2703 1622 2761 1672 ἐν
2807 1621 3012 1683 αὐτοῖς,
3061 1622 3142 1674 ὅτι
3164 1622 3256 1674 τὸν
3288 1622 3447 1692 λόγον
3492 1627 3679 1697 Κυρίου
3706 1631 3896 1688 ἀπεδοκί-

2406 1725 2605 1779 μασαν.
2651 1728 2669 1762 ι
2708 1709 2832 1774 Πῶς
2858 1710 2967 1780 γὰρ
2996 1711 3084 1765 τὸν
3133 1712 3314 1777 ζῶντα
3355 1715 3453 1767 καί¹
3483 1716 3802 1775 ἐνυπόστατον
3833 1727 3898 1779 τοῦ

719 1810 803 1865 ire
828 1824 927 1864 nos
957 1808 1113 1878 jubet
1143 1805 1209 1860 ad
1246 1803 1493 1876 parentis
1541 1818 1724 1857 rerum
1758 1800 2296 1870 contemplationem.
2330 1800 2339 1856 1

2282 1838 2296 1853 ο
2330 1800 2373 1856 Β
2400 1798 2536 1851 Θεοῦ
2596 1799 2773 1867 Λόγον
2836 1801 3343 1871 ἀποδοκιμάσαντες
3392 1805 3488 1876 οὐχ
3530 1806 3899 1885 ἀλώσονται,τῇν

722 1900 992 1956 Praeterea
1018 1897 1268 1952 Salvator
1290 1895 1359 1950 ad
1385 1894 1470 1950 sui
1490 1891 2037 1962 comprehensionem
2056 1890 2295 1955 deducit,

724 1990 812 2046 bis
841 1989 1025 2045 verbis
1054 2006 1067 2042 :
1111 2007 1129 2039 ι
1156 1987 1214 2042 Si
1238 2002 1346 2041 non
1380 1984 1526 2039 facio
1553 1997 1718 2053 opera
1753 1981 1932 2037 Patris
1969 1982 2096 2046 mei,
2132 1983 2299 2038 nolite

724 2080 948 2135 credere
974 2060 1141 2133 mihi:
1176 2076 1221 2131 si
1250 2084 1432 2130 autem
1469 2073 1634 2138 facio,
1666 2078 1721 2127 et
1752 2073 1794 2127 si
1819 2071 1950 2126 mihi
1985 2087 2095 2127 non
2129 2072 2297 2128 vultis

724 2168 973 2233 credere,
989 2167 1253 2238 operibus
1275 2165 1410 2220 meis
1423 2162 1686 2218 credite"
1724 2180 1741 2211 ι
1764 2160 1896 2217 Jure
1914 2169 2094 2216 autem
2117 2176 2298 2231 repre-

726 2261 997 2317 hendebat
1023 2274 1182 2315 suum
1212 2256 1542 2327 discipulum
1569 2254 1877 2323 (Philippus
1900 2253 1947 2307 is
1974 2253 2114 2322 erat)
2149 2238 2296 2322 quod

724 2353 1070 2407 existimaret
1099 2349 1258 2403 aliter
1287 2361 1448 2417 posse
1475 2344 1643 2400 Deum
1677 2359 1739 2398 ac
1776 2343 1995 2397 Patrem
2031 2344 2294 2412 spectari,

727 2456 853 2495 cum
896 2440 1083 2494 liceret
1113 2436 1505 2491 immutabilem
1547 2433 1667 2502 ejus
1711 2431 2005 2500 imaginem
2053 2440 2299 2487 contem~

727 2531 890 2600 plari,
923 2545 1045 2600 qua:
1070 2535 1325 2583 accurate
1349 2526 1403 2581 in
1440 2526 1621 2595 seipsa
1658 2524 1973 2579 Genitorem
2020 2522 2297 2592 exprimit.

727 2623 893 2693 260
928 2621 1162 2692 Ideoque
1190 2619 1445 2675 dicebat:
1480 2637 1499 2671 ι
1534 2616 1713 2671 Tanto
1742 2623 1990 2685 tempore
2012 2616 2297 2671 vobiscum

726 2727 873 2779 sum,
902 2719 957 2769 et
984 2727 1092 2767 non
1127 2710 1435 2782 cognovisti
1459 2724 1566 2776 me,
1586 2706 1996 2779 Philippe?Qui
2027 2700 2162 2761 vidit
2192 2722 2299 2775 me,

722 2803 863 2858 vidit
894 2810 949 2859 et
981 2801 1199 2857 Patrem
1228 2802 1294 2855 ι’.
1328 2819 1348 2853 ι

2399 1890 2480 1951 είς
2529 1888 2691 1941 αὐτὸν
2740 1890 2801 1942 ού
2852 1890 3287 1964 παραδεξάμενοι
3342 1893 3543 1960 πίστιν,
3587 1897 3711 1953 ἀλλὰ
3736 1902 3808 1955 τὸν
3833 1908 3899 1959 τοῦ

2398 1980 2533 2035 Θεοῦ
2567 1982 2660 2035 καὶ
2714 1982 2929 2052 Πατρδς
2986 1982 3357 2053 ἀτιμάσαντες
3402 1989 3726 2059 χαρακτῆρα,
3760 1994 3899 2050 καὶτὸ

2398 2070 2764 2141 ἀληθέστατον
2793 2070 2983 2143 ὥσπερ
3014 2067 3157 2135 εἶδος
3204 2073 3367 2128 αὐτοῦ
3400 2076 3489 2129 διὰ
3513 2077 3605 2147 τῆς
3634 2078 3901 2151 θεοπρεποῦς

2397 2162 2644 2226 ἐξουσίας
2670 2178 2730 2215 τε
2759 2161 2855 2216 καὶ
2888 2162 3167 2233 δυνάμεως
3185 2164 3900 2240 θεωρῆἁαιπαραιτησάμενοη

2398 2251 2736 2322 Καταληπτὴ
2763 2252 2871 2323 γὰρ
2902 2253 3033 2323 ἡμῖν
3068 2254 3167 2325 οὐχ
3195 2254 3403 2327 ἑτέρως
3438 2257 3578 2311 κατά
3600 2260 3656 2312 τὸ
3684 2261 3903 2333 ἐνδεχόμιο

2398 2359 2489 2396 νον
2524 2344 2557 2413 ἡ
2586 2342 2705 2395 Θεία
2737 2359 2797 2397 τε
2826 2344 2920 2397 atat
2945 2345 3184 2415 ἀῤῥητος
3229 2347 3414 2415 φύσις,
3447 2348 3479 2419 ἢ
3513 2350 3576 2402 δι’
3618 2347 3688 2404 ὧν
3722 2353 3905 2409 ἐπιτελεῖ

2402 2431 2495 2484 καὶ⁸
2516 2431 2827 2503 ἐργάζεται.
2862 2431 2962 2486 Διά
2993 2434 3103 2505 γάρ
3128 2452 3209 2488 τοι
3229 2436 3410 2502 τοῦτο,
3434 2440 3527 2492 καὶ
3567 2441 3666 2494 ἀπὸ
3702 2445 3902 2513 μεγέθους

2404 2522 2498 2576 καὶ
2523 2523 2785 2596 καλλονῆς
2813 2526 3128 2596 κτισμάτων
3165 2529 3446 2597 ἀναλόγως
3477 2532 3566 2585 ἐπὶ
3585 2532 3674 2604 τὴν
3694 2535 3772 2588 τοῦ
3789 2554 3902 2605 γενεο

2408 2616 2660 2687 σιουργοῦ
2692 2616 2924 2687 θεωρίαν
2950 2619 2979 2671 ό
3015 2618 3113 2689 μὲν
3138 2618 3508 2694 Παῦλοςήμᾶς
3541 2624 3665 2679 ίέναι
3692 2631 3903 2699 προστάτ-

2405 2722 2511 2759 τει·
2545 2706 2762 2776 ξεναγεϊ
2790 2707 2847 2761 δὲ
2879 2710 3040 2763 πάλιν
3067 2712 3148 2775 είς
3199 2713 3298 2782 τὴν
3347 2714 3436 2783 ἐφ’
3462 2715 3632 2786 ἐαυτῷ
3668 2720 3903 2791 κατάληψιν

2407 2798 2438 2851 ό
2463 2798 2658 2870 Σωτὴρ
2681 2840 2695 2864 ,
2733 2818 2751 2852 ι
2790 2802 2853 2854 Ei
2890 2802 2952 2854 ού
3012 2802 3150 2856 ποιῶ
3198 2804 3270 2857 τὰ
3313 2804 3454 2876 ἔργα
3489 2806 3579 2862 τοῦ
3607 2811 3790 2882 Πατρός
3815 2831 3903 2882 μου.

723 2898 918 2967 λέγων,
956 2898 1032 2969 μὴ
1072 2895 1355 2951 πιστεύετέ
1420 2912 1529 2957 μοι·
1575 2896 1621 2948 εί
1652 2895 1712 2949 δὲ
1740 2894 1903 2956 ποιῶ,
1936 2893 2038 2948 κᾶν
2066 2892 2192 2963 ἐμοὶ
2263 2892 2339 2963 μὴ
2378 2893 2693 2963 πιστεύητε,
2727 2897 2839 2959 τοῖς
2908 2897 3089 2967 ιργοις
3142 2914 3242 2967 μου
3276 2900 3581 2954 πιστεύετε.
3616 2920 3633 2954 t
3668 2904 3906 2977 Κατῃτιᾶτο

722 2994 779 3047 δὲ
800 2996 894 3047 καὶ
920 2994 1041 3047 λίαν
1068 2992 1305 3060 εὐλόγως
1354 2990 1447 3043 τὸν
1497 2992 1695 3043 οἰκεῖον
1749 2987 1997 3059 μαθητὴν
2028 2987 2314 3059 (Φίλιππος
2350 2980 2503 3051 οὗτος
2525 2982 2633 3057 ἦν),
2667 2988 2742 3051 ῶς
2762 2989 2963 3060 ἑτέρως
3002 2989 3260 3044 δύνασθαι
3308 2993 3447 3063 πρὸς
3473 2995 3571 3067 τὴν
3615 2997 3698 3049 ἐπὶ
3728 2998 3791 3067 τῷ
3822 2998 3905 3067 Θεῷ

724 3088 819 3141 καὶ
844 3088 1018 3159 Πατρὶ
1054 3086 1287 3159 θεωρίαν
1314 3085 1486 3139 ἐλθεῖν
1529 3085 1811 3155 ἀζητήτως
1860 3085 2295 3153 ύποτοπήσαντα,
2339 3081 2513 3136 καίτοι
2554 3085 2729 3155 παρὸν
2801 3085 2889 3138 ἐπ’
2929 3084 3176 3152 ἐξουσίας
3226 3088 3376 3158 αύτῷ
3415 3090 3513 3162 τὴν
3567 3092 3905 3164 ἀπαραποξητον

723 3179 909 3233 είκόνά
964 3175 1439 3231 κατασκέπτεσθαι
1460 3215 1476 3238 .
1524 3175 1875 3229 δεικνύουσαν
1944 3175 2184 3245 ἀκριϐῶς
2240 3176 2298 3227 ἐν
2334 3173 2500 3246 ἑαυτῇ
2528 3175 2619 3229 τὸν
2653 3177 3010 3248 γεννήσαντα.
3038 3178 3131 3232 Διὸ
3156 3179 3219 3251 δὴ
3245 3182 3340 3234 καὶ
3398 3183 3597 3252 ἔφασκε
3623 3202 3636 3216 ·
3677 3205 3694 3238 ι
3716 3186 3906 3257 Τοσούτῳ

723 3270 899 3343 χρόνῳ
934 3269 1054 3340 μεθ’
1081 3268 1234 3340 ὑμῶν
1262 3268 1399 3338 είμι,
1422 3268 1516 3322 καὶ
1536 3267 1635 3320 ούκ
1662 3266 1909 3335 ἔγνωκάς
1937 3284 2029 3338 με,
2053 3265 2319 3332 Φίλιππες
2371 3266 2430 3320 '0
2456 3268 2718 3339 ἑωρακὼς
2749 3271 2869 3341 ἐμὲ,
2889 3270 3101 3344 ἑώρακε
3126 3272 3218 3325 τὸν
3253 3273 3492 3347 Πατέρα.
3534 3296 3552 3329 ι

796 3364 864 3429 ν,
896 3364 1090 3421 39-40.
1122 3362 1453 3418 Scrutamini
1476 3362 1808 3430 Scripturas,
1835 3363 1963 3431 quia
1985 3379 2073 3417 vos
2094 3362 2296 3433 putatis
2327 3368 2368 3425 (ζ

721 3457 779 3510 in
812 3455 940 3524 ipsis
987 3455 1151 3509 vitam
1208 3466 1464 3509 (sternam
1495 3453 1726 3507 habere:
1782 3462 1831 3507 et
1862 3453 1973 3507 illa:
2014 3462 2138 3507 sunt
2180 3468 2297 3522 quae

724 3547 1093 3603 testimonium
1120 3544 1391 3615 perhibent
1410 3546 1475 3600 de
1498 3562 1596 3600 me.
1630 3543 1697 3598 Et
1722 3562 1824 3599 non
1848 3545 2005 3599 vultis
2032 3545 2204 3599 venire
2226 3544 2296 3598 ad

724 3653 827 3703 me,
856 3646 911 3691 ut
943 3638 1115 3691 vitam
1130 3636 1391 3691 trabeatis.

792 3729 1119 3785 Communis
1149 3736 1204 3784 et
1228 3729 1357 3783 trita
1383 3728 1549 3798 hujus
1589 3734 1775 3784 textus
1803 3728 2081 3799 expositio
2135 3728 2297 3784 docet

722 3819 1027 3893 imperandi
1049 3820 1214 3874 modo
1237 3817 1531 3874 Pharisacis
1552 3834 1581 3872 a
1601 3817 1889 3875 Salvatore
1912 3819 2121 3874 dictum
2145 3834 2290 3882 esse,

720 3921 781 3967 ut
807 3918 1189 3969 scrutarentur
1228 3909 1567 3979 Scripturas,
1628 3909 1684 3965 in
1735 3908 1939 3979 quibus
1985 3910 2295 3965 testimonia

719 4003 789 4060 de
816 4005 937 4074 ipso
969 4002 1228 4073 colligant
1283 3999 1351 4055 ad
1411 4001 1622 4056 vitam:
1675 4016 1868 4055 verum
1923 4000 2183 4071 quoniam
2238 4000 2293 4055 in

720 4096 902 4151 medio
947 4093 1186 4164 copula,
1237 4099 1307 4156 et,
1362 4096 1565 4162 posita,
1619 4090 1711 4146 illa
1762 4090 1929 4146 verba
1970 4090 2291 4163 coniungit:

724 4206 743 4239 ι
781 4186 900 4241 Non
930 4184 1097 4239 vnltis
1122 4182 1310 4238 venire
1345 4182 1413 4236 ad
1440 4197 1548 4247 me,
1593 4200 1612 4233 ι
1642 4180 1993 4237 manifestum
2025 4191 2109 4237 est
2147 4181 2293 4236 aliud

715 4278 975 4350 quiddam
1002 4274 1337 4347 signiﬁcare,
1382 4284 1677 4346 cognatum
1723 4274 1943 4344 quidem
1978 4274 2291 4340 antedictis,

716 4372 810 4428 sed
837 4371 891 4425 in
920 4383 1031 4441 quo
1060 4365 1313 4423 nonnihil
1341 4368 1415 4423 sit
1437 4367 1663 4423 diversi.
1695 4366 1754 4421 Si
1784 4367 1930 4423 enim
1965 4364 2100 4421 illud
2128 4366 2295 4436 impe-

716 4462 874 4518 randi
905 4460 1067 4516 modo
1123 4460 1197 4515 sit
1243 4459 1680 4530 intelligendum,
1727 4457 2002 4530 quomodo
2032 4471 2293 4513 necessa-

716 4554 857 4608 rium
888 4566 996 4607 non
1029 4566 1152 4607 esse
1189 4550 1458 4616 dicemus,
1489 4551 1591 4606 hac
1615 4550 1876 4622 loquendi
1908 4549 2107 4614 forma,
2136 4550 2292 4605 verbi

717 4644 913 4715 gratia,
964 4649 1141 4697 totum
1188 4642 1409 4697 dicere:
1464 4662 1483 4695 ι
1553 4640 1891 4698 Scrutamini
1953 4639 2290 4711 Scripturas,

716 4736 845 4806 quia
878 4749 977 4789 vos
1003 4733 1207 4805 putatis
1235 4735 1290 4788 in
1322 4734 1459 4803 ipsis
1492 4734 1656 4789 vitam
1682 4743 1943 4789 mternam
1983 4732 2206 4796 habere,
2236 4738 2291 4788 et

717 4828 821 4881 illa;
853 4833 983 4881 sunt
1034 4840 1156 4896 qua:
1204 4825 1582 4880 testimonium
1640 4825 1935 4894 perhibent
1987 4823 2056 4879 de
2093 4839 2218 4891 me;
2262 4840 2282 4875 ι

717 4927 1009 4989 postquam
1044 4926 1225 4973 autem
1253 4932 1349 4974 eas
1387 4917 1720 4988 perscrutati
1770 4916 2007 4981 fueritis,
2046 4936 2065 4967 ι
2106 4916 2289 4971 venite

716 5006 783 5061 ad
843 5021 964 5074 ine;
997 5024 1015 5057 ι
1051 5006 1147 5061 sed
1170 5021 1265 5061 eos
1312 5005 1516 5061 invitos
1562 5005 1771 5069 venire,
1830 5005 2083 5075 quamvis
2121 5019 2287 5059 manu

715 5096 1003 5163 deductos,
1051 5097 1273 5152 incusat
1305 5096 1535 5152 dicens:
1576 5117 1595 5149 ι
1635 5095 1701 5149 Et
1735 5111 1845 5151 non
1894 5097 2065 5151 vultis
2104 5097 2289 5152 venire

716 5190 785 5243 ad
819 5204 926 5244 me.
963 5208 981 5240 ι
1018 5186 1288 5260 Legemus
1323 5188 1507 5258 itaque
1538 5188 1730 5243 utilius
1769 5194 1823 5242 et
1860 5187 2287 5244 convenientius

718 5280 787 5334 iis
811 5295 934 5349 qua:
973 5286 1101 5335 ante
1156 5280 1302 5335 dicta
1348 5287 1502 5344 sunt,
1555 5294 1668 5333 non
1717 5279 1908 5349 utique
1978 5278 2283 5348 imperandi

719 5368 900 5436 modo,
929 5370 1026 5425 sed
1054 5371 1392 5427 assentiendi
1427 5372 1613 5441 potius
1636 5379 1802 5441 atque
1826 5370 2128 5425 indicandi.
2169 5367 2287 5423 Erit

717 5473 882 5528 porro
906 5459 1015 5514 loci
1044 5460 1209 5531 hujus
1236 5462 1505 5516 sententia
1548 5462 1674 5518 talis
1714 5479 1728 5515 :
1764 5476 1889 5517 cum
1929 5461 2139 5516 videret
2191 5474 2287 5515 eos

601 5553 605 5556 ’
716 5568 779 5606 ea
813 5549 977 5608 Mosis
1044 5552 1264 5622 scriptis
1316 5553 1553 5623 plurima
1587 5551 1839 5623 imperite
1892 5553 2159 5607 adversus
2195 5566 2286 5606 se-

788 5733 835 5763 “
872 5731 1068 5792 Jercm.
1104 5749 1229 5801 vni,
1264 5734 1317 5802 9,
1351 5734 1433 5791 l0.
1511 5738 1553 5771 ²¹
1595 5735 1750 5792 Joan.
1787 5752 1840 5803 χ,
1882 5738 1971 5803 ὅτ,
2007 5736 2093 5791 58.

2486 3363 2798 3433 Ἐρευνᾶτε
2832 3366 2936 3433 τὰς
2980 3366 3246 3437 Γραφὰς,
3280 3368 3368 3421 ὅτι
3391 3370 3463 3422 ἐν
3512 3371 3705 3439 αὑταῖς
3735 3374 3907 3429 δοκεῖτε

2396 3453 2563 3523 ὑμεῖς
2592 3452 2745 3523 ζωὴν
2766 3456 3006 3512 αἰώνιον
3037 3458 3221 3528 ἔχειν,
3254 3460 3352 3513 καὶ
3370 3458 3549 3516 αὗταί
3567 3465 3712 3518 εἰσιν
3736 3469 3785 3518 al
3801 3484 3909 3535 pap-

2396 3546 2683 3614 τυροῦσαι
2710 3549 2839 3616 περί
2870 3549 3036 3618 ἐμοῦ.
3084 3550 3196 3605 Καὶ
3246 3555 3319 3606 οὐ
3350 3552 3555 3608 θέλετε
3594 3556 3771 3610 ἐλθεῖν
3798 3560 3908 3625 πρός

2390 3654 2469 3708 με
2491 3639 2589 3692 ἵνα
2621 3638 2775 3707 ζωὴν
2801 3641 2999 3710 ἔχητε.

2478 3730 2543 3784 Ἦ
2585 3732 2683 3801 μὲν
2731 3733 2851 3785 λεία
2898 3736 2992 3787 καὶ
3042 3736 3343 3807 ἱππήλατος
3378 3741 3491 3802 τοῖς
3520 3740 3719 3804 πολλοῖς
3740 3741 3813 3794 καὶ
3844 3759 3906 3793 τε·

2396 3823 2672 3895 τριμμένη
2700 3824 2907 3878 διάνοια
2930 3825 3022 3879 τοῦ
3060 3827 3250 3898 ῥητοῦ,
3283 3833 3689 3900 προστακτικῶς
3713 3833 3903 3903 είρῆσθαι

2396 3913 2634 3983 νομίζειν
2662 3915 2815 3987 παρά
2851 3916 2944 3970 τοῦ
2990 3917 3245 3989 Σωτῆρος
3289 3921 3449 3991 ἡμῶν
3485 3922 3618 3994 πρὸς
3646 3924 3755 3987 τοὺς
3780 3926 3903 3993 Φαρι-

2398 4006 2583 4070 σαίους
2623 4007 2907 4063 ἀναπείθει
2959 4009 3022 4062 τὸ
3065 4009 3286 4081 χρῆναι,
3317 4012 3420 4076 τάς
3462 4013 3610 4080 θείας
3636 4016 3904 4085 ἐρευνῶντας

2396 4096 2639 4165 Γραφάς,
2673 4097 2771 4161 τάς
2796 4100 2921 4170 περὶ
2940 4101 3109 4154 αὐτοῦ
3139 4103 3450 4174 μαρτυρίας
3474 4104 3605 4177 πρὸς
3623 4106 3751 4176 ζωὴν
3772 4106 3905 4178 ἐρανεο

2397 4186 2601 4250 ζεσθαι.
2621 4187 2838 4261 Ἐπειδὴ
2863 4190 2919 4243 δὲ
2948 4190 3243 4263 σύνδεσμον
3268 4195 3325 4247 ἐν
3344 4194 3426 4266 τῷ
3455 4197 3648 4267 μεταξὺ
3668 4196 3780 4261 θείς,
3801 4196 3902 4265 φημὶ

2395 4277 2453 4331 δὲ
2484 4278 2565 4342 τό,
2600 4281 2732 4344 Kal,
2764 4281 3025 4335 συνάπτει
3050 4283 3130 4347 τὸ,
3158 4285 3263 4337 «ού
3284 4285 3469 4340 θέλέτε
3490 4288 3655 4341 ἐλθεῖν
3679 4288 3790 4360 πρός
3812 4304 3899 4357 με’»

2395 4368 2552 4439 δῆλος
2584 4370 2650 4424 ἂν
2678 4370 2761 4442 εῐη
2795 4371 2981 4427 λοιπδν
3020 4374 3207 4446 ἕτερόν
3244 4394 3297 4429 τι
3355 4380 3650 4449 σημαίνων,
3706 4379 3904 4447 συγγενὲς

2398 4460 2497 4529 μὲν
2525 4464 2636 4525 τοῖς
2668 4463 2998 4534 εἰρημένοις,
3031 4464 3152 4535 ἔχον
3185 4465 3241 4520 δέ
3269 4485 3320 4521 τι
3349 4467 3524 4541 βραχὺ
3556 4470 3615 4522 τὸ
3637 4470 3903 4541 ἐξηλλαγμέ-

2395 4567 2504 4604 νον.
2534 4551 2597 4605 Εί
2626 4552 2737 4621 γὰρ
2763 4552 2869 4606 ἔδει
2914 4556 3152 4610 νοεῖσθαι
3208 4562 3642 4629 προστακτικῶς,
3699 4561 3795 4625 πῶς
3832 4561 3903 4613 οὐκ

2395 4636 2533 4696 εἶναι
2572 4643 2819 4714 φήσομεν
2848 4646 3161 4712 ἀναγκαῖον,
3202 4649 3344 4703 κατά
3371 4652 3491 4705 τόδε
3519 4653 3579 4706 τὸ
3599 4653 3762 4723 σχῆμα
3788 4651 3903 4714 τυχὸν

2394 4734 2456 4787 τὸ
2484 4734 2702 4805 σύμπαν
2734 4738 2943 4790 εἰπεῖν⁹
2996 4756 3013 4789 ι
3057 4739 3343 4810 Ἐρευνᾶτε
3389 4743 3491 4806 τὰς
3532 4744 3754 4815 Γραφάς,
3780 4743 3904 4796 ὃτιέν

2396 4827 2590 4890 αύταὶς
2619 4827 2823 4881 δοκεῖτε
2870 4827 3016 4899 ζωὴν
3060 4828 3277 4884 αίώνιον
3309 4831 3475 4902 ἔχειν,
3519 4836 3609 4886 καὶ
3636 4827 3777 4888 αὗταί
3803 4833 3903 4885 εἰσιν

2395 4918 2450 4970 αἱ
2501 4918 2874 4989 μαρτυροῦσαι
2958 4920 3088 4991 περὶ
3143 4921 3302 4991 ἐμοῦ
3371 4943 3389 4975 ι
3450 4926 3809 4996 ἐρευνήσαντες
3845 4921 3901 4981 δὲ.

2402 5028 2420 5060 ι
2456 5008 2638 5062 ἔλθετε
2699 5009 2836 5080 πρός
2893 5027 2959 5081 με
2986 5028 3001 5075 ;
3046 5030 3063 5062 ι
3092 5012 3207 5065 ἀλλ’
3235 5012 3313 5075 ὡς
3346 5015 3420 5087 μὴ
3461 5016 3725 5079 ἐθέλοντας
3752 5014 3900 5074 ἐλθεῖν,

2395 5098 2573 5151 καίτοι
2610 5097 2699 5151 διά
2726 5100 2823 5170 τῆς
2850 5099 3074 5171 ἐρεύνης
3097 5103 3189 5154 ἐπὶ
3219 5102 3377 5156 τοῦτο
3406 5106 3900 5177 χειραγωγουμένονῆ

2395 5190 2762 5253 καταιτιᾶται,
2789 5189 2963 5257 λέγων
2982 5207 2995 5223 ο
3021 5208 3038 5241 ι
3064 5191 3173 5243 Καὶ
3196 5192 3259 5245 οὐ
3272 5190 3452 5246 θέλετε
3469 5194 3637 5247 ἐλθεῖν
3657 5194 3775 5264 πρός
3799 5207 3896 5261 με.»

2407 5279 2856 5350 Ἀναγνωσόμεθα
2889 5281 3089 5347 τοίνυν,
3113 5282 3205 5335 ἐπὶ
3220 5283 3282 5336 τὸ
3303 5284 3701 5357 χρησιμώτερον
3727 5283 3899 5355 βλέπον·

2392 5385 2502 5432 τες,
2530 5370 2624 5422 καὶ
2650 5368 2711 5421 τὸ
2738 5370 2850 5434 τοῖς
2880 5370 3329 5439 προαποδοθεῖσιν
3362 5374 3696 5441 ἀκολουθοῦν,
3723 5373 3774 5427 οὐ
3798 5368 3899 5423 πάν-

2390 5476 2500 5523 τως
2522 5459 2954 5531 προοτακτικῶς,
2986 5459 3099 5515 ἀλλ’
3150 5462 3227 5527 ὡς
3259 5464 3465 5518 συνέσει
3498 5464 3593 5537 [αι.
3636 5456 3899 5529 συναινέσει]

2396 5551 2592 5621 μᾶλλον
2619 5552 2712 5604 καὶ
2754 5552 3090 5624 ύποστιγμῇ.
3136 5555 3328 5610 Ἔσται
3348 5556 3403 5611 δὲ
3435 5558 3593 5612 πάλιν
3620 5556 3705 5612 τοῦ
3728 5568 3897 5628 προκει-

2173 5738 2216 5769 ²²
2255 5734 2414 5788 Joan.
2450 5750 2556 5797 xlv,
2587 5736 2639 5789 9.
