4102 6512
227 318 334 373 421

1236 311 1299 366 lN
1332 307 1619 366 JOANNIS
1660 270 2111 363 EV’ANGELIUM
2145 307 2274 365 LIB.
2320 306 2406 363 ιιι.

3382 316 3505 373 422.

148 421 157 430 ’
226 431 395 501 μένου
419 424 657 490 τοιοῦτος
686 425 715 479 ό
737 424 884 489 νοῦς.
925 424 1147 495 Ἐπειδὴ
1178 422 1287 494 γὰρ
1308 421 1570 477 ἐθεάσατο
1589 420 1808 491 τρέχονο

1916 418 2092 489 ipsum
2121 420 2401 490 colligere,
2426 418 2670 490 nihilque
2694 420 2841 476 aliud
2881 436 3148 492 quaerere,
3186 435 3281 481 aut
3318 431 3483 486 etiam
3546 454 3547 457 η

221 540 324 584 τας
364 520 458 574 ἐπὶ
494 518 562 573 τὰ
590 518 835 583 Μωσέως
868 516 1299 589 συγγράμματα,
1331 514 1426 568 καὶ
1456 511 1809 580 συλλέγοντας

223 612 438 667 ἐκεῖθεν
470 608 811 671 ἀπαιδεύτως
866 607 966 672 τὰς
1016 607 1123 661 τῶν
1167 604 1483 673 ἀντιλογιῶν
1531 602 1808 673 ἀφορμάς,

223 701 527 774 ζητοῦντας
554 699 611 753 δέ
649 699 835 770 ἕτερον
878 698 1053 761 οὑδὲν,
1087 698 1120 769 ἢ
1154 698 1247 751 καὶ
1295 694 1636 767 δεχομένους,
1675 694 1812 763 ὅπερ

224 794 295 847 ἂν
333 786 518 856 αὐτοῖς
550 790 608 845 τὸ
654 793 851 862 χρῆναι
880 789 1153 843 πιστεύειν
1200 790 1487 858 περιποιῇθ
1525 786 1615 839 διὰ
1655 784 1814 839 τοῦτο

224 885 394 938 πάλιν
425 882 740 951 ἀναγκαίως
772 881 1045 953 ἄχρηστον
1090 881 1273 944 αὐτοῖς
1318 880 1414 934 καὶ
1442 879 1697 949 ἀνόνητον
1722 876 1814 930 τὸν

223 975 327 1045 τῆς
360 974 454 1027 ἐπὶ
479 973 691 1036 τούτοις
756 972 984 1045 ἐρεύνης
1022 971 1312 1041 ἀποφαίνει
1362 970 1547 1033 πόνον,
1599 967 1691 1021 καὶ
1737 967 1814 1031 ὡς

228 1065 454 1135 μεγάλῳ
474 1080 533 1118 τε
563 1064 661 1118 καὶ
706 1064 1143 1132 ἐπωφελεστάτῳ
1190 1061 1477 1133 πράγματι
1515 1058 1815 1130 μεμελετή-

227 1173 388 1211 κασιν
429 1156 491 1209 ού
538 1154 681 1209 κατὰ
723 1154 879 1223 λόγον
941 1152 1244 1225 κεχρῆσθαι
1277 1152 1367 1205 τὸν
1410 1152 1689 1223 πρέποντα
1738 1150 1818 1203 δι-

231 1248 455 1317 ελέγχει
518 1246 798 1316 σαφῶς.Τί
836 1246 966 1316 γὰρ,
1013 1245 1130 1298 εἰπέ
1168 1262 1279 1315 μοι,
1320 1244 1381 1296 τὸ
1418 1244 1704 1314 χρήσιμον,
1735 1242 1817 1294 ὃτι

224 1342 325 1403 τὰς
344 1340 455 1410 μὲν
482 1340 655 1403 θείας,
693 1339 883 1409 φησὶν,
916 1338 1174 1407 ἐρευνᾶτε
1215 1335 1460 1407 Γραφὰς,
1489 1334 1722 1405 οίόμενοι
1750 1333 1818 1386 δι’

224 1430 407 1484 αὑτῶν
440 1433 519 1495 εἰς
553 1429 768 1484 αἰώνιον
800 1428 1166 1498 ἀναὸήσεσθαι
1190 1429 1336 1499 ζωήν
1362 1445 1376 1493 ;
1414 1426 1583 1480 Ἐπάν
1607 1425 1663 1479 δὲ
1686 1424 1818 1479 ταύ-

221 1537 325 1583 τας
352 1522 477 1592 ἐμοὶ
509 1519 894 1593 μαρτυρούσας
933 1520 1246 1591 εὑρίσκητε,
1298 1519 1391 1571 καὶ
1440 1518 1587 1589 ζωὴν
1614 1518 1817 1587 ὀνομα-

222 1610 427 1675 ζούσας
450 1613 549 1682 ἐμὲ
581 1613 679 1682 τὴν
724 1613 961 1675 αίώνιον,
1017 1612 1077 1663 ού
1126 1610 1305 1663 θέλετε
1354 1610 1527 1663 ἐλθεῖν
1560 1610 1697 1680 πρός
1726 1626 1815 1679 με,

223 1702 316 1755 ἵνα
338 1702 485 1773 ζωὴν
516 1701 697 1773 ἔχητε.
729 1701 937 1757 Οὐκοῦν
967 1701 1088 1755 ὅθεν
1135 1701 1244 1754 ἔδει
1294 1701 1584 1765 σώζεσθαι,
1630 1703 1813 1771 φησὶν,

220 1792 435 1844 ἐκεῖθεν
461 1792 530 1844 τὰ
566 1791 799 1860 μέγιστα
829 1792 927 1854 τὰς
958 1791 1169 1845 ἑαυτῶν
1201 1790 1525 1862 ζημιοῦντες
1549 1792 1609 1843 οὑ
1641 1793 1809 1844 νοεῖτε

219 1885 424 1955 ψυχὰς,
456 1886 591 1957 πρὸς
633 1886 730 1957 μὲν
762 1886 920 1957 μόνον
970 1885 1032 1939 τὸ
1052 1885 1352 1954 ἀντιλέγειν
1393 1886 1457 1939 ἐκ
1496 1884 1811 1939 Μωσαῖκῶν

219 1974 563 2046 ἀκονὼμενοι
594 1975 791 2043 λόγων,
812 1977 879 2029 τὰ
907 1975 964 2028 δέ
988 1977 1071 2045 ἐφ’
1098 1970 1179 2039 οἷς
1207 1972 1275 2047 ἦν
1304 1978 1446 2047 ὑμᾶς
1467 1976 1565 2048 τὴν
1594 1976 1810 2030 αἰώνιον

216 2066 639 2137 ἀποκερδαίνειν
668 2066 834 2137 ζωὴν,
885 2067 996 2120 οὐδ’
1025 2067 1148 2120 ὅσον
1199 2069 1277 2131 εἰς
1321 2067 1446 2122 νοῦν
1471 2069 1560 2121 τὸν
1600 2068 1808 2121 ἑαυτῶν

1911 513 2190 582 suscipere
2227 526 2337 581 quo
2360 510 2428 565 ad
2461 509 2794 565 credendum
2827 511 3242 581 inducerentur,
3278 517 3486 577 idcirco

1912 604 2226 659 necessario
2274 602 2388 657 illis
2427 616 2645 656 rursum
2702 603 2946 659 declarat
3012 606 3260 663 inutilem
3323 611 3484 667 istam

1913 696 2191 752 scrutandi
2218 694 2585 764 diligentiam,
2618 695 3019 767 niauifesteque
3052 700 3230 770 arguit
3288 717 3384 759 eos
3430 720 3490 759 re

1912 804 2107 859 magna
2161 796 2217 843 et
2268 787 2560 842 utilissima
2610 801 2721 841 non
2760 802 2827 842 eo
2857 804 2966 858 quo
2998 790 3152 846 decet
3189 792 3351 849 modo
3383 795 3486 850 uti.

1913 878 2053 946 Quid
2104 880 2251 934 enim
2294 879 2542 949 prodest,
2578 894 2791 949 quaeso,
2824 880 3037 951 inquit,
3077 884 3222 953 quod
3272 885 3489 941 divinas

1912 970 2235 1027 scrutamini
2260 969 2596 1039 Scripturas,
2629 971 2924 1027 credentes
2969 988 3067 1043 per
3105 975 3255 1046 ipsas
3286 993 3384 1034 vos
3420 979 3487 1032 ad

1913 1071 2173 1117 atternam
2200 1061 2364 1116 vitam
2406 1068 2654 1116 evectum
2707 1061 2816 1115 iri?
2866 1061 3080 1134 Quippe
3114 1080 3237 1119 cum
3289 1083 3384 1124 eas
3420 1069 3489 1123 de

1915 1167 2002 1207 me
2040 1152 2324 1207 testiﬁcari
2356 1153 2708 1220 comperiatis
2755 1168 2954 1224 meque
3006 1157 3174 1210 vitam
3228 1168 3488 1214 :eternam

1916 1241 2222 1303 nominare,
2248 1256 2355 1295 non
2391 1242 2555 1295 vultis
2588 1249 2769 1295 tamen
2803 1242 2869 1295 ad
2901 1257 2988 1298 me
3012 1244 3199 1299 venire
3234 1257 3293 1299 ut
3317 1249 3487 1301 vitam

1917 1331 2181 1386 habeatis.
2208 1329 2401 1401 lgitur,
2430 1330 2573 1386 unde
2600 1346 2697 1386 vos
2720 1331 2923 1386 salvari
2949 1342 3254 1403 oporteret,
3290 1337 3490 1406 inquit,

1917 1423 2046 1477 inde
2079 1423 2369 1476 maximam
2430 1423 2739 1476 animorum
2771 1422 3048 1493 jacturam
3099 1440 3197 1480 vos
3245 1428 3496 1497 accipere

1917 1528 2026 1568 non
2071 1513 2394 1583 intelligitis,
2427 1529 2567 1582 quos
2602 1514 2869 1568 librorum
2913 1514 3282 1571 Mosaicorum
3330 1519 3493 1574 lectir.

1920 1607 1985 1662 ad
2024 1607 2434 1661 contradicendi
2475 1606 2715 1661 studium
2766 1607 2941 1661 solum
2984 1608 3152 1670 acuit,
3185 1623 3309 1677 quae
3356 1625 3487 1665 vero

1921 1700 1989 1756 ad
2014 1708 2271 1754 aeternam
2301 1700 2470 1752 vitam
2500 1698 2837 1762 conducunt,
2869 1699 3027 1769 261
3056 1714 3125 1753 ne
3159 1699 3213 1754 in
3251 1702 3493 1756 animum

1917 1791 2135 1860 quidem
2170 1796 2412 1845 vestrum
2448 1789 2760 1844 admittitis.
2787 1787 3057 1844 Czeterum
3092 1791 3263 1844 multa
3294 1794 3347 1845 in
3377 1792 3496 1863 lege

1917 1888 1972 1935 et
2005 1880 2213 1936 sanctis
2258 1878 2538 1949 prophetis
2572 1876 2639 1932 de
2672 1878 2783 1931 vita
2843 1880 3148 1934 secundum
3203 1888 3483 1951 naturam,

1918 1971 2021 2026 hoc
2051 1978 2134 2026 est
2163 1971 2229 2026 de
2259 1969 2553 2040 Unigenito
2604 1969 2896 2036 contineri,
2952 1985 3136 2035 nemo,
3186 1979 3247 2026 ut
3276 1976 3496 2044 opinor,

1916 2061 2167 2120 discendi
2196 2059 2482 2114 studiosus
2517 2060 2753 2129 ignorat.

218 2157 622 2222 είσοικίζοντες.
650 2159 772 2211 Ὅτι
818 2157 875 2210 δέ
905 2159 1071 2221 πολὺς
1097 2158 1155 2211 ἓν
1186 2175 1245 2211 τε
1270 2159 1349 2230 τῷ
1381 2160 1528 2231 νόμῳ
1578 2162 1672 2214 καὶ
1720 2164 1832 2224 τοῖς
1870 2158 2047 2227 ἁγίοις
2066 2152 2372 2224 προφήταις
2401 2153 2429 2204 ὁ
2457 2151 2613 2220 λόγος
2646 2150 2898 2221 περὶτῆς
2923 2150 3064 2205 κατά
3101 2151 3263 2221 φύσιν
3329 2153 3494 2227 ζωῆς,

217 2250 469 2303 τουτέστι
488 2250 581 2305 τοῦ
613 2251 970 2319 Μονογενοῦς,
1005 2255 1165 2306 πᾶσιν
1189 2248 1341 2323 οῐμαι
1368 2257 1480 2318 τοῖς
1524 2255 1873 2323 φιλομαθέσιν
1913 2251 2179 2321 ὑπάρχειν
2207 2246 2535 2315 καταφανέςο

285 2346 493 2409 Δόξαν
557 2347 719 2415 παρὰ
780 2346 1095 2416 ἀνθρώπου
1156 2354 1229 2401 οὑ
1289 2348 1572 2417 λαμϐάνω
1590 2390 1605 2414 ,
1664 2351 1804 2405 ἀλλ’

225 2435 467 2503 ἔγνωκα
504 2434 660 2503 ὑμᾶς
686 2476 701 2502 ,
756 2435 845 2490 ὅτι
892 2436 1008 2505 τὴν
1056 2435 1301 2505 ἀγάπην
1344 2438 1450 2492 τοῦ
1494 2438 1641 2493 Θεοῦ
1694 2442 1805 2495 οὐκ

225 2526 399 2595 ἔχετε
440 2525 510 2579 ἐν
550 2525 804 2592 ἑαυτοῖς.
1610 2527 1619 2535 ’

298 2615 627 2669 Αίσθάνεται
672 2617 868 2682 πάλιν,
906 2618 1108 2687 μᾶλλον
1144 2618 1201 2672 δὲ
1239 2620 1344 2691 ὁρᾶ
1373 2618 1723 2691 θεοπρεπῶς,
1749 2620 1809 2673 τὸ

226 2704 524 2768 δυσπειθὲς
560 2704 656 2759 καὶ
690 2704 937 2776 δυσήνιον
986 2707 1094 2760 τῶν
1121 2708 1431 2777 Φαρισαίων
1472 2710 1811 2765 καταδακνό-

231 2810 401 2865 μενον
450 2797 665 2864 στῖφος,
717 2796 811 2849 καὶ
844 2797 906 2849 οὐ
939 2798 1159 2862 πάντως
1206 2799 1292 2868 ἐφ’
1338 2793 1419 2862 οἷς
1475 2801 1664 2870 ᾐτιᾶτο
1712 2800 1811 2863 τὰς

230 2884 389 2948 θείας
438 2883 515 2949 ῶς
559 2885 620 2938 οὑ
654 2885 884 2951 δεόντως
928 2887 1262 2959 ἐρευνῶντας
1291 2889 1542 2959 Γραφάς,
1575 2890 1690 2944 ἀλλ’
1719 2890 1812 2943 ἐπὶ

224 2975 308 3045 τῷ
340 2975 544 3046 μᾶλλον
581 2976 778 3029 είπεῖν·
819 2997 837 3030 ι
873 2977 947 3031 Ού
984 2977 1165 3031 θέλετε
1187 2979 1362 3031 ἐλθεῖν
1389 2980 1525 3051 πρός
1558 2998 1644 3051 με.
1688 3002 1707 3035 ι
1743 2985 1810 3035 Ἀ

1984 2344 2053 2409 ν,
2083 2342 2281 2409 41,42.
2332 2340 2645 2397 Claritatem
2684 2342 2749 2395 ab
2788 2340 3086 2395 hominibus
3122 2358 3227 2395 non
3268 2342 3496 2411 accipio,

1913 2434 2001 2490 sed
2032 2434 2249 2504 cognovi
2288 2448 2396 2494 vos,
2430 2432 2558 2501 quia
2582 2430 2917 2485 dilectionem
2951 2430 3053 2485 Dei
3082 2448 3187 2485 non
3215 2432 3419 2487 habetis
3444 2436 3499 2486 in

1916 2527 2080 2581 vobis.

1986 2616 2167 2672 Sentit
2204 2629 2421 2679 rursus,
2455 2613 2566 2669 imo
2594 2628 2724 2669 vero
2751 2612 2901 2667 videt
2939 2613 3105 2668 modo
3138 2613 3249 2669 Deo
3295 2629 3498 2671 convc-

1912 2709 2083 2764 nieuti
2125 2717 2505 2763 contumacem
2565 2713 2620 2759 et
2673 2704 3023 2773 praefractam
3087 2702 3495 2760 Pharisaeorum

1914 2801 2131 2854 turbam
2157 2795 2512 2861 commoveri,
2538 2810 2649 2849 non
2676 2795 2824 2864 quod
2855 2810 2953 2850 eos
2983 2795 3200 2849 divinas
3241 2794 3499 2868 Scriptu-

1912 2907 2003 2947 ras
2027 2891 2211 2945 minus
2237 2899 2382 2945 recte
2406 2888 2646 2943 scrutari
2673 2887 2975 2957 objecerat,
2999 2888 3094 2943 sed
3123 2904 3188 2944 ex
3216 2903 3281 2942 eo
3312 2891 3496 2958 potius

1912 2982 2057 3053 quod
2092 2980 2331 3045 dixerat,
2370 2998 2389 3032 ι
2426 2978 2543 3034 Non
2578 2979 2745 3033 vultis
2801 2979 2989 3035 venire
3022 2980 3087 3034 ad
3150 2996 3257 3034 me.
3296 2999 3314 3031 ›
3374 2980 3493 3046 Qua

224 3065 343 3136 γὰρ
374 3065 527 3119 αὑτοὶ
568 3065 816 3119 νοσοῦσιν
849 3067 1123 3131 εὑκόλως,
1159 3067 1333 3123 ταῦτα
1378 3069 1637 3123 δύνασθαι
1673 3087 1808 3140 κρα-

1914 3074 2059 3129 enim
2087 3074 2192 3143 ipsi
2216 3070 2547 3143 aegritudine
2588 3070 2932 3136 laborabant,
2978 3070 3225 3125 eamdem
3275 3086 3495 3141 quoque

226 3157 347 3208 τεῖν
384 3156 481 3208 καὶ
512 3155 606 3209 ἐπ)⁸
646 3155 741 3210 τοῦ
780 3156 1030 3227 Σωτῆρος
1062 3156 1408 3211 πιστεύουσιν
1432 3174 1446 3189 ·
1489 3157 1656 3230 ῷοντο
1700 3159 1809 3231 γὰρ

224 3245 294 3315 δὴ
321 3286 339 3310 ,
371 3244 515 3299 κατά
538 3245 599 3300 τὸ
641 3246 787 3310 είκὸς
808 3287 822 3309 ,
876 3248 943 3300 ἐκ
973 3248 1176 3315 πολλῆς
1221 3249 1315 3302 καλ⁵
1354 3248 1513 3303 τοῦτο
1546 3249 1810 3315 παθόντες

230 3336 447 3401 ἀνοίας,
485 3338 767 3409 φιλαρχείν
792 3338 891 3410 ἤδη
936 3341 1057 3391 κατ’
1100 3338 1280 3393 αὑτῶν
1314 3340 1405 3394 τὸν
1448 3340 1683 3413 Κύριον,
1713 3342 1809 3396 καὶ

227 3429 330 3491 τὰς
379 3429 529 3502 παρὰ
580 3429 799 3484 πάντων
859 3428 1027 3501 τιμὰς
1085 3429 1261 3502 ἑαυτῷ
1321 3432 1808 3502 πραγματεύεσθαι

228 3520 431 3587 θέλειν,
459 3521 548 3575 διὰ
583 3521 677 3576 τοῦ
700 3521 886 3576 καλεῖν
916 3524 997 3585 είς
1028 3521 1328 3592 μαθητείαν
1366 3523 1583 3588 αὑτούς.
1610 3524 1809 3578 Τοιαύ-

229 3628 335 3681 την
359 3612 482 3665 τινὰ
499 3612 598 3682 τὴν
618 3612 872 3666 ὑπόνοιαν
900 3611 1156 3677 λαϐόντες
1180 3615 1260 3677 είς
1285 3613 1432 3679 νοῦν,
1456 3615 1807 3669 ἐκπεσεῖσθαι

224 3704 336 3772 μὲν
352 3704 478 3757 ὅσον
496 3703 707 3757 ούδὲπω
724 3704 823 3775 τῆς
855 3705 999 3759 κατά
1029 3704 1122 3757 τοῦ
1150 3704 1336 3769 ἔθνους
1360 3706 1609 3771 ἐξουσίας
1636 3724 1806 3778 προσ-

226 3794 431 3847 εδόκων
465 3793 652 3847 αὐτοῖο
685 3794 988 3865 διεπρίοντο
1030 3795 1087 3847 δὲ
1133 3796 1196 3849 οὑ
1233 3796 1445 3868 μικρῶς
1481 3796 1573 3851 τὸν
1607 3798 1805 3869 κληρο-

226 3884 393 3954 νόμον
419 3883 653 3955 ὁρῶντες
676 3886 927 3940 ἀπαιτεῖν
960 3886 1211 3940 ἐθέλοντα
1248 3886 1341 3941 τὸν
1367 3887 1461 3941 τοῦ
1487 3888 1807 3959 ἀμπελῶνος

227 3976 465 4047 καρπόν.
496 3976 585 4029 Διὸ
607 3977 672 4048 δὴ
696 3977 881 4041 πάλιν,
899 3978 1030 4031 ’ὅσον
1054 3973 1188 4051 ἦκεν
1217 3979 1297 4042 είς
1323 3978 1494 4051 ὀργὴν
1553 3980 1648 4034 καὶ
1680 3980 1806 4045 τοὺς

223 4068 320 4120 ἐπὶ
348 4071 462 4132 τοῖς
494 4069 805 4139 εἰρημένοις
851 4069 1077 4139 φθόνους
1102 4109 1117 4132 ,
1172 4069 1453 4140 μονονουχὶ
1494 4070 1713 4139 λέγουσι
1744 4072 1807 4125 τὸ

221 4159 284 4211 ἐν
314 4160 437 4221 ταῖς
471 4157 851 4227 εύαγγελικαῖς
884 4158 1222 4230 παραϐολαῖς
1245 4174 1258 4188 ο
1293 4158 1511 4222 «Δεῦτε,
1551 4161 1809 4214 ἀποκτεί-

221 4264 411 4318 νωμεν
436 4247 622 4314 αὑτὸν,
650 4249 743 4302 καὶ
771 4249 989 4321 σχῶμεν
1015 4249 1114 4321 τὴν
1148 4249 1513 4321 κληρονομίαν
1554 4251 1739 4306 αὑτοῦ.
1782 4271 1801 4305 ι

224 4338 511 4409 ἼΑναιρῶν
557 4340 845 4413 τοιγαροῦν
889 4341 986 4410 τὴν
1031 4341 1091 4407 ἐξ
1137 4342 1476 4413 είκαιότητος
1520 4344 1579 4396 ἐν
1623 4344 1807 4407 αὑτοῖς

1911 3162 2136 3233 reperiri
2167 3162 2221 3215 in
2253 3160 2537 3216 Salvatore
2568 3160 2857 3230 putabant.
2889 3160 3296 3216 Existimabam
3317 3162 3491 3225 enim,

1909 3263 1968 3308 ut
1999 3252 2234 3320 videtur,
2263 3252 2428 3322 idque
2462 3266 2574 3322 pra:
2602 3250 2871 3321 singulari
2906 3252 3148 3315 insania,
3197 3251 3491 3307 Dominum

1907 3358 2098 3399 eorum
2127 3342 2337 3397 ambire
2372 3342 2485 3412 jam
2515 3342 2908 3412 principatum,
2943 3352 3004 3397 et
3034 3342 3274 3398 honores
3306 3344 3410 3398 sibi
3460 3359 3491 3397 a

1908 3434 2123 3489 cunctis
2150 3433 2413 3503 aucupari
2447 3448 2515 3487 ex
2551 3447 2617 3487 eo
2654 3432 2803 3502 quod
2860 3433 3016 3503 ipsos
3043 3430 3111 3488 ad
3165 3432 3490 3489 discendum

1908 3523 2185 3580 invitaret.
2209 3523 2345 3578 Cum
2374 3537 2493 3578 eam
2530 3522 2902 3592 suspicionem
2969 3523 3155 3578 animo
3188 3526 3487 3595 concepis-

1909 3623 2052 3683 sent,
2078 3616 2307 3686 jamjam
2342 3615 2701 3671 deturbatum
2734 3616 2801 3669 iri
2846 3631 2906 3671 se
2934 3615 3005 3671 de
3033 3631 3146 3670 suae
3174 3617 3355 3687 gentis
3389 3618 3493 3671 im-

1908 3706 2060 3776 perio
2093 3704 2391 3761 credebant
2418 3722 2432 3759 :
2468 3719 2578 3760 non
2609 3703 2961 3760 mediocriter
2987 3715 3173 3760 autem
3206 3706 3491 3777 dirumpe-

1910 3798 2129 3861 bautur,
2158 3812 2286 3851 cum
2310 3796 2563 3852 viderent
2591 3795 2861 3851 liaaredem
2892 3794 3127 3851 fructum
3154 3796 3327 3851 vineae
3350 3797 3490 3852 velle

1910 3896 2176 3958 repetere.
2229 3886 2576 3958 Quapropter
2623 3888 2670 3943 si
2730 3903 2922 3942 eorum
2961 3887 3095 3941 iram
3156 3895 3211 3943 et
3261 3887 3488 3943 livorem

1906 3985 2241 4048 spectemus,
2304 3978 2437 4032 illud
2489 3978 2889 4049 propemodum
2942 3978 3186 4033 clamant
3235 3979 3383 4048 quod
3434 3979 3490 4033 in

1905 4071 2234 4140 evangelicis
2266 4070 2543 4139 parabolis
2572 4070 2839 4140 scriptum
2872 4076 2991 4125 est:
3040 4090 3057 4121 ι
3100 4069 3316 4134 Venite,
3348 4070 3494 4125 occi-

1906 4161 2102 4217 damus
2129 4176 2278 4227 eum,
2306 4168 2361 4216 et
2391 4159 2718 4216 habebimus
2770 4160 3149 4215 haereditatem
3208 4161 3331 4231 ejus
3356 4163 3421 4215 “.
3463 4181 3482 4212 ι

1909 4250 2133 4307 Totiens
2169 4252 2355 4323 itaque
2382 4253 2757 4322 suspicionem
2790 4268 2979 4307 eorum
3037 4253 3208 4307 levem
3238 4268 3303 4308 ac
3351 4262 3489 4310 tem-

1912 4344 2206 4413 porariam,
2242 4350 2296 4397 et
2335 4344 2583 4410 germina
2623 4343 2814 4399 livoris
2849 4358 2913 4399 ac
2945 4344 3305 4414 malignitatis
3337 4346 3490 4416 prius

222 4432 692 4503 κατεσπαρμένην
749 4433 1041 4498 ὑπόνοιαν,
1110 4434 1206 4488 καὶ
1236 4435 1306 4487 τὰ
1353 4435 1419 4488 ἑκ
1463 4435 1659 4504 φθόνου
1706 4435 1801 4489 καὶ

1917 4434 2231 4498 eradicans,
2266 4435 2451 4504 .palam
2511 4443 2567 4489 et
2597 4443 2786 4505 aperte
2819 4434 2896 4489 ait
2925 4454 2938 4490 :
2988 4454 3006 4487 ι
3066 4435 3386 4491 Claritatem
3419 4437 3488 4491 ab

224 4522 528 4591 βασκανίας
570 4525 994 4596 προαποῤῥιζῶν
1024 4524 1406 4597 βλαστήματα,
1450 4529 1629 4598 γυμνῇ
1660 4526 1806 4596 λέγει

219 4615 289 4683 τῇ
538 4632 556 4665 ι
600 4613 769 4679 Δόξαν
814 4615 966 4686 παρὰ
1020 4616 1313 4687 ἀνθρώπου
1356 4617 1417 4670 ού
1455 4617 1739 4689 λαμϐάνω.
1780 4637 1799 4669 ι

222 4705 299 4756 υύ
339 4705 451 4773 γὰρ
492 4704 665 4769 καλῶ,
695 4707 860 4777 φησὶν
886 4747 902 4772 ,
932 4709 1015 4771 είς
1056 4708 1358 4780 μαθητείαν
1383 4708 1483 4781 τὴν
1521 4710 1653 4777 παρ’
1681 4710 1804 4777 ἐμοὶ

223 4792 334 4865 [αι.
373 4794 553 4866 ἐμοῦ]
601 4797 729 4860 τοὺς
764 4798 1182 4870 ἀκροωμένους,
1239 4800 1272 4871 ᾖ
1319 4801 1420 4865 τὰς
1458 4804 1592 4874 παρ’
1626 4801 1801 4873 ὑμῶν,

218 4887 255 4954 ἢ
285 4884 389 4948 τὰς
423 4887 552 4956 παρ’
583 4887 787 4959 ἐτέρων
818 4889 1006 4958 τιμάς,
1038 4889 1287 4962 καθάπερ
1329 4891 1507 4962 ὑμεῖς,
1551 4890 1803 4964 θηρώμε-

219 4990 336 5037 νος,
363 4973 483 5027 ούδὲ
513 4974 703 5030 τοῦτον
734 4980 832 5047 τῆς
862 4977 1212 5044 διδασκαλίας
1244 4981 1708 5053 ἀντικομισαίμην
1737 4981 1803 5036 ἂν

218 5063 315 5116 τὸν
342 5064 557 5133 μισθὸν,
586 5064 969 5141 πληρεστάτην
996 5068 1135 5140 ἔχων
1157 5070 1257 5140 τὴν
1276 5070 1435 5137 δόξαν
1464 5071 1523 5138 ἐξ
1539 5071 1801 5140 ἐμαυτοῦ,

218 5155 321 5208 καὶ
354 5156 749 5229 ὑστεριζούσης
800 5159 901 5229 τῆς
949 5162 1077 5231 παρ’
1129 5160 1302 5231 ὑμῶν·
1352 5160 1468 5214 ἀλλ’
1501 5161 1700 5234 εἴρηκα
1731 5162 1807 5233 μὴ

216 5246 401 5299 θέλειν
429 5248 573 5316 ὑμᾶς
608 5248 862 5319 ἔρχεσθαι
894 5252 1031 5322 πρός
1064 5269 1133 5321 με
1155 5250 1244 5305 διὰ
1270 5251 1329 5305 τὸ
1359 5251 1561 5319 γνῶναι
1595 5252 1803 5321 σαφῶς,

212 5338 300 5391 ὅτι
331 5336 430 5407 τὴν
456 5338 673 5410 ἀγάπην
695 5340 789 5393 τοῦ
816 5341 950 5394 Θεοῦ
978 5343 1077 5397 οὑκ
1109 5342 1259 5413 ἔχετε
1287 5346 1345 5398 ἐν
1370 5345 1604 5408 ἑαυτοῖς.
1638 5345 1807 5416 Ἔρη-

1908 4524 2227 4580 hominibus
2265 4540 2372 4579 non
2408 4524 2642 4594 accipio.
2674 4543 2696 4574 ο
2731 4523 2849 4578 Non
2868 4524 3013 4579 enim
3051 4525 3103 4578 iu
3140 4524 3485 4595 disciplinam

1905 4630 2106 4679 meam,
2144 4614 2342 4685 inquit,
2376 4614 2662 4670 auditores
2702 4628 2964 4684 provoco,
3017 4614 3260 4671 honores
3300 4624 3397 4671 aut
3454 4632 3486 4670 a

1904 4706 2063 4761 vobis
2086 4718 2179 4761 aut
2214 4707 2282 4760 ab
2305 4706 2453 4772 aliis,
2495 4705 2657 4761 sicuti
2688 4720 2807 4769 vos,
2848 4704 3137 4769 an‘ectans,
3176 4721 3359 4777 neque
3390 4706 3487 4760 do-

1905 4796 2097 4852 ctrina:
2129 4797 2432 4852 mercedem
2477 4796 2639 4851 istam
2682 4796 3078 4866 reportaverim
3119 4797 3215 4866 qui
3246 4796 3486 4851 absolu-

1906 4888 2177 4943 tissimaut
2216 4903 2248 4942 a
2309 4888 2517 4958 meipso
2563 4887 2869 4942 claritatem
2920 4885 3122 4951 habeo,
3158 4900 3266 4955 qua
3328 4884 3487 4953 longe

1906 4980 2137 5036 inferior
2168 4991 2250 5037 est
2273 4980 2363 5034 illa
2390 4987 2573 5035 vestra
2602 4997 2615 5032 :
2652 4978 2746 5033 sed
2788 4976 2903 5032 dixi
2939 4992 3039 5031 vos
3086 4976 3154 5029 ad
3188 4988 3273 5029 me
3300 4973 3487 5029 venire

1909 5073 2073 5138 nolle,
2098 5080 2382 5143 prapterea
2419 5070 2564 5141 quod
2604 5077 2794 5139 aperte
2836 5070 2961 5123 novi
3010 5067 3359 5122 dilectionem
3389 5062 3485 5117 Dei

1907 5180 2008 5219 vos
2042 5166 2097 5218 in
2131 5164 2291 5219 vobis
2322 5177 2432 5217 non
2464 5162 2685 5217 habere.
2730 5161 2993 5230 Expertes
3021 5158 3165 5212 enim
3207 5171 3332 5210 cum
3362 5155 3486 5210 sitis

1911 5255 2223 5310 dilectionis
2263 5253 2380 5321 Dei,
2422 5253 2618 5323 inquit,
2653 5251 2929 5323 quomodo
2986 5248 3242 5319 poteritis
3268 5247 3334 5302 ad
3401 5263 3486 5301 me

1916 5344 2108 5401 Filium
2139 5344 2237 5402 Dei
2277 5346 2615 5417 unigenitum
2652 5342 2957 5398 accedere?

216 5451 311 5503 μοι
341 5432 451 5505 γάρ
490 5434 640 5499 ὄντες
667 5437 765 5507 τῆς
806 5439 885 5503 είς
927 5438 1059 5493 θεὸν
1088 5442 1344 5514 ἀγάπης,
1378 5441 1555 5512 φησὶ,
1624 5441 1741 5505 πῶς
1814 5442 1881 5495 ἂν
1921 5441 2207 5512 ἀφίκοισθε
2249 5442 2382 5513 πρός
2442 5459 2543 5513 με,
2578 5440 2669 5495 τὸν
2723 5441 2785 5493 ἐκ
2838 5437 2973 5492 Θεοῦ
3024 5436 3300 5510 πεφηνότα
3350 5434 3485 5491 Θεὸν

211 5526 488 5597 μονογενῆ
514 5544 531 5590 ;

277 5702 335 5737 ν’
374 5702 567 5758 Matth.
608 5721 719 5771 xxi,
753 5707 841 5762 58.
