4102 6512
662 311 768 369 res
1336 351 1365 357 η

738 431 779 476 ν
838 430 926 489 43.
980 431 1092 503 Ego
1142 432 1255 485 veni
1306 432 1359 485 in
1401 432 1610 487 nomine
1666 430 1848 488 Patris
1889 436 2011 498 mei,
2053 447 2233 489 etnon
2269 444 2313 501 Α

663 524 903 591 accipitis
930 537 1010 576 me
1034 537 1045 550 '
1092 523 1136 575 si
1162 521 1303 574 alius
1360 522 1553 575 venerit
1588 524 1642 576 in
1679 526 1889 578 nomine
1923 543 2041 592 suo,
2081 528 2231 580 illum

663 616 957 684 accipietis.

736 709 815 763 Ne
837 705 1099 761 Pharisaei
1127 711 1385 774 putarent
1412 704 1601 760 inferri
1626 706 1732 760 sibi
1760 722 1787 760 a
1813 708 1973 778 262
2003 708 2232 762 Domino

671 797 922 852 convicia
961 810 1086 849 eum
1110 794 1229 849 ait:
1282 814 1301 847 ι
1336 794 1455 849 Non
1483 796 1698 851 habetis
1734 798 2085 853 dilectionem
2138 798 2231 853 Dei

663 890 717 942 in
753 889 944 953 vobis,
991 906 1009 938 ι
1062 888 1111 941 id
1143 887 1289 958 quod
1335 888 1544 942 dictum
1574 898 1657 943 est
1706 904 1895 943 verum
1961 904 2086 944 esse
2137 889 2231 945 deo

661 986 1000 1043 monstrans,
1036 979 1227 1033 statim
1257 979 1323 1033 ad
1360 980 1646 1049 superiora
1694 980 1841 1035 istud
1892 995 2112 1050 quoque
2145 996 2231 1035 re-

660 1071 784 1126 fert.
832 1071 988 1137 Quod
1022 1071 1191 1134 enim,
1256 1070 1455 1141 inquit,
1495 1086 1603 1125 non
1655 1072 1913 1138 mentiar,
1974 1072 2101 1126 dum
2133 1087 2229 1126 vos

660 1162 752 1217 Dei
785 1161 1078 1216 dilectione
1122 1175 1313 1216 carere
1345 1161 1494 1225 dico,
1553 1162 1715 1215 unica
1753 1178 1811 1215 re
1853 1162 2009 1216 vobis
2048 1163 2231 1217 decla-

659 1254 815 1308 rabo.
848 1253 960 1324 Ego
984 1254 1253 1324 siquidem
1278 1253 1443 1308 «Veni
1464 1254 1517 1307 in
1548 1254 1768 1306 nomine
1784 1252 1962 1308 Patris
1984 1255 2089 1309 mei
2108 1257 2172 1309 ἰε
2202 1275 2220 1306 ι

657 1350 856 1399 cuneta
892 1344 1037 1397 enim
1078 1342 1145 1397 ad
1209 1344 1435 1412 gloriam
1493 1340 1584 1395 Dei
1649 1342 1828 1397 Patris
1888 1342 2071 1398 facere
2127 1359 2225 1400 vos

658 1432 885 1487 hortor:
915 1446 1012 1486 vos
1044 1440 1224 1485 autem
1257 1428 1642 1484 incredulitate
1675 1438 1857 1486 vestra
1884 1433 2103 1488 coalitus
2131 1449 2227 1488 ve-

658 1522 917 1586 nientem,
944 1532 996 1577 et
1026 1537 1092 1576 es
1140 1521 1249 1576 Deo
1292 1520 1677 1591 procedentem
1716 1523 2029 1592 repellitis:
2075 1525 2225 1579 acci-

655 1613 818 1682 pietis
840 1628 990 1680 vero,
1026 1620 1085 1666 ut
1123 1612 1266 1668 Deus
1294 1613 1440 1668 enim
1488 1612 1669 1667 futura
1720 1615 1870 1677 novi,
1919 1614 2225 1671 falsinomi-

654 1720 775 1760 nem
803 1705 977 1770 illum,
1013 1705 1105 1775 qni
1151 1704 1259 1759 Deo
1288 1719 1353 1759 ac
1378 1704 1526 1758 Patri
1574 1705 1803 1776 gloriam
1838 1722 1947 1760 non
2002 1707 2221 1774 referet,

1624 311 1681 366 S.
1719 309 1993 368 CYRILLI
2045 312 2508 372 ALEXANDRINI
2555 317 2875 375 AllClllEP.

3823 340 3928 396 Ri

2424 437 2571 506 Ἐγὼ
2596 439 2868 505 ἐλήλυθα
2898 442 2968 494 ἐν
2993 441 3072 508 τῷ
3099 444 3342 512 ὀνόματι
3379 449 3485 502 τοῦ
3524 454 3752 521 Πατρός
3778 476 3925 526 μου,

2335 528 2435 581 καὶ
2465 531 2536 582 οὐ
2569 532 2904 599 λαμϐάνετέ
2921 550 3016 602 με·
3041 534 3151 588 ἐὰν
3185 537 3375 603 ἄλλος
3403 540 3550 609 ἔλθῃ
3588 543 3656 595 ἐν
3678 545 3757 611 τῷ
3786 549 3927 603 ὀνό-

2330 635 2472 686 ματι
2498 618 2577 684 τῷ
2607 620 2752 685 ίδίῳ,
2788 623 3023 677 ἐκεῖνον
3055 626 3353 696 λήψεσθε.

2407 709 2526 763 Ἲνα
2565 711 2637 781 μὴ
2661 713 2863 766 δοκοῖεν
2900 716 2947 767 οἱ
2979 717 3263 786 Φαρισαῖοι
3300 719 3750 793 διαλοιδορεῖσθαι
3795 729 3929 797 μᾶλ-

2333 799 2423 853 λον
2455 803 2637 867 αὐτοῖς
2671 805 2763 857 τὸν
2805 806 3031 877 Κύριον,
3077 809 3164 862 διά
3196 809 3290 863 τοῦ
3320 811 3498 879 λέγειν
3524 829 3538 843 ⁸
3572 833 3591 866 ι
3626 816 3738 869 Οὐκ
3770 818 3927 888 ἔχετε

2330 890 2428 962 τὴν
2454 891 2676 963 ἀγάπην
2711 896 2767 947 ἐν
2791 896 3005 960 ἑαυτοῖς
3036 899 3129 952 τοῦ
3150 898 3311 953 Θεοῦ·
3365 920 3383 955 ι
3422 906 3658 974 πρᾶγμα
3709 907 3927 971 δεικνὺς

2332 981 2529 1052 ἀληθὲς
2556 984 2617 1036 τὸ
2654 987 2942 1056 εἰρημένον
2968 1029 2982 1054 ,
3021 991 3371 1061 περιτίθησιν
3417 994 3578 1058 εὐθὺς
3616 1000 3731 1058 τοῖς
3777 999 3925 1051 ἀνω-

2330 1073 2472 1143 τέρω
2515 1074 2609 1127 καὶ
2637 1075 2814 1130 τοῦτο.
2854 1078 2974 1130 Ὀτι
3024 1079 3169 1151 γὰρ,
3216 1081 3418 1151 φησιν,
3457 1083 3517 1137 οὐ
3543 1083 3921 1156 διαψεύδομαι,

2329 1166 2430 1235 τῆς
2467 1166 2605 1236 πρὸς
2635 1168 2696 1220 τὸ
2739 1168 2900 1223 Θεῖον
2932 1172 3153 1242 ἀγάπης
3186 1174 3426 1243 ἐρήμους
3476 1176 3621 1246 ὑμᾶς
3655 1176 3924 1246 ὑπάρχειν

2330 1258 2519 1323 εἰπὼν,
2558 1258 2622 1311 δι’
2668 1260 2786 1323 ἑνὸς
2826 1263 2955 1331 ὑμῖν
3004 1265 3346 1336 παραστήσω
3394 1266 3738 1336 πράγματος.
3778 1267 3923 1336 Ἐγὼ

2332 1348 2432 1418 μὲν
2463 1348 2573 1420 γὰρ
2614 1344 2778 1420 ἦλθον
2827 1353 2884 1404 ἐν
2925 1351 3004 1422 τῷ
3043 1354 3269 1423 ὀνόματι
3314 1354 3408 1407 τοῦ
3452 1356 3675 1426 Πατρός
3717 1374 3843 1425 μου.
3898 1376 3917 1408 ι

2330 1440 2513 1493 Πάντα
2552 1439 2660 1512 γὰρ
2703 1444 2782 1504 είς
2819 1442 2977 1507 δόξαν
3010 1443 3102 1497 τοῦ
3132 1443 3267 1499 Θεοῦ
3307 1447 3402 1498 καὶ
3441 1446 3658 1516 Πατρὸς
3700 1446 3923 1514 ἐπείγε-

2328 1529 2452 1584 σθαι
2487 1532 2747 1602 πράττειν
2774 1534 2918 1604 ὑμᾶς
2948 1536 3262 1590 ἀναπείθω⁸
3293 1538 3429 1591 ἀλλά
3452 1542 3574 1601 ταῖς
3603 1541 3923 1605 amcam;

2326 1621 2725 1689 ἀπετινάξασθε
2762 1625 2862 1693 μὲν
2898 1626 2989 1679 τὸν
3040 1628 3248 1681 ἀνωθεν
3291 1631 3496 1699 ἥκοντα
3523 1672 3536 1694 ,
3592 1632 3688 1683 καὶ
3729 1630 3922 1684 θεόθεν

2326 1712 2648 1785 ὁρμώμενον
2672 1731 2685 1744 ⁸
2722 1715 2958 1786 λήψεσθε
2997 1719 3054 1772 δὲ
3096 1719 3313 1783 πάντως
3352 1716 3489 1786 (οἶδα
3521 1721 3632 1792 γὰρ
3677 1721 3754 1784 ὡς
3784 1720 3921 1785 Θεὸς

650 1804 705 1851 et
726 1810 755 1849 a
776 1796 936 1851 vobis
962 1796 1119 1850 fidem
1144 1796 1346 1865 exiget,
1372 1795 1465 1851 sed
1493 1810 1612 1849 eam
1636 1811 1737 1850 suo
1760 1798 1967 1851 nomini
1996 1800 2221 1856 tribuet.

2331 1805 2397 1857 τά
2428 1805 2686 1875 ἐσόμενα)
2743 1807 2834 1861 τὸν
2888 1807 3271 1880 ψευδώνυμον,
3313 1810 3375 1863 οὐ
3413 1810 3491 1881 τῷ
3695 1813 3790 1864 καὶ
3839 1804 3919 1881 τῷ

652 1886 790 1942 lliue
838 1887 1077 1941 arbitror
1125 1887 1345 1941 beatum
1396 1900 1615 1955 quoque
1667 1885 1894 1941 Paulum
1928 1904 2057 1944 vere
2090 1891 2221 1945 illttd

650 1978 719 2033 de
747 1976 951 2034 ludatis
982 1985 1037 2031 et
1078 1977 1384 2048 iniquitatis
1445 1977 1555 2030 tilio
1594 1976 1819 2032 dicere:
1861 1998 1877 2031 ι
1944 1978 2022 2034 Εο
2079 1982 2222 2049 quod

651 2068 972 2122 eharitatem
1006 2068 1252 2122 veritatis
1299 2082 1406 2121 non
1447 2076 1795 2137 receperunt,
1846 2076 1906 2123 ut
1948 2070 2083 2125 salvi
2130 2073 2223 2127 lie-

650 2167 797 2222 rent,
829 2158 953 2212 ideo
992 2159 1165 2212 mittet
1228 2159 1339 2214 illis
1400 2158 1544 2214 Deus
1576 2161 1957 2229 operationem
1990 2164 2220 2227 erroris,

652 2258 712 2303 ut.
739 2249 963 2304 credant
992 2248 1299 2311 mendacio,
1323 2257 1382 2301 ut
1410 2250 1731 2318 judicentur
1759 2266 1952 2306 omnes
1986 2254 2077 2322 qui
2111 2270 2221 2309 non

649 2341 1003 2396 crediderunt
1016 2340 1255 2403 veritati,
1271 2340 1365 2395 sed
1387 2350 1789 2396 consenserunt
1805 2342 2085 2411 iniquitati
2101 2346 2167 2398 η’.
2198 2364 2215 2395 ›

648 2428 788 2489 Ilinc
824 2428 981 2504 igilttt
1024 2437 1173 2503 patet
1199 2429 1507 2486 Pharisaos
1540 2445 1569 2482 a
1599 2427 1883 2485 Salvatore
1921 2433 2077 2487 vanis
2108 2450 2222 2488 ser-

646 2524 904 2579 monibus
937 2522 1081 2577 ictos
1110 2538 1218 2576 non
1247 2522 1443 2583 fuisse,
1472 2533 1597 2573 cum
1628 2519 1834 2573 dictum
1859 2520 1991 2575 illud
2014 2521 2089 2576 rei
2120 2536 2222 2577 suo

646 2622 894 2683 tempore
926 2610 1126 2666 lutum
1158 2610 1443 2679 prophetia
1474 2609 1698 2664 inferat.

2332 1898 2504 1969 Πατρὶ
2547 1900 2643 1969 τὴν
2669 1898 2827 1966 δόξαν
2868 1902 3225 1968 ἀνατιθέντα,
3274 1903 3368 1956 καὶ
3421 1902 3523 1973 τὴν
3579 1907 3713 1974 παρ’
3758 1904 3918 1973 ὑμῶν

2331 1987 2665 2042 ἀπαιτοῦντα
2708 1990 2923 2058 πίστιν,
2970 1992 3087 2047 ἀλλ’
3135 1993 3361 2065 ὀνόματι
3391 1996 3469 2066 τῷ
3505 1994 3619 2064 ἰδίῳ
3647 2012 3918 2065 πραγμα-

2331 2078 2639 2149 τευόμενον.
2683 2080 2985 2148 Ἐντεῦθεν,
3017 2077 3199 2154 οἶμαι,
3231 2082 3406 2148 συνεὶς
3447 2086 3540 2138 καὶ
3572 2088 3599 2137 ὑ
3640 2087 3917 2156 μακάριος

2334 2170 2564 2237 Παῦλος,
2598 2172 2797 2245 ἀληθές
2838 2176 2891 2228 τί
2930 2193 3062 2245 φησι
3110 2177 3238 2248 περί
3270 2194 3329 2229 τε
3362 2176 3469 2229 τῶν
3511 2177 3781 2230 Ἰουδαίων
3820 2179 3919 2230 καὶ

2328 2261 2422 2315 τοῦ
2455 2263 2555 2332 τῆς
2597 2264 2829 2335 ἀνομίας
2857 2267 2976 2320 υίοῦ
3021 2284 3035 2298 ⁸
3074 2287 3094 2320 ι
3139 2267 3282 2322 Ἀνθ’
3311 2261 3386 2321 ὧν
3424 2268 3523 2338 τὴν
3556 2269 3781 2341 ἀγάπην
3815 2272 3917 2340 τῆς

2330 2353 2587 2423 ἀληθείας
2631 2359 2731 2411 οὐκ
2783 2360 3031 2425 ἐδέξαντο
3082 2361 3163 2425 είς
3202 2360 3265 2414 τὸ
3300 2360 3539 2433 σωθῆναι
3573 2362 3796 2425 αὐτοὺς.
3824 2362 3916 2413 διὰ

2328 2445 2486 2499 τοῦτο
2513 2449 2717 2520 πέμψει
2747 2451 2930 2514 αὐτοῖς
2955 2454 2983 2505 ό
3019 2452 3148 2515 Θεὸς
3183 2454 3464 2524 ἐνέργειαν
3509 2453 3716 2521 πλάνης
3744 2455 3829 2517 είς
3856 2454 3917 2505 τδ

2330 2532 2621 2587 πιστεῦσαι
2655 2537 2855 2599 αὐτοὺς
2891 2538 2970 2609 τῷ
3003 2538 3211 2608 ψεύδει,
3244 2540 3331 2593 ἵνα
3370 2539 3630 2610 κριθῶσιν
3671 2542 3916 2605 ἅπαντες

2325 2621 2373 2671 οί
2403 2621 2478 2692 μὴ
2525 2626 2915 2689 πιστεύσαντες
2945 2628 3010 2698 τῇ
3054 2626 3307 2699 ἀληθείᾳ,
3358 2628 3471 2680 ἀλλ’
3519 2629 3915 2701 εὐδοκήσαντες

644 2706 712 2774 τῇ
745 2703 946 2774 ἀδικίᾳ.
974 2722 993 2755 ι
1032 2701 1332 2765 Ἀπόδειξις
1358 2702 1538 2756 τοίνυν
1558 2701 1653 2756 τοῦ
1687 2699 1762 2771 μὴ
1787 2699 1965 2769 λόγοις
1991 2702 2217 2768 είκαίοις
2253 2706 2548 2783 βεϐλῆσθαι
2578 2718 2704 2781 τοὺς
2722 2719 3048 2790 Φαρισαίους
3073 2720 3227 2793 παρά
3263 2721 3359 2775 τοῦ
3434 2699 3710 2794 Σωτῆρος⁷
3752 2725 3916 2795 ἡμῶν

642 2800 705 2853 τὸ
732 2800 1019 2871 εἰρημένον
1051 2798 1188 2861 ἐστὶ,
1223 2798 1547 2868 πράγματος
1579 2796 1838 2867 ἐσομένου
1870 2797 1991 2850 κατ’
2022 2800 2221 2854 οἰκεῖον
2261 2808 2451 2877 καιρὸν
2480 2813 2818 2883 προφητείαν
2846 2814 3120 2884 εἰσφέρον.

716 2888 783 2954 *1,
807 2890 895 2943 44.
929 2888 1205 2955 Quomodo
1239 2906 1326 2942 vos
1361 2890 1580 2957 potestis
1624 2891 1851 2956 credere,
1877 2894 1967 2962 qui
1994 2893 2222 2962 gloriam

645 2983 710 3037 ab
747 2984 966 3036 invicem
990 2983 1271 3049 accipitis:
1305 2990 1354 3034 et
1381 2982 1606 3052 gloriam
1628 2999 1750 3053 qua:
1781 3000 1813 3037 a
1843 2986 1957 3038 solo
2009 2984 2120 3040 Deo
2144 2996 2221 3041 est

646 3087 750 3124 non
781 3071 1019 3140 quwritis
1042 3072 1067 3125 7

2402 2903 2534 2971 Πῶς
2564 2906 2831 2963 δύνασθε
2862 2911 3194 2975 πιστεύειν,
3234 2909 3425 2975 δόξαν
3451 2912 3587 2979 παρ’
3619 2910 3915 2978 ἀλλήλων

2329 2995 2755 3065 λαμϐάνοντες,
2788 2998 2905 3067 τὴν
2930 2998 2999 3052 δὲ
3021 2999 3211 3064 δόξαν
3232 3002 3348 3070 τὴν
3384 3002 3544 3070 παρὰ
3582 3001 3691 3055 τοῦ
3714 3004 3909 3069 μόνον

2333 3085 2482 3139 Θεοῦ
2514 3088 2587 3139 οὐ
2618 3085 2837 3154 ζητεῖτε
2862 3105 2881 3150 ;

721 3133 1029 3217 Pharisaaos
1053 3161 1240 3232 gloria
1262 3161 1516 3216 humanae
1534 3161 1965 3234 dominandique
1992 3166 2222 3236 cupidos

2396 3133 2802 3250 Φιλαρχοῦντας
2849 3133 2982 3251 Ιίιδη,
3018 3184 3113 3236 καὶ
3150 3184 3248 3248 τὰς
3293 3183 3352 3249 ἐξ
3392 3182 3695 3255 ἀνθρώπων
3745 3182 3910 3253 τιμὰς

646 3254 851 3323 arguit,
885 3254 1123 3307 obscure
1163 3253 1510 3308 subinnuens
1549 3252 1699 3323 ipsos
1751 3256 1893 3311 male
1927 3256 2222 3313 admodum

644 3360 827 3416 agere,
849 3345 940 3413 qui
966 3344 1131 3399 animi
1170 3344 1255 3399 sui
1299 3343 1524 3399 morbos
1566 3343 1678 3400 Deo
1712 3352 1922 3402 temere
1956 3348 2223 3420 allingunt

645 3439 827 3491 omnis
877 3436 1042 3507 plane
1100 3435 1275 3489 morbi
1333 3435 1544 3491 nescio.
1602 3434 1809 3492 Deinde
1850 3453 1916 3493 ex
1964 3455 2030 3494 eo
2075 3441 2222 3511 quod

646 3530 831 3585 inanis
858 3528 1042 3599 gloriae
1100 3526 1388 3598 cupiditati
1443 3528 1723 3584 mordicus
1789 3531 2088 3599 inluerent,
2141 3536 2220 3590 rei

645 3621 1103 3692 praeclarissimas,
1146 3620 1271 3675 ﬁdei
1302 3620 1565 3675 nimirum
1600 3621 1656 3675 in
1712 3622 1890 3691 ipsum
1937 3623 2219 3692 iacturam

646 3711 770 3767 illos
808 3711 989 3765 facere
1022 3708 1283 3765 ostendit.
1310 3708 1468 3775 Quod
1497 3718 1651 3766 certe
1682 3710 1888 3767 Paulus
1919 3713 2087 3767 etiam
2121 3729 2221 3768 no-

645 3802 732 3857 bis
760 3802 908 3857 clare
945 3801 1156 3856 dixisse
1182 3802 1436 3858 videtur:
1488 3820 1506 3853 ‹
1545 3801 1603 3855 Si
1662 3802 1811 3857 enim
1869 3803 2083 3867 adhuc,
2137 3805 2220 3859 in-

646 3894 788 3965 quit,
860 3892 1175 3948 homiuibus
1232 3894 1529 3963 placerem,
1600 3892 1809 3950 Christi
1864 3899 2071 3951 servus'
2110 3911 2217 3949 non

644 3985 915 4042 essent“.
978 4002 997 4034 ›
1059 3982 1249 4039 Solent
1286 3984 1455 4054 igitur
1507 3984 1600 4054 qui
1655 3985 1928 4041 humanos
1982 3986 2218 4043 honores

643 4082 934 4136 venantur.
962 4088 1200 4144 superna
1249 4075 1425 4144 gloria
1456 4081 1509 4129 et
1562 4074 1654 4129 illa
1706 4090 1829 4146 qua:
1864 4091 1894 4130 a
1931 4075 2044 4132 Deo
2099 4079 2218 4133 solo

642 4165 1035 4238 proﬁciscitur,
1068 4172 1127 4219 ut
1154 4165 1231 4218 ait
1262 4163 1538 4228 Salvator,
1588 4169 1900 4222 necessario
1947 4169 2218 4238 quodam-

642 4257 804 4314 modo
832 4257 1111 4313 excidere.
1148 4254 1247 4310 Hic
1273 4256 1453 4311 solum
1479 4255 1648 4310 Deum
1686 4271 1884 4312 rursus
1911 4258 2008 4324 ait,
2036 4258 2214 4328 ipsum

640 4351 746 4405 diis
767 4347 1010 4418 gentium
1037 4359 1390 4415 comparans,
1415 4359 1516 4399 nec
1541 4346 1608 4399 ab
1629 4346 1777 4402 illius
1803 4347 1971 4401 unius
2000 4347 2214 4403 honore

2326 3269 2681 3338 ποιουμένους
2730 3271 2858 3339 περὶ
2892 3270 3088 3324 πολλοῦ
3143 3273 3273 3335 τοὺς
3313 3272 3642 3344 Φαρισαίους
3672 3272 3906 3342 ἐλέγχει,

2324 3360 2627 3432 λεληθότως
2684 3363 3157 3435 ὑπαινιττόμενος,
3216 3367 3408 3438 ὅτιπερ
3441 3368 3645 3438 σφόδρα
3697 3368 3907 3422 ποιοῦσι

2324 3455 2531 3520 κακῶς,
2565 3455 2631 3508 τὰ
2652 3458 2934 3527 νοσήματα
2954 3459 3051 3527 τῆς
3085 3458 3293 3523 οἰκείας
3316 3459 3493 3530 ψυχῆς
3528 3461 3906 3530 περιτιθέντες

2324 3543 2566 3609 ἀϐούλως
2595 3544 2674 3616 τῷ
2706 3546 2850 3600 κατά
2890 3548 3092 3618 μηδένα
3122 3550 3327 3620 τρόπον
3366 3554 3542 3604 νοσεῖν
3570 3552 3737 3604 είδὸτι
3766 3551 3901 3622 Θεῷ.

2323 3631 2461 3688 Εἶτα
2489 3635 2586 3705 τῆς
2622 3634 2925 3704 φιλοδοξίας
2958 3636 3132 3709 ἀπρὶξ
3160 3640 3473 3710 ἐχομένους,
3516 3641 3586 3695 δι’
3626 3642 3803 3713 αὐτὴν
3840 3643 3903 3695 τὰ

2324 3724 2581 3777 κάλλιστα
2608 3725 2937 3795 ζημιοῦσθαί
2964 3743 3120 3797 φησι,
3160 3729 3257 3799 τὴν
3284 3727 3468 3781 πίστιν
3495 3730 3558 3801 δὴ
3598 3728 3777 3797 λέγων
3807 3732 3900 3801 τὴν

2322 3816 2401 3878 είς
2447 3816 2627 3870 αὐτόν.
2694 3818 2875 3889 Ὅπερ
2934 3819 2999 3889 δὴ
3049 3820 3145 3872 καὶ
3187 3821 3215 3872 ὁ
3269 3819 3481 3882 Παῦλος
3531 3822 3663 3891 ἡμῖν
3714 3824 3900 3893 ὁρᾶται

2322 3905 2488 3960 sit:de
2516 3906 2703 3976 σαφῶς
2725 3923 2738 3936 ⁸
2775 3926 2794 3960 ι
2834 3909 2898 3961 El
2936 3909 3046 3980 γάρ
3077 3909 3177 3972 ἔτι,
3210 3911 3396 3980 φησὶν,
3428 3910 3744 3982 ἀνθρώποις
3779 3914 3899 3984 ᾕρε-

2321 4013 2472 4061 σκον,
2503 3998 2741 4068 Χριστοῦ
2771 3998 2958 4064 δοῦλος
2989 4001 3088 4053 οὐκ
3117 3999 3181 4054 ἂν
3211 4002 3382 4072 ἥμην.
3420 4019 3439 4053 ι
3470 4002 3695 4071 Πέφυκε
3725 4004 3898 4057 τοίνυν

2319 4086 2508 4157 ὥσπερ
2538 4088 2594 4155 ἐξ
2620 4089 2868 4160 ἀνάγκης
2893 4108 2955 4143 συ
2965 4090 3216 4160 μδαίνειν
3246 4095 3357 4154 τοῖς
3380 4091 3479 4155 τὰς
3510 4092 3570 4157 ἐξ
3598 4093 3896 4164 ἀνθρώπων

2319 4178 2657 4249 θηρωμένοις
2685 4182 2871 4250 τιμὰς,
2905 4181 2966 4235 τὸ
3001 4182 3102 4253 τῆς
3126 4183 3330 4237 ἄνωθεν
3366 4185 3697 4239 ἀποπίπτειν
3722 4186 3891 4255 δόξης,

2318 4270 2412 4322 καὶ
2447 4271 2599 4341 παρὰ
2647 4272 2783 4325 Θεοῦ
2824 4272 2915 4326 τοῦ
2960 4273 3123 4345 μόνου
3147 4314 3162 4337 ,
3221 4274 3372 4329 καθά
3422 4293 3589 4345 φησιν
3619 4278 3648 4330 ό
3688 4277 3889 4347 Σωτήρ.

2316 4361 2492 4415 Μόνον
2511 4362 2569 4415 δὲ
2591 4363 2755 4417 ’τάλιν
2795 4365 2928 4435 φησὶ
2963 4366 3054 4418 τον
3086 4365 3245 4430 Θεὸν,
3279 4369 3391 4431 τοῖς
3413 4367 3525 4419 τῶν
3558 4366 3729 4421 ἐθνῶν
3756 4368 3893 4420 om.

640 4439 879 4507 seipsum
905 4435 1225 4491 excludens.
1256 4432 1473 4488 Sanctae
1500 4449 1741 4504 namque
1771 4443 1826 4490 et
1851 4438 2218 4493 consubstan-

2325 4453 2683 4519 διαστέλλων,
2734 4432 2829 4509 καλ
2859 4432 2977 4510 *οὐκ
3043 4457 3149 4525 ἔξω
3186 4458 3358 4522 τιθεὶς
3416 4458 3609 4512 ἑαυτὸν
3652 4458 3757 4526 τῆς
3806 4456 3889 4510 τοῦ

642 4529 790 4582 tialis
850 4526 1140 4581 Trinitatis
1196 4526 1517 4595 plenitudo,
1577 4526 2040 4595 quemadmodum
2099 4530 2210 4598 jam

2325 4546 2485 4615 μόνου
2512 4546 2693 4617 τιμῆς.
2742 4547 3048 4601 Ἀναθαῐνει
3073 4550 3203 4620 γὰρ.
3239 4549 3492 4619 καθάπερ
3514 4549 3614 4620 ἤδη
3644 4548 3891 4609 πολλάκις

642 4635 785 4689 saepe
803 4619 1064 4687 diximus,
1088 4619 1145 4675 in
1177 4633 1339 4673 unam
1374 4617 1595 4673 deitatis
1618 4626 1877 4672 naturam
1905 4627 1959 4673 et
1983 4620 2210 4690 gloriam

640 4712 923 4768 coalescit.

708 4805 869 4877 263
905 4803 969 4870 ν,
1009 4802 1099 4858 45.
1139 4802 1323 4857 Nolite
1358 4811 1549 4872 putare
1584 4801 1709 4871 quia
1748 4816 1839 4872 ego
1869 4811 2215 4857 accusatum,

638 4896 741 4950 sim
762 4911 850 4949 vos
879 4894 1021 4964 apud
1054 4893 1305 4949 Patrem:
1327 4902 1405 4948 est
1429 4894 1518 4963 qui
1541 4901 1758 4946 accusat
1780 4909 1869 4947 vos
1899 4891 2132 4963 Moyses,
2157 4896 2213 4948 in

636 5002 739 5057 quo
765 5002 850 5041 vos
883 4987 1130 5056 speratis.

707 5077 1003 5149 Postquam
1074 5078 1213 5134 dixit
1269 5075 1579 5133 Pharisaaos
1633 5077 1983 5133 ambitiosam
2040 5078 2213 5148 magis

635 5184 804 5240 quam
838 5170 981 5240 piam
1030 5170 1199 5225 vitam
1240 5168 1442 5233 colere,
1486 5176 1649 5240 atque
1681 5169 1890 5224 idcirco
1933 5169 1988 5223 in
2039 5170 2215 5225 obsti-

636 5263 915 5317 nationem
971 5260 1354 5317 ineredibilem
1404 5261 1699 5332 delapsos,
1752 5262 1919 5318 etiam
1966 5262 2036 5315 ab
2091 5262 2211 5332 ipso

637 5346 825 5419 Moyse
861 5348 1011 5418 ipsos
1040 5356 1363 5404 accusatum
1403 5348 1472 5403 iri
1514 5349 1671 5412 dicit,
1704 5362 1816 5421 quo
1848 5358 2031 5404 tamen
2068 5352 2212 5405 sole.

633 5438 766 5493 baut
816 5438 1049 5494 mirillee
1096 5438 1349 5510 gloriari.
1384 5438 1449 5493 Et
1487 5452 1654 5506 certe,
1686 5454 1831 5496 caeco
1861 5439 1956 5494 illo
1998 5456 2027 5494 a
2065 5441 2211 5494 nati-

634 5529 809 5585 vitate
858 5529 1119 5595 dicente:
1163 5549 1182 5582 ι
1220 5530 1497 5603 Numquid
1537 5542 1592 5585 et
1621 5547 1716 5585 vos
1758 5530 1926 5586 vultis
1953 5531 2211 5601 discipuli

2320 4640 2739 4708 είρήκαμεν,είς
2763 4639 2889 4709 μίαν
2909 4639 3166 4711 θεότητος
3191 4639 3354 4709 φύσιν
3386 4657 3443 4692 τε
3474 4641 3567 4694 καὶ
3591 4639 3771 4705 δόξαν,
3800 4640 3887 4708 τῆς

2321 4724 2481 4792 ἁγίας
2502 4742 2561 4778 τε
2591 4726 2685 4780 καὶ
2717 4728 3005 4797 όμοουσίου
3039 4728 3267 4798 Τριάδος
3291 4729 3352 4782 τὸ
3376 4728 3676 4799 πλήρωμα.

2385 4814 2484 4883 Μὴ
2521 4814 2782 4881 δοκεῖτε,
2836 4817 2926 4871 ὅτι
2966 4818 3080 4888 ἐγὼ
3128 4819 3526 4888 κατηγορήσω
3552 4818 3724 4887 ὑμῶν
3751 4818 3886 4884 πρὸς

2316 4903 2423 4956 τὸν
2446 4903 2715 4973 Πατέρα·
2755 4908 2931 4961 ἐστιν
2977 4910 3010 4962 ὁ
3062 4907 3407 4977 κατηγορῶν
3450 4905 3621 4977 ὑμῶν
3651 4905 3881 4974 Μωσῆς.

2314 4996 2400 5060 είς
2436 4996 2509 5049 ὃν
2535 4997 2705 5065 ὑμεῖς
2732 4998 3052 5066 ἠλπίκατε.

2389 5086 2687 5154 Φιλοδόξως
2724 5090 2955 5160 μᾶλλον,
2989 5091 3131 5160 ἥπερ
3168 5090 3406 5153 εὐσεϐῶς
3450 5089 3639 5161 διαξῇν
3685 5089 3879 5157 ἐπείγεο

2320 5175 2443 5228 σθαι
2502 5178 2628 5241 τοὺς
2663 5179 2989 5250 Φαρισαίους
3035 5179 3244 5242 εἰπὼν,
3301 5178 3391 5232 διά
3454 5194 3515 5230 τε
3561 5178 3720 5231 τοῦτο
3763 5175 3878 5247 πρὸς

2316 5267 2554 5341 ἄμετρον
2597 5268 2877 5322 ἀπείθειαν
2919 5269 3203 5323 ἀποκλῖναι
3243 5269 3481 5334 διδάξας,
3522 5269 3618 5323 καὶ
3644 5268 3705 5332 ἐξ
3731 5265 3874 5322 αὐτοῦ

2318 5376 2450 5427 φησι
2484 5359 3027 5430 κατηγορηθήσεσθαι
3062 5359 3328 5424 Μωσέως,
3360 5361 3445 5430 ἐφ’
3477 5353 3633 5430 ᾧπερ
3669 5355 3735 5430 ἧν
3770 5356 3874 5415 ἔθος

2319 5448 2499 5510 αὐτοῖς
2533 5447 2628 5500 καὶ
2664 5448 2785 5501 λίαν
2815 5448 3048 5513 εὐτόνως
3079 5448 3571 5521 ἀποσεμνύνεσθαι.
3615 5447 3723 5502 Καὶ
3759 5443 3871 5512 γοῦν

2319 5536 2567 5603 λέγοντός
2596 5556 2725 5592 ποτε
2779 5539 2874 5593 τοῦ
2913 5542 2977 5595 ἐκ
3030 5542 3254 5614 γενετῆς
3283 5541 3483 5611 τυφλοῦ
3525 5540 3663 5613 πρὸς
3696 5537 3868 5597 αὐτοὺς

702 5702 752 5738 ³⁸
786 5701 948 5760 Joan.
985 5721 1037 5773 v,
1070 5705 1158 5759 45.
1235 5706 1279 5737 ’⁸
1320 5703 1361 5757 ll
1384 5703 1583 5759 Thess.
1617 5719 1675 5770 tt,
1716 5704 1803 5773 10,
1836 5703 1923 5760 ll.
2003 5705 2050 5736 "
2089 5702 2269 5758 Galat.
2301 5720 2347 5771 t,
2390 5706 2476 5763 10.
