4102 6522
246 364 362 421 825

1307 354 1374 411 ΙΝ
1413 355 1703 412 ιοΑΝΝιε
1740 357 2189 413 ΕὙΑΝΕΕΙΛΕΜ
2221 356 2354 413 LIB.
2386 354 2473 409 lii.

3405 355 3509 414 ης

248 483 387 555 περὶ
404 480 641 553 Χριστοῦ
668 497 680 511 ⁸
717 499 734 532 ι
766 480 857 551 Μὴ
882 479 973 533 καὶ
1003 478 1157 549 ὑμεῖς
1190 476 1373 530 θέλετε
1409 476 1649 549 μαθηταὶ
1668 475 1822 531 αὐτοῐ

1932 477 2055 548 ejus
2088 477 2245 533 ﬁeri?
2284 496 2302 529 ι
2334 476 2520 533 statim
2547 478 2885 530 occiumant:
2928 495 2947 528 ι
2993 469 3076 530 Tu
3102 471 3412 544 discipulus
3440 474 3508 526 ιι.
3570 457 3574 460 ’

244 573 548 641 γενέσθαις
586 588 606 624 ι
658 570 956 642 διαρρήδην
1000 567 1162 629 εὐθὺς
1201 566 1641 639 ἀνακεκραγότες
1679 566 1832 635 φασίδ

252 685 277 720 4
317 668 393 720 Σὺ
427 665 672 737 μαθητὴς
731 661 781 717 εί
834 662 1077 725 ἐκείνου,
1130 662 1293 731 ἡμεῖς
1346 660 1403 713 δὲ
1451 659 1545 713 τοῦ
1592 660 1837 723 Μωσέως

249 759 422 829 ἐσμέν
452 756 712 828 μαθηταί.
748 776 766 808 ι
811 755 1196 825 Κατηγορήσει
1242 752 1460 815 τοίνυν,
1517 753 1687 821 φησὶ,
1742 749 1837 805 καὶ

246 850 417 913 αὐτὸς
443 849 598 919 ὑμῶν
638 850 667 902 6
713 847 940 917 Μωσῆς,
972 848 1057 914 ἐφ’
1090 838 1135 913 ᾧ
1167 846 1349 899 πᾶσαν
1388 843 1575 897 ἔθεσθε
1613 843 1711 912 τὴν
1747 842 1834 896 ἐλ-

248 940 415 1004 πίδα,
452 942 547 994 καὶ
592 939 694 1009 τῆς
743 936 973 1008 ἐνούσης
1022 937 1151 1007 ὑμῖν
1192 936 1453 999 ἀπονοίας
1500 935 1836 1005 καταϐοήσει

248 1033 408 1103 παρὰ
448 1030 589 1102 Θεῷ,
620 1030 757 1101 μετά
790 1029 901 1083 τῶν
939 1028 1117 1083 ἄλλων
1159 1026 1691 1099 καταφρονούμενος.
1726 1024 1836 1080 Καὶ

238 1126 309 1178 οὐ
343 1126 409 1194 δή
438 1141 540 1176 που
567 1122 862 1193 νομιοῦμεν
886 1119 1252 1191 ἀνεγκλήτους
1275 1115 1412 1174 εἶναι
1434 1118 1584 1189 παρὰ
1612 1116 1836 1188 Χριστῷ

245 1219 377 1275 τοὺς
407 1214 767 1276 ἀπειθοῦντας
800 1213 951 1285 αὐτῷ
978 1252 992 1277 ,
1041 1212 1132 1266 διὰ
1185 1212 1248 1265 τὸ
1302 1213 1469 1281 φάναι
1514 1212 1654 1282 πρὸς
1699 1211 1834 1263 Ἰου-

244 1307 474 1371 δαίουςο
513 1325 534 1359 ι
568 1306 660 1377 Μὴ
711 1307 917 1360 δοκεῖτε
970 1305 1053 1357 ὅτι
1107 1303 1220 1373 ἐγὼ
1266 1304 1634 1374 κατηγορήσω
1680 1302 1835 1371 ὑμῶν

243 1403 389 1467 πρὸς
413 1401 504 1454 τὸν
546 1401 787 1471 Πατέρα.
831 1416 849 1450 ι
900 1397 968 1450 Τί
1017 1395 1125 1467 γὰρ
1166 1395 1231 1467 δὴ
1270 1395 1364 1447 καὶ
1410 1394 1678 1466 ἐροῦμεν,
1706 1394 1834 1446 ὅταν

242 1494 537 1563 ἀκούωμεν
567 1492 818 1560 λέγοντος
863 1509 877 1523 ·
917 1507 937 1541 ι
969 1490 1084 1553 Πᾶς
1112 1484 1206 1542 οῦν
1237 1488 1384 1550 ὅστις
1411 1486 1736 1557 ὁμολογήσει
1774 1487 1833 1539 ἐν

240 1588 373 1658 ἐμοὶ
411 1583 721 1657 ἔμπροσθεν
768 1582 877 1637 τῶν
927 1580 1264 1653 ἀνθρώπων,
1307 1579 1627 1649 ὁμολογήσω
1674 1576 1833 1646 κάγὼ

240 1680 305 1731 ἐν
329 1676 481 1747 αὐτῷ
507 1675 815 1747 ἔμπροσθεν
841 1673 934 1728 τοῦ
969 1673 1179 1745 Πατρός
1207 1689 1307 1743 μου
1335 1670 1429 1724 τοῦ
1460 1673 1518 1724 ἐν
1543 1671 1790 1742 οὐρανοῖς
1813 1686 1827 1701 ο

238 1770 399 1833 ὅστις
416 1769 460 1821 δ’
489 1767 555 1822 ἂν
588 1766 890 1839 ἀρνήσηταί
922 1783 991 1837 με
1019 1763 1330 1835 ἔμπροσθεν
1360 1761 1469 1817 τῶν
1500 1762 1826 1834 ἀνθρώπων,

1939 573 2047 627 lius
2083 573 2200 639 sis;
2253 586 2356 627 nos
2404 580 2585 626 autem
2619 570 2791 641 Moysi
2843 570 3102 642 discipuli
3155 586 3349 628 sumus
3377 568 3444 622 ".
3485 589 3505 622 ι

1936 664 2233 719 Accusabit
2285 662 2472 733 igitur,
2513 662 2716 733 inquit,
2762 662 2930 718 etiam
2971 678 3071 719 vos
3121 664 3240 733 ipse
3273 661 3507 732 Moyses.

1938 752 1992 806 in
2028 768 2135 823 quo
2164 768 2313 822 spem
2347 760 2581 807 vestram
2618 767 2834 809 omnem
2871 754 3158 823 posuistis,
3186 761 3240 808 et
3262 763 3509 808 vestrum

1935 844 2176 900 furorem
2214 844 2510 914 redargnet
2560 844 2703 914 apud
2759 844 2930 899 Deum
2966 884 2981 909 ,
3036 860 3146 899 una
3201 859 3328 898 cum
3385 842 3510 898 aliis

1936 945 2309 1007 contemptus.
2343 935 2532 1006 Neque
2558 952 2690 991 vero
2713 936 3027 1007 putabimus
3049 937 3366 1005 inculpatos
3387 949 3511 991 esse

1936 1028 2079 1099 apud
2113 1029 2396 1084 Christum
2446 1028 2697 1085 inﬁdeles
2746 1029 2893 1092 illos,
2920 1043 2987 1083 cx
3020 1043 3086 1083 eo
3114 1030 3259 1097 quod
3300 1027 3366 1082 ad
3410 1024 3509 1080 Ju-

1934 1122 2082 1177 daros
2115 1122 2286 1177 dixit:
2327 1142 2346 1174 ι
2396 1121 2577 1179 Nolite
2605 1130 2801 1193 putare
2826 1122 2973 1193 quod
3008 1129 3374 1177 accusaturus
3404 1123 3509 1176 sim

1934 1230 2034 1270 vos
2070 1215 2214 1286 apud
2241 1212 2480 1270 Patrem.
2520 1233 2540 1265 ι
2574 1212 2717 1280 Quid
2771 1213 2917 1269 enim
2956 1213 3204 1269 dicemus
3238 1228 3363 1268 cum
3414 1230 3510 1267 au-

1934 1307 2155 1362 diamus
2186 1306 2461 1361 dicentem
2488 1324 2503 1360 :
2542 1325 2561 1358 ι
2601 1307 2796 1363 Omnis
2829 1320 2961 1377 ergo
2986 1306 3304 1377 quicunque
3331 1306 3507 1360 conli-

1934 1401 2139 1455 tebitur
2168 1415 2255 1454 me
2274 1415 2461 1455 coram
2483 1400 2825 1466 hominibus,
2850 1400 3155 1456 conﬁtebor
3173 1410 3226 1457 et
3250 1416 3354 1471 ego
3380 1416 3507 1456 eum

1930 1505 2120 1545 coram
2150 1489 2318 1547 Patre
2344 1507 2464 1546 meo
2493 1492 2588 1561 qui
2620 1493 2674 1546 in
2706 1491 2864 1547 caelis
2895 1498 3013 1559 est;
3054 1493 3147 1561 qui
3199 1504 3382 1546 autem
3411 1505 3510 1547 ne-

1930 1584 2145 1652 gaverit
2186 1598 2272 1635 me
2318 1597 2504 1638 coram
2536 1583 2874 1649 hominibus,
2908 1584 3119 1655 negabo
3153 1599 3280 1639 cum
3318 1597 3505 1638 coram

1932 1673 2094 1730 Patre
2134 1689 2279 1741 meo,
2320 1674 2416 1745 qui
2465 1675 2521 1729 in
2569 1676 2727 1730 caelis
2767 1684 2853 1733 est
2889 1677 2958 1730 “.
3004 1694 3023 1727 ι
3068 1674 3344 1747 Numquid
3378 1676 3509 1747 jure

1932 1765 2251 1836 putabimus
2301 1776 2624 1822 accusatum
2659 1766 2725 1821 iri
2761 1769 2907 1838 apud
2956 1766 3127 1823 Deum
3175 1782 3241 1823 ac
3288 1767 3508 1823 Patrem

243 1862 559 1931 ἀρνήσομαι
602 1856 759 1925 κάγὼ
804 1856 967 1911 αὐτὸν
1015 1854 1326 1927 ἔμπροσθεν
1353 1853 1449 1907 τοῦ
1480 1854 1693 1925 Πατρός
1724 1872 1822 1926 μου

1932 1872 2028 1927 per
2058 1858 2409 1927 negationem
2450 1872 2548 1913 eos
2574 1858 2671 1927 qui
2713 1872 2811 1928 per
2836 1856 3116 1913 Christqu
3150 1860 3331 1930 negati
3385 1858 3505 1915 l’ue-

247 1950 338 2003 τοῦ
389 1952 445 2001 ἐν
480 1950 766 2019 οὐρανοῖς;
809 1966 826 1998 ι
875 1944 1005 2017 ’Ἆρ’
1036 1948 1138 2000 οὐκ
1182 1946 1422 2013 εὐλόγως
1457 1946 1831 2019 ὐπονοήσομεν

238 2039 798 2112 κατηγορηθήσεσθαί
824 2054 953 2093 ποτε
982 2039 1140 2110 παρὰ
1166 2038 1243 2110 τῷ
1274 2037 1394 2109 Θεῷ
1414 2039 1510 2093 καλ⁸
1540 2040 1716 2111 Πατρὶ
1743 2038 1831 2094 διὰ

243 2137 345 2205 τῆς
379 2137 697 2207 ἀρνήσεως,
747 2134 872 2197 τοὺς
918 2130 1114 2203 οἷσπερ
1149 2133 1217 2187 ἂν
1252 2130 1410 2185 τοῦτο
1440 2132 1715 2205 συμϐαίνῃ
1743 2130 1831 2185 διὰ

240 2226 524 2298 Χριστοῦς
592 2225 731 2278 Ἀλλ’
793 2225 1063 2297 ὑπάρχειν
1122 2219 1278 2296 οἶμαι
1329 2224 1487 2277 τοῦτο
1548 2225 1708 2277 παντί
1754 2242 1830 2295 τῳ

241 2320 439 2389 σαφές.
506 2318 717 2373 Οὐκοῦν
772 2320 872 2372 οὐκ
926 2318 1201 2392 ἐλεύθεροι
1256 2318 1351 2371 τοῦ
1405 2318 1829 2389 κατηγορεῖσθαι

243 2413 465 2476 πάντως
498 2395 656 2464 είσὶν’
676 2410 937 2475 Ἰουδαῖοι,
976 2410 1069 2465 διὰ
1104 2412 1322 2482 μακρᾶς
1354 2409 1637 2473 ἀπειθείας
1668 2411 1831 2482 ἀρνη·

242 2505 472 2572 δάμενοι
494 2504 587 2557 τὸν
624 2503 883 2574 Χριστὸν,
917 2503 1031 2556 ἀλλ’
1067 2502 1415 2573 εὐφυέστατα
1438 2502 1603 2556 πάλιν
1630 2504 1659 2555 6
1689 2501 1829 2573 πρὸς

240 2596 440 2659 αὐτοὺς
467 2594 579 2665 ἔχει
610 2594 791 2664 λόγος.
827 2594 1045 2665 Ἐπειδὴ
1075 2596 1185 2667 γὰρ
1217 2595 1318 2660 τὰς
1351 2596 1481 2667 παρ’
1512 2593 1678 2647 αὐτοῦ
1703 2612 1827 2647 νου-

238 2687 431 2748 ἱεσίας
467 2685 873 2754 ἀποσειόμενοι,
901 2684 997 2739 καὶ
1029 2686 1090 2737 ἐν
1118 2684 1198 2755 τῷ
1247 2684 1437 2756 μηδενὶ
1464 2683 1826 2737 κατατάττον-

234 2792 331 2839 τες
374 2775 518 2846 λόγῳ
562 2774 663 2846 τὴν
720 2775 871 2830 θείαν
920 2792 981 2828 τε
1040 2775 1135 2829 καὶ
1179 2775 1429 2847 οὐράνιον
1481 2775 1827 2829 διδασκαλίαν

235 2866 431 2933 αὐτοῦ,
458 2866 553 2921 ἐπὶ
579 2868 642 2921 τὸ
665 2867 864 2938 χρῆναι
893 2866 1183 2936 φυλάττειν
1207 2866 1295 2920 ἀεὶ
1314 2866 1384 2920 τὰ
1405 2866 1651 2928 Μωσέως
1678 2866 1827 2937 βαδί-

232 2961 462 3025 ζουσιν,
511 2959 587 3024 ὡς
623 2959 719 3013 καὶ
766 2958 1099 3030 γυμνότερον
1145 2958 1245 3030 ήδη
1277 2956 1518 3028 βοῶντας
1551 2957 1823 3028 ὁρᾶσθαι·

232 3071 261 3105 s
309 3053 501 3124 Ἡμεῖς
553 3052 809 3123 οἴδαμεν,
874 3052 958 3105 ὅτι
1008 3052 1198 3106 Minas!
1262 3048 1558 3121 λελάληκεν
1597 3051 1625 3102 6
1668 3048 1823 3111 Θεὸς,

232 3144 429 3199 τοῦτον
464 3146 522 3199 δέ
555 3146 657 3199 οὐκ
689 3144 911 3214 οἴδαμεν
942 3142 1105 3196 πόθεν
1144 3141 1294 3197 ἐστίν
1315 3158 1331 3172 ⁸
1372 3160 1393 3195 r
1420 3141 1733 3209 ἀναγκαίως
1755 3140 1822 3213 δὴ

1932 1948 2045 2002 rint
2068 1946 2353 2013 ?Nemini,
2376 1957 2436 2003 ut
2476 1963 2622 2013 reor,
2652 1948 2953 2003 obscurum
2994 1949 3140 2004 istud
3166 1959 3270 2005 est.
3297 1949 3380 2005 Ab
3405 1950 3508 2006 hac

1932 2039 2096 2109 igitur
2119 2041 2474 2098 accusatione
2495 2040 2673 2097 Iudaei
2696 2043 2884 2113 utique
2908 2057 3019 2097 non
3048 2049 3177 2099 sunt
3211 2043 3505 2107 immunes,

1930 2132 2022 2200 qui
2075 2132 2240 2203 longa
2281 2132 2674 2190 incredulitate
2716 2133 3003 2190 Christum
3042 2143 3359 2207 negarunt,
3409 2135 3504 2191 sed

1930 2222 2047 2277 hac
2076 2225 2257 2279 Oratio
2288 2226 2428 2281 scite
2450 2226 2747 2281 admodum
2773 2231 2860 2283 eis
2887 2230 3165 2285 convenit.
3211 2226 3345 2283 Nam
3380 2245 3503 2283 cum

1928 2313 2051 2383 ejus
2083 2316 2311 2373 monitis
2362 2317 2666 2387 repudiatis
2697 2320 2997 2391 divinaque
3041 2327 3098 2375 et
3134 2322 3346 2377 caelesti
3385 2322 3506 2391 ejus

1926 2404 2180 2461 doctrina
2216 2423 2316 2478 pro
2342 2408 2519 2463 nihilo
2554 2409 2759 2473 habita,
2791 2410 2859 2465 ad
2887 2412 3233 2467 observanda
3262 2410 3505 2467 Mosaica

1929 2507 2201 2570 pracepta
2228 2515 2288 2556 se
2319 2510 2667 2568 convertant,
2709 2502 2783 2557 ita
2818 2511 2879 2557 ut
2911 2505 3102 2559 videre
3143 2505 3308 2560 liceat
3355 2505 3505 2576 ipsos

1927 2599 2117 2660 aperte
2143 2592 2480 2649 clamantes:
2522 2612 2542 2646 ι
2578 2592 2691 2649 Nos
2721 2596 2930 2653 scimus
2960 2597 3091 2668 quia
3134 2596 3307 2669 Moysi
3352 2598 3510 2652 loco-

1930 2689 2019 2736 tus
2050 2689 2139 2736 est
2171 2678 2335 2745 Deus,
2362 2684 2507 2737 hunc
2540 2692 2721 2739 autem
2764 2686 3045 2743 nescimus
3081 2686 3227 2743 unde
3259 2688 3411 2743 sit"'
3435 2705 3449 2740 :
3477 2706 3499 2741 θ

1931 2772 2139 2827 idcirco
2180 2789 2328 2829 nunc
2363 2790 2461 2830 eos
2500 2776 2819 2832 necessario
2850 2777 3192 2835 demonstrat
3226 2781 3282 2835 in
3321 2781 3502 2851 ipsum

1926 2878 2149 2933 quoque
2194 2863 2413 2935 Moysen
2458 2880 2712 2937 peccare,
2740 2883 2852 2938 quo
2897 2884 2958 2925 se
3005 2870 3236 2927 miriﬁce
3261 2871 3501 2942 jactant,

1925 2971 2027 3011 nec
2061 2957 2177 3012 ullo
2214 2968 2541 3013 accusatore
2562 2961 2683 3015 alio
2723 2977 2865 3033 opus
2893 2963 3012 3019 foro
3042 2964 3139 3033 ait,
3172 2967 3505 3038 unicamquc

1925 3050 2130 3121 Moysis
2194 3052 2377 3123 legem
2434 3054 2791 3110 suffecturam
2855 3057 2926 3112 ad
2976 3065 3074 3113 ens
3136 3060 3267 3129 jure
3330 3076 3502 3118 accu-

1926 3142 2151 3206 sandos,
2200 3148 2419 3200 etiamsi
2459 3145 2688 3216 judicis,
2724 3147 2829 3203 hoc
2864 3156 2954 3205 est
2999 3149 3233 3219 Christi,
3260 3168 3363 3209 vox
3423 3156 3501 3212 si-

235 3237 447 3307 σφόδρα
488 3237 583 3289 καὶ
614 3237 694 3299 si;
736 3236 901 3289 αὐτὸν
933 3233 1391 3306 πλημμελοῦντας
1442 3234 1655 3304 ἐλέγχει
1679 3272 1694 3295 ,
1728 3233 1821 3288 τὸν
1846 3222 1891 3281 α
1926 3235 2052 3288 leat.

228 3331 322 3399 ἐφ’
364 3324 411 3398 ᾧ
444 3330 825 3402 μεγαλαυχῶσι
872 3330 1112 3396 Μωσέα,
1157 3330 1253 3384 καὶ
1296 3330 1659 3401 δεηθήσεσθαι
1708 3334 1810 3404 μέν
1844 3330 2097 3402 οὐδαμῶς
2120 3332 2310 3404 ἐτέρου
2335 3335 2768 3407 κατηγοροῦντός
2827 3350 3014 3410 φησιν,
3057 3342 3373 3415 ἐξαρκέσειν
3444 3344 3500 3398 δὲ

234 3422 401 3491 μόνον
421 3426 602 3486 αὐτοῖς
626 3424 722 3477 καὶ
754 3423 847 3477 τὸν
890 3422 959 3476 δι’
986 3423 1197 3477 ἐκείνου
1228 3424 1412 3494 νόμον,
1440 3424 1506 3477 δι’
1544 3418 1621 3477 ὧν
1652 3425 1969 3480 ἀπειθοῦσιν
1992 3426 2143 3495 αὐτῷ
2176 3427 2311 3498 πρὸς
2364 3428 2427 3481 τὸ
2482 3430 2683 3501 χρῆναι
2718 3429 2906 3486 λοιπὸν
2965 3434 3201 3505 εὐλόγως
3265 3454 3500 3510 κατηγο-

230 3516 451 3585 ρεῖσθαι
478 3518 722 3583 πεσοῦσι,
749 3518 911 3590 κᾶνή
950 3516 1044 3571 τοῦ
1080 3519 1360 3589 κρίνοντος
1386 3518 1605 3591 ἀργήσῃ
1637 3521 1811 3592 φωνή,
1854 3523 2100 3576 τουτέστι
2130 3524 2365 3594 Χριστοῦ

306 3613 379 3665 ΕΙ
404 3610 514 3682 γὰρ
534 3611 882 3666 ἐπιστεύετε
917 3611 1138 3675 Μωσεῖ,
1165 3613 1513 3668 ἐπιστεύετε
1551 3614 1628 3668 ἂν·
1661 3616 1815 3684 ἐμοί.

228 3705 375 3772 Περί
414 3704 523 3773 γὰρ
562 3702 709 3770 ἐμοῦ
740 3703 974 3771 ἐκεῖνος

310 3798 456 3850 ’Υπὺ
498 3796 595 3850 τοῦ
649 3796 927 3865 πανσόφου
978 3788 1222 3862 Μωσέως
1267 3797 1817 3871 κατηγορηθήσεσθαι

226 3891 358 3953 τοὺς
400 3889 691 3952 Ἰουδαίους
726 3888 916 3955 είπὼν,
951 3891 1045 3943 καὶ
1094 3889 1195 3961 τὴν
1239 3890 1334 3943 ἐπὶ
1377 3894 1499 3954 ταῖς
1541 3893 1623 3955 είς
1653 3892 1815 3946 αὐτόν

228 3980 540 4043 ἀπαθείαις
594 3980 885 4051 ὑπομεῖναι
924 3980 1177 4051 γραφὴν,
1217 3981 1466 4053 ἐπιφέρει
1504 3982 1599 4037 καὶ
1641 3982 1814 4036 ταῦτα

226 4072 523 4141 χρησίμως
547 4071 610 4124 τὺ
644 4069 722 4142 μὴ
754 4070 932 4141 μάτην
964 4069 1147 4133 αὐτοῖς
1185 4070 1491 4143 ἐπισκῆψαι
1521 4071 1810 4135 διδάσκων,

225 4161 263 4230 ἢ
300 4162 401 4214 καὶ
422 4159 597 4226 αλλως
619 4162 719 4234 τὴν
744 4162 836 4215 ἐπὶ
858 4160 939 4232 τῷ
960 4160 1316 4232 λοιδορεῖσθαι
1343 4162 1519 4232 φιλεῖν
1545 4163 1813 4233 ὑπόληψιν

226 4246 691 4322 παραιτούμενος.
727 4252 970 4323 Πρᾶγμα
1000 4251 1109 4322 γὰρ
1131 4250 1307 4319 λέγων
1330 4252 1396 4305 οὐ
1426 4250 1812 4323 διεψευσμένον

224 4342 451 4412 ὁρᾶται.
492 4343 673 4396 Ἔστω
710 4342 927 4407 τοίνυν,
969 4343 1134 4415 φησι,
1163 4344 1288 4406 τοὺς
1316 4343 1488 4413 ἐμοὺς
1512 4344 1598 4398 ὅτι
1630 4358 1813 4417 παραυ

228 4432 501 4504 apo-5:69:
564 4434 755 4502 λόγους
774 4475 788 4498 ,
854 4436 1180 4506 καρτερήσω
1249 4436 1347 4489 καῖ
1395 4435 1810 4508 ἀπειθούμενος.

229 4524 615 4588 Καταδέξασθε
672 4526 877 4580 ηουσέα
916 4526 1011 4579 τὸν
1058 4526 1308 4579 ἑαυτῶν
1372 4526 1493 4581 δότε
1543 4526 1622 4598 τῷ
1680 4529 1813 4599 παρ’

224 4615 389 4686 ὐμῶν
407 4616 808 4689 θαυμαζομένῳ
824 4619 923 4690 τὴν
947 4618 1146 4681 πίστιν,
1173 4618 1267 4672 καὶ
1291 4617 1565 4687 γνώσεσθε
1586 4621 1807 4687 πάντες,

1995 3616 2159 3688 264
2198 3616 2263 3681 V,
2294 3618 2384 3673 66.
2418 3618 2479 3673 Si
2508 3622 2645 3674 enim
2674 3622 2959 3677 crederetis
2984 3620 3180 3694 Moysi,
3215 3625 3497 3681 crederetis

1920 3709 2153 3779 forsitan
2171 3718 2221 3764 et
2249 3710 2396 3766 mihi.
2428 3710 2503 3765 De
2527 3728 2609 3767 me
2630 3714 2770 3767 enim
2791 3714 2885 3769 ille
2906 3716 3120 3784 scripsit

1990 3800 2128 3856 Cum
2163 3801 2365 3856 dixerit
2416 3819 2445 3855 ιι
2488 3804 2891 3874 sapientissimo
2931 3804 3115 3879 Moyse
3143 3804 3362 3865 Iudaeos
3392 3824 3498 3864 ac-

1921 3901 2177 3947 cusatum
2219 3892 2311 3956 iri,
2346 3899 2401 3949 et
2429 3895 2831 3953 incredulitatis
2869 3898 3207 3968 postulatum
3259 3900 3352 3965 iri,
3385 3902 3499 3958 hac

1918 3984 2085 4039 etiam
2140 3985 2349 4041 utiliter
2393 3986 2722 4059 subiungit,
2764 3988 2974 4046 docens
3011 4005 3076 4048 se
3125 4006 3236 4047 non
3284 3992 3496 4050 frustra

1919 4091 2019 4131 eos
2066 4075 2378 4148 increpare,
2423 4086 2519 4135 aut
2558 4087 2709 4139 certe
2746 4082 3064 4153 opinionem
3100 4085 3338 4141 convicii
3373 4102 3401 4140 a
3437 4101 3497 4142 se

1921 4180 2231 4225 removens.
2286 4168 2419 4225 Bern
2468 4171 2617 4227 enim
2650 4186 2839 4228 veram
2875 4175 3057 4230 dicere
3088 4178 3327 4233 videtur.
3364 4178 3497 4237 Esto

1917 4260 2112 4333 igitur,
2144 4262 2347 4333 inquit,
2380 4272 2663 4320 sermones
2694 4278 2844 4320 meos
2875 4266 3127 4336 rejicite:
3182 4271 3492 4338 sustinebo,

1916 4366 1973 4410 et
2002 4356 2187 4410 minus
2218 4354 2351 4410 mihi
2376 4355 2526 4410 credi
2562 4358 2759 4426 patiar.
2780 4355 3036 4413 Vestrum
3068 4359 3291 4431 Moysen
3313 4366 3495 4419 suscio

1922 4444 2031 4516 pite
2065 4462 2078 4498 :
2133 4443 2292 4500 ﬁdem
2327 4447 2588 4502 adhibete
2614 4447 2663 4501 ci
2703 4461 2861 4517 quem
2897 4451 3202 4521 suspicitis,
3229 4461 3288 4509 et
3326 4470 3495 4527 agno—

1921 4536 2086 4590 scetis
2121 4550 2244 4590 eum
2278 4551 2440 4606 quem
2476 4549 2589 4606 pra;
2626 4538 2851 4594 inscitia
2886 4543 3272 4600 contemnitis.
3313 4546 3495 4619 Typos

1922 4622 2221 4679 rescindite
2254 4626 2349 4695 qui
2379 4627 2668 4682 veritatem
2700 4631 3037 4700 parturiunt.
3082 4631 3194 4704 Ego
3241 4637 3387 4692 enim
3438 4640 3493 4694 in

223 4707 286 4760 ὃν
308 4709 412 4762 οὐκ
450 4709 655 4775 ειδότες
682 4710 1003 4782 ἀτιμάζετε.
1048 4712 1414 4783 Ἀναρῤήξατε
1448 4713 1575 4776 τοὺς
1606 4714 1812 4777 τύπους

1926 4716 2065 4771 illius
2114 4715 2274 4771 libris
2316 4717 2676 4777 adumbratos
2716 4736 2859 4778 sum.
2896 4703 3169 4790 Quocirca
3210 4727 3330 4799 ipse
3355 4747 3493 4801 qun-

216 4799 517 4861 ὣδίνσντας
554 4800 655 4873 τὴν
698 4801 978 4873 ἀλήθειαν.
1020 4801 1161 4871 Ἐγὼ
1212 4803 1322 4875 γὰρ
1357 4805 1415 4857 ἐν
1454 4806 1567 4870 τοῖς
1597 4806 1807 4859 ἐκείνου

226 4892 744 4965 σκιαγραφούμενος
783 4896 1030 4966 βιϐλίοις.
1076 4896 1288 4950 Οὐκοῦν
1321 4897 1415 4951 καὶ
1448 4898 1612 4963 αὐτὸς
1650 4899 1806 4970 ὑμῶν

222 4986 619 5058 κατηγορήσει,
653 4988 835 5057 φησιν,
861 4988 893 5039 6
915 4989 1140 5060 Μωσῆς,
1171 4989 1299 5043 ὅταν
1326 4989 1687 5054 ἀπειθοῦντας
1719 4990 1806 5065 ῐδῃ

217 5083 338 5145 τοῖς
370 5079 501 5150 περὶ
532 5077 666 5150 ἐμοῦ
704 5078 1154 5153 συγγράμμασιν.

297 5169 452 5225 Ἔδει
481 5170 582 5241 μὲν
612 5164 705 5224 οὖν
739 5170 867 5235 ἴσως
889 5171 1039 5242 ήμᾶς
1066 5174 1160 5225 καὶ
1184 5172 1274 5227 τὸν
1300 5174 1357 5226 ἐν
1386 5174 1496 5238 τοῖς
1518 5173 1802 5244 προκειμέ-

216 5279 336 5327 νοις
365 5262 863 5335 διερμηνεύσαντας
903 5263 1061 5329 νοῦν,
1101 5265 1239 5318 ἰέναι
1270 5263 1431 5319 πάλιν
1460 5266 1553 5319 ἐπὶ
1590 5265 1661 5320 τὰ
1709 5268 1809 5335 ἐφ-

214 5354 792 5426 εξῆς-,ἐπιτρέψαντας
814 5357 926 5419 τοῖς
950 5354 1492 5428 δντωςφιλομαθέσιν
1516 5358 1808 5431 ἀναζητεῖν

211 5447 324 5509 τὰς
379 5444 473 5498 ἐπὶ
516 5445 738 5517 Χριστῷ
780 5447 867 5501 διὰ
908 5446 1151 5512 Μωσέως
1188 5449 1425 5513 εἰκόνας.
1483 5450 1671 5522 Πλήρη
1706 5451 1807 5521 μὲν

209 5538 334 5611 γὰρ
379 5538 489 5590 τῶν
533 5539 843 5611 εἰρημένων
870 5538 939 5593 τά
967 5540 1175 5595 ἐκείνου
1226 5542 1669 5612 συγγράμματα,
1710 5544 1807 5597 καὶ

210 5630 397 5694 πολὺς
437 5630 468 5682 6
497 5631 655 5699 λόγος
674 5634 703 5686 6
734 5634 862 5703 παρ’
889 5632 1066 5686 αὐτῶν
1092 5632 1208 5705 [aL
1250 5635 1378 5702 περὶ
1402 5633 1617 5707 αὐτῶν]
1637 5676 1651 5700 ,
1681 5635 1810 5689 δυσ-

285 5805 340 5837 ²⁷
381 5803 546 5859 Joau.
576 5821 652 5869 Ix,
681 5806 773 5861 28.

430 5900 705 5962 Ριτιιοι..
747 5903 862 5961 Gtt.
916 5903 1189 5966 LXXI”.

1915 4822 2027 4877 que
2059 4823 2160 4865 vos
2186 4808 2409 4883 ﬂoyses
2440 4816 2748 4880 aecusabit,
2780 4814 2982 4886 inquit,
3016 4834 3141 4873 cum
3166 4822 3364 4877 viderit
3394 4838 3492 4879 vos

1914 4900 1986 4958 iis
2018 4914 2139 4974 qua:
2169 4905 2239 4962 de
2272 4918 2358 4962 me
2389 4908 2593 4979 scripta
2624 4918 2756 4965 sunt
2788 4927 2895 4965 non
2929 4913 3174 4969 credere.

1983 5167 2175 5241 Operae
2208 5172 2447 5243 pretium
2480 5175 2700 5246 quidem
2737 5174 2971 5232 forsitan
3001 5184 3172 5243 esset,
3209 5180 3483 5251 propositi

1911 5270 2094 5317 textus
2146 5264 2439 5332 explanata
2499 5267 2794 5332 sententia,
2834 5266 2901 5320 ad
2961 5267 3173 5337 reliqua
3223 5269 3488 5342 deinceps

1910 5353 2188 5424 prOgredi,
2216 5353 2515 5422 ﬁgurarum
2546 5354 2906 5411 Mosaicarum
2941 5357 3329 5427 disquisitione
3363 5369 3485 5416 stu-

1910 5445 2083 5500 diosis
2134 5446 2346 5501 relicta.
2378 5446 2533 5502 Pleni
2585 5449 2732 5501 enim
2772 5458 2902 5503 sunt
2935 5449 3126 5520 ﬁguris
3167 5451 3486 5522 hujusmodi

1908 5538 2032 5592 libri
2076 5537 2324 5603 Mosaici,
2357 5540 2638 5611 multaque
2678 5540 2733 5595 in
2781 5542 2849 5598 iis
2884 5542 3209 5608 aduruntur,
3256 5546 3350 5600 sed
3400 5546 3489 5601 in-

1910 5630 2126 5688 tellectu
2166 5630 2432 5698 difﬁcilia,
2464 5642 2519 5690 et
2544 5632 2843 5691 subtilibus
2878 5644 3047 5707 atque
3086 5635 3324 5694 occultis
3353 5650 3488 5692 oon-

850 5808 895 5837 "
936 5805 1130 5860 Matth.
1167 5824 1198 5863 χ
1222 5850 1237 5873 ,
1273 5810 1361 5864 32.
1443 5810 1511 5842 "‘
1540 5806 1699 5865 Joan.
1746 5827 1795 5866 rx
1824 5854 1838 5879 ,
1872 5810 1963 5866 29.

3091 5908 3162 5969 ιι
