4102 6548
717 378 822 434 H7

1746 375 1803 428 ὃ.
1847 371 2121 428 Ωἱίιὶίιιιι
2163 372 2628 431 ALEXANDRI‘M
2669 377 2984 432 ARCIIIEI‘.

2287 372 2628 431 LXANDRI‘M
2669 377 2984 432 ARClliEl‘.
3830 392 3907 450 tn

715 494 1168 568 templationibns
1213 493 1430 547 referta.
1483 492 1588 546 Sed
1645 509 1711 549 ne
1749 493 1976 564 scriptis
2032 491 2335 553 Mosaiciu

2285 494 2362 553 ,Α
2392 494 2611 563 χερείας
2663 496 2708 549 δ’
2751 492 2844 550 οὖν
2889 499 3037 567 ὅμως
3080 498 3180 566 τῆς
3225 498 3303 560 είς
3345 499 3403 552 τὸ
3455 499 3681 554 συνιέναι
3738 509 3905 573 μεστὸς,

713 589 1063 644 diiiicultates
1091 584 1396 655 aﬂingendo
1429 585 1638 640 inertiae
1679 585 2041 639 succumbere
2073 592 2293 652 tamque

714 684 1040 754 praeclarum
1081 679 1322 733 laborem
1369 677 1627 749 defugere
1653 676 1962 744 videamur,
1998 676 2066 731 ad
2098 691 2162 729 ea
2191 689 2292 731 nos

712 790 930 847 quoque
981 772 1370 835 demittemus,
1421 771 1576 840 gnari
1635 771 1761 841 ejus
1821 771 1968 840 quod
2027 769 2290 838 scriptum

712 876 841 922 est:
899 885 916 916 ι
981 865 1244 919 Dominus
1293 863 1447 916 dabit
1504 863 1729 917 verbum
1785 860 2293 932 evangelizantibus

711 959 914 1012 virtute
955 955 1129 1010 multa
1150 956 1217 1009 ”.
1265 974 1282 1006 ι
1321 955 1458 1009 Cum
1499 963 1684 1010 autem
1722 954 1789 1010 de
1820 954 1906 1009 bis
1940 955 2111 1008 multa
2154 951 2293 1007 scri-

711 1056 805 1120 pta
846 1048 990 1110 sint,
1033 1055 1093 1100 ut
1133 1047 1398 1112 diximus,
1436 1056 1490 1101 et
1550 1061 1648 1116 per
1700 1047 1904 1100 multas
1949 1044 2152 1115 figuras
2201 1059 2292 1099 sa-

716 1140 1097 1211 pientissimus
1138 1139 1354 1210 Moyses
1389 1138 1599 1194 Christi
1658 1139 1984 1210 mysterium
2021 1136 2295 1207 praedixe-

713 1235 810 1295 rit,
849 1249 957 1288 non
1009 1232 1345 1287 arbitramur
1387 1233 1708 1286 immensam
1753 1229 2048 1300 quamdam
2099 1245 2290 1286 eorum

715 1323 1029 1393 congeriem
1077 1321 1476 1377 obtrudendam
1521 1336 1644 1376 esse
1682 1320 2003 1386 lectoribus,
2033 1320 2152 1387 sed,
2181 1335 2292 1376 uno

713 1430 744 1469 ε
795 1414 1012 1469 cunctis
1061 1414 1286 1477 selecto,
1339 1413 1487 1466 clare
1530 1413 1912 1467 demonstrare
1961 1413 2292 1468 conabimur

717 1506 1054 1560 Salvatorem
1090 1513 1205 1557 tum
1227 1519 1353 1558 vere
1379 1503 1620 1557 locutum
1655 1518 1799 1568 esse,
1820 1518 1944 1557 cum
1978 1503 2045 1557 ad
2067 1504 2289 1560 Judaeos

711 1597 885 1649 dixit:
926 1615 943 1646 ι
980 1595 1036 1649 Si
1067 1594 1365 1650 crederetis
1397 1593 1587 1665 Moysi,
1621 1594 1930 1650 crederetis
1972 1593 2209 1651 forsitan
2235 1603 2289 1651 et

712 1688 870 1740 mihi.
901 1685 976 1740 De
1009 1701 1093 1739 me
1124 1685 1270 1741 enim
1303 1685 1394 1741 ille
1426 1685 1670 1755 scripsit.
1705 1705 1723 1738 ι

719 1779 800 1831 δτι
845 1776 938 1830 τοῦ
991 1777 1240 1848 Σωτῆρος
1287 1776 1446 1846 ἡμῶν
1491 1777 1699 1848 ἀληθὴς
1740 1771 1808 1848 ἦν
1855 1779 1887 1831 ό
1934 1777 2124 1847 λόγος,
2192 1779 2252 1833 ὃν
2310 1781 2546 1836 ἐποιεῖτο
2610 1777 2745 1850 πρὸς
2815 1777 3103 1841 Ἰουδαίους
3169 1775 3337 1831 είπὼν
3365 1792 3380 1807 ο

2403 585 2616 638 λεπτῶν
2667 588 2722 640 δέ
2758 588 2998 659 σφόδρα,
3046 591 3139 641 καὶ
3168 591 3562 659 κεκρυμμένων
3601 592 3909 666 θεωρημάτων

2399 677 2702 742 ἀνάπλεως.
2739 680 2855 732 Ἵνα
2883 679 2938 731 δέ
2969 681 3043 749 μὴ
3073 679 3318 750 δοκῶμεν
3347 680 3486 751 ὄκνῳ
3518 682 3612 751 μὲν
3641 685 3711 754 τῷ
3740 695 3910 757 κρατεῖν

2401 770 2712 841 ἐπιτρέψαι,
2748 771 2948 840 ἱδρῶτα
2979 770 3036 823 δέ
3067 771 3211 824 οὕτω
3241 772 3332 824 τὸν
3374 773 3693 841 ὰξιάγαστον
3725 780 3808 830 οῦκ
3846 786 3910 835 εει.

2399 861 2572 930 λόγως
2597 860 2919 915 ἀναδύεσθαι
2948 860 3308 932 περιτιθέντες
3329 861 3511 925 ἁπλῶς
3535 865 3641 926 τοῖς
3657 865 3911 935 Μωσαῖκοίς

2398 954 2795 1025 συγγράμμασι
2852 953 2949 1022 τὴν
2999 951 3354 1022 δυσχέρειαν,
3409 953 3634 1018 ἑαυτοὺς
3677 957 3760 1009 καὶ
3809 963 3912 1030 πρὸς

2394 1044 2551 1098 τοῦτο
2585 1043 2928 1116 καθήσομεν,
2974 1045 3038 1098 τὺ
3083 1044 3472 1114 γεγραμμένον
3512 1045 3739 1110 εἰδότες·
3780 1067 3794 1099 ι
3829 1052 3911 1103 ιιι.

2397 1148 2507 1203 ριος
2564 1130 2726 1184 δώσει
2787 1133 2941 1203 ῥῆμα
3005 1134 3120 1195 τοῖς
3193 1132 3688 1203 εύαγγελιζομένθις
3739 1136 3913 1208 δυνάμει

2393 1221 2583 1292 πολλῇ.
2616 1239 2634 1273 ι
2675 1221 2905 1292 Μακροῦ
2950 1221 3006 1274 δέ
3053 1220 3203 1285 δντος
3242 1220 3336 1273 τοῦ
3384 1221 3513 1292 1:591
3545 1221 3735 1275 τούτων
3775 1224 3911 1294 λόγου,

2393 1314 2646 1386 καθάπερ
2683 1316 3010 1386 εἰρήκαμεν,
3046 1316 3141 1368 καὶ
3179 1314 3269 1368 διὰ
3301 1314 3513 1367 πολλῶν
3557 1316 3825 1386 σχημάτων
3845 1323 3914 1374 τοῦ

2393 1408 2671 1476 πανσόφου
2705 1408 2948 1472 Μωσέως
2985 1408 3046 1461 τὸ
3074 1408 3168 1462 ἐπὶ
3205 1407 3432 1478 Χριστῷ
3463 1409 3913 1478 προαναμέλποντος

2393 1502 2692 1573 μυστήριον
2715 1540 2729 1564 ,
2777 1501 2877 1554 οῦκ
2922 1499 3234 1571 ἀμέτρητόν
3264 1517 3385 1553 τινα
3426 1501 3541 1562 τοῖς
3575 1500 3915 1572 ἐντευξομένοις

2389 1592 2750 1665 ἐπισωρεύειν
2780 1593 2935 1663 δχλον
2966 1591 3263 1663 οἰησόμεθα
3285 1592 3415 1657 δεῖν,
3445 1591 3561 1646 ἀλλ’
3585 1591 3639 1644 ἐν
3670 1591 3850 1657 ἑλόντες
3871 1597 3917 1648 ix

2401 1689 2641 1750 πάντων,
2680 1687 2822 1756 σαφῆ
2843 1685 2941 1756 τὴν
2971 1683 3242 1749 ἀπόδειξιν
3271 1685 3544 1738 ποιεῖσθαι
3581 1685 3912 1754 σπουδάσομεν,

3477 1795 3494 1829 ι
3546 1776 3610 1830 Ei
3666 1778 3916 1833 ἐπιστεύετε

711 1874 919 1937 Μωσεί,
956 1872 1269 1925 ἐπιστεύετε
1303 1871 1368 1924 ἂν
1405 1873 1547 1942 ἐμοί.
1589 1874 1726 1944 Περὶ
1769 1872 1878 1945 γὰρ
1904 1874 2038 1943 ἐμοῦ
2082 1876 2288 1940 ἐκεῖνος
2325 1874 2584 1948 ἔγραψεν.
2619 1892 2640 1927 ι

1243 1961 1402 2032 235
1460 1962 1612 2016 car.
1659 1962 1745 2018 lli.

820 2051 971 2118 Quod
1007 2049 1304 2106 Saluatoris
1334 2050 1612 2104 adventum
1657 2049 1867 2122 Moyses
1890 2052 2176 2108 nuntiarit.

1033 2141 1115 2195 Ea:
1158 2141 1586 2203 Deuteronomio,
1625 2142 1689 2196 de
1739 2140 1966 2196 Christo.

791 2255 809 2287 ε
839 2235 1167 2305 Prophetam
1211 2233 1366 2288 vobis
1413 2248 1477 2286 ex
1511 2232 1781 2288 fratribus
1811 2234 1943 2298 tuis,
1988 2233 2133 2288 sicut
2174 2247 2284 2297 me,

713 2329 1005 2386 suscitabit
1035 2327 1134 2382 tibi
1162 2325 1429 2381 Dominus
1456 2325 1602 2380 Deus
1633 2333 1783 2381 tuus.
1815 2324 1994 2397 Ipsum
2025 2326 2281 2382 audietis.

715 2419 1029 2476 Secundum
1063 2419 1244 2471 omnia
1293 2432 1415 2487 quae
1462 2416 1670 2486 petiisti
1704 2433 1734 2472 a
1776 2417 2005 2472 Domino
2036 2416 2148 2474 Deo
2193 2428 2285 2472 tuo

714 2517 768 2569 in
807 2512 1025 2571 Choreb
1084 2512 1138 2565 in
1179 2511 1267 2564 die
1323 2511 1772 2574 convocationis,
1832 2509 2077 2565 dicentes
2115 2527 2127 2561 :
2167 2509 2284 2564 Non

713 2606 1036 2676 ailjiciemus
1062 2602 1251 2658 audire
1274 2617 1460 2657 vocem
1486 2601 1700 2656 Domini
1734 2601 1828 2657 Dei
1886 2603 1990 2664 tui,
2019 2611 2074 2657 et
2106 2603 2284 2673 ignem

713 2698 859 2752 hunc
898 2710 1152 2765 magnum
1190 2708 1299 2748 non
1332 2694 1668 2764 aspiciemus
1700 2695 1865 2758 ultra,
1893 2709 2071 2764 neque
2091 2693 2287 2747 moria-

713 2805 857 2846 mur.
893 2787 960 2843 Et
1006 2787 1082 2842 ait
1125 2786 1395 2842 Dominus
1441 2786 1510 2840 ad
1558 2801 1645 2839 me
1685 2802 1698 2837 :
1736 2785 1904 2842 Recte
1947 2785 2130 2840 omnia
2166 2800 2287 2854 quae

713 2884 930 2937 locutus
977 2895 1058 2934 es.
1091 2876 1421 2949 Prophetam
1484 2876 1764 2933 suscitabo
1812 2877 1891 2931 eis
1925 2891 1993 2932 ex
2024 2874 2287 2930 fratribus

711 2988 924 3036 eorum,
980 2970 1124 3027 sicut
1165 2977 1219 3024 te
1261 2987 1274 3024 :
1315 2977 1368 3024 et
1415 2969 1557 3023 dabo
1600 2969 1828 3024 verbum
1879 2982 2058 3022 meum
2095 2967 2151 3021 in
2189 2981 2288 3022 ore

713 3066 836 3134 ejus
863 3081 879 3118 ι
908 3071 964 3118 et
982 3062 1242 3132 loquetur
1261 3061 1365 3128 eis,
1400 3061 1700 3116 secundum
1735 3060 1880 3131 quod
1919 3059 2192 3114 mandabo
2213 3059 2284 3114 ei.

714 3156 781 3214 Et
803 3158 990 3218 homo,
1027 3155 1121 3225 qui
1149 3169 1258 3208 non
1285 3153 1526 3207 audierit
1547 3167 1888 3222 quaecunque
1921 3151 2138 3206 locutus
2169 3149 2284 3206 fuc-

715 3248 788 3302 rit
835 3246 1101 3318 propheta
1155 3243 1249 3298 ille
1301 3244 1357 3297 in
1399 3241 1620 3296 nomine
1670 3257 1812 3306 meo,
1851 3257 1952 3312 ego
1993 3241 2285 3296 vindictam

714 3305 1038 3394 sumam.de
1061 3352 1127 3390 eo
1154 3335 1220 3389 ³⁸.
1250 3354 1268 3387 ι
1302 3331 1701 3404 Repetitionem
1730 3305 2020 3403 quamdam
2046 3342 2100 3389 et
2132 3333 2288 3404 quasi
2317 3305 2360 3367 ο

713 3429 1230 3501 recapitulationem
1263 3426 1532 3482 librorum
1555 3424 1919 3480 Mosaicorum
1947 3423 2289 3480 Deuterono-

714 3522 886 3576 mium
929 3520 1195 3576 continet.
1249 3518 1491 3589 ideoque
1537 3517 1645 3573 dici
1701 3533 1809 3572 non
1862 3523 2042 3587 potest
2084 3532 2185 3572 nos
2225 3533 2292 3572 ex

717 3615 762 3684 ἒς
779 3628 841 3668 so
865 3619 1056 3682 typum
1087 3618 1142 3666 et
1172 3611 1466 3682 imaginem
1492 3609 1785 3668 sacerdotii
1806 3608 1996 3677 legalis
2019 3608 2289 3678 accipere.

716 3703 856 3768 Quia
888 3713 1070 3755 tamen
1100 3699 1353 3770 desipere
1387 3715 1496 3754 non
1543 3699 1786 3754 solemus
1819 3704 2093 3768 quotquot
2142 3705 2292 3751 recte

717 3794 966 3864 sapimus
996 3799 1220 3864 propter
1251 3790 1556 3854 Christum,
1584 3788 1886 3845 lectoribus
1912 3787 2165 3843 dicemus
2194 3801 2294 3857 po-

717 3886 808 3940 siti
853 3898 1076 3954 quoque
1133 3889 1315 3937 textus
1379 3879 1710 3937 sententiam
1763 3885 2095 3935 reserantes.
2153 3876 2292 3934 Ecce

717 3991 939 4033 rursum
995 3986 1182 4046 aperte
1243 3974 1404 4030 nobis
1445 3972 1775 4044 praedicatur
1830 3970 2036 4027 Christi
2087 3977 2292 4041 myste-

717 4070 898 4131 rium,
951 4082 1017 4122 ex
1073 4065 1434 4122 similitudine
1481 4063 1684 4137 Moysis
1718 4079 1814 4135 per
1869 4062 2288 4118 subtilissimam

717 4155 1244 4226 contemplationem
1294 4153 1592 4209 artificiose
1635 4153 1927 4223 figuratum
1959 4168 1971 4202 :
2004 4149 2289 4220 «Prophco

717 4257 827 4302 tam
859 4246 1060 4318 quippe
1089 4245 1270 4309 vobis,
1302 4245 1503 4314 inquit,
1535 4242 1826 4299 suscitabit
1855 4241 2120 4297 Dominus
2148 4241 2291 4296 Deus

716 4350 927 4403 noster,
965 4354 1032 4392 ex
1084 4337 1355 4392 fratribus
1404 4336 1535 4399 tuis,
1595 4335 1742 4389 sicut
1796 4349 1899 4390 me.
1941 4352 1958 4385 ι
1998 4332 2291 4403 Explicans

717 4442 896 4485 autem
937 4433 1055 4501 ipse
1098 4430 1269 4495 illico,
1308 4428 1492 4498 qualis
1525 4442 1590 4482 ex
1637 4426 1762 4495 ejus
1797 4426 2160 4482 similitudine
2203 4425 2287 4478 in-

717 4524 1007 4577 duceretur
1048 4519 1474 4588 contemplatio,
1524 4517 1806 4587 sapienter
1871 4517 2093 4570 intulit:
2130 4533 2148 4566 ι
2190 4513 2290 4568 5ο-

718 4611 962 4667 cundum
996 4611 1180 4664 omnia
1213 4623 1556 4680 quiscunque
1591 4608 1799 4677 petiisti
1830 4622 1860 4661 α
1887 4605 2122 4661 Domino
2178 4605 2287 4660 Deo

719 4713 814 4757 tuo
861 4703 913 4756 in
961 4707 1145 4756 monte
1195 4697 1348 4762 Sina,
1386 4698 1441 4752 in
1472 4697 1562 4752 die
1591 4696 2059 4768 congregationis,
2096 4697 2288 4750 dicen-

719 4805 802 4850 tes
838 4817 851 4850 ;
883 4793 1004 4848 Non
1037 4791 1368 4861 adjiciemus
1397 4790 1587 4844 audire
1611 4804 1799 4844 vocem
1829 4789 2041 4844 Domini
2067 4789 2158 4843 Dei
2194 4803 2291 4843 no-

719 4889 854 4952 stri,
914 4894 968 4940 et
1015 4885 1196 4954 ignem
1254 4883 1402 4936 hunc
1458 4896 1714 4950 magnum
1783 4894 1890 4934 non
1958 4879 2291 4949 aspiciemus

719 4982 880 5043 ultra,
918 4991 1096 5047 neque
1137 4974 1458 5029 moriamur.
1490 4991 1509 5023 ι
1545 4970 1804 5042 Seipsum
1845 4970 1990 5026 enim
2021 4979 2152 5024 tunc
2181 4985 2292 5025 me-

715 5071 986 5125 diatorem
1037 5066 1244 5121 dictum
1288 5079 1412 5118 esse
1462 5064 1774 5127 confirmat,
1809 5076 1933 5117 cum
1977 5059 2290 5116 Judaeorum

718 5158 1072 5230 congregatio
1119 5155 1368 5212 nondum
1415 5171 1504 5211 res
1560 5170 1726 5225 supra
1782 5162 2032 5210 naturam
2090 5154 2289 5208 intueri

719 5259 924 5326 ppssct,
959 5250 1193 5318 ideoque
1222 5247 1519 5317 prudenter
1539 5247 1589 5302 id
1611 5245 1759 5315 quod
1791 5245 1934 5300 vires
1967 5259 2096 5300 suas
2123 5259 2288 5312 supe-

719 5340 877 5394 rabat
905 5345 1175 5395 renueret.
1215 5336 1348 5390 Illud
1378 5344 1558 5390 autem
1582 5346 1701 5389 erat
1722 5333 1812 5388 Dei
1840 5333 1978 5387 visio
2003 5333 2286 5396 nimirum,

719 5431 940 5486 insolita
1016 5429 1199 5498 specie
1260 5437 1608 5498 perterrens,
1665 5432 1720 5478 et
1757 5425 2016 5478 tubarum
2073 5425 2288 5479 sonitus

615 5576 617 5579 .
719 5523 984 5576 immanes
1014 5529 1178 5591 atque
1211 5518 1611 5573 intolerabiles.
1645 5514 1812 5586 Igitur
1843 5513 2102 5569 mediatio
2133 5513 2285 5587 Moy-

789 5680 836 5711 ⁸³
873 5678 1020 5733 Psai.
1053 5693 1273 5740 ann,
1313 5679 1400 5732 11.
1514 5677 1558 5707 ³⁸
1599 5675 1758 5730 Deut.
1795 5691 1952 5738 xvm,
1990 5674 2185 5730 15-19.

3006 1963 3236 2017 ΚΕΦΛΛ
3268 1963 3341 2018 Γ.

2389 2057 2517 2111 Ὅτι
2555 2057 2659 2112 τοῦ
2697 2055 2970 2125 Σωτῆρος
3024 2055 3230 2125 ᾅφιξιν
3279 2055 3612 2124 ἐσήμαινεν
3647 2057 3677 2108 ὀ
3723 2054 3912 2124 Μωσῆς.

2539 2150 2638 2212 Ἐκ
2667 2149 2772 2202 τοῦ
2817 2148 3299 2216 Δευτερονομίου,
3344 2148 3478 2216 περὶ
3525 2147 3764 2216 Χριστοῦ

2465 2258 2483 2293 ι
2520 2241 2814 2312 Προφήτην
2861 2240 2990 2309 ὑμῖν
3043 2240 3109 2294 ἐκ
3132 2238 3240 2292 τῶν
3277 2239 3528 2308 ἀδελφῶν
3571 2255 3694 2303 σου,
3725 2240 3790 2303 ὡς
3813 2241 3914 2309 ἐμὲ,

2385 2334 2680 2403 ἀναστήσει
2711 2349 2794 2386 σοι
2839 2331 3042 2401 Κύριος
3071 2333 3099 2385 ό
3131 2331 3265 2395 Θεός
3302 2348 3421 2384 σου·
3465 2331 3628 2384 αὐτοῦ
3655 2331 3914 2385 ἀκούσεσθε.

2387 2424 2541 2478 Κατὰ
2575 2424 2752 2478 πάντα
2774 2425 2872 2477 ὅσα
2889 2425 3080 2494 ᾐτήσω
3099 2423 3247 2493 παρὰ
3277 2423 3484 2494 Κυρίου
3517 2422 3608 2475 τοῦ
3627 2422 3749 2475 Θεοῦ
3771 2440 3862 2486 σου,
3877 2426 3917 2476 ἐν

2387 2515 2588 2587 Χωρὴὸ
2612 2518 2676 2585 τῇ
2713 2514 2896 2586 ήμέρᾳ
2936 2514 3036 2584 τῆς
3063 2514 3362 2584 ἐκκλησίας
3392 2514 3641 2582 λέγοντες
3662 2531 3673 2544 '
3701 2514 3766 2566 Οὐ
3792 2531 3917 2584 προσ.

2389 2607 2627 2677 θήσομεν
2661 2605 2894 2659 ἀκοῦσαι
2927 2607 3028 2676 τῆς
3051 2607 3235 2675 φωνῆς
3277 2605 3480 2677 Κυρίου
3512 2605 3604 2659 τοῦ
3636 2605 3758 2659 Θεοῦ
3781 2606 3915 2676 ήμῶν.

2388 2699 2483 2752 καὶ
2526 2698 2588 2750 τὸ
2637 2696 2747 2767 πῦρ
2775 2699 2835 2750 τὸ
2877 2697 3020 2767 μέγα
3061 2696 3221 2749 τοῦτο
3260 2698 3362 2750 ούκ
3404 2696 3643 2767 ὀψόμεθα
3685 2696 3788 2759 ἔτι,
3825 2697 3915 2748 ονδὲ

2391 2789 2467 2860 μὴ
2497 2789 2876 2858 ἀποθάνωμεν.
2920 2789 3030 2841 Καὶ
3061 2783 3182 2842 εἷπε
3216 2788 3420 2860 Κύριος
3448 2788 3584 2857 πρὸς
3626 2789 3689 2858 μέ
3711 2805 3723 2817 .
3759 2787 3917 2858 Ὀρθῶς

2389 2881 2592 2944 πάντα,
2621 2880 2720 2933 ὅσα
2751 2879 3138 2952 ὲλάλησαςῌ).
3170 2881 3464 2954 Προφήτην
3485 2881 3760 2950 ἀναστήσω
3779 2879 3918 2941 αὐτοις

2389 2972 2453 3024 ἐκ
2473 2971 2583 3025 τῶν
2615 2970 2861 3039 ἀδελφῶν
2897 2970 3099 3035 αὐτῶν,
3127 2970 3318 3041 ὥσπερ
3348 2970 3427 3034 σέ,
3463 2971 3559 3024 καὶ
3577 2968 3722 3022 δώσω
3740 2968 3792 3022 τὸ
3806 2968 3918 3039 ῥῆμά

2393 3082 2496 3134 μου
2519 3067 2577 3118 ἐν
2608 3063 2688 3134 τῷ
2719 3063 2944 3134 στόματι
2970 3063 3155 3126 αὑτοῦ,
3182 3064 3277 3117 καὶ
3315 3062 3541 3134 λαλήσει
3573 3062 3743 3124 αὐτοῖς
3773 3059 3916 3114 καθότι

2391 3158 2457 3211 ἂν
2483 3157 2804 3226 ἐντείλωμαι
2825 3155 2996 3227 αὐτῷ.
3029 3156 3138 3209 Καὶ
3158 3154 3536 3226 ἄνθρωπος-,ὃς
3563 3154 3626 3208 ἂν
3647 3155 3714 3225 μὴ
3735 3151 3914 3223 ἀκούσῃ.

2391 3249 2489 3302 ὅσα
2508 3247 2572 3302 ἂν
2601 3248 2808 3320 λαλήσῃ
2837 3248 2866 3300 ό
2905 3249 3189 3319 προφήτης
3224 3248 3316 3301 ἐπὶ
3342 3246 3421 3318 τῷ
3459 3246 3682 3318 ὀνόματί
3711 3262 3816 3315 μου,
3835 3244 3918 3312 ἐγὼ

2392 3339 2667 3410 ἐκδικήσω
2724 3338 2783 3406 ἐξ
2815 3337 3005 3392 αὑτοῦ.
3033 3356 3050 3392 ι
3091 3337 3461 3408 Ἐπανάληψίν
3492 3354 3611 3390 τινα
3641 3336 3727 3388 καὶ
3766 3334 3918 3388 ἀνακι-

2391 3430 2690 3500 φαλαίωσιν
2729 3431 2836 3484 τῶν
2858 3430 3169 3486 Μωσαῖκῶν
3203 3429 3422 3500 βιϐλίων
3479 3429 3542 3483 τὸ
3565 3427 3917 3500 Δευτερονόμιον

2390 3521 2524 3592 ἔχει.
2559 3521 2650 3574 Διὸ
2677 3521 2741 3593 δὴ
2773 3521 2942 3575 τύπον
2975 3521 3033 3586 ἐξ
3065 3521 3230 3575 αὑτοῦ
3262 3522 3357 3574 καὶ
3395 3520 3582 3576 είκόνα
3606 3520 3698 3592 τὴν
3721 3521 3776 3573 ἐκ
3799 3535 3914 3588 νομι-

2391 3613 2496 3683 κῆς
2535 3612 2848 3685 ἱερουργίας
2882 3613 2982 3666 οὐκ
3031 3612 3238 3666 ἔνεστιν
3290 3612 3515 3676 ἑλόντας
3555 3613 3735 3666 εἰπεῖν.
3774 3611 3915 3680 Ὅμως

2391 3703 2625 3773 ἐπείπερ
2671 3703 2953 3755 ὰσυνετεῖν
2997 3702 3096 3754 οὐκ
3149 3700 3435 3771 εἰθίσμεθα
3497 3700 3692 3762 πάντες
3724 3697 3914 3759 νοοῦντες

2390 3793 2566 3865 ὀρθῶς
2609 3793 2697 3846 διὰ
2741 3792 2995 3863 Χριστὸν,
3025 3793 3134 3854 τοῖς
3168 3790 3571 3862 ἐντευξομένοις
3597 3788 3822 3861 ἐροῦμεν,
3847 3789 3913 3840 καὶ

2389 3885 2490 3956 τὴν
2523 3885 2581 3936 ἐν
2613 3884 2727 3946 τοῖς
2765 3882 3146 3953 προκειμένοις
3175 3881 3639 3952 ἀναμοχλεύοντες
3663 3879 3791 3933 νοῦν.
3817 3877 3913 3930 Ἰδοὺ

2390 3975 2456 4047 δὴ
2492 3974 2652 4028 πάλιν
2675 3971 3147 4034 ἁκατακαλῦπτως
3167 3971 3300 4040 ἡμῖν
3335 3969 3395 4023 τὸ
3420 3970 3520 4022 ἐπὶ
3549 3967 3754 4040 Χριστῷ
3777 3963 3913 4017 λαλεῖ-

2388 4083 2480 4120 ται
2518 4065 2838 4136 μυστήριον,
2878 4063 2936 4127 ἐξ
2986 4061 3302 4132 ὁμοιότητος
3331 4061 3431 4132 τῆς
3472 4060 3617 4114 κατὰ
3646 4057 3820 4114 Μωσέα
3850 4055 3913 4108 διὰ

2389 4155 2726 4224 λεπτοτάτης
2797 4153 3027 4226 θεωρίας
3094 4151 3358 4222 ἐντέχνως
3439 4150 3908 4222 μεταπλαττόμενον.

2396 4269 2414 4302 ι
2455 4250 2744 4320 Προφήτην
2795 4247 2903 4318 γὰρ
2943 4249 3071 4316 ὑμῖν
3120 4246 3456 4317 ἀναστήσει,
3495 4246 3648 4316 φησι,
3694 4240 3858 4310 Κύριος
3889 4237 3910 4286 δ

2389 4341 2520 4405 Θεὸς
2549 4340 2705 4411 ήμῶν
2739 4342 2806 4394 ἐκ
2832 4339 2938 4394 τῶν
2963 4339 3206 4408 ἀδελφῶν
3255 4356 3372 4402 σου,
3406 4339 3483 4401 ὠς
3528 4336 3644 4409 ἐμέ.
3684 4351 3705 4389 ι
3735 4336 3910 4399 Διερμη-

2389 4430 2559 4484 νεύων
2582 4431 2639 4484 δέ
2687 4430 2870 4493 αὐτὸς,
2896 4431 2989 4482 καὶ
3035 4429 3179 4498 μάλα
3223 4429 3437 4499 γοργῶς
3463 4469 3478 4490 ,
3510 4427 3692 4480 ὁποίαν
3720 4421 3910 4488 εἰσφέρει

2389 4521 2487 4592 τὴν
2518 4521 2576 4587 ἐξ
2608 4520 2918 4591 είκονισμοῦ
2965 4519 3055 4574 τοῦ
3097 4519 3217 4573 κατ’
3248 4520 3409 4572 αὑτὸν
3438 4517 3666 4588 θεωρίαν
3707 4514 3759 4566 τὸ
3795 4511 3910 4578 διητ-

2391 4614 2671 4684 γελμένον,
2690 4613 2937 4683 ἐπιφέρει
2961 4612 3169 4680 σοφῶς·
3202 4631 3219 4662 ι
3250 4610 3406 4664 Κατὰ
3441 4609 3740 4671 πάντα,δσα
3767 4601 3911 4674 ᾐτήσω

2391 4705 2542 4777 παρὰ
2561 4704 2765 4775 Κυρίου
2793 4703 2885 4758 τοῦ
2913 4702 3043 4755 Θεοῦ
3078 4719 3171 4756 σου
3191 4702 3248 4754 ἐν
3276 4701 3354 4772 τῷ
3391 4699 3508 4770 δρει
3535 4699 3660 4769 Σινᾷ
3686 4698 3744 4765 τῇ
3771 4689 3911 4763 ἡμέρᾳ

2392 4799 2489 4866 τῆς
2525 4794 2840 4864 ἐκκλησίας,
2873 4793 3120 4861 λέγοντες
3145 4811 3159 4823 ·
3191 4795 3266 4845 Οὐ
3313 4792 3690 4862 προσθήσομεν
3731 4781 3909 4840 ἀκοῦσαι

2392 4891 2490 4959 τῆς
2533 4888 2712 4956 φωνῆς
2763 4886 2968 4956 Κυρίου
3017 4885 3112 4938 τοῦ
3155 4885 3290 4938 Θεοῦ
3347 4883 3525 4954 ἡμῶν,
3554 4882 3644 4936 καὶ
3672 4879 3726 4932 τὸ
3754 4873 3845 4943 πῦρ
3869 4869 3911 4921 τὸ

2397 4979 2538 5051 μέγα
2577 4978 2735 5031 τοῦτο
2781 4977 2878 5030 οὐκ
2916 4975 3159 5046 ὀψόμεθα
3187 4976 3286 5040 ἔτι,
3333 4975 3430 5028 καὶ
3469 4975 3528 5028 ού
3572 4973 3644 5043 μὴ
3679 4963 3910 5051 ἀποθάνοι·

2397 5050 2547 5136 μεν.»
2594 5064 2812 5118 Ἑαυτὸν
2841 5064 2936 5133 μὲν
2967 5065 3074 5133 γὰρ
3098 5064 3159 5116 τὸ
3186 5063 3439 5133 τηνικάδε
3466 5063 3687 5133 μεσίτην
3710 5050 3910 5127 εἰρῆσθαι

2395 5155 2806 5226 διῖσχυρῐζεται,
2838 5156 2952 5216 τοῖς
2989 5153 3130 5224 ὑπὲρ
3163 5155 3262 5225 τὴν
3293 5155 3456 5224 φύσιν
3493 5150 3794 5225 προσϐαλεῖν
3816 5145 3910 5196 ἀτο-

2391 5247 2584 5316 νούσης
2635 5247 2712 5298 ἐτι
2760 5245 2858 5315 τῆς
2904 5245 3172 5298 Ἰουδαίων
3226 5246 3569 5317 συναγωγῆς,
3610 5243 3696 5297 καὶ
3726 5238 3784 5291 τὰ
3807 5232 3910 5298 ὑπὲρ

2388 5338 2617 5408 δύναμιν
2642 5337 2728 5390 διὰ
2760 5336 2919 5389 τοῦτο
2961 5337 3254 5408 σωφρόνως
3292 5335 3742 5409 παραιτουμένης.
3782 5322 3910 5377 Τοῦτο

2387 5427 2442 5480 δὲ
2480 5422 2548 5498 ἦν
2586 5427 2809 5482 θεοπτία
2829 5428 3088 5499 δηλονότι,
3118 5431 3239 5493 ταῖς
3263 5430 3362 5483 οὐκ
3388 5427 3449 5494 ἐξ
3470 5428 3618 5491 ἔθους
3647 5416 3910 5494 φαντασίαις

2390 5519 2490 5590 τὴν
2524 5519 2644 5590 ὄψιν
2703 5519 3000 5585 ξενίζουσα,
3049 5523 3142 5576 καὶ
3194 5522 3510 5590 σαλπίγγων
3564 5510 3795 5586 ὑπερφυῆ
3841 5499 3911 5558 καὶ

783 5779 862 5861 fl)
890 5789 1024 5843 LXX
1059 5799 1111 5844 et
1143 5787 1298 5858 Vulg.
1330 5789 1618 5857 ἐλάλησαν,
1646 5788 1806 5842 ίυςιιιί
1837 5798 1982 5852 sunt,
2020 5795 2072 5841 et
2103 5787 2179 5841 sic
2215 5785 2353 5840 infra
2385 5799 2403 5837 ι

1093 5799 1111 5841 t
1143 5787 1298 5858 Vulg.
1330 5789 1618 5857 ἐλάλησαν,
1646 5788 1806 5842 locuti
1837 5798 1982 5852 sunt,
2020 5795 2072 5841 et
2103 5787 2179 5841 sic
2215 5785 2353 5840 infra
2385 5783 2486 5838 col.
2523 5786 2625 5838 450
2648 5784 2707 5838 C.
