4102 6540
171 360 176 364 ’
202 393 315 455 a9

1254 385 1320 441 IN
1354 384 1638 442 JOANNIS
1677 380 2123 439 EVANGELIUM
2160 381 2287 435 LIB.
2339 380 2421 435 Ill.

3353 382 3461 442 ‘30

199 512 455 582 ἀφόρητα
483 507 594 570 τοῖς
621 503 991 577 ἀκροωμένοις
1010 505 1367 574 ἀπηχήματα.
1398 502 1608 557 Οὐκοῦν
1624 500 1785 555 ἀσθε-

1890 498 1968 554 sis
2001 496 2190 552 divina
2223 495 2441 550 decreta
2483 492 2683 566 populo
2729 493 3095 550 ministrantis
3147 493 3214 548 ad
3269 494 3458 551 levan-
3542 483 3546 486 ’

195 603 353 664 νείας
381 602 490 663 τοῖς
520 597 771 669 τηνικάδε
817 598 1082 668 φάρμακα
1111 597 1144 664 ἡ
1175 596 1415 658 Μωσέως
1443 593 1782 648 ἀνεδείκνυτο

203 693 480 765 μεσιτεία,
507 690 878 754 διακονοῦντος
902 691 966 761 τῇ
1001 691 1290 760 συναγωγῇ
1323 689 1392 741 τὰ
1427 687 1610 741 θεόθεν
1634 687 1781 740 τεθε-

202 785 500 856 σπισμένα.
554 782 853 855 Μεταλήψῃ
903 782 959 834 δὲ
994 781 1155 835 πάλιν
1200 780 1291 833 τὸν
1330 779 1498 832 τύπον
1539 777 1633 831 ἐπὶ
1681 778 1782 847 τὴν

200 877 482 948 ἀλήθειαν,
512 877 626 948 καὶΔ
646 875 737 928 τὸν
792 873 1017 945 μεσίτην
1056 872 1192 928 Θεοῦ
1244 874 1335 927 καὶ
1368 870 1670 942 ἀνθρώπων
1695 871 1784 924 διὰ

197 970 410 1022 τούτων
437 945 710 1038 ἐννοήσεις
741 967 994 1038 Χριστὸν,
1023 965 1373 1021 διακονοῦντα
1404 967 1517 1028 τοῖς
1552 963 1784 1034 εὐμαθε-

201 1058 295 1112 στέ
303 1075 416 1128 ροις
431 1057 517 1110 διὰ
530 1058 711 1126 φωνῆς
729 1057 825 1110 ἀνθ
834 1059 1094 1129 ρωπίνης,
1109 1058 1196 1112 ὅτε
1211 1057 1280 1109 δι’
1291 1059 1323 1128 ή
1334 1057 1438 1128 μᾶς
1451 1056 1514 1108 ὲκ
1527 1055 1785 1123 γυναικὸς

199 1150 492 1222 ἐγεννήθη,
520 1151 618 1221 τὴν
645 1150 739 1203 τοῦ
767 1150 900 1203 Θεοῦ
919 1151 1012 1204 καὶ
1045 1150 1259 1221 Πατρὸς
1280 1149 1588 1220 ἀπόρρητον
1625 1146 1784 1218 θέλη-

201 1259 306 1306 σιν,
331 1241 746 1312 γνωριζομένην
774 1241 923 1312 αύτῷ
950 1241 1013 1313 δὴ
1044 1241 1138 1294 καὶ
1169 1241 1336 1312 μόνῳ,
1373 1240 1508 1295 καθὸ
1538 1239 1632 1293 καὶ
1658 1239 1785 1304 Υίὸς

198 1332 259 1396 ἐξ
289 1331 457 1385 αὑτοῦ
479 1333 572 1385 καὶ
601 1332 762 1400 σοφία
787 1336 1008 1398 νοεῖται,
1037 1334 1212 1387 πάντα
1247 1331 1420 1397 εἰδὼς,
1443 1332 1538 1386 καὶ
1556 1331 1624 1384 τά
1645 1331 1781 1402 βάθη

195 1423 293 1477 τοῦ
326 1423 485 1477 Θεοῦ.
531 1424 750 1495 Ἐπειδὴ
780 1424 888 1496 γὰρ
916 1427 1028 1489 τοῖς
1070 1424 1164 1478 τοῦ
1197 1423 1447 1495 σώματος
1487 1423 1786 1492 ὀφθαλμοῖς

193 1517 297 1568 οῦκ
317 1511 388 1586 ἧν
417 1517 642 1587 ἀκράτῳ
671 1517 763 1568 καὶ
785 1519 965 1587 γυμνῇ
991 1516 1316 1589 προσϐαλεῖν
1353 1519 1421 1586 τῇ
1453 1515 1574 1586 θείᾳ
1607 1532 1666 1567 τε
1691 1513 1785 1566 καὶ

191 1607 426 1678 ἀρρήτῳ
449 1609 573 1677 δόξῃ
592 1610 692 1679 τῆς
710 1609 780 1661 τὰ
799 1608 974 1662 πάντα
995 1607 1400 1679 ὑπερκειμένης
1422 1608 1627 1671 οὐσίας·
1646 1625 1664 1658 ι
1692 1606 1786 1662 0'5-

1888 589 2018 645 dum
2069 589 2355 643 hominum
2386 587 2478 658 qui
2514 597 2645 643 tunc
2673 588 2937 658 temporis
2969 595 3129 642 erant
3168 587 3462 643 infirmita-

1888 691 1996 736 tem
2032 680 2285 737 instituta
2321 688 2426 735 est.
2461 679 2560 735 llic
2604 689 2792 750 typum
2845 695 3042 737 rursus
3075 678 3144 735 ad
3173 682 3460 736 veritatem

1888 771 2214 840 transferes,
2241 780 2295 828 et
2326 772 2682 828 mediatorem
2720 771 2812 829 Dei
2862 785 2918 830 et
2964 775 3128 847 266
3176 775 3462 830 hominum

1888 867 2172 924 Christum
2210 884 2308 939 per
2337 868 2454 924 haec
2483 867 2776 939 intelliges,
2814 870 3225 926 ministrantem
3264 871 3462 927 docili-

1888 959 1994 1015 bus
2024 960 2261 1014 humana
2296 974 2450 1024 voce,
2483 960 2710 1030 quando
2744 972 2966 1032 prepter
3011 978 3114 1019 nos
3139 980 3202 1018 ex
3237 965 3466 1020 muliere

1891 1060 2056 1108 natus
2088 1061 2192 1114 est,
2229 1051 2324 1107 Dei
2380 1067 2445 1107 ac
2500 1051 2682 1109 Patris
2725 1054 3063 1108 voluntatem
3113 1055 3464 1118 ineffabilem,

1892 1143 1996 1214 ipsi
2049 1151 2199 1199 certe
2237 1145 2332 1200 uni
2381 1145 2684 1214 cognita‘m,
2711 1145 2769 1199 in
2797 1154 3064 1216 quantum
3113 1154 3168 1201 et
3197 1146 3370 1202 Filius
3399 1162 3463 1202 ex

1891 1232 2034 1304 ipso,
2070 1244 2124 1289 et
2173 1235 2442 1304 sapientia
2478 1235 2830 1308 intelligitur,
2863 1245 3062 1290 cuncta
3099 1251 3465 1306 cognoscens,

1891 1326 2054 1381 etiam
2097 1326 2370 1396 profunda
2397 1326 2573 1383 Dei“.
2603 1327 2739 1384 Cum
2769 1329 2918 1383 enim
2947 1330 3232 1399 corporeis
3285 1330 3467 1385 oculis

1891 1417 2132 1472 divinam
2166 1427 2220 1473 et
2265 1418 2598 1474 ineffabilem
2634 1420 2857 1476 deitatis
2908 1423 3095 1476 omnia
3149 1422 3466 1492 superantis

1893 1510 2123 1581 gloriam
2153 1525 2347 1580 puram
2379 1527 2441 1566 ac
2481 1512 2684 1568 nudam
2716 1528 2944 1568 cernere
2976 1529 3084 1568 non
3121 1529 3414 1584 possemus
3449 1533 3463 1568 :

1897 1622 1915 1655 ι
1950 1602 2067 1657 Νοη
2099 1604 2248 1659 enim
2279 1604 2486 1659 videbit
2526 1605 2694 1660 homo
2728 1604 2923 1661 faciem
2961 1607 3384 1677 meam,inquit,
3413 1615 3467 1661 ct

190 1699 306 1762 δεὶς
341 1700 455 1771 γὰρ
484 1701 672 1770 ὄψεται
721 1701 782 1754 τὸ
815 1701 1106 1771 πρόσωπόν
1143 1719 1244 1772 μου
1267 1741 1281 1765 ,
1316 1701 1470 1772 φησὶ,
1505 1701 1596 1754 καὶ
1623 1699 1785 1771 ζήσε-

1890 1693 2128 1761 vivet";
2160 1714 2177 1746 ι
2215 1695 2424 1749 idcirco
2479 1697 2796 1752 necessario
2831 1698 3171 1768 unigenitum
3205 1698 3296 1754 Dei
3331 1699 3467 1754 Ver-

190 1807 285 1843 ται
316 1808 331 1821 ·
367 1810 385 1841 ι
433 1790 746 1856 ἀναγκαίως
774 1792 800 1844 ὁ
834 1790 1127 1862 μονογενὴς
1161 1791 1254 1844 τοῦ
1298 1789 1434 1844 Θεοῦ
1473 1790 1642 1859 Λόγος
1662 1791 1782 1854 ταῖς

1891 1787 2017 1841 bum
2048 1787 2254 1842 nostris
2283 1786 2696 1844 infirmitatibus
2729 1788 3135 1844 conformatum
3164 1797 3269 1853 est,
3312 1807 3466 1846 rnor-

192 1883 502 1953 ὴμετέραις
527 1881 834 1944 ἀσθενείαις
859 1883 1375 1953 συνεσχηματίζετο,
1407 1881 1467 1935 τὸ
1505 1881 1780 1953 ἀνθρώπι-

1897 1879 1986 1932 tali
2039 1879 2144 1933 hoc
2179 1894 2412 1948 corpore
2465 1879 2771 1935 secundum
2809 1880 3136 1936 ineffabilem
3180 1881 3468 1953 dispensa-

192 1993 287 2028 νον
328 1976 394 2046 δὴ
425 1975 582 2028 τοῦτο
621 1975 762 2029 κατά
788 1976 877 2028 τὸν
910 1976 1147 2048 ἄρρητον
1177 1977 1276 2046 τῆς
1296 1976 1607 2047 οἰκονομίας
1626 1975 1784 2044 λόγον

1890 1971 2055 2025 tionis
2096 1972 2370 2026 rationem
2415 1972 2691 2038 indutum,
2719 1981 2772 2027 et
2823 1989 3119 2044 supernam
3149 1975 3330 2040 nobis,
3363 1976 3469 2030 hoc

192 2069 580 2139 ἠμφιεσμένος
620 2068 800 2139 σῶμα,
826 2070 918 2121 καὶ
954 2069 1054 2140 τὴν
1104 2070 1309 2124 ἄνωθεν
1356 2072 1506 2140 ήμῖν,
1537 2069 1784 2123 τουτέστι

1890 2071 1968 2116 εει
1998 2060 2090 2115 Dei
2122 2075 2186 2115 ac
2216 2060 2419 2128 Patris,
2447 2063 2780 2119 voluntatem
2807 2064 3196 2133 manifestavit,
3227 2067 3419 2123 dicens
3448 2083 3464 2118 :

191 2160 290 2212 τοῦ
321 2161 460 2213 Θεοῦ
484 2162 577 2213 καὶ
595 2161 808 2232 Πατρὸς
845 2163 1083 2232 φανερὰν
1115 2163 1287 2216 ἐποίει
1315 2161 1526 2234 βουλήν,
1559 2159 1734 2230 λέγων
1765 2175 1782 2192 ⁵

1890 2173 1906 2206 ι
1938 2156 2132 2210 Omnia
2154 2169 2499 2226 qumcunque
2527 2156 2710 2211 audivi
2740 2173 2769 2212 a
2800 2156 2962 2213 Patre
2991 2173 3134 2222 meo,
3161 2167 3289 2214 nota
3326 2161 3468 2218 facio

202 2269 222 2303 ε
254 2253 450 2307 Πάντα
475 2254 573 2306 ὅσα
603 2255 810 2324 ἤκουσα
843 2255 993 2323 παρὰ
1021 2253 1114 2307 τοῦ
1155 2254 1385 2324 Πατρὸς,
1415 2253 1588 2308 ταῦτα
1617 2255 1785 2322 ἀναγ-

1890 2250 2040 2305 vobis
2064 2250 2129 2303 ³³.
2167 2269 2186 2301 ι
2222 2247 2352 2305 Item
2384 2267 2396 2302 :
2426 2268 2446 2302 ι
2485 2249 2598 2319 Ego
2630 2267 2691 2306 ex
2741 2252 2950 2322 meipso
2997 2268 3106 2306 non
3149 2269 3270 2309 sum
3304 2256 3455 2310 locu-

196 2345 381 2412 γέλλω
415 2345 562 2414 ὑμῖν.
597 2365 616 2398 ι
647 2347 755 2399 Καὶ
778 2346 961 2413 πάλιν,
992 2347 1073 2400 ὅτι
1107 2365 1124 2397 ι
1161 2346 1303 2416 Ἐγὼ
1331 2347 1390 2412 ἐξ
1410 2345 1652 2416 ἐμαυτοῦ
1687 2347 1785 2400 οὐκ

1890 2351 1999 2409 tus,
2032 2343 2124 2399 sed
2157 2343 2252 2414 qui
2290 2343 2442 2400 misit
2483 2359 2570 2398 me
2604 2343 2784 2407 Pater,
2823 2343 2942 2413 ipse
2974 2344 3105 2399 mihi
3144 2346 3464 2402 mandatum

197 2437 462 2508 ἐλάλησα,
489 2438 601 2491 ἀλλ’
629 2441 657 2490 ὁ
687 2438 909 2509 πέμψας
948 2457 1016 2509 με
1060 2440 1273 2510 Πατὴρ,
1313 2439 1475 2502 αὑτός
1510 2457 1600 2510 μοι
1635 2442 1785 2493 ἐντο-

1890 2437 2036 2493 dedit
2060 2437 2190 2507 quid
2227 2436 2405 2492 dicam
2428 2477 2443 2502 ,
2479 2447 2533 2494 et
2563 2437 2694 2507 quid
2725 2437 2917 2507 loquar
2947 2437 3012 2490 “.
3052 2455 3070 2490 ι
3107 2436 3278 2508 Igitur
3319 2439 3464 2509 quod

196 2531 296 2602 λὴν
330 2532 531 2586 δέδωκε
559 2533 612 2586 τί
658 2533 815 2600 εἴπω,
840 2534 934 2588 καὶ
965 2535 1018 2587 τί
1051 2534 1289 2604 λαλήσω.
1326 2553 1344 2585 ι
1389 2534 1597 2587 Οὐκοῦν
1645 2533 1785 2587 κατά

1890 2530 1958 2585 ad
1995 2530 2344 2585 mediationis
2378 2529 2598 2600 quidem
2661 2538 2874 2598 spectat
2931 2531 3250 2600 imaginem,
3302 2541 3468 2604 typus

200 2628 302 2699 μὲν
357 2628 454 2696 τῆς
488 2628 764 2698 μεσιτείας
813 2629 1013 2690 εἰκόνα,
1049 2629 1218 2691 τύπος
1245 2628 1311 2681 ἂν
1339 2630 1508 2680 νοοῖτο
1547 2625 1785 2699 Χριστοῦ

1890 2622 2098 2678 Christi
2127 2622 2440 2677 censendus
2487 2633 2572 2678 est
2607 2621 2843 2694 Moyses,
2881 2623 2973 2694 qui
3012 2624 3199 2680 divina
3245 2625 3466 2681 decreta

197 2719 296 2772 καὶ
343 2719 512 2772 παλαι
554 2720 780 2787 Μωσῆς,
812 2720 880 2773 τά
927 2718 1109 2772 θεόθεν
1137 2719 1468 2792 διωρισμένα
1494 2721 1606 2781 τοῖς
1650 2720 1785 2782 υίοῐς

1894 2713 2019 2770 ﬁliis
2053 2714 2218 2770 Israel
2253 2714 2445 2784 utique
2474 2714 2850 2782 ministrabat,
2889 2717 2985 2771 sed
3011 2715 3213 2787 Moysis
3246 2717 3466 2787 quidem

209 2811 436 2881 Ἰσραὴλ
467 2806 526 2863 εὖ
571 2810 634 2880 δὴ
673 2811 767 2864 καὶ
809 2811 952 2880 μάλα
995 2809 1446 2879 διακονούμενος⁶
1475 2809 1587 2862 ἀλλ’
1619 2812 1652 2880 ή
1690 2809 1785 2880 μὲν

1902 2805 2168 2860 mediatio
2194 2805 2595 2862 ministratoria
2627 2813 2767 2868 erat,
2792 2804 3000 2861 Christi
3047 2821 3176 2862 vero
3211 2808 3468 2864 mediatio

193 2904 448 2966 Μωσέως
496 2903 742 2974 μεσιτεία
771 2903 1072 2975 διακονικὴ,
1103 2902 1361 2974 ἐλευθέρα
1393 2903 1448 2955 δὲ
1477 2905 1509 2972 ή
1545 2902 1631 2956 διὰ
1656 2903 1785 2973 Χρι-

1892 2895 2065 2949 libera
2110 2904 2165 2949 et
2218 2896 2474 2966 mystica,
2508 2903 2700 2964 utpote
2729 2896 2822 2966 qui
2857 2898 3184 2951 naturaliter
3221 2913 3283 2952 ea
3326 2914 3465 2968 quo-

195 2992 330 3045 στοῦ
372 2995 466 3046 καὶ
513 2993 914 3064 μυστικωτέρα.
948 2993 1193 3062 φυσικῶς
1217 2988 1324 3046 τῶν
1359 2993 1785 3063 μεσιτευομένων

1890 3001 2010 3039 rum
2043 2987 2408 3042 mediatorest
2435 2987 2678 3058 attingit,
2711 2995 2765 3042 et
2793 2987 2860 3041 ad
2890 2989 3051 3044 ambo
3079 2990 3336 3060 pertinet,
3365 2992 3466 3046 huc

193 3085 664 3154 ἑπιθιγγάνοντος.
692 3087 786 3138 καὶ
821 3085 956 3155 πρὸς
977 3087 1140 3156 ἄμφω
1159 3086 1452 3156 διήκοντος,
1474 3086 1572 3154 τήν
1601 3100 1660 3137 τε
1696 3103 1791 3154 με·

195 3179 563 3249 σιτευομένην
611 3178 1042 3249 ἀνθρωπότητα,
1074 3177 1170 3232 καὶ
1222 3179 1441 3248 Πατέρα
1483 3177 1633 3231 Θεόν.
1677 3172 1788 3231 Ἦν

1892 3077 2212 3132 manitatem
2249 3077 2535 3143 nimirum,
2569 3077 2730 3148 cujus
2779 3079 3052 3132 mediator
3113 3086 3217 3142 est,
3277 3088 3330 3133 et
3364 3079 3466 3134 Pa-

1892 3176 2034 3224 trem
2069 3169 2259 3224 Deum.
2288 3168 2383 3225 Est
2420 3171 2563 3225 enim
2587 3177 2787 3224 natura
2820 3168 2962 3226 Deus
3001 3179 3061 3223 ut
3097 3186 3162 3226 ex
3197 3169 3308 3226 Deo
3334 3171 3466 3226 Uni-

196 3265 300 3332 μὲν
338 3264 449 3337 γὰρ
479 3265 636 3334 φύσει
677 3265 810 3330 Θεὸς
853 3266 930 3329 ὡς
972 3267 1036 3319 ὲκ
1085 3265 1219 3320 Θεοῦ
1254 3266 1596 3338 Μονογενής,
1626 3266 1785 3321 οίονεῖ

1893 3264 2134 3334 genitus,
2169 3277 2197 3316 a
2252 3262 2558 3318 substantia
2608 3261 2885 3319 Genitoris
2914 3278 3020 3318 non
3063 3271 3378 3334 separatus,
3417 3275 3465 3319 et

192 3356 294 3426 τῆς
357 3354 453 3410 τοῦ
500 3356 860 3428 γεννήσαντος
887 3356 947 3409 οὑ
994 3355 1399 3427 κεχωρισμένος
1436 3356 1624 3419 οὐσίας
1646 3397 1660 3421 ,
1697 3355 1791 3409 καὶ

195 3449 342 3518 αὐτῇ
383 3446 785 3519 προσπεφυκὼς
808 3488 822 3512 ,
848 3446 984 3500 καθὸ
1018 3449 1216 3500 νοεῖται
1241 3449 1337 3501 καὶ
1364 3447 1423 3513 ἐξ
1459 3448 1650 3516 αὐτῆς.
1680 3441 1790 3500 Ἦν

194 3539 249 3593 δὲ
274 3539 381 3593 καὶ
399 3538 706 3608 ἅνθρωπος,
731 3537 867 3592 καθὸ
887 3537 1079 3606 γέγονε
1122 3540 1259 3612 σὰρξ
1288 3541 1479 3593 ἑαυτὸν
1517 3542 1648 3611 ήμῖν
1699 3537 1786 3602 έξο

195 3628 408 3698 ομοιὼν
435 3667 449 3689 .
468 3629 556 3681 ἵνα
580 3629 646 3682 δι’
675 3628 838 3683 αὐτοῦ
869 3629 1209 3699 συνάπτηται
1251 3628 1372 3699 Θεῷ
1397 3629 1462 3682 τὸ
1490 3629 1624 3683 πολὺ
1647 3628 1789 3682 κατὰ

195 3721 370 3792 φύσιν
414 3723 764 3794 διῃρημένον.
796 3723 964 3778 Ὅταν
993 3718 1086 3776 οὖν
1127 3723 1258 3794 λέγῃ
1294 3723 1533 3791 Μωσῆςο
1571 3741 1589 3774 ι
1635 3724 1791 3776 Ἀνα-

196 3817 397 3885 στήσει
431 3811 635 3883 Κύριος
657 3815 785 3885 ύμῖν
817 3815 908 3867 τὸν
938 3816 1222 3886 προφήτην
1253 3813 1329 3878 ὡς
1359 3813 1479 3884 ἐμὲ,
1516 3833 1534 3864 ι
1576 3815 1790 3884 νοήσεις

193 3910 293 3978 οὐχ
327 3907 606 3977 ἑτέρως,ἢ
637 3909 806 3977 ὅνπερ
828 3907 1024 3978 τρόπον
1060 3907 1262 3978 ἀρτίως
1297 3907 1631 3978 είρήκαμενο
1665 3906 1789 3958 ἐπεὶ

196 4002 291 4055 καὶ
337 4001 499 4059 αὐτὸς
527 3999 618 4053 τὸν
659 4000 753 4052 ἐπὶ
800 3999 974 4069 τούτῳ
1011 3999 1166 4066 λόγον
1199 3999 1581 4068 ὲπισφραγίζει
1613 3998 1788 4066 λέγων

193 4095 216 4148 ἐ
259 4094 438 4156 Θεόςο
477 4112 494 4144 ι
549 4092 754 4165 Ὀρθῶς
798 4093 974 4146 πάντα
1019 4093 1119 4145 ὅσα
1170 4091 1460 4161 ἐλάλησαν.
1495 4092 1785 4162 Προφήτην

193 4185 391 4247 αὐτοῖς
427 4185 716 4254 ἀναστήσω
752 4183 939 4256 ὥσπερ
989 4183 1083 4247 σὲ,
1119 4184 1213 4236 καὶ
1263 4184 1414 4254 θήσω
1445 4182 1516 4236 τὰ
1565 4183 1788 4252 ῥήματά

195 4295 304 4349 μου
360 4277 446 4329 ἐπ’
479 4277 647 4346 αὐτῷ,
685 4277 780 4330 καὶ
819 4276 1042 4347 λαλήσει
1076 4275 1223 4344 αὑτῷ
1273 4276 1412 4328 κατά
1459 4277 1656 4338 πάντα,
1686 4275 1786 4328 ὅσα

193 4369 258 4422 ἃν
287 4368 625 4438 ὲντείλωμαι
658 4367 899 4438 αὐτῷ.-
927 4368 1088 4439 Φέρει
1119 4369 1226 4437 γὰρ
1259 4369 1326 4420 τὰ
1368 4368 1545 4421 πάντα
1586 4367 1662 4438 τῷ
1689 4367 1787 4438 ῥή-

196 4479 338 4532 ματι
370 4461 471 4530 τῆς
501 4460 782 4530 δυνάμεως
802 4463 829 4514 ό
855 4459 982 4518 Υἱὸς
1006 4499 1020 4523 ,
1057 4477 1076 4511 ι
1113 4459 1188 4523 ὡς
1211 4459 1240 4510 ὁ
1271 4458 1479 4523 Παῦλός
1503 4477 1657 4530 φησι,
1691 4460 1786 4513 καὶ

193 4549 292 4613 τὰς
329 4549 422 4602 τοῦ
461 4550 670 4621 Πατρὸς
695 4550 827 4621 ἡμῖν
858 4547 1177 4617 ἀναγγέλλει
1202 4549 1406 4618 φωνὰς,
1436 4549 1530 4603 ἆτε
1553 4549 1616 4620 δὴ
1651 4551 1785 4621 παρ’

1893 3357 1997 3429 ipsi
2032 3356 2389 3420 inexsistens,
2423 3356 2478 3409 in
2510 3365 2778 3426 quantum
2806 3372 2870 3411 ex
2910 3357 3025 3428 ipsa
3066 3358 3230 3413 etiam
3266 3357 3466 3412 intelli-

1893 3445 2061 3518 gitur.
2095 3444 2191 3500 Est
2224 3459 2356 3499 vero
2387 3445 2554 3500 etiam
2589 3445 2774 3508 homo,
2806 3455 3076 3516 quatenus
3109 3463 3239 3502 caro
3290 3448 3464 3504 factus

1890 3547 1996 3603 est,
2033 3537 2276 3608 seipsum
2308 3538 2468 3592 nobis
2490 3537 2724 3592 similem
2776 3538 3009 3603 faciens,
3050 3550 3103 3596 ut
3142 3555 3238 3609 per
3291 3542 3465 3612 ipsum

1891 3631 1948 3686 id
1979 3631 2126 3700 quod
2166 3638 2361 3684 natura
2404 3631 2567 3701 longe
2607 3630 2866 3685 dissitum
2901 3641 3038 3695 erat,
3070 3633 3181 3688 Deo
3233 3635 3454 3702 conjun-

1893 3732 2138 3794 geretur.
2183 3722 2318 3774 (lum
2343 3737 2476 3792 ergo
2499 3721 2634 3777 dicit
2664 3721 2879 3794 Moyses
2908 3743 2920 3778 :
2958 3740 2976 3774 ι
3018 3723 3323 3780 Suscitabit
3363 3727 3461 3781 Do-

1891 3816 2075 3870 minus
2121 3815 2278 3870 vobis
2321 3816 2644 3886 prophetam
2689 3815 2854 3870 sicuti
2893 3831 2976 3871 mc
3001 3816 3068 3880 ³⁵,
3100 3835 3118 3868 ι
3159 3817 3318 3874 aliter
3359 3835 3466 3875 non

1891 3903 2164 3975 intelliges
2189 3920 2352 3976 quam
2382 3920 2493 3976 quo
2525 3905 2686 3961 modo
2735 3913 2896 3962 antea
2932 3907 3217 3965 diximus:
3243 3925 3370 3966 nam
3416 3921 3464 3965 et

1891 3999 2008 4070 ipse
2039 3997 2184 4053 Deus
2211 3997 2264 4053 id
2291 3997 2602 4063 confirmat,
2631 3997 2859 4056 dicens:
2886 4017 2904 4050 ι
2942 3998 3116 4056 Recte
3138 4003 3320 4057 omnia
3349 4019 3466 4073 qua!

1893 4090 2061 4144 locuti
2101 4097 2231 4145 sunt
2265 4104 2281 4142 :
2329 4089 2650 4160 prapbetam
2701 4090 2983 4146 suscitabo
3025 4093 3128 4156 eis,
3178 4093 3325 4148 sicut
3367 4103 3420 4151 te
3451 4137 3466 4151 .

1891 4189 1944 4234 et
1976 4181 2120 4235 dabo
2148 4180 2310 4236 verba
2349 4195 2468 4234 mea
2517 4181 2571 4235 in
2626 4195 2721 4235 ore
2763 4180 2917 4250 ejus;
2976 4189 3030 4236 et
3081 4184 3339 4253 loquetur
3385 4186 3466 4240 eis

1889 4287 2232 4342 quaecunque
2284 4271 2616 4325 mandavero
2659 4272 2706 4325 ei
2729 4271 2792 4324 ".
2829 4271 3017 4326 Portat
3075 4277 3220 4329 enim
3283 4278 3464 4331 omnia

1889 4366 2056 4421 verbo
2111 4365 2331 4419 virtutis
2369 4379 2482 4419 suae
2522 4361 2714 4427 Filius,
2763 4366 3224 4436 quemadmodum
3260 4369 3465 4426 Paulus

1889 4456 1964 4508 ait
1989 4455 2055 4520 ³⁷,
2077 4462 2132 4509 et
2159 4454 2337 4509 Patris
2371 4469 2532 4509 voces
2565 4453 2723 4507 nobis
2744 4455 3310 4522 annuntiat,maxime
3340 4476 3464 4514 cum

1891 4549 1961 4602 ah
1989 4550 2112 4618 ipso
2141 4548 2412 4601 mediator
2440 4547 2513 4602 sit
2555 4548 2914 4612 constitutus,
2957 4549 3118 4618 juxta
3152 4551 3285 4605 illud
3309 4552 3465 4638 Psal-

196 4643 369 4696 αὑτοῦ
406 4641 630 4713 μεσίτης
664 4642 1205 4714 κεχειροτονημένος,
1236 4642 1376 4694 κατὰ
1414 4642 1475 4694 τὸ
1519 4641 1576 4693 ὲν
1624 4641 1779 4695 ὶΓαλ-

1890 4643 2066 4696 ιηῑειεε
2103 4648 2364 4710 tanquam
2395 4655 2460 4696 ex
2507 4656 2742 4712 persona
2782 4641 2985 4697 Christi
3017 4659 3028 4695 :
3072 4661 3090 4692 ι
3127 4644 3241 4714 Ego
3280 4655 3461 4700 autem

198 4735 328 4802 μοῖς
355 4732 636 4803 ᾀδόμενον,
669 4732 744 4794 ὼς
769 4732 828 4795 ἐξ
858 4732 1023 4784 αὐτοῦ
1048 4730 1144 4784 τοῦ
1175 4729 1412 4802 Χριστοῦ
1432 4748 1448 4763 ·
1488 4750 1506 4782 ι
1557 4731 1700 4801 Ἐγὼ
1726 4733 1784 4786 δὲ

197 4823 546 4894 κατεστάθην
586 4822 837 4891 βασιλεὺς
879 4824 970 4878 ὑπ’
1002 4822 1166 4877 αὑτοῦ
1191 4863 1207 4889 ,
1243 4825 1336 4878 ἐπὶ
1390 4823 1527 4878 Σιὼν
1560 4825 1685 4895 δρος
1724 4825 1787 4879 τὸ

198 4914 360 4983 ᾶγιον
384 4914 550 4968 αὑτοῦ
585 4915 918 4985 διαγγέλλων
949 4917 1010 4970 τὸ
1039 4918 1372 4988 πρόσταγμα
1402 4917 1631 4988 Κυρίου.
1665 4936 1684 4969 ι
1722 4917 1784 4971 Εἰ

195 5005 251 5061 δέ
296 5025 382 5076 τῳ
425 5007 606 5072 δοκεῖ,
642 5009 738 5062 καὶ
783 5008 841 5072 ἐξ
893 5009 1096 5079 ἑτέρων
1149 5009 1367 5063 ἐννοιῶν
1420 5009 1513 5062 ἐπὶ
1555 5008 1646 5062 τὸν
1686 5009 1785 5080 τῆς

195 5099 520 5168 ὁμοιότητος
575 5097 1002 5164 ἀναϐιϐάζεσθαι
1052 5099 1272 5171 τρόπον,
1331 5099 1630 5170 ὲκλήψεται
1686 5099 1782 5169 μὲν

196 5188 496 5259 νομοθέτην
521 5189 581 5242 τὸ
609 5209 628 5240 ι
667 5191 744 5254 ὡς
777 5191 898 5262 ἐμὲ,
932 5209 952 5242 ι
986 5191 1079 5245 καὶ
1113 5191 1362 5264 παροίσει
1399 5191 1535 5262 πρὸς
1568 5191 1784 5244 ἀπόδει-

197 5275 280 5343 ξιν
335 5280 400 5332 τὸ
446 5299 465 5332 ι
519 5281 750 5353 Ἐρρέθη
804 5284 916 5345 τοῖς
968 5283 1214 5356 ἀρχαίοις
1246 5300 1262 5316 ’
1315 5283 1391 5336 Οὐ
1427 5281 1775 5354 μοιχεύσεις·

195 5369 312 5438 εγὼ
348 5371 406 5424 δὲ
437 5370 582 5440 λέγω
607 5373 736 5442 ὑμῖν
768 5413 782 5438 ,
821 5375 936 5426 Οὐκ
982 5375 1359 5446 ἐπιθυμήσεις.
1395 5394 1413 5427 ι
1453 5373 1798 5445 Ἐκλήψεται.

195 5460 256 5516 δὲ
286 5462 451 5515 πάλιν
500 5465 702 5532 ὁμοίως
731 5465 791 5517 τὸ
825 5483 842 5516 ι
883 5464 960 5528 ὠς
1006 5466 1126 5536 ἐμὲ,
1175 5484 1192 5516 ι
1241 5467 1579 5537 χειραγωγὸν
1619 5464 1780 5520 οίονεί

196 5568 342 5617 τινα,
359 5553 454 5606 καὶ
486 5555 917 5626 καθηγούμενον,
942 5557 1134 5625 λέγων.
1152 5557 1232 5620 είς
1262 5556 1321 5609 τὸ
1350 5555 1609 5610 δύνασθαι
1639 5559 1780 5610 νοεῖν

196 5641 271 5695 τὰ
313 5645 373 5697 ἐν
398 5644 613 5715 θελήσει
646 5648 882 5717 Πατρὸς,
906 5648 999 5701 καὶ
1030 5647 1096 5701 δι’
1125 5641 1201 5702 ὧν
1243 5647 1308 5702 ἂν
1340 5648 1550 5716 γένοιτο
1575 5647 1675 5718 τῆς
1699 5649 1778 5711 είς

272 5756 316 5789 ³⁸
357 5757 535 5813 lCor.
569 5775 632 5825 ιι,
673 5761 759 5815 10.
871 5763 914 5794 ⁸³
957 5762 1128 5816 Exod.
1171 5778 1378 5826 xxxiii,
1409 5762 1502 5816 20.

201 5825 248 5858 "
287 5826 447 5887 Deut.
475 5846 644 5898 xvnt,
683 5832 766 5887 18.
845 5833 886 5865 ³⁷
933 5833 1093 5888 llcbr.
1129 5849 1165 5900 ι,
1201 5834 1254 5888 3.

1613 5763 1658 5795 ³³
1690 5762 1846 5819 Joau.
1883 5764 2094 5824 xv,-I5.

1331 5833 1376 5864 ”
1413 5832 1561 5888 Psal.
1603 5848 1677 5900 It,
1713 5835 1768 5892 6.
1843 5836 1887 5866 "
1930 5833 2120 5889 MJtlh.
2154 5850 2208 5900 ν,
2237 5832 2432 5888 27-28.

1891 4732 2233 4786 constitutus
2276 4746 2397 4786 sum
2453 4745 2550 4786 rex
2597 4733 2664 4788 ab
2717 4747 2783 4788 eo
2829 4748 2995 4802 super
3037 4733 3168 4788 Sion
3222 4744 3462 4790 montem

1891 4834 2142 4880 sanctum
2186 4823 2309 4893 ejus
2362 4822 2666 4893 praedicans
2715 4834 3049 4894 praeceptum
3112 4824 3406 4880 Domini".
3439 4847 3458 4878 ι

1889 4916 2046 4983 Quod
2080 4916 2126 4971 si
2155 4917 2244 4971 cui
2291 4915 2457 4971 libeat
2489 4916 2612 4972 aliis
2641 4931 2862 4987 quoque
2895 4917 3463 4985 contemplationibus

1889 5007 2268 5063 similitudinis
2296 5005 2445 5062 illius
2473 5005 2691 5061 modum
2725 5006 3026 5076 inquirere,
3057 5007 3140 5061 his
3163 5007 3323 5078 267
3343 5009 3463 5075 qni-

1892 5099 2016 5155 dem
2052 5098 2263 5162 verbis,
2289 5115 2306 5150 ι
2340 5099 2486 5153 sicut
2525 5113 2634 5164 me,
2675 5115 2693 5148 ι
2749 5097 3118 5167 legislatorem
3169 5097 3459 5167 intelliget.

1889 5200 1942 5247 et
1978 5191 2045 5246 ad
2088 5189 2144 5243 id
2176 5188 2667 5244 demonstrandqu
2705 5186 2840 5242 illud
2875 5187 3157 5259 proferet:
3192 5207 3210 5240 ι
3245 5187 3458 5243 Dit‘ltlm

1887 5293 1973 5339 εει
1999 5282 2246 5352 antiquis
2276 5300 2291 5336 :
2321 5279 2442 5336 Non
2487 5280 2853 5335 mtechaberis
2898 5297 2911 5333 ;
2947 5295 3048 5348 ego
3105 5287 3287 5336 autem
3335 5281 3462 5336 dico

1886 5373 2046 5431 vobis
2083 5392 2096 5428 :
2129 5371 2250 5428 Non
2295 5372 2654 5442 concupisces
2683 5371 2750 5424 ⁸’.
2804 5388 2821 5422 ι
2870 5369 3158 5438 Similiter,
3207 5372 3294 5427 his
3347 5388 3462 5427 ver-

1887 5465 2011 5528 bis,
2056 5483 2077 5516 ι
2125 5463 2271 5519 sicut
2328 5479 2450 5531 me,
2483 5483 2503 5516 ι
2547 5462 2739 5518 ducem
2780 5462 2945 5517 veluti
3003 5462 3294 5533 quemdam
3339 5477 3461 5519 esse

1887 5557 2154 5638 intelliget
2208 5556 2275 5611 ad
2342 5571 2404 5611 ea
2466 5553 2816 5626 percipienda
2885 5568 3006 5624 quae
3067 5555 3120 5608 in
3178 5555 3460 5610 voluntate

1887 5658 2017 5708 sunt
2067 5647 2269 5712 Patris,
2321 5655 2376 5703 et
2426 5663 2521 5719 per
2563 5661 2685 5716 quae
2732 5645 2881 5718 regni
2935 5646 3177 5702 caelestis
3225 5646 3331 5702 iter
3364 5661 3458 5717 pa.

2210 5762 2254 5793 ³³
2285 5761 2444 5815 Joan.
2496 5775 2609 5828 xu,
2658 5758 2746 5815 49.
2863 5759 2908 5791 ³⁵
2950 5758 3109 5825 Deut.
3145 5777 3301 5828 xviii,
3363 5759 3452 5819 15.
