4102 6534
656 378 757 437 431

1639 382 1696 437 S.
1740 378 2011 435 CYRILLI
2052 378 2523 435 ALEXANDRINI
2561 378 2883 437 ARCHIEP.

3803 381 3906 441 ιδ

659 499 802 553 teat,
850 488 1308 559 quemadmodum
1357 490 1617 545 nimirum
1674 492 1872 546 beatus
1930 492 2019 546 ille
2073 489 2225 561 Moy-

2331 493 2586 561 ούρανοὺς
2622 492 2898 563 βασιλείας
2941 498 2971 567 ή
3015 496 3132 560 όδὸς
3188 496 3490 566 ἱππήλατος
3522 514 3537 526 ·
3573 495 3767 567 ὥσπερ
3815 496 3905 552 οὖν

658 598 748 637 ses
801 583 989 651 legalis
1049 584 1413 639 institutionis
1464 585 1725 656 magister
1791 586 1958 639 etiam
2021 584 2228 639 veteri-

661 675 763 726 bus
816 671 1063 739 exstitit,
1104 671 1305 743 ubique
1345 674 1463 729 suis
1495 673 1703 730 addens
1757 674 1998 730 oraculis
2044 689 2057 726 :
2100 691 2119 725 ι
2156 670 2228 728 Ut

660 766 829 819 multo
861 773 1106 835 tempore
1142 766 1314 831 vivas,
1348 777 1401 820 et
1432 768 1653 822 inducat
1684 776 1736 822 te
1776 766 2041 823 Dominus
2084 767 2229 822 Deus

656 866 785 912 tuus
838 857 892 912 in
939 864 1145 912 terram
1188 874 1353 928 quam
1403 858 1610 929 juravit
1663 860 1913 930 patribus
1965 862 2075 914 tuis
2095 862 2164 913 ιθ.
2203 879 2227 910 ι

658 948 929 1013 Quoniam
971 963 1107 1004 vero
1137 949 1424 1018 subjunxit
1452 967 1466 1005 :
1496 968 1516 1001 ι
1554 948 1621 1005 Et
1659 950 1825 1005 bomo
1852 950 1946 1021 qui
1978 966 2088 1005 non
2132 966 2228 1003 auo

658 1040 823 1094 dicrit
863 1054 1209 1112 quaecunque
1241 1042 1461 1098 locutus
1516 1041 1680 1097 fuerit
1727 1042 1995 1113 propheta
2046 1042 2139 1097 ille
2171 1042 2228 1098 in

660 1133 884 1187 nomine
906 1147 1048 1197 meo,
1071 1148 1172 1205 ego
1199 1133 1497 1189 vindictam
1523 1148 1737 1190 sumam
1764 1133 1832 1189 de
1869 1148 1936 1190 eo
1961 1173 1975 1201 ,
2013 1151 2032 1185 ι
2075 1134 2228 1205 igna-

658 1225 703 1278 ri
743 1222 947 1292 Judaei,
980 1233 1036 1279 et
1087 1234 1333 1281 extrema
1391 1226 1596 1281 duritie
1643 1225 1919 1282 obtinnati
1969 1225 2118 1281 uitro
2168 1240 2229 1282 se

658 1316 776 1372 suis
825 1316 1101 1388 capitibus
1159 1318 1388 1373 exitium
1442 1326 1726 1372 arceSsere
1764 1315 1984 1372 tandem
2025 1316 2230 1372 intelli-

656 1417 805 1477 μοι.
874 1406 969 1463 Ira!
1032 1408 1234 1479 quippe
1286 1407 1485 1462 divinae
1544 1408 1951 1477 subjacebunt,
2007 1422 2121 1465 sua:
2170 1408 2229 1463 in

657 1501 933 1557 Christum
975 1501 1291 1572 petulantiae
1344 1500 1699 1571 stipendium,
1744 1500 1988 1555 omnium
2034 1514 2230 1571 nempe

656 1593 883 1646 omnino
912 1592 1179 1648 bonorum
1207 1593 1480 1662 jacturam
1510 1600 1856 1663 reportantes
1884 1614 1896 1647 :
1933 1610 1954 1644 ι
1993 1591 2052 1649 Si
2079 1592 2225 1649 enim

654 1682 1021 1737 credidissent
1048 1681 1246 1754 Moysi,
1266 1684 1635 1739 credidissent
1660 1693 1714 1739 et
1737 1683 1994 1750 Christo;
2020 1684 2087 1739 de
2109 1684 2228 1756 ipso

653 1774 801 1828 enim
832 1774 923 1830 ille
959 1776 1200 1845 scripsit.
1230 1794 1250 1827 ο

734 2036 795 2104 ν,
831 2039 919 2094 47.
970 2037 1029 2093 Si
1070 2049 1249 2095 autem
1278 2040 1429 2094 illius
1462 2040 1654 2094 litteris
1694 2055 1798 2093 non
1831 2038 2068 2105 creditis,
2098 2055 2229 2109 quo-

659 2131 814 2183 modo
834 2129 998 2184 verbis
1031 2131 1158 2183 meis
1197 2128 1461 2185 credetis?

730 2219 980 2290 Magnam
1033 2220 1088 2273 in
1142 2220 1228 2275 bis
1272 2220 1455 2275 verbis
1504 2220 1896 2280 obscuritatem
1938 2234 2062 2275 esse
2117 2235 2228 2273 non

662 2313 936 2365 immerito
977 2310 1102 2381 quis
1158 2310 1458 2365 existimet.
1504 2308 1716 2365 Poterit
1747 2310 1918 2373 enim,
1955 2326 2130 2381 neque
2175 2310 2229 2366 id

660 2404 758 2459 abs
792 2420 874 2467 re,
902 2402 1041 2458 falso
1064 2402 1362 2475 suspicari,
1397 2402 1639 2457 Mosaica
1674 2405 1882 2474 scripta
1926 2402 2235 2457 Salvatoris

658 2494 841 2549 verbis
872 2494 1217 2548 antecellere.
1267 2492 1325 2545 Id
1354 2492 1501 2548 enim
1548 2490 1960 2562 quodammodo
2012 2506 2127 2561 pra:
2171 2506 2231 2546 se

661 2588 803 2641 terre
832 2587 1048 2640 videtur
1092 2587 1300 2647 oratio,
1358 2592 1412 2639 et
1468 2584 1577 2639 nisi
1620 2598 1735 2639 rem
1787 2584 2103 2639 accuratius
2141 2583 2229 2638 in-

661 2678 1076 2748 trospiciamus,
1102 2676 1310 2747 Moysis
1337 2675 1562 2747 scriptis
1595 2675 1718 2746 plus
1749 2676 2099 2731 auctoritatis
2133 2677 2231 2730 tri.

658 2773 801 2836 huit,
829 2786 993 2842 quam
1027 2769 1211 2826 verbis
1239 2766 1726 2825 Salvatoris.Nam
1757 2783 1884 2823 cum
1908 2768 2057 2824 dicat
2086 2787 2141 2823 τι
2171 2766 2229 2825 Si

658 2868 843 2917 autem
887 2859 1039 2915 illius
1068 2857 1269 2913 litteris
1303 2871 1415 2913 non
1457 2857 1708 2922 creditis,
1739 2857 2016 2928 quomodo
2047 2859 2231 2914 verbis

658 2954 797 3010 meis
828 2951 1135 3009 credetis?»
1158 2951 1307 3006 illius
1336 2949 1543 3020 scripta
1578 2949 1696 3006 suis
1715 2949 2065 3007 sermonibus
2093 2966 2233 3021 pra:-

657 3058 824 3112 stare,
847 3044 1252 3115 quodammodo
1278 3041 1629 3112 cogitandum
1657 3043 1941 3113 relinquit.
1975 3041 2081 3099 Sed
2113 3045 2231 3114 ipsa

2326 583 2516 653 ἀμέλει
2549 583 2642 637 καί⁵
2679 587 2791 648 τοῖς
2819 584 3195 656 ἀρχαιοτέροις
3222 588 3252 639 ὁ
3282 585 3555 657 μακάριος
3579 586 3786 656 Μωσῆς
3813 590 3905 657 τῆς

2324 673 2411 728 διὰ
2440 674 2603 745 νόμον
2641 675 3012 745 παιδαγωγίας
3045 677 3362 742 διδάσκαλος
3395 676 3736 745 ἀνεφαίνετο,
3779 695 3907 731 παν.

2325 766 2467 836 ταχῆ
2500 769 2610 830 τοῖς
2657 768 2807 831 ἰδίοις
2840 769 3102 833 ἐπιτιθεὶς
3140 769 3343 837 λογίοις
3374 768 3467 835 τὸ,
3513 787 3535 822 ι
3577 772 3697 824 Ἵνα
3746 771 3908 826 πολὺν

2327 856 2499 927 ζήσῃς
2546 858 2755 928 χρόνον,
2789 860 2883 911 καὶ
2915 858 3104 931 εἰσάξῃ
3138 877 3199 913 σε
3246 859 3499 932 Κύριοςό
3532 860 3669 924 Θεός
3710 878 3812 916 σου
3837 865 3910 925 είς

2326 949 2425 1019 τήν
2458 950 2580 1019 γῆν,
2604 951 2668 1021 ἣν
2685 949 2866 1019 ὤμοσε
2890 954 3002 1015 τοῖς
3030 952 3270 1023 πατράσι
3291 969 3438 1005 σου.»
3473 953 3697 1025 Ἐπειδὴ
3720 954 3783 1007 δι
3804 958 3908 1017 τοῖς

2328 1039 2639 1110 εἰρημένοις
2688 1042 2957 1112 ἐπήνεγκε
2986 1057 3001 1072 ’
3038 1061 3057 1094 ι
3096 1044 3206 1096 Καὶ
3257 1044 3563 1115 ἄνθρωπος,
3607 1043 3670 1108 ὃς
3708 1045 3779 1097 ἂν
3839 1048 3906 1115 μὴ

2326 1127 2556 1199 ἀκούσῃ,
2579 1129 2679 1182 ὅσα
2709 1129 2777 1183 ἂν
2816 1130 3021 1203 λαλήσῃ
3067 1131 3096 1185 ὁ
3128 1133 3413 1205 προφήτης
3466 1136 3677 1196 ἐκεῖνος
3707 1134 3806 1187 ἐπὶ
3835 1134 3908 1203 τῷ

2327 1221 2553 1291 ὀνόματί
2588 1238 2711 1293 μου,
2736 1222 2849 1291 ἐγὼ
2880 1223 3150 1297 ἐκδικήσω
3180 1224 3240 1291 ἐξ
3268 1224 3456 1291 αὑτοῦ,
3477 1243 3497 1279 ι
3518 1226 3908 1297 ἀμαθαίνσντες

2328 1313 2591 1379 Ἰουδαῖοι,
2622 1315 2719 1369 καὶ
2768 1315 2905 1386 πρὸς
2958 1316 3196 1388 ἐσχάτην
3245 1317 3545 1389 ὼσηκοῖαν
3593 1317 3690 1371 τὸν
3714 1319 3913 1371 οἰκεῖον

2327 1404 2795 1474 ἁποτραχύνοντες
2832 1405 2957 1461 νοῦν
2976 1448 2991 1473 ,
3029 1407 3363 1479 αὐτόκλητον
3402 1408 3507 1479 ήδη
3559 1407 3909 1477 βλεπέτωσαν

2326 1498 2447 1561 ταῖς
2499 1497 2710 1551 ἑαυτῶν
2758 1497 3020 1567 κεφαλαῖς
3072 1499 3472 1562 ἐπαντλοῦντες
3521 1498 3617 1551 τὸν
3667 1498 3905 1569 δλεθρον.

2331 1589 2585 1643 Ἔσονται
2619 1588 2728 1660 γὰρ
2766 1588 2873 1643 ὑπὸ
2907 1589 3057 1644 θείαν
3088 1589 3280 1662 ὀργὴν,
3306 1589 3512 1660 ὀψώνια
3541 1591 3640 1660 τῆς
3669 1590 3753 1653 εἰς
3777 1589 3908 1659 Χρι-

2329 1681 2454 1735 στὸν
2488 1681 2772 1753 παροινίας
2795 1682 2857 1735 τὸ
2888 1683 2947 1735 ἐν
2995 1681 3274 1753 ὁλοκλήρῳ
3326 1681 3435 1735 τῶν
3484 1680 3709 1749 ἀγαθῶν
3743 1681 3914 1752 ζημία

2328 1771 2582 1838 γενέσθαι
2630 1771 3033 1843 λαμϐάνοντες’
3066 1790 3085 1824 ι
3128 1773 3191 1825 Εἰ
3232 1773 3341 1843 γὰρ
3372 1772 3660 1826 ἐπίστευον
3715 1773 3908 1842 Μωσῆ-

2263 1840 2301 1893 B
2331 1861 2611 1916 ἐπίστευον
2655 1840 2720 1915 ἂν
2762 1860 2837 1931 τῷ
2869 1860 3122 1932 Χριστῷ’
3158 1840 3447 1932 περὶ-γὰρ
3499 1860 3667 1914 αὐτοῦ
3707 1840 3912 1923 ἐκεῖνος

2330 1952 2589 2008 ἔγραψεν.
2636 1973 2658 2006 s

2511 1970 2589 2008 ιν.
2636 1973 2658 2006 s

2360 1953 2586 2100 γεῐῖψδὲ
2629 2046 2753 2113 τοῖς
2783 2046 3018 2100 ἐκείνου
3049 2044 3392 2116 γράμμασιν
3431 2046 3505 2100 οὐ
3554 2046 3874 2098 πιστεύετε
3896 2085 3909 2109 ,

2329 2137 2456 2204 πῶς
2491 2140 2617 2205 τοῖς
2666 2138 2830 2208 ἐμοῖς
2857 2137 3088 2208 ῥήμασι
3118 2140 3514 2203 manticam;

2399 2230 2607 2302 Πολλὴν
2626 2230 2690 2284 ἄν
2706 2248 2784 2301 τῳ
2803 2231 2895 2284 καὶ⁵
2914 2230 3035 2284 λίαν
3056 2231 3280 2295 εἰκότως
3296 2233 3326 2283 ὁ
3340 2231 3497 2299 λόγος
3519 2231 3668 2301 ἔχειν
3693 2228 3915 2304 [δόξεωῖ

2328 2323 2426 2393 τὴν
2473 2324 2764 2393 ἀσάφειαν.
2797 2324 3096 2394 υίχήαεται
3126 2321 3236 2394 γὰρ
3258 2324 3355 2378 καὶ
3400 2323 3501 2377 οὐκ
3533 2324 3649 2377 ἀπὸ
3682 2321 3914 2385 σκοποῦ,

2332 2415 2467 2485 πρὸς
2493 2415 2744 2479 ὑπονοίας
2776 2415 2877 2468 οὐκ
2895 2414 3136 2487 ἀληθεῖς,
3154 2415 3511 2487 ὑπερκεῖσθαι
3542 2415 3641 2479 τὰς
3672 2415 3916 2476 Μωσέως

2333 2508 2655 2579 συγγραφὰς
2671 2508 2780 2561 τῶν
2794 2507 2888 2560 τοῦ
2904 2507 3151 2578 Σωτῆρος
3169 2508 3430 2579 ῥημάτων
3447 2508 3751 2563 ὑπυλαὸών.
3762 2508 3915 2577 Ἔχει

2330 2600 2439 2671 γὰρ
2480 2617 2599 2653 τινα
2652 2600 2893 2654 τοιοῦτον
2924 2602 2954 2653 ὁ
3003 2599 3159 2667 λόγος
3213 2600 3308 2653 τὸν
3362 2600 3746 2672 σχηματισμὸν
3772 2640 3790 2665 ,
3824 2600 3917 2651 καὶ

2330 2693 2453 2746 ὅσον
2489 2693 2635 2746 ἐστιν
2678 2692 2777 2746 οὐκ
2807 2692 2866 2757 ἐξ
2909 2692 3171 2764 ἀκριόοῦς
3206 2693 3436 2765 θεωρίας
3459 2693 3677 2756 ἑλόντας
3714 2694 3914 2755 εἰπεῖν,

2331 2782 2763 2853 ἀξιολογωτέραν
2793 2783 2900 2837 τῶν
2927 2782 3022 2836 τοῦ
3071 2784 3322 2855 Σωτῆρος
3363 2784 3625 2856 ῥημάτων
3650 2786 3764 2848 τοῖς
3788 2784 3913 2839 Μω-

2334 2878 2542 2938 σαῖκοῖς
2575 2873 3005 2945 συγγράμμασιν
3039 2875 3320 2947 ἐκπορίζει
3356 2877 3456 2947 τήν
3490 2876 3783 2947 ὑπόληψιν.
3820 2877 3913 2930 Διὰ

2332 2965 2440 3037 γὰρ
2462 2964 2554 3019 τοῦ
2584 2965 2765 3034 λέγειν
2791 2982 2804 2997 ο
2842 2985 2860 3017 ι
2905 2966 2968 3019 Εἰ
3010 2967 3067 3020 δὲ
3090 2969 3205 3030 τοῖς
3244 2966 3457 3020 ἐκείνου
3504 2968 3832 3038 γράμμασιν
3857 2969 3917 3021 ού

2334 3057 2644 3123 πιστεύετε,
2675 3057 2791 3121 πῶς
2844 3060 2958 3122 τοῖς
3004 3060 3156 3129 ἐμοῖς
3216 3059 3457 3131 ῥήμασιν
3495 3059 3858 3124 πιστεύσετες
3891 3077 3911 3111 ι

660 3138 736 3193 rei
765 3148 960 3191 natura
987 3143 1243 3191 extrema:
1260 3134 1488 3189 insaniae
1510 3133 1733 3204 plenam
1755 3149 1880 3189 esse
1897 3134 2038 3190 hanc
2054 3136 2231 3206 expli-

2334 3148 2395 3201 τὸ
2424 3149 2481 3201 ἐν
2502 3147 2748 3220 ἀμείνοσι
2769 3150 2982 3203 κεῖσθαι
3001 3151 3101 3214 τὰς
3121 3148 3331 3204 ἐκείνου
3354 3152 3676 3223 συγγραφὰς
3695 3151 3729 3222 ἢ
3752 3152 3817 3206 ἐν
3840 3146 3913 3214 οἷς

659 3233 933 3287 cationem
966 3226 1238 3283 ostendet.
1268 3224 1555 3293 Quomodo
1580 3226 1730 3282 enim
1768 3227 1977 3297 scripta
2011 3226 2219 3283 Mosai-

660 3340 721 3378 ea
755 3320 938 3377 verbis
988 3318 1295 3375 Salvatoris
1346 3326 1609 3388 praestare
1661 3318 2059 3384 censebuntur,
2102 3334 2230 3374 cum

660 3418 751 3472 illa
791 3414 976 3486 ﬁgurae
1007 3422 1221 3468 tantum
1261 3417 1447 3466 essent
1473 3418 1529 3463 et
1550 3409 1781 3475 umbrae,
1806 3409 2015 3465 Christi
2047 3418 2231 3465 autem

665 3508 828 3561 verba
868 3507 979 3561 sint
1022 3502 1259 3559 veritas?
1287 3499 1355 3553 Et
1390 3508 1541 3555 certe
1584 3498 1806 3556 diﬂ‘tcile
1847 3498 2036 3555 forsan
2084 3500 2231 3555 haud

660 3609 806 3656 esset
838 3598 1060 3669 longum
1101 3610 1163 3653 ea
1196 3596 1265 3651 de
1288 3611 1348 3650 re
1387 3609 1699 3651 sermonem
1735 3604 1943 3661 texere,
1982 3594 2079 3651 sed
2110 3610 2232 3665 qua

663 3695 819 3748 valde
859 3692 1153 3747 manifesta
1202 3698 1368 3754 sunt,
1420 3703 1523 3744 nec
1567 3688 1813 3755 aliunde,
1844 3688 1939 3745 sed
1973 3704 2003 3744 a
2031 3690 2230 3760 seipsis

662 3783 989 3852 produntur,
1029 3780 1169 3836 male
1205 3794 1274 3832 an
1323 3792 1485 3834 secus
1524 3794 1586 3834 se
1633 3779 1906 3846 habeant,
1952 3779 2232 3850 superﬂue

660 3875 767 3932 dici
808 3884 956 3945 puto.
990 3870 1104 3927 Cur
1135 3872 1285 3926 enim
1332 3870 1649 3928 istiusmodi
1684 3871 2093 3927 subtilitatibus
2137 3887 2233 3926 ex-

661 3961 934 4034 plicandis
986 3960 1267 4032 quispiam
1312 3959 1665 4020 immoretur,
1709 3970 1782 4022 et,
1817 3959 1987 4031 288
2040 3959 2234 4015 intem-

662 4055 874 4129 pestiva
905 4054 1245 4127 prolixitate,
1268 4067 1393 4124 qua
1416 4052 1556 4107 nihil
1584 4051 1927 4107 diﬂicultatis
1952 4053 2008 4106 in
2038 4067 2101 4108 se
2133 4053 2233 4107 ba-

658 4151 791 4204 bent
812 4147 869 4202 in
898 4146 1142 4204 minutas
1163 4145 1566 4216 quodammodo
1593 4153 1779 4216 partes
1816 4145 1999 4200 secet?
2027 4144 2231 4200 Eorum

662 4242 831 4312 igitur
860 4255 981 4311 quas
1021 4254 1052 4296 a
1084 4236 1370 4293 Salvatore
1396 4226 1659 4292 dicuntur
1685 4252 1884 4294 sensus
1914 4247 2000 4293 est
2040 4238 2234 4308 hujus-

663 4333 833 4388 modi.
859 4333 918 4388 Si
952 4332 1150 4403 legem,
1177 4330 1380 4401 inquit,
1421 4328 1629 4402 Moysis
1677 4332 1938 4401 scriptam
1969 4346 2097 4385 cum
2144 4331 2235 4385 ha-

658 4424 860 4487 iseatis,
897 4428 954 4477 et
987 4421 1044 4474 in
1078 4419 1200 4490 ejus
1232 4419 1459 4489 scriptis
1496 4416 1721 4473 assidue
1772 4417 2091 4479 versemini,
2130 4431 2232 4486 pro

663 4514 840 4569 nihilo
882 4522 1065 4569 tamen
1114 4510 1316 4566 ducitis
1348 4525 1413 4567 ea
1451 4509 1827 4583 praeter-gredi,
1861 4510 2070 4581 ingenti
2100 4510 2234 4564 obli-
2263 4501 2308 4557 Ι)

663 4605 823 4659 sione
878 4610 1189 4673 mergentes
1230 4602 1377 4671 quod
1429 4617 1574 4672 sape
1631 4602 1844 4674 legistis
1891 4620 1905 4658 :
1952 4602 2234 4672 quomodo

659 4711 791 4769 erga
825 4710 979 4751 meos
1024 4708 1307 4751 sermones
1358 4695 1631 4764 aequiores
1686 4696 1934 4762 fueritis,
1969 4707 2064 4751 aut
2098 4710 2235 4766 quo-

663 4788 826 4844 modo
857 4787 1230 4857 promptiores
1270 4794 1325 4842 et
1364 4786 1666 4843 alacriores
1690 4786 1759 4841 ad
1788 4802 1850 4843 ea
1879 4786 2233 4857 suscipienda

660 4898 783 4952 quae
810 4881 933 4937 dico
959 4894 1057 4936 vos
1087 4879 1455 4951 praebueritis,
1481 4880 1577 4951 qui
1614 4895 1725 4935 non
1772 4895 1916 4950 saepe
1952 4895 2056 4936 nec
2084 4896 2233 4937 sem-

660 4991 757 5046 per
806 4973 1091 5038 assidetis,
1135 4974 1230 5029 sed
1263 4974 1411 5029 velut
1443 4974 1498 5027 in
1533 4981 1861 5030 transcursu
1902 4990 1966 5030 ea
2002 4976 2230 5039 auditis,

659 5075 714 5129 et
756 5066 845 5122 vix
899 5065 1071 5122 semel
1123 5064 1179 5120 in
1227 5080 1390 5120 aures
1447 5065 1700 5135 corporis
1752 5063 2100 5122 admisistis?
2126 5068 2233 5121 Aut

659 5157 805 5212 enim
839 5155 943 5211 hoc
965 5157 1128 5212 modo
1151 5170 1215 5211 ca
1253 5156 1549 5226 intelliges,
1575 5163 1669 5211 aut
1695 5164 1843 5212 certe
1877 5157 2055 5225 (utilis
2085 5158 2231 5213 enim

661 5263 724 5303 ac
765 5250 905 5303 bona
938 5258 1026 5304 est
1052 5250 1106 5304 in
1145 5249 1231 5305 bis
1263 5249 1583 5320 curiositas)
1616 5249 1823 5320 scripta
1872 5249 2113 5306 Moesica
2149 5251 2234 5305 di-

660 5354 755 5398 ces
797 5340 1194 5397 institutionem
1250 5340 1572 5411 quamdam,
1616 5348 1670 5396 et
1709 5342 1943 5413 typicam
1994 5341 2228 5396 formam

660 5431 864 5486 Christi
920 5433 1309 5503 mysteriorum
1361 5434 1667 5496 continere,
1719 5442 1773 5490 et
1822 5449 1944 5505 quae
1993 5434 2047 5488 in
2094 5434 2231 5505 ipsis

588 5563 592 5567 .
659 5523 1058 5580 adumbrantur
1084 5524 1351 5583 elementa
1385 5527 1555 5582 veluti
1594 5526 1841 5598 quaedam
1878 5543 2001 5584 esse
2033 5531 2224 5599 cogni-

658 5617 826 5671 tionis
845 5614 987 5686 ejus,
1020 5616 1088 5673 de
1116 5618 1322 5690 quibus
1353 5629 1512 5676 antea
1543 5619 1812 5691 prolixius
1849 5620 2111 5676 diximus.
2140 5620 2229 5677 Fi-

733 5798 777 5829 ”
820 5796 972 5852 Deut.
1008 5812 1062 5866 ν,
1098 5798 1163 5852 16

2336 3239 2402 3293 ἂν
2434 3234 2545 3293 εἷεν
2590 3241 2641 3292 οί
2693 3240 2823 3312 παρ’
2861 3240 3025 3295 αὑτοῦ
3073 3243 3244 3311 λόγοι,
3274 3243 3459 3296 δίδωσί
3514 3261 3632 3308 πως
3691 3246 3910 3299 ἐννοεῖν.

2346 3331 2484 3385 Ἀλλ’
2540 3331 2678 3403 αὐτὴ
2732 3333 2826 3386 τοῦ
2884 3335 3209 3406 πράγματος
3254 3338 3287 3406 ὴ
3327 3336 3487 3405 φύσις
3530 3336 3629 3407 τῆς
3679 3338 3915 3410 ἐσχάτης

2332 3423 2583 3495 εὐηθείαις
2626 3424 2910 3479 ἀνάπλεων
2964 3424 3062 3497 τὴν
3110 3425 3282 3490 οὕτως
3336 3427 3598 3481 ἀπίθανον
3656 3428 3911 3494 ἐπιδείξει

2331 3517 2588 3573 διάνοιαν.
2614 3517 2736 3581 Πῶς
2766 3517 2877 3589 γὰρ
2906 3516 2973 3572 ἂν
3005 3521 3177 3572 νοοῖτο
3214 3520 3283 3574 τὰ
3334 3520 3578 3585 Μωσέως
3608 3520 3910 3593 γράμματα

2331 3609 2438 3663 τῶν
2468 3607 2562 3664 τοῦ
2602 3609 2854 3681 Σωτῆρος
2910 3610 3259 3678 διενεγκόντα
3290 3613 3571 3683 ῥημάτων,
3584 3613 3723 3666 ὅπου
3754 3612 3910 3665 τύποι

2335 3701 2434 3770 μὲν
2457 3696 2598 3771 ἦσαν
2620 3699 2687 3754 τὰ
2710 3701 2781 3753 δι’
2807 3700 3019 3754 ἐκείνου
3042 3700 3137 3753 καὶ
3168 3703 3345 3765 σκιαὶ,
3380 3702 3613 3773 ἀλήθεια
3632 3704 3692 3757 δέ
3724 3704 3797 3757 τὰ
3825 3704 3909 3758 διὰ

2333 3789 2569 3861 Χριστοῦ
2602 3808 2617 3856 ;
2654 3791 2760 3843 Καὶ
2804 3790 3014 3862 μακρὸν
3048 3791 3147 3861 μὲν
3177 3786 3245 3861 ἦν
3286 3793 3415 3857 ῐσως
3445 3794 3506 3845 οὐ
3554 3793 3796 3864 χαλεπὸν
3822 3795 3908 3847 ἐπὶ

2331 3880 2506 3950 τούτῳ
2532 3880 2844 3951 δαπανῆσαι
2880 3881 3039 3948 λόγον
3060 3895 3073 3910 ⁸
3102 3878 3169 3933 τὰ
3200 3881 3258 3935 δὲ
3305 3883 3426 3934 λίαν
3458 3884 3687 3956 ἐναργῆ,
3730 3885 3825 3938 καὶ
3847 3884 3909 3936 ού

2335 3972 2587 4045 θύραθεν,
2616 3972 2730 4027 ἀλλ’
2765 3972 2825 4039 ἐξ
2871 3971 3099 4035 ἑαυτῶν,
3128 3972 3228 4024 οὐκ
3272 3971 3470 4037 ἔξωθεν
3498 3977 3623 4039 τοὺς
3655 3975 3905 4045 ἐλέγχους

2333 4064 2693 4137 λαμϐάνοντα,
2730 4064 2980 4137 περιττὸν
3008 4060 3159 4133 οἶμαι
3205 4062 3404 4133 λέγειν,
3440 4065 3515 4129 ὡς
3556 4067 3656 4119 οὐκ
3691 4066 3758 4121 ἂν
3796 4067 3903 4137 ἔχοι

2333 4158 2600 4229 κακῶς,ἢ
2635 4156 2836 4220 καλῶς.
2868 4154 2933 4209 Τί
2965 4156 3078 4227 γὰρ
3116 4156 3187 4210 ἄν
3231 4172 3317 4220 τις
3348 4160 3459 4222 τοῖς
3486 4158 3750 4222 τοιούτοις
3790 4160 3901 4211 huc

2332 4248 2609 4320 διατρίψαι
2659 4246 3037 4318 λεπτομυθῶν,
3068 4248 3162 4301 καὶ
3212 4247 3281 4302 τὰ
3312 4247 3626 4318 μηδαμόθεν
3669 4247 3899 4317 δυσχερῆ

2336 4340 2818 4412 κατακερματίζων
2838 4342 2916 4404 είς
2935 4342 3034 4394 οὐκ
3056 4340 3345 4412 εὐκαίρους
3374 4341 3701 4411 πολυλογίας
3722 4361 3737 4406 ;
3758 4344 3899 4415 Ἔχει

2333 4435 2509 4490 τοίνυν
2537 4433 2597 4487 τὸ
2643 4433 2732 4488 διὰ
2757 4433 2853 4488 τοῦ
2890 4434 3137 4506 Σωτῆρος
3188 4434 3476 4505 λεγόμενον
3520 4436 3764 4491 τοιοῦτόν
3792 4454 3901 4491 τινα

2335 4526 2477 4582 νοῦν·
2522 4528 2582 4581 Εἰ
2612 4528 2793 4597 νόμον,
2824 4526 2977 4598 φησὶ,
3002 4527 3091 4581 τὸν
3136 4526 3224 4581 διὰ
3266 4528 3511 4592 Μωσέως
3560 4528 3777 4600 ἔχοντες
3815 4546 3901 4597 γι-

2336 4618 2673 4691 τραμμένον,
2705 4617 2820 4671 ἄνω
2845 4634 2903 4672 τε
2932 4617 3027 4671 καὶ
3058 4618 3210 4672 κάτω
3240 4618 3310 4673 τὰ
3340 4617 3547 4672 ἐκείνου
3584 4620 3899 4690 μελετῶντες

2337 4712 2637 4784 γράμματα
2672 4712 2799 4781 παρ’
2818 4710 2972 4764 οὐδὲν
3004 4711 3240 4764 ποιεῖσθε
3273 4710 3372 4781 τὴν
3400 4711 3487 4763 ἐπ’
3524 4711 3709 4777 αὐτοῖς
3736 4710 3900 4784 παρά-

2338 4805 2493 4859 ϐασιν
2518 4846 2533 4871 ,
2564 4802 2778 4874 ἐκτόπῳ
2825 4802 2962 4875 λήθῃ
3007 4802 3355 4873 βαπτίζοντες
3399 4801 3462 4855 τὸ
3512 4802 3770 4866 πολλάκις
3808 4802 3897 4856 ἀνα

2337 4894 2700 4966 εγνωσμένον,
2731 4894 2847 4958 πῶς
2886 4893 2955 4947 ἂν
2993 4893 3235 4962 γένοισθε
3276 4895 3403 4965 περὶ
3444 4893 3572 4955 τοὺς
3605 4894 3771 4963 ἐμοὺς
3809 4893 3895 4946 s6-

2336 4984 2762 5056 γνωμονέστεροι
2807 4982 2997 5052 λόγους
3022 4981 3102 5053 ,ἢ
3162 4981 3277 5044 πῶς
3311 4981 3378 5034 ἂν
3427 4981 3760 5051 ἐτοιμότεροι
3811 4980 3897 5032 καὶ

2335 5075 2740 5144 εύπειθέστεροι
2769 5073 2904 5144 πρὸς
2937 5072 3034 5136 τὰς
3069 5071 3210 5143 ἐμὰς
3238 5069 3598 5139 ἁναφανεῖσθε
3630 5068 3897 5138 (pinvdi

2337 5168 2594 5232 πολλάκις
2618 5167 2739 5221 ούδέ
2783 5167 2869 5220 ἀεὶ
2893 5164 3364 5237 προσεδρεύοντες,
3405 5162 3521 5216 ἀλλ’
3552 5163 3628 5225 ὡς
3653 5164 3715 5214 ἐκ
3735 5176 3891 5231 παρα-

2334 5260 2540 5333 δρομῆς
2572 5258 2913 5330 ἀκροώμενοι
2940 5296 2955 5322 ,
2982 5256 3076 5309 καί
3121 5257 3280 5327 μόνον
3325 5253 3474 5318 ἅπαξ
3527 5253 3640 5305 ἐσθ’
3665 5254 3749 5306 ὅτε
3783 5251 3898 5310 ταῐς

2337 5352 2429 5407 τοῦ
2464 5352 2712 5423 σώματος
2748 5351 2938 5413 ἀκοαῖς
2983 5347 3398 5414 εἰσοικίζοντες;
3427 5347 3497 5400 Ἢ
3539 5345 3647 5415 γὰρ
3681 5340 3897 5396 κατὰτδ

2340 5445 2527 5514 σχῆμα
2576 5441 2693 5497 τόδε
2737 5443 2851 5504 τοῖς
2886 5439 3192 5512 εἰρημένοις
3226 5437 3569 5511 προσϐαλεῖς,
3620 5436 3654 5506 ἢ
3710 5434 3897 5497 ετιίυς

2340 5532 2684 5604 ἐπαθλήσειςο
2713 5529 3099 5605 χρηστομαθὴς
3124 5531 3231 5603 γὰρ
3250 5529 3369 5583 λίαν
3388 5530 3421 5599 ἡ
3450 5530 3508 5582 ἐν
3527 5526 3731 5588 τούτοις
3751 5537 3893 5590 iret»-

2340 5624 2496 5695 εργῐα
2522 5625 2612 5678 καὶ
2628 5625 2852 5696 ζήτησις
2873 5640 2884 5655 ⁸
2909 5620 3106 5676 οὐκοῦν
3123 5621 3191 5676 τὰ
3228 5622 3325 5693 μὲν
3351 5618 3592 5682 Μωσέως
3607 5613 3895 5687 γράμματα
