4156 6532
789 466 810 473 “
843 468 882 473 -..
914 465 975 471 -...-
989 461 1368 470 ...ω--οομ-ν--ω--υοκ
1395 457 2012 467 Μσ-α--νο-ἀ--α
2090 449 2129 458 ⁸.
2207 453 2767 462 ᾁ--ωυ-αυρ--φ-μη-μ.
2803 449 3426 469 ——_-.--..__—______._.-T—_-
3455 450 3460 453 .
3497 450 3581 454 ..ς--

1915 477 3394 491 —-—.—~_—-
3415 478 3452 482 η-
3527 480 3532 483 ,
3549 478 3594 483 ..ν
3609 478 3643 484 ..Α

421 488 1408 512 ρ--ᾠνορ--ν-Μν
1431 485 1904 495 --Μ

1119 681 1348 768 ΤΟΥ
1422 683 1567 769 ΕΝ
1653 681 2022 768 ΑΓΙΟΙΣ
2094 677 2533 767 ΠΑΤΡΟΣ
2615 675 2939 762 ΗΜΩΝ

1436 834 2619 1074 ΚΥΡΙΛΛΟΥ

1082 1204 2021 1295 ΑΡΧΙΕΠΙΣΚΟΠΟΥ
2141 1191 2980 1290 ΑΛΕΞΑΝΔΡΕΙΑΣ

1575 1412 1941 1468 EPMHNEIA
1992 1413 2027 1482 ἦ
2082 1411 2491 1468 ΥΠΟΜΝΗΜΑ
2596 1483 2598 1485 >

438 1613 707 1745 ΕΙΣ
783 1612 1019 1747 ΤΟ
1121 1606 1587 1742 ΚΑΤΑ
1663 1604 2413 1738 ΙΩΑΝΝΗΝ
2498 1600 3615 1740 ΕΥΑΓΓΕΛΙΟΝ.

1992 1900 2063 1911 ..-

1202 2115 1416 2272 8.
1489 2116 1662 2267 Ρ.
1733 2113 1919 2271 Ν.
1999 2111 2785 2269 CYRILLI

1093 2426 1916 2519 ALEXANDRIE
2049 2420 2975 2518 ARCHIEPISCOP'I

1418 2652 1819 2720 EXPOSITIO
1864 2654 2001 2723 sive
2052 2650 2655 2721 COMMENTARIUS

874 2844 1058 2960 IN
1138 2842 1879 2960 JOANNIS
2031 2838 3201 3015 EVANGELIUM.

988 3272 1396 3329 ΠΡΟΟΙΜΙΟΝ.

454 3394 708 3466 «Κύριος
733 3391 896 3446 δώσει
922 3392 1074 3463 ῥῆμα
1098 3392 1212 3454 τοῖς
1238 3389 1749 3460 εὐαγγελιζομένοις
1767 3389 1996 3460 δυνάμει

370 3489 594 3560 πολλῇ,
620 3504 638 3537 ι
670 3484 855 3549 καλῶς
876 3499 941 3553 γε
964 3481 1171 3554 σφόδρα
1194 3480 1363 3535 ποιῶν
1390 3481 1419 3533 ὁ
1443 3480 1700 3551 Μελῳδὸς
1724 3481 1996 3550 ἀναφθέγ-

374 3599 575 3651 γεται-
608 3578 825 3650 Χρῆναι
856 3576 915 3630 δὲ
939 3571 1094 3646 οἶμαι
1128 3573 1268 3646 πρὸς
1295 3572 1452 3627 τοῦτο
1496 3572 1753 3643 βαδίζειν,
1782 3573 1843 3627 οὐ
1872 3573 1999 3636 τοὺς

376 3676 664 3746 τυχόντας
697 3668 908 3733 ἁπλῶς,
954 3665 1093 3721 ἀλλὰ
1138 3666 1266 3729 τοὺς
1315 3663 1404 3718 διὰ
1439 3666 1538 3735 τῆς
1570 3663 1778 3718 ἄνωθεν
1809 3681 1997 3734 πεφω-

374 3765 696 3838 τισμένους
741 3760 965 3832 χάριτος
991 3773 1006 3789 '
1063 3757 1185 3809 ἐπεὶ
1236 3757 1331 3810 καὶ
1390 3773 1408 3808 ι
1440 3756 1601 3811 Πᾶσα
1646 3756 1808 3825 σοφία
1848 3754 2000 3827 παρὰ

378 3859 632 3929 Κυρίου,
647 3875 667 3906 ι
699 3852 843 3934 ιιαθὰ
857 3851 1191 3921 γέγραπται,
1230 3848 1356 3901 «καὶ
1379 3847 1530 3902 πᾶσα
1555 3846 1611 3901 δὲ
1632 3846 1777 3911 δόσις
1796 3846 1998 3919 ἀγαθὴ,

379 3952 479 4005 καὶ
528 3949 654 4003 πᾶν
686 3945 920 4017 δώρημα
965 3942 1206 4004 τέλειον,
1254 3939 1460 3994 ἄνωθέν
1503 3944 1621 3994 ἐστι
1669 3940 2001 3996 καταϐαῖνον

378 4042 538 4113 παρὰ
579 4037 682 4091 τοῦ
726 4037 943 4107 Πατρὸς
974 4032 1085 4087 τῶν
1120 4030 1343 4101 φώτων.
1372 4051 1395 4084 ι
1455 4033 1700 4103 Πρᾶγμα
1747 4033 1847 4103 μὲν
1889 4032 2000 4106 γὰρ

382 4130 677 4204 σφαλερόν
725 4146 809 4192 τε,
855 4126 953 4180 καὶ
986 4126 1089 4179 οὐκ
1113 4124 1350 4196 ἀζήμιον
1388 4126 1504 4189 τοῖς
1542 4124 1776 4189 πολλοῖς,
1809 4123 1838 4175 ὁ
1873 4124 2000 4195 περὶ

380 4226 489 4295 τῆς
547 4222 825 4278 ἀνωτάτω
876 4217 1068 4272 πασῶν
1108 4216 1297 4280 οὐσίας
1360 4216 1453 4269 καὶ
1496 4215 1607 4270 τῶν
1656 4216 1777 4269 κατῗ
1832 4214 2001 4287 αὐτὴν

385 4316 727 4391 μυστηρίων
773 4316 970 4387 ὁρᾶται
1023 4312 1220 4380 λόγος’
1282 4312 1472 4382 χρῆμα
1534 4310 1591 4364 δέ
1643 4328 1694 4364 τι
1742 4309 2003 4364 κινδύνων

383 4407 856 4482 ἀπηλλαγμένον,
880 4409 914 4476 ἡ
943 4405 1037 4460 ἐπὶ
1062 4403 1275 4467 τούτοις
1303 4403 1454 4475 σιγή’
1488 4402 1603 4456 ἀλλ’
1634 4403 1879 4482 ἐξίστησι
1904 4401 2003 4473 μὲν

382 4479 607 4573 ταύτης
637 4501 808 4570 ἡμᾶς,
832 4496 1009 4552 καίτοι
1023 4494 1195 4566 λίανῆ
1212 4495 1480 4566 προσήκει
1506 4479 1673 4565 τιμᾷῦ
1698 4493 2001 4564 οἰομένους,

376 4598 413 4650 ὁ
438 4596 542 4648 ἐπὶ
577 4592 807 4647 πάντων
847 4590 983 4652 Θεὸς
1003 4628 1019 4654 ,
1063 4606 1082 4640 ι
1111 4587 1299 4652 Λάλει,
1334 4586 1428 4640 καὶ
1458 4585 1533 4655 μὴ
1563 4584 1762 4649 σιώπα,
1796 4604 1814 4636 ι
1868 4585 2005 4657 πρός

2020 3287 2066 3340 Α

2669 3266 3096 3327 ΡιπιοοΕΜιυΜ.

2178 3383 2226 3456 ι
2238 3406 2255 3436 ι
2271 3384 2536 3442 Dominus
2549 3358 2704 3443 dabit
2725 3384 2954 3441 verbum
2977 3384 3483 3458 evangelizantibus
3500 3388 3701 3447 virtute

2108 3479 2301 3545 multa,
2334 3496 2352 3530 ι
2377 3485 2524 3535 recte
2547 3477 2738 3547 utique
2761 3476 3053 3535 Psalmista
3083 3477 3233 3534 canit
3260 3478 3299 3533 ¹.
3321 3477 3522 3537 Verum
3546 3483 3697 3543 istud

2086 3568 2352 3641 .aggredi,
2372 3584 2481 3625 non
2507 3570 2756 3640 cujusvis
2773 3585 2899 3626 esse
2920 3584 3068 3637 reor,
3085 3571 3181 3627 sed
3209 3586 3403 3628 eorum
3427 3573 3700 3634 duntaxat

2106 3663 2200 3734 qui
2233 3678 2474 3735 superna
2508 3663 2774 3720 iilustrati
2798 3671 2927 3721 sunt
2954 3666 3156 3737 gratia,
3190 3656 3315 3721 cum
3339 3684 3359 3719 ι
3383 3669 3566 3727 omnis
3603 3686 3698 3728 sa-

2106 3754 2316 3825 pientia
2357 3754 2432 3810 sit
2477 3770 2509 3811 a
2536 3754 2772 3810 Domino
2806 3772 2855 3822 ι,
2890 3757 3035 3812 sicut
3067 3757 3337 3829 scriptum
3376 3769 3464 3817 est
3502 3763 3546 3832 ’,
3583 3780 3604 3816 ι
3644 3774 3700 3820 et

2107 3862 2269 3905 omne
2302 3848 2495 3904 datum
2535 3850 2830 3920 optimum,
2863 3859 2917 3906 et
2946 3865 3111 3909 omne
3142 3852 3349 3909 donum
3392 3856 3699 3927 perfectum

2107 3942 2401 3998 desursum
2426 3942 2495 3998 sit
2511 3942 2855 3999 descendens
2873 3958 2903 3998 a
2922 3941 3085 4001 Patre
3109 3945 3437 4005 luminum.»
3458 3948 3700 4008 Lubrica

2106 4034 2254 4109 enim
2285 4046 2396 4099 res,
2426 4050 2530 4090 nec
2578 4034 2699 4090 sine
2745 4035 2995 4105 periculo
3025 4037 3216 4094 multis
3251 4039 3470 4096 videtur
3493 4043 3563 4100 de
3606 4059 3703 4100 su-

2108 4139 2302 4195 prema
2349 4125 2597 4180 omnium
2635 4125 2876 4180 essentia
2932 4124 3164 4197 ejusque
3211 4132 3493 4200 mysteriis
3519 4133 3698 4192 disse-

2111 4232 2253 4280 rere,
2287 4224 2341 4271 et
2373 4224 2555 4271 tutum
2583 4222 2670 4272 est
2699 4216 2755 4271 in
2789 4216 2877 4272 his
2908 4216 3193 4273 silentium
3221 4236 3233 4269 :
3263 4221 3361 4277 sed
3392 4223 3463 4280 ab
3502 4241 3568 4282 eo
3594 4242 3699 4285 nos

2110 4314 2279 4377 arcet,
2320 4309 2577 4379 quamvis
2606 4306 2742 4363 illud
2773 4307 3081 4379 impensius
3117 4312 3387 4381 colamus,
3421 4319 3701 4380 universi-

2110 4404 2243 4459 tatis
2300 4402 2468 4469 Deus,
2504 4402 2725 4458 cuidam
2779 4411 3102 4460 sanctorum
3175 4405 3407 4478 (Paulus
3458 4413 3507 4469 is
3559 4397 3701 4489 era't)

2110 4492 2300 4551 dicens
2335 4512 2347 4547 :
2387 4512 2407 4545 ι
2449 4491 2721 4564 Loquere,
2755 4500 2810 4547 et
2835 4506 2905 4548 ne
2934 4493 3102 4551 sileas
3134 4496 3176 4562 ³,
3210 4515 3229 4550 ι
3263 4514 3367 4555 nec
3395 4504 3581 4561 minus
3619 4507 3711 4573 le-,

2110 4588 2231 4659 gale
2262 4594 2597 4658 praeceptum
2635 4586 2781 4659 quod
2817 4588 3079 4647 crassiori
3107 4591 3349 4663 quodam
3376 4595 3547 4652 veluti
3572 4606 3702 4671 typo

380 4703 516 4741 τινα
546 4684 669 4739 τῶν
712 4680 886 4751 ἁγίων
920 4677 1110 4733 εἰπών.
1153 4675 1371 4740 Παῦλος
1405 4675 1462 4730 δὲ
1495 4670 1651 4741 οὗτος
1690 4671 1761 4749 ἦν
1784 4692 1798 4707 ·
1846 4677 1941 4731 καὶ
1970 4677 2004 4748 ἡ

2109 4697 2199 4737 res
2232 4682 2509 4751 spiritales
2546 4680 2841 4753 signiﬁcat.
2887 4681 3052 4740 Iubet
3084 4686 3230 4741 enim
3255 4702 3352 4744 eos
3396 4690 3489 4760 qui
3525 4670 3703 4749 addi-

375 4776 605 4850 νομικὴ
638 4775 698 4829 δὲ
744 4773 896 4828 οὐδὲν
920 4768 1083 4844 ἦττον
1109 4767 1386 4834 διάταξις,
1436 4767 1513 4832 ὡς
1543 4769 1601 4823 ὲν
1632 4767 1788 4840 τύπῳ
1830 4785 2007 4840 παχύ·-

377 4870 539 4941 τέρῳ
572 4868 652 4921 τὰ
676 4862 1027 4934 πνευματικά
1050 4861 1412 4934 σημαίνουσα.
1444 4859 1585 4924 Τοὺς
1612 4860 1713 4931 μὲν
1740 4860 1850 4932 γὰρ
1870 4862 2006 4934 πρὸς

374 4961 487 5034 τὴν
518 4959 686 5014 θείαν
721 4955 1095 5027 κεκλημένους
1124 4952 1453 5025 ἱερωσύνην,
1501 4954 1614 5017 τοῖς
1661 4953 1750 5007 διὰ
1778 4954 2007 5023 σαλπίγ-

375 5070 504 5124 γων
542 5050 891 5121 ἁπηχήμασι
922 5045 1353 5118 κατασημαίνειν
1392 5044 1469 5115 τῷ
1510 5043 1626 5117 λαῷ
1660 5046 1788 5116 περὶ
1824 5040 1899 5100 ὧν
1940 5046 2006 5100 ἂν

373 5144 568 5217 δεήσῃ
606 5140 826 5214 μαθεῖν,
867 5140 1146 5194 ἐπιτάττει
1172 5155 1187 5171 ·
1228 5139 1290 5193 οὐ
1320 5140 1452 5211 γὰρ,
1480 5135 1657 5210 οἶμαι,
1689 5139 1799 5192 δεῖν
1829 5137 2006 5206 ἐλογί-

260 5302 289 5311 _
375 5236 541 5302 ζετο,
578 5232 978 5304 νομοθετήσειν
1003 5231 1073 5286 τὰ
1101 5231 1365 5286 κάλλιστα
1396 5231 1531 5296 Θεὸς
1563 5231 1847 5302 ἐθελήσας,
1881 5232 2008 5296 τοὺς

374 5331 500 5385 τῶν
529 5326 693 5382 λαῶν
721 5325 1000 5397 ἡγεμόνας
1042 5327 1200 5397 χεῖρα
1234 5324 1428 5388 θέντας
1470 5324 1564 5377 ἐπὶ
1597 5324 1843 5394 στόματι,
1866 5322 2008 5376 κατὰ

374 5423 445 5478 τὸ
477 5417 915 5492 γεγραμμένον,
955 5417 1103 5488 ὄκνῳ
1135 5434 1195 5471 τε
1218 5415 1314 5470 τοῦ
1352 5416 1428 5488 μὴ
1456 5415 1634 5470 δοκεῖν
1661 5417 1778 5478 τοῖς
1807 5414 2010 5486 ὑψηλο-

372 5515 611 5585 τέροις,
659 5509 692 5580 ἦ
728 5509 874 5564 κατὰ
918 5506 1044 5563 νοῦν
1082 5508 1176 5562 τὸν
1207 5506 1575 5579 ἀνθρώπινον,
1623 5506 2011 5583 ῥιψοκινδύνως

375 5609 746 5682 ἐπιχειρεῖν,
795 5605 888 5660 τὸν
933 5604 1108 5669 οὕτως
1141 5605 1580 5685 ἀναγκαῖονθτοϊς
1609 5598 1898 5681 εὐπλόιιὸειὸω
1948 5618 2011 5654 τε

378 5704 487 5759 καὶ
520 5698 875 5770 θεογνωσίαν
905 5694 1455 5781 παιδαγωγουμένοις
1494 5692 1882 5767 τιαραιτεῖσθαι
1921 5693 2010 5747 λό-

2108 4775 2298 4829 vinum
2370 4774 2746 4831 sacerdotium
2801 4776 2982 4832 vocati
3036 4787 3200 4845 sunt,
3252 4795 3394 4836 sono
3442 4782 3700 4842 tubarum

2111 4866 2313 4938 popqu
2343 4866 2474 4937 quid
2509 4869 2560 4921 ei
2587 4865 2915 4923 discendum
2955 4867 3028 4924 sit
3055 4868 3363 4929 declarare.
3390 4871 3514 4931 Non
3554 4878 3702 4935 enim

2109 4956 2483 5021 existimabat,
2519 4963 2580 5009 ut
2611 4955 2851 5020 videtur,
2894 4965 3099 5012 rectam
3135 4959 3308 5032 legem
3340 4977 3371 5018 a
3402 4962 3517 5022 Deo
3548 4968 3703 5040 posi-

2112 5056 2231 5105 tum
2272 5049 2365 5115 iri,
2411 5048 2459 5104 si
2508 5055 2778 5106 statueret
2831 5051 3162 5121 populorum
3212 5054 3407 5125 duces,
3444 5058 3704 5132 imposita

2114 5144 2197 5197 ori
2224 5156 2413 5209 manu,
2434 5142 2486 5211 2
2511 5149 2569 5196 ut
2595 5143 2864 5214 scriptum
2887 5151 2994 5206 est,
3018 5160 3131 5217 pra:
3164 5155 3315 5204 metu
3344 5152 3705 5224 aggrediendi

2120 5249 2207 5289 res
2250 5233 2611 5293 sublimiores
2649 5250 2819 5308 quam
2871 5252 3032 5294 mens
3078 5238 3325 5298 humana
3357 5246 3574 5317 capiat,
3608 5248 3707 5304 do-

2117 5322 2354 5378 ctrinam
2388 5330 2499 5379 tam
2527 5327 2901 5383 necessariam
2931 5327 3001 5384 iis
3014 5329 3106 5400 qui
3147 5330 3216 5387 ad
3243 5332 3503 5403 pietatem
3525 5343 3581 5391 et
3605 5337 3704 5393 Dei

2113 5416 2490 5485 cognitionem
2527 5415 2861 5475 erudiuntur
2906 5420 3147 5490 amoliri,
3181 5430 3237 5479 et
3276 5423 3557 5481 silentium
3587 5441 3706 5481 am-

2113 5508 2280 5577 plecti
2334 5508 2405 5565 ad
2457 5509 2816 5583 disciplinam
2863 5514 3212 5572 venientibus
3255 5515 3395 5572 adeo
3450 5516 3702 5574 noxium.

2113 5598 2329 5657 Turbat
2371 5615 2505 5656 vero
2541 5617 2646 5658 nos
2700 5618 2929 5659 rursum
2957 5603 3167 5659 Christi
3215 5602 3545 5674 discipulus,
3577 5620 3705 5662 cum

2115 5694 2213 5761 ait,
2242 5711 2261 5746 ι
2298 5692 2477 5752 Nolite
2502 5694 2691 5767 plures
2729 5695 2979 5761 magistri
3028 5694 3148 5752 ﬁeri
3184 5694 3225 5751 ‘.
3273 5714 3293 5748 ι
3324 5695 3472 5765 Quin
3517 5704 3572 5757 et
3608 5713 3703 5757 sa-

461 5886 484 5919 ¹
522 5884 689 5943 Psal.
719 5896 892 5948 um,
921 5882 1010 5937 i2.
1089 5884 1112 5916 ¹
1150 5880 1272 5939 Jac.
1319 5899 1362 5949 ι,
1419 5881 1511 5938 17.
1590 5882 1611 5915 ⁸
1640 5881 1761 5938 Act.
1801 5895 1975 5948 xvms
2009 5879 2036 5937 θ

2143 5879 2163 5914 ⁸
2197 5878 2315 5939 Jac.
2351 5895 2452 5950 ιιι,
2486 5880 2538 5935 1.
2640 5942 2657 5955 _

653 5982 931 6044 Ρηιιοι.
978 5981 1099 6043 Gn.
1149 5980 1423 6044 LXXIII.

3394 5976 3426 6043 ι
