4156 6494
469 432 581 489 με
660 432 662 436 ‘
1465 421 1524 477 S.
1563 419 1844 478 CYRHJJ
1898 417 2368 473 ALEXANDRlNI
2429 418 2747 476 ARCHIEP.
3677 425 3739 481 Η

467 550 626 624 piens
669 545 1030 603 Ecclesiastes
1064 544 1300 601 obscure
1329 544 1634 615 periculum
1665 543 1810 615 quod
1857 556 2047 598 earum

2154 559 2270 611 γον,
2318 543 2415 597 καὶ
2466 544 2676 614 σιωπὴν
2707 545 2819 608 τοῖς
2860 542 2938 607 είς
2969 542 3271 613 μαθητείαν
3321 544 3491 598 ἰοῦσιν
3524 546 3734 601 ἑλέσθαι

468 653 656 695 rerum
692 636 1011 694 doctoribus
1055 635 1351 699 incumbit,
1387 635 1710 705 significans
1757 653 1769 689 :
1823 651 1841 684 ι
1890 631 2050 688 Sciu—

469 728 610 785 dens
650 727 801 800 ligna
827 728 868 794 ',
903 746 922 779 ι
962 712 1223 798 ἱιιῳιίι,’‹
1263 727 1669 796 periclitabitur
1726 726 1781 779 in
1836 725 1939 781 eis.
1989 723 2047 778 Si

467 820 735 876 exciderit
761 818 986 882 ferrum,
1004 828 1060 873 et
1085 818 1204 889 ipse
1234 817 1427 873 faciem
1464 817 1730 881 turbavit,
1749 825 1803 871 et
1826 815 2049 871 fortitu-

469 913 627 967 dines
690 910 1050 966 confortabit.
1118 930 1136 964 ι
1198 908 1404 965 Ferreo
1469 912 1613 965 enim
1678 911 2050 966 instrumento

469 1013 749 1075 comparat
792 1004 993 1059 mentis
1020 1003 1192 1057 aciem
1225 1017 1346 1073 qua}
1386 1003 1593 1057 scilicet
1628 1011 1916 1073 penetrare
1951 1017 2048 1071 po-

470 1102 600 1156 test,
622 1103 678 1149 et
726 1094 779 1148 in
832 1094 1021 1148 intima
1074 1094 1287 1158 subire,
1328 1094 1580 1163 quarm-is
1630 1093 1884 1149 crassitie
1919 1108 2052 1164 quo-

469 1185 761 1241 dammodo
807 1195 856 1239 et
893 1185 1173 1241 soliditate
1219 1185 1460 1239 materia:
1495 1184 1844 1255 impediatur.
1880 1183 2049 1254 Ligna

467 1293 687 1342 rursus,
724 1277 951 1348 ﬁgurate
995 1285 1156 1333 vocat
1192 1278 1705 1347 contemplationes,
1742 1291 1863 1349 quae
1898 1273 2050 1331 Scri-

469 1381 633 1442 ptura
654 1370 923 1425 divinitus
947 1371 1216 1441 inspirata
1244 1370 1621 1433 continentur,
1646 1384 1772 1439 quae
1808 1367 2051 1423 efﬁciunt

469 1470 530 1515 ut
563 1461 687 1516 libri
721 1461 924 1531 quibus
960 1461 1284 1516 inseruntur
1330 1460 1441 1515 sint
1476 1460 1699 1530 quidam
1732 1459 1898 1514 Veluti
1937 1456 2050 1528 spi-

468 1555 650 1611 ritalis
692 1554 1008 1624 paradisus,
1045 1562 1101 1608 ct
1146 1560 1411 1623 praeterea
1442 1550 1659 1622 frugum
1707 1550 1884 1606 sancti
1926 1548 2050 1620 Spi-

467 1649 610 1704 ritus
640 1648 946 1703 ubertatem
988 1648 1233 1716 pariunt.
1258 1644 1361 1710 Qui
1393 1659 1525 1714 ergo
1573 1644 1721 1715 ligna
1758 1642 2047 1713 spiritalia,

468 1744 573 1797 hoc
606 1748 692 1796 est
737 1739 955 1795 divinas
986 1745 1039 1793 et
1067 1737 1328 1809 mysticus
1349 1736 1547 1792 divinae
1576 1734 1879 1805 Scriptura:
1918 1749 2046 1789 con-

466 1832 877 1903 templationes,
896 1837 1155 1885 accurata
1181 1829 1442 1900 indagine
1463 1836 1516 1884 et
1545 1836 1734 1885 exacta
1758 1830 1965 1901 ingenii
1995 1829 2045 1884 vi

2150 636 2248 706 τὴν
2284 636 2598 707 ἐπιζήμιον.
2624 635 2858 707 Θορυϐεῖ
2895 635 2954 689 δὲ
2990 634 3151 689 πάλιν
3185 637 3510 708 ήμᾶςξιΜὴ
3556 639 3738 695 πολλοὶ

2149 726 2457 782 διδάσκαλοι
2478 726 2711 797 γίνεσθε,
2728 747 2745 778 ι
2774 727 2945 795 λέγων
2966 729 2995 780 6
3015 727 3250 797 Χριστοῦ
3284 728 3555 800 μαθητής·
3576 730 3655 784 ἔτι
3677 749 3736 784 τε

2151 822 2288 892 πρὸς
2332 822 2543 893 τούτῳ,
2597 822 2690 874 καὶ
2723 822 2750 875 ὁ
2783 820 3093 889 σοφώτατος
3138 820 3608 893 Ἐκκλησιαστὴς,
3650 826 3737 876 αἰ-

2151 914 2506 985 νιγματωδῶς
2537 913 2636 984 τὴν
2684 913 2776 966 ἐπὶ
2804 912 2883 983 τῷ
2916 912 2984 967 τὰ
3017 912 3243 967 τοιαῦτα
3282 913 3552 967 διδάσκειν
3597 932 3735 983 σφα-

2150 1008 2418 1079 λερότητα
2462 1005 2674 1070 δεικνύς
2702 1023 2716 1036 ·
2753 1006 2990 1076 «Σχίζων
3015 1007 3125 1078 γὰρ
3165 1005 3316 1071 ξύλα,
3362 1006 3515 1077 φησὶ,
3559 1009 3739 1061 κινδυ-

2149 1099 2328 1153 νεύσει
2359 1101 2417 1152 ὲν
2448 1099 2654 1162 αὐτοῖς,
2690 1098 2784 1152 ἐὰν
2817 1098 3027 1170 ἐκπέσῃ
3052 1098 3114 1150 τὸ
3144 1098 3402 1170 σιδήριον,
3447 1099 3542 1153 καὶ
3574 1100 3737 1163 αὐτὸς

2152 1190 2418 1261 πρόσωπα
2441 1190 2690 1262 ἐτάραξε,
2712 1191 2805 1244 καὶ
2823 1189 3079 1258 δυνάμεις
3104 1189 3478 1260 δυναμεύσει·ι
3512 1192 3737 1262 σιδηρίῳ

2155 1283 2255 1354 μὲν
2292 1282 2399 1353 γάρ
2450 1281 2772 1352 παρεικάζει
2821 1281 2915 1334 τοῦ
2962 1279 3055 1334 νοῦ
3098 1279 3197 1352 τὴν
3236 1279 3491 1352 ὀξύτητα,
3532 1282 3627 1335 ἆτε
3671 1282 3735 1352 δὴ

2149 1374 2468 1429 διικνεῖσθαι
2498 1373 2826 1441 πεφυκότος,
2868 1373 3198 1437 εἰσδύνοντὸς
3229 1392 3287 1427 τε
3329 1374 3464 1444 πρὸς
3494 1374 3562 1427 τὰ
3598 1374 3735 1428 ἐσώ-

2148 1482 2308 1528 τατα,
2353 1463 2457 1517 κᾶν
2498 1462 2792 1532 πυκνότητί
2852 1480 2967 1527 πως
3021 1463 3114 1516 καὶ
3153 1462 3229 1533 τῷ
3283 1464 3598 1534 νενασμένῳ
3636 1465 3736 1535 τῆς

2151 1557 2283 1628 ὕλης
2346 1554 2735 1609 διακωλύοιτο·
2800 1553 2933 1619 ξύλα
2991 1553 3047 1608 δὲ
3107 1555 3270 1609 πάλιν
3329 1554 3735 1627 τροπικώτερον

2150 1650 2417 1704 ἀποκαλεῖ
2445 1650 2513 1703 τά
2559 1650 2617 1702 ἐν
2649 1650 2714 1719 τῇ
2758 1647 3098 1719 θεοπνεύστῳ
3145 1649 3332 1721 Γραφῇ
3379 1648 3729 1720 θεωρήματα,
3797 1657 3805 1664 ’

2150 1742 2478 1814 παράδεισόν
2509 1759 2628 1795 τινα
2665 1740 2852 1812 νοητὸν
2896 1742 2994 1804 τὰς
3028 1737 3116 1806 αἷς
3156 1742 3482 1795 ὲντέθεινται
3530 1742 3732 1812 βίϐλοις

2152 1825 2649 1897 κατασκευάζοντα,
2713 1830 2793 1884 ἔτι
2840 1848 2899 1883 τε
2950 1830 3084 1901 πρὸς
3138 1831 3313 1901 τούτῳ
3356 1831 3453 1884 καὶ
3495 1831 3596 1903 τὴν
3637 1831 3731 1884 τοῦ

465 1933 518 1980 et
538 1924 791 1980 acumine
812 1923 1088 1993 explicare
1107 1930 1359 1985 conatur,
1376 1928 1491 1974 tum
1519 1921 1758 1976 maxime
1777 1920 2048 1992 periclita-

2154 1926 2304 1995 ἁγίου
2341 1925 2658 1994 Πνεύματος
2706 1924 3085 1995 καρποφορίαν
3112 1924 3389 1979 ὠδίνοντα.
3435 1924 3516 1977 Τά
3553 1923 3731 1977 τοίνυν

466 2014 867 2086 bitur,inquit,
910 2028 1036 2069 cum
1076 2012 1281 2068 ferrum
1320 2012 1606 2076 ceciderit,
1643 2013 1747 2068 hoc
1785 2019 1890 2078 est,
1921 2026 2046 2067 cum

465 2122 653 2164 rerum
712 2105 1044 2176 scriptarum
1098 2118 1226 2159 vera
1290 2103 1655 2174 intelligentia
1713 2104 1876 2157 allata
1938 2118 2048 2157 non

466 2200 653 2267 fuerit,
679 2208 732 2254 et
761 2205 907 2253 recto
930 2197 1082 2252 velut
1117 2196 1319 2252 itinere
1350 2195 1546 2252 relicto
1576 2197 1630 2250 in
1661 2194 1823 2248 aliam
1858 2192 2050 2266 quam-

464 2291 593 2346 dam
617 2290 894 2360 obliquam
927 2295 981 2345 et
1009 2303 1039 2343 a
1064 2290 1297 2345 veritate
1321 2287 1591 2343 detortam
1619 2286 1886 2343 doctrinae
1904 2287 2047 2341 viam

465 2384 766 2441 deflexerit.
787 2381 945 2450 Quod
971 2389 1121 2438 certe
1146 2395 1272 2439 cum
1301 2380 1354 2437 ei
1382 2379 1669 2445 acciderit,
1700 2381 1755 2434 in
1793 2381 2048 2434 timorem

463 2475 719 2547 eonjiciet
761 2475 1003 2529 animam
1043 2487 1222 2537 suam,
1257 2472 1311 2527 id
1357 2478 1443 2528 est
1471 2487 1589 2538 eor,
1614 2479 1669 2527 et
1703 2470 1758 2525 in
1802 2470 2047 2541 seipsum

464 2568 708 2623 firmabit
773 2565 1053 2635 improbas
1115 2562 1543 2635 contrariasque
1599 2561 1872 2629 virtutes,
1928 2576 2052 2633 qua:

463 2660 692 2717 nefariis
732 2673 798 2713 ac
830 2655 1109 2728 perversis
1152 2654 1511 2711 sermonibus
1553 2653 1860 2709 errantium
1902 2668 2050 2708 men-

463 2766 571 2810 tem
599 2750 882 2821 decipiunt
915 2763 1017 2803 nec
1059 2747 1310 2804 veritatis
1342 2746 1809 2817 pulchritudinem
1847 2746 2050 2803 intueri

464 2845 673 2907 sinunt,
702 2839 797 2896 sed
833 2835 1193 2894 multifariam
1228 2844 1577 2907 pervertunt,
1600 2845 1655 2893 et
1692 2838 1748 2892 in
1779 2837 2050 2894 absurdas

464 2932 827 3005 cogitationes
872 2924 1197 2986 detrudunt.
1239 2946 1258 2980 ι
1299 2925 1472 2984 Nemo
1527 2927 1674 2984 enim
1735 2927 1870 2982 dicit
1913 2942 2050 2983 ana-

463 3024 649 3080 thema
676 3020 804 3078 Jesu
828 3019 935 3075 nisi
956 3020 1012 3075 in
1037 3018 1341 3075 Beelzebub
1357 3018 1400 3073 °.
1417 3038 1437 3072 ι
1461 3017 1569 3073 Nec
1597 3026 1751 3088 putet
1774 3018 2050 3089 quispiam

465 3132 552 3172 me
582 3115 699 3171 haec
746 3128 1033 3185 perperam
1074 3121 1167 3166 aut
1214 3110 1418 3182 alioqui
1454 3112 1703 3180 captiose
1750 3111 2045 3181 explicare.

2152 2017 2286 2082 ξύλα
2309 2017 2378 2070 τά
2402 2016 2591 2088 νοητὰ,
2624 2015 2767 2068 τοῦτ’
2810 2013 2947 2077 ἔστι,
2986 2014 3055 2068 τὰ
3083 2014 3201 2067 θεῖά
3246 2031 3305 2066 τε
3349 2016 3444 2069 καὶ
3494 2014 3733 2085 μυστικά

2150 2109 2480 2182 θεωρήματα
2502 2109 2600 2178 τῆς
2622 2107 2973 2161 θεοπνεύστου
2995 2108 3235 2178 Γῳφῆς,
3267 2106 3356 2161 διὰ
3382 2109 3481 2179 τῆς
3505 2107 3732 2179 ἐρεύνης

2149 2203 2244 2256 καὶ
2273 2200 2672 2273 ἀκριϐεστάτης
2699 2197 2795 2252 τοῦ
2828 2197 2919 2252 νοῦ
2952 2199 3253 2271 προσσολῆς
3292 2216 3351 2252 τε
3409 2200 3502 2252 καὶ
3541 2199 3731 2270 ὀξύτη-

2147 2311 2238 2359 τος
2293 2292 2648 2346 διαπτύσσειν
2704 2289 3064 2361 πειρώμενος,
3117 2290 3455 2343 κινδυνεύσει
3504 2290 3559 2344 δὲ
3609 2292 3728 2345 τότε

2154 2383 2409 2456 μάλιστα,
2460 2381 2645 2452 φησὶν,
2696 2382 2773 2434 ὅτ’
2812 2379 2877 2434 ἂν
2930 2379 3138 2452 ἐκπέσῃ
3182 2378 3241 2432 τὸ
3277 2379 3538 2450 σιδήριον,
3582 2377 3729 2431 τοῦτ’

2148 2478 2316 2540 ἔστιν,
2346 2477 2422 2528 ὅτ’
2448 2474 2514 2528 ἂν
2550 2473 2624 2545 μὴ
2650 2472 2789 2526 κατὰ
2821 2472 2922 2541 τῆς
2952 2471 3184 2543 ἀληθοῦς
3221 2471 3459 2536 διανοίας
3499 2472 3607 2525 τῶν
3636 2490 3730 2541 γε-

2149 2569 2483 2642 γραμμένων
2514 2569 2542 2619 6
2577 2565 2700 2629 νοῦς
2736 2562 2973 2633 ἐνεχθεὶς
3007 2563 3233 2632 γένηται
3271 2563 3375 2633 τῆς
3411 2561 3577 2632 ὀρθῆς
3615 2561 3730 2616 διαο

2148 2661 2383 2733 λήψεως,
2436 2660 2527 2713 καὶ
2572 2656 2670 2728 τὴν
2704 2655 2916 2709 εὐθεῖαν
2952 2654 3142 2725 ὥσπερ
3183 2654 3358 2722 ἀφεκς,
3404 2655 3489 2722 ἐφ’
3535 2653 3728 2725 ἑτέραν

2149 2753 2271 2806 τινὰ
2302 2752 2531 2824 φέρηται
2576 2747 2808 2819 θεωρίας
2836 2747 2954 2800 ὁδὸν
2998 2745 3445 2816 ἐκτετραμμένην
3474 2745 3565 2799 τοῦ
3597 2745 3730 2816 πρέο

2151 2863 2362 2908 ποντος.
2414 2845 2479 2897 Ὃ
2505 2841 2567 2913 δὴ
2598 2843 2693 2896 καὶ
2734 2840 2921 2893 παθὼν
2957 2841 3035 2894 ὲν.
3063 2880 3076 2892 .
3104 2878 3118 2892 .
3145 2875 3160 2892 .
3188 2875 3204 2895 .
3254 2838 3352 2908 μὲν
3397 2839 3730 2909 καταστήσει

2150 2937 2210 2991 τὸ
2241 2938 2434 2990 οἰκεῖον
2462 2935 2561 3003 τῆς
2588 2932 2788 3002 ψυχῆς,
2824 2930 2964 2984 τοῦτ’
2994 2930 3129 2989 ἔστι,
3159 2930 3258 3001 τὴν
3292 2930 3540 3002 καρδίαν,
3575 2930 3731 2983 δυνα-

2154 3026 2323 3098 μώσει
2371 3024 2429 3078 δὲ
2480 3023 2601 3076 καθ’
2650 3020 2864 3086 ἑαυτοῦ,
2919 3020 3014 3074 καὶ
3061 3019 3160 3083 τὰς
3213 3020 3454 3091 πονηράς
3525 3037 3584 3072 τε
3637 3020 3732 3072 καὶ

2150 3116 2532 3187 ἀντικειμένας
2572 3113 2849 3183 δυνάμεις.
2882 3153 2894 3167 .
2926 3151 2939 3165 .
2970 3153 2983 3166 .
3044 3114 3154 3183 ροῖς
3201 3128 3260 3164 τε
3301 3113 3394 3165 καὶ
3435 3112 3731 3183 διεστραμο

473 3209 628 3264 Solet
657 3206 843 3262 divina
877 3203 1187 3273 Scriptura,
1219 3208 1280 3254 ut
1328 3200 1442 3271 jam
1470 3200 1734 3265 diximus,
1764 3200 1913 3270 ligna
1953 3216 2048 3255 vo-

2154 3208 2334 3280 μένοις
2375 3200 2828 3271 κατασοφίζονται
2874 3200 3055 3268 λόγοις
3093 3200 3202 3254 τῶν
3241 3199 3613 3285 πλανωμένων
3643 3200 3732 3254 τὸν

466 3314 598 3355 care
621 3296 937 3353 divinarum
974 3293 1314 3366 Litterarum
1347 3292 1866 3363 contemplationes.
1893 3291 2051 3349 Unde

2154 3300 2295 3354 νοῦν.
2323 3337 2337 3351 .
2370 3338 2383 3352 .
2413 3338 2426 3352 .
2452 3338 2465 3351 .
2495 3334 2510 3350 .
2557 3294 2619 3347 τὸ
2649 3293 2748 3364 τῆς
2779 3290 3039 3363 ἀληθείας
3084 3289 3279 3353 κάλλος
3316 3290 3477 3344 αὐτὸν
3507 3291 3734 3345 ἀναϐλέο

471 3387 848 3446 universitatis
890 3384 1037 3441 Deus
1096 3384 1206 3440 tale
1261 3383 1528 3455 quiddam
1570 3399 1669 3455 per
1703 3385 2049 3455 sapientissi-

468 3497 615 3537 mum
675 3478 879 3534 Mosem
932 3476 1002 3532 ad
1055 3476 1205 3532 illius
1262 3475 1529 3546 temporis
1573 3465 1831 3533 homines
1867 3478 2045 3534 dicit:

473 3594 491 3627 ι
536 3572 596 3628 Si
634 3579 822 3627 autem
851 3568 1137 3625 obsederis
1167 3568 1316 3623 circa
1336 3568 1614 3624 civitatem
1650 3584 1816 3625 unam
1854 3569 2052 3627 diebus

468 3665 719 3737 pluribus
750 3659 1119 3735 oppugnando
1168 3674 1287 3715 eam
1321 3657 1372 3729 3
1424 3659 1493 3715 ad
1528 3660 1849 3732 capiendam
1899 3677 2050 3729 eam;

471 3773 581 3812 non
630 3753 1026 3812 exterminabis
1075 3752 1302 3809 arbores
1348 3752 1491 3825 ejus,
1541 3754 1811 3810 mittendo
1856 3755 1913 3809 in
1957 3770 2053 3811 cas

472 3851 679 3903 ferrum
710 3888 724 3912 ,
779 3843 873 3901 sed
912 3843 980 3899 de
1007 3857 1070 3898 ea
1116 3842 1317 3898 arbore
1346 3842 1624 3911 comedes,
1659 3844 1833 3914 ipsam
1866 3851 2051 3899 autem

472 3954 584 3995 non
615 3933 1153 4005 exeldes.Num’quid
1185 3934 1392 4006 lignum
1428 3934 1575 4005 quod
1612 3934 1668 3989 in
1702 3949 1855 4006 agro,
1887 3933 2054 3989 homo

469 4037 576 4095 est,
633 4035 696 4083 ut
756 4026 1098 4098 ingrediatur
1137 4040 1167 4079 a
1229 4024 1370 4080 facie
1421 4035 1514 4081 tua
1565 4026 1622 4081 in
1667 4024 1914 4080 vallum?
1957 4024 2051 4081 sed

471 4124 684 4197 lignum
733 4118 880 4193 quod
941 4118 1110 4185 nosti,
1141 4118 1272 4191 quia
1320 4133 1432 4174 non
1484 4117 1585 4174 fert
1639 4117 1883 4172 fructum
1934 4114 2053 4171 esui

473 4193 685 4288 aptum,
726 4214 834 4269 hoc
883 4211 1178 4284 disperdes
1215 4220 1270 4268 et
1315 4211 1535 4268 exeides
1562 4211 1608 4265 ".
1642 4229 1660 4263 ι
1698 4208 1826 4264 Haec
1873 4215 2052 4262 autem
2070 4193 2099 4282 '_

472 4305 634 4362 nobis
668 4301 1027 4374 praescribere
1075 4302 1316 4357 universi
1362 4302 1534 4358 Deum
1586 4298 1853 4362 noluisse,
1893 4296 1940 4350 si
1988 4294 2056 4349 de

473 4398 640 4470 lignis
695 4395 1059 4452 terrestribus
1140 4395 1551 4466 intelligantur,
1605 4391 1786 4447 cuivis
1853 4389 2054 4460 opinor

473 4503 603 4545 esse
662 4483 1038 4541 manifestum.
1092 4482 1488 4540 Verumtamen
1546 4497 1610 4537 ex
1673 4481 1783 4534 alio
1834 4494 2056 4550 quoque

2154 3407 2275 3445 πειν
2308 3390 2409 3443 οὐκ
2444 3384 2857 3457 ἐπιτρέπουσαι,
2905 3381 3325 3451 διαστρέφουσαι
3363 3381 3423 3435 δὲ
3452 3382 3729 3447 ποικίλως,

2153 3485 2245 3538 καὶ
2286 3483 2365 3546 εἰς
2398 3478 2661 3539 ὲκτόπους
2704 3474 2913 3537 ἐννοίας
2958 3474 3258 3545 ἁποφοιτᾷν
3303 3475 3732 3530 ἀναπείθουσαιο

2159 3597 2177 3628 ι
2201 3577 2363 3643 Λέγει
2395 3571 2503 3644 γὰρ
2532 3569 2702 3633 οὐδεὶς
2735 3567 2984 3638 ἀνάθεμα
3009 3566 3208 3636 Ἰησοῦ,
3239 3569 3289 3621 εἰ
3322 3568 3396 3639 μὴ
3427 3570 3483 3620 ἐν
3511 3568 3734 3634 Βεελζεο

2154 3667 2302 3721 δούλ.
2338 3684 2356 3718 ι
2413 3664 2523 3718 Καὶ
2547 3662 2629 3732 ,μή
2656 3677 2739 3723 τις
2785 3657 2981 3712 οἰέσθω
3010 3657 3451 3730 πεπλανημένην.
3481 3698 3495 3714 .
3529 3699 3542 3714 .
3568 3701 3582 3714 .
3637 3661 3734 3714 καὶ

2154 3759 2325 3821 ἄλλως
2374 3755 2439 3807 ὲκ
2483 3749 2894 3823 παραλογισμοῦ
2949 3749 3219 3804 ποιεῖσθαι
3268 3749 3368 3822 τὴν
3407 3752 3499 3804 ἐπὶ
3525 3751 3734 3814 τούτοις

2154 3850 2411 3920 ἐξήγησιν
2436 3861 2449 3876 ⁵
2487 3844 2617 3910 ξύλα
2642 3841 2927 3914 ὀνομάζειν
2949 3842 3068 3908 ἔθος
3093 3846 3157 3916 τῇ
3187 3843 3308 3915 θείᾳ
3326 3844 3538 3916 Γραφῇ,
3565 3843 3734 3898 καθά-

2156 3960 2262 4015 περ
2293 3940 2395 4012 ήδη
2438 3938 2794 4010 προείπομεν,
2836 3938 2905 3991 τά
2936 3936 2994 3990 ὲν
3021 3938 3137 4000 ταῖς
3182 3937 3558 4001 θεοπνεύστοις
3596 3938 3734 4008 Γρα-

2155 4037 2282 4104 φαῖς
2308 4032 2659 4103 θεωρήματα.
2686 4029 2796 4081 Καὶ
2815 4026 2944 4097 γοῦν
2962 4027 3050 4081 διὰ
3070 4027 3164 4082 τοῦ
3189 4030 3466 4099 πανσόφου
3493 4031 3733 4094 Μωσέως

2156 4123 2292 4196 πρὸς
2318 4125 2444 4188 τοὺς
2474 4125 2594 4178 κατ’
2622 4125 2799 4177 ἐκεῖνο
2823 4120 3014 4194 καιροῦ
3043 4119 3281 4174 τοιοῦτόν
3310 4120 3365 4173 τί
3396 4137 3559 4192 φησιν
3582 4109 3734 4175 δ’ὲπὶ

2156 4222 2374 4275 πάντων
2397 4218 2530 4282 Θεός
2547 4235 2562 4249 ο
2595 4238 2612 4270 ι
2635 4217 2759 4271 Ἐὰν
2778 4216 2835 4269 δὲ
2856 4212 3219 4285 περικαθίσῃς
3239 4212 3320 4275 είς
3346 4213 3500 4266 πόλιν
3520 4213 3737 4284 ἡμέρας

2156 4312 2377 4374 πλείους
2414 4306 2792 4378 ἐκπολεμῆσαι
2845 4301 3013 4372 αὐτὴν
3055 4302 3133 4363 εἰς
3178 4299 3479 4370 κατάληψιν
3524 4299 3732 4369 αὐτῆς,

2156 4405 2257 4457 οὐκ
2300 4396 2700 4471 ὲξολοθρεύσεις
2742 4394 2811 4448 τὰ
2862 4391 3055 4462 δένδρα
3101 4389 3270 4459 αὐτῆς
3315 4390 3593 4471 ὲπιᾷαλεῖν
3646 4391 3732 4443 ἐπ’

2158 4494 2297 4548 αὐτὰ
2349 4492 2588 4562 σίδηρον,
2641 4486 2756 4541 ἀλλ’
2788 4486 2881 4539 ἀπ’
2914 4481 3082 4538 αὐτοῦ
3133 4483 3302 4553 φάγῃ,
3353 4481 3484 4535 αὐτὸ
3531 4482 3588 4535 δὲ
3634 4482 3736 4535 οὐκ

472 4583 751 4649 praecepto
795 4572 1289 4630 demonstrandum
1336 4580 1469 4641 puto
1506 4570 1622 4625 haec
1656 4569 1708 4624 ei
1759 4583 1907 4624 curae
1942 4584 2052 4623 non

2159 4584 2441 4654 ἐκκόψεις.
2490 4582 2584 4653 Μὴ
2615 4580 2901 4651 ἄνθρωπος
2931 4575 2994 4630 τὸ
3024 4575 3179 4639 ξύλον
3204 4575 3265 4627 τὸ
3310 4578 3367 4629 ὲν
3400 4575 3478 4644 τῷ
3521 4573 3731 4645 δρυμῷ,

477 4667 773 4723 admodum
819 4664 1016 4722 fuisse.
1048 4662 1195 4732 Quid
1255 4664 1401 4720 enim
1463 4676 1663 4717 rursus
1714 4660 1871 4730 jubet
1923 4674 2055 4731 erga

479 4759 611 4816 falsi
662 4757 904 4813 nominis
956 4757 1088 4812 deos
1144 4754 1304 4810 fieri?
1335 4774 1354 4806 ι
1388 4754 1527 4809 Aras
1564 4767 1756 4808 eorum
1805 4752 2059 4809 destrue-

477 4853 570 4919 tis,
608 4869 628 4903 ι
663 4851 864 4922 inquit,
905 4867 924 4902 ι
966 4856 1020 4904 et
1071 4846 1361 4903 columnas
1409 4857 1602 4900 eorum
1649 4844 1975 4909 eonterelis,
2005 4849 2059 4898 et

476 4943 637 4999 lucos
688 4939 936 5009 ipsorum
976 4936 1246 4992 excidctis
1287 4934 1331 4988 ".
1380 4952 1399 4986 ι
1449 4930 1619 4986 Juxta
1668 4947 1828 4987 suum
1874 4940 2056 4987 autem

477 5032 649 5087 altare
674 5027 912 5102 plantari
943 5027 1152 5098 lignum
1172 5024 1397 5079 omnino
1424 5036 1534 5077 non
1565 5022 1852 5093 permittit.
1879 5041 1899 5075 ι
1936 5021 2056 5078 Non

473 5116 756 5197 ‘plantabis
823 5121 975 5176 enim
1037 5116 1133 5173 tibi
1209 5114 1583 5186 quodcunque
1641 5128 1837 5169 nemus
1900 5117 2058 5184 juxta

481 5217 657 5270 altare
701 5211 921 5268 Domini
969 5207 1068 5264 Dei
1118 5207 1198 5262 tui
1227 5208 1272 5274 ’,
1313 5225 1333 5259 ι
1368 5202 1517 5262 elare
1556 5206 1868 5260 denuntiat.
1901 5205 1969 5259 Et
2011 5207 2059 5261 si

480 5304 614 5377 quid
660 5304 749 5360 his
798 5302 922 5358 addi
957 5313 1187 5357 necesse
1234 5306 1342 5363 est,
1379 5297 1629 5369 exemplo
1663 5297 2059 5368 sapientissimi

480 5393 636 5450 Pauli
689 5394 869 5450 dicam
926 5409 940 5447 :
1003 5407 1023 5443 ι
1084 5387 1363 5459 Numquid
1422 5387 1490 5443 de
1550 5387 1718 5459 lignis
1783 5401 1917 5442 cura
1976 5393 2061 5443 est

488 5487 599 5543 Deo
636 5486 754 5540 “ii
795 5481 996 5553 Utique
1025 5488 1248 5553 propter
1273 5492 1376 5535 nos
1395 5480 1663 5551 exemplis
1697 5478 1872 5536 utitur
1904 5492 2060 5535 cras-

484 5576 750 5640 sioribus,
774 5573 978 5644 quibus
1009 5572 1075 5628 ad
1121 5585 1309 5626 rerum
1344 5572 1678 5643 spiritalium
1721 5571 2063 5641 contempla-

486 5670 697 5724 tionem
728 5680 830 5721 nos
878 5662 1137 5722 adducat.
1164 5663 1438 5731 Quocirca
1488 5662 1604 5736 jam
1647 5664 1921 5732 dicamus,
1959 5663 2061 5717 im-

2160 4668 2422 4733 εἰσελθεῖν
2454 4673 2561 4728 ἀπὸ
2598 4669 2893 4741 προσώπου
2925 4684 3020 4720 σου
3049 4668 3130 4730 είς
3163 4665 3252 4719 τὸν
3285 4666 3535 4737 χάρακα;
3579 4666 3737 4719 Ἀλλά

2160 4771 2221 4824 τὸ
2265 4768 2442 4836 ξύλον,
2490 4764 2519 4817 δ
2563 4762 2872 4824 ἐπίστασαι,
2921 4758 3004 4811 ὅτι
3050 4758 3111 4811 οὐ
3159 4757 3552 4828 καρπόϐρωτόν
3596 4758 3734 4820 ἐστι,

2159 4861 2318 4915 τοῦτο
2347 4853 2770 4926 ἐξολοθρεύσεις,
2805 4851 2899 4906 καὶ
2927 4849 3241 4921 ὲκκόψεις.ι
3275 4849 3399 4903 Ὅτι
3427 4848 3484 4901 δὲ
3507 4851 3642 4919 ἡμῖν
3670 4849 3738 4903 τὰ

2161 4950 2385 5007 τοιαῦτα
2407 4946 2738 5019 νομοθετεῖν,
2762 4945 2810 4997 εἰ
2835 4944 2961 5015 περὶ
2987 4939 3158 5007 ξύλων
3183 4940 3291 4994 τῶν
3316 4940 3423 4994 ἀπὸ
3442 4941 3546 5011 γῆς
3565 4942 3739 4995 νοοῖτο

2162 5044 2223 5096 τὸ
2251 5040 2558 5112 εἰρημένον,
2588 5038 2688 5091 οὐκ
2713 5034 2777 5090 ἂν
2804 5036 2832 5089 6
2865 5035 2973 5088 τῶν
3005 5033 3142 5088 ὅλων
3168 5032 3369 5103 ἠξίωσε
3397 5032 3548 5096 Θεὸς,
3578 5036 3739 5085 παντὶ

2167 5134 2266 5207 μέν
2294 5150 2396 5186 που
2428 5130 2586 5201 δῆλον
2610 5129 2876 5199 ὑπάρχειν
2904 5124 3270 5197 ὑπολαμϐάνω
3296 5141 3308 5153 ·
3345 5124 3544 5194 χρῆναι
3571 5124 3615 5176 δ’
3646 5121 3739 5178 οῦν

2163 5225 2312 5296 ὅμως
2338 5222 2499 5294 φημὶ,
2529 5220 2623 5275 καὶ
2652 5220 2710 5286 ἐξ
2735 5219 2926 5291 ἑτέρας
2953 5215 3310 5271 ἐπιδεικνύειν
3340 5215 3581 5285 ἐντολῆς,
3604 5217 3704 5269 πολ
3722 5242 3738 5267 )

2164 5314 2273 5368 τῶν
2297 5313 2552 5368 τοιούτων
2573 5312 2961 5382 ἀφειδήσαντα,
2991 5310 3085 5364 καὶ
3107 5308 3264 5377 λόγον
3289 5308 3477 5361 οὐδένα
3510 5325 3743 5379 πεποιηκ

2170 5406 2348 5477 μένον.
2382 5404 2447 5458 Τί
2479 5403 2587 5475 γὰρ
2612 5403 2684 5472 δὴ
2722 5402 2816 5454 κα)⁸
2858 5400 3139 5454 ἐπιτάττει
3172 5397 3333 5464 πάλιν
3367 5398 3458 5450 ἐπὶ
3480 5400 3591 5462 τοῖς
3613 5399 3745 5467 ψευ-

2163 5495 2433 5568 δωνύμοις
2470 5492 2724 5563 γενέσθαι
2748 5492 2920 5558 θεοῖς;
2949 5511 2967 5543 ι
2990 5492 3129 5555 Τοὺς
3156 5491 3373 5562 βωμοὺς
3404 5492 3581 5545 αὐτῶν
3612 5490 3746 5545 καθ-

2164 5588 2364 5651 ελεῖτε,
2426 5586 2583 5657 φησὶ,
2635 5584 2730 5639 καὶ
2788 5583 2887 5646 τὰς
2929 5582 3129 5654 στήλας
3186 5584 3366 5638 αὐτῶν
3402 5584 3742 5654 συντρίψετε,

2162 5680 2258 5735 καὶ
2289 5681 2357 5733 τὰ
2385 5679 2522 5750 ἄλση
2556 5678 2735 5732 αὐτῶν
2774 5675 3058 5746 ὲκκόψετε.
3092 5694 3110 5728 ι
3162 5677 3321 5748 Παρά
3358 5676 3414 5729 δέ
3454 5692 3519 5745 γε
3558 5675 3621 5729 τὸ
3667 5676 3747 5729 οξ.

556 5865 777 5949 'Eccle.
809 5880 865 5926 x.
895 5865 948 5924 9.
1026 5863 1048 5897 ⁸
1076 5867 1097 5923 ι
1123 5865 1253 5923 Cor.
1286 5879 1384 5935 xu,
1416 5866 1470 5922 5.
1512 5866 1532 5899 ’¹
1566 5864 1728 5924 Deut.
1770 5882 1861 5931 xx,
1888 5866 1976 5931 19,
2002 5865 2052 5919 2(

2169 5824 2388 5921 ⁸’1)εξιιῐ.
2423 5876 2520 5930 vn,
2548 5860 2583 5916 5
2666 5861 2699 5931 3
2734 5860 2892 5919 Deut.
2934 5876 3045 5929 va,
3080 5860 3175 5925 2|.
3245 5857 3288 5891 ιο
3354 5855 3527 5915 lCor.
3555 5859 3656 5927 ‘tx,
3685 5856 3740 5911 9.
