4156 6504
510 401 584 454 15
1234 410 1238 413 ’
1417 407 1487 464 IN
1516 406 1808 463 JOANNIS
1835 405 2317 465 EVANGELIUM.
2354 437 2424 448 —
2460 402 2888 463 PROOEMIUM.
3737 403 3810 460 ﬂ

511 520 663 576 κεῖοθ
713 519 1103 596 θυσιαστήριον
1148 526 1515 598 γεωργεῖσθαι
1564 527 1723 596 ξύλον
1769 528 1872 582 οὐκ
1922 526 2104 599 ἐφίησι

2220 526 2437 597 piorum
2492 525 2890 585 bareticorum
2938 524 3149 595 scripta
3197 535 3295 593 per
3344 519 3514 578 urbes
3551 520 3806 592 intelligi,

511 614 820 680 παντελῶς.
846 635 867 669 ι
897 617 975 671 Oti
998 618 1286 688 φυτεύσεις
1300 619 1410 693 γὰρ
1424 620 1637 691 σεαυτῷ
1656 622 1765 676 πᾶν
1780 621 1941 684 ἄλσος
1965 620 2115 691 παρὰ

512 706 575 761 τὸ
607 706 995 782 θυσιαστήριον
1032 711 1238 785 Κυρίου
1277 712 1374 768 τοῦ
1407 714 1546 768 Θεοῦ
1594 731 1752 773 σου.»
1809 713 2115 784 διαγγέλλει

513 799 728 869 σαφῶς.
767 802 882 857 Καὶ
910 804 959 856 εί
993 804 1097 876 χρή
1131 822 1184 858 τι
1224 804 1364 877 πρὸς
1387 805 1601 870 τούτοις
1632 809 1828 872 εἰπεῖν,
1859 806 2004 861 κατὰ
2022 805 2114 860 τὸν

508 893 730 948 Παῦλον
763 892 881 965 ἐρῶ
915 894 1009 948 τδν
1053 894 1368 966 σοφώτατον
1390 914 1405 928 ’
1456 915 1476 950 ι
1506 897 1600 969 Μὴ
1634 897 1761 969 περὶ
1799 896 1910 951 τῶν
1943 895 2114 962 ξύλων

514 985 675 1056 μέλει
713 986 793 1057 τῷ
822 986 972 1059 Θεῷς
1001 1006 1020 1039 ι
1068 989 1148 1041 Δι’
1186 989 1337 1060 ἡμᾶς
1372 988 1591 1053 πάντως
1618 988 1789 1059 λέγει,
1823 987 1913 1042 διὰ
1937 1005 2114 1060 παχυ-

510 1080 694 1153 τέρων
748 1081 1220 1154 παραδειγμάτων
1280 1082 1374 1139 ἐπὶ
1423 1083 1526 1147 τὰς
1567 1083 1677 1138 τῶν
1724 1082 2115 1155 πνευματικῶν

509 1170 755 1243 θεωρίας
786 1174 1171 1244 χειραγωγῶν.
1211 1174 1426 1229 Οὐκοῦν
1465 1174 1565 1248 ἠδη
1607 1174 1879 1247 λέγωμεν,
1918 1175 2001 1229 ὅτι
2046 1175 2116 1229 τὰ

506 1264 619 1335 μὲν
649 1265 761 1318 τῶν
795 1266 1031 1320 ἀνοσίων
1079 1265 1377 1337 αἱρετικῶν
1425 1268 1875 1340 συγγράμματα,
1929 1267 2115 1333 πόλεις

506 1355 584 1410 ἂν
619 1358 847 1421 νοοῖντο,
890 1357 985 1411 καὶ
1012 1358 1114 1412 οὐκ
1146 1358 1414 1430 ἀκόμψως
1450 1359 1590 1430 τάχα
1634 1361 1700 1430 τῇ
1754 1359 1850 1412 τοῦ
1905 1359 2113 1431 κόσμου

514 1447 688 1518 σοφία
729 1448 825 1504 καὶ
857 1448 1222 1514 πολυπλόκοις
1248 1449 1541 1522 νοημάτων
1565 1450 1804 1515 ἀπάταις
1826 1460 2116 1522 πεπυργω-

514 1538 680 1611 μένα.
731 1540 1071 1610 ’Δφικνεῖταί
1101 1559 1167 1612 γε
1197 1543 1305 1614 μὴν
1335 1542 1780 1616 ἐκπολιορκήσων
1806 1542 1999 1609 αὑτὰς,
2020 1542 2115 1597 καὶ

513 1634 720 1705 τρόπον
775 1634 903 1689 τινὰ
949 1634 1137 1707 κύκλῳ
1168 1636 1529 1708 περιιζόωειν,
1576 1637 1668 1691 τὸν
1718 1636 1820 1707 τῆς
1876 1638 2117 1702 πίστεως

513 1727 712 1798 θυρεὸν
739 1727 1051 1795 ἀναλαϐὼν,
1086 1728 1184 1784 καὶ
1210 1728 1310 1800 τὴν
1338 1730 1434 1784 τοῦ
1466 1730 1777 1801 πνεύματος
1812 1731 2112 1803 μάχαιραν,

511 1823 542 1875 ὅ
570 1822 690 1874 ἐστι
723 1820 879 1892 ῥῆμα
911 1820 1071 1886 Θεοῦ,
1112 1824 1221 1886 πᾶς
1253 1823 1284 1876 6
1306 1824 1420 1887 τοῖς
1456 1823 1624 1894 ἱεροῖς
1651 1823 1749 1893 τῆς
1784 1823 2116 1895 Ἐκκλησίας

511 1914 562 1965 ἐ.
593 1950 608 1966 .
633 1950 648 1966 .
677 1951 692 1965 .
719 1949 734 1965 .
762 1950 778 1965 .
834 1910 1064 1983 ξάμενος
1107 1913 1380 1985 δόγμασι,
1419 1915 1515 1969 καὶ
1562 1913 1740 1968 σθένει
1788 1914 1956 1967 παντὶ
1994 1917 2114 1978 ταῖς

508 2005 743 2060 ἐκείνων
763 2006 1158 2078 ψευδομυθίαις
1184 2008 1657 2079 ἀντιταττόμενος
1686 2007 2030 2079 (Λογισμούς
2053 2026 2113 2062 τε

511 2100 805 2174 καθαιρεῖν
837 2100 1164 2173 μελετήσας,
1188 2120 1206 2155 ι
1240 2100 1322 2165 ὡς
1349 2104 1378 2155 6
1406 2102 1621 2185 Παῦλός
1641 2119 1798 2173 φησι,
1839 2121 1861 2154 ι
1890 2104 1983 2156 καὶ
2006 2103 2114 2157 πᾶν

504 2191 720 2263 ὕψωμα
744 2192 1110 2263 ἐπαιρόμενον
1140 2191 1281 2246 κατὰ
1312 2192 1414 2265 τῆς
1433 2189 1690 2262 γνώσεως
1716 2191 1811 2245 τοῦ
1835 2192 1994 2259 Θεοῦ,
2018 2192 2114 2248 καὶ

500 2283 1016 2356 αἰχμαλωτίζοντες
1061 2285 1171 2338 πᾶν
1227 2283 1409 2356 νόημα
1454 2286 1535 2349 είς
1582 2283 1681 2355 τὴν
1720 2284 1969 2355 ὑπακοὴν
2016 2283 2112 2340 τοῦ

509 2376 777 2450 Χριστοῦ.
803 2397 823 2430 ι
861 2377 1030 2431 Ὅταν
1058 2371 1154 2430 οὖν
1182 2377 1211 2429 6
1247 2376 1509 2441 τοιοῦτος,
1564 2376 1721 2449 φησὶ,
1774 2377 2113 2449 στρατιώτης

509 2468 778 2542 Χριστοῦ,
822 2468 1081 2541 καθάπερ
1107 2486 1179 2523 τι.
1212 2506 1227 2522 .
1256 2507 1272 2522 .
1322 2467 1641 2539 ἀλλοφύλων
1686 2468 1755 2523 τὰ
1801 2469 1974 2542 πικρὰ
2003 2470 2112 2524 τῶν

508 2562 783 2634 αἱρέσεων
807 2562 1108 2633 περινοήσῃ
1141 2560 1572 2633 συγγράμματα,
1599 2560 1840 2633 δένδροις
1865 2579 1926 2616 τε
1955 2578 2112 2634 περι·

507 2656 773 2727 τυγχάνει
823 2658 957 2720 τοῖς.
989 2696 1042 2710 ..
1107 2654 1317 2718 τόποις,
1365 2653 1510 2709 τοῦτ’
1563 2654 1745 2720 ἔστιν,
1797 2653 1865 2710 ἂν
1917 2654 2113 2724 λόγους

507 2750 746 2824 εὑρίσκῃ
776 2750 905 2812 τοὺς
941 2748 1052 2802 ἀπὸ
1075 2750 1176 2819 τῆς
1211 2746 1577 2802 θεοπνεύστου
1611 2747 1861 2819 Γραφῆς,
1906 2748 1940 2820 ἢ
1976 2765 2112 2819 προ-

508 2844 702 2923 φητῶν
746 2842 993 2914 δηλονότι
1039 2843 1264 2915 ῥήματα
1315 2842 1781 2916 περιειλκυσμένα
1825 2842 1963 2914 πρὸς
2017 2842 2111 2897 τὸν

500 2937 741 2997 ἐκείνων
774 2936 996 3003 σκοπὸν,
1034 2936 1129 2993 καὶ
1152 2935 1463 3009 μαρτυρίας
1500 2933 1599 2999 τὰς
1620 2935 1687 2988 ἐκ
1712 2934 1988 3005 Διαθήκης
2010 2933 2109 3005 τῆς

506 3032 746 3102 Καινῆς,
798 3029 881 3099 μὴ
915 3028 1172 3098 ἐπαγέτω
1227 3027 1325 3083 τοῦ
1375 3026 1467 3082 νοῦ
1520 3028 1620 3099 τὴν
1661 3026 1896 3098 ὀξύτητα
1965 3028 2109 3083 κατά

505 3120 636 3194 [γρ.
668 3116 854 3195 καθά]
904 3135 1027 3173 τινα
1062 3118 1283 3191 σίδηρον
1312 3117 1498 3181 αὐτοῖς
1531 3119 1610 3181 εἰς
1656 3117 1938 3190 ἀναίρεσιν
2012 3117 2107 3172 καὶ

2218 622 2558 693 nec-inepte
2600 620 2813 688 forsan,
2855 626 3048 691 utpote
3077 629 3201 687 qua:
3249 614 3507 672 saeculari
3539 613 3810 685 sapientia

2215 720 2272 767 et
2337 710 2583 767 versutis
2644 716 3102 781 argumentorum
3165 704 3322 761 tricis
3382 710 3518 777 sunt
3572 704 3807 760 munita.

2218 803 2382 861 Venit
2414 813 2599 862 autem
2652 819 2748 861 eas
2787 818 3091 861 eversurus
3135 810 3191 859 et
3244 800 3660 873 quodammodo
3709 800 3811 857 ob-

2217 912 2483 953 sessurus
2525 902 2816 967 assumpto
2847 895 2971 952 ﬁdei
3003 900 3190 959 scuto,
3218 893 3517 965 gladioque
3548 891 3806 963 spiritus,

2215 989 2369 1061 quod
2416 996 2502 1047 est
2549 990 2784 1046 verbum
2832 986 2954 1055 Dei,
2988 986 3307 1059 quicunque
3339 985 3516 1041 sacris
3544 982 3808 1040 Ecclesia

2215 1081 2493 1154 dogmatis
2550 1082 2814 1150 innixus,
2854 1080 3006 1136 omni
3066 1093 3173 1150 ope
3224 1076 3532 1134 mendaciis
3584 1077 3805 1132 illorum

2216 1176 2451 1242 resistit,
2532 1194 2551 1227 ι
2589 1174 2655 1231 Et
2685 1174 2927 1232 consilia
2955 1172 3246 1229 destruere
3271 1171 3493 1241 satagit,
3515 1189 3535 1223 ι
3570 1176 3631 1224 ut
3660 1167 3807 1224 Pau-

2217 1268 2306 1325 lus
2369 1268 2635 1340 loquitur,
2699 1287 2717 1322 ι
2757 1276 2812 1325 et
2864 1281 3088 1324 omnem
3147 1263 3500 1321 altitudinem
3539 1261 3807 1319 extollen-

2217 1368 2328 1417 tem
2369 1377 2430 1419 se
2479 1362 2749 1418 adversus
2808 1359 3095 1418 scientiam
3140 1357 3261 1423 Dei,
3328 1363 3383 1414 et
3440 1356 3499 1411 in
3577 1353 3808 1426 captivi-

2216 1462 2388 1511 tatem
2442 1455 2645 1527 redigit
2696 1469 2918 1512 omuem
2960 1452 3308 1509 intellectum
3365 1450 3424 1505 in
3475 1447 3807 1519 obsequium

2216 1546 2425 1602 Christi
2453 1548 2520 1603 “.
2558 1565 2578 1600 ι
2611 1545 2751 1602 Cum
2804 1546 2975 1618 igitur
3018 1542 3339 1601 istiusmodi
3369 1541 3575 1599 Christi
3624 1540 3807 1603 miles,

2218 1640 2419 1712 inquit,
2450 1656 2551 1698 ceu
2581 1643 2856 1712 quasdam
2903 1630 3354 1710 alienigenarum
3397 1636 3569 1693 urbes
3607 1633 3808 1690 acerba

2217 1732 2605 1788 haereticorum
2643 1732 2853 1803 scripta
2879 1738 3065 1788 mente
3086 1730 3411 1801 complexus
3441 1728 3636 1792 fuerit,
3664 1733 3720 1782 et
3750 1725 3807 1779 in

2218 1826 2448 1883 arbores
2492 1824 2794 1890 inciderit,
2832 1824 2938 1879 hoc
2993 1829 3103 1885 est,
3140 1822 3188 1879 si
3240 1820 3446 1876 divina
3505 1818 3809 1888 Scriptura:

2146 1892 2189 1950 Β
2218 1933 2509 1975 sermones
2551 1924 2648 1972 aut
2696 1915 3099 1987 prophetarum
3127 1913 3300 1969 verba
3337 1911 3603 1967 nimirum
3640 1919 3698 1965 et
3741 1923 3808 1965 ex

2214 2010 2369 2066 Novo
2412 2008 2773 2066 Testamento
2821 2008 2945 2063 ioca
2970 2005 3041 2062 ad
3067 2019 3265 2062 eorum
3314 2018 3546 2076 scopum
3593 2003 3807 2059 detorta

2212 2102 2545 2174 comperiat,
2592 2117 2662 2158 ne
2702 2099 2907 2157 mentis
2936 2098 3117 2156 aciem
3146 2098 3417 2155 continuo
3458 2111 3559 2153 ceu
3596 2095 3807 2152 ferrum

2207 2196 2414 2252 educat
2438 2195 2504 2250 ad
2541 2208 2606 2251 ea
2642 2192 2971 2250 excidenda.
2998 2188 3122 2247 Non
3157 2190 3311 2248 enim
3360 2205 3429 2247 ex
3467 2204 3534 2246 eo
3560 2187 3712 2261 quod
3740 2188 3810 2244 ab

2215 2288 2428 2361 ignaris
2455 2289 2568 2344 illis
2591 2287 2995 2358 interpretibus
3011 2286 3177 2340 allata
3195 2284 3333 2349 sint,
3354 2282 3571 2338 idcirco
3591 2280 3809 2351 rejicie-

2215 2388 2306 2435 tur
2332 2379 2386 2435 id
2411 2379 2716 2452 quodﬁab
2735 2394 2832 2434 ore
2855 2377 2950 2434 Dei
2976 2394 2991 2431 :
3016 2376 3113 2433 sed
3141 2390 3269 2432 cum
3321 2374 3394 2430 sit
3432 2370 3807 2439 fructiferum,

2213 2472 2319 2529 erit
2351 2472 2453 2530 tibi
2477 2473 2662 2543 potius
2708 2472 2766 2527 in
2798 2470 3077 2527 auxilium
3122 2475 3180 2525 et
3217 2466 3434 2522 cibum.
3460 2464 3624 2532 Quod
3657 2465 3806 2520 enim

2213 2566 2285 2622 ab
2337 2565 2449 2622 illis
2498 2564 2778 2621 interdum
2831 2564 3018 2634 inepte
3071 2567 3425 2633 assumptum
3472 2566 3586 2625 est,
3628 2555 3676 2613 si
3738 2556 3805 2612 ad

2212 2668 2423 2717 rectam
2472 2659 2600 2716 ﬁdei
2653 2658 2929 2714 rationem
2979 2662 3407 2720 convert-amns,
3465 2666 3579 2707 non
3626 2648 3805 2706 solum

2211 2771 2322 2812 non
2360 2754 2569 2810 inﬁrmi
2606 2750 3112 2824 deprchendemur,
3152 2748 3255 2806 sed
3302 2748 3361 2803 in
3405 2740 3806 2801 convincendis

2212 2847 2492 2903 haereticis
2535 2847 2723 2917 potius
2765 2841 3283 2900 corroborabimur.
3331 2837 3571 2909 Subjieit
3621 2841 3805 2893 autem

2210 2940 2485 2995 rationem
2529 2952 2654 3009 qua
2701 2935 3058 2993 auditoribus
3090 2932 3507 3005 quodammodo
3552 2929 3802 2991 suadeat,

2209 3031 2556 3089 defensionis
2578 3032 2689 3086 vim
2735 3044 2848 3085 non
2884 3027 2952 3083 ad
2983 3024 3329 3083 destruenda
3351 3024 3581 3080 oracula
3618 3022 3803 3080 divina

2208 3121 2582 3179 adhibendam
2641 3135 2791 3184 esse,
2833 3118 2930 3176 sed
2995 3118 3065 3173 ad
3124 3130 3191 3172 ea
3249 3129 3373 3187 qua:
3423 3113 3610 3170 minus
3654 3118 3804 3168 recte

504 3215 821 3286 ἀποκοπὴν.
853 3213 931 3268 Οὐ
980 3212 1113 3284 γὰρ,
1155 3212 1386 3285 ἐπείπερ
1430 3209 1639 3284 ἐλήφθη
1678 3209 1830 3283 παρὰ
1858 3210 1965 3266 τῶν
2004 3210 2104 3264 οὐκ

2207 3216 2358 3273 dicta
2391 3224 2524 3272 sunt
2565 3214 2635 3269 ab
2666 3211 3026 3278 adversariis,
3050 3207 3392 3265 confutanda
3427 3223 3442 3262 :
3475 3224 3496 3258 ε
3519 3204 3802 3276 Numquid

501 3307 730 3373 εἰδότων
762 3304 1090 3378 ἑρμηνεύειν
1120 3304 1319 3377 ὀρθῶς,
1345 3303 1435 3358 διὰ
1466 3302 1626 3357 τοῦτο
1659 3302 1724 3375 δὴ
1760 3304 1977 3367 πάντως
2010 3304 2105 3359 καὶ

503 3399 822 3471 ἁπόόλητον
849 3398 1001 3452 ἐσται
1024 3397 1086 3452 ab
1112 3397 1203 3451 διὰ
1232 3397 1499 3467 στόματος
1528 3395 1664 3450 Θεοῦ
1687 3412 1700 3426 ⁸
1738 3395 1853 3450 ἀλλ’
1872 3395 2104 3468 ἐπείπερ

499 3492 626 3547 ἐστὶ
661 3490 1038 3562 καρποφόρον,
1070 3488 1226 3542 ἔσται
1260 3505 1343 3542 σοι
1369 3487 1570 3558 μᾶλλον
1596 3488 1676 3550 είς
1715 3486 1972 3559 βοήθημα
2011 3487 2104 3541 καὶ

468 3585 737 3657 κτροφήν,
763 3584 838 3636 Τὸ
873 3583 983 3653 γὰρ
1016 3583 1148 3653 παρ’
1190 3581 1419 3635 ἐκείνων
1463 3581 1712 3653 ἀνοήτως
1742 3580 1854 3634 ἔσθ’
1885 3582 1974 3636 ὅτε
2005 3580 2104 3652 λη-

494 3678 663 3749 φθὲν,
695 3679 777 3739 εὶς
806 3674 901 3729 τὸν
941 3674 1101 3745 ὀρθὸν
1130 3673 1229 3746 τῆς
1267 3672 1503 3738 πίστεως
1548 3673 1972 3746 περιτρέποντες
2009 3672 2099 3727 λο-

497 3768 728 3840 γισμὸν,
761 3768 861 3840 οὐχ
892 3768 1041 3831 ὅπως
1083 3765 1405 3831 ἀτονοῦντες
1448 3768 1549 3837 οὐχ
1592 3766 1935 3839 ἁλωσόμεθα,
1976 3784 2100 3821 νευ-

498 3861 754 3945 ρούμεθα
769 3862 828 3918 δέ
848 3860 1049 3932 μᾶλλον
1069 3861 1150 3925 εἰς
1170 3861 1298 3924 τοὺς
1314 3859 1457 3915 κατὰ
1474 3861 1574 3930 τῆς
1594 3860 1865 3931 αἱρέσεως
1885 3860 2098 3929 λόγους.

512 3954 804 4026 Ἐπιφέρει
840 3953 899 4007 δέ
948 3953 1047 4007 καὶ
1094 3951 1355 4023 λογισμὸν
1400 3952 1766 4008 άναπείθοντά
1806 3970 1925 4018 πως
1972 3955 2103 4019 τοὺς

494 4046 913 4118 ἀκροωμένους,
944 4046 1027 4099 ὅτι
1048 4045 1315 4117 προσήκει
1346 4043 1444 4109 τὰς
1476 4043 1570 4099 τοῦ
1610 4045 1992 4116 συναγορεύειν
2008 4046 2102 4118 6p-

497 4138 616 4217 μὰς
630 4139 732 4201 οὐκ
752 4140 1110 4212 ἐπανατροπῇ
1133 4137 1247 4210 [γρ.
1267 4138 1353 4192 ἐπ’
1372 4136 1681 4211 ἀνατροπῇ]
1703 4138 1902 4210 μᾶλλον
1933 4142 2102 4195 ποιεῖ-

497 4231 629 4286 σθαι
659 4231 768 4286 τῶν
795 4230 958 4287 θείων
998 4231 1214 4300 λογίων.
1249 4229 1366 4286 ἀλλ’
1401 4231 1482 4295 εἰς
1519 4230 1805 4303 ἀναίρεσιν
1840 4231 1950 4285 τῶν
1996 4232 2098 4289 οὐκ

494 4324 682 4398 ὀρθῶς
721 4325 1036 4396 λεγομένων
1069 4324 1227 4395 παρὰ
1266 4323 1377 4380 τῶν
1407 4324 1477 4378 δι’
1497 4325 1765 4389 ἐναντίας·
1795 4342 1813 4377 ι
1836 4326 1928 4396 Μὴ
1965 4324 2095 4397 γὰρ,

497 4418 699 4490 φησὶν,
744 4416 1034 4489 ἄνθρωπος
1076 4415 1138 4473 τὸ
1175 4416 1331 4482 ξύλον
1364 4416 1425 4472 τὸ
1460 4417 1522 4472 ἐν
1558 4415 1636 4487 τῷ
1677 4416 1889 4490 δρυμῷ,
1924 4417 2099 4471 εἰσελρ

494 4512 613 4565 θεῖν
641 4509 753 4563 ἀπὸ
787 4508 1082 4581 προσώπου
1109 4526 1204 4563 σου
1230 4511 1311 4574 εἰς
1342 4508 1435 4563 τὸν
1462 4510 1679 4580 χάρακα
1702 4525 1717 4574 ;
1750 4528 1768 4561 ι
1794 4505 1942 4580 τΑρα
1988 4510 2097 4581 γὰρ

2204 3310 2379 3376 enim,
2414 3328 2437 3362 ι
2472 3308 2677 3380 inquit,
2714 3325 2733 3359 ι
2774 3306 2990 3378 lignum
3027 3303 3182 3375 quod
3213 3302 3272 3358 in
3308 3316 3466 3373 agro,
3495 3300 3664 3356 homo
3694 3307 3804 3361 est,

2205 3413 2272 3460 ut
2304 3402 2648 3476 ingrediatur
2683 3416 2715 3457 a
2761 3399 2905 3456 facie
2938 3406 3034 3454 tua
3070 3397 3126 3453 in
3165 3394 3421 3451 vallum?
3459 3413 3479 3446 ι
3514 3393 3599 3447 An
3629 3390 3801 3453 enim,

2206 3497 2408 3568 inquit,
2441 3495 2666 3567 putabis
2698 3507 2945 3565 unquam
2975 3494 3155 3546 instar
3182 3486 3479 3559 cujusdam
3509 3483 3803 3540 haeresiar-

2202 3592 2327 3647 cbaa
2361 3603 2427 3645 ac
2454 3586 2763 3645 desertoris
2803 3585 2873 3641 ad
2913 3598 3157 3668 pug_nam
3204 3581 3357 3638 ultro
3387 3579 3691 3636 excitatum
3730 3576 3801 3631 iri

2202 3684 2436 3740 verbum
2477 3698 2545 3738 ex
2571 3680 2780 3737 divinis
2804 3678 3029 3735 Litteris
3061 3679 3439 3746 desumptum,
3460 3688 3527 3729 ac
3550 3687 3666 3729 non
3700 3686 3803 3743 po-

2204 3775 2319 3833 tius
2374 3775 2602 3830 illorum
2659 3772 2881 3830 insania
2931 3771 3209 3828 violenter
3262 3767 3588 3826 detortum?
3644 3784 3664 3819 ι
3722 3760 3801 3822 Ne

2201 3883 2337 3941 ergo
2366 3866 2651 3934 succidas,
2695 3884 2716 3918 ι
2761 3863 2966 3935 inquit,
3007 3881 3027 3915 ι
3077 3860 3178 3918 sed
3221 3860 3321 3916 tibi
3371 3858 3446 3915 sit
3482 3859 3538 3913 in
3588 3856 3797 3914 cibum.

2202 3960 2438 4032 Lignum
2469 3974 2602 4017 vero
2631 3956 2782 4030 quod
2825 3955 2977 4013 nosti
3019 3952 3237 4012 edendo
3266 3968 3394 4010 esse
3436 3950 3655 4018 inutile,
3683 3949 3800 4007 dis-

2202 4053 2402 4125 perdes
2453 4058 2509 4108 et
2567 4049 2812 4108 exeidcs.
2847 4067 2867 4101 ι
2929 4047 3065 4103 Esui
3131 4046 3281 4103 enim
3344 4058 3457 4099 non
3514 4050 3603 4099 est
3649 4042 3798 4113 apud

2200 4152 2356 4205 recte
2387 4142 2694 4201 sentientes
2718 4141 2942 4196 illorum
2975 4138 3315 4209 scriptorum
3344 4135 3582 4192 fructus.
3642 4135 3702 4191 in
3730 4151 3796 4192 ea

2200 4252 2400 4295 rursus
2429 4235 2638 4291 ferrum
2685 4232 2995 4302 stringatur
3052 4248 3066 4285 :
3112 4228 3188 4285 ibi
3234 4226 3567 4299 spiritalium
3608 4226 3798 4285 fabro-

2200 4344 2324 4386 rum
2378 4342 2504 4385 sese
2533 4324 2621 4381 vis
2672 4327 2937 4380 cxserat:
2967 4320 3024 4375 in
3066 4318 3181 4375 illis
3216 4317 3419 4374 emicet
3450 4316 3795 4375 defensionis

2202 4422 2358 4478 ﬁrma
2390 4418 2628 4478 securis.
2673 4410 3196 4472 Inanitatem-enim
3242 4409 3521 4467 haeretica:
3558 4410 3792 4481 nugaci-
3846 4456 3847 4459 η

2199 4516 2332 4573 tatis
2399 4511 2669 4585 Drapheta
2733 4522 2960 4578 quoque
3026 4504 3191 4561 nobis
3260 4500 3402 4559 Osee
3475 4501 3794 4560 rectissime

494 4603 687 4675 φησὶν,
717 4602 880 4675 οἰήσῃ
912 4602 1063 4665 ποτὲ,
1094 4600 1345 4673 καθάπερ
1390 4600 1517 4657 τινὰ
1560 4600 1670 4655 τῶν
1702 4601 2092 4674 αἱρεσιαρχῶν,

2204 4605 2457 4678 exposuit
2501 4603 2695 4660 dicens
2735 4618 2749 4655 :
2802 4616 2821 4651 ι
2857 4596 3180 4667 Manipulus
3215 4609 3327 4651 non
3375 4592 3590 4650 habens
3615 4594 3788 4657 vires,

492 4694 796 4766 αὑτόμολόν
819 4711 882 4748 τε
921 4693 1056 4766 πρὸς
1090 4693 1272 4764 μάχην
1304 4692 1770 4766 ἐξαναστήσεσθαι
1800 4693 1862 4747 τὸ
1891 4695 1956 4748 ἐκ
1984 4694 2094 4749 τῶν

494 4785 662 4858 ἱερῶν
687 4786 1139 4862 συγγραμμάτων
1170 4785 1356 4858 ῥητὸν,
1389 4785 1483 4839 καὶ
1504 4786 1625 4857 οὐχὶ
1654 4786 1856 4858 μᾶλλον
1878 4787 1968 4842 διὰ
1990 4788 2093 4860 τῆς

491 4879 720 4945 ἐκείνων
733 4880 1013 4944 ’ἀπονοίας
1044 4878 1572 4949 πλεονεκτούμενον;
1613 4898 1630 4930 ι
1656 4880 1747 4949 Μὴ
1770 4874 1865 4934 οὖν
1895 4879 2094 4933 ἀποτέ-

494 4990 628 5044 μῃς,
673 4972 863 5044 φησὶν,
924 4972 1067 5025 ἔστω
1114 4970 1171 5024 δέ
1209 4987 1292 5024 σοι
1349 4970 1446 5024 καὶ
1471 4969 1671 5041 τροφός
1696 4985 1711 5000 ’
1750 4970 1813 5024 τὸ
1844 4971 1903 5025 δὲ
1933 4971 2090 5037 ξύλον

366 5132 375 5139 ι
487 5067 631 5136 ὅπερ
656 5066 758 5120 οὐκ
788 5063 943 5120 οἶσθα
973 5064 1396 5138 ωρπόὸρωτον,
1431 5063 1836 5141 ἐξολρθρεύσεις
1870 5065 1965 5118 καὶ
1994 5067 2089 5120 ἐκ-

487 5159 707 5228 κόψεις.
734 5177 752 5211 ι
791 5157 1072 5229 Ἀϐρωτος
1098 5156 1208 5229 γὰρ
1254 5158 1368 5221 τοῖς
1401 5155 1580 5230 ὀρθῶς
1611 5155 1856 5211 ἐθέλουσι
1888 5158 2029 5210 νοεῖν
2060 5159 2088 5214 ὁ

487 5252 602 5313 τῶν
624 5253 754 5321 παρ’
782 5250 1016 5314 ἐκείνοις
1040 5250 1493 5322 συγγραμμάτων
1515 5248 1727 5320 καρπός
1757 5263 1771 5278 ⁸
1803 5251 1924 5303 κατ’
1951 5250 2090 5304 ἐκεί-

486 5361 598 5400 νων
642 5343 826 5415 ἡκέτω
869 5342 1034 5401 πάλιν
1079 5344 1109 5396 6
1153 5342 1376 5414 σίδηρος
1402 5358 1415 5371 ·
1485 5342 1605 5395 ἐκεῖ
1663 5341 1937 5412 φαινέσθω
1975 5340 2085 5395 τῶν

482 5434 883 5507 πνευματικῶν
913 5435 1192 5506 ὑλοτόμων
1222 5435 1255 5505 ἡ
1281 5433 1533 5505 δύναμις,
1562 5435 1647 5487 ἐπ’
1677 5435 1908 5499 ἐκείνοις
1941 5434 2088 5488 στιλ-

436 5534 448 5540 “
482 5527 631 5581 σέτω
657 5528 718 5579 ἐν
743 5526 824 5597 τῷ
853 5524 1242 5596 συναγορεύειν
1270 5524 1514 5589 εὐτονίας
1538 5526 1565 5578 6
1590 5525 1823 5587 πέλεκυς
1850 5541 1864 5557 ’
1896 5524 1958 5579 τὸ
1977 5524 2087 5595 γὰρ

477 5620 761 5694 ἄχρηστόν
804 5636 868 5674 τε
905 5620 1002 5674 καὶ
1029 5618 1309 5688 ἀνωφελὲς
1338 5619 1440 5688 τῆς
1485 5618 1595 5672 τῶν
1631 5617 2085 5689 ἐτεροδοξούντων

479 5712 776 5785 φλυαρίας,
809 5712 905 5767 καὶ
935 5714 965 5767 ό
992 5712 1280 5785 προφήτης
1314 5712 1448 5783 ἡμῖν
1490 5710 1651 5784 Ὠσηὲ
1688 5711 1890 5787 ἄριστα
1926 5710 2082 5783 διηρ-

587 5908 631 5947 “
661 5905 850 5969 "Cor.
881 5922 940 5974 κ,
969 5905 1025 5967 4.
1140 5902 1183 5934 ”
1208 5899 1345 5962 Osee
1376 5917 1496 5972 vm,
1527 5901 1580 5956 Ἰ.

2199 4708 2259 4755 ut
2304 4696 2475 4754 faciat
2523 4694 2763 4750 farinam
2799 4708 2813 4745 :
2848 4687 2999 4760 quod
3044 4686 3214 4743 etiam
3278 4685 3329 4742 si
3371 4684 3589 4749 fecerit,
3619 4684 3789 4741 alieni

2196 4791 2491 4849 comedent
2529 4802 2651 4844 eam
2684 4786 2750 4839 ¹².
2789 4804 2809 4837 ι
2844 4782 2954 4849 Qui
2979 4780 3126 4837 enim
3156 4778 3227 4834 ab
3269 4778 3519 4834 amicitia
3559 4776 3659 4833 Dei
3701 4791 3790 4835 re-
3870 4809 3885 4823 ι

2195 4885 2416 4956 fugiunt
2475 4896 2542 4937 ac
2596 4879 2934 4939 abhorrent,
2995 4873 3053 4928 hi
3118 4870 3323 4927 anilem
3388 4876 3448 4926 et
3511 4869 3788 4926 inﬁrmam

2193 4978 2420 5035 illorum
2467 4971 2798 5046 ignorantiae
2843 4966 3156 5025 doctrinam
3219 4962 3588 5021 devorabunt.
3626 4962 3786 5032 Quod

2192 5085 2327 5142 ergo
2405 5066 2649 5123 diximus
2718 5061 2924 5125 initio,
2977 5074 3180 5115 rursus
3252 5072 3319 5115 eo
3393 5056 3784 5114 revertendum

2193 5164 2438 5219 arbitror
2465 5177 2480 5216 :
2511 5158 2788 5228 Perquam
2828 5152 3070 5211 diliicilis
3102 5158 3190 5208 est
3226 5150 3543 5207 divinorum
3574 5156 3784 5220 myste-

2193 5255 2402 5309 riorum
2438 5249 2763 5322 explicatio.
2821 5245 2929 5302 Sed
2962 5260 3089 5302 cum
3116 5258 3221 5300 nos
3247 5243 3440 5299 multis
3469 5239 3783 5298 rationibus

2190 5343 2400 5415 adigas,
2440 5339 2852 5398 studiosissime
2897 5336 3090 5403 frater,
3121 5342 3183 5391 ut
3227 5332 3634 5405 expositionem
3679 5344 3782 5385 ceu

2188 5433 2485 5507 quemdam
2538 5432 2816 5487 labiorum
2868 5426 3115 5483 fructum
3160 5432 3217 5483 et
3272 5423 3525 5496 spiritale
3563 5419 3782 5478 sacriﬁ-

2190 5529 2337 5583 cium
2378 5525 2699 5586 oll‘eramus,
2732 5536 2843 5578 non
2889 5519 3167 5592 gravabor
3195 5516 3250 5572 id
3292 5514 3496 5582 facere,
3537 5512 3653 5571 Deo
3682 5514 3778 5586 qui

2188 5632 2367 5673 caecos
2414 5616 2689 5672 illuminat
2742 5611 3013 5678 conﬁsus,
3044 5618 3099 5665 et
3140 5607 3236 5679 qui
3285 5620 3315 5660 a
3347 5605 3513 5662 nobis
3553 5606 3797 5693 quidem.

2188 5710 2346 5782 petit,
2370 5725 2480 5767 non
2510 5718 2695 5765 tamen
2729 5719 2903 5787 supra
2936 5703 3084 5759 vires
3111 5705 3357 5770 nostras,
3384 5706 3441 5758 et
3468 5712 3775 5773 pauperum
