4156 6494
383 395 449 450 15
1381 395 1436 447 S.
1464 393 1735 449 CYRILLI
1779 391 2249 449 ALEXANDRINI
2284 394 2604 451 ARCIHI‘IP.
3588 399 3652 452 16

385 509 610 580 perinde
644 523 709 564 ac
746 511 976 566 divitum
1011 504 1316 568 oblationcs
1355 515 1606 583 suscipit.
1650 513 1958 586 Legislator

2075 517 2308 586 μήνευσε
2395 515 2567 584 λέγων
2597 533 2610 547 ο

381 606 550 668 enim;
599 614 657 659 ut
709 607 980 676 scriptum
1021 616 1106 660 est
1165 605 1325 659 initio
1359 606 1609 671 Levitiei,
1667 615 1965 678 postquam

385 699 736 768 praecepisset
775 715 899 753 eum
933 699 1026 769 qui
1063 715 1278 755 .munus
1311 700 1511 755 ollerre
1536 700 1671 769 '_Deo
1701 702 1865 756 vellet
1910 703 1965 754 in

385 791 788 856 holocaustum,
819 792 1014 846 bovem
1057 791 1370 858 immolare,
1397 793 1582 864 ibique
1625 794 1793 864 typici
1841 797 1961 848 cul—

385 893 474 938 tus
523 885 743 938 modum
807 885 1266 955 prmscripsisset,
1313 885 1468 940 illum
1501 902 1696 942 rursus
1742 887 1966 953 minuit,

383 990 538 1029 ovem
571 975 655 1029 eis
687 975 1084 1030 immolandam
1117 992 1241 1032 esse
1272 976 1463 1031 dicens
1503 977 1598 1046 qui
1638 977 1761 1032 bovi
1794 977 1968 1032 sacri-

383 1065 599 1120 ficando
654 1081 814 1136 pares
865 1081 980 1120 non
1035 1076 1250 1122 essent.
1310 1065 1414 1122 Sed
1484 1075 1713 1122 noverat
1784 1068 1971 1138 utique

383 1159 596 1214 tristem
641 1167 695 1213 et
727 1159 957 1215 auribus
1003 1167 1284 1215 carentem
1319 1161 1369 1230 5
1403 1169 1701 1230 egestatem
1745 1168 1970 1214 coactu-

382 1265 498 1303 ram
543 1251 844 1306 nonnullos
885 1258 944 1305 ut
986 1252 1035 1306 ei
1069 1267 1288 1322 quoque
1339 1253 1620 1308 sacriﬁcio
1663 1251 1918 1308 deessent
1953 1271 1966 1303 :

384 1343 728 1413 proindeque
761 1385 774 1409 ,
815 1362 833 1394 ι
884 1345 949 1396 Et
1003 1342 1216 1406 θαι-νει,
1267 1363 1287 1395 ι
1329 1345 1528 1416 inquit,
1567 1363 1585 1394 ι
1623 1345 1692 1400 de
1741 1343 1972 1399 turturi-

385 1435 507 1496 bus,
542 1443 636 1487 aut
663 1434 728 1488 de
756 1434 1031 1490 columbis
1069 1451 1270 1491 munus
1302 1451 1464 1492 suum
1500 1437 1564 1489 ¹³.
1599 1455 1618 1488 ι
1661 1436 1770 1491 Sed
1802 1448 1855 1491 et
1887 1436 1970 1491 liis

383 1525 796 1596 pauperiorem,
834 1535 889 1582 et
931 1526 1132 1581 viliora
1174 1527 1492 1582 oﬂ'erentem
1542 1543 1651 1582 non
1703 1527 1969 1593 dedigna-

384 1625 494 1672 tur.
530 1636 548 1668 ι
581 1617 774 1672 Simila
805 1635 825 1670 ι
855 1619 1026 1680 enim,
1050 1618 1256 1688 inquit,
1294 1638 1312 1669 ι
1341 1620 1445 1674 erit
1476 1636 1676 1676 munus
1699 1621 1819 1690 ejus
1846 1619 1907 1684 “,
1947 1638 1964 1671 ι

387 1707 634 1772 parabile
664 1707 867 1773 cuivis,
910 1708 1130 1777 opinor,
1165 1715 1217 1762 et
1250 1709 1397 1778 quod
1438 1717 1700 1766 extremae
1748 1726 1972 1780 pauper-

388 1797 518 1850 tatis
549 1804 757 1850 sortem
791 1795 939 1850 baud
975 1798 1208 1852 multum
1238 1798 1453 1854 excedit
1485 1815 1689 1855 munus
1715 1801 1970 1870 praeseri-

387 1889 543 1943 bens.
572 1889 768 1944 Melius
809 1888 958 1943 enim
995 1897 1146 1945 certe
1184 1905 1248 1945 ac
1289 1892 1643 1962 praestantius
1686 1893 1969 1962 legislator

386 1982 596 2036 sciebat
655 1997 812 2047 esse,
873 1983 957 2037 vel
1015 1998 1224 2054 paucos
1280 1983 1474 2039 atl‘erre
1528 1984 1747 2039 fruetus
1804 1999 1968 2054 quam

387 2074 597 2129 nullum
644 2089 898 2144 prorsus,
939 2083 994 2130 et
1037 2091 1104 2131 ne
1153 2074 1398 2132 videaris
1447 2077 1608 2131 alteri
1656 2077 1876 2141 cedere,
1912 2077 1968 2131 in

384 2181 504 2220 eam
559 2167 746 2222 venire
797 2168 1216 2238 cogitationem,
1251 2168 1495 2224 universi
1543 2167 1654 2222 Deo
1687 2183 1797 2222 non
1847 2183 1971 2224 esse

387 2276 614 2315 munera
646 2259 967 2316 deferenda.
1003 2259 1102 2316 His
1149 2261 1411 2316 omnibus
1439 2259 1696 2329 equidem
1729 2275 1838 2313 non
1872 2260 1970 2316 abs

387 2369 444 2406 re
475 2368 797 2422 persuasus,
823 2359 881 2408 et
922 2353 1072 2407 omni
1103 2352 1468 2407 cunctatione
1496 2351 1704 2406 silentii
1739 2359 1970 2420 patrona

383 2461 449 2498 (ιι
485 2446 670 2499 animo
712 2461 833 2501 meo
885 2445 1113 2516 rejecta,
1155 2444 1355 2514 quibus
1398 2444 1566 2499 rebus
1618 2450 1808 2513 potero
1866 2441 1972 2498 Do-

387 2535 598 2589 minum
673 2553 855 2591 meum
933 2536 1281 2591 remunerari
1359 2534 1560 2589 debere
1623 2535 1864 2604 putabo,
1917 2544 1972 2589 et

384 2626 610 2681 oﬂ‘eram
653 2625 949 2697 quamdam
985 2625 1151 2681 veluti
1192 2626 1430 2680 similam
1463 2625 1582 2680 oleo
1612 2634 1970 2690 maceratam,

383 2720 692 2774 doctrinam
728 2720 988 2772 nimirum
1018 2733 1156 2788 qua:
1196 2717 1549 2772 auditoribus
1592 2717 1859 2772 alimento
1899 2719 1973 2772 sit

385 2823 451 2864 ac
498 2807 794 2876 voluptati.
838 2806 1174 2877 Incipiemus
1225 2814 1412 2861 autem
1461 2823 1493 2862 a
1539 2804 1768 2862 Joannis
1798 2805 1973 2860 Evan-

386 2899 552 2970 gelip,
585 2913 844 2969 magnum
867 2906 922 2953 et
951 2897 1187 2951 arduum
1223 2911 1361 2952 sane
1393 2911 1538 2968 opus
1568 2898 1843 2968 aggressi,
1877 2896 1972 2951 sed

385 2991 457 3045 ob
484 2990 645 3044 [idem
686 3005 794 3044 non
825 2989 1265 3059 despondentes.
1297 2987 1364 3041 Et
1399 2990 1583 3044 minus
1614 2988 1836 3059 quidem
1873 3003 1973 3043 uos

385 3082 638 3138 dicturos
694 3081 1151 3152 eogitaturosque
1217 3096 1384 3149 quam
1440 3088 1723 3148 oporteat,
1781 3080 1975 3151 procul

385 3175 556 3231 dubio
617 3172 902 3228 fatendum
965 3182 1052 3228 est
1097 3191 1109 3226 :
1158 3173 1254 3227 sed
1315 3187 1420 3226 nos
1487 3172 1695 3242 justam
1762 3173 1818 3226 in
1870 3173 1974 3228 hoc

385 3268 603 3323 veniam
647 3266 921 3336 petituros
964 3264 1141 3318 multa
1170 3263 1491 3334 scriptionis
1525 3262 1650 3334 ejus
1680 3263 1973 3322 diﬂicultas

387 3355 711 3427 persuadet,
741 3362 834 3409 aut
869 3364 1042 3421 certe,
1069 3355 1215 3424 quod
1252 3355 1439 3410 verius
1469 3363 1575 3421 est,
1620 3357 1974 3416 imbecillitas

389 3447 597 3520 ingenii
645 3447 843 3502 nostri.
881 3445 1098 3518 Ubique
1149 3463 1280 3503 vero
1319 3463 1577 3504 sermone
1625 3448 1693 3502 ad
1748 3450 1975 3522 dogma-

390 3541 561 3596 tieam
601 3540 1007 3612 expositionem
1052 3554 1323 3597 converso
1356 3539 1532 3597 falsas
1580 3541 1971 3598 haereticorum

389 3631 684 3702 Opiniones
717 3647 818 3702 pro
849 3632 1063 3695 viribus
1091 3633 1527 3699 confutabimus,
1569 3650 1676 3689 non
1705 3644 1976 3706 quantum

392 3724 583 3779 liceret
624 3739 752 3778 eum
804 3724 1204 3794 protendendo.
1250 3725 1345 3782 sed
1405 3726 1685 3797 superﬂua
1743 3742 1978 3799 quaeque

392 3814 637 3869 tollendo
699 3824 755 3871 et
802 3817 947 3871 intra
1003 3817 1224 3872 modum
1273 3820 1630 3874 continendo.
1679 3819 1976 3890 Subjectus

391 3914 578 3962 autem
662 3908 911 3977 capitum
983 3908 1260 3964 indiculus
1316 3910 1719 3968 demonstrabit
1788 3926 1854 3965 ea
1920 3911 1975 3963 in

390 4000 593 4068 quibus
649 4001 811 4071 longe
865 4001 1084 4070 lateque
1136 4017 1195 4058 se
1246 4003 1440 4072 pandit
1506 4004 1716 4066 oratio,
1771 4001 1976 4072 quibus

390 4091 838 4163 etiamjnumeros
864 4094 1221 4163 praeliximus,
1252 4105 1312 4150 ut
1340 4105 1545 4168 praesto
1573 4096 1643 4151 sit
1675 4093 1976 4149 lectoribus

390 4183 539 4253 quod
573 4189 855 4256 quaeritur.

2697 535 2713 566 ι
2745 517 2970 587 Δράγμα
3035 513 3134 567 οὐκ
3179 513 3299 584 ἔχον
3366 515 3515 584 ἰσχὺν
3557 515 3652 568 τοῦ

2069 609 2293 678 ποιῆσαι
2325 609 2573 679 ἄλευρον·
2607 608 2700 661 ἐὰν
2727 609 2780 662 δὲ
2811 609 2904 660 καὶ
2935 607 3160 676 ποιήσῃ,
3194 605 3462 676 ἀλλότριοι
3490 623 3649 658 κατα-

2069 701 2352 769 φάγονται.
2393 721 2410 752 ι
2466 702 2528 752 Ol
2577 699 2685 771 γὰρ
2733 700 2830 769 τῆς
2861 698 2995 769 πρὸς
3038 697 3172 750 Θεὸν
3211 697 3390 764 φιλίας
3428 700 3650 761 ἑαυτοὺς

2069 791 2385 863 ἀλλοτριοῦν
2419 793 2833 856 σπουδάζοντες,
2871 791 2963 845 τὸν
2993 788 3205 860 ἐραόῶη
3245 789 3356 857 [ῃο.
3412 788 3653 859 γραώδη]

2071 881 2165 936 καὶ
2216 881 2418 951 ἀσθενῆ
2466 882 2564 951 τῆς
2610 881 2833 933 ἐκείνων
2882 879 3120 949 ἀμαθίας
3170 877 3654 948 καταθοινήσονται

2069 973 2244 1040 λόγον.
2268 973 2447 1043 Ὅπερ
2475 970 2568 1026 οὖν
2598 972 2808 1043 ἔφημεν
2842 973 2900 1026 ἐν
2930 972 3095 1040 ἀρχῇ,
3127 969 3320 1040 χρῆναι
3360 965 3513 1038 οἶμαι
3550 985 3655 1020 παι

2071 1065 2375 1135 λινδρομεῖν
2404 1065 2490 1118 ἐπ’
2509 1065 2706 1118 ἐκεῖνο.
2726 1063 3139 1134 Δυσχερεστάτη
3159 1061 3278 1114 λίαν
3307 1060 3455 1112 ἐστὶν
3470 1061 3503 1129 ἡ
3527 1077 3591 1111 πε
3600 1063 3655 1131 pl

2069 1154 2179 1208 τῶν
2207 1153 2366 1206 θείων
2403 1153 2720 1224 μυστηρίων
2761 1152 3018 1222 ἐξήγησις
3039 1166 3053 1182 ο
3103 1148 3217 1202 ἀλλ’
3249 1149 3478 1218 ἐπείπερ
3507 1149 3658 1217 ἡμᾶς

2074 1245 2290 1307 πολλοῖς
2319 1243 2634 1306 ἀναπείθεις
2680 1245 2880 1311 λόγοις,
2926 1235 2972 1294 ὦ
3005 1238 3406 1308 φιλοπονώτατε
3438 1237 3652 1304 ἀδελφὲ,

2073 1337 2326 1408 καθάπερ
2369 1336 2490 1390 τινά
2518 1335 2741 1406 χειλέων
2778 1335 2992 1406 καρπὸν
3025 1335 3118 1387 καὶ
3147 1333 3338 1384 θυσίαν
3368 1345 3658 1399 πνευματι-

2073 1433 2177 1501 κὴν
2205 1429 2486 1483 ἀναθεῖναι
2521 1430 2582 1482 τὸ
2615 1428 2977 1498 σύγγραμμα,
3021 1428 3116 1480 καὶ
3155 1423 3316 1478 τοῦτο
3354 1425 3527 1476 ποιεῖν
3559 1421 3658 1473 οὐκ

2073 1524 2310 1592 ὀκνήσω,
2338 1522 2416 1592 τῷ
2443 1521 2693 1590 σοφοῦντι
2713 1519 2840 1583 τοὺς
2869 1518 3102 1587 τυφλοὺς
3122 1516 3498 1592 ἐπιθαρσήσας
3515 1513 3656 1583 Θεῷ,

2073 1616 2169 1670 καὶ
2190 1587 2440 1685 ξητοῦντι
2465 1587 2562 1684 μέν
2589 1614 2713 1684 παρ’
2736 1611 2912 1684 ήμῶν,
2935 1611 2996 1664 οὐ
3018 1587 3234 1672 πάντως
3257 1609 3300 1661 δ’
3325 1607 3466 1678 ὑπὲρ
3487 1607 3656 1676 ἡμᾶς,

2072 1706 2347 1778 δεχομένῳ
2387 1707 2443 1759 δέ
2483 1706 2558 1770 ὡς
2597 1707 2779 1759 ἐκεῖνα
2819 1704 2914 1758 καὶ
2954 1704 3050 1766 τὰς
3095 1705 3158 1756 ἐκ
3193 1699 3300 1754 τῶν
3353 1696 3660 1767 πτωχευόν-

2073 1817 2183 1853 των
2229 1799 2618 1870 προσαγωγὰς.
2659 1796 2763 1851 Τὸν
2812 1797 2921 1868 γὰρ
2974 1794 3365 1866 προσκομίζειν
3409 1790 3660 1842 ἐθέλοντα

2002 1872 2042 1926 Β
2071 1893 2243 1962 δῶρον
2279 1893 2357 1954 είς
2389 1890 2745 1960 ὁλοκαύτωμα
2794 1889 2871 1958 τῷ
2920 1887 3138 1959 Κυρίῳ,
3190 1885 3442 1952 καθάπερ
3469 1875 3562 1934 οὗν
3602 1880 3660 1932 ἐν

2071 1985 2213 2056 ἀρχῇ
2267 1986 2445 2036 κεῖται
2488 1982 2582 2035 τοῦ
2637 1979 2961 2047 Λευῖτικοῦ,
3007 1977 3287 2048 βουθυτεῖν
3327 1971 3589 2036 ἐπιτάξας
3634 1973 3663 2023 ὁ

2072 2074 2371 2146 νομοθέτης
2393 2115 2407 2138 ,
2441 2073 2536 2126 καὶ
2566 2073 2630 2143 δὴ
2670 2071 2764 2126 καὶ
2794 2073 2851 2123 ἐν
2879 2070 3054 2140 τούτῳ
3086 2067 3188 2138 τῆς
3220 2068 3277 2119 ἐν
3310 2064 3466 2134 τύπῳ
3497 2063 3662 2132 τιμῆς

2073 2169 2261 2240 ὁρίσας
2310 2168 2371 2221 τὸ
2415 2167 2650 2238 μέτρον,
2688 2164 3003 2228 ὑποϐιϐἀζει
3063 2160 3226 2214 πάλιν
3272 2158 3438 2222 αὐτὸ,
3497 2154 3662 2226 μηλοσ

2075 2263 2304 2328 σφαγεῖ»
2325 2261 2520 2330 χρῆναι
2551 2258 2724 2326 λέγων
2784 2257 2912 2320 τοὺς
2964 2255 3122 2325 οἵπερ
3150 2252 3216 2306 ἂν
3237 2247 3347 2304 εἷεν
3363 2251 3460 2320 οὐχ
3489 2246 3664 2300 ἱκανοὶ

2074 2351 2212 2423 πρὸς
2268 2352 2483 2402 ἐκεῖνο·
2535 2349 2650 2402 ἀλλ’
2698 2347 2815 2418 ᾔδει
2861 2345 2926 2416 δή
2970 2347 3210 2408 πάντως,
3258 2344 3342 2397 ὅτι
3393 2342 3489 2395 καὶ
3527 2339 3662 2410 πρὸς

2072 2444 2136 2496 τὸ
2184 2443 2344 2511 τυχὸν
2386 2439 2644 2510 ἁτονῆσαί
2687 2456 2839 2501 τινας
2885 2439 2918 2507 ἡ
2962 2435 3168 2506 στυγνὴ
3185 2435 3278 2488 καὶ
3307 2434 3663 2502 ἀνουθέτητος

2073 2534 2353 2587 ἀναπείσει
2389 2531 2582 2585 πενία’
2609 2531 2698 2584 διά
2728 2530 2792 2598 γέ
2827 2546 2908 2581 τοι
2940 2527 3122 2593 τοῦτο,
3161 2546 3179 2577 ‹
3213 2525 3323 2579 Καὶ
3363 2523 3662 2595 προσοίσει,

2074 2625 2260 2697 φησὶν,
2300 2625 2408 2678 ἀπὸ
2428 2624 2535 2677 τῶν
2564 2600 2862 2694 τρυγόνων,
2891 2620 2924 2689 ἢ
2953 2619 3062 2673 ἀπὸ
3100 2618 3209 2671 τῶν
3242 2615 3580 2688 περιστερῶν
3602 2615 3665 2667 τὸ

2073 2718 2247 2788 δῶρον
2277 2717 2442 2771 αὐτοῦ
2467 2735 2482 2748 ·
2515 2737 2533 2770 ι
2573 2717 2662 2770 τὸν
2690 2716 2748 2768 δέ
2772 2714 3082 2769 καὶτούτων
3099 2712 3177 2766 ἐτι
3216 2710 3662 2777 καταδεέστερον,

2074 2812 2171 2864 καὶ
2235 2809 2374 2880 μετά
2423 2808 2532 2863 τῶν
2574 2807 2970 2877 εὐτελεστέρων
3026 2805 3106 2857 ἐτι
3162 2804 3459 2874 προσιόντα
3506 2802 3661 2871 τιμᾷ.

2081 2921 2099 2953 ι
2138 2902 2425 2972 Σεμίδαλις
2457 2901 2566 2973 γὰρ
2600 2900 2774 2965 ἔσται,
2814 2919 2832 2952 ι
2890 2899 3021 2969 φησὶ
3054 2916 3072 2948 ι
3108 2895 3169 2949 τὸ
3209 2896 3380 2965 δῶρον
3413 2891 3603 2946 αὐτοῦ’
3641 2908 3660 2943 ι

2076 2993 2416 3064 εὐπόριστον,
2449 2989 2602 3064 οἶμαί
2631 3010 2758 3059 που,
2809 2991 2994 3054 παντὶ,
3031 2989 3127 3043 καὶ
3157 2988 3431 3058 πτωχείαν
3457 2985 3556 3057 τὴν
3586 2987 3665 3046 εἰς

2075 3084 2246 3154 ἀκρον
2273 3084 2332 3135 οὐ
2352 3083 2555 3156 σφόδρα
2569 3080 2924 3136 πλεονεκτοῦν
2948 3079 3145 3151 ὁρίζων
3166 3079 3439 3149 ἀνάθημα.
3470 3077 3666 3146 Κρεῖτο

2077 3195 2167 3231 τον
2205 3177 2312 3247 γὰρ
2355 3177 2530 3247 δήπου
2559 3178 2654 3229 καὶ
2688 3175 2910 3246 ἄμεινον
2956 3173 2984 3224 ὁ
3013 3171 3306 3242 νομοθέτης
3340 3167 3658 3240 ἐξηπίστατι

2079 3271 2140 3324 τὸ
2167 3271 2271 3326 κᾶν
2317 3272 2375 3324 ἐν
2424 3271 2626 3339 ὀλίγοις
2671 3267 3043 3338 καρποφορεῖν
3088 3261 3184 3316 τοῦ
3227 3259 3668 3331 ἀπεστειρῶσθαι

2081 3360 2383 3425 παντελῶς,
2416 3362 2554 3414 αἰδοῖ
2603 3376 2662 3412 τε
2719 3357 2811 3410 τοῦ
2843 3356 2917 3428 μὴ
2944 3356 3121 3408 δοκεῖν
3153 3355 3251 3423 τῆς
3275 3354 3476 3407 ἐτέοων
3502 3353 3668 3424 ήττᾶο

2083 3455 2206 3508 σθαι
2252 3455 2454 3526 χειρὸς,
2512 3455 2591 3515 εἰς
2644 3450 2735 3504 τὸν
2767 3450 2859 3502 ἐπὶ
2891 3448 2969 3519 τῷ
2997 3447 3073 3519 μὴ
3125 3448 3323 3518 χρῆναι
3353 3447 3519 3517 τιμᾷν
3560 3445 3668 3498 τῶν

2081 3548 2339 3601 ἁπάντων
2402 3545 2680 3612 Δεσπότην
2711 3540 3130 3594 συνελαύνεσθαι
3175 3538 3454 3609 λογισμόν.
3486 3537 3586 3590 Διά
3604 3535 3668 3605 δὴ

2077 3637 2284 3692 τούτων
2307 3637 2563 3690 ἁπάντων
2609 3633 3078 3703 ἀναπεπεισμένος
3125 3630 3384 3701 εὐλόγως,
3421 3628 3578 3682 ὄκνον
3609 3645 3668 3680 τε

2079 3729 2181 3800 τῆς
2212 3727 2424 3797 σιωπῆς
2485 3726 2577 3779 τὸν
2624 3726 2924 3796 συνήγορον
2978 3724 3079 3793 τῆς
3137 3720 3379 3793 ἐμαυτοῦ
3430 3720 3670 3782 διανοίας

2077 3819 2432 3889 ἀποπέμψας,
2491 3813 2683 3889 οἷσπερ
2724 3817 2790 3872 ἂν
2838 3817 2949 3887 ἐχοι
3010 3833 3076 3888 με
3127 3815 3223 3888 [αι.
3265 3812 3467 3886 ἔχοιμι]
3505 3813 3670 3883 τιμᾷν

2078 3913 2334 3982 οἰήσομαι
2387 3910 2499 3963 δεῖν
2553 3909 2645 3963 τὸν
2670 3909 2908 3981 ἐμαυτοῦ
2939 3909 3234 3979 Δεσπότην,
3271 3908 3362 3961 καὶ
3397 3905 3670 3976 προσοίσω

2079 4002 2332 4071 καθάπερ
2363 4002 2485 4055 τινὰ
2536 4003 2848 4072 σεμίδαλιν,
2910 4003 3076 4074 ἐλαίῳ
3133 4000 3518 4071 δεδευσμένην,
3577 3997 3671 4050 τὸν

2083 4095 2348 4165 τρόφιμόν
2406 4112 2466 4148 τε
2519 4095 2613 4149 καὶ
2655 4095 2836 4168 ἱλαρὸν
2888 4099 2998 4160 τοῖς
3043 4093 3448 4164 ἐντευξομένοις
3473 4091 3667 4158 λόγον’

2085 4187 2364 4258 ἀρξόμεθα
2397 4187 2454 4240 δέ
2477 4187 2579 4258 τῆς
2624 4190 2872 4244 Ἰωάννου
2915 4187 3282 4260 Συγγραφῆςο
3312 4183 3534 4255 μεγάλῳ
3573 4181 3671 4251 μὲν

389 4273 510 4328 λίαν
575 4277 979 4348 ἐπιχειροῦντες
1023 4278 1330 4350 πράγματι,
1369 4277 1508 4348 πλὴν
1557 4278 1658 4330 οὐκ
1702 4273 2020 4339 ἀτονοῦντες
2057 4277 2147 4329 διὰ
2172 4277 2272 4348 τὴν
2306 4277 2508 4332 πίστιν.
2532 4281 2638 4332 Καὶ
2666 4281 2742 4334 ὅτι
2766 4276 2980 4350 μὲνοῦν
3011 4280 3251 4342 ἔλαττον,
3302 4277 3445 4348 ἥπερ
3483 4276 3669 4345 ἐχρῆνο

391 4365 625 4437 ἐροῦμέν
654 4385 710 4420 τε
759 4370 852 4421 καὶ
873 4371 1155 4441 νοήσομεν,
1176 4369 1560 4441 ἀναμφιλόγως
1581 4365 1942 4437 ὁμολογητέον
1967 4385 1979 4395 ο
2025 4368 2108 4421 ὅτι
2143 4369 2200 4421 δέ
2229 4369 2446 4425 δικαίαν
2485 4371 2578 4424 ἐπὶ
2609 4373 2781 4441 τούτῳ
2843 4373 2941 4443 τὴν
2987 4371 3316 4444 συγγνώμην
3354 4373 3668 4442 αἰτήσομεν.

388 4462 422 4529 ἡ
457 4458 627 4530 πολλὴ
657 4459 751 4513 τοῦ
801 4463 1235 4533 συγγράμματος
1286 4458 1572 4514 ἀναπείσει
1601 4453 1970 4526 δυσχέρεια,ἢ
2013 4457 2107 4511 καὶ
2130 4458 2266 4529 ὅπερ
2295 4460 2444 4514 ἐστὶν
2492 4460 2874 4533 ἀληθέστερον,
2911 4463 2944 4531 ἡ
3005 4462 3104 4528 τῆς
3145 4463 3202 4514 ἐν
3241 4463 3374 4532 ἡμῖν
3437 4459 3675 4526 διανοία;

391 4547 667 4602 ἀσθένεια.
707 4551 962 4622 Πανταχῆ
995 4552 1050 4604 δὲ
1075 4551 1166 4605 τὸν
1211 4551 1366 4618 λόγον
1392 4550 1472 4608 είς
1495 4545 1978 4616 δογματικωτέραν
2017 4549 2440 4619 περιτρέποντες
2471 4549 2751 4620 ἐξήγησιν,
2781 4554 2903 4614 ταῖς
2965 4552 3074 4605 τῶν
3141 4551 3672 4624 ἐτεροδιδασκαλουν-

389 4654 498 4692 των
517 4639 882 4709 ψευδοδοξίαις
933 4642 1008 4706 ὡς
1041 4641 1187 4694 ἔστιν
1219 4636 1597 4706 ἀντιτάξομεν,
1639 4637 1737 4688 οὐκ
1781 4637 1860 4698 είς
1925 4637 2046 4690 ὅσον
2088 4637 2215 4708 ἐξῆν
2245 4640 2572 4704 ἐκτείνοντες
2595 4642 2787 4712 μῆκος,
2809 4640 2944 4694 ἀλλά
2965 4641 3058 4694 καὶ
3088 4641 3194 4694 τῶν
3216 4641 3483 4714 περιττῶν
3498 4641 3674 4695 ἀπαλ-

394 4729 698 4796 λάττοντες,
732 4733 826 4786 καὶ
855 4733 949 4787 τοῦ
969 4734 1272 4804 πρέποντος
1298 4731 1398 4784 οὐκ
1422 4730 1612 4783 ἐπιδεᾶ
1677 4729 2016 4800 καταστῆσαι
2093 4734 2514 4797 σπουδάσαντες.
2562 4734 2626 4785 Ἢ
2660 4735 2717 4786 δὲ
2759 4735 3170 4806 ὑποτεταγμένη
3220 4735 3330 4788 τῶν
3366 4735 3676 4805 κεφαλαίων

393 4826 820 4899 ὑποσημείωσις,
851 4831 919 4884 τὰ
941 4831 1026 4900 ἐφ’
1039 4827 1121 4893 οἷς
1143 4830 1277 4898 ἡμῖν
1295 4826 1582 4880 ἐκτέταταί
1628 4843 1744 4890 πως
1769 4829 1796 4880 ὁ
1825 4827 1981 4896 λόγος
2018 4832 2350 4901 καταστήσει
2377 4828 2608 4900 φανερὰ,
2651 4825 2734 4895 οἷς
2797 4831 2890 4886 καὶ
2957 4830 3222 4904 ἀριθμοὺς
3255 4831 3668 4903 παρεπήξαμεν.

394 4915 531 4986 πρὸς
553 4918 614 4970 τὸ
645 4921 739 4972 καὶ
763 4920 882 4974 λίαν
912 4921 1142 4989 ἑτοίμως
1158 4916 1576 4988 ἀνευρίσκεσθαι
1593 4921 1705 4983 τοῖς
1731 4919 2130 4992 ἐντευξομένοις
2162 4923 2223 4978 τὸ
2257 4921 2608 4993 ζητούμενον.

472 5096 516 5131 ⁸³
540 5095 710 5155 Levit.
748 5118 785 5167 ι,
816 5103 904 5157 14..
983 5101 1023 5130 ⁸⁸
1055 5097 1228 5155 Levit.
1256 5113 1317 5164 ιι,
1348 5099 1398 5154 1.
