4156 6504
483 391 559 444 ιτ
1539 376 1608 432 IN
1636 377 1922 434 JOANNIS
1967 379 2090 435 EVA

2210 381 2427 438 ELIUH
2477 381 2607 436 LIB.
2638 382 2681 440 Ι.
3734 372 3800 435 18

474 543 678 556 ο--αῆ-ι-

475 557 678 572 —_

567 540 3124 570 ΞΜ

1868 699 2451 786 ΚιΕἿΜδιΛΑιΙιδι⁴

1675 885 1763 938 ΤΑ
1828 885 1917 939 EN
1964 886 2051 957 τᾳ
2115 884 2344 957 ΠΡΩΤῼ
2390 883 2643 956 ΒΙΒΛΙῼ.

1978 1218 2394 1309 CAPITA

1476 1414 1634 1484 ,ὶυῶ
1667 1413 1735 1470 ΙΝ
1772 1412 1982 1471 LIBRO
2022 1412 2239 1471 PRIMO
2274 1409 2796 1472 CON'I‘INENTUR.

478 1744 555 1789 α’.
587 1736 720 1789 Ὅτι
741 1733 935 1802 ἀΐδιος
962 1733 1060 1789 καὶ
1099 1734 1214 1807 πρὸ
1250 1733 1371 1790 τῶν
1401 1735 1633 1792 αιώνων
1655 1738 1691 1790 ὁ
1723 1733 2093 1807 Μονογενήςο

555 1827 957 1900 προκειμένου
980 1829 1194 1898 ῥητοῦ,
1228 1849 1247 1882 ι
1291 1831 1395 1885 Ἔν
1443 1828 1604 1900 ἀρχῇ
1643 1825 1723 1902 ἦν
1752 1833 1786 1884 ὁ
1815 1831 2031 1900 Λόγος.
2070 1849 2088 1880 ι

478 1922 553 1992 β’.
608 1923 743 1976 Ὅτι
800 1921 948 1988 Θεὸς
986 1921 1310 1991 όμοούσιος
1363 1919 1444 1987 τῷ
1491 1921 1676 1991 Πατρὶ
1729 1919 2022 1990 ὑπάρχων
2063 1922 2095 1974 ό

565 2014 721 2081 Υἱὸς,
757 2015 828 2069 ἐν
873 2014 994 2083 tota
1043 2014 1217 2069 ἐστὶν
1245 2013 1606 2080 ὑποστάσει,
1653 2015 1870 2084 ὁμοίως
1893 2014 1963 2068 δὲ
1993 2014 2094 2067 καὶ

558 2111 592 2162 ό
622 2107 828 2177 Πατήρ
852 2123 864 2136 ·
895 2108 1294 2179 προκειμένου
1315 2108 1530 2178 ῥητοῦ,
1561 2129 1580 2162 ι
1603 2110 1712 2164 Καὶ
1733 2113 1766 2164 ό
1791 2110 1985 2180 Λόγος
2016 2103 2096 2179 ἦν

555 2203 712 2271 πρὸς
739 2201 848 2256 τὸν
876 2202 1048 2257 Θεόν.
1074 2220 1093 2254 ι

473 2305 552 2366 γ’.
596 2299 722 2352 Ὅτι
785 2295 932 2363 Θεὸς
967 2296 1125 2352 κατὰ
1153 2297 1368 2367 φύσιν,
1413 2296 1515 2352 καὶ
1545 2297 1675 2353 κατ’
1697 2297 1919 2353 οὐδένα
1963 2299 2090 2364 τρό-

553 2404 697 2456 πον,
720 2391 760 2460 ἢ
787 2389 1077 2456 ἐλάττων,
1105 2389 1144 2459 ἢ
1168 2389 1453 2460 ἀνόμοιός
1477 2389 1610 2444 ἐστι
1650 2389 1758 2444 τοῦ
1803 2387 2036 2458 Πατρός
2061 2392 2093 2443 d

561 2484 718 2550 Υἱός·
751 2481 1149 2554 προκειμένου
1193 2482 1410 2552 ῥητοῦ,
1467 2501 1485 2535 ι
1533 2482 1643 2538 Καὶ
1697 2483 1844 2549 Θεὸς
1914 2477 1992 2552 ἦν
2059 2484 2094 2535 ό

552 2580 774 2647 Λόγος.
811 2596 832 2629 ι

468 2672 536 2724 δ’.
580 2669 741 2738 Πρὸς
761 2668 905 2736 τοὺς
919 2666 1268 2740 τολμῶντας
1299 2667 1522 2739 λέγειν,
1554 2668 1645 2722 ὅτι
1683 2667 1888 2736 ἕτερός
1919 2668 2093 2722 ἐστιν

545 2761 896 2829 evocabam;
942 2779 1010 2817 τε
1067 2761 1166 2816 καὶ
1222 2761 1486 2830 φυσικὸς
1526 2760 1597 2814 ἐν
1660 2761 1844 2830 Πατρὶ
1875 2761 2089 2830 Λόγος,

549 2854 655 2909 καὶ
679 2854 932 2922 ἒτεροςό
955 2855 1128 2923 παρὰ
1146 2853 1281 2920 ταῖς
1304 2854 1492 2920 θείαις
1525 2852 1797 2922 Γραφαῖς
1840 2852 2093 2922 λεγόμε-

549 2965 662 3014 νος
687 2948 822 3014 Υἱός
852 2965 866 2979 ·
894 2947 1028 3002 ἔστι
1055 2945 1125 3000 δέ
1156 2944 1278 3001 τῶν
1301 2947 1751 3016 περὶΕὺνόμιον
1775 2945 1813 3015 ἡ
1845 2945 2089 3013 τοιαύτη

549 3041 888 3106 κακοδοξία
907 3058 921 3071 ·
960 3040 1267 3110 πρόκειται
1296 3038 1365 3093 δὲ
1397 3038 1462 3093 τὸ
1479 3037 1676 3108 ῥητὸν
1701 3078 1718 3106 ,
1757 3053 1776 3090 ι
1805 3031 1996 3104 Οὗτος
2014 3032 2094 3107 ἦν

550 3133 624 3188 ὲν
649 3133 810 3203 ἀρχῇ
831 3133 983 3202 πρὸς
1010 3131 1120 3187 τὸν
1154 3133 1324 3186 Θεόν.
1358 3149 1377 3182 ι

471 3235 538 3281 ε’.
571 3229 705 3280 Ὅτι
727 3225 880 3280 κατὰ
925 3226 1116 3295 φύσιν
1136 3223 1502 3293 δημιουργὸς
1540 3225 1574 3277 ό
1607 3220 1737 3288 Υἱὸς
1773 3221 1928 3292 μετὰ
1969 3224 2093 3276 Πα-

549 3319 718 3387 τρύς,
763 3319 846 3385 ὡς
882 3317 951 3371 ἐκ
1011 3316 1121 3387 τῆς
1169 3315 1387 3383 οὐσίας
1416 3313 1711 3385 ὑπάρχων
1748 3313 1962 3382 αὐτοῦ,
1991 3313 2093 3369 καὶ

544 3414 665 3479 οὐχ
689 3407 892 3478 ὥσπερ
912 3409 1219 3478 ὑπουργὸς
1250 3409 1872 3476 παραλαμϐανόμενος
1898 3421 1913 3437 ο
1950 3419 2092 3473 προ-

547 3504 835 3574 κειμένου
883 3501 1092 3571 ῥητοῦ,
1130 3519 1149 3552 ι
1187 3499 1392 3554 Πάντα
1417 3499 1494 3552 δι’
1545 3498 1736 3553 αὐτοῦ
1767 3497 2025 3569 ἐγένετο.
2067 3516 2085 3548 ›

469 3604 552 3663 ς’.
584 3597 720 3650 Ὀτι
773 3593 885 3662 ζωὴ
927 3592 1079 3648 κατὰ
1114 3593 1309 3662 φύσιν
1365 3591 1541 3645 ἐστὶν
1566 3593 1600 3645 ό
1655 3591 1810 3657 Υἱὸς,
1852 3591 1953 3645 καὶ
1993 3589 2092 3644 διὰ

549 3689 732 3744 τοῦτο
761 3689 834 3742 οὐ
855 3684 1130 3757 γενητὸς,
1173 3681 1398 3738 ἀλλ’ἐκ
1429 3680 1539 3751 τῆς
1568 3683 1780 3748 οὐσίας
1806 3683 1911 3736 τοῦ
1939 3680 2090 3737 Θεοῦ

546 3776 652 3829 καὶ
689 3775 915 3842 Πατρός
936 3790 951 3806 ο
983 3771 1378 3842 προκειμένου
1397 3770 1611 3840 ῥητοῦ,
1647 3789 1666 3823 ι
1713 3772 1774 3824 Ὃ
1814 3770 2084 3843 γέγονεν,

545 3867 623 3920 ἐν
653 3863 818 3931 αὐτῷ
849 3864 962 3934 ζωὴ
995 3861 1097 3936 ἦν.
1138 3883 1156 3914 ι

472 3958 548 4024 ζ’.
605 3959 739 4011 Ὅτι
775 3955 900 4027 φῶς
943 3955 1095 4010 κατὰ
1127 3956 1321 4026 φύσιν
1351 3956 1528 4011 ἐστὶν
1569 3959 1603 4012 ό
1642 3959 1799 4025 Υἱὸς,
1853 3958 1954 4014 καὶ
1992 3959 2092 4014 διὰ

545 4048 731 4104 τοῦτο
764 4051 838 4104 οὐ
872 4048 1148 4119 γενητὸς,
1163 4048 1302 4102 ἀλλ’
1315 4049 1386 4102 έκ
1414 4049 1526 4116 τῆς
1550 4051 1771 4116 οὐσίας
1801 4050 1908 4105 τοῦ
1939 4049 2090 4105 Θεοῦ

550 4141 658 4196 καὶ
692 4140 947 4208 Πατρὸς,
974 4141 1057 4206 ὠς
1110 4137 1238 4209 φῶς
1282 4139 1578 4207 ἀληθινὸν
1599 4141 1668 4195 ἐκ
1709 4140 1906 4210 φωτὸς
1936 4141 2088 4210 ἀλη-

550 4233 745 4288 θινοῦ·
795 4233 1195 4302 προκειμένου
1228 4233 1442 4303 ῥητοῦ,
1481 4253 1500 4284 ι
1539 4233 1649 4288 Καὶ
1686 4235 1724 4303 ἡ
1757 4231 1871 4301 ζωὴ
1919 4228 1999 4305 ἦν
2020 4232 2088 4287 τὸ

549 4323 682 4393 φῶς
712 4323 832 4378 τῶν
851 4323 1204 4393 ἀνθρώπων.
1242 4343 1260 4375 ι

464 4416 682 4490 η⁹.⁴’οτι
699 4417 890 4486 μόνος
911 4419 944 4470 ό
972 4415 1108 4482 Υἱὸς
1122 4415 1226 4470 τοῦ
1251 4415 1423 4481 Θεοῦ,
1443 4413 1570 4484 φῶς
1584 4415 2086 4484 ἐστινάληθινόντ

546 4507 587 4575 ἠ
623 4507 694 4561 δὲ
718 4509 915 4574 κτίσις
945 4507 1168 4571 οὐκέτι,
1196 4507 1396 4577 φωτὸς
1431 4501 1593 4561 οὖσα
1620 4505 1876 4576 μέτοχος
1929 4505 2082 4580 [ἅτε]

549 4599 803 4671 γενητή·
837 4598 1238 4669 προκειμένου
1255 4597 1450 4668 ῥητοῦ
1475 4638 1490 4662 ,
1532 4616 1552 4648 ι
1583 4593 1695 4664 Ἦν
1748 4598 1815 4652 τὸ
1851 4597 1978 4670 φῶς
2019 4601 2086 4654 τὸ

544 4693 871 4762 ἀληθινόν.
911 4712 930 4744 ι

465 4791 542 4845 θ’.
581 4787 717 4840 Ὅτι
757 4786 829 4839 οὐ
884 4783 1255 4853 προϋπάρχει
1287 4782 1393 4837 τοῦ
1431 4781 1707 4853 σώματος
1753 4783 1791 4852 η
1841 4782 1949 4836 τοῦ
1987 4783 2091 4838 ἀν-

546 4879 792 4949 θρώπου
823 4877 1020 4948 ψυχη,
1062 4876 1209 4932 οὐδὲ
1262 4877 1330 4930 ἐκ
1364 4876 1788 4946 πρεσϐυτέρων
1830 4875 2092 4945 ἁμαρτη-

540 4968 755 5041 μάτων
786 4969 826 5036 ἡ
870 4967 1224 5036 σωμάτωσις
1248 4965 1402 5020 κατά
1436 4982 1606 5033 τινας
1628 4980 1643 4995 ·
1696 4965 2089 5034 προκειμένου

540 5062 774 5134 ῥητοῦ,
815 5082 834 5113 ι
867 5057 987 5118 Ἦν
1030 5059 1095 5114 τὸ
1129 5059 1257 5130 ςρῶς
1291 5060 1358 5114 τὸ
1408 5059 1724 5128 ἀληθινὸν,
1777 5057 1810 5112 ὃ
1856 5057 2086 5128 φωτίζει

548 5153 757 5208 πάντα
799 5153 1118 5219 ἄνθρωπον
1155 5152 1486 5222 ἐρχόμενον
1522 5153 1609 5218 εις
1649 5151 1758 5205 τὸν
1813 5151 2080 5220 κόσμον·

549 5248 626 5301 ἐν
651 5244 736 5311 τῷ
771 5246 979 5313 κόσμῳ
1004 5239 1104 5312 ἦν.
1139 5263 1158 5296 ι

478 5345 530 5398 ι’.
567 5342 706 5392 ’Ὅτι
739 5341 932 5408 μόνος
964 5336 1116 5390 κατὰ
1151 5336 1345 5404 φύσιν
1385 5335 1519 5400 Υἱὸς
1545 5335 1614 5389 ἐκ
1643 5334 1873 5405 Πατρός
1908 5338 1940 5389 ό
1963 5337 2083 5389 Mo-

550 5429 839 5502 νογενὴς,
856 5431 937 5495 ὡς
948 5428 1017 5494 ἐξ
1028 5428 1238 5491 αὐτοῦ,
1259 5428 1355 5482 καὶ
1373 5429 1444 5482 ἑν
1468 5427 1631 5495 αὐτῷ
1649 5443 1661 5456 ·
1686 5426 2082 5513 προκειμένου

543 5522 777 5593 ῥητοῦ,
816 5541 833 5573 ι
871 5521 1022 5575 Θεὸν
1059 5519 1260 5587 οὐδεὶς
1284 5520 1506 5590 ἑώρακε
1525 5518 1782 5575 πώποτε.
1825 5539 1841 5570 ι

2202 1760 2253 1815 1.
2337 1759 2492 1827 Quod
2548 1769 2777 1814 wternus
2817 1769 2866 1815 et
2903 1767 3026 1814 ante
3081 1753 3286 1812 scecula
3336 1752 3406 1807 sit
3457 1749 3794 1822 Unigenitus,

2266 1853 2537 1922 proposito
2574 1851 2739 1918 dicto,
2769 1870 2788 1904 ι
2843 1851 2911 1906 In
2938 1849 3203 1922 principio
3237 1854 3356 1902 erat
3405 1843 3652 1900 Verbum.
3697 1862 3715 1894 ι

2194 1945 2250 2000 2.
2295 1945 2451 2012 Quod
2474 1954 2524 2001 et
2557 1943 2701 2000 Deus
2754 1954 2806 1999 et
2835 1939 3308 1998 consubstantialis
3355 1936 3514 1992 Patri
3565 1951 3683 1989 cum
3730 1938 3798 1990 sit

2266 2037 2470 2104 Filius,
2501 2039 2556 2092 in
2576 2038 2799 2107 propria
2846 2046 2925 2093 est
2963 2034 3263 2107 hypostasi,
3317 2029 3570 2086 similiter
3617 2037 3798 2082 autem

2267 2140 2319 2186 et
2349 2129 2510 2185 Pater
2540 2145 2558 2184 :
2587 2130 2860 2201 proposito
2899 2129 3066 2195 dicto,
3105 2147 3122 2179 ι
3162 2123 3232 2179 Et
3263 2123 3490 2178 Verbum
3519 2130 3633 2176 erat
3656 2121 3800 2190 apud

2271 2223 2463 2278 Deum.
2503 2242 2522 2274 ›

2195 2316 2247 2371 5.
2291 2314 2449 2382 Quod
2482 2315 2624 2371 Deus
2677 2313 2969 2370 secundum
3002 2319 3280 2375 naturam,
3319 2321 3410 2361 nec
3463 2304 3576 2359 ullo
3631 2303 3790 2359 modo

2267 2390 2362 2464 aut
2393 2411 2604 2478 minor,
2637 2417 2729 2463 aut
2764 2406 3046 2462 dissimilis
3071 2403 3231 2459 Patri
3268 2401 3337 2456 sit
3371 2397 3574 2466 Filius,
3604 2414 3800 2470 propo-

2266 2503 2368 2558 sito
2398 2502 2568 2569 dicto,
2615 2519 2636 2555 ι
2677 2501 2746 2556 Ει
2798 2500 2940 2556 Deus
2977 2505 3094 2554 erat
3141 2494 3388 2551 Verbum.
3427 2513 3446 2547 ι

2193 2680 2247 2734 4.
2287 2678 2553 2734 Adversus
2591 2695 2679 2734 eos
2721 2678 2811 2748 qui
2857 2676 3032 2730 dicere
3065 2672 3286 2736 audent,
3321 2668 3472 2724 aliud
3522 2684 3634 2722 esse
3663 2667 3798 2722 inte-

2264 2769 2376 2821 rius
2407 2768 2545 2823 illud
2561 2780 2611 2824 et
2638 2768 2887 2824 naturale
2907 2768 2962 2822 in
3004 2765 3169 2820 Patre
3208 2761 3466 2828 Verbum,
3494 2759 3674 2825 aliud,
3705 2759 3800 2829 qui

2265 2860 2407 2928 apud
2447 2861 2658 2916 divinas
2701 2861 3009 2930 Scripturas
3055 2856 3236 2912 Filius
3294 2855 3631 2918 nominatur,
3678 2868 3799 2923 qua:

2264 2954 2566 3022 perniciosa
2607 2953 3072 3007 Eunomianorum
3103 2959 3181 3004 est
3213 2949 3414 3017 opinio.
3459 2945 3798 3015 Proponitur

2267 3053 2445 3098 autem
2473 3045 2676 3100 dictum
2707 3044 2878 3099 illud:
2909 3061 2926 3096 ι
2968 3041 3086 3096 Hoc
3105 3051 3221 3098 erat
3257 3043 3313 3095 in
3341 3041 3606 3111 principio
3651 3039 3796 3108 apud

2268 3134 2458 3192 Deum.
2491 3154 2512 3189 ι

2193 3228 2247 3284 5.
2291 3228 2448 3296 Quod
2475 3237 2672 3282 natura
2695 3243 2797 3282 sua
2828 3235 3038 3282 creator
3060 3227 3125 3282 sit
3152 3225 3333 3280 Filius
3363 3241 3484 3280 cum
3512 3223 3696 3285 Patre,
3737 3233 3795 3274 ut

2259 3321 2351 3391 qui
2376 3335 2442 3374 ex
2473 3320 2588 3390 ejus
2617 3319 2946 3387 substantia,
3000 3328 3051 3374 et
3099 3336 3206 3375 non
3255 3328 3513 3389 tanquam
3549 3317 3796 3371 minister

2263 3411 2334 3466 ad
2367 3413 2420 3466 id
2447 3421 2775 3482 assumptus,
2797 3414 3069 3484 proposito
3109 3411 3278 3480 dicto,
3307 3430 3326 3464 ι
3364 3410 3560 3467 Omnia
3593 3424 3687 3479 per
3713 3409 3796 3479 ip-

2263 3520 2382 3558 sum
2407 3503 2554 3574 facta
2581 3517 2727 3563 sunt.
2759 3523 2779 3557 ι

2191 3596 2245 3653 6.
2278 3596 2433 3664 Quod
2461 3598 2570 3652 vita
2611 3599 2899 3653 secundum
2956 3606 3213 3654 naturam
3255 3598 3325 3653 sit
3377 3597 3576 3661 Filius,
3638 3603 3796 3666 atque

2260 3689 2382 3745 ideo
2405 3705 2510 3745 non
2544 3700 2779 3758 creatus,
2810 3691 2903 3748 sed
2927 3708 2993 3748 ex
3011 3693 3320 3747 substantia
3364 3689 3460 3745 Dei
3487 3705 3553 3743 ac
3583 3687 3791 3749 Patris,
3849 3761 3853 3766 ί

2259 3782 2534 3854 proposito
2557 3783 2719 3852 dicto,
2769 3801 2789 3836 ι
2844 3784 3002 3853 Quod
3031 3785 3235 3855 factum
3257 3793 3357 3849 est,
3411 3783 3470 3838 in
3512 3783 3629 3852 ipso
3677 3781 3794 3836 vita

2257 3887 2398 3932 erat.
2444 3896 2464 3928 ι

2192 3967 2242 4019 7.
2282 3965 2438 4031 Quod
2460 3965 2556 4020 tua:
2595 3967 2888 4023 secundum
2922 3978 3178 4024 naturam
3201 3969 3274 4024 sit
3319 3965 3522 4030 Filius,
3569 3974 3620 4020 et
3661 3979 3790 4034 pro-

2256 4059 2380 4114 inde
2401 4077 2505 4114 non
2523 4071 2757 4128 creatus,
2795 4062 2887 4117 sed
2909 4077 2974 4117 ea:
2999 4062 3307 4118 substantia
3343 4061 3443 4114 Dei
3477 4077 3540 4114 ac
3573 4058 3788 4120 Patris.

2263 4159 2319 4203 ut
2346 4151 2440 4204 lux
2469 4167 2590 4205 vero
2609 4151 2674 4206 de
2715 4153 2830 4207 luce
2858 4170 3005 4220 vera,
3037 4154 3310 4224 proposito
3345 4153 3512 4220 dicto,
3539 4169 3558 4202 ι
3596 4149 3664 4204 Et
3683 4150 3793 4204 vita

2262 4250 2377 4293 erat
2404 4239 2500 4295 lux
2531 4241 2826 4298 hominum.
2866 4261 2886 4296 ι

2193 4424 2248 4479 8.
2292 4422 2448 4490 Quod
2479 4422 2626 4478 solus
2672 4421 2852 4479 Filius
2900 4423 2999 4479 Dei
3035 4425 3106 4479 sit
3150 4441 3274 4480 vera
3332 4425 3427 4479 lux
3473 4438 3490 4478 :
3539 4433 3788 4479 creatura

2266 4532 2371 4570 non
2394 4515 2518 4569 item
2545 4557 2560 4582 ,
2601 4533 2722 4570 cum
2757 4517 2830 4573 sit
2857 4516 2993 4572 lucis
3032 4518 3295 4587 particeps
3339 4525 3521 4588 utpote
3569 4527 3786 4573 creata:

2263 4610 2538 4680 proposito
2575 4609 2744 4677 dicto,
2790 4629 2808 4662 ι
2853 4608 2989 4665 Erat
3013 4609 3109 4664 lux
3141 4625 3282 4665 vera.
3325 4628 3343 4662 ι

2193 4787 2246 4843 9.
2290 4786 2445 4854 Quod
2480 4787 2710 4842 hominis
2753 4787 2938 4841 anima
2997 4796 3122 4841 ante
3155 4801 3348 4855 corpus
3376 4800 3481 4838 non
3532 4783 3786 4847 exsistat,

2264 4895 2426 4949 neque
2455 4878 2518 4933 ob
2545 4877 2896 4947 prtecedentia
2918 4885 3138 4947 peccata
3171 4877 3381 4947 corpori
3409 4877 3787 4943 immergatur,

2268 4981 2325 5025 ut
2381 4972 2626 5026 nonnulli
2671 4981 2918 5027 asserunt
2956 4988 2974 5026 :
3016 4971 3288 5042 proposito
3340 4969 3483 5024 dicto
3509 5013 3523 5036 ,
3564 4986 3583 5020 ι
3650 4968 3789 5024 Erat

2269 5065 2362 5118 lux
2396 5080 2546 5128 vera,
2574 5080 2693 5135 qua:
2712 5064 2991 5119 illuminat
3036 5079 3242 5119 omnem
3289 5063 3550 5116 hominem
3582 5062 3790 5116 venien-

2267 5164 2365 5209 tem
2403 5155 2456 5208 iu
2483 5155 2622 5210 hunc
2657 5155 2934 5211 mundum.
2992 5155 3060 5209 In
3092 5154 3290 5209 mundo
3313 5163 3450 5210 erat.
3481 5172 3500 5206 υ

2193 5245 2280 5300 10.
2325 5244 2480 5311 Quod
2501 5246 2646 5302 solus
2666 5249 2956 5302 secundum
2995 5257 3249 5301 naturam
3300 5244 3480 5300 Filius
3510 5260 3576 5300 ex
3622 5243 3788 5299 Patre

2265 5339 2334 5393 sit
2368 5338 2701 5410 Unigenitus,
2737 5349 2795 5394 ut
2820 5356 2888 5395 ea;
2914 5342 3052 5410 ipso,
3086 5349 3137 5395 et
3159 5341 3214 5394 in
3240 5341 3379 5410 ipso,
3404 5337 3675 5407 proposito
3701 5335 3785 5387 ai-

2264 5436 2369 5494 cto,
2413 5447 2431 5481 ι
2454 5426 2622 5485 Deum
2653 5446 2810 5485 nemo
2835 5428 2966 5485 vidit
2998 5445 3260 5500 unquam.
3295 5445 3314 5479 ι
