4156 6486
371 404 443 464 19
1362 393 1421 446 S.
1453 385 1729 446 CYRILLI
1763 380 2245 442 ALEXANDRINI
2271 377 2595 437 ARCHIEP.
3571 373 3644 432 90

381 531 3620 582 ΝΜ

1185 709 1413 795 ΤΟΥ
1485 710 1628 794 ΕΝ
1693 700 2055 791 ΛΓΙΟΙΣ
2093 697 2526 786 ΠΑΤΡΟΣ
2590 693 2936 784 ΗΜΩΝ.

1486 888 2530 1028 ΚΥΡΙΛΛΟΥ

839 1134 1996 1266 ,ΑΡΧΙΕΠΙΣΚΟΠΟΥ
2128 1113 3142 1215 ΑΛΕΞΑΝΔΡΕΙΑΣ

1572 1317 1908 1374 ΕΞΠΓΗΣΙΣ
1944 1309 2524 1371 ΥΠΟΜΝΗΜΑΤΙΚΗ

533 1495 776 1662 ΕΙΣ
855 1490 1062 1608 ΤΟ
1165 1489 1584 1605 ΚΑΤΑ
1674 1449 2402 1599 ΙΩΑΝΝΗΝ
2495 1451 3511 1592 ΕΥΑΓΓΕΑΙΟΝ.

1614 1707 1979 1797 ΛΟΓΟΣ
2053 1702 2523 1791 ΠΡΩΤΟΣ.

1284 2070 1442 2226 S.
1487 2076 1660 2223 P.
1726 2069 1909 2221 N.
1969 2065 2756 2220 CYRILLI

1083 2361 1901 2453 ALEXANDRUE
2037 2309 2962 2450 ARCHIEPISCOPI

1748 2547 2346 2613 COMMENTARIUS

749 2765 916 2879 IN
1055 2763 1183 2877 S.
1314 2757 2021 2877 JOANNIS
2149 2738 3301 2872 EVANGELIUM.

1551 2999 1910 3090 LIBER
1992 2991 2492 3101 PRIMUS.

1985 3219 2057 3232 —

477 3367 619 3440 6—7
647 3363 944 3434 Perspicax
982 3373 1175 3419 revera
1225 3364 1278 3414 et
1308 3356 1575 3412 divinitus
1611 3353 1802 3408 edocta
1827 3367 1981 3408 mens

2170 3352 2426 3423 ’Ᾱκριὸὴς
2459 3350 2628 3416 ὅντως
2676 3348 2769 3404 καὶ
2807 3346 3144 3405 θεοδίδακτος
3171 3339 3279 3395 τῶν
3309 3338 3479 3408 ἁγίων
3508 3338 3673 3409 εὐαγο

410 3431 843 3514 οεῖεειῖιοιονιιιῃ
867 3449 1348 3521 cvangelistarum,
1377 3461 1500 3516 qute
1533 3445 1683 3499 velut
1711 3459 1741 3498 e
1775 3443 1989 3497 tumulo

2107 3444 2357 3514 γελιστῶν
2379 3447 2412 3515 ἡ
2437 3444 2664 3505 διάνοια,
2700 3440 2946 3509 καθάπερ
2977 3435 3084 3491 ἀπό
3130 3449 3274 3496 τινος
3308 3431 3544 3502 γηλόφου
3580 3431 3676 3485 καὶ

413 3547 650 3618 quodam
693 3560 757 3599 ac
783 3543 1006 3614 specula
1039 3541 1342 3612 magniﬁca:
1379 3535 1861 3606 contemplationis
1887 3550 1991 3588 un-

414 3640 578 3709 dique
599 3634 982 3705 circumspicit
1008 3624 1154 3703 quod
1175 3632 1299 3690 usui
1333 3631 1404 3687 sit
1428 3621 1795 3695 auditoribus,~
1819 3637 1874 3682 et
1897 3644 1992 3682 ve-

415 3730 661 3786 hementi
689 3728 872 3783 studio
891 3727 1112 3796 indagat
1132 3724 1279 3795 quod
1297 3723 1610 3778 conducere
1638 3728 1792 3791 putet
1809 3721 1879 3776 iis
1898 3720 1993 3790 qui

416 3836 605 3876 veram
642 3820 957 3875 divinorum
981 3818 1289 3873 doctrinam
1343 3817 1658 3886 dogmatum
1691 3814 1910 3880 sitiunt,
1940 3821 1996 3868 et

418 3913 736 3972 abstrusum
762 3912 815 3965 in
837 3911 1142 3980 Scripturis
1161 3909 1365 3965 divinis
1385 3920 1533 3964 recto
1565 3909 1746 3964 animo
1769 3919 1996 3964 sensum

419 4004 725 4075 inquirunt.
749 4001 868 4056 Non
890 4002 1034 4058 enim
1065 4000 1300 4056 curiosis
1329 3999 1764 4070 indagatoribus,
1794 4000 1999 4069 quique

419 4096 664 4152 sinuosis
699 4094 974 4149 rationum
1029 4093 1291 4148 versutiis
1338 4093 1522 4163 potius
1565 4108 1732 4163 quam
1762 4091 2001 4147 veritate

419 4185 784 4250 delectantur,
821 4185 1031 4239 revelat
1071 4183 1333 4254 Spiritus,
1365 4201 1489 4239 eum
1529 4199 1630 4240 nec
1673 4186 1727 4239 in
1763 4183 2002 4237 malevo-

421 4275 527 4328 lam
561 4274 800 4328 animam
849 4273 1086 4326 introeat
1121 4274 1409 4343 sapientia,
1453 4289 1634 4343 neque
1676 4286 1842 4342 porro
1875 4283 2002 4339 prc-

422 4363 598 4418 tiosas
627 4361 957 4430 margaritas
987 4377 1277 4430 porcorum
1321 4363 1554 4433 pedibus
1595 4359 1772 4415 obteri
1833 4358 2000 4423 sinat,

427 4453 524 4508 sed
559 4453 613 4506 in
645 4451 1040 4521 simpliciorum
1090 4454 1368 4509 mentibus
1411 4451 1781 4508 libentissime
1815 4463 2004 4503 verse-

371 4540 373 4542 ’
428 4554 538 4608 tur,
579 4543 880 4613 praesertim
917 4558 1044 4598 cum
1080 4551 1134 4598 et
1166 4545 1502 4600 sinceriores
1532 4550 1717 4596 motus
1742 4539 2003 4604 habeant,

427 4641 484 4689 et
521 4648 692 4689 vanas
723 4634 1025 4703 argutiolas
1055 4645 1344 4705 respuant,
1370 4634 1575 4705 quibus
1596 4633 1654 4700 8
1680 4645 1825 4700 saepe
1857 4629 1914 4683 lit
1946 4638 2006 4683 ut

2096 3538 2383 3610 περιωπῆς
2408 3536 2504 3606 τῆς
2523 3537 2581 3587 ὲν
2605 3532 2683 3603 τῷ
2712 3527 3212 3595 δύνασθαιθεωρεῖν
3234 3523 3674 3593 μεγαλειότητος,

2098 3625 2430 3698 πανταχόθεν
2464 3626 2524 3677 τὸ
2573 3625 2683 3686 τοῖς
2733 3617 3105 3692 ἀκροωμένοις
3136 3611 3511 3685 περιαθροῦσα
3539 3613 3676 3682 χρή-

2100 3734 2279 3789 σιμον,
2312 3715 2406 3768 καὶ
2443 3712 2578 3784 μετὰ
2614 3709 2860 3764 συντόνου
2908 3706 3052 3769 τινὸς
3089 3704 3380 3776 θηρωμένη
3417 3701 3674 3770 σπουδῆς,

2097 3813 2234 3880 ὅπερ
2272 3808 2337 3861 ἂν
2391 3805 2657 3873 ὑπάρχειν
2704 3801 2883 3870 οἴηται
2928 3796 3203 3858 λυσιτελὲς
3235 3796 3347 3856 τοῖς
3374 3794 3463 3846 τὸν
3501 3790 3676 3861 ἀληθῆ

2099 3903 2207 3956 τῶν
2237 3900 2396 3954 θείων
2419 3895 2702 3965 δογμάτων
2759 3891 2950 3962 διψῶσι
2979 3889 3159 3957 λόγον,
3189 3887 3290 3940 ’καὶ
3322 3883 3458 3957 μετά
3485 3900 3680 3954 προαι-
3759 3947 3762 3952 _

2103 3995 2305 4067 ρέσεως
2333 3989 2545 4059 ἀγαθῆς
2576 3987 2671 4058 τὴν
2696 3984 3149 4057 ὲγκεκρυμμένην
3182 3985 3301 4046 ταῖς
3331 3981 3500 4043 θείαις
3534 3978 3675 4062 Γρα-

2103 4054 2229 4155 ίραῖς
2257 4054 2516 4156 ἐρευνῶσι
2569 4054 2825 4135 διάνοιαν.
2976 4054 3084 4147 γὰρ
3115 4077 3228 4136 τοῖς
3263 4054 3686 4142 περιεργότερον

2103 4176 2436 4242 ἐξετάζουσι,
2473 4172 2568 4226 καὶ⁵
2608 4169 2967 4231 πολυπλόκοις
2994 4163 3268 4234 λογισμῶν
3311 4164 3548 4223 ἀπάταις
3587 4163 3683 4230 ὲφ-

2103 4267 2382 4340 ηδομένοις
2399 4265 2595 4335 μᾶλλον
2634 4263 2667 4332 ἢ
2688 4265 2754 4332 τῇ
2775 4260 3000 4330 ἀληθείᾳ
3026 4256 3445 4328 προσχαίρουσιν
3472 4255 3683 4306 ἀποκα-

2104 4363 2295 4416 λύπτει
2323 4359 2382 4413 τὸ
2414 4357 2654 4425 Πνεῦμα,
2678 4354 2800 4407 ἐπεὶ
2830 4353 2966 4423 μήτε
3001 4351 3080 4412 εἰς
3103 4345 3428 4417 κακότεχνον
3446 4343 3676 4415 εἰσέρχε-

2104 4472 2196 4508 ται
2218 4453 2416 4522 ψυχὴν,
2447 4451 2584 4518 μήτε
2615 4447 2720 4518 μὴν
2750 4444 2924 4508 ἄλλως
2949 4439 3228 4496 κυλίεσθαι
3251 4437 3402 4509 παρά
3430 4437 3542 4498 τοῖς
3577 4434 3686 4486 ὑῶν

2109 4548 2236 4601 ποσὶ
2285 4544 2411 4607 τοὺς
2455 4543 2670 4611 τιμίους
2715 4537 2901 4608 ἐφίησι
2967 4533 3350 4604 μαργαρίτας·
3387 4529 3582 4598 ἥδιστα
3628 4525 3686 4578 δὲ

2108 4639 2228 4692 λίαν
2254 4637 2372 4698 ταῖς
2403 4630 2801 4700 ἁπλουστέραις
2831 4627 3091 4688 διανοίαις
3119 4622 3459 4693 προσομιλεῖ,
3499 4620 3594 4673 ἆτε
3623 4618 3686 4688 δὴ

429 4727 760 4795 percellatur
803 4726 1046 4795 animus,
1088 4737 1144 4783 et
1183 4741 1448 4798 perverso
1487 4725 1631 4780 ﬂexu
1661 4723 1730 4778 de
1763 4731 1916 4778 recta
1955 4729 2003 4777 et

2111 4731 2204 4783 καὶ
2234 4724 2702 4795 ἀπανουργότερον
2719 4717 2967 4789 ἐχούσαις
2995 4714 3053 4768 τὺ
3071 4714 3300 4783 κίνημα,
3333 4711 3508 4765 καὶτὸ
3539 4707 3684 4777 σοφί‹

430 4819 578 4888 regia
612 4819 700 4874 via
736 4819 1004 4874 decedat:
1070 4839 1088 4872 ι
1137 4819 1399 4876 Ambulat
1457 4817 1606 4872 enim
1665 4814 2006 4869 conﬁdenter

431 4911 527 4980 qui
578 4911 899 4982 simpliciter
949 4911 1216 4976 ambulat,
1257 4930 1276 4961 ι
1315 4915 1375 4964 ut
1431 4916 1517 4963 est
1569 4906 1714 4976 apud
1753 4904 2006 4960 Salomoo

434 5017 558 5058 nem
595 4991 844 5058 1“Cum
888 5017 1020 5072 ergo
1053 5001 1320 5056 mirabilis
1346 5000 1418 5054 sit
1442 4999 1497 5053 in
1534 4998 1744 5053 sanctis
1774 5012 2009 5067 evange-

435 5095 578 5151 listis
608 5105 869 5150 accurata
902 5093 995 5148 illa
1028 5091 1304 5149 scribendi
1337 5091 1562 5146 solertia
1615 5091 1672 5160 (ι
1705 5089 1825 5145 Νοη
1860 5090 2009 5144 enim

437 5188 538 5257 ipsi
578 5188 901 5258 loquuntur,
942 5207 961 5240 ι
1017 5195 1076 5242 ut
1117 5185 1195 5240 ait
1243 5184 1518 5248 Salvator,
1570 5202 1590 5236 ι
1640 5184 1735 5240 sed
1767 5183 2012 5252 Spiritus

435 5279 616 5336 Patris
636 5280 727 5349 qui
755 5279 808 5331 in
832 5277 912 5333 eis
933 5285 1019 5333 est
1045 5276 1087 5307 ιδ
1113 5276 1183 5346 ι),
1217 5289 1326 5331 non
1350 5275 1448 5331 abs
1472 5291 1532 5331 re
1565 5275 1824 5330 fateberis
1843 5273 2012 5328 Joan-

436 5371 524 5426 nis
570 5367 955 5438 Evangelium,
1011 5367 1059 5422 si
1121 5366 1410 5421 notionum
1468 5368 1884 5428 sublimitatem,
1959 5373 2013 5421 et

439 5463 637 5525 mentis
672 5474 924 5522 acumen,
978 5469 1034 5514 et
1066 5459 1250 5530 jugcm
1281 5460 1626 5530 aliarumque
1657 5461 1778 5516 aliis
1822 5474 2013 5515 succe-

439 5553 684 5608 dentium
719 5549 1114 5605 sententiarum
1143 5549 1444 5606 illationem
1466 5552 1757 5621 respicias,
1794 5566 2012 5607 omnem

439 5656 700 5715 superare
732 5641 950 5711 penitus
973 5641 1415 5698 admirationem.
1444 5644 1683 5701 Invicem
1713 5644 1858 5702 enim
1881 5659 2013 5702 con-

515 5800 576 5833 W
602 5798 757 5858 Prov.
801 5816 856 5871 κ,
897 5801 950 5858 9.
1033 5802 1074 5835 ³⁵
1105 5800 1296 5857 Matth.
1333 5818 1386 5872 x,
1420 5803 1510 5860 20.

2112 4820 2299 4885 ζεσθαι
2341 4815 2570 4886 περιττά
2613 4809 3096 4883 παραιτουμέναις,
3137 4799 3181 4873 ᾧ
3220 4805 3284 4874 δὴ
3339 4803 3555 4863 πάντως
3593 4799 3680 4856 καί

2111 4911 2172 4964 τὸ
2215 4905 2613 4976 ἐκπλήττεσθαι
2664 4899 2980 4972 συμϐαίνειν
3014 4895 3317 4959 ἀκολουθεῖ,
3347 4895 3441 4946 καὶ
3497 4893 3562 4944 ὲκ
3594 4886 3683 4946 τοὶ

2113 4999 2233 5052 λίαν
2257 4999 2334 5060 είς
2362 4992 2531 5058 δεξιὸν
2557 4991 2655 5061 τῆς
2683 4988 2893 5051 εὐθείας
2919 4987 3010 5040 καὶ
3033 4984 3313 5055 βασιλικῆς
3337 4982 3440 5046 ἔξω
3471 4980 3692 5032 πίπτειν

2114 5088 2256 5143 ὁδοῦ·
2300 5105 2318 5139 ι
2348 5083 2645 5158 Πορεύεται-
2671 5080 2780 5150 γὰρ
2828 5075 3120 5141 πεποιθὼς,
3152 5073 3209 5136 ὃς
3243 5073 3428 5133 ἁπλῶς
3461 5069 3689 5139 πορεύε-

2113 5198 2224 5243 ται,
2265 5198 2283 5230 )
2327 5175 2468 5230 κατά
2493 5177 2591 5245 τὴν
2616 5172 2709 5226 τοῦ
2740 5169 3082 5239 Σολομῶντος
3123 5165 3336 5235 φωνήν·
3375 5159 3691 5232 θαυμαστὴν

2109 5254 2171 5326 ’δὲ
2201 5271 2320 5324 λίαν
2343 5269 2576 5340 ἐχόντων
2603 5263 2710 5318 τῶν
2747 5260 2915 5330 ἀγίων
2965 5255 3363 5325 εὐαγγελιστῶν
3387 5251 3485 5324 τὴν
3531 5252 3587 5304 ὲν
3614 5249 3692 5320 τῷ

2115 5366 2347 5436 γράφειν
2375 5339 2706 5430 ἀκρίϐειαν(
2741 5373 2757 5405 ι
2794 5352 2868 5404 Οὐ
2894 5349 3001 5418 γὰρ
3053 5346 3205 5398 αὐτοὶ
3235 5342 3475 5408 λαλοῦσι,
3509 5361 3526 5394 ι
3549 5339 3692 5394 κατά

2117 5433 2216 5529 τῆν
2243 5456 2337 5508 τοῦ
2370 5454 2620 5522 Σωτῆρος
2647 5445 2847 5518 φωνὴν,
2880 5461 2897 5496 ι
2929 5439 3064 5494 ἀλλά
3091 5437 3154 5490 τὸ
3191 5435 3416 5506 Πνεῦμα
3448 5433 3543 5488 τοῦ
3576 5433 3690 5486 Πα-

2121 5551 2244 5621 τρὸς
2267 5548 2327 5601 τὸ
2365 5549 2422 5602 ὲν
2447 5547 2630 5606 αὐτοῖς
2667 5542 2735 5609 ι),
2765 5538 2979 5597 πάντως
2998 5529 3232 5597 εὐλόγως
3267 5530 3522 5582 ἐπέκεινα
3557 5523 3690 5577 θαύ-

2126 5614 2293 5714 ματος
2321 5637 2419 5709 τὴν
2460 5635 2708 5691 Ἰωάννου
2725 5624 3055 5701 Συγγραφὴν
3080 5619 3453 5678 ἀνατεθεῖσθαι
3472 5614 3587 5685 δοίη
3607 5630 3694 5676 τις
3749 5693 3758 5698 Ι
