4156 6504
389 345 448 401 ,ιι
672 351 678 355 ’
1455 340 1519 393 ΙΝ
1559 339 1847 397 JOANNIS
1889 343 2009 397 EVA.

2114 343 2340 401 πειιωι
2387 341 2514 395 ιλιι.
2558 343 2594 397 f.
2851 313 2862 322 ’
3623 346 3694 398 π

389 461 479 524 ἂν,
506 459 584 523 είς
603 476 659 511 τε
676 458 738 511 τὸ
763 457 868 512 τῶν
894 457 1268 530 θεωρημάτων
1305 457 1632 512 ἀποελέπων
1668 461 1995 533 ὑπερφερὲς,

2114 469 2336 515 currunt
2371 463 2434 514 ad
2466 463 2778 516 divinorum
2810 463 3130 533 dugmatutn
3157 460 3607 532 explicationem,
3641 470 3696 517 et

387 559 485 611 val.
511 557 614 625 τῆς
628 555 873 620 διανοίας
886 554 1054 610 αὑτοῦ
1070 555 1167 626 τὴν
1189 555 1448 627 ὀξύτητα,
1467 556 1560 609 καὶ
1572 558 1669 627 τὴν
1689 557 1884 626 συνεχῆ
1901 556 1995 608 καὶ

388 648 808 719 ἀλλεπάλληλον
839 647 949 702 τῶν
980 649 1268 719 νοημάτων
1305 649 1662 721 ὲπεισφορὰν.
1701 649 1996 718 Σύνδρομοι

389 743 493 812 μὲν
520 741 630 813 γὰρ
657 741 911 812 ἀλλήλοις
935 742 1041 794 εἰσὶ
1085 741 1212 812 περὶ
1244 740 1342 812 τὴν
1373 740 1481 793 τῶν
1518 741 1677 794 θείων
1711 741 1997 810 δογμάτων

390 834 678 903 ἐξήγησιν,
715 833 813 886 καὶ
843 833 980 904 πρὸς
1001 833 1098 886 ἕνα
1129 833 1379 904 καθάπερ
1403 833 1513 886 ἀπὸ
1543 833 1748 901 νύσσης
1770 833 1999 901 ἀφέντες

393 925 794 996 ἱπποδρομοῦσι
819 926 1049 980 σκοπόν·
1079 926 1334 998 διάφορον
1354 925 1411 979 δέ
1439 944 1556 988 πως
1573 927 1754 990 αὐτοῖς
1781 925 2000 995 ἐξυφαί-

388 1037 545 1072 νεται
571 1020 668 1072 τοῦ
702 1019 862 1088 λόγου
895 1019 956 1073 τὸ
989 1021 1196 1092 σχῆμα·
1230 1020 1322 1074 καί
1377 1037 1468 1091 μοι
1496 1020 1717 1074 δοκοῦσι
1751 1038 2000 1090 προσεοι-

388 1112 550 1166 κέναι
577 1114 741 1177 τισὶν,
791 1109 874 1177 οἷς
914 1114 996 1177 είς
1036 1114 1164 1184 μίαν
1203 1113 1301 1184 μὲν
1333 1113 1724 1184 συνενεχθῆναι
1759 1113 1915 1167 πόλιν
1940 1113 2000 1166 τὸ

388 1204 690 1274 σύνταγμα
717 1246 732 1269 ,
788 1206 849 1259 τό
875 1222 940 1274 γε
970 1205 1077 1278 μὴν
1098 1205 1186 1260 διὰ
1223 1208 1355 1277 μιᾶς
1396 1207 1490 1260 καὶ
1523 1208 1621 1277 τῆς
1670 1207 1838 1278 αὐτῆς
1865 1207 2004 1261 λεω-

389 1293 564 1364 φόρου
596 1294 834 1364 βαδίζειν
861 1295 920 1348 οὐ
954 1298 1174 1360 πάντως
1224 1295 1535 1352 συνδοκοῦν.
1573 1297 1728 1350 Ἔστι
1762 1297 1860 1368 μὲν
1893 1296 2001 1367 γὰρ

393 1391 526 1452 τοὺς
548 1388 647 1458 μὲν
671 1389 864 1452 ἄλλους
890 1391 1023 1462 ὁρᾷν
1055 1389 1449 1459 εὐαγγελιστὰς
1475 1390 1614 1461 μετὰ
1637 1390 1839 1460 πολλῆς
1859 1408 2002 1454 τινος

389 1482 498 1550 τῆς
523 1482 815 1551 ἀκριϐείας
836 1482 928 1534 τὸν
959 1484 1087 1553 περὶ
1121 1483 1222 1552 τῆς
1267 1484 1410 1538 κατὰ
1442 1483 1622 1555 σάρκα
1652 1485 2001 1552 γενεαλογίας

391 1574 492 1627 τοῦ
524 1575 778 1646 Σωτῆρος
808 1576 968 1646 ἡμῶν
997 1578 1358 1646 ποιουμένους
1402 1577 1562 1646 λόγον
1583 1617 1596 1640 ,
1639 1580 1734 1631 καὶ
1773 1580 1901 1641 τοὺς
1944 1579 2002 1645 ἐξ

407 1665 667 1736 Ἀϐραὰμ
697 1667 802 1730 ἓως
841 1668 1041 1739 Ἰωσὴφ
1073 1669 1355 1741 στοιχηδὸν
1397 1671 1831 1742 καταφέροντας,
1869 1671 1900 1742 ἢ
1936 1667 2001 1724 αὖ

394 1760 562 1813 πάλιν
610 1759 1044 1826 ἀναϐιϐάζοντας
1069 1763 1194 1826 τοὺς
1240 1763 1300 1828 ἐξ
1327 1763 1522 1835 Ἰωσὴφ
1546 1767 1638 1818 ἐπὶ
1665 1765 1756 1818 τὸν
1795 1766 1966 1835 Ἀδάμ
1985 1783 2000 1799 ⁸

392 1851 489 1905 τὸν
518 1851 575 1904 δέ
603 1867 669 1920 γε
705 1853 980 1925 μακάριον
1023 1853 1407 1926 Ίωάννην,τῆς
1445 1858 1545 1927 μὲν
1574 1859 1665 1910 ἐπὶ
1700 1857 1910 1922 τούτοις
1942 1861 2000 1912 οὐ

391 1943 519 1996 λίαν
566 1945 974 2014 πεφροντικότα
1008 1946 1266 2016 σπουδῆς,
1304 1947 1624 2020 θερμοτάτῳ
1654 1949 1712 2002 δέ
1763 1967 1872 2002 τινι
1911 1951 2004 2004 καὶ

391 2034 649 2106 διαπύρῳ
710 2037 953 2100 διανοίας
1017 2040 1281 2110 κινήματι
1308 2040 1673 2110 κεχρημένον,
1718 2039 1793 2104 ὡς
1823 2041 2004 2093 αὐτῶν

394 2127 671 2181 ἅπτεσθαι
701 2129 813 2182 τῶν
845 2131 985 2202 ὑπὲρ
1008 2131 1134 2184 νοῦν
1160 2132 1253 2185 τὸν
1298 2131 1640 2204 ἀνθρώπινον
1685 2135 2002 2205 ἐπιχειρεῖν,

391 2223 495 2274 καὶ
531 2221 629 2292 τὴν
657 2222 897 2293 ἄρρητόν
945 2241 1003 2276 τε
1076 2225 1171 2277 καὶ
1203 2224 1485 2296 ἄφραστον
1537 2225 1631 2279 τοῦ
1665 2227 1800 2280 Θεοῦ
1829 2227 2003 2295 Λόγου

392 2313 657 2382 γέννησιν
683 2313 1004 2384 ἐξηγεῖσθαι
1027 2314 1252 2386 τολμᾷν.
1284 2317 1438 2387 ’ᾙδει
1470 2316 1570 2387 μὲν
1597 2318 1728 2388 γὰρ,
1760 2320 1840 2372 ὅτι
1879 2319 2005 2384 δόξα

393 2407 610 2472 Κυρίου
668 2405 903 2478 κρύπτει
953 2407 1148 2477 Λόγον,
1195 2410 1288 2462 καὶ
1324 2409 1507 2480 πάσης
1536 2410 1653 2462 ἐστὶ
1697 2413 1880 2480 μεῖζον
1908 2413 2006 2481 τῆς

335 2502 344 2508 ⁷
393 2499 455 2550 ἐν
488 2500 622 2568 ἡμῖν
663 2497 873 2562 ἐννοίας
902 2515 961 2552 τε
996 2501 1093 2552 καὶ
1124 2501 1306 2570 φωνῆς
1333 2501 1394 2553 τὸ
1425 2501 1730 2568 θεοπρεπὲς
1764 2502 2003 2572 ἀξίωμα,

391 2589 798 2660 δυσεκφώνητά
828 2609 887 2644 τε
936 2593 1032 2645 καὶ
1066 2591 1203 2663 πρὸς
1234 2593 1292 2645 τὸ
1326 2593 1724 2663 ἑκτρανοῦσθαι
1757 2595 2006 2665 χαλεπώ-

393 2699 538 2735 τατα
562 2684 632 2736 τὰ
658 2685 758 2754 τῆς
783 2683 1002 2752 φύσεως
1056 2686 1184 2738 ἴδια.
1231 2687 1448 2758 Ἐπειδὴ
1501 2687 1556 2740 δὲ
1598 2683 1664 2758 ἦν
1709 2689 2005 2756 ἀναγκαῖον

391 2775 602 2846 τρόπον
642 2776 766 2828 τινὰ
799 2776 1049 2846 σπιθαμῇ
1085 2779 1354 2848 μετρῆσαι
1387 2778 1477 2831 τὸν
1502 2779 1748 2849 οὐρανὸν,
1784 2778 1875 2832 καὶ
1896 2781 2006 2842 τοῖς

393 2865 607 2934 ὀλίγοις
637 2868 738 2936 τῆς
764 2866 1190 2938 ἀνθρωπότητος
1227 2868 1446 2940 μέτροις
1493 2871 1782 2942 ἐπιτρέψαι
1810 2873 2007 2941 χωρεῖν

395 2961 493 3012 ἐπὶ
539 2959 610 3012 τὰ
642 2962 776 3013 πᾶσι
808 2960 1110 3029 δυσέφικτα
1152 2963 1246 3014 καὶ
1274 2961 1628 3033 δυσδιήγητα,
1657 2962 1745 3015 ἵνα
1784 2965 1859 3034 μὴ
1897 2966 2009 3027 τοῖς

396 3054 984 3126 ἐτεροδιδασκαλοῦσιν
1015 3056 1042 3107 ό
1076 3053 1216 3107 κατὰ
1242 3053 1350 3107 τῶν
1379 3053 1766 3125 ἁπλουστέρων
1799 3055 2007 3108 ἐκπλα-

2103 555 2170 606 ad
2229 571 2398 608 unum
2440 555 2596 608 velut
2652 570 2681 608 a
2747 555 3069 610 carceribus
3130 554 3384 608 feruntur
3443 569 3694 624 scopum.

2104 642 2367 698 Diversus
2413 651 2596 698 autem
2654 644 2706 697 in
2744 644 2822 698 eis
2870 641 3285 714 quodau‘tmodo
3319 643 3544 698 habitus
3573 659 3692 697 ora-

2103 733 2269 787 tionis
2311 735 2544 799 texitur,
2579 743 2632 788 et
2674 734 2807 787 milii
2849 734 3055 787 similia
3087 734 3350 788 videntur
3390 748 3514 788 esse
3561 748 3701 788 non-

2103 828 2290 893 nullis,
2320 827 2413 897 qui
2447 827 2590 897 jussi
2622 827 2845 898 quidem
2879 835 3007 883 sunt
3042 829 3097 882 in
3132 843 3298 882 unam
3345 829 3539 881 urbem
3569 842 3702 882 cono

2104 920 2316 987 venire,
2369 920 2466 976 sed
2523 937 2620 990 per
2673 937 2842 975 unam
2901 921 3261 991 eamdemque
3319 921 3522 990 regiam
3559 919 3702 973 viam

2105 1028 2213 1068 non
2250 1013 2441 1083 utique
2472 1013 2651 1067 visum
2683 1023 2763 1068 est
2803 1011 3132 1084 procedere.
3163 1013 3312 1066 Alios
3341 1013 3486 1067 enim
3516 1009 3701 1064 videre

2103 1115 2187 1160 est
2216 1105 2590 1176 evangelistas
2626 1113 2890 1160 accurate
2932 1103 3232 1160 admodum
3271 1104 3583 1159 Servatoris
3611 1119 3704 1173 ge-

2105 1198 2416 1269 nealogiam
2483 1198 2798 1253 secundum
2871 1212 3097 1252 carnem
3170 1198 3475 1268 explicare,
3532 1202 3588 1249 et
3637 1194 3706 1249 ab

2104 1293 2417 1347 Abrahatno
2443 1292 2509 1347 ad
2532 1290 2740 1365 Joseplt
2778 1309 2954 1363 usque
2982 1291 3132 1347 illius
3173 1290 3375 1346 seriem
3407 1289 3704 1352 deducere,
3736 1277 3744 1285 ’

2105 1395 2204 1439 aut
2241 1384 2386 1441 facto
2416 1402 2612 1442 rursus
2644 1400 2881 1441 ascensu
2912 1401 2940 1438 a
2971 1383 3173 1454 Joseph
3200 1397 3380 1453 usque
3409 1383 3474 1436 ad
3497 1381 3710 1448 Adam;

2106 1481 2328 1534 beatum
2383 1495 2514 1536 vero
2557 1478 2830 1534 Joannem
2886 1477 3084 1534 isthmc
3133 1477 3280 1531 haud
3324 1475 3558 1529 multum
3607 1489 3709 1527 cu-
3754 1543 3762 1551 ι

2108 1587 2288 1638 rasse,
2335 1573 2430 1628 sed
2474 1587 2744 1644 perquam
2779 1570 2964 1627 calido
3005 1581 3061 1626 et
3092 1570 3309 1626 fervido
3343 1567 3516 1623 animi
3552 1575 3707 1621 motu

2105 1679 2173 1718 ea
2217 1663 2407 1718 statim
2447 1663 2721 1734 attingere
2767 1677 2890 1733 qua:
2917 1663 3172 1733 :mentem
3209 1662 3509 1716 humanam
3544 1675 3711 1730 supe—

2111 1765 2256 1819 rant,
2295 1766 2350 1813 et
2397 1771 2660 1811 arcanam
2693 1763 2863 1828 atque
2906 1755 3244 1811 ineffabilem
3290 1754 3382 1808 Dei
3413 1752 3579 1808 Verbi
3610 1769 3711 1807 na-

2109 1850 2380 1905 tivitatem
2417 1849 2680 1904 audacter
2705 1863 3004 1918 exponere.
3033 1845 3256 1902 Sciebat
3291 1845 3438 1901 enim
3478 1845 3709 1916 gloriam

2106 1941 2331 1995 Domini
2398 1941 2584 1996 celare
2635 1939 2896 2006 Verbum,
2945 1947 3000 1994 et
3056 1937 3326 2008 majorem
3383 1954 3508 1993 esse
3559 1937 3711 1990 omni

2110 2031 2350 2086 humana
2385 2040 2570 2086 mente
2607 2039 2661 2086 et
2698 2030 2955 2086 oratione
2990 2028 3214 2083 deitatis
3245 2026 3618 2096 maiestatem,
3659 2033 3714 2080 et

2110 2132 2325 2177 naturae
2357 2123 2560 2178 divinae
2592 2123 2969 2193 proprietates
3015 2121 3297 2193 explieatu
3333 2123 3555 2176 dicture
3594 2135 3716 2175 esse

2108 2212 2492 2268 difficillimas.
2521 2213 2661 2268 Cum
2697 2220 2882 2270 autem
2913 2227 3148 2268 necesse
3176 2222 3327 2268 esset
3361 2212 3545 2282 paluzo
3573 2225 3718 2281 quc-

2107 2307 2404 2362 dammodo
2436 2307 2618 2362 metiri
2655 2295 2886 2371 ccelum,
2933 2316 2988 2363 et
3026 2307 3286 2362 humanae
3315 2307 3520 2360 utentis
3555 2304 3713 2357 infir-

2110 2398 2284 2452 mitati
2309 2399 2518 2452 alitum
2549 2398 2616 2452 ad
2647 2414 2739 2454 res
2771 2407 2936 2467 captu
2967 2405 3021 2453 et
3049 2398 3329 2467 explicata
3353 2394 3717 2448 difficillimas

2109 2491 2347 2562 aperire,
2404 2507 2473 2545 ne
2523 2477 2902 2561 simpliciores
2955 2490 3352 2546 hazreticorum
3409 2485 3718 2542 incursioni

2063 2599 2066 2601 ·
2111 2591 2382 2653 paterent,
2418 2585 2577 2654 quasi
2607 2585 2759 2638 nulla
2791 2600 2898 2639 vox
2932 2594 3253 2640 sanctorum
3290 2581 3383 2653 qui
3423 2590 3477 2637 et
3501 2589 3718 2650 specta-

2111 2687 2283 2743 tores,
2318 2686 2372 2732 et
2401 2677 2646 2732 ministri
2681 2675 2845 2732 Verbi
2880 2675 3109 2743 fuerint,
3144 2676 3365 2730 illorum
3399 2671 3716 2744 malignita-

2113 2781 2218 2822 tem
2262 2769 2542 2832 retundat,
2591 2769 2660 2824 ad
2706 2770 2889 2840 ipsum
2920 2770 3236 2825 divinorum
3269 2768 3591 2839 dogmatum
3628 2778 3720 2816 ca-

2113 2873 2208 2935 put
2239 2866 2357 2920 acri
2395 2866 2586 2921 studio
2634 2881 2694 2921 se
2725 2864 2968 2930 confert,
3009 2867 3258 2920 clamans
3291 2884 3304 2918 :
3350 2883 3367 2915 ‹
3406 2862 3463 2915 lu
3507 2860 3718 2931 princi-

2113 2960 2202 3027 pio
2232 2968 2351 3013 erat
2383 2957 2648 3022 Verbum,
2688 2966 2742 3013 et
2778 2957 3023 3014 Verbum
3068 2965 3190 3013 erat
3241 2955 3382 3026 apud
3434 2954 3627 3019 Deuzm,
3667 2960 3722 3005 et

2114 3051 2258 3107 Deus
2311 3059 2432 3106 erat
2481 3049 2748 3106 Verbum.
2808 3049 2924 3105 Hoc
2973 3057 3093 3105 erat
3152 3050 3208 3104 in
3246 3047 3521 3119 principio
3575 3045 3719 3114 apud

396 3149 634 3219 τῦνηται
665 3148 886 3220 δρόμος,
916 3147 991 3211 ὡς
1026 3148 1284 3218 οὐδεμιᾶς
1335 3147 1444 3200 τῶν
1500 3148 1673 3217 ἁγίων
1722 3149 1929 3219 φωνῆς,
1957 3153 2006 3205 οἳ

2116 3143 2282 3198 Deum
2313 3144 2376 3198 ³⁸.
2424 3162 2442 3195 ι
2487 3142 2682 3214 Opera;
2714 3144 2957 3214 pretium
3009 3149 3196 3197 autem
3233 3140 3478 3194 arbitror
3532 3140 3601 3192 iis
3628 3139 3722 3208 qui

399 3241 500 3293 καὶ
531 3239 819 3299 αὐτόπται,
839 3240 932 3293 καὶ
955 3240 1229 3310 ὑπηρέται
1254 3238 1348 3292 τοῦ
1383 3240 1556 3308 Λόγου
1583 3239 1861 3308 γεγόνασι,
1888 3242 2009 3303 ταῖς

399 3332 636 3387 ἐκείνων
677 3330 1161 3402 παραποδιζούσης
1195 3331 1530 3398 κακονοίαις,
1565 3331 1786 3403 ἔρχεται
1809 3332 2010 3403 δριμὺς

401 3426 495 3478 ἐπ’
517 3424 652 3477 αὐτὸ
705 3423 816 3477 τῶν
863 3423 1024 3477 θείων
1066 3423 1353 3494 δογμάτων
1386 3424 1446 3476 τὸ
1477 3424 1833 3496 κυριώτατον,
1859 3444 1876 3476 ι
1925 3425 2013 3476 Ἑν

400 3520 575 3588 ἀρχῇ,
595 3515 755 3586 βοῶν,
782 3511 850 3587 ἦν
871 3518 898 3570 ὁ
923 3516 1116 3584 Λόγος,
1137 3517 1457 3585 καὶὸΛόγος
1488 3513 1555 3587 ἦν
1587 3517 1724 3588 πρὸς
1752 3517 2012 3598 τὸνΕξεὸν,

403 3613 506 3664 καὶ
524 3611 659 3674 Θεὸς
686 3606 753 3682 ἦν
783 3611 811 3661 ὁ
840 3610 1034 3678 Λόγος.
1066 3605 1233 3673 Οὗτος
1250 3606 1317 3682 ἦν
1341 3613 1396 3663 ὲν
1410 3612 1550 3681 ἀρχῇ
1573 3610 2008 3681 πρὸςτὸνθεόν.»

402 3706 452 3759 Χ
465 3705 623 3775 ρῆναι
644 3705 701 3756 δὲ
723 3699 897 3774 οἶμαι,
911 3703 1037 3766 τοὺς
1052 3706 1161 3767 τοῖς
1177 3705 1218 3755 ἱε
1230 3707 1342 3774 ροῖς
1359 3702 1681 3773 ὁμιλοῦντας
1695 3703 2017 3774 Γράμμασι,

405 3798 539 3859 τοὺς
573 3796 724 3868 παρὰ
757 3795 978 3849 πάντων
1005 3794 1326 3866 προσίεσθαι
1359 3794 1574 3861 λόγους,
1620 3794 1782 3864 οἵπερ
1813 3792 1877 3846 ἂν
1909 3789 2017 3847 εἷεν

407 3888 571 3941 καλοί
599 3907 655 3941 τε
690 3889 785 3941 καὶ
815 3887 1032 3956 ἀγαθοὶ,
1085 3887 1180 3941 καὶ
1225 3887 1286 3940 τὸ
1340 3887 1535 3957 βλάϐος
1567 3886 1782 3956 ἔχοντες
1825 3887 1976 3939 οὐδέν
2002 3903 2013 3914 ·

407 3981 558 4035 οὕτω
590 3981 702 4053 γὰρ
742 3981 808 4035 ἂν
839 3981 910 4035 τὰ
939 3981 1094 4052 παρὰ
1129 3983 1242 4044 τοῖς
1275 3981 1490 4044 πολλοῖς
1539 3980 1800 4044 ποικίλως
1821 3980 2014 4034 τεθεωι

413 4076 653 4147 ρημένα,
701 4076 795 4128 καὶ
830 4076 909 4138 είς
962 4075 1058 4128 ἕνα
1094 4075 1542 4144 συνεισφέροντες
1570 4073 1715 4136 νοῦν,
1751 4075 1832 4136 είς
1856 4073 2020 4125 καλὴν

409 4167 783 4239 ἀναϐήσονται
824 4168 924 4235 τῆς
967 4166 1221 4236 γνώσεως
1275 4166 1492 4236 μέτρον,
1523 4167 1618 4218 καὶ
1664 4166 1762 4236 τὴν
1795 4165 2020 4236 ἐργάτιν

411 4261 512 4314 καὶ
541 4259 712 4331 σοφὴν
762 4259 1211 4330 ἀπομιμούμενοι
1265 4257 1542 4328 μέλιτταν,
1568 4256 1634 4309 τὰ
1685 4256 1893 4325 γλυκέα
1925 4255 2019 4308 τοῦ

411 4350 729 4421 πνεύματος
802 4350 975 4422 κηρία
1048 4349 1418 4421 συμπήξειαν.
1481 4349 1618 4401 Φασὶ
1674 4348 1852 4401 τοίνυν
1914 4348 2021 4401 τῶν

411 4441 870 4513 φιλοπονωτὰτων
889 4442 1053 4505 τινὲς,
1083 4441 1159 4505 ὡς
1192 4442 1332 4511 μετὰ
1354 4441 1445 4493 τὸν
1463 4439 1558 4493 τοῦ
1584 4440 1836 4510 Σωτῆρος
1865 4439 2022 4510 ήμῶν

414 4534 673 4606 σταυρὸν,
691 4535 785 4587 καὶ
810 4534 910 4604 τὴν
941 4533 1024 4596 είς
1052 4531 1315 4604 οὐρανοὺς
1336 4530 1543 4595 ἄνοδον,
1585 4529 2013 4602 ψευδοποιμένες
2047 4524 2092 4582 D
2121 4529 2432 4587 Beelzebub
2465 4531 2508 4562 ¹⁸
2543 4548 2556 4586 :

413 4627 510 4680 καὶ
549 4622 1024 4695 ψευδοδιδάσκαλοί
1053 4617 1220 4687 τινες,
1257 4622 1462 4693 θηρίων
1509 4621 1819 4676 ἀτιθάσσων
1859 4621 2015 4692 δίκην

410 4722 528 4781 τοῖς
553 4717 650 4771 τοῦ
667 4717 920 4788 Σωτῆρος
938 4715 1358 4778 ἐπεισπεσόντες
1391 4713 1688 4785 ποιμνίοις,
1712 4713 2013 4786 τεθορυϐη-

413 4825 579 4864 κασιν
624 4808 684 4861 οὺ
734 4807 971 4880 μικρῶς,
1030 4807 1140 4860 ἀπὸ
1186 4806 1414 4878 καρδίας
1473 4803 1654 4858 αὐτῶν
1704 4804 2016 4870 λαλοῦντες,

413 4900 561 4954 καθὰ
621 4900 954 4970 γέγραπται,
1001 4898 1098 4952 καὶ
1151 4897 1253 4951 οὐκ
1305 4896 1416 4950 ἀπὸ
1467 4897 1737 4967 στόματος
1787 4895 2013 4967 Κυρίου·

419 4995 624 5065 μᾶλλον
653 4994 732 5057 δὲ,
760 4993 862 5047 οὐκ
898 4993 962 5045 ὲκ
993 4992 1160 5064 μόνης
1182 4990 1282 5061 τῆς
1314 4989 1519 5044 ἑαυτῶν
1545 4989 1792 5061 καρδίας,
1819 4989 1933 5042 ἀλλ’
1957 4990 2021 5043 ἐκ

412 5088 769 5158 διδαγμάτων
826 5085 922 5139 τοῦ
961 5085 1170 5139 οἰκείου
1231 5084 1460 5156 πατρὸς,
1493 5085 1588 5137 τοῦ
1633 5083 1883 5137 διαϐόλου
1927 5082 2020 5154 δη-

413 5178 576 5249 λαδή.
617 5195 636 5228 ι
662 5177 724 5229 Ei
755 5176 863 5247 γὰρ
881 5176 1058 5238 οὐδεὶς
1087 5174 1313 5229 δύναται
1342 5175 1520 5228 εἰπεῖν
1537 5174 1788 5247 ἀνάθεμα
1818 5173 2020 5245 Ἰησοῦ,

414 5271 465 5322 εί
500 5269 576 5340 μὴ
605 5269 664 5320 ὲν
699 5267 1052 5333 Βεελζεϐοἰιλ,
1092 5285 1110 5318 ι
1145 5266 1264 5330 πῶς
1311 5266 1413 5319 οὐκ
1441 5265 1647 5336 ἀληθὴς
1677 5267 1808 5337 ἡμῖν
1838 5269 1866 5319 ὁ
1896 5267 2025 5336 περὶ

417 5362 631 5416 τούτων
671 5361 972 5433 ὀφθήσεται
1021 5361 1214 5429 λόγος;
1264 5361 1400 5416 Τίνα
1446 5360 1629 5414 τοίνυν
1675 5361 1823 5414 ἐστὶν
1879 5360 2023 5431 ἅπερ

416 5456 618 5506 ἐκεῖνοι
672 5453 816 5507 κατὰ
869 5455 970 5525 τῆς
1015 5452 1226 5517 οἰκείας
1263 5451 1561 5524 ἡρεύγοντο
1611 5452 1881 5524 κεφαλῆς,
1929 5453 2021 5506 τὸν

416 5545 708 5616 Μονογενῆ
735 5545 830 5599 τοῦ
858 5545 993 5599 Θεοῦ
1025 5546 1220 5614 Λόγον,
1254 5547 1315 5598 τὸ
1344 5545 1462 5616 φῶς
1489 5547 1549 5599 τὸ
1579 5546 1772 5608 ἀΐδιον,
1790 5547 1848 5602 ἐν
1873 5540 1918 5616 ᾧ
1957 5547 2020 5618 δὴ

419 5640 627 5702 πάντες
684 5639 779 5691 καὶ
821 5637 1120 5694 κινούμεθα
1151 5640 1263 5709 ,καὶ
1293 5639 1487 5710 ἐσμὲν,
1519 5640 1645 5698 τότε
1680 5641 1896 5711 πρῶτον
1928 5657 2019 5695 κε-

497 5791 823 5863 “103ml,
870 5795 1010 5860 I,‘.’..

2114 3237 2169 3291 in
2207 3239 2386 3292 sacris
2416 3236 2643 3293 Litteris
2673 3247 2973 3293 versantur
2995 3233 3324 3306 quarumvis
3349 3233 3497 3288 dicta
3520 3232 3721 3286 admit-

2112 3341 2249 3393 tere,
2270 3345 2392 3400 quae
2421 3329 2591 3402 proba
2614 3330 2724 3387 sint
2745 3327 2969 3397 acinihil
2992 3328 3046 3382 in
3074 3325 3205 3397 se9
3225 3325 3412 3380 damni
3458 3324 3719 3379 habeant.

2119 3420 2212 3476 Sic
2250 3421 2401 3476 enim
2440 3421 2531 3476 fiet
2564 3428 2626 3476 ut
2660 3420 2879 3476 collatis
2917 3419 2973 3475 in
3007 3433 3179 3473 unum
3216 3417 3405 3472 n’iultis
3445 3415 3721 3471 variorum

2117 3511 2631 3576 observationibus,
2663 3511 2732 3565 ad
2789 3517 3003 3567 rectum
3061 3507 3438 3577 cognoscendi
3499 3506 3721 3561 modum

2118 3604 2449 3670 ascendant,
2481 3611 2535 3658 et
2563 3603 2772 3659 sedulae
2810 3618 2875 3658 ac
2907 3602 3130 3658 solertis
3166 3601 3287 3672 apis
3311 3600 3566 3670 exemplo
3603 3597 3725 3652 dul-

2119 3713 2213 3754 ccs
2242 3697 2472 3769 spiritus
2514 3695 2672 3752 favos
2711 3697 3092 3766 compingaut.
3137 3694 3314 3749 Aiunt
3359 3693 3547 3762 itaque
3587 3707 3726 3746 nou—

2122 3792 2257 3845 nttlli
2287 3791 2389 3846 viri
2413 3789 2671 3845 doctrina
2702 3789 2866 3853 clari,
2898 3797 3022 3859 post
3046 3786 3358 3842 Salvatoris
3388 3785 3559 3840 nostri
3594 3800 3724 3838 cru-

2119 3900 2263 3947 cem,
2319 3893 2374 3938 et
2425 3886 2479 3938 in
2533 3885 2708 3939 cmlos
2760 3882 3176 3948 ascensionem,
3235 3879 3411 3935 falsos
3452 3879 3720 3949 quosdam

2121 3985 2376 4048 pastores
2399 3985 2452 4032 et
2483 3977 2747 4034 doctores
2773 3976 2933 4045 quasi
2960 3975 3312 4030 truculentas
3346 3973 3492 4029 feras
3517 3973 3570 4026 in
3595 3972 3718 4026 Sal-

2119 4070 2333 4124 vatoris
2371 4071 2534 4124 ovilia
2587 4070 2886 4133 irruentes,
2922 4084 3036 4122 non
3070 4083 3267 4138 parum
3324 4065 3604 4128 turbasse,
3657 4080 3724 4119 ex

2121 4163 2292 4218 corde
2327 4178 2448 4226 suo,
2496 4178 2604 4217 non
2649 4178 2713 4216 ex
2777 4178 2875 4217 ore
2933 4161 3150 4215 Domini
3205 4160 3520 4228 loquentes,
3577 4156 3724 4210 sicut
3791 4215 3797 4219 ,

2122 4255 2393 4325 scriptum
2421 4261 2506 4309 est
2540 4254 2606 4321 ’⁷,
2638 4254 2751 4307 imo
2775 4267 2908 4307 vero
2939 4268 3050 4307 non
3102 4267 3168 4306 ex
3213 4250 3334 4305 solo
3379 4262 3481 4303 suo
3529 4247 3719 4310 corde,

2125 4346 2220 4401 sed
2259 4361 2323 4401 ex
2363 4345 2536 4412 patris
2567 4346 2652 4401 sui
2692 4345 2972 4411 doctrina,
3015 4343 3222 4398 diaboli
3265 4341 3573 4396 nimirum:
3613 4359 3632 4392 ι
3662 4340 3721 4394 Si

2125 4437 2274 4492 enim
2311 4450 2474 4491 nemo
2517 4443 2704 4506 potest
2739 4435 2928 4492 dicere
2985 4435 3280 4490 anathema
3328 4429 3483 4497 Jesu,
3518 4429 3628 4487 nisi
3669 4432 3724 4485 in

2607 4549 2625 4582 ι
2661 4528 2942 4599 quomodo
2973 4543 3165 4583 verum
3199 4542 3310 4582 non
3348 4539 3473 4582 esse
3500 4537 3722 4594 compe-

2124 4624 2298 4679 rietur
2330 4622 2475 4693 quod
2517 4621 2584 4676 de
2628 4623 2716 4677 his
2749 4621 3032 4677 dicimus?
3072 4619 3337 4686 Quanam
3390 4628 3521 4674 sunt
3560 4617 3726 4689 igitur

2127 4731 2248 4786 qua:
2279 4716 2334 4770 in
2367 4731 2531 4771 suum
2562 4715 2640 4770 illi
2670 4722 2838 4786 caput
2867 4723 3222 4780 eructarunt,
3255 4712 3348 4783 qui
3380 4711 3724 4782 unigenitum

2129 4810 2221 4866 Dei
2244 4807 2508 4873 Verbum,
2537 4809 2720 4863 lumen
2743 4808 2882 4862 illud
2906 4814 3198 4869 aeternum,
3230 4806 3280 4859 in
3305 4820 3414 4874 quo
3435 4812 3584 4860 certe
3606 4819 3729 4859 ont-

2129 4918 2228 4958 nes
2253 4909 2306 4958 et
2336 4916 2625 4956 movemur
2644 4906 2699 4955 et
2721 4915 2914 4955 sumus
2948 4900 3012 4964 ¹⁹,
3039 4903 3167 4951 tum"
3188 4897 3425 4968 primum
3454 4896 3510 4950 in
3541 4911 3726 4951 rerum

2129 5004 2380 5052 naturam
2415 4993 2685 5064 prodiisse
2718 4993 2938 5049 indocte
2974 5001 3028 5048 et
3052 4991 3218 5064 impie
3244 4997 3523 5058 asserunt,
3551 5006 3728 5061 quan-

2129 5089 2200 5143 do
2233 5103 2297 5143 ex
2330 5095 2519 5142 sancta
2557 5084 2785 5156 Virgine
2812 5085 2977 5141 homo
3005 5093 3170 5142 natus
3209 5093 3320 5150 est,
3363 5092 3418 5140 et
3449 5085 3725 5140 communi

2133 5177 2235 5232 hac
2278 5175 2453 5231 forma
2503 5184 2788 5247 assumpta
2826 5177 2880 5231 in
2931 5186 3081 5232 terra
3120 5177 3275 5232 visus
3331 5183 3436 5240 est,
3473 5185 3534 5230 ut
3589 5175 3730 5232 scri-

2130 5281 2286 5340 ptum
2317 5279 2432 5327 est:
2459 5289 2476 5322 ι
2506 5269 2720 5326 Etcum
2755 5271 3076 5327 hominibus
3107 5279 3470 5327 conversatus
3491 5269 3680 5326 est"?
3705 5287 3721 5317 ι

2128 5360 2278 5428 Quos
2310 5361 2385 5416 ita
2422 5361 2748 5427 sentientes,
2783 5368 2838 5416 et
2875 5361 3210 5417 ineffabilem
3239 5377 3304 5418 ac
3333 5369 3598 5433 aiternam
3638 5355 3729 5410 Fi-

2124 5455 2179 5510 lii
2232 5455 2643 5525 generationem
2677 5455 2946 5510 vellicare
2981 5457 3270 5520 audentes,
3307 5452 3598 5524 prophetae
3639 5449 3726 5501 di-

2123 5556 2271 5604 ctum
2305 5549 2385 5603 sic
2408 5555 2563 5620 urget
2598 5568 2611 5604 :
2645 5567 2664 5601 ι
2691 5547 2799 5604 Vos
2833 5557 3015 5605 autem
3051 5549 3298 5606 accedite
3333 5547 3461 5609 huc,
3497 5542 3592 5597 fllii
3628 5541 3732 5596 ini-

2131 5642 2248 5714 qui,
2313 5656 2503 5698 semen
2579 5642 2953 5699 adulterorum
3010 5652 3065 5699 et
3128 5637 3438 5696 fut-uicaria:
3495 5653 3508 5692 :
3563 5647 3732 5708 super

1095 5799 1134 5830 ιτ
1174 5795 1284 5853 Jer.
1347 5811 1504 5862 ςιιιι,
1543 5797 1622 5852 lli.
1691 5798 1731 5828 ‘3
1803 5795 2002 5871 lC-ar._

2146 5799 2198 5854 3.
2233 5801 2272 5833 ’³
2309 5799 2432 5855 Act.
2489 5814 2616 5865 xrn,
2661 5795 2784 5866 “23.,
2833 5797 2878 5829 ὀ
2909 5793 3124 5850 Baruch
3150 5808 3230 5859 Ill,
3274 5794 3364 5850 '58.
