4156 6478
425 340 497 392 2.3
1437 344 1495 401 s.
1538 344 1811 403 crniLLI
1845 346 2319 406 ALEXANDR‘INI
2359 349 2683 407 ARCHIEP.
2944 321 2953 327 ’
3634 354 3713 408 ει

322 504 329 515 ,
422 466 586 523 quem
612 453 847 518 lusistis,
881 467 929 513 et
954 473 1123 529 super
1145 473 1304 530 quem
1329 461 1629 532 aperuistis
1651 477 1715 520 os
1740 471 2000 528 vestrum,

2116 465 2347 537 κλῆσθαι
2374 466 2511 538 πρὸς
2539 466 2775 538 ὓπαρξιν
2806 462 3037 539 ἀμαθῶς
3069 485 3125 523 τε
3151 471 3243 523 καὶ
3264 469 3476 535 ἀσεϐῶς
3508 470 3715 541 διισχυυ

422 551 478 599 et
517 558 684 615 super
711 563 873 618 quem
910 548 1138 606 laxastis
1165 551 1403 622 linguam
1432 561 1675 609 vestram
1712 555 1796 609 "27
1831 575 1850 608 ι
1890 571 2000 627 qua

2119 558 2381 630 ρίζονται,
2432 560 2522 613 ὅτε
2579 560 2673 613 καὶ
2702 559 2990 632 ἄνθρωπος
3029 560 3119 615 διὰ
3167 562 3267 632 τῆς
3303 563 3466 631 ἁγίας
3516 563 3708 634 ἐτέχθη

423 652 536 692 non
567 653 633 693 ex
667 641 836 695 corde
864 641 1012 697 bono
1041 643 1255 699 scilicet
1299 646 1514 715 profert
1553 647 1719 712 bona,
1755 647 1855 703 sed
1881 663 2000 703 cru-

2122 649 2418 722 Παρθένου,
2453 650 2547 705 καὶ
2575 651 2637 704 τὸ
2675 653 2855 706 κοινὸν
2901 652 2966 723 δὴ
2995 654 3155 706 τοῦτο
3195 653 3381 724 σχῆμα
3403 651 3585 707 λαϐὼν
3614 655 3710 708 ἐπὶ

422 728 560 784 delis
589 733 860 800 serpentis
891 726 1160 791 venenum
1197 738 1441 807 exspuit,
1475 739 1543 795 de
1570 754 1681 811 quo
1721 739 2000 796 Psalmist:

2119 740 2223 810 γῆς
2269 739 2447 809 ὤφθη,
2495 740 2643 794 καθά
2680 741 3012 813 γέγραπται,
3052 761 3071 795 r
3101 744 3212 796 Καὶ
3242 747 3354 805 τοῖς
3401 742 3713 814 ἀνθρώποις

422 819 488 874 ad
520 836 690 877 unum
721 825 965 882 universi
998 825 1169 884 Deum
1197 831 1505 888 orationem
1536 843 1870 892 convertens
1898 836 1979 889 ait

2127 834 2575 904 συνανεστράφη;
2602 853 2620 885 ι
2655 832 2781 898 Τοῖς
2802 833 2902 905 μὲν
2928 829 3023 888 οὖν
3051 834 3178 907 τῇδε
3203 834 3588 905 διακειμένοις,
3614 836 3717 889 καὶ

425 928 443 960 ι
477 909 558 966 Tu
590 914 911 989 confregisti
944 922 1126 992 capita
1150 922 1412 981 draconis
1439 927 1507 980 η.
1536 945 1555 978 ι

2124 925 2223 997 τὴν
2256 924 2495 997 ἀρρητόν
2549 942 2608 979 τε
2657 926 2753 979 καὶ
2790 926 3120 997 προαιώνιον
3152 927 3246 981 τοῦ
3288 926 3420 981 Υἱοὺ
3454 927 3707 1010 γέννησιν

423 1008 829 1083 συκοφαντῆσαι
859 1013 1220 1085 τολμήσασιν,
1269 1017 1297 1070 ὁ
1338 1020 1675 1089 προφητικὸς
1704 1020 2035 1091 ἐπισκήπτει
2074 1019 2252 1088 λόγος,
2304 1019 2444 1090 ἔχων
2477 1018 2574 1072 ὡδί
2600 1034 2614 1049 ο
2651 1037 2669 1070 ι
2716 1019 2904 1090 Ὑμεῖς
2937 1019 2993 1074 δὲ
3032 1020 3413 1091 προσαγάγετε
3445 1008 3711 1086 (Baptae

421 1094 636 1171 dvbpof,
668 1102 891 1174 σπέρμα
924 1105 1127 1176 μοιχῶν
1163 1108 1256 1161 καὶ
1290 1108 1498 1180 πόρνης
1522 1126 1537 1141 ’
1589 1112 1647 1165 ὲν
1678 1111 2233 1184 τίνιὲνετρυφῆσατε,
2270 1112 2364 1164 καὶ
2417 1111 2510 1163 ἐπὶ
2584 1111 2707 1164 τινα
2753 1111 3004 1182 ἠνοίξατε
3036 1111 3096 1164 τὸ
3131 1112 3307 1183 στόμα
3373 1111 3552 1183 ὑμῶν,
3613 1109 3710 1164 καὶ

421 1188 517 1255 ἐπὶ
566 1190 688 1277 τίνα
742 1194 1044 1264 ἑχαλάσατε
1089 1196 1190 1269 τὴν
1235 1199 1489 1269 γλῶσσαν
1524 1202 1714 1274 ὑμῶν;
1756 1222 1775 1255 ι
1834 1205 1936 1259 οὐκ
1984 1204 2044 1269 eg
2082 1204 2291 1273 ἀγαθῆς
2346 1203 2591 1272 δηλονότι
2646 1203 2874 1277 καρδίας
2906 1203 3272 1259 ἐκϐάλλουσαν
3302 1203 3504 1273 ἀγαθὰ,
3570 1202 3717 1263 ἀλλὰ

420 1280 515 1333 τὸν
563 1268 657 1335 τὸὗ
722 1284 1009 1355 μιαιφόνου
1034 1268 1326 1359 δράκοντος
1361 1291 1438 1346 ίδν
1479 1268 1885 1362 ἀναπτύουσαν,
1935 1294 2065 1365 περὶ
2101 1268 2161 1349 οὑ
2194 1268 2359 1365 φησιν
2392 1268 2806 1366 δΜελῳδδςῶς
2840 1296 2980 1367 πρὸς
3010 1296 3101 1351 τὸν
3130 1295 3226 1350 ἕνα
3266 1268 3363 1350 καί
3409 1268 3505 1349 ὲπῖ
3569 1294 3743 1349 πάν-λ

423 1385 532 1426 των
551 1373 685 1427 Θεόν
712 1391 725 1405 ’
761 1393 780 1426 r
848 1377 922 1432 Σὺ
978 1379 1310 1453 συνέτριψας
1336 1384 1438 1447 τάς
1490 1385 1735 1459 κεφαλὰς
1760 1385 1856 1440 τοῦ
1885 1385 2200 1457 δράκοντος.
2243 1405 2263 1439 ι

1102 1476 1258 1534 CAP.
1294 1478 1334 1535 Ι.

533 1559 689 1626 Quod
713 1574 955 1621 αξιοι-ηαδ
977 1568 1048 1622 sit
1088 1577 1140 1623 et
1175 1580 1300 1625 ante
1327 1571 1526 1627 sarcula
1561 1572 1898 1645 Unigeuitus.

493 1653 631 1708 Cum
678 1665 860 1712 autem
915 1673 1025 1715 non
1071 1676 1267 1731 parum
1301 1663 1357 1717 in
1395 1663 1482 1720 his
1515 1663 1759 1719 ﬁdelium
1792 1674 2006 1722 mentes

2729 1484 2982 1538 ΚΕΦΑΛ.
3019 1484 3101 1538 A".

2118 1574 2250 1628 ὀτι
2297 1575 2491 1641 ἀΐδιος
2546 1576 2645 1630 καὶ
2688 1575 2803 1645 πρὸ
2841 1574 2965 1630 τῶν
2997 1574 3230 1631 αἰώνων
3263 1578 3297 1629 ό
3331 1575 3707 1645 Μονογενήςι.

2203 1667 2423 1740 Ἐπειδὴ
2452 1668 2509 1721 δὲ
2551 1668 2614 1722 οὑ
2646 1668 2841 1740 μικρὸς
2884 1668 3014 1740 περὶ
3048 1667 3253 1721 τούτων
3295 1669 3352 1721 ὲν
3400 1669 3513 1730 τοῖς
3540 1683 3705 1747 πεπι-

419 1744 796 1813 turbarentur,
828 1757 883 1807 et
925 1750 1323 1823 simpliciorum
1364 1756 1581 1811 animos
1617 1758 1794 1813 instar
1836 1759 2000 1830 pestis

2117 1762 2400 1816 στευκόσιν
2432 1764 2460 1816 ὁ
2491 1761 2720 1834 θόρυϐος
2755 1758 2823 1834 ἦν
2848 1801 2864 1828 ,
2892 1761 2988 1817 καὶ
3030 1759 3130 1825 τάς
3177 1760 3287 1814 τῶν
3317 1744 3709 1830 ἁπλουστέρων

419 1836 667 1892 seandali
721 1840 840 1897 lues
882 1843 1277 1913 depasceretur
1324 1846 1617 1916 (putabant
1674 1850 1822 1904 enim
1869 1864 2007 1905 non-

417 1927 554 1982 nulli
586 1931 749 2001 nugis
776 1932 997 1989 illorum
1039 1951 1070 1991 a
1099 1952 1230 1993 vera
1259 1937 1515 2003 doctrina
1542 1939 1789 2007 abducti,
1829 1941 1887 1998 in
1918 1957 2008 1999 re-

418 2033 539 2073 rum
576 2030 966 2080 naturam‘tum
985 2028 1074 2083 vix
1107 2030 1383 2099 prodiisse
1405 2030 1668 2099 Verbum,
1694 2050 1820 2090 cum
1842 2022 2007 2090 homo

417 2112 596 2171 factus
633 2116 781 2186 est)‘:
817 2120 910 2191 qui
956 2120 1101 2177 inter
1121 2138 1217 2179 eos
1245 2125 1516 2196 sapientia
1551 2129 1912 2197 praestabant,
1949 2129 2003 2183 iu

413 2213 948 2283 unum-congregati,
978 2213 1083 2284 ιο
1107 2225 1379 2272 venerunt
1407 2218 1475 2273 ad
1502 2218 1808 2277 S‘alvatoris
1829 2221 2005 2277 disci-

413 2298 626 2367 pulum,
655 2301 836 2373 ipsum
868 2319 1064 2376 nempe
1093 2305 1384 2376 Joannem,
1408 2318 1463 2367 et
1486 2312 1740 2367 morbum
1772 2313 1866 2383 qui
1902 2313 2005 2387 fran-

412 2396 528 2446 tres
565 2392 847 2450 invaserat
890 2396 1239 2467 nuntiarunt,
1276 2408 1443 2472 atque
1473 2402 1864 2458 htereticorum
1902 2420 2003 2462 nu-

410 2496 510 2550 gas
556 2482 907 2553 detexerunt,
943 2496 999 2543 et
1045 2491 1154 2547 sibi
1202 2493 1501 2548 confestim
1546 2495 1744 2550 adesse
1781 2496 2003 2564 spirita-

413 2573 561 2631 libus
609 2576 1069 2638 illustrationibus
1121 2591 1415 2655 rogarunt,
1447 2592 1503 2641 et
1544 2586 1660 2656 iam
1706 2585 2004 2644 diabolicis

409 2668 622 2726 retibus
661 2670 925 2729 involutis
953 2671 1253 2733 salutarem
1297 2691 1523 2732 manum
1564 2679 1868 2750 porrigere.
1898 2679 2001 2735 Eo-

409 2775 529 2816 rum
562 2763 734 2834 igitur
764 2767 858 2836 qui
903 2767 1183 2838 perierant
1212 2776 1267 2824 et
1316 2778 1501 2826 mente
1534 2774 1780 2844 corrupti
1813 2781 1994 2839 erant,

407 2852 600 2908 dolore
630 2861 811 2912 tactus
845 2857 1183 2927 discipulus,
1217 2860 1523 2915 absurdum
1567 2862 1697 2917 item
1728 2846 1861 2921 esse
1908 2879 1988 2917 ra-

408 2954 497 3001 tus
548 2947 755 3002 nullam
795 2957 1143 3020 posterorum
1195 2966 1387 3009 curam
1438 2953 1773 3019 habere,“
1830 2956 1999 3026 hujus

407 3034 538 3090 libri
586 3036 947 3108 scriptionem
1000 3056 1060 3097 se
1112 3043 1388 3097 contulit:
1438 3051 1493 3098 et
1543 3060 1886 3115 quaecunque
1929 3046 1998 3100 ad

405 3127 819 3194 generationem
880 3131 1159 3186 carnalem
1219 3139 1275 3187 et
1341 3132 1647 3187 naturalem
1696 3134 1997 3203 pertinent,

405 3214 633 3285 reliquit
680 3217 806 3273 aliis
853 3219 1211 3289 evangelistis
1263 3220 1430 3277 latius
1465 3223 1780 3277 enarranda
1808 3264 1822 3288 ,
1882 3226 1997 3293 ipse

306 3340 313 3347 ρ
407 3322 538 3363 vero
582 3307 780 3364 ardore
826 3310 1066 3380 quodam
1100 3309 1272 3366 animi
1313 3311 1368 3366 in
1417 3326 1610 3368 eorum
1639 3314 1734 3385 qui
1774 3315 1903 3370 talia
1940 3316 1995 3370 in

408 3400 648 3455 medium
672 3400 908 3464 afferunt
937 3403 1301 3473 petulantiam
1330 3404 1631 3471 invehitur,
1662 3407 1887 3463 dicens:

2110 1850 2287 1922 ψυχὰς
2316 1850 2506 1921 λοιμοῦ
2531 1850 2685 1922 δίκην
2713 1852 2775 1905 τὸ
2800 1853 2866 1905 ὲκ
2893 1850 2985 1905 τοῦ
3011 1849 3309 1904 σκανδάλου
3337 1847 3707 1902 κατεϐόσκετο

2111 1940 2307 2013 βλάϐος
2357 1939 2547 2011 (ᾤοντο
2576 1940 2685 2012 γάρ
2711 1941 2883 2004 ὅντως
2914 1939 3081 2005 τινὲς,
3134 1940 3257 2003 ταῖς
3305 1941 3438 2009 παρ’
3477 1936 3704 1990 ἐκείνων

2110 2031 2402 2101 φλυαρίαις
2454 2032 2562 2085 τῶν
2619 2030 2836 2102 ἀληθῶν
2891 2029 3237 2101 ὲξελκόμενοι
3278 2029 3588 2100 δογμάτων,
3619 2028 3700 2091 είς

2109 2125 2284 2197 ἀρχὴν
2312 2124 2406 2177 τοῦ
2430 2118 2569 2177 εἶναι
2599 2124 2719 2177 τότε
2751 2122 2905 2194 μόλις
2935 2121 3235 2193 κεκλῆσθαι
3263 2120 3354 2175 τὸν
3383 2121 3579 2189 Λόγον,
3608 2119 3700 2174 ὅτε

2107 2218 2329 2288 γέγονεν
2355 2215 2661 2289 ἄνθρωπος)
2690 2233 2703 2247 ·
2735 2214 3149 2286 συνενεχθέντες
3167 2255 3182 2281 ,
3218 2213 3313 2269 καὶ
3340 2212 3482 2266 κατά
3505 2211 3702 2266 ταυτὸν

2106 2304 2388 2374 γενόμενοι
2416 2344 2432 2370 ,
2480 2303 2591 2357 τῶν
2646 2304 3059 2359 πιστευσάντων
3087 2304 3247 2373 οἵπερ
3286 2299 3424 2375 ἦσαν
3454 2301 3702 2373 νουνεχέ-

2108 2415 2313 2468 στεροι,
2368 2397 2508 2468 πρὸς
2547 2397 2638 2454 τὸν
2683 2398 2777 2452 τοῦ
2808 2398 3063 2469 Σωτῆρος
3109 2399 3368 2468 ἀφίκοντο
3424 2395 3697 2467 μαθητὴν,

2107 2492 2269 2545 αὑτὸν
2304 2491 2362 2544 δὲ
2414 2490 2659 2564 δηλονότι
2688 2490 2780 2545 τὸν
2829 2492 3105 2564 Ἰωάννην,
3142 2490 3288 2562 φημὶ
3309 2529 3325 2555 ,
3358 2489 3454 2543 καὶ
3486 2486 3553 2559 δὴ
3601 2485 3700 2541 καὶ

2104 2581 2204 2653 τὴν
2234 2583 2347 2646 τοῖς
2376 2582 2628 2652 ἀδελφοῖς
2656 2581 3047 2653 ὲπισκήῲασαν
3088 2577 3466 2652 ὲξήγγε).[).]ον
3517 2576 3696 2644 νόσον,

2104 2675 2205 2738 τάς
2248 2691 2307 2727 τε
2333 2672 2443 2729 τῶν
2477 2673 3100 2746 ἐτεροδιδασκαλούντων
3131 2671 3502 2739 ὲξεκάλυπτον
3533 2667 3699 2738 φλυα-

2108 2768 2227 2840 ρίας
2251 2806 2267 2830 ,
2298 2767 2592 2838 ὲπαμῦναί
2607 2785 2667 2819 τε
2694 2765 2913 2838 γοργῶς
2945 2765 3094 2836 σφίσι
3123 2782 3183 2818 τε
3220 2764 3407 2826 αὑτοῖς
3449 2760 3699 2833 παρεκά-

2102 2858 2227 2912 λουν
2253 2861 2373 2924 ταῖς
2404 2858 2492 2912 διά
2522 2858 2614 2911 τοῦ
2645 2857 2957 2928 πνεύματος
2986 2854 3407 2927 φωταγωγίαις,
3441 2851 3536 2906 καὶ
3581 2851 3697 2914 τοῖς

2102 2954 2204 3024 ἤδη
2239 2954 2732 3024 σεσαγηνευμένοις
2754 2993 2769 3018 ,
2806 2951 2939 3005 εἴσω
2960 2968 3021 3004 τε
3053 2948 3287 3004 δικτύων
3311 2945 3559 3016 γεγονόσι
3577 2943 3694 2997 δια-

2103 3045 2354 3111 ϐολικῶν,
2415 3048 2575 3117 χεῖρα
2637 3044 2944 3117 προτείνειν
2990 3043 3276 3114 σωτήριον.
3343 3037 3699 3108 Ἐπαλγήσας

2027 3171 2069 3228 C
2102 3138 2283 3192 τοίνυν
2312 3140 2428 3201 τοῖς
2461 3136 2767 3192 ἀπολωλόσι
2816 3136 3028 3191 καὶτὸν
3059 3133 3187 3188 νοῦν
3221 3128 3697 3228 κατεφθαρμένοις

2103 3230 2132 3282 ό
2173 3229 2450 3301 μαθητὴς,
2484 3225 2623 3284 εἶναί
2667 3248 2729 3283 τε
2761 3228 2963 3300 ὁμοίως
3004 3225 3212 3298 οἰηθεὶς
3252 3220 3603 3277 ἀτοπώτατον
3635 3219 3696 3274 τὸ

2108 3320 2379 3391 μηδεμίαν
2419 3320 2527 3373 τῶν
2565 3318 2763 3389 ἐφεξῆς
2829 3317 2924 3371 καὶ
2973 3316 3088 3386 μετ’
3124 3313 3366 3375 ἐκείνους
3418 3309 3696 3381 ἐσομένων

2113 3411 2444 3482 ποιήσασθαι
2493 3411 2752 3483 πρόνοιαν
2779 3449 2792 3474 ,
2832 3407 2925 3460 ἐπὶ
2973 3407 3075 3477 τὴν
3126 3403 3221 3457 τοῦ
3260 3402 3465 3475 βιϐλίου
3507 3400 3693 3473 τρέχει

410 3497 765 3567 συγγραφήν⁸
790 3496 884 3551 καὶ
912 3497 981 3552 τά
1020 3496 1141 3569 μὲν,
1174 3499 1384 3571 ὅσαπερ
1409 3494 1476 3570 ἦν
1510 3499 1997 3574 ἀνθρωπινώτερον
2036 3506 2230 3570 εἰπεῖν,
2263 3508 2607 3575 γενεαλογεῖν
2634 3506 2702 3557 τὰ
2740 3504 2871 3576 περὶ
2898 3505 2999 3574 τῆς
3025 3502 3167 3556 κατὰ
3225 3500 3405 3572 σάρκα
3462 3497 3696 3569 νομικῆς

406 3605 466 3641 τε
506 3589 600 3643 καὶ
650 3592 887 3662 φυσικῆς
918 3594 1229 3664 γεννήσεως
1255 3596 1368 3658 τοῖς
1412 3595 1619 3665 ἑτέροις
1683 3595 1995 3666 ἐξηγεῖσθαι
2063 3600 2400 3672 πλατύτερον
2441 3598 2866 3669 συγκεχώρηκεν
2892 3593 3338 3665 εὑαγγελισταῖς”
3367 3590 3588 3663 θερμῶς
3633 3587 3694 3645 δὲ

404 3683 531 3739 λίαν
550 3688 714 3751 αὑτὸς
739 3687 834 3741 καὶ
859 3687 1065 3761 σφόδρα
1088 3689 1352 3756 νεανικῶς
1382 3694 1504 3756 ταῖς
1522 3692 1638 3760 ,τῶν
1666 3694 1851 3748 ἐκεῖνα
1877 3698 2326 3769 παρεισαγόντων
2367 3695 2660 3768 φλυαρίαις
2686 3691 2990 3757 ἐνάλλεται,
3035 3690 3231 3760 λέγων’

564 3801 607 3863 Ι,
638 3800 689 3858 1.
729 3798 816 3855 IN
846 3799 1256 3865 PRINCIBIO
1289 3803 1482 3861 ERAT
1516 3806 1849 3869 VERBUM.

479 3913 621 3980 Quid
666 3914 739 3971 ad
785 3915 903 3972 haec
947 3917 1154 3984 dicitis,
1189 3920 1284 3990 qui
1341 3935 1545 3976 novum
1601 3923 1761 3980 nobis
1801 3938 1867 3979 ac
1906 3940 1995 3980 re-

408 4018 620 4063 centem
657 4008 919 4066 inducitis
943 4009 1161 4076 Filium,
1199 4021 1257 4067 ut
1281 4028 1350 4068 ne
1371 4014 1599 4070 omnino
1628 4016 1850 4086 quidem
1882 4017 1998 4087 jam

412 4100 648 4170 amplius
668 4103 931 4158 credatur
958 4102 1144 4160 Deus?
1182 4123 1202 4157 ‹
1235 4103 1355 4161 Νοη
1385 4107 1533 4164 enim
1564 4109 1671 4163 erit
1691 4110 1746 4165 in
1782 4118 1834 4166 te
1853 4109 2001 4167 Deus

409 4208 624 4259 recens,
661 4213 679 4247 ι
731 4196 812 4250 ait
864 4194 1155 4268 Scriptura
1186 4200 1253 4253 “.
1305 4200 1594 4266 Quomodo
1646 4212 1831 4260 autem
1887 4218 1999 4259 non

408 4285 519 4341 erit
548 4300 763 4351 recens,
815 4288 871 4342 si
910 4289 1231 4345 novissimis
1284 4298 1451 4348 natus
1489 4300 1576 4349 est
1620 4292 2009 4363 temporibus?

409 4378 697 4444 Quomodo
721 4393 857 4435 vero
889 4395 999 4436 non
1025 4383 1289 4439 mentitus
1322 4384 1395 4439 sit
1427 4384 1497 4440 ad
1528 4383 1751 4441 Judaws
1781 4384 1995 4440 dicens:

417 4492 434 4523 ι
474 4474 646 4529 Amen
677 4474 803 4530 dico
836 4474 1017 4545 vobis,
1047 4483 1342 4549 antequam
1370 4476 1653 4534 Abraham
1690 4479 1863 4544 ﬁeret,
1895 4492 1998 4550 ego

2460 3809 2560 3862 EN
2594 3808 2799 3879 ΑΡΧῌ
2837 3803 2946 3860 HN
2992 3808 3036 3859 0
3075 3805 3343 3860 ΛΟΓΟΣ.

2171 3926 2237 3980 Τί
2277 3923 2413 3996 πρὸς
2442 3921 2598 3975 τοῦτό
2632 3938 2797 3993 φατε,
2834 3921 2884 3975 οἱ
2934 3920 3052 3976 νέον
3087 3920 3222 3990 ἡμῖν
3251 3917 3347 3972 καὶ
3379 3917 3699 3989 πρόσφατον

2097 4018 2448 4088 εἰσφέροντες
2489 4014 2577 4068 τὸν
2608 4013 2738 4067 Υίὺν
2759 4052 2774 4078 ,
2814 4014 2903 4067 ἵνα
2957 4012 3095 4084 μηδὲ
3124 4012 3262 4073 ὅλως
3295 4009 3561 4080 ὑπάρχειν
3610 4009 3699 4063 ἔτι

2101 4109 2428 4179 πιστεύηται
2454 4107 2625 4174 Θεός;
2662 4126 2681 4159 ι
2719 4107 2793 4160 Οὑ
2835 4105 2945 4176 γὰρ
2988 4105 3165 4170 ἔσται,
3194 4123 3212 4156 ι
3252 4103 3439 4176 φησὶν,
3470 4121 3489 4155 ι
3519 4103 3577 4156 έν
3610 4102 3695 4155 σοὶ

2102 4203 2237 4266 Θεὸς
2269 4200 2583 4274 πρόσφατος
2607 4240 2621 4264 ,
2652 4219 2670 4252 ι
2707 4200 2742 4270 ἡ
2771 4197 2893 4253 θεία
2918 4198 3134 4270 Γραφή.
3166 4197 3292 4261 Πῶς
3316 4192 3412 4250 οὖν
3441 4195 3503 4249 οὑ
3531 4193 3696 4266 πρόα-

2108 4313 2306 4367 φατος,
2335 4295 2384 4348 εί
2413 4296 2472 4347 ἐν
2503 4292 2751 4364 ὑπέροις
2772 4290 3036 4361 ἐγεννήθη
3054 4291 3287 4361 ,καιροῖς
3311 4306 3327 4357 ;
3357 4286 3482 4351 Πῶς
3513 4286 3571 4340 δὲ
3593 4286 3695 4340 οὑκ

2105 4389 2360 4460 ἐψεύδετο
2414 4385 2589 4455 λέγων
2646 4382 2785 4455 πρὸς
2845 4381 3137 4444 Ἰουδαίους
3167 4396 3182 4410 ⁸
3242 4398 3261 4432 ι
3322 4377 3494 4449 Ἀμὴν
3549 4376 3695 4445 λέγω

2106 4483 2256 4553 ὑμῖν,
2288 4481 2419 4550 πρὶν
2464 4476 2719 4550 Ἀϐραὰμ
2745 4472 3021 4545 γενέσθαι,
3044 4471 3156 4542 ἐγώ
3185 4472 3302 4542 είμι
3322 4490 3336 4504 ο
3369 4488 3387 4522 ι
3427 4468 3694 4541 πρόδηλον

413 4580 537 4619 sum
565 4565 654 4619 “1’
677 4586 701 4618 ι
734 4565 1021 4623 Neminem
1057 4568 1205 4624 enim
1231 4568 1373 4641 fugit
1392 4570 1583 4627 multis
1611 4578 1740 4641 post
1775 4570 1995 4626 beatum

2105 4575 2216 4648 γὰρ
2253 4574 2428 4646 δήπου
2475 4572 2570 4625 καὶ
2622 4572 2790 4624 πᾶσιν
2833 4564 3300 4638 ὁμολογούμενον,
3337 4563 3414 4626 ὡς
3478 4559 3694 4623 πολλοῖς

410 4656 697 4714 Abraham
736 4660 955 4716 sacculis
987 4659 1267 4718 Christum
1295 4635 1384 4719 ⁷ιι-ιι
1427 4635 1630 4719 sancta
1647 4661 1873 4733 Virgine
1904 4678 1998 4734 ge-

2106 4635 2333 4741 ὑστερον
2361 4666 2578 4737 χρόνοις
2629 4661 2768 4735 μετὰ
2792 4635 2887 4714 τὸν
2938 4659 3209 4731 μακάριον
3252 4655 3504 4729 Ἀϐραὰμ
3540 4656 3694 4724 ἐγεν-

413 4752 614 4807 nitum.
641 4751 928 4821 Quomodo
951 4752 1189 4825 denique
1204 4753 1394 4820 illud,¢
1421 4753 1481 4808 ln
1500 4754 1779 4824 principio
1796 4761 1941 4817 erat,
1970 4773 1993 4807 ι

414 4844 657 4900 manebit
692 4846 987 4912 incolume,
1026 4854 1086 4903 et
1130 4852 1288 4903 recte
1330 4845 1667 4916 quadrabit,
1716 4845 1767 4901 si
1804 4846 1860 4900 in
1891 4845 1999 4900 line

2106 4761 2248 4834 νήθη
2274 4756 2512 4832 Χριστὸς
2546 4755 2636 4809 διὰ
2680 4754 2779 4825 τῆς
2803 4752 2965 4821 ἁγίας
2987 4749 3288 4822 Παρθένου.
3314 4748 3425 4804 Ποῦ
3454 4748 3512 4802 δὲ
3555 4746 3693 4810 ὅλως

2100 4854 2182 4917 τὸ,
2219 4871 2238 4904 ι
2264 4852 2359 4904 Ἐν
2393 4850 2536 4920 ἀρχῇ
2567 4842 2659 4919 ἦν,
2688 4864 2706 4897 ι
2726 4844 3033 4916 σωθήσεται
3068 4843 3165 4897 καὶ
3209 4843 3454 4914 χωρήσει
3476 4837 3691 4902 καλῶς,

414 4938 740 4994 saeculorum
770 4946 932 4994 natus
958 4946 1045 4995 est
1072 4937 1447 5009 Unigenitus?
1474 4937 1611 4993 Vide
1636 4937 1783 4992 enim
1818 4938 1904 4993 vel
1932 4954 2000 4995 ex

2108 4944 2267 5014 εἴπερ
2305 4939 2401 4992 ἐπὶ
2430 4938 2574 4993 τέλει
2625 4936 2735 4990 τῶν
2760 4936 2973 4993 αἰώνων
3007 4936 3231 5004 γέγονεν
3275 4934 3304 4985 ὁ
3335 4932 3689 5000 Μονογενής;

415 5032 483 5087 iis
507 5039 979 5103 quaa‘sequuntur,
997 5038 1219 5103 quanta:
1251 5031 1324 5086 sit
1345 5030 1713 5087 absurditatis
1738 5037 2001 5088 aeternam

414 5123 539 5180 Filii
576 5126 966 5182 exsistcntiam
1001 5125 1282 5190 mutitare,
1325 5133 1380 5179 et
1418 5123 1743 5180 novissimis
1786 5131 2004 5194 tempo—

2106 5034 2249 5103 Ὅρα
2277 5029 2387 5101 γάρ
2433 5046 2524 5100 μοι
2572 5027 2669 5083 καὶ
2704 5027 2793 5082 διὰ
2841 5028 2952 5081 τῶν
2981 5025 3209 5096 ἑφεξῆς,
3244 5025 3378 5095 ὅσην
3432 5021 3547 5092 ἔχει
3590 5020 3691 5093 τὴν

2099 5122 2332 5178 ἀτοπίαν
2364 5122 2425 5176 τὸ
2462 5119 2719 5175 κολούων
2773 5117 2870 5173 τού
2916 5117 3051 5171 Υἱοῦ
3088 5117 3189 5187 τὴν
3230 5117 3399 5170 ἀΐδιον
3430 5110 3688 5182 ὕπαρξιν,

416 5219 571 5274 ribus
612 5220 791 5290 ipsum
833 5229 1021 5275 natum
1075 5217 1379 5288 suspicari.
1408 5215 1552 5271 Illud
1582 5230 1715 5270 vero
1746 5216 2000 5272 subtilius

2103 5214 2197 5267 καὶ
2251 5214 2311 5265 ὲν
2344 5210 2591 5283 ὑπέροις
2639 5209 2805 5264 αὑτὸν
2850 5207 3107 5279 γενέσθαι
3148 5207 3365 5278 χρόνοις
3412 5204 3685 5269 ὑπονοεῖν.

416 5327 614 5368 rursus
643 5313 1032 5383 erplicandum
1066 5313 1226 5367 nobis
1257 5310 1408 5366 venit
1436 5306 1587 5379 quod
1635 5308 1778 5363 dixit
1807 5309 2000 5365 beatus

2103 5306 2245 5362 Αὐτὸ
2288 5308 2345 5361 δὲ
2379 5306 2445 5379 δὴ
2486 5306 2651 5360 πάλιν
2695 5307 2828 5376 ἡμῖν
2871 5306 2951 5368 είς
2983 5302 3314 5373 λεπτοτέραν
3359 5298 3692 5371 παρακείσε-

415 5405 748 5475 evangelista
781 5423 794 5456 :

809 5496 876 5551 In
906 5494 1169 5565 principio
1200 5500 1318 5547 erat
1361 5491 1610 5547 Verbum.

484 5589 772 5662 Principio
799 5589 940 5645 nihil
970 5597 1056 5643 est
1093 5585 1399 5657 antiquius,
1442 5588 1489 5642 si
1520 5586 1779 5658 principii
1812 5587 2006 5643 defini-

2102 5419 2193 5455 ται
2235 5401 2489 5472 βάσανον,
2524 5400 2663 5471 ὅπερ
2698 5398 2802 5468 ἔφη
2835 5399 2863 5451 ὁ
2893 5395 3163 5466 μακάριος
3193 5391 3616 5462 εὐαγγελιστής’

2540 5492 2644 5544 Ἐν
2679 5488 2839 5559 ἀρχῇ
2865 5485 2945 5558 ἦν
2974 5491 3019 5541 ’ὁ
3049 5486 3261 5556 Λόγος.

2175 5584 2289 5655 Τῆς
2311 5582 2488 5655 ἀρχῆς
2518 5581 2670 5635 οὐδέν
2700 5582 2817 5634 ἐστι
2849 5580 2911 5633 τὸ
2947 5577 3345 5650 πρεσϐύτατον,
3387 5578 3546 5647 εἴπερ
3575 5576 3690 5647 ἔχοι

419 5684 621 5740 tionem
668 5685 723 5738 in
774 5696 834 5736 se
874 5680 1137 5736 retineat.
1189 5679 1534 5752 Principium
1564 5680 1712 5737 enim
1741 5680 2000 5752 principii

2112 5676 2419 5747 σωζόμενον
2472 5673 2556 5742 ἐφ’
2613 5672 2780 5743 ἑαυτῇ
2820 5670 2912 5725 τὸν
2955 5670 3054 5741 τῆς
3108 5669 3287 5742 ἀρχῆς
3328 5669 3471 5741 ὅρον.
3518 5666 3687 5749 Ἀρχὴ
3770 5682 3777 5691 ‘

524 5825 570 5858 ἰ
604 5823 708 5882 Isa.
741 5835 874 5889 Lvu,
907 5821 959 5890 5,
1000 5824 1053 5879 4.
1139 5821 1352 5882 “Psal.
1380 5838 1575 5895 Lmn.
1618 5825 1707 5883 14.
1782 5824 1992 5883 ³³Ρειι1.

2103 5838 2174 5878 xx
2232 5820 2313 5878 10.
2395 5820 2441 5853 ²δ
2488 5814 2897 5885 leam-vuum.
