4156 6514
412 366 499 429 25
709 399 718 407 ·
821 375 846 395 “’
1464 376 1533 435 IN
1564 379 1853 438 JOANNIS
1890 381 2018 437 EVA

2119 385 2347 444 ELIUM
2394 386 2524 445 LIB.
2566 386 2607 444 1.
3652 386 3723 445 26

422 488 540 563 γάρ
574 478 767 560 ἀρχῆς
790 488 892 544 οὐκ
937 488 1003 544 ἂν
1044 491 1131 564 εἴη
1182 492 1335 560 ποτὲ,
1398 497 1433 568 ἢ
1466 496 1687 563 πάντως
1723 499 2018 572 ὲκόήσεται

2126 516 2399 572 nusquam
2448 502 2649 557 fuerit:
2685 507 2781 556 aut
2810 499 2859 558 si
2899 500 3167 573 quiddam
3195 500 3346 557 aliud
3376 509 3505 557 ante
3535 500 3719 573 ipsum

424 585 485 638 :6
513 581 657 638 εἶναι
677 585 823 640 κατὰ
855 585 1111 656 ἀλήθειαν
1145 589 1313 660 ἁρχὴ,
1345 593 1849 665 προεπινοουμένου
1877 594 2022 659 τινὸς

420 676 616 748 ἑτέρου
662 674 759 731 καὶ
790 678 1219 750 προανίσχοντος
1265 682 1475 754 αὐτῆς*
1534 686 1713 752 ἄλλως
1760 705 1821 742 τε
1856 691 1904 743 ει
1936 690 2022 743 ὲνο

418 765 644 838 δέχεται
671 785 724 821 τι
749 769 1129 842 προϋπάρχειν
1159 772 1261 842 τῆς
1285 772 1459 840 ὅντως
1487 775 1662 849 ἀρχῆς
1685 818 1700 843 ,
1739 779 1827 833 ἐπ’
1866 780 2024 835 ἄπει-

422 876 522 930 ρον
550 861 684 931 ἡμῖν
710 862 739 914 6
768 862 899 932 περὶ
919 863 1092 942 αὐτῆς
1120 866 1401 937 οἰχήσεται
1429 868 1616 938 λόγος,
1645 870 1734 924 ἀεὶ
1775 889 2021 945 προανα-

416 951 723 1025 τελλούσης
747 954 980 1026 ἑτέρας,
1030 957 1129 1012 καὶ
1179 957 1442 1033 δευτέραν
1481 960 1894 1034 άποφαινούσης
1921 964 2022 1035 τὴν

415 1044 512 1114 ἐφ’
544 1038 691 1119 ᾗπερ
718 1045 785 1100 ἂν
820 1046 856 1118 ἡ
892 1050 1024 1120 παρ’
1062 1046 1223 1119 ήμῶν
1261 1050 1477 1118 γένοιτο
1509 1049 1760 1122 ζήτησις.
1810 1054 2021 1110 Οὐκοῦν

417 1137 571 1208 ἀρχὴ
598 1138 700 1209 μὲν
725 1139 906 1212 ἀρχῆς
935 1141 1038 1194 οὐκ
1066 1141 1244 1208 ἔσται,
1274 1142 1419 1197 κατὰ
1462 1143 1557 1198 τὸν
1602 1144 1809 1217 ἀκριϐῆ
1839 1163 1900 1199 τε
1929 1147 2022 1201 καὶ

414 1227 607 1299 άληθῆ
656 1229 918 1301 λογισμὸν
942 1272 958 1298 ,
1025 1231 1144 1286 ἀλλ’
1185 1235 1267 1297 εἰς
1314 1235 1599 1307 ἀμήρυτον
1667 1236 1852 1308 μέντοι
1925 1238 2022 1292 καὶ

415 1320 815 1393 ἀκατάληπτον
848 1324 878 1377 6
917 1327 1045 1397 περὶ
1070 1326 1245 1398 αὐτῆς
1281 1328 1628 1401 ἁποδημήσει
1653 1330 1833 1401 λόγος.
1855 1332 2020 1397 Τέλος

414 1413 477 1468 δὲ
510 1415 616 1469 οὐκ
647 1416 882 1491 ἐχούσης
908 1419 1009 1490 τῆς
1033 1419 1123 1474 ἀεὶ
1157 1420 1297 1491 πρὸς
1335 1422 1397 1476 :6
1429 1422 1624 1478 άνόπιν
1656 1425 1838 1495 φυγῆς
1862 1463 1877 1489 ,
1923 1423 2022 1479 καὶ

418 1505 484 1560 τὺ
512 1506 625 1561 τῶν
662 1507 877 1564 αἰώνων
909 1511 1292 1585 ὰναφοιτώσης
1332 1514 1571 1586 μέτρον,
1599 1515 1701 1570 οὐκ
1742 1516 1804 1568 ὲν
1842 1515 2022 1588 χρόνῳ

418 1597 668 1668 γεγονὼς
714 1602 742 1654 6
776 1600 908 1667 Υἱὸς
930 1642 947 1668 ,
998 1602 1184 1668 άίδίως
1227 1603 1285 1658 δὲ
1335 1605 1537 1676 μᾶλλον
1582 1605 1845 1678 ὑπάρχων
1881 1606 2024 1677 μετὰ

420 1689 643 1763 Πατρός
670 1692 1053 1766 εὑρεθήσεται.
1087 1690 1197 1749 Ἦν
1235 1696 1344 1769 γὰρ
1371 1698 1430 1752 ὲν
1476 1698 1641 1769 ἀρχῇ.
1675 1698 1739 1752 Εἰ
1770 1697 1828 1751 δὲ
1858 1692 1928 1768 ἦν
1963 1698 2022 1751 ὲν

414 1783 565 1855 ἀρχῇ
592 1823 609 1847 ,
642 1787 830 1851 ποῖος,
861 1785 987 1840 εἰπέ
1019 1805 1133 1858 μοι,
1164 1787 1454 1860 δυνήσεται
1491 1787 1615 1854 νοῦς
1658 1788 1765 1861 τὴν
1796 1788 1891 1843 τοῦ
1942 1784 2023 1860 ἦν

416 1874 901 1946 ὑπερανίπτασθαι
925 1877 1186 1951 δύναμιν;
1217 1880 1355 1934 Πότε
1382 1880 1440 1934 δὲ
1466 1881 1603 1945 ὅλως
1634 1881 1696 1935 τὸ
1722 1877 1805 1952 ἦν
1835 1881 1912 1946 ὡς
1963 1884 2023 1937 ὲν

412 1965 566 2021 τέλει
619 1969 914 2040 στήσεται,
962 1973 1375 2045 προανατρέχον
1432 1973 1522 2027 ἀεὶ
1579 1971 1674 2026 τοῦ
1730 1972 2023 2039 διώκοντος

411 2059 688 2131 λογισμοῦ
716 2103 733 2129 ,
791 2063 889 2117 καὶ
934 2062 1038 2135 τῆς
1090 2065 1367 2141 ἑπομένης
1417 2065 1569 2138 αὐτῷ
1621 2066 2023 2139 προαναπηδῶν

412 2152 673 2222 ὲννοίας;
720 2155 847 2233 Ἐπὶ
892 2157 1071 2230 τούτῳ
1121 2158 1185 2231 δὴ
1243 2160 1354 2233 ἄρα
1414 2159 1946 2231 καταπεπληγμένος
1994 2161 2024 2214 ό

410 2236 713 2326 προφήτης
747 2231 915 2320 φησιν
976 2248 1239 2315 Ἡσαΐαςο
1288 2231 1313 2305 Ὺ(
1348 2252 1463 2324 Τὴν
1508 2252 1703 2321 γενεὰν
1735 2250 1903 2306 αὑτοῦ
1936 2251 2021 2317 τίς

408 2338 777 2410 διηγήσεται;
806 2343 891 2397 ότι
916 2342 1134 2417 αἴρεται
1160 2345 1271 2399 ἀπὸ
1300 2344 1402 2416 τῆς
1432 2346 1537 2417 γῆς
1561 2347 1596 2416 ἡ
1620 2344 1735 2416 ζωὴ
1763 2343 1957 2400 αὑτοῦ.
1996 2363 2014 2396 ι

408 2424 646 2503 Αἶρεται
672 2431 784 2504 γὰρ
805 2433 976 2498 ὅντως
996 2436 1105 2490 ἀπὸ
1132 2436 1233 2508 τῆς
1254 2436 1360 2507 γῆς
1390 2438 1420 2489 6
1439 2438 1569 2509 περὶ
1589 2436 1691 2507 τῆς
1713 2437 2023 2507 γεννήσεως

411 2521 578 2592 Λόγος
606 2523 704 2578 τοῦ
734 2527 1079 2597 Μονογενοῦς
1100 2570 1117 2594 ,
1149 2527 1295 2583 τοῦτ’
1316 2528 1485 2596 ἐστιν,
1515 2529 1656 2602 ὑπὲρ
1687 2529 1870 2584 πᾶσάν
1902 2532 2022 2585 ἐστι

408 2612 665 2670 διάνοιαν
694 2615 805 2671 τῶν
849 2617 1021 2673 ὄντων
1072 2618 1169 2672 ἐπὶ
1205 2620 1304 2692 τῆς
1351 2620 1491 2691 γῆς,
1524 2619 1621 2673 καὶ
1665 2620 1807 2693 ὑπὲρ
1843 2620 2022 2675 πάντα

408 2706 577 2777 λόγον
600 2748 616 2776 ,
650 2707 728 2774 ὡς
755 2705 895 2765 εῖναι
925 2710 1116 2766 λοιπὸν
1138 2711 1505 2783 άνεξήγητον·
1538 2714 1589 2766 εἰ
1628 2712 1686 2766 δὲ
1721 2712 1863 2785 ὑπὲρ
1896 2713 2022 2769 νοῦν

408 2800 535 2853 ἐστι
581 2800 680 2855 καὶ
733 2801 928 2872 λόγους
954 2804 1085 2868 τοὺς
1118 2805 1178 2858 ἐν
1216 2806 1373 2876 ἡμῖν,
1409 2804 1528 2870 πῶς
1556 2804 1623 2860 ἂν
1656 2804 1743 2877 εἴη
1772 2804 2019 2876 γενητὸς,

406 2892 518 2947 οὐκ
544 2893 847 2966 ἀτονούσης
871 2895 974 2966 τῆς
1000 2895 1229 2969 ἐνούσης
1255 2899 1391 2970 ἡμῖν
1428 2896 1693 2966 διανοίας,
1727 2897 1821 2952 καὶ
1842 2898 2024 2969 χρόνῳ

407 2986 512 3039 καὶ
536 2984 685 3058 λόγῳ
716 2987 1057 3061 περιορίζειν
1086 2989 1159 3044 τὰ
1186 2988 1392 3062 γενητά
1415 3008 1431 3058 ;

419 3076 684 3146 Ἑτέρως
724 3080 813 3146 εὶς
847 3080 914 3135 τὸ
957 3080 1110 3206 αὺτὲ
1135 3082 1488 3206 θίῖιὲρητέον,
1526 3101 1545 3136 ι
1595 3082 1701 3138 Ἐν
1741 3081 1905 3153 ἀρχῇ
1942 3078 2023 3154 ἦν

1245 3170 1369 3206 τοο.
1400 3172 1419 3205 ι

1245 3170 1369 3222 γος.
1400 3172 1419 3205 ι

502 3240 707 3317 Ἀρχὴν
756 3243 894 3308 ὅλως
935 3245 1037 3317 τὴν
1072 3246 1132 3300 ὲν
1179 3246 1360 3318 χρόνῳ
1407 3246 1706 3319 νοουμένην
1751 3247 1854 3301 οὐκ
1904 3245 2020 3302 ἔστι

408 3330 600 3389 λασεῖν
658 3333 754 3387 ἐπὶ
812 3333 908 3387 τοῦ
961 3335 1327 3406 Μονογενοῦς.
1377 3337 1529 3392 Ἐπεὶ
1588 3337 1699 3410 γάρ
1755 3340 1873 3392 ἐστι
1913 3337 2020 3409 πρὸ

406 3423 612 3496 χρόνου
671 3426 913 3491 παντὸς,
959 3427 1057 3480 καὶ
1090 3426 1419 3499 προαιώνιον
1468 3426 1582 3500 ἔχει
1628 3428 1727 3501 τὴν
1760 3427 2020 3502 ὓπαρξιν,

407 3516 495 3570 ἔτι
551 3534 615 3570 τε
635 3518 784 3590 ’πρὸς
811 3518 1027 3584 τούτοις
1061 3520 1124 3573 τὸ
1169 3520 1502 3593 καταλήγειν
1531 3524 1612 3586 εἰς
1641 3522 1795 3587 τέλος
1828 3524 1862 3593 ἡ
1898 3520 2022 3576 θεία

407 3610 768 3678 παραιτεῖται
801 3609 963 3680 φύσις
1012 3611 1147 3683 (ἕξει
1176 3612 1286 3684 γὰρ
1318 3612 1583 3677 ὡσαύτως
1617 3613 1741 3678 ἀεὶ,
1774 3612 1921 3668 κατά
1958 3612 2021 3666 τὸ

408 3704 469 3755 ὲν
499 3701 759 3773 Ψαλμοῖς
798 3702 1231 3774 μελῳδούμενον,
1268 3723 1286 3757 ι
1315 3705 1388 3758 Σὺ
1422 3705 1480 3759 δὲ
1518 3707 1548 3759 6
1592 3703 1757 3769 αὐτὸς
1803 3702 1874 3771 εἶ,
1924 3705 2021 3759 καὶ

403 3792 479 3846 τά
508 3790 607 3864 ἔτη
641 3810 737 3846 σου
762 3794 864 3848 οὐκ
892 3795 1238 3866 ἐκλείψουσιν
1261 3795 1331 3869 ›)’
1358 3797 1466 3851 ἀπὸ
1492 3799 1654 3862 ποίας
1682 3798 1815 3869 ἡμῖν
1841 3798 2019 3870 ἀρχῆς

403 3886 512 3956 τῆς
541 3888 601 3939 ὲν
626 3886 809 3958 χρόνῳ
842 3889 938 3942 καὶ
964 3888 1118 3959 ποσῷ
1149 3889 1531 3961 μετρουμένης
1558 3892 1586 3945 6
1609 3890 1740 3953 Υἱὸς
1774 3891 2011 3963 ἐκϐήσε-

401 3997 502 4034 ται
528 4018 546 4043 ,
578 3980 797 4051 τρέχειν
828 3981 909 4045 εἰς
936 3980 1092 4045 τέλος
1132 3982 1235 4035 οὐκ
1287 3981 1618 4053 ἀνεχόμενος
1644 4022 1658 4047 ,
1695 3981 1793 4036 ἆτε
1824 3982 1891 4053 δὴ
1921 3982 2018 4036 καὶ

401 4071 557 4127 κατὰ
610 4072 776 4142 φύσιν
837 4074 1103 4146 ὑπάρχων
1135 4073 1270 4135 Θεὸς
1293 4117 1308 4143 ,
1363 4074 1460 4128 καὶ
1516 4074 1604 4128 διὰ
1635 4075 1796 4128 τοῦτο
1831 4074 1972 4146 βοῶν
1998 4091 2012 4106 ·

405 4184 429 4217 ε
471 4165 619 4235 Ἐγώ
650 4168 769 4237 ειμι
798 4167 834 4237 ἡ
877 4166 990 4237 ζωή
1024 4183 1038 4232 ;
1065 4185 1084 4219 ι
1135 4165 1305 4238 Ἀρχὴ
1334 4165 1446 4237 γὰρ
1488 4166 1629 4239 αύτὴ
1661 4166 1785 4220 καθ’
1812 4165 2015 4238 ἑαυτὴν

400 4259 511 4312 οὐκ
532 4258 601 4312 ἂν
624 4258 763 4323 ὅλως
787 4257 1055 4331 ὑπάρχειν
1078 4259 1250 4312 νοοῖτό
1280 4276 1436 4326 ποτε,
1469 4258 1545 4330 μὴ
1568 4258 1706 4331 πρὸς
1730 4258 1789 4313 :6
1816 4260 2016 4312 οἰκεῖον

404 4351 693 4423 βλέπουσα
721 4351 879 4416 τέλος
902 4368 916 4381 ·
953 4351 1191 4423 ἐπεεπερ
1222 4352 1298 4417 ὡς
1333 4352 1471 4422 πρὸς
1515 4352 1670 4416 τέλος
1715 4351 1817 4423 μὲν
1846 4352 2012 4423 ἀρχὴ,

400 4443 564 4507 τέλος
594 4442 639 4496 δ’
668 4437 739 4498 αὖ
796 4442 960 4498 πάλιν
1004 4443 1080 4508 ὡς
1113 4444 1251 4517 πρὸς
1281 4443 1457 4514 ἀρχὴν
1489 4441 1840 4515 ὀνομάζεται.
1887 4446 2014 4516 Ἀρ-

401 4533 510 4605 χὴν
541 4530 600 4585 ὁὶ
635 4532 800 4587 πάλιν
835 4534 895 4586 ὲν
923 4534 1138 4597 τούτοις
1171 4533 1271 4605 τὴν
1299 4532 1445 4586 κατὰ
1486 4533 1682 4603 χρόνον
1705 4572 1720 4598 ,
1749 4534 1870 4604 ἦτοι
1918 4551 2016 4587 πο-

404 4626 636 4698 σότητα,
661 4626 1030 4698 σημαίνομεν.
1070 4625 1281 4681 Οὐκοῦν
1327 4625 1631 4698 ἐπειδήπερ
1678 4625 1775 4680 καὶ
1831 4627 2013 4682 αὐτῶν

402 4720 526 4772 ἐστι
561 4718 675 4772 τῶν
731 4718 947 4773 αἰώνων
1004 4719 1381 4792 πρεσϐύτερος
1435 4720 1464 4773 6
1507 4718 1668 4786 Υἱὸς,
1699 4719 1762 4773 τὸ
1817 4719 1917 4792 μὲν
1956 4721 2014 4773 ὲν

402 4810 589 4882 γοόνῳ
616 4810 951 4883 γεγενῆσθαι
975 4810 1362 4881 διαφεύξεται·
1386 4805 1455 4882 ἧν
1482 4810 1540 4865 δὲ
1569 4811 1664 4866 καὶ
1689 4812 1778 4867 διὰ
1808 4814 2014 4878 παντὸς

400 4903 481 4966 ὡς
508 4904 568 4956 ἐν
601 4905 754 4973 πηγῇ
785 4902 865 4974 τῷ
896 4903 1094 4974 Πατρὶ,
1130 4904 1272 4957 κατὰ
1304 4904 1364 4957 :6
1386 4906 1518 4975 παρ’
1546 4902 1716 4957 αὐτοῦ
1749 4904 2014 4975 λελεγμέ-

400 5006 517 5046 νον*
551 5012 571 5044 ι
605 4993 749 5063 Ἐγὼ
775 4995 840 5048 ἐκ
867 4994 962 5048 τοῦ
994 4995 1210 5066 Πατρὸς
1240 4994 1486 5066 ἐξῆλθον,
1510 4997 1602 5049 καὶ
1623 4996 1799 5067 ἥκω.»
1822 4996 2015 5067 Πηγῆς

398 5086 702 5156 τοιγαροῦν
724 5085 1020 5156 νοουμένου
1048 5087 1142 5141 τοῦ
1162 5087 1406 5159 Πατρός,
1430 5082 1497 5159 ἦν
1523 5090 1551 5141 6
1569 5088 1742 5155 Λόγος
1770 5090 1828 5141 ὲν
1859 5087 2008 5158 αὐτῷ

401 5180 594 5246 σοερῖα.
625 5179 719 5231 καὶ
748 5177 979 5249 δύναμις
1000 5219 1015 5242 ,
1047 5180 1142 5232 καὶ
1172 5180 1461 5252 χαρακτὴρ
1480 5219 1496 5244 ,
1521 5181 1615 5235 καὶ
1643 5179 2007 5251 ἀπαύγασμα,

401 5273 501 5326 καὶ
534 5270 703 5324 εἰκὼν
733 5271 998 5343 ὑπάρχων
1031 5271 1218 5325 αὑτοῦ.
1245 5271 1358 5326 Καὶ
1404 5273 1452 5325 εἰ
1487 5271 1678 5343 χρόνος
1707 5267 1776 5342 ἦν
1810 5272 2007 5336 οὐδεὶς,

399 5366 489 5418 ὅτε
517 5365 697 5432 Λόγου
728 5363 900 5435 χωρὶς
922 5404 935 5426 ,
969 5365 1062 5418 καὶ
1098 5364 1301 5443 σοφίας
1320 5406 1335 5428 ,
1364 5365 1459 5418 καὶ
1492 5366 1843 5436 χαρακτῆρος
1867 5403 1881 5427 ,
1916 5367 2011 5418 καὶ

398 5457 845 5528 άπαυγάσματος
896 5452 966 5528 ἦν
1021 5458 1050 5509 6
1086 5458 1307 5529 Πατήρ’
1362 5456 1578 5527 ἀνάγκη
1622 5457 2008 5528 συνομολογεῖν

397 5547 572 5601 ἁῖρῖιον
607 5547 880 5618 ὑπάρχειν
919 5548 1010 5602 τὸν
1053 5549 1182 5602 Υῐὺν
1207 5591 1222 5615 ,
1271 5548 1329 5611 ὃς
1373 5550 1549 5603 ταυτά
1582 5551 1699 5603 ἐστι
1731 5548 1812 5620 τῷ
1852 5551 2007 5622 ἀϊδίῳ

401 5639 605 5711 [In-pi.
641 5638 769 5704 Πῶς
795 5640 904 5712 γὰρ
938 5641 1077 5706 ὅλως
1108 5642 1227 5695 ἐστὶ
1260 5643 1570 5715 χαρακτὴρ,
1606 5642 1725 5707 πῶς
1759 5644 1816 5696 δὲ
1842 5644 2005 5697 εἰκὼν

394 5731 679 5803 ἀγριεὴς,
718 5733 766 5784 εἰ
821 5732 898 5803 μὴ
942 5734 1077 5804 πρὸς
1121 5734 1300 5787 ἐκεῖνο
1341 5737 1779 5808 μεμορθρωμὲνος
1812 5738 2004 5807 ὁρᾶται

471 5841 523 5885 ³³
565 5842 672 5907 ιω.
721 5858 843 5911 Lm,
881 5845 932 5900 8.
1014 5847 1060 5876 ³⁵
1104 5844 1249 5900 Psal.
1292 5862 1364 5911 (ῖι,
1410 5847 1499 5903 23.
1583 5850 1623 5880 ³⁷
1657 5847 1950 5913 J:;att.\tv,
1985 5850 2035 5903 6.

2130 596 2472 668 intelligatur
2513 598 2823 664 oriaturve,
2877 611 3008 654 vere
3066 596 3405 669 principium
3453 611 3574 653 esse
3622 596 3720 652 de-

2130 688 2295 744 sinet.
2336 688 2580 760 Alioqui,
2612 690 2658 745 si
2688 690 2805 747 ﬁeri
2834 698 3020 761 potest
3053 698 3114 747 ut
3156 691 3367 762 aliquid
3410 700 3539 746 ante
3580 689 3719 744 illud

2129 780 2278 851 quod
2327 794 2459 835 vere
2512 780 2845 852 principium
2885 790 2972 838 est
3022 783 3278 850 exsistat,
3331 783 3387 838 in
3435 781 3719 838 inﬁnitum

2128 879 2322 927 nostra
2357 870 2427 928 de
2455 872 2550 928 illo
2583 871 2799 929 abitura
2820 880 2906 930 est
2935 874 3141 939 oratio,
3178 875 3290 930 alio
3310 875 3466 945 prius
3497 889 3721 946 semper

2127 964 2437 1032 exoriente,
2453 973 2508 1022 et
2530 972 2655 1038 post
2677 981 2738 1023 se
2754 964 3044 1036 rejiciente
3060 967 3104 1036 1
3116 967 3160 1036 1
3180 967 3315 1022 illud
3337 967 3481 1037 quod
3500 982 3718 1038 quaere-

2129 1063 2244 1112 tur.
2287 1057 2479 1128 ltaque
2519 1058 2860 1129 principium
2890 1059 3113 1130 quidem
3157 1059 3416 1131 principii
3448 1075 3559 1115 non
3586 1060 3720 1130 erit,

2128 1149 2177 1206 si
2206 1163 2334 1206 vere
2388 1159 2444 1206 et
2482 1158 2678 1207 exacte
2724 1151 3048 1207 ratiocinari
3093 1151 3374 1221 volumus,
3414 1153 3508 1208 sed
3550 1153 3604 1207 in
3636 1153 3722 1208 in-

2129 1238 2344 1295 tlnitum
2384 1251 2441 1297 et
2479 1241 3043 1312 incomprehensibile
3088 1242 3357 1313 procedet
3387 1243 3442 1299 id
3474 1246 3621 1316 quod
3652 1246 3728 1301 de

2129 1331 2252 1402 ipso
2304 1332 2543 1389 dicetur.
2578 1334 2830 1406 Cumque
2862 1332 2971 1391 ﬁne
3026 1343 3217 1392 careat
3254 1336 3347 1391 illa
3394 1344 3546 1393 retro
3594 1344 3722 1392 acta

2128 1432 2398 1493 perpetuo
2435 1426 2747 1495 conversio,
2768 1432 2824 1483 et
2851 1428 3054 1485 saecula
3076 1436 3391 1499 percurrat,
3420 1444 3530 1484 non
3569 1429 3723 1484 exsi-

2129 1523 2279 1570 stere
2312 1515 2369 1570 in
2413 1523 2663 1588 tempore
2688 1516 2888 1588 Filius,
2919 1521 3017 1578 sed
3055 1520 3125 1577 ab
3157 1528 3367 1577 aeterno
3388 1522 3576 1593 potius
3601 1535 3727 1577 esse

2130 1622 2254 1664 cum
2300 1607 2466 1667 Patre
2518 1612 2916 1682 comperietur.
2955 1612 3085 1669 Erat
3133 1615 3282 1671 enim
3329 1616 3383 1670 in
3424 1614 3720 1685 principio.

2129 1696 2287 1764 Quod
2317 1699 2363 1755 si
2403 1709 2523 1756 erat
2567 1699 2622 1755 in
2655 1701 2958 1774 principio,
2998 1718 3122 1775 quae
3147 1720 3324 1770 mens,
3359 1705 3577 1770 amabo,
3618 1721 3721 1776 pu-

2130 1789 2261 1846 lerit
2288 1790 2399 1846 vim
2446 1791 2596 1849 illius
2641 1794 2830 1862 verbi,
2873 1804 3014 1863 erat,
3060 1797 3440 1853 transvolare?
3487 1796 3729 1863 Quando

2056 1872 2097 1928 Β
2126 1883 2365 1955 denique
2402 1883 2561 1950 illud,
2606 1894 2742 1952 erat,
2777 1886 2931 1942 velut
2979 1888 3037 1943 in
3088 1888 3197 1946 ﬁne
3248 1890 3541 1957 consistet,
3591 1905 3722 1946 cum

2125 1983 2554 2048 prosequentem
2616 1978 3012 2050 cogitationem
3087 1994 3306 2051 semper
3370 1980 3719 2046 antecedat,

2125 2074 2480 2139 mentemque
2519 2070 2872 2140 praecurrat?
2917 2069 3120 2139 Quam,
3146 2072 3221 2128 ob
3272 2086 3391 2127 rem
3453 2071 3722 2141 attonitus

2126 2159 2399 2230 propheta
2437 2159 2611 2218 lsaias
2652 2160 2834 2241 inquit
2872 2180 2888 2219 :
2924 2179 2943 2214 ι
2981 2162 3409 2219 Generationem
3443 2163 3566 2233 ejus
3595 2164 3726 2233 quis

2125 2251 2451 2308 enarrabit?
2472 2250 2612 2320 Quia
2641 2254 2860 2310 tollitur
2887 2269 2918 2309 a
2948 2262 3097 2311 terra
3131 2258 3243 2309 vita
3275 2255 3400 2325 ejus
3425 2255 3496 2311 ⁸³.
3535 2274 3555 2308 ι
3593 2253 3725 2309 Tol-

2126 2341 2259 2396 litur
2294 2342 2443 2397 enim
2477 2341 2730 2414 profecto
2761 2358 2791 2398 a
2832 2351 2980 2400 terra
3017 2344 3399 2415 generationis
3438 2343 3725 2416 Unigeniti

2126 2432 2294 2501 ratio,
2326 2432 2430 2489 hoc
2458 2440 2566 2499 est,
2608 2436 2858 2491 omnium
2903 2436 3222 2491 mortalium
3267 2446 3506 2492 mentem
3558 2452 3724 2493 exce-

2124 2523 2228 2589 dit,
2258 2539 2595 2597 omnemque
2628 2529 2905 2583 rationem
2934 2539 3179 2598 superat,
3209 2528 3347 2585 adeo
3379 2536 3437 2583 ut
3467 2529 3724 2583 enarrari

2124 2624 2384 2689 nequeat.
2426 2618 2585 2685 Quod
2638 2619 2686 2676 si
2727 2628 2968 2676 mentem
3032 2628 3088 2676 et
3142 2621 3412 2677 rationem
3468 2626 3725 2675 nostram

2123 2712 2364 2778 excedit,
2406 2712 2692 2782 quomodo
2722 2720 2946 2771 creatus
2972 2715 3099 2783 erit,
3128 2728 3254 2770 cum
3297 2722 3353 2770 et
3387 2722 3635 2784 tempore
3665 2719 3725 2768 et

2125 2803 2343 2860 ratione
2378 2805 2845 2863 circumscribere
2890 2821 2983 2862 res
3026 2813 3248 2865 creatas
3288 2805 3499 2877 ingenii
3540 2804 3722 2863 nostri

2125 2893 2274 2951 vires
2306 2909 2420 2951 non
2456 2895 2733 2951 excedat?
3429 2939 3516 3006 ,φ

2320 3074 2447 3129 Alia
2476 3074 2795 3140 observatio,
2825 3076 2880 3129 in
2911 3075 3071 3141 illud,
3115 3093 3133 3127 ι
3168 3072 3237 3128 1η
3266 3073 3532 3144 principio

2694 3154 2812 3201 erat
2842 3146 3087 3201 Verbum.
3133 3163 3152 3196 ι

2048 3216 2091 3274 c
2198 3237 2539 3309 Principium
2595 3238 2789 3310 utique
2829 3237 2965 3293 illud
2994 3236 3145 3309 quod
3181 3236 3236 3292 in
3274 3243 3527 3308 tempore
3563 3236 3727 3293 intel-

2125 3332 2317 3403 ligitur
2356 3331 2675 3388 nullatenus
2704 3344 2905 3401 capere
2936 3331 3067 3386 licet
3113 3330 3182 3385 de
3222 3327 3546 3402 Unigenito.
3583 3329 3723 3384 Nam

2122 3440 2251 3480 curn
2311 3424 2384 3479 sit
2441 3432 2570 3479 ante
2618 3438 2784 3479 omne
2832 3431 3052 3494 tempus
3103 3428 3160 3477 et
3210 3423 3431 3478 saeculis
3483 3422 3726 3493 priorem

2122 3518 2511 3575 exsistentiam
2567 3516 2790 3583 habeat,
2823 3532 2889 3573 ac
2927 3524 3192 3587 praeterea
3248 3515 3412 3571 ﬁnem
3449 3517 3726 3587 attingere

2121 3620 2327 3665 natura
2355 3609 2543 3665 divina
2572 3607 2793 3666 nesciat
2826 3609 3044 3679 (eodem
3087 3609 3233 3665 enim
3264 3607 3428 3663 modo
3472 3623 3532 3664 se
3572 3624 3725 3665 scm-

2121 3721 2219 3775 per
2251 3703 2496 3773 habebit,
2536 3703 2698 3773 juxta
2740 3701 2877 3757 illud
2922 3701 3275 3758 Psalmistaa:
3331 3719 3350 3751 ι
3405 3700 3487 3756 Tu
3537 3709 3724 3757 autem

2120 3797 2263 3852 idem
2296 3797 2414 3867 ipse
2439 3811 2522 3861 es,
2559 3803 2617 3851 et
2644 3794 2775 3849 anni
2810 3794 2891 3848 tui
2928 3809 3040 3849 non
3087 3792 3349 3849 deﬁcient
3383 3794 3429 3826 "
3461 3793 3533 3865 ι),
3582 3809 3725 3864 quo-

2118 3905 2248 3946 nam
2318 3904 2349 3943 a
2421 3888 2702 3961 principio
2769 3895 3018 3957 tempore
3077 3893 3133 3942 et
3207 3886 3519 3957 quantitate
3582 3886 3722 3942 deﬁ-

2120 3983 2239 4037 nito
2288 3980 2464 4039 Filius
2509 3979 2796 4052 prodibit,
2856 3979 2952 4050 qui
3004 3978 3075 4033 ad
3124 3978 3315 4047 ﬁnem,
3344 3979 3573 4034 tendere
3625 3994 3725 4035 ne-

2120 4073 2247 4137 scit,
2284 4080 2476 4140 utpote
2500 4070 2813 4127 secundum
2852 4079 3111 4124 naturam
3145 4070 3423 4126 exsistens
3453 4071 3617 4136 Deus,
3655 4087 3721 4126 ac

2075 4206 2081 4211 .
2118 4168 2414 4232 propterea
2473 4161 2757 4214 clamans:
2800 4176 2821 4209 ε
2860 4158 2975 4230 Ego
3017 4173 3140 4214 sum
3173 4160 3287 4214 vita
3314 4160 3405 4213 "?
3445 4179 3464 4213 ›
3498 4158 3721 4215 Princi-

2119 4252 2269 4322 pium
2304 4251 2451 4305 enim
2485 4249 2544 4304 in
2578 4264 2640 4306 se
2674 4250 3000 4320 neutiquam
3043 4248 3390 4321 intelligetur
3423 4266 3564 4316 esse,
3617 4267 3721 4307 nec

2118 4342 2187 4398 ad
2217 4341 2387 4398 ﬁnem
2419 4355 2581 4398 suum
2609 4340 2910 4414 respicere,
2937 4354 3065 4396 cum
3096 4342 3434 4413 principium
3462 4354 3718 4415 respectu

2119 4434 2188 4490 ad
2221 4435 2408 4500 ﬁnem,
2440 4447 2641 4490 rursus
2687 4441 2872 4489 autem
2910 4432 3038 4489 ﬁnis
3074 4446 3337 4506 respectu
3389 4438 3455 4491 ad
3508 4439 3722 4509 princi-

2118 4528 2271 4600 pium
2302 4533 2679 4599 nuncupetur.
2703 4524 3050 4597 Principium
3070 4542 3206 4584 vero
3232 4527 3322 4583 hic
3355 4544 3554 4586 rursus
3579 4539 3723 4586 ῑειιιον

2119 4626 2293 4696 poris,
2332 4626 2453 4682 sive
2499 4623 2869 4695 qttantitatem
2920 4622 3326 4695 signiﬁcamus.
3378 4623 3515 4679 Cum
3553 4626 3721 4696 igitur

2114 4715 2253 4787 ipsis
2279 4715 2447 4772 etiam
2489 4714 2710 4771 saeculis
2738 4713 3023 4785 antiquior
3050 4714 3125 4769 sit
3150 4711 3346 4780 Filius,
3379 4715 3436 4768 in
3466 4724 3719 4784 tempore

2115 4810 2339 4881 genitus
2365 4822 2488 4865 esse
2518 4822 2628 4863 non
2658 4807 2885 4879 poterit,
2920 4807 3016 4864 sed
3057 4815 3177 4863 erat
3211 4822 3435 4879 semper
3462 4808 3517 4863 in
3549 4806 3717 4866 Patre

2115 4904 2267 4959 velut
2299 4903 2352 4957 in
2386 4901 2560 4967 fonte,
2590 4901 2755 4957 sicuti
2787 4901 2857 4956 ab
2886 4901 3008 4971 ipso
3043 4900 3253 4955 dictum
3286 4909 3404 4956 est:
3440 4919 3460 4954 ι
3500 4903 3614 4973 Ego
3647 4919 3716 4959 ex

2118 4996 2280 5051 Patre
2310 4995 2456 5051 exivi
2488 5003 2542 5050 et
2575 4993 2701 5049 veni
2735 4993 2801 5046 ’⁸.
2841 5012 2859 5043 ι
2918 4992 3058 5048 Cum
3089 5008 3221 5065 ergo
3252 4992 3419 5050 Pater
3459 4994 3585 5053 fons
3624 4996 3715 5050 in-

2120 5087 2422 5158 telligatur,
2454 5091 2574 5137 erat
2607 5081 2849 5138 Verbum
2894 5083 2949 5138 in
2984 5084 3131 5154 ipso,
3168 5084 3464 5155 sapientia,
3514 5094 3569 5142 et
3601 5087 3716 5141 vir-

2118 5186 2234 5242 tus,
2275 5187 2330 5233 et
2371 5176 2687 5243 character,
2717 5186 2772 5232 et
2804 5177 3092 5247 splendor,
3128 5186 3182 5233 et
3226 5178 3408 5250 imago
3449 5178 3571 5249 ejus
3619 5178 3720 5236 ex:

2118 5273 2346 5329 sistens.
2379 5271 2483 5340 12
2519 5269 2586 5324 Et
2616 5270 2665 5326 si
2696 5278 2915 5341 tempus
2942 5270 3155 5326 nullum
3187 5282 3307 5328 erat
3333 5273 3555 5343 quando
3588 5274 3716 5329 abs-

2116 5380 2225 5435 que
2275 5362 2481 5427 Verbo,
2519 5373 2575 5420 et
2622 5363 2919 5433 sapientia,
2946 5372 3002 5419 et
3033 5363 3382 5432 charactere,
3424 5371 3477 5420 et
3526 5364 3715 5435 splen-

2117 5459 2253 5512 dore
2296 5464 2415 5511 erat
2446 5454 2631 5518 Pater,
2665 5454 2828 5508 simul
2856 5454 3021 5509 etiam
3056 5454 3217 5509 fateri
3252 5469 3482 5508 necesse
3525 5464 3610 5508 est
3639 5469 3711 5509 te-

2118 5560 2334 5605 ternum
2388 5564 2513 5605 esse
2555 5546 2789 5614 Filium,
2830 5547 2927 5619 qui
2980 5547 3172 5602 eadem
3211 5553 3296 5601 est
3343 5559 3466 5598 cum
3502 5555 3711 5601 aeterno

2117 5642 2299 5699 Patre.
2349 5641 2640 5708 Quomodo
2687 5640 2861 5705 enim,
2899 5640 3118 5702 amabo,
3154 5638 3446 5691 character
3472 5645 3578 5703 est,
3615 5646 3709 5693 aut

2117 5736 2394 5806 (μιοιιιυιιο
2422 5744 2614 5789 exacta
2651 5734 2852 5803 imago,
2891 5734 2996 5787 nisi
3048 5730 3113 5785 ad
3145 5730 3296 5785 illam
3334 5730 3705 5801 pulchritudi.

2118 5852 2165 5882 ”
2193 5850 2351 5906 Joun.
2384 5865 2494 5941 ιξι,
2527 5849 2618 5904 28.
