4156 6532
444 398 512 452 27
1446 410 1506 467 S.
1549 408 1824 467 CYBILLI
1875 409 2353 470 ALEXANDRINI
2395 418 2718 491 ARCHIEP.
3647 432 3719 489 9.8

446 526 570 566 nem
619 527 918 584 expressus
968 518 1224 576 videatur
1256 521 1419 591 cujus
1457 523 1621 577 etiam
1673 533 1757 579 est
1813 524 2010 596 imago‘

2133 526 2193 579 τὸ
2223 528 2418 594 κάλλος
2439 573 2454 597 ,
2489 525 2550 586 οὗ
2602 534 2695 588 καὶ
2727 534 2875 589 ἐστιν
2926 538 3124 607 εἰκών,
3172 540 3448 614 Ἀδικήσει
3483 544 3541 599 δὲ
3580 548 3716 613 ὅλως

444 600 589 708 i‘iih’il
615 605 856 662 obstabit
879 624 1067 679 porro,
1094 611 1243 682 quod
1266 610 1467 667 Filium
1491 614 1548 668 in
1579 613 1740 670 Patre
1766 623 2010 687 tanquau

2132 619 2303 685 οὐδὲν,
2339 622 2400 676 τὸ
2448 623 2523 688 ὡς
2553 626 2610 677 ὲν
2643 630 2795 699 πηγῇ
2812 628 2891 699 τῷ
2928 600 3123 701 [πατρί
3148 632 3240 685 τὸν
3281 600 3406 686 Υιιν
3451 600 3717 708 ὑπάρχῼᾷ

444 688 499 742 in
534 688 688 748 fonte
721 707 843 751 esse
883 696 1265 770 intelligimus.
1314 700 1528 757 Nomen
1560 702 1731 758 fontis
1759 705 1909 758 enim
1939 704 2010 759 hic

2131 712 2330 766 ὲννοεῖν
2351 730 2365 744 υ
2395 716 2554 785 μόνον
2581 718 2689 789 γὰρ
2836 688 2896 786 ἐξ
2913 715 2998 786 οὑ,
3024 688 3086 775 τὸ
3114 725 3214 796 τῆς
3235 725 3416 796 πηγῆς
3439 688 3493 781 ὲν

443 781 645 847 solum,
681 783 734 838 id
767 801 837 841 ex
866 803 995 859 quo,
1029 791 1327 863 signiﬁcat.
1388 793 1485 850 Est
1526 803 1710 851 autem
1760 795 1932 852 Filius
1971 798 2010 853 ir

2129 801 2299 873 ὄνομα
2333 781 2608 877 σημαίνει,
2646 781 2802 864 έεστὶ
2830 781 2892 865 δέ
2937 781 2994 867 ὁῖ
3024 781 3261 879 Υἱδςνὲν
3295 781 3468 889 λίαζρὶ
3514 781 3717 876 scalis);

443 869 625 941 Patre,
672 881 726 930 et
769 891 839 932 ex
868 878 1055 946 Patre,
1105 896 1217 938 non
1246 884 1623 951 extrinsecus,
1666 894 1761 941 aut
1793 887 1850 941 in
1885 894 2010 943 tem-

2129 869 2345 967 Πατρὸς
2367 869 2530 961 ,Ποὺκ
2572 899 2769 965 ἔξωθεν
2817 902 2850 974 ἢ
2904 904 2961 956 ὲν
2995 869 3174 976 χρόνίρ
3210 869 3481 976 γεγονὼς,

442 979 575 1033 pore
613 970 852 1038 genitus,
897 970 995 1027 sed
1044 973 1102 1029 in
1152 974 1332 1033 Patris
1368 980 1650 1035 exsistens
1685 981 2022 1050 substantia,

439 1064 493 1109 et
535 1072 603 1111 ex
657 1059 777 1129 ipsa
826 1061 1118 1134 effulgens,
1155 1068 1307 1122 velut
1345 1083 1414 1123 ex
1447 1070 1564 1125 sole
1597 1072 1883 1141 splendor,
1931 1085 2024 1129 aut

442 1156 705 1218 tanquam
740 1151 811 1206 ab
868 1152 994 1224 igne
1042 1155 1267 1212 innatus
1316 1157 1367 1213 ei
1416 1160 1589 1215 calor.
1640 1159 1698 1214 ln
1750 1161 1836 1216 his
1875 1163 2022 1217 enim

437 1242 708 1311 exemplis
755 1260 923 1299 unum
975 1248 1198 1317 quidem
1230 1265 1294 1305 ex
1331 1251 1439 1306 alio
1470 1262 1796 1324 prognatum
1839 1254 2025 1309 ridere

437 1338 542 1394 cst,
579 1342 959 1392 verumtamen
1001 1353 1219 1409 semper
1266 1343 1634 1409 coexsistens,
1664 1352 1717 1399 et
1747 1345 2025 1415 insepara-

436 1424 624 1481 biliter
655 1427 909 1497 insitum,
944 1431 1020 1487 ita
1069 1441 1130 1487 ut
1174 1434 1386 1504 absque
1431 1436 1606 1492 altero
1641 1438 1873 1494 alterum
1923 1455 2022 1509 per

436 1530 498 1571 se
548 1528 784 1588 nequeat
823 1536 965 1587 esse,
1002 1531 1058 1578 et
1103 1539 1287 1579 veram
1327 1541 1441 1581 sua;
1488 1535 1699 1583 natura:
1750 1530 2019 1586 rationem

437 1606 697 1687 retinere.
726 1610 1015 1675 Quomodo
1040 1615 1183 1669 enim
1216 1616 1436 1672 demum
1471 1618 1553 1673 sol
1584 1620 1711 1684 erit,
1741 1619 1785 1676 si
1838 1622 2021 1693 splen—

429 1696 569 1753 dore
604 1701 680 1754 sit
711 1701 1032 1772 destitutus,
1072 1713 1168 1760 aut
1196 1709 1475 1777 quomodo
1512 1710 1794 1780 splendor,
1827 1714 1874 1768 si
1904 1729 2017 1770 non

428 1788 506 1841 sit
539 1791 622 1845 sul
654 1806 685 1846 a
722 1808 834 1862 quo
863 1795 1219 1853 illustretur?
1263 1799 1556 1867 Quomodo
1604 1818 1737 1859 vero
1768 1804 1935 1876 ignis,
1968 1808 2012 1862 si

429 1880 790 1939 calefaciendi
822 1887 1024 1942 virtute
1052 1892 1276 1945 careat?
1306 1890 1465 1949 Unde
1492 1902 1677 1951 autem
1702 1897 1873 1965 calor,
1908 1898 2015 1954 nisi

426 1986 496 2025 ex
527 1972 670 2042 igne,
692 1985 805 2053 aut
834 1977 904 2032 ab
940 1979 1046 2034 alia
1087 1985 1323 2052 quadam
1355 2000 1416 2041 re
1448 2001 1570 2057 quae
1603 2001 1632 2041 a
1663 1987 2017 2044 substantiali

429 2065 700 2132 qualitate
729 2068 874 2137 ignis
915 2070 1062 2126 haud
1095 2076 1288 2145 procul
1327 2078 1512 2134 absit?
1538 2078 2015 2146 Quemadmodum

431 2153 605 2224 igitur
641 2157 697 2210 in
723 2157 832 2226 his,
862 2161 1012 2231 quod
1039 2166 1202 2219 simul
1241 2166 1514 2224 exsistant
1546 2184 1610 2224 ea
1638 2186 1758 2241 quae
1786 2179 1918 2227 sunt
1947 2189 2016 2229 ex

430 2245 593 2314 ipsis,
626 2263 818 2303 eorum
872 2255 1271 2311 coexsistcntia
1301 2273 1414 2314 non
1468 2260 1701 2327 tollitur,
1734 2262 1830 2317 sed
1868 2263 2016 2335 quod

430 2351 650 2408 semper
674 2350 1015 2398 concurrant
1049 2361 1174 2400 cum
1205 2349 1632 2418 productoribus
1661 2353 1800 2418 suis,
1836 2357 2014 2424 palam

431 2427 492 2481 ﬁt
535 2443 662 2485 esse
696 2434 963 2501 producta
1010 2444 1065 2493 et
1100 2455 1264 2495 unam
1301 2455 1424 2497 cum
1456 2445 1592 2514 ipsis
1617 2446 1820 2501 habere
1850 2457 2014 2502 natu-

429 2534 546 2574 ram
577 2537 589 2573 :
626 2522 700 2576 ita
738 2540 960 2597 quoque
1003 2530 1059 2585 in
1093 2529 1259 2599 Filio;
1296 2534 1422 2589 licet
1473 2536 1619 2591 enim
1679 2537 1734 2591 in
1768 2537 1930 2594 Patre
1960 2549 2015 2595 et

428 2628 495 2667 ex
538 2612 702 2671 Patre
745 2618 1091 2692 intelligatur
1123 2639 1185 2680 ac
1217 2623 1457 2693 dicatur,
1516 2644 1628 2683 non
1663 2630 1881 2687 alienus
1917 2648 2015 2687 no-

426 2704 513 2761 bis
553 2715 649 2760 aut
694 2721 976 2778 externus,
1013 2724 1109 2769 aut
1157 2726 1421 2789 tanquam
1458 2720 1527 2776 ab
1570 2722 1691 2791 ipso
1734 2725 2013 2780 secundus

426 2799 692 2867 prodibit,
735 2804 833 2858 sed
865 2806 1147 2865 exsistens
1178 2810 1236 2865 in
1282 2813 1426 2887 ipso,
1459 2819 1515 2866 et
1547 2826 1766 2883 semper
1794 2816 2011 2870 coexsi-

427 2899 603 2957 slens,
637 2900 692 2948 et
730 2910 797 2949 ex
847 2896 967 2966 ipso
1006 2898 1278 2972 eﬁ‘ulgens
1328 2903 1633 2959 secundum
1681 2905 2011 2962 ineffabilem

426 2981 627 3039 dirinre
654 2989 1038 3057 generationis
1069 2993 1311 3048 modum.
1365 2996 1521 3062 Quod
1572 3007 1752 3053 autem
1781 3002 1945 3054 etiam
1981 3016 2011 3055 a

426 3076 636 3131 sanctis
680 3077 823 3135 Deus
863 3088 919 3136 et
948 3080 1111 3139 Pater
1155 3096 1421 3155 tanquam
1461 3091 1793 3160 principium
1831 3093 2007 3147 solum

2126 990 2192 1059 τῇ
2220 989 2314 1042 τοῦ
2344 990 2556 1062 Πατρὺς
2589 993 2851 1066 ὑπάρχων
2885 996 3044 1068 οὐσίᾳ
3064 1039 3079 1064 ,
3110 1000 3204 1053 καὶ
3255 998 3317 1064 ἐξ
3367 1002 3539 1071 αὐτῆς
3585 1004 3714 1057 ἀνα-

2128 1078 2353 1149 λάμψας
2378 1120 2392 1144 ,
2431 1080 2620 1154 ὥσπερ
2653 1084 2711 1151 ἐξ
2745 1085 2898 1156 ήλίου
2932 1088 3093 1157 τυχὸν
3145 1090 3205 1142 τὸ
3237 1090 3579 1162 ἀπαύγασμα
3610 1093 3713 1146 αὑ-

2124 1170 2287 1242 τού,ῆ
2312 1171 2562 1245 καθάπερ
2585 1178 2648 1228 ὲκ
2679 1177 2850 1248 πυρὸς
2878 1179 2911 1249 ἡ
2940 1178 3177 1249 ἔμφυτος
3209 1182 3375 1236 αὑτοῦ
3419 1182 3709 1254 Θερμότης.

2139 1260 2229 1314 Ἐν
2256 1261 2364 1333 γὰρ
2388 1267 2499 1328 τοῖς
2526 1268 2789 1331 τοιούτοις
2822 1268 3280 1341 παραδείγμασιν,
3302 1271 3359 1325 ἒν
3389 1274 3485 1344 μὲν
3507 1274 3565 1338 ἐξ
3594 1275 3711 1338 ἐνὸς

2124 1351 2464 1423 γεννώμενον
2508 1353 2715 1411 ἔνεστιν
2749 1357 2874 1411 ἰδεῖν
2894 1398 2909 1424 ,
2941 1359 3027 1411 ἀεὶ
3054 1358 3096 1412 δ’
3118 1355 3209 1414 οὑν
3254 1362 3403 1432 ὅμως
3436 1362 3711 1434 συνυπάρ-

2123 1460 2234 1512 χον,
2269 1443 2362 1496 καὶ
2393 1446 2716 1517 ἅχωρίστως
2742 1448 2943 1521 προσὸν
2966 1489 2981 1512 ,
3010 1450 3084 1514 ὡς
3117 1452 3240 1522 δίχα
3268 1452 3359 1506 τοῦ
3412 1455 3599 1525 ἑτέρου
3630 1456 3705 1527 μὴ

2122 1530 2257 1587 εἶναι
2283 1534 2540 1591 δύνασθαι
2571 1538 2692 1592 καθ’
2723 1540 2884 1593 ἑαυτὸ
2934 1542 2996 1594 τὸ
3034 1542 3244 1613 ἕτερον,
3290 1544 3384 1596 καὶ
3421 1544 3706 1609 διασώζειν

2120 1624 2294 1698 ἀληθῆ
2324 1627 2415 1681 τὸν
2445 1629 2543 1699 τῆς
2580 1630 2787 1694 οἰκείας
2817 1631 3032 1700 φύσεως
3064 1633 3240 1702 λόγον.
3280 1633 3405 1699 Πῶς
3429 1636 3539 1707 γὰρ
3568 1637 3703 1700 ὅλως

2119 1718 2269 1789 ἥλιος
2293 1720 2392 1773 οὑκ
2436 1720 2574 1791 ἔχων
2603 1721 2948 1793 ἀπαύγασμα
2977 1741 2992 1791 ;
3027 1724 3060 1795 ἢ
3094 1725 3211 1789 πῶς
3238 1725 3580 1797 ἀπαύγασμα
3626 1728 3703 1798 μὴ

2119 1807 2271 1872 ὄντος
2319 1810 2468 1878 ἡλίου
2519 1812 2615 1865 τοῦ
2672 1814 3086 1883 άπαυγὰζοντος
3137 1817 3298 1883 αὑτό;
3358 1818 3483 1882 Πῶς
3517 1820 3576 1873 δὲ
3610 1820 3706 1874 καὶ

2120 1899 2254 1972 πῦρ,
2282 1903 2328 1954 εί
2353 1902 2413 1955 τὸ
2443 1902 2758 1974 θερμαίνειν
2786 1907 2886 1960 οὐκ
2921 1908 3066 1978 έχει;
3105 1909 3267 1965 πόθεν
3310 1910 3367 1964 δὲ
3394 1911 3453 1963 τὸ
3479 1910 3703 1983 Θερμδν,

2118 1992 2169 2044 εἰ
2200 1991 2275 2063 μὴ
2301 1993 2365 2046 ὲκ
2394 1995 2567 2063 πυρὸς
2591 2034 2606 2059 ,
2637 1995 2669 2065 ἦ
2706 1997 2860 2067 παρά
2888 2014 3029 2061 τινος
3052 1997 3238 2068 ἑτέρου
3264 2000 3445 2068 τυχὸν,
3478 2000 3579 2071 τῆς
3608 2001 3699 2055 τοῦ

2121 2085 2290 2155 πυρὸς
2316 2083 2610 2150 ούσιώδους
2633 2087 2918 2158 ποιότητος
2948 2088 3008 2141 οὑ
3037 2088 3255 2159 μακράν
3284 2106 3385 2141 που
3415 2090 3704 2160 κειμένου;

2120 2174 2331 2246 Ὥσπερ
2358 2170 2449 2229 οὖν
2481 2177 2539 2229 ὲν
2575 2176 2806 2242 τούτοις,
2835 2178 2897 2229 τὸ
2926 2178 3252 2249 ἐνυπάρχειν
3304 2179 3371 2233 τὰ
3395 2180 3455 2245 ἐξ
3503 2180 3703 2249 αὑτῶν,

2116 2266 2218 2319 οὑκ
2268 2267 2481 2337 ἀναιρεῖ
2526 2267 2624 2337 τὴν
2686 2266 3063 2337 συνύπαρξιν,
3102 2269 3188 2322 ἀεὶ
3235 2269 3293 2322 δὲ
3341 2270 3706 2340 συντρέχοντα

2115 2356 2228 2417 τοῖς
2253 2353 2483 2421 γεννῶσι
2512 2354 2750 2408 δεικνύει
2805 2355 2874 2409 τὰ
2913 2355 3232 2427 γεννώμενα
3257 2398 3271 2422 ,
3300 2358 3395 2411 καὶ
3452 2358 3580 2428 μίαν
3628 2359 3706 2423 ὡς

2118 2445 2254 2516 πρὸς
2287 2445 2429 2498 αὑτά
2483 2448 2583 2517 τὴν
2615 2446 2775 2516 φύσιν
2824 2448 3226 2518 κληρωσάμενα
3254 2466 3268 2480 ·
3300 2449 3444 2502 οὕτω
3479 2449 3571 2503 καὶ
3616 2449 3702 2520 ἐφ’

2118 2536 2271 2590 Υίοῦ.
2305 2537 2423 2590 Κᾶν
2470 2538 2577 2607 γὰρ
2607 2538 2665 2590 ὲν
2715 2538 2893 2609 Πατρὶ
2922 2539 3016 2592 καὶ⁵
3057 2539 3121 2590 ὲκ
3152 2538 3366 2611 [ἰατρὸς
3393 2538 3581 2609 νοῆται
3608 2538 3707 2592 καὶ⁸

2114 2622 2377 2697 λέγηται,
2412 2628 2512 2681 οὑκ
2563 2628 2793 2695 έκφυλος
2823 2630 2955 2699 ἡμῖν
3002 2629 3097 2681 καὶ
3156 2629 3406 2699 ξένος,ἢ
3459 2628 3535 2692 ὡς
3586 2628 3717 2698 μετ’

2114 2717 2277 2771 αὑτὸν
2304 2716 2554 2787 δεύτερος
2597 2718 2910 2789 εἰσϐήσεται
2935 2758 2949 2783 ,
2993 2719 3109 2772 ἀλλ’
3143 2717 3218 2772 ὣν
3267 2720 3327 2775 ἐν
3379 2719 3567 2791 αὑτῷ,
3607 2719 3715 2774 καὶ.

2116 2808 2475 2880 συνυπάρχων
2500 2809 2604 2872 ἀεὶ,
2646 2810 2740 2863 καὶ
2787 2810 2846 2874 ἐξ
2896 2808 3061 2863 αὑτοῦ
3110 2811 3405 2882 πεφηνὼς,
3436 2811 3581 2865 κατὰ
3610 2810 3716 2863 clm

2114 2900 2352 2973 ἄρρητον
2382 2900 2482 2971 τῆς
2513 2901 2661 2966 θείας
2684 2904 2992 2975 γεννήσεως
3022 2904 3243 2975 τρόπον.
3274 2905 3396 2957 Ὅτι
3419 2903 3475 2957 δὲ
3510 2903 3602 2957 καὶ
3626 2901 3708 2966 ὡς

2113 2994 2255 3064 ἀρχὴ
2289 2993 2382 3047 τοῦ
2423 2994 2551 3053 Υἱοῦ
2604 2996 2744 3049 κατὰ
2794 2997 2953 3065 μόνον
2983 2996 3065 3060 τὸ,
3121 2995 3182 3061 ἐξ
3230 2990 3311 3063 οὑ,
3342 2994 3562 3063 λέγεται
3609 2993 3704 3049 καὶ

2113 3087 2264 3157 παρὰ
2284 3089 2395 3150 τοῖς
2417 3086 2594 3155 ἁγίοις
2612 3088 2640 3139 ὁ
2668 3086 2800 3150 Θεὸς
2828 3088 2921 3140 καὶ
2951 3088 3161 3160 Πατὴρ,
3185 3085 3353 3141 ἄκουε
3379 3083 3475 3139 τοῦ
3507 3083 3705 3154 Ψαλμ-

423 3181 487 3220 cx
531 3181 642 3236 quo
695 3166 816 3224 Filii
853 3171 1094 3238 dicatur,
1126 3176 1253 3230 audi
1290 3175 1646 3233 Psalmistam
1698 3182 2007 3236 secundum

2115 3174 2250 3245 ῳδοῦ
2302 3175 2399 3245 τὴν
2442 3174 2700 3247 δευτέραν
2752 3175 2846 3229 τοῦ
2878 3178 3133 3249 Σωτῆρος
3177 3174 3336 3246 ἡμῶν
3379 3172 3704 3241 ἐπιφάνειαν

426 3259 601 3310 nostri
636 3257 951 3319 Scrratoris
1003 3263 1297 3320 adventum
1337 3270 1822 3336 prmuuntiantem,
1857 3281 1910 3328 et
1940 3275 2008 3329 ad

425 3350 606 3417 ipsum
668 3349 862 3408 Filium
914 3355 1182 3413 dicentem
1216 3375 1229 3411 :
1271 3376 1289 3409 ι
1325 3357 1531 3415 Tecum
1580 3363 1910 3434 principium
1951 3367 2007 3421 in

423 3443 514 3498 die
580 3445 800 3502 virtutis
852 3454 1001 3514 tuae,
1066 3449 1121 3505 in
1172 3450 1466 3519 splendore
1519 3463 1833 3511 sanctorum
1886 3467 2010 3512 tuo-

427 3549 545 3588 rum
578 3538 644 3592 ".
681 3556 699 3589 ι
752 3536 878 3593 Dies
913 3540 1060 3611 enim
1107 3540 1332 3595 virtutis
1366 3540 1487 3597 Filii
1522 3559 1585 3597 ea
1615 3553 1719 3609 est,
1754 3562 1859 3617 qua
1887 3549 2011 3603 uni-

423 3640 647 3682 versum
685 3629 872 3684 orbem
921 3628 1273 3698 judicaturus
1303 3637 1410 3700 est,
1444 3639 1499 3687 et
1530 3634 1836 3707 unicuique
1867 3654 2009 3693 mer-

423 3717 611 3771 cedem
668 3717 977 3773 secundum
1029 3731 1198 3788 Opera
1260 3733 1358 3773 sua
1418 3721 1760 3781 redditurus.
1814 3725 2009 3784 Veniet

424 3817 608 3862 autem
658 3809 890 3864 omnino
943 3809 1110 3864 etiam
1159 3809 1279 3880 ipse
1325 3812 1607 3871 cxsistens
1651 3817 1704 3871 in
1742 3818 1920 3885 Patre,
1954 3827 2008 3873 ct

424 3898 632 3955 habens
678 3899 733 3952 in
788 3898 973 3968 scipso
1025 3897 1271 3963 Patrem,
1321 3915 1437 3957 sum
1472 3911 1687 3960 naturae
1733 3906 2007 3975 quodam-

423 3990 585 4044 modo
623 3990 876 4060 principii
909 4004 1107 4059 expers
1153 3991 1513 4061 principium,
1549 3995 1765 4051 scilicet
1794 4013 1858 4051 ex
1890 4013 2001 4069 quo

422 4082 716 4142 duntaxat,
751 4089 1042 4151 propterea
1068 4081 1217 4153 quod
1245 4091 1329 4139 cst
1355 4100 1418 4139 ex
1450 4082 1631 4141 Patre.

641 4192 743 4263 13
786 4193 829 4257 ι,
871 4192 924 4248 1.
969 4192 1037 4249 In
1073 4195 1334 4264 principia
1384 4204 1500 4250 erat
1547 4196 1793 4255 Verbum.

497 4282 763 4353 Principii
796 4283 862 4338 de
896 4300 1007 4354 quo
1042 4285 1133 4341 hic
1171 4286 1492 4356 qumrimus,
1533 4289 1717 4343 multa:
1749 4305 1812 4345 ac
1846 4294 2008 4348 variae

423 4372 854 4437 signiﬁcationes
876 4389 935 4428 se
969 4373 1129 4429 nobis
1151 4373 1392 4429 otl'eruut
1424 4376 1668 4445 undique
1695 4393 1816 4447 quae
1849 4381 2005 4434 utilia

423 4465 536 4520 sint
575 4463 1062 4537 investigantibus,
1092 4474 1147 4522 et
1188 4482 1389 4522 canum
1425 4468 1598 4523 instar
1633 4487 1818 4526 veram
1860 4475 2005 4529 divi-

2116 3263 2206 3317 διὰ
2229 3263 2321 3316 τοῦ
2348 3262 2505 3333 ἁγίου
2540 3262 2859 3335 Πνεύματος
2886 3265 3356 3336 προκηρύττοντος
3381 3304 3395 3328 ,
3430 3263 3523 3316 καὶ
3563 3262 3703 3332 πρὸς

2115 3354 2275 3409 αὑτὸν
2312 3353 2564 3423 λέγοντος
2617 3352 2708 3406 τὸν
2758 3353 2921 3407 Υίόν⁰
2991 3375 3006 3406 ι
3044 3354 3201 3408 Μετὰ
3246 3352 3405 3421 σούὴ
3452 3352 3593 3422 ἁρχὴ
3644 3353 3701 3406 ἐν

2115 3444 2297 3515 ἡμέρᾳ
2343 3442 2443 3511 τῆς
2490 3438 2770 3510 δυνάμεώς
2802 3456 2897 3493 σου
2924 3480 2939 3504 ,
2989 3441 3048 3493 ὲν
3092 3442 3160 3511 τῇ
3209 3439 3556 3510 λαμπρότητι
3591 3438 3700 3491 τῶν

2114 3537 2286 3605 ἁγίων
2338 3551 2452 3587 σου.
2486 3552 2505 3586 ι
2538 3532 2755 3604 Ἡμέρα
2793 3531 2902 3603 γάρ
2933 3531 3219 3602 δυνάμεως
3262 3532 3356 3585 τοῦ
3397 3531 3546 3595 Υίοῦ,
3579 3529 3699 3584 καθ’

2114 3628 2180 3700 ἣν
2211 3626 2338 3696 ὃλην
2374 3628 2551 3694 κρινεῖ
2575 3623 2673 3696 τὴν
2702 3626 2851 3677 οἱκου
2865 3624 3054 3695 μένην,
3091 3622 3191 3677 καὶ
3220 3621 3545 3676 ἀποδίδωσιν
3572 3618 3699 3674 ἑκάι

2116 3737 2225 3790 στῳ
2264 3719 2403 3773 κατὰ
2436 3718 2505 3772 τὰ
2551 3716 2692 3787 ἔργα
2724 3715 2923 3770 αὑτοῦ·
2958 3714 3078 3786 ἥξει
3118 3715 3175 3768 δὲ
3209 3714 3426 3776 πάντως
3455 3714 3548 3766 καὶ
3577 3712 3699 3765 τότε

2115 3810 2277 3874 αὑτός
2309 3827 2368 3862 τε
2414 3808 2488 3863 ὣν
2523 3811 2577 3862 ὲν
2618 3808 2815 3879 Πατρὶ,
2855 3807 2950 3861 καὶ
2985 3806 3208 3877 ἐχωνλὲν
3246 3802 3423 3875 ἐαυτῷ
3458 3803 3547 3857 τὸν
3586 3803 3699 3856 Ha.-

2113 3900 2270 3971 τέρα,
2316 3900 2414 3970 τὴν
2450 3900 2686 3969 ἄναρχον
2718 3899 2814 3968 τῆς
2852 3898 3061 3960 οἰκείας
3111 3896 3328 3971 φύσεως
3370 3894 3530 3948 οίινεί
3583 3910 3700 3956 πως

2115 3994 2311 4065 ἀρχὴν,
2341 3993 2481 4046 κατὰ
2523 3993 2681 4062 μόνον
2738 3989 2821 4057 τὸ,
2875 3989 2935 4054 ἐξ
2967 3983 3026 4043 οὑ
3051 4027 3065 4054 ,
3096 3989 3185 4042 διὰ
3228 3989 3287 4041 τὸ
3320 3988 3586 4058 ὑπάρχειν
3634 3987 3700 4037 ὲκ

2118 4085 2353 4157 Πατρός.

2562 4194 2661 4247 Ἐν
2695 4190 2853 4260 ἀρχῇ
2876 4186 2955 4261 ἦν
2981 4192 3013 4243 ὁ
3035 4189 3245 4257 Λόγος.

2185 4289 2280 4351 Εἰς
2309 4283 2507 4348 πολλὰς
2539 4286 2671 4354 ἡμῖν
2706 4283 2800 4336 καὶ
2832 4282 3122 4354 διαφόρους
3149 4278 3356 4342 ἐννοίας
3383 4281 3410 4332 ὁ
3440 4278 3569 4350 περὶ
3597 4277 3699 4349 τῆς

2114 4379 2301 4433 ἐνθάδε
2337 4374 2743 4447 σημαινομένης
2787 4372 2964 4444 ἀρχῆς
3008 4371 3489 4425 καταποικίλλεται
3518 4370 3697 4438 λόγος,

2117 4467 2448 4537 πανταχόθεν
2506 4465 2777 4535 Οηρᾶσοαι
2839 4461 3154 4526 σπουδάζων
3210 4462 3279 4514 τὰ
3330 4462 3408 4524 είς
3435 4460 3699 4529 ὠφέλειαν

422 4570 619 4611 norum
646 4555 966 4628 dogmatum
1000 4559 1573 4629 comprehensionem,
1600 4571 1655 4617 et
1679 4575 1999 4620 accuratam

2115 4559 2471 4624 συντείνοντα,
2503 4558 2597 4610 καὶ
2622 4555 2927 4626 κατάληψιν
2959 4553 3134 4624 ἀληθῆ
3174 4551 3282 4605 τῶν
3308 4551 3465 4605 θείων
3495 4551 3700 4622 δογμάο

421 4644 810 4714 mysteriorum
832 4647 1103 4701 rationem
1122 4647 1509 4721 indagantibus
1531 4670 1544 4707 :
1569 4670 1587 4703 ι
1612 4650 1955 4709 Scrutamini
1978 4672 1997 4705 ι

420 4736 567 4791 cnim
603 4755 621 4789 ι
657 4746 882 4794 sanctas
929 4737 1244 4810 Scripturas
1265 4781 1280 4807 ,
1312 4761 1332 4794 ι
1363 4744 1569 4801 alicubi
1622 4743 1877 4802 Salvator
1904 4748 2003 4810 ait,

426 4847 445 4880 ι
478 4829 608 4899 quia
640 4844 736 4885 vos
771 4831 978 4901 putatis
1005 4832 1059 4886 in
1091 4833 1227 4903 ipsis
1253 4835 1422 4890 vitam
1454 4844 1719 4891 aeternam
1754 4836 1957 4892 habere
1988 4856 2000 4892 :

419 4929 473 4972 ct
502 4921 606 4975 illas
642 4929 771 4976 sunt
800 4938 923 4992 quas
946 4925 1324 4983 testimonium
1358 4927 1648 4996 perhibent
1677 4926 1745 4981 de
1778 4942 1865 4981 me
1885 4927 1952 4983 ³ο.
1982 4946 1999 4980 ι

420 5009 653 5067 Videtur
684 5013 871 5084 itaque
905 5014 1102 5071 beatus
1133 5017 1472 5087 evangelista
1506 5016 1762 5087 principii
1787 5017 2009 5072 nomine

418 5102 512 5158 hic
557 5111 882 5174 potestatem
934 5120 1105 5177 supra
1146 5109 1328 5162 omnia
1379 5110 1620 5177 positam
1673 5107 2004 5177 signiﬁcare,

418 5197 636 5255 Patrem
696 5200 990 5266 nimirum,
1054 5210 1115 5256 ut
1167 5208 1222 5257 et
1276 5216 1441 5270 supra
1498 5199 1685 5255 omnia
1738 5200 2004 5255 collocata

419 5298 613 5342 natura
644 5288 828 5343 divina
862 5299 1161 5360 appareat,
1191 5305 1315 5360 qua:
1357 5289 1726 5359 quodcunque
1758 5299 2003 5345 creatum

417 5386 502 5435 est
540 5380 645 5436 sub
696 5381 930 5452 pedibus
967 5382 1161 5447 habet,
1199 5388 1253 5436 et
1297 5380 1460 5434 rebus
1517 5394 1546 5431 a
1594 5395 1654 5434 se
1708 5381 1762 5433 in
1817 5395 2003 5435 rerum

2108 4667 2240 4713 των,
2295 4650 2390 4702 καὶ
2444 4649 2543 4719 τὴν
2589 4650 2645 4701 ἐν
2680 4649 2791 4711 τοῖς
2842 4645 3162 4716 μυστηρίοις
3205 4642 3492 4715 ἀκρίϐειαν
3539 4644 3701 4706 κυνὸς

2111 4742 2268 4812 δίκην
2332 4737 2662 4811 ἰχνηλατῶν·
2721 4758 2741 4791 ι
2787 4737 3093 4807 Ἐρευνᾶτεξ
3113 4736 3221 4808 γάρ
3255 4752 3355 4788 που
3394 4734 3494 4797 τὰς
3538 4732 3703 4800 ἁγίας

2111 4834 2152 4887 Γ
2160 4831 2354 4903 paris.
2435 4829 2598 4899 φησὶν
2641 4829 2670 4881 ὁ
2732 4828 2944 4900 Σωτήρ
3002 4828 3084 4881 ὅτι
3146 4827 3204 4880 ὲν
3262 4826 3455 4889 αὑταῖς
3540 4826 3700 4895 ὑμεῖς

2112 4924 2316 4977 δοκεῖτε
2343 4921 2487 4992 ζωὴν
2515 4919 2730 4974 αἰώνιον
2764 4919 2905 4990 ἔχειν
2928 4959 2941 4981 ,
2980 4919 3074 4972 καὶ
3106 4918 3265 4973 αὑταί
3298 4919 3437 4970 εἰσιν
3464 4919 3519 4970 αί
3557 4932 3697 4986 μαρ-
3753 4987 3756 4991 γ

2107 5013 2370 5086 τυροῦσαι
2438 5013 2567 5084 περὶ
2629 5011 2785 5083 ἐμοῦ.
2823 5031 2843 5064 ι
2886 5010 3072 5065 Ἐοικε
3125 5009 3306 5062 τοίνυν
3352 5011 3380 5062 ὁ
3429 5007 3699 5078 μακάριος

2109 5104 2501 5175 εὐαγγελιστὴς
2533 5103 2708 5174 ἀρχὴν
2734 5102 2941 5169 ἐνθάδε,
2973 5101 3071 5172 τὴν
3101 5100 3240 5155 κατὰ
3272 5101 3490 5154 πάντων
3543 5099 3697 5165 ἐξου-

2113 5198 2252 5260 σίαν,
2288 5197 2432 5250 τοῦτ’
2478 5196 2614 5260 ἔστι,
2643 5197 2734 5250 τὸν
2767 5196 2992 5266 Πατέρα
3035 5194 3342 5265 σημαίνειν
3382 5193 3471 5246 ἵνα
3500 5192 3564 5262 δὴ
3605 5193 3701 5244 καὶ

2105 5291 2291 5343 ἐπάνω
2315 5289 2531 5342 πάντων
2558 5290 2590 5359 ἡ
2625 5287 2745 5342 οεία
2773 5288 3031 5359 φαίνηται
3064 5287 3243 5355 φύσις,
3275 5286 3381 5338 πᾶν
3414 5285 3551 5354 ὅπερ
3582 5283 3700 5337 ἐστὶ

2105 5381 2330 5453 γενητὸν
2374 5381 2478 5434 ὑποδ
2497 5381 2662 5444 πόδας
2682 5379 2907 5451 ἔχουσα,
2930 5380 3210 5450 μονονουχὶ
3236 5378 3331 5431 καὶ
3357 5376 3696 5446 ἐποχουμένη

419 5481 672 5529 naturam
702 5473 870 5528 editis
911 5471 1311 5542 propemodum
1352 5470 1572 5524 insidet.
1613 5471 1672 5523 in
1708 5471 1812 5526 hoc
1839 5471 2006 5542 igitur

2115 5477 2213 5538 τοῖς
2245 5474 2311 5527 δι’
2336 5474 2505 5544 αὑτῆς
2548 5475 2629 5538 εἰς
2692 5473 2754 5525 τδ
2804 5469 2945 5526 εἶναι
2978 5470 3360 5540 κεκλημένοις.
3403 5469 3492 5520 Ἐν
3523 5466 3697 5538 ταύτῃ

419 5563 691 5634 principio
724 5564 871 5632 quod
907 5572 993 5619 est
1026 5563 1082 5617 in
1114 5574 1307 5618 omnes
1338 5570 1394 5617 ct
1437 5577 1605 5631 supra
1638 5566 1863 5629 omnes,’
1886 5574 2004 5622 crat

425 5652 680 5722 Verbum,
709 5670 818 5710 non
859 5669 985 5710 cum
1023 5653 1281 5710 omnibus
1321 5653 1427 5709 sub
1464 5654 1695 5723 pedibus
1728 5656 1869 5730 ejus,
1905 5661 1997 5717 scd

498 5832 543 5866 ι’
581 5831 727 5888 Psal.
760 5844 882 5897 six,
918 5830 970 5886 ὗ.
1128 5828 1291 5888 Joan’.
1328 5848 1378 5901 ν,
1406 5832 1493 5890 59.

2108 5568 2395 5639 τοιγαροῦν
2416 5570 2483 5639 τῇ
2517 5567 2681 5639 ἀρχῇ,
2716 5568 2782 5637 τῇ
2811 5564 2953 5618 κατὰ
2982 5566 3198 5617 πάντων
3231 5560 3323 5614 καὶ
3346 5559 3437 5612 ἐπὶ
3464 5559 3692 5620 πάντας.

2105 5658 2173 5733 ἦν
2202 5664 2229 5714 ὁ
2257 5659 2445 5730 Λόγος,
2475 5660 2533 5711 οὑ
2563 5658 2699 5730 μετᾶ
2747 5657 2961 5711 πάντων
3001 5653 3105 5707 ὑπὸ
3154 5652 3321 5716 πόδας
3350 5650 3538 5719 αὐτῆς,
3577 5644 3698 5701 ἀλλ’
