  <div class='ocr_page' id='page_1' title='image "/cluster/home/n/w/nwhite01/storage/ocr_20150623/73:no.6/coo.31924054869692/022.png"; bbox 0 0 4156 6526; ppageno 0'>
   <div class='ocr_carea' id='block_1_1' title="bbox 386 382 462 440">
    <p class='ocr_par' dir='ltr' id='par_1_1' title="bbox 386 382 462 440">
     <span class='ocr_line' id='line_1_1' title="bbox 386 382 462 440; baseline 0.039 -3"><span class='ocrx_word' id='word_1_1' title='bbox 386 382 462 440; x_wconf 76' lang='lat'><strong>29</strong></span> 
     </span>
    </p>
   </div>
   <div class='ocr_carea' id='block_1_2' title="bbox 1447 384 2568 448">
    <p class='ocr_par' dir='ltr' id='par_1_2' title="bbox 1447 384 2568 448">
     <span class='ocr_line' id='line_1_2' title="bbox 1447 384 2568 448; baseline 0.005 -7"><span class='ocrx_word' id='word_1_2' title='bbox 1447 384 1518 442; x_wconf 80' lang='grc' dir='ltr'><strong>ΙΝ</strong></span> <span class='ocrx_word' id='word_1_3' title='bbox 1551 385 1843 445; x_wconf 80' lang='lat' dir='ltr'><strong>JOANNIS</strong></span> <span class='ocrx_word' id='word_1_4' title='bbox 1866 388 2321 448; x_wconf 82' lang='lat' dir='ltr'><strong>EVANGELIUM</strong></span> <span class='ocrx_word' id='word_1_5' title='bbox 2367 390 2497 447; x_wconf 85' lang='lat' dir='ltr'><strong>LIB.</strong></span> <span class='ocrx_word' id='word_1_6' title='bbox 2527 390 2568 447; x_wconf 90' lang='lat' dir='ltr'><strong>l.</strong></span> 
     </span>
    </p>
   </div>
   <div class='ocr_carea' id='block_1_3' title="bbox 3609 403 3680 462">
    <p class='ocr_par' dir='ltr' id='par_1_3' title="bbox 3609 403 3680 462">
     <span class='ocr_line' id='line_1_3' title="bbox 3609 403 3680 462; baseline 0.042 -3"><span class='ocrx_word' id='word_1_7' title='bbox 3609 403 3680 462; x_wconf 75' lang='lat'><strong>30</strong></span> 
     </span>
    </p>
   </div>
   <div class='ocr_carea' id='block_1_4' title="bbox 380 493 1970 578">
    <p class='ocr_par' dir='ltr' id='par_1_4' title="bbox 380 493 1970 574">
     <span class='ocr_line' id='line_1_4' title="bbox 380 493 1970 574; baseline 0.004 -23"><span class='ocrx_word' id='word_1_8' title='bbox 380 496 497 563; x_wconf 77' lang='grc' dir='ltr'><strong>ιξω</strong></span> <span class='ocrx_word' id='word_1_9' title='bbox 518 496 739 550; x_wconf 84' lang='grc' dir='ltr'>πάντων</span> <span class='ocrx_word' id='word_1_10' title='bbox 765 496 824 550; x_wconf 78' lang='grc' dir='ltr'><strong>ὲν</strong></span> <span class='ocrx_word' id='word_1_11' title='bbox 859 493 999 568; x_wconf 73' lang='grc' dir='ltr'>αὐτῇ</span> <span class='ocrx_word' id='word_1_12' title='bbox 1024 497 1291 566; x_wconf 81' lang='grc' dir='ltr'><strong>φυσικῶς,</strong></span> <span class='ocrx_word' id='word_1_13' title='bbox 1334 497 1411 562; x_wconf 83' lang='grc' dir='ltr'>ὼς</span> <span class='ocrx_word' id='word_1_14' title='bbox 1445 502 1655 574; x_wconf 73' lang='grc' dir='ltr'>καρπὸς</span> <span class='ocrx_word' id='word_1_15' title='bbox 1687 504 1970 568; x_wconf 78' lang='grc' dir='ltr'>συναϊδιος.</span> 
     </span>
    </p>
   </div>
   <div class='ocr_carea' id='block_1_5' title="bbox 2069 493 3677 578">
    <p class='ocr_par' dir='ltr' id='par_1_5' title="bbox 2087 506 3677 578">
     <span class='ocr_line' id='line_1_5' title="bbox 2087 506 3677 578; baseline 0.008 -19"><span class='ocrx_word' id='word_1_16' title='bbox 2087 512 2243 560; x_wconf 76' lang='lat' dir='ltr'><strong>extra</strong></span> <span class='ocrx_word' id='word_1_17' title='bbox 2272 506 2457 561; x_wconf 83' lang='lat' dir='ltr'><strong>omnia</strong></span> <span class='ocrx_word' id='word_1_18' title='bbox 2490 508 2544 562; x_wconf 91' lang='lat' dir='ltr'><strong>in</strong></span> <span class='ocrx_word' id='word_1_19' title='bbox 2576 506 2698 577; x_wconf 92' lang='lat' dir='ltr'><strong>ipso</strong></span> <span class='ocrx_word' id='word_1_20' title='bbox 2729 508 3084 578; x_wconf 72' lang='lat' dir='ltr'><strong>naturaliter,</strong></span> <span class='ocrx_word' id='word_1_21' title='bbox 3129 524 3233 568; x_wconf 90' lang='lat' dir='ltr'><strong>ceu</strong></span> <span class='ocrx_word' id='word_1_22' title='bbox 3282 511 3498 570; x_wconf 80' lang='lat' dir='ltr'><strong>fructus</strong></span> <span class='ocrx_word' id='word_1_23' title='bbox 3530 529 3677 571; x_wconf 59' lang='lat' dir='ltr'><strong>com-</strong></span> 
     </span>
    </p>
   </div>
   <div class='ocr_carea' id='block_1_6' title="bbox 378 586 1970 671">
    <p class='ocr_par' dir='ltr' id='par_1_6' title="bbox 378 586 1970 665">
     <span class='ocr_line' id='line_1_6' title="bbox 378 586 1970 665; baseline 0.003 -23"><span class='ocrx_word' id='word_1_24' title='bbox 378 587 553 642; x_wconf 87' lang='grc' dir='ltr'>τόπον</span> <span class='ocrx_word' id='word_1_25' title='bbox 576 586 770 659; x_wconf 83' lang='grc' dir='ltr'>ὥσπερ</span> <span class='ocrx_word' id='word_1_26' title='bbox 788 586 929 658; x_wconf 74' lang='grc' dir='ltr'>ἔχων</span> <span class='ocrx_word' id='word_1_27' title='bbox 955 586 1063 642; x_wconf 85' lang='grc' dir='ltr'>τῶν</span> <span class='ocrx_word' id='word_1_28' title='bbox 1107 588 1362 643; x_wconf 82' lang='grc' dir='ltr'>ἀπάντων</span> <span class='ocrx_word' id='word_1_29' title='bbox 1385 591 1742 665; x_wconf 87' lang='grc' dir='ltr'>ἀρχαιότερον</span> <span class='ocrx_word' id='word_1_30' title='bbox 1769 595 1867 665; x_wconf 82' lang='grc' dir='ltr'><strong>τὴν</strong></span> <span class='ocrx_word' id='word_1_31' title='bbox 1890 593 1970 647; x_wconf 69' lang='lat' dir='ltr'><strong>rei</strong></span> 
     </span>
    </p>
   </div>
   <div class='ocr_carea' id='block_1_7' title="bbox 2069 586 3681 671">
    <p class='ocr_par' dir='ltr' id='par_1_7' title="bbox 2088 599 3681 671">
     <span class='ocr_line' id='line_1_7' title="bbox 2088 599 3681 671; baseline 0.008 -20"><span class='ocrx_word' id='word_1_32' title='bbox 2088 605 2317 663; x_wconf 90' lang='lat' dir='ltr'><strong>teruus,</strong></span> <span class='ocrx_word' id='word_1_33' title='bbox 2354 599 2572 662; x_wconf 87' lang='lat' dir='ltr'><strong>locum,</strong></span> <span class='ocrx_word' id='word_1_34' title='bbox 2616 608 2678 654; x_wconf 90' lang='lat' dir='ltr'><strong>ut</strong></span> <span class='ocrx_word' id='word_1_35' title='bbox 2736 600 2811 656; x_wconf 90' lang='lat' dir='ltr'><strong>ita</strong></span> <span class='ocrx_word' id='word_1_36' title='bbox 2874 600 3089 671; x_wconf 87' lang='lat' dir='ltr'><strong>dicam,</strong></span> <span class='ocrx_word' id='word_1_37' title='bbox 3149 603 3361 663; x_wconf 83' lang='lat' dir='ltr'><strong>habens</strong></span> <span class='ocrx_word' id='word_1_38' title='bbox 3416 608 3681 663; x_wconf 88' lang='lat' dir='ltr'><strong>omnibus</strong></span> 
     </span>
    </p>
   </div>
   <div class='ocr_carea' id='block_1_8' title="bbox 377 680 1970 760">
    <p class='ocr_par' dir='ltr' id='par_1_8' title="bbox 377 680 1970 760">
     <span class='ocr_line' id='line_1_8' title="bbox 377 680 1970 760; baseline 0.005 -26"><span class='ocrx_word' id='word_1_39' title='bbox 377 681 755 752; x_wconf 80' lang='grc' dir='ltr'><strong>γεννήσαντος</strong></span> <span class='ocrx_word' id='word_1_40' title='bbox 783 680 968 751; x_wconf 80' lang='grc' dir='ltr'>φύσιν.</span> <span class='ocrx_word' id='word_1_41' title='bbox 999 682 1093 737; x_wconf 82' lang='grc' dir='ltr'>Διὸ</span> <span class='ocrx_word' id='word_1_42' title='bbox 1134 682 1200 755; x_wconf 82' lang='grc' dir='ltr'>δὴ</span> <span class='ocrx_word' id='word_1_43' title='bbox 1248 684 1341 738; x_wconf 76' lang='grc' dir='ltr'>καὶ</span> <span class='ocrx_word' id='word_1_44' title='bbox 1379 684 1668 758; x_wconf 80' lang='grc' dir='ltr'>ἐλεύθερος</span> <span class='ocrx_word' id='word_1_45' title='bbox 1693 688 1970 760; x_wconf 76' lang='grc' dir='ltr'>ὲλευθέροι</span> 
     </span>
    </p>
   </div>
   <div class='ocr_carea' id='block_1_9' title="bbox 2069 680 3679 760">
    <p class='ocr_par' dir='ltr' id='par_1_9' title="bbox 2088 688 3679 758">
     <span class='ocr_line' id='line_1_9' title="bbox 2088 688 3679 758; baseline 0.007 -17"><span class='ocrx_word' id='word_1_46' title='bbox 2088 688 2484 758; x_wconf 79' lang='lat' dir='ltr'><strong>antiquiorem,</strong></span> <span class='ocrx_word' id='word_1_47' title='bbox 2545 688 2729 745; x_wconf 78' lang='lat' dir='ltr'><strong>Patris</strong></span> <span class='ocrx_word' id='word_1_48' title='bbox 2790 691 3050 748; x_wconf 86' lang='lat' dir='ltr'><strong>nimirum</strong></span> <span class='ocrx_word' id='word_1_49' title='bbox 3120 701 3397 751; x_wconf 89' lang='lat' dir='ltr'><strong>naturam.</strong></span> <span class='ocrx_word' id='word_1_50' title='bbox 3466 696 3679 752; x_wconf 86' lang='lat' dir='ltr'><strong>Idcirco</strong></span> 
     </span>
    </p>
   </div>
   <div class='ocr_carea' id='block_1_10' title="bbox 379 773 1986 850">
    <p class='ocr_par' dir='ltr' id='par_1_10' title="bbox 379 773 1986 850">
     <span class='ocr_line' id='line_1_10' title="bbox 379 773 1986 850; baseline 0.004 -24"><span class='ocrx_word' id='word_1_51' title='bbox 379 774 605 845; x_wconf 80' lang='grc' dir='ltr'>Πατρὸς</span> <span class='ocrx_word' id='word_1_52' title='bbox 625 773 915 844; x_wconf 80' lang='grc' dir='ltr'>πεφυκὼς,</span> <span class='ocrx_word' id='word_1_53' title='bbox 941 775 1041 846; x_wconf 75' lang='grc' dir='ltr'><strong>τὴν</strong></span> <span class='ocrx_word' id='word_1_54' title='bbox 1076 775 1216 831; x_wconf 85' lang='grc' dir='ltr'><strong>κατά</strong></span> <span class='ocrx_word' id='word_1_55' title='bbox 1257 776 1479 831; x_wconf 86' lang='grc' dir='ltr'>πάντων</span> <span class='ocrx_word' id='word_1_56' title='bbox 1506 779 1683 850; x_wconf 80' lang='grc' dir='ltr'>ἀρχὴν</span> <span class='ocrx_word' id='word_1_57' title='bbox 1717 781 1813 835; x_wconf 72' lang='grc' dir='ltr'>σὺν</span> <span class='ocrx_word' id='word_1_58' title='bbox 1836 780 1986 850; x_wconf 83' lang='grc' dir='ltr'><strong>αὺτῷ</strong></span> 
     </span>
    </p>
   </div>
   <div class='ocr_carea' id='block_1_11' title="bbox 378 862 1987 944">
    <p class='ocr_par' dir='ltr' id='par_1_11' title="bbox 378 862 1987 944">
     <span class='ocr_line' id='line_1_11' title="bbox 378 862 1987 944; baseline 0.003 -25"><span class='ocrx_word' id='word_1_59' title='bbox 378 866 743 936; x_wconf 69' lang='grc' dir='ltr'><strong>κεκτήσεται.</strong></span> <span class='ocrx_word' id='word_1_60' title='bbox 799 868 899 933; x_wconf 89' lang='grc' dir='ltr'>Τίς</span> <span class='ocrx_word' id='word_1_61' title='bbox 949 862 1045 922; x_wconf 77' lang='grc' dir='ltr'>οὖν</span> <span class='ocrx_word' id='word_1_62' title='bbox 1092 868 1204 940; x_wconf 82' lang='grc' dir='ltr'><strong>ἀρα</strong></span> <span class='ocrx_word' id='word_1_63' title='bbox 1255 868 1353 923; x_wconf 66' lang='grc' dir='ltr'>καὶ</span> <span class='ocrx_word' id='word_1_64' title='bbox 1384 867 1482 923; x_wconf 82' lang='grc' dir='ltr'><strong>νῦν</strong></span> <span class='ocrx_word' id='word_1_65' title='bbox 1526 862 1563 924; x_wconf 80' lang='grc' dir='ltr'><strong>ό</strong></span> <span class='ocrx_word' id='word_1_66' title='bbox 1584 870 1681 941; x_wconf 83' lang='grc' dir='ltr'>τῆς</span> <span class='ocrx_word' id='word_1_67' title='bbox 1713 871 1770 925; x_wconf 81' lang='grc' dir='ltr'><strong>ὲν</strong></span> <span class='ocrx_word' id='word_1_68' title='bbox 1805 870 1987 944; x_wconf 86' lang='grc' dir='ltr'>τούτῳ</span> 
     </span>
    </p>
   </div>
   <div class='ocr_carea' id='block_1_12' title="bbox 376 958 1984 1030">
    <p class='ocr_par' dir='ltr' id='par_1_12' title="bbox 376 958 1984 1030">
     <span class='ocr_line' id='line_1_12' title="bbox 376 958 1984 1030; baseline 0.005 -20"><span class='ocrx_word' id='word_1_69' title='bbox 376 958 740 1029; x_wconf 83' lang='grc' dir='ltr'>κατασκευῆς</span> <span class='ocrx_word' id='word_1_70' title='bbox 764 960 1055 1030; x_wconf 83' lang='grc' dir='ltr'>γενήσεται</span> <span class='ocrx_word' id='word_1_71' title='bbox 1085 960 1263 1029; x_wconf 89' lang='grc' dir='ltr'>λόγος,</span> <span class='ocrx_word' id='word_1_72' title='bbox 1284 961 1579 1016; x_wconf 87' lang='grc' dir='ltr'>ἀκόλουθον</span> <span class='ocrx_word' id='word_1_73' title='bbox 1604 963 1856 1017; x_wconf 83' lang='grc' dir='ltr'><strong>συνιδεῖν.</strong></span> <span class='ocrx_word' id='word_1_74' title='bbox 1875 964 1984 1018; x_wconf 90' lang='grc' dir='ltr'><strong>Ῥι-</strong></span> 
     </span>
    </p>
   </div>
   <div class='ocr_carea' id='block_1_13' title="bbox 372 1047 1980 1126">
    <p class='ocr_par' dir='ltr' id='par_1_13' title="bbox 372 1047 1980 1126">
     <span class='ocr_line' id='line_1_13' title="bbox 372 1047 1980 1126; baseline 0.006 -25"><span class='ocrx_word' id='word_1_75' title='bbox 372 1047 725 1118; x_wconf 76' lang='grc' dir='ltr'>ψοκινδύνως</span> <span class='ocrx_word' id='word_1_76' title='bbox 753 1048 922 1117; x_wconf 69' lang='grc' dir='ltr'>τινὲς,</span> <span class='ocrx_word' id='word_1_77' title='bbox 959 1050 1215 1123; x_wconf 83' lang='grc' dir='ltr'>καθάπερ</span> <span class='ocrx_word' id='word_1_78' title='bbox 1238 1051 1451 1122; x_wconf 76' lang='grc' dir='ltr'>ἔφημεν</span> <span class='ocrx_word' id='word_1_79' title='bbox 1481 1055 1539 1107; x_wconf 84' lang='grc' dir='ltr'><strong>ὲν</strong></span> <span class='ocrx_word' id='word_1_80' title='bbox 1565 1056 1679 1118; x_wconf 78' lang='grc' dir='ltr'>τοῖς</span> <span class='ocrx_word' id='word_1_81' title='bbox 1699 1054 1980 1126; x_wconf 81' lang='grc' dir='ltr'><strong>ἀνωτέρω,</strong></span> 
     </span>
    </p>
   </div>
   <div class='ocr_carea' id='block_1_14' title="bbox 372 1139 1984 1214">
    <p class='ocr_par' dir='ltr' id='par_1_14' title="bbox 372 1139 1984 1214">
     <span class='ocr_line' id='line_1_14' title="bbox 372 1139 1984 1214; baseline 0.005 -22"><span class='ocrx_word' id='word_1_82' title='bbox 372 1140 471 1194; x_wconf 72' lang='grc' dir='ltr'>τὸν</span> <span class='ocrx_word' id='word_1_83' title='bbox 494 1139 593 1193; x_wconf 81' lang='grc' dir='ltr'><strong>τοῦ</strong></span> <span class='ocrx_word' id='word_1_84' title='bbox 623 1139 762 1195; x_wconf 85' lang='grc' dir='ltr'>Θεοῦ</span> <span class='ocrx_word' id='word_1_85' title='bbox 820 1141 995 1211; x_wconf 80' lang='grc' dir='ltr'>Λόγον</span> <span class='ocrx_word' id='word_1_86' title='bbox 1036 1142 1158 1198; x_wconf 84' lang='grc' dir='ltr'>τότε</span> <span class='ocrx_word' id='word_1_87' title='bbox 1183 1142 1248 1213; x_wconf 76' lang='grc' dir='ltr'>δὴ</span> <span class='ocrx_word' id='word_1_88' title='bbox 1272 1144 1489 1214; x_wconf 83' lang='grc' dir='ltr'>πρῶτον</span> <span class='ocrx_word' id='word_1_89' title='bbox 1527 1147 1607 1210; x_wconf 86' lang='grc' dir='ltr'><strong>είς</strong></span> <span class='ocrx_word' id='word_1_90' title='bbox 1625 1144 1689 1199; x_wconf 76' lang='grc' dir='ltr'>τὸ</span> <span class='ocrx_word' id='word_1_91' title='bbox 1716 1140 1854 1199; x_wconf 76' lang='grc' dir='ltr'>εῖναι</span> <span class='ocrx_word' id='word_1_92' title='bbox 1890 1164 1984 1201; x_wconf 84' lang='grc' dir='ltr'>κε-</span> 
     </span>
    </p>
   </div>
   <div class='ocr_carea' id='block_1_15' title="bbox 374 1231 1980 1311">
    <p class='ocr_par' dir='ltr' id='par_1_15' title="bbox 374 1231 1980 1311">
     <span class='ocr_line' id='line_1_15' title="bbox 374 1231 1980 1311; baseline 0.004 -26"><span class='ocrx_word' id='word_1_93' title='bbox 374 1231 617 1304; x_wconf 83' lang='grc' dir='ltr'>κλῆσθαι</span> <span class='ocrx_word' id='word_1_94' title='bbox 650 1231 1067 1304; x_wconf 80' lang='grc' dir='ltr'>διισχυρίζοντο,</span> <span class='ocrx_word' id='word_1_95' title='bbox 1092 1234 1183 1288; x_wconf 80' lang='grc' dir='ltr'>ὅτε</span> <span class='ocrx_word' id='word_1_96' title='bbox 1214 1234 1306 1291; x_wconf 77' lang='grc' dir='ltr'>τὸν</span> <span class='ocrx_word' id='word_1_97' title='bbox 1343 1236 1410 1289; x_wconf 82' lang='grc' dir='ltr'>ὲκ</span> <span class='ocrx_word' id='word_1_98' title='bbox 1442 1236 1545 1308; x_wconf 82' lang='grc' dir='ltr'>τῆς</span> <span class='ocrx_word' id='word_1_99' title='bbox 1576 1237 1739 1307; x_wconf 89' lang='grc' dir='ltr'>ἀγίας</span> <span class='ocrx_word' id='word_1_100' title='bbox 1765 1237 1980 1311; x_wconf 89' lang='grc' dir='ltr'>Παρθέ-</span> 
     </span>
    </p>
   </div>
   <div class='ocr_carea' id='block_1_16' title="bbox 368 1322 1981 1400">
    <p class='ocr_par' dir='ltr' id='par_1_16' title="bbox 368 1322 1981 1400">
     <span class='ocr_line' id='line_1_16' title="bbox 368 1322 1981 1400; baseline 0.004 -24"><span class='ocrx_word' id='word_1_101' title='bbox 368 1340 471 1376; x_wconf 90' lang='grc' dir='ltr'><strong>νου</strong></span> <span class='ocrx_word' id='word_1_102' title='bbox 529 1323 662 1378; x_wconf 82' lang='grc' dir='ltr'>ναὸν</span> <span class='ocrx_word' id='word_1_103' title='bbox 709 1323 915 1389; x_wconf 76' lang='grc' dir='ltr'>λαϐὼν,</span> <span class='ocrx_word' id='word_1_104' title='bbox 946 1323 1238 1397; x_wconf 78' lang='grc' dir='ltr'>ἄνθρωπος</span> <span class='ocrx_word' id='word_1_105' title='bbox 1263 1325 1457 1397; x_wconf 81' lang='grc' dir='ltr'>γέγονε</span> <span class='ocrx_word' id='word_1_106' title='bbox 1497 1327 1564 1382; x_wconf 87' lang='grc' dir='ltr'><strong>δι’</strong></span> <span class='ocrx_word' id='word_1_107' title='bbox 1588 1329 1739 1400; x_wconf 80' lang='grc' dir='ltr'>ἡμᾶς</span> <span class='ocrx_word' id='word_1_108' title='bbox 1768 1328 1857 1383; x_wconf 92' lang='grc' dir='ltr'>Τ.ί</span> <span class='ocrx_word' id='word_1_109' title='bbox 1886 1322 1981 1383; x_wconf 83' lang='grc' dir='ltr'>οὖν</span> 
     </span>
    </p>
   </div>
   <div class='ocr_carea' id='block_1_17' title="bbox 371 1413 1975 1490">
    <p class='ocr_par' dir='ltr' id='par_1_17' title="bbox 371 1413 1975 1490">
     <span class='ocr_line' id='line_1_17' title="bbox 371 1413 1975 1490; baseline 0.003 -23"><span class='ocrx_word' id='word_1_110' title='bbox 371 1413 445 1467; x_wconf 80' lang='grc' dir='ltr'>ἂν</span> <span class='ocrx_word' id='word_1_111' title='bbox 472 1415 564 1485; x_wconf 77' lang='grc' dir='ltr'><strong>εἰη</strong></span> <span class='ocrx_word' id='word_1_112' title='bbox 616 1414 826 1480; x_wconf 80' lang='grc' dir='ltr'>λοιπὸν,</span> <span class='ocrx_word' id='word_1_113' title='bbox 863 1416 1026 1488; x_wconf 85' lang='grc' dir='ltr'>είπερ</span> <span class='ocrx_word' id='word_1_114' title='bbox 1079 1413 1380 1490; x_wconf 77' lang='grc' dir='ltr'>ᾖγενητδς</span> <span class='ocrx_word' id='word_1_115' title='bbox 1435 1418 1530 1472; x_wconf 75' lang='grc' dir='ltr'>καὶ</span> <span class='ocrx_word' id='word_1_116' title='bbox 1584 1418 1975 1490; x_wconf 82' lang='grc' dir='ltr'><strong>πεποιημένος,</strong></span> 
     </span>
    </p>
   </div>
   <div class='ocr_carea' id='block_1_18' title="bbox 367 1504 1977 1582">
    <p class='ocr_par' dir='ltr' id='par_1_18' title="bbox 367 1504 1977 1582">
     <span class='ocr_line' id='line_1_18' title="bbox 367 1504 1977 1582; baseline 0.002 -21"><span class='ocrx_word' id='word_1_117' title='bbox 367 1507 474 1561; x_wconf 77' lang='grc' dir='ltr'>καὶ</span> <span class='ocrx_word' id='word_1_118' title='bbox 499 1510 618 1572; x_wconf 85' lang='grc' dir='ltr'>τοῖς</span> <span class='ocrx_word' id='word_1_119' title='bbox 643 1506 827 1572; x_wconf 80' lang='grc' dir='ltr'>ἄλλοις</span> <span class='ocrx_word' id='word_1_120' title='bbox 854 1508 1060 1563; x_wconf 77' lang='grc' dir='ltr'>ἅπασιν</span> <span class='ocrx_word' id='word_1_121' title='bbox 1101 1509 1370 1582; x_wconf 82' lang='grc' dir='ltr'>ὀμοφυὴς,</span> <span class='ocrx_word' id='word_1_122' title='bbox 1404 1504 1484 1574; x_wconf 74' lang='grc' dir='ltr'><strong>οἷς</strong></span> <span class='ocrx_word' id='word_1_123' title='bbox 1515 1510 1577 1576; x_wconf 69' lang='grc' dir='ltr'>ἐξ</span> <span class='ocrx_word' id='word_1_124' title='bbox 1606 1511 1707 1564; x_wconf 85' lang='grc' dir='ltr'>οὐκ</span> <span class='ocrx_word' id='word_1_125' title='bbox 1743 1510 1913 1566; x_wconf 73' lang='grc' dir='ltr'>ὄντων</span> <span class='ocrx_word' id='word_1_126' title='bbox 1942 1511 1977 1581; x_wconf 81' lang='grc' dir='ltr'><strong>ἡ</strong></span> 
     </span>
    </p>
   </div>
   <div class='ocr_carea' id='block_1_19' title="bbox 367 1599 1977 1674">
    <p class='ocr_par' dir='ltr' id='par_1_19' title="bbox 367 1599 1977 1674">
     <span class='ocr_line' id='line_1_19' title="bbox 367 1599 1977 1674; baseline 0.002 -21"><span class='ocrx_word' id='word_1_127' title='bbox 367 1600 617 1668; x_wconf 81' lang='grc' dir='ltr'>γένεσις,</span> <span class='ocrx_word' id='word_1_128' title='bbox 649 1599 744 1654; x_wconf 80' lang='grc' dir='ltr'>καὶ</span> <span class='ocrx_word' id='word_1_129' title='bbox 780 1600 843 1654; x_wconf 69' lang='grc' dir='ltr'><strong>τὸ</strong></span> <span class='ocrx_word' id='word_1_130' title='bbox 868 1600 971 1671; x_wconf 83' lang='grc' dir='ltr'>τῆς</span> <span class='ocrx_word' id='word_1_131' title='bbox 998 1600 1244 1667; x_wconf 80' lang='grc' dir='ltr'>δουλείας</span> <span class='ocrx_word' id='word_1_132' title='bbox 1277 1600 1452 1673; x_wconf 72' lang='grc' dir='ltr'>ὄνομά</span> <span class='ocrx_word' id='word_1_133' title='bbox 1497 1619 1558 1655; x_wconf 89' lang='grc' dir='ltr'><strong>τε</strong></span> <span class='ocrx_word' id='word_1_134' title='bbox 1608 1602 1705 1656; x_wconf 74' lang='grc' dir='ltr'>καὶ</span> <span class='ocrx_word' id='word_1_135' title='bbox 1737 1604 1977 1674; x_wconf 80' lang='grc' dir='ltr'>πρᾶγμα</span> 
     </span>
    </p>
   </div>
   <div class='ocr_carea' id='block_1_20' title="bbox 366 1691 1976 1767">
    <p class='ocr_par' dir='ltr' id='par_1_20' title="bbox 366 1691 1976 1767">
     <span class='ocr_line' id='line_1_20' title="bbox 366 1691 1976 1767; baseline 0.002 -22"><span class='ocrx_word' id='word_1_136' title='bbox 366 1692 607 1756; x_wconf 77' lang='grc' dir='ltr'><strong>δικαίως</strong></span> <span class='ocrx_word' id='word_1_137' title='bbox 632 1691 1067 1764; x_wconf 81' lang='grc' dir='ltr'>ὲπαληθεύεται;</span> <span class='ocrx_word' id='word_1_138' title='bbox 1099 1693 1165 1746; x_wconf 90' lang='grc' dir='ltr'>Τί</span> <span class='ocrx_word' id='word_1_139' title='bbox 1190 1692 1301 1765; x_wconf 88' lang='grc' dir='ltr'><strong>γάρ</strong></span> <span class='ocrx_word' id='word_1_140' title='bbox 1330 1693 1439 1748; x_wconf 84' lang='grc' dir='ltr'>τῶν</span> <span class='ocrx_word' id='word_1_141' title='bbox 1464 1693 1850 1766; x_wconf 82' lang='grc' dir='ltr'>πεποιημένων</span> <span class='ocrx_word' id='word_1_142' title='bbox 1878 1693 1976 1767; x_wconf 77' lang='grc' dir='ltr'><strong>τὴν</strong></span> 
     </span>
    </p>
   </div>
   <div class='ocr_carea' id='block_1_21' title="bbox 365 1784 1976 1857">
    <p class='ocr_par' dir='ltr' id='par_1_21' title="bbox 365 1784 1976 1857">
     <span class='ocr_line' id='line_1_21' title="bbox 365 1784 1976 1857; baseline 0.001 -19"><span class='ocrx_word' id='word_1_143' title='bbox 365 1784 482 1838; x_wconf 72' lang='grc' dir='ltr'><strong>ὑπὸ</strong></span> <span class='ocrx_word' id='word_1_144' title='bbox 504 1784 587 1856; x_wconf 81' lang='grc' dir='ltr'>τῷ</span> <span class='ocrx_word' id='word_1_145' title='bbox 621 1784 843 1839; x_wconf 87' lang='grc' dir='ltr'>πάντων</span> <span class='ocrx_word' id='word_1_146' title='bbox 895 1784 1190 1856; x_wconf 82' lang='grc' dir='ltr'>κρατοῦντι</span> <span class='ocrx_word' id='word_1_147' title='bbox 1230 1784 1352 1857; x_wconf 81' lang='grc' dir='ltr'>Θεῷ</span> <span class='ocrx_word' id='word_1_148' title='bbox 1380 1785 1631 1842; x_wconf 78' lang='grc' dir='ltr'>δουλείαν</span> <span class='ocrx_word' id='word_1_149' title='bbox 1678 1785 1976 1850; x_wconf 83' lang='grc' dir='ltr'>ἀκινδύνως</span> 
     </span>
    </p>
   </div>
   <div class='ocr_carea' id='block_1_22' title="bbox 363 1874 1976 1949">
    <p class='ocr_par' dir='ltr' id='par_1_22' title="bbox 363 1874 1976 1949">
     <span class='ocr_line' id='line_1_22' title="bbox 363 1874 1976 1949; baseline 0.001 -19"><span class='ocrx_word' id='word_1_150' title='bbox 363 1875 825 1946; x_wconf 76' lang='grc' dir='ltr'>παραιτήσεται;</span> <span class='ocrx_word' id='word_1_151' title='bbox 886 1874 940 1928; x_wconf 94' lang='grc' dir='ltr'><strong>τί</strong></span> <span class='ocrx_word' id='word_1_152' title='bbox 970 1874 1028 1929; x_wconf 84' lang='grc' dir='ltr'>δὲ</span> <span class='ocrx_word' id='word_1_153' title='bbox 1052 1876 1152 1947; x_wconf 83' lang='grc' dir='ltr'>οὐχ</span> <span class='ocrx_word' id='word_1_154' title='bbox 1176 1874 1448 1947; x_wconf 74' lang='grc' dir='ltr'>ύποκύψει</span> <span class='ocrx_word' id='word_1_155' title='bbox 1486 1877 1554 1949; x_wconf 85' lang='grc' dir='ltr'><strong>τῇ</strong></span> <span class='ocrx_word' id='word_1_156' title='bbox 1572 1877 1725 1931; x_wconf 74' lang='grc' dir='ltr'>’κατά</span> <span class='ocrx_word' id='word_1_157' title='bbox 1760 1876 1976 1932; x_wconf 83' lang='grc' dir='ltr'>πάντων</span> 
     </span>
    </p>
   </div>
   <div class='ocr_carea' id='block_1_23' title="bbox 360 1966 1976 2043">
    <p class='ocr_par' dir='ltr' id='par_1_23' title="bbox 360 1966 1976 2043">
     <span class='ocr_line' id='line_1_23' title="bbox 360 1966 1976 2043; baseline -0.001 -19"><span class='ocrx_word' id='word_1_158' title='bbox 360 1971 521 2042; x_wconf 78' lang='grc' dir='ltr'>ἀρχῇ</span> <span class='ocrx_word' id='word_1_159' title='bbox 550 1985 611 2022; x_wconf 78' lang='grc' dir='ltr'><strong>τε</strong></span> <span class='ocrx_word' id='word_1_160' title='bbox 669 1968 766 2022; x_wconf 77' lang='grc' dir='ltr'>καὶ</span> <span class='ocrx_word' id='word_1_161' title='bbox 816 1966 1062 2040; x_wconf 76' lang='grc' dir='ltr'>ἐξουσίᾳ,</span> <span class='ocrx_word' id='word_1_162' title='bbox 1111 1969 1210 2022; x_wconf 79' lang='grc' dir='ltr'>καὶ</span> <span class='ocrx_word' id='word_1_163' title='bbox 1239 1968 1544 2043; x_wconf 89' lang='grc' dir='ltr'>κυριότητι,</span> <span class='ocrx_word' id='word_1_164' title='bbox 1584 1970 1651 2040; x_wconf 75' lang='grc' dir='ltr'>ἢν</span> <span class='ocrx_word' id='word_1_165' title='bbox 1679 1969 1774 2023; x_wconf 77' lang='grc' dir='ltr'>καὶ</span> <span class='ocrx_word' id='word_1_166' title='bbox 1813 1969 1976 2035; x_wconf 82' lang='grc' dir='ltr'>αὐτός</span> 
     </span>
    </p>
   </div>
   <div class='ocr_carea' id='block_1_24' title="bbox 360 2057 1978 2133">
    <p class='ocr_par' dir='ltr' id='par_1_24' title="bbox 360 2057 1978 2133">
     <span class='ocr_line' id='line_1_24' title="bbox 360 2057 1978 2133; baseline 0.001 -19"><span class='ocrx_word' id='word_1_167' title='bbox 360 2077 478 2114; x_wconf 85' lang='grc' dir='ltr'><strong>που</strong></span> <span class='ocrx_word' id='word_1_168' title='bbox 511 2058 771 2131; x_wconf 84' lang='grc' dir='ltr'>σημαίνει</span> <span class='ocrx_word' id='word_1_169' title='bbox 798 2057 975 2127; x_wconf 84' lang='grc' dir='ltr'>λέγων</span> <span class='ocrx_word' id='word_1_170' title='bbox 996 2060 1026 2113; x_wconf 98' lang='lat'><strong>6</strong></span> <span class='ocrx_word' id='word_1_171' title='bbox 1056 2058 1344 2131; x_wconf 79' lang='grc' dir='ltr'>Σολομῶν·</span> <span class='ocrx_word' id='word_1_172' title='bbox 1383 2078 1402 2112; x_wconf 75' lang='grc' dir='ltr'><strong>ι</strong></span> <span class='ocrx_word' id='word_1_173' title='bbox 1439 2059 1595 2114; x_wconf 89' lang='grc' dir='ltr'>Μετά</span> <span class='ocrx_word' id='word_1_174' title='bbox 1626 2059 1734 2133; x_wconf 83' lang='grc' dir='ltr'><strong>γὰρ</strong></span> <span class='ocrx_word' id='word_1_175' title='bbox 1773 2060 1978 2115; x_wconf 74' lang='grc' dir='ltr'>δικαιο·</span> 
     </span>
    </p>
   </div>
   <div class='ocr_carea' id='block_1_25' title="bbox 361 2150 1976 2225">
    <p class='ocr_par' dir='ltr' id='par_1_25' title="bbox 361 2150 1976 2225">
     <span class='ocr_line' id='line_1_25' title="bbox 361 2150 1976 2225; baseline -0.001 -17"><span class='ocrx_word' id='word_1_176' title='bbox 361 2153 545 2221; x_wconf 86' lang='grc' dir='ltr'>σύνης</span> <span class='ocrx_word' id='word_1_177' title='bbox 606 2150 961 2222; x_wconf 79' lang='grc' dir='ltr'>έτοιμάζεται</span> <span class='ocrx_word' id='word_1_178' title='bbox 1011 2150 1202 2222; x_wconf 84' lang='grc' dir='ltr'>θρόνος</span> <span class='ocrx_word' id='word_1_179' title='bbox 1248 2152 1466 2225; x_wconf 83' lang='grc' dir='ltr'>ἀρχῆς;</span> <span class='ocrx_word' id='word_1_180' title='bbox 1503 2170 1522 2205; x_wconf 71' lang='grc' dir='ltr'><strong><em>ι</em></strong></span> <span class='ocrx_word' id='word_1_181' title='bbox 1555 2152 1816 2223; x_wconf 85' lang='grc' dir='ltr'>Ἕτοιμος</span> <span class='ocrx_word' id='word_1_182' title='bbox 1865 2151 1976 2225; x_wconf 82' lang='grc' dir='ltr'><strong>γάρ</strong></span> 
     </span>
    </p>
   </div>
   <div class='ocr_carea' id='block_1_26' title="bbox 360 2243 1976 2317">
    <p class='ocr_par' dir='ltr' id='par_1_26' title="bbox 360 2243 1976 2317">
     <span class='ocr_line' id='line_1_26' title="bbox 360 2243 1976 2317; baseline 0.007 -17"><span class='ocrx_word' id='word_1_183' title='bbox 360 2246 467 2301; x_wconf 74' lang='grc' dir='ltr'>καὶ</span> <span class='ocrx_word' id='word_1_184' title='bbox 497 2245 636 2300; x_wconf 83' lang='grc' dir='ltr'>πολὺ</span> <span class='ocrx_word' id='word_1_185' title='bbox 662 2244 783 2299; x_wconf 86' lang='grc' dir='ltr'>λίαν</span> <span class='ocrx_word' id='word_1_186' title='bbox 819 2243 1107 2317; x_wconf 78' lang='grc' dir='ltr'>εὐπρεπὴς</span> <span class='ocrx_word' id='word_1_187' title='bbox 1134 2246 1216 2309; x_wconf 85' lang='grc' dir='ltr'><strong>είς</strong></span> <span class='ocrx_word' id='word_1_188' title='bbox 1245 2244 1637 2317; x_wconf 88' lang='grc' dir='ltr'>δικαιοσύνηνό</span> <span class='ocrx_word' id='word_1_189' title='bbox 1666 2247 1767 2317; x_wconf 80' lang='grc' dir='ltr'>τῆς</span> <span class='ocrx_word' id='word_1_190' title='bbox 1800 2246 1976 2317; x_wconf 80' lang='grc' dir='ltr'>ἀρχῆς</span> 
     </span>
    </p>
   </div>
   <div class='ocr_carea' id='block_1_27' title="bbox 360 2336 1977 2411">
    <p class='ocr_par' dir='ltr' id='par_1_27' title="bbox 360 2336 1977 2411">
     <span class='ocr_line' id='line_1_27' title="bbox 360 2336 1977 2411; baseline 0 -20"><span class='ocrx_word' id='word_1_191' title='bbox 360 2337 585 2409; x_wconf 86' lang='grc' dir='ltr'>θρόνος,</span> <span class='ocrx_word' id='word_1_192' title='bbox 607 2339 707 2408; x_wconf 84' lang='grc' dir='ltr'>τῆς</span> <span class='ocrx_word' id='word_1_193' title='bbox 735 2337 833 2391; x_wconf 71' lang='grc' dir='ltr'><strong>ἐπὶ</strong></span> <span class='ocrx_word' id='word_1_194' title='bbox 860 2336 1070 2401; x_wconf 81' lang='grc' dir='ltr'>πάντας</span> <span class='ocrx_word' id='word_1_195' title='bbox 1099 2336 1323 2409; x_wconf 86' lang='grc' dir='ltr'>δηλαδή.</span> <span class='ocrx_word' id='word_1_196' title='bbox 1348 2338 1459 2393; x_wconf 66' lang='grc' dir='ltr'><strong>Καὶ</strong></span> <span class='ocrx_word' id='word_1_197' title='bbox 1488 2340 1571 2403; x_wconf 81' lang='grc' dir='ltr'><strong>τίς</strong></span> <span class='ocrx_word' id='word_1_198' title='bbox 1588 2337 1614 2389; x_wconf 68' lang='grc' dir='ltr'><em>ὁ</em></span> <span class='ocrx_word' id='word_1_199' title='bbox 1638 2339 1828 2410; x_wconf 88' lang='grc' dir='ltr'>θρόνος</span> <span class='ocrx_word' id='word_1_200' title='bbox 1849 2337 1977 2411; x_wconf 77' lang='grc' dir='ltr'>περὶ</span> 
     </span>
    </p>
   </div>
   <div class='ocr_carea' id='block_1_28' title="bbox 358 2418 1975 2497">
    <p class='ocr_par' dir='ltr' id='par_1_28' title="bbox 358 2418 1975 2497">
     <span class='ocr_line' id='line_1_28' title="bbox 358 2418 1975 2497; baseline 0.002 -17"><span class='ocrx_word' id='word_1_201' title='bbox 358 2418 429 2480; x_wconf 74' lang='grc' dir='ltr'><strong>οὗ</strong></span> <span class='ocrx_word' id='word_1_202' title='bbox 470 2425 572 2479; x_wconf 79' lang='grc' dir='ltr'>νῦν</span> <span class='ocrx_word' id='word_1_203' title='bbox 600 2428 630 2480; x_wconf 88' lang='lat'><strong>6</strong></span> <span class='ocrx_word' id='word_1_204' title='bbox 656 2426 836 2497; x_wconf 82' lang='grc' dir='ltr'>λόγος,</span> <span class='ocrx_word' id='word_1_205' title='bbox 868 2425 1037 2481; x_wconf 78' lang='grc' dir='ltr'>ἄκουε</span> <span class='ocrx_word' id='word_1_206' title='bbox 1067 2425 1322 2494; x_wconf 79' lang='grc' dir='ltr'>λέγοντος</span> <span class='ocrx_word' id='word_1_207' title='bbox 1350 2430 1446 2482; x_wconf 79' lang='grc' dir='ltr'>τοῦ</span> <span class='ocrx_word' id='word_1_208' title='bbox 1479 2428 1612 2484; x_wconf 86' lang='grc' dir='ltr'>Θεοῦ</span> <span class='ocrx_word' id='word_1_209' title='bbox 1633 2431 1701 2483; x_wconf 86' lang='grc' dir='ltr'><strong>δι’</strong></span> <span class='ocrx_word' id='word_1_210' title='bbox 1723 2430 1841 2494; x_wconf 84' lang='grc' dir='ltr'>ένὸς</span> <span class='ocrx_word' id='word_1_211' title='bbox 1868 2427 1975 2483; x_wconf 84' lang='grc' dir='ltr'><strong>τῶν</strong></span> 
     </span>
    </p>
   </div>
   <div class='ocr_carea' id='block_1_29' title="bbox 359 2516 1976 2592">
    <p class='ocr_par' dir='ltr' id='par_1_29' title="bbox 359 2516 1976 2592">
     <span class='ocr_line' id='line_1_29' title="bbox 359 2516 1976 2592; baseline 0.002 -20"><span class='ocrx_word' id='word_1_212' title='bbox 359 2518 569 2587; x_wconf 81' lang='grc' dir='ltr'>ἁγίων·</span> <span class='ocrx_word' id='word_1_213' title='bbox 607 2535 627 2569; x_wconf 73' lang='grc' dir='ltr'><strong>ι</strong></span> <span class='ocrx_word' id='word_1_214' title='bbox 674 2519 733 2572; x_wconf 90' lang='lat'><strong>&#39;0</strong></span> <span class='ocrx_word' id='word_1_215' title='bbox 791 2516 1025 2589; x_wconf 79' lang='grc' dir='ltr'>οὐρανός</span> <span class='ocrx_word' id='word_1_216' title='bbox 1086 2535 1177 2590; x_wconf 88' lang='grc' dir='ltr'><strong>μοι</strong></span> <span class='ocrx_word' id='word_1_217' title='bbox 1207 2519 1416 2592; x_wconf 82' lang='grc' dir='ltr'>θρόνος.</span> <span class='ocrx_word' id='word_1_218' title='bbox 1455 2539 1475 2574; x_wconf 73' lang='grc' dir='ltr'><strong>ι</strong></span> <span class='ocrx_word' id='word_1_219' title='bbox 1506 2520 1718 2577; x_wconf 80' lang='grc' dir='ltr'>Οὐκοῦν</span> <span class='ocrx_word' id='word_1_220' title='bbox 1757 2520 1976 2592; x_wconf 72' lang='grc' dir='ltr'>ἕτοιμος</span> 
     </span>
    </p>
   </div>
   <div class='ocr_carea' id='block_1_30' title="bbox 358 2609 1976 2683">
    <p class='ocr_par' dir='ltr' id='par_1_30' title="bbox 358 2609 1976 2683">
     <span class='ocr_line' id='line_1_30' title="bbox 358 2609 1976 2683; baseline 0.002 -20"><span class='ocrx_word' id='word_1_221' title='bbox 358 2611 447 2674; x_wconf 87' lang='grc' dir='ltr'><strong>είς</strong></span> <span class='ocrx_word' id='word_1_222' title='bbox 474 2609 827 2681; x_wconf 84' lang='grc' dir='ltr'>δικαιοσύνην</span> <span class='ocrx_word' id='word_1_223' title='bbox 857 2610 888 2663; x_wconf 90' lang='lat'><strong>6</strong></span> <span class='ocrx_word' id='word_1_224' title='bbox 914 2609 1164 2683; x_wconf 78' lang='grc' dir='ltr'>οὐρανὸς,</span> <span class='ocrx_word' id='word_1_225' title='bbox 1186 2612 1332 2666; x_wconf 84' lang='grc' dir='ltr'>τοῦτ’</span> <span class='ocrx_word' id='word_1_226' title='bbox 1362 2612 1500 2680; x_wconf 78' lang='grc' dir='ltr'>ἔστι,</span> <span class='ocrx_word' id='word_1_227' title='bbox 1534 2614 1605 2668; x_wconf 82' lang='grc' dir='ltr'><strong>τά</strong></span> <span class='ocrx_word' id='word_1_228' title='bbox 1643 2616 1703 2668; x_wconf 81' lang='grc' dir='ltr'><strong>ὲν</strong></span> <span class='ocrx_word' id='word_1_229' title='bbox 1726 2616 1838 2677; x_wconf 84' lang='grc' dir='ltr'>τοῖς</span> <span class='ocrx_word' id='word_1_230' title='bbox 1879 2612 1976 2667; x_wconf 82' lang='grc' dir='ltr'><strong>οὐ-</strong></span> 
     </span>
    </p>
   </div>
   <div class='ocr_carea' id='block_1_31' title="bbox 358 2701 1974 2780">
    <p class='ocr_par' dir='ltr' id='par_1_31' title="bbox 358 2701 1974 2780">
     <span class='ocr_line' id='line_1_31' title="bbox 358 2701 1974 2780; baseline 0.004 -25"><span class='ocrx_word' id='word_1_231' title='bbox 358 2704 556 2780; x_wconf 65' lang='grc' dir='ltr'>ρανοῖς</span> <span class='ocrx_word' id='word_1_232' title='bbox 589 2701 722 2771; x_wconf 81' lang='grc' dir='ltr'>ἀγια</span> <span class='ocrx_word' id='word_1_233' title='bbox 777 2703 1087 2776; x_wconf 76' lang='grc' dir='ltr'>πνεύματα.</span> <span class='ocrx_word' id='word_1_234' title='bbox 1146 2706 1364 2780; x_wconf 81' lang='grc' dir='ltr'>Ἐπειδὴ</span> <span class='ocrx_word' id='word_1_235' title='bbox 1422 2707 1603 2761; x_wconf 85' lang='grc' dir='ltr'>τοίνυν</span> <span class='ocrx_word' id='word_1_236' title='bbox 1646 2702 1715 2779; x_wconf 82' lang='grc' dir='ltr'><strong>ἦν</strong></span> <span class='ocrx_word' id='word_1_237' title='bbox 1759 2707 1974 2780; x_wconf 82' lang='grc' dir='ltr'><strong>ἀνάγκη</strong></span> 
     </span>
    </p>
   </div>
   <div class='ocr_carea' id='block_1_32' title="bbox 357 2794 1973 2872">
    <p class='ocr_par' dir='ltr' id='par_1_32' title="bbox 357 2794 1973 2872">
     <span class='ocr_line' id='line_1_32' title="bbox 357 2794 1973 2872; baseline 0.005 -24"><span class='ocrx_word' id='word_1_238' title='bbox 357 2794 780 2866; x_wconf 79' lang='grc' dir='ltr'>συνομολογεῖν,</span> <span class='ocrx_word' id='word_1_239' title='bbox 808 2797 950 2867; x_wconf 91' lang='grc' dir='ltr'><strong>μετά</strong></span> <span class='ocrx_word' id='word_1_240' title='bbox 971 2795 1080 2851; x_wconf 81' lang='grc' dir='ltr'><strong>τῶν</strong></span> <span class='ocrx_word' id='word_1_241' title='bbox 1106 2798 1283 2853; x_wconf 83' lang='grc' dir='ltr'>ἄλλων</span> <span class='ocrx_word' id='word_1_242' title='bbox 1312 2800 1634 2872; x_wconf 86' lang='grc' dir='ltr'>ποιημάτων</span> <span class='ocrx_word' id='word_1_243' title='bbox 1652 2800 1973 2856; x_wconf 81' lang='grc' dir='ltr'>ὑποκεῖσθαι</span> 
     </span>
    </p>
   </div>
   <div class='ocr_carea' id='block_1_33' title="bbox 353 2887 1975 2965">
    <p class='ocr_par' dir='ltr' id='par_1_33' title="bbox 353 2887 1975 2965">
     <span class='ocr_line' id='line_1_33' title="bbox 353 2887 1975 2965; baseline 0.004 -24"><span class='ocrx_word' id='word_1_244' title='bbox 353 2888 440 2959; x_wconf 84' lang='grc' dir='ltr'>τῷ</span> <span class='ocrx_word' id='word_1_245' title='bbox 462 2887 587 2959; x_wconf 80' lang='grc' dir='ltr'>Θεῷ</span> <span class='ocrx_word' id='word_1_246' title='bbox 620 2888 715 2942; x_wconf 79' lang='grc' dir='ltr'>καὶ</span> <span class='ocrx_word' id='word_1_247' title='bbox 764 2890 946 2963; x_wconf 75' lang='grc' dir='ltr'>Πατρὶ</span> <span class='ocrx_word' id='word_1_248' title='bbox 983 2888 1074 2944; x_wconf 81' lang='grc' dir='ltr'><strong>τὸν</strong></span> <span class='ocrx_word' id='word_1_249' title='bbox 1129 2890 1282 2956; x_wconf 82' lang='grc' dir='ltr'>Υίὸν,</span> <span class='ocrx_word' id='word_1_250' title='bbox 1342 2891 1420 2957; x_wconf 83' lang='grc' dir='ltr'><strong>ὡς</strong></span> <span class='ocrx_word' id='word_1_251' title='bbox 1468 2894 1742 2965; x_wconf 77' lang='grc' dir='ltr'>οἰκετικὴν</span> <span class='ocrx_word' id='word_1_252' title='bbox 1781 2892 1975 2964; x_wconf 76' lang='grc' dir='ltr'>ἔχοντα</span> 
     </span>
    </p>
   </div>
   <div class='ocr_carea' id='block_1_34' title="bbox 352 2981 1973 3057">
    <p class='ocr_par' dir='ltr' id='par_1_34' title="bbox 352 2981 1973 3057">
     <span class='ocr_line' id='line_1_34' title="bbox 352 2981 1973 3057; baseline 0.004 -22"><span class='ocrx_word' id='word_1_253' title='bbox 352 2981 539 3049; x_wconf 78' lang='grc' dir='ltr'>τάξιν,</span> <span class='ocrx_word' id='word_1_254' title='bbox 601 2982 700 3037; x_wconf 70' lang='grc' dir='ltr'><strong>καὶ</strong></span> <span class='ocrx_word' id='word_1_255' title='bbox 745 2982 852 3036; x_wconf 76' lang='grc' dir='ltr'><strong>ὑπὸ</strong></span> <span class='ocrx_word' id='word_1_256' title='bbox 902 2982 1002 3055; x_wconf 78' lang='grc' dir='ltr'>τὴν</span> <span class='ocrx_word' id='word_1_257' title='bbox 1052 2983 1155 3055; x_wconf 77' lang='grc' dir='ltr'>τῆς</span> <span class='ocrx_word' id='word_1_258' title='bbox 1222 2984 1399 3056; x_wconf 82' lang='grc' dir='ltr'>ἀρχῆς</span> <span class='ocrx_word' id='word_1_259' title='bbox 1458 2985 1705 3050; x_wconf 77' lang='grc' dir='ltr'>ἐξουσίαν</span> <span class='ocrx_word' id='word_1_260' title='bbox 1772 2985 1973 3057; x_wconf 84' lang='grc' dir='ltr'>ὁμοίως</span> 
     </span>
    </p>
   </div>
   <div class='ocr_carea' id='block_1_35' title="bbox 354 3074 1971 3148">
    <p class='ocr_par' dir='ltr' id='par_1_35' title="bbox 354 3074 1971 3148">
     <span class='ocr_line' id='line_1_35' title="bbox 354 3074 1971 3148; baseline 0.001 -19"><span class='ocrx_word' id='word_1_261' title='bbox 354 3075 638 3129; x_wconf 75' lang='grc' dir='ltr'>πίπτοντα</span> <span class='ocrx_word' id='word_1_262' title='bbox 666 3077 780 3139; x_wconf 83' lang='grc' dir='ltr'><strong>τοίς</strong></span> <span class='ocrx_word' id='word_1_263' title='bbox 814 3074 1020 3141; x_wconf 85' lang='grc' dir='ltr'>ἄλλοις,</span> <span class='ocrx_word' id='word_1_264' title='bbox 1073 3077 1235 3148; x_wconf 74' lang='grc' dir='ltr'>εἴπερ</span> <span class='ocrx_word' id='word_1_265' title='bbox 1276 3077 1396 3130; x_wconf 75' lang='grc' dir='ltr'>ἐστὶ</span> <span class='ocrx_word' id='word_1_266' title='bbox 1429 3077 1551 3131; x_wconf 88' lang='grc' dir='ltr'>κατ’</span> <span class='ocrx_word' id='word_1_267' title='bbox 1581 3077 1825 3141; x_wconf 78' lang='grc' dir='ltr'>ἐκείνους</span> <span class='ocrx_word' id='word_1_268' title='bbox 1849 3078 1971 3147; x_wconf 69' lang='grc' dir='ltr'>ὀψι-</span> 
     </span>
    </p>
   </div>
   <div class='ocr_carea' id='block_1_36' title="bbox 2007 1857 2050 1913">
    <p class='ocr_par' dir='ltr' id='par_1_36' title="bbox 2007 1857 2050 1913">
     <span class='ocr_line' id='line_1_36' title="bbox 2007 1857 2050 1913; baseline 0 0"><span class='ocrx_word' id='word_1_269' title='bbox 2007 1857 2050 1913; x_wconf 86' lang='grc' dir='ltr'><strong>Β</strong></span> 
     </span>
    </p>
   </div>
   <div class='ocr_carea' id='block_1_37' title="bbox 2084 780 3678 858">
    <p class='ocr_par' dir='ltr' id='par_1_37' title="bbox 2084 780 3678 858">
     <span class='ocr_line' id='line_1_37' title="bbox 2084 780 3678 858; baseline 0.006 -23"><span class='ocrx_word' id='word_1_270' title='bbox 2084 780 2250 836; x_wconf 88' lang='lat' dir='ltr'><strong>etiam</strong></span> <span class='ocrx_word' id='word_1_271' title='bbox 2297 780 2436 836; x_wconf 86' lang='lat' dir='ltr'><strong>liber</strong></span> <span class='ocrx_word' id='word_1_272' title='bbox 2485 781 2656 837; x_wconf 87' lang='lat' dir='ltr'><strong>libero</strong></span> <span class='ocrx_word' id='word_1_273' title='bbox 2689 780 2852 839; x_wconf 89' lang='lat' dir='ltr'><strong>Patre</strong></span> <span class='ocrx_word' id='word_1_274' title='bbox 2883 786 3138 857; x_wconf 77' lang='lat' dir='ltr'><strong>genitus,</strong></span> <span class='ocrx_word' id='word_1_275' title='bbox 3193 786 3443 844; x_wconf 86' lang='lat' dir='ltr'><strong>universi</strong></span> <span class='ocrx_word' id='word_1_276' title='bbox 3498 788 3678 858; x_wconf 87' lang='lat' dir='ltr'><strong>impe-</strong></span> 
     </span>
    </p>
   </div>
   <div class='ocr_carea' id='block_1_38' title="bbox 2084 869 3677 948">
    <p class='ocr_par' dir='ltr' id='par_1_38' title="bbox 2084 869 3677 948">
     <span class='ocr_line' id='line_1_38' title="bbox 2084 869 3677 948; baseline 0.008 -26"><span class='ocrx_word' id='word_1_277' title='bbox 2084 869 2227 925; x_wconf 87' lang='lat' dir='ltr'><strong>rium</strong></span> <span class='ocrx_word' id='word_1_278' title='bbox 2265 886 2374 925; x_wconf 90' lang='lat' dir='ltr'><strong>una</strong></span> <span class='ocrx_word' id='word_1_279' title='bbox 2413 886 2539 927; x_wconf 92' lang='lat' dir='ltr'><strong>cum</strong></span> <span class='ocrx_word' id='word_1_280' title='bbox 2576 872 2700 943; x_wconf 90' lang='lat' dir='ltr'><strong>ipso</strong></span> <span class='ocrx_word' id='word_1_281' title='bbox 2736 874 2922 932; x_wconf 86' lang='lat' dir='ltr'><strong>habet.</strong></span> <span class='ocrx_word' id='word_1_282' title='bbox 2961 873 3222 941; x_wconf 64' lang='lat' dir='ltr'><strong>Quaenam</strong></span> <span class='ocrx_word' id='word_1_283' title='bbox 3245 892 3377 948; x_wconf 76' lang='lat' dir='ltr'><strong>ergo</strong></span> <span class='ocrx_word' id='word_1_284' title='bbox 3406 877 3480 933; x_wconf 88' lang='lat' dir='ltr'><strong>sit</strong></span> <span class='ocrx_word' id='word_1_285' title='bbox 3514 877 3677 934; x_wconf 82' lang='lat' dir='ltr'><strong>dein-</strong></span> 
     </span>
    </p>
   </div>
   <div class='ocr_carea' id='block_1_39' title="bbox 2083 962 3667 1040">
    <p class='ocr_par' dir='ltr' id='par_1_39' title="bbox 2083 962 3667 1040">
     <span class='ocr_line' id='line_1_39' title="bbox 2083 962 3667 1040; baseline 0.005 -23"><span class='ocrx_word' id='word_1_286' title='bbox 2083 975 2215 1030; x_wconf 88' lang='lat' dir='ltr'><strong>ceps</strong></span> <span class='ocrx_word' id='word_1_287' title='bbox 2259 962 2455 1019; x_wconf 86' lang='lat' dir='ltr'><strong>horum</strong></span> <span class='ocrx_word' id='word_1_288' title='bbox 2510 965 2805 1020; x_wconf 81' lang='lat' dir='ltr'><strong>verborum</strong></span> <span class='ocrx_word' id='word_1_289' title='bbox 2840 972 3158 1034; x_wconf 85' lang='lat' dir='ltr'><strong>structura,</strong></span> <span class='ocrx_word' id='word_1_290' title='bbox 3195 984 3374 1039; x_wconf 72' lang='lat' dir='ltr'><strong>operae</strong></span> <span class='ocrx_word' id='word_1_291' title='bbox 3424 970 3667 1040; x_wconf 86' lang='lat' dir='ltr'><strong>pretium</strong></span> 
     </span>
    </p>
   </div>
   <div class='ocr_carea' id='block_1_40' title="bbox 2082 1054 3676 1125">
    <p class='ocr_par' dir='ltr' id='par_1_40' title="bbox 2082 1054 3676 1125">
     <span class='ocr_line' id='line_1_40' title="bbox 2082 1054 3676 1125; baseline 0.004 -17"><span class='ocrx_word' id='word_1_292' title='bbox 2082 1058 2169 1108; x_wconf 90' lang='lat' dir='ltr'><strong>est</strong></span> <span class='ocrx_word' id='word_1_293' title='bbox 2212 1054 2675 1111; x_wconf 81' lang='lat' dir='ltr'><strong>animadvertere.</strong></span> <span class='ocrx_word' id='word_1_294' title='bbox 2730 1054 2996 1112; x_wconf 85' lang='lat' dir='ltr'><strong>Nonnulli</strong></span> <span class='ocrx_word' id='word_1_295' title='bbox 3044 1058 3346 1125; x_wconf 88' lang='lat' dir='ltr'><strong>audacter,</strong></span> <span class='ocrx_word' id='word_1_296' title='bbox 3400 1069 3461 1115; x_wconf 91' lang='lat' dir='ltr'><strong>ut</strong></span> <span class='ocrx_word' id='word_1_297' title='bbox 3509 1070 3676 1117; x_wconf 82' lang='lat' dir='ltr'><strong>antea</strong></span> 
     </span>
    </p>
   </div>
   <div class='ocr_carea' id='block_1_41' title="bbox 2082 1140 3675 1219">
    <p class='ocr_par' dir='ltr' id='par_1_41' title="bbox 2082 1140 3675 1219">
     <span class='ocr_line' id='line_1_41' title="bbox 2082 1140 3675 1219; baseline 0.006 -21"><span class='ocrx_word' id='word_1_298' title='bbox 2082 1142 2345 1209; x_wconf 78' lang='lat' dir='ltr'><strong>diximus,</strong></span> <span class='ocrx_word' id='word_1_299' title='bbox 2376 1144 2472 1202; x_wconf 89' lang='lat' dir='ltr'><strong>Dei</strong></span> <span class='ocrx_word' id='word_1_300' title='bbox 2498 1144 2744 1202; x_wconf 86' lang='lat' dir='ltr'><strong>Verbum</strong></span> <span class='ocrx_word' id='word_1_301' title='bbox 2775 1140 2889 1203; x_wconf 84' lang='lat' dir='ltr'><strong>tum</strong></span> <span class='ocrx_word' id='word_1_302' title='bbox 2926 1149 3169 1219; x_wconf 87' lang='lat' dir='ltr'><strong>primum</strong></span> <span class='ocrx_word' id='word_1_303' title='bbox 3206 1151 3262 1205; x_wconf 91' lang='lat' dir='ltr'><strong>in</strong></span> <span class='ocrx_word' id='word_1_304' title='bbox 3291 1167 3476 1207; x_wconf 90' lang='lat' dir='ltr'><strong>rerum</strong></span> <span class='ocrx_word' id='word_1_305' title='bbox 3506 1162 3675 1208; x_wconf 82' lang='lat' dir='ltr'><strong>natu—</strong></span> 
     </span>
    </p>
   </div>
   <div class='ocr_carea' id='block_1_42' title="bbox 2079 1234 3675 1311">
    <p class='ocr_par' dir='ltr' id='par_1_42' title="bbox 2079 1234 3675 1311">
     <span class='ocr_line' id='line_1_42' title="bbox 2079 1234 3675 1311; baseline 0.005 -21"><span class='ocrx_word' id='word_1_306' title='bbox 2079 1249 2201 1290; x_wconf 87' lang='lat' dir='ltr'><strong>ram</strong></span> <span class='ocrx_word' id='word_1_307' title='bbox 2249 1234 2461 1290; x_wconf 89' lang='lat' dir='ltr'><strong>editum</strong></span> <span class='ocrx_word' id='word_1_308' title='bbox 2510 1236 2872 1305; x_wconf 87' lang='lat' dir='ltr'><strong>asserebant,</strong></span> <span class='ocrx_word' id='word_1_309' title='bbox 2935 1253 3062 1294; x_wconf 87' lang='lat' dir='ltr'><strong>cum</strong></span> <span class='ocrx_word' id='word_1_310' title='bbox 3119 1249 3408 1311; x_wconf 87' lang='lat' dir='ltr'><strong>assumpto</strong></span> <span class='ocrx_word' id='word_1_311' title='bbox 3467 1251 3675 1298; x_wconf 71' lang='lat' dir='ltr'><strong>sanctae</strong></span> 
     </span>
    </p>
   </div>
   <div class='ocr_carea' id='block_1_43' title="bbox 2078 1326 3673 1401">
    <p class='ocr_par' dir='ltr' id='par_1_43' title="bbox 2078 1326 3673 1401">
     <span class='ocr_line' id='line_1_43' title="bbox 2078 1326 3673 1401; baseline 0.003 -18"><span class='ocrx_word' id='word_1_312' title='bbox 2078 1326 2327 1400; x_wconf 75' lang='lat' dir='ltr'><strong>Virginis</strong></span> <span class='ocrx_word' id='word_1_313' title='bbox 2360 1329 2569 1401; x_wconf 85' lang='lat' dir='ltr'><strong>templo</strong></span> <span class='ocrx_word' id='word_1_314' title='bbox 2597 1338 2825 1400; x_wconf 86' lang='lat' dir='ltr'><strong>propter</strong></span> <span class='ocrx_word' id='word_1_315' title='bbox 2855 1345 2958 1387; x_wconf 93' lang='lat' dir='ltr'><strong>nos</strong></span> <span class='ocrx_word' id='word_1_316' title='bbox 2990 1330 3174 1387; x_wconf 82' lang='lat' dir='ltr'><strong>factus</strong></span> <span class='ocrx_word' id='word_1_317' title='bbox 3196 1341 3282 1389; x_wconf 91' lang='lat' dir='ltr'><strong>est</strong></span> <span class='ocrx_word' id='word_1_318' title='bbox 3313 1333 3499 1388; x_wconf 88' lang='lat' dir='ltr'><strong>homo.</strong></span> <span class='ocrx_word' id='word_1_319' title='bbox 3531 1334 3673 1400; x_wconf 87' lang='lat' dir='ltr'><strong>Quid</strong></span> 
     </span>
    </p>
   </div>
   <div class='ocr_carea' id='block_1_44' title="bbox 2078 1416 3674 1487">
    <p class='ocr_par' dir='ltr' id='par_1_44' title="bbox 2078 1416 3674 1487">
     <span class='ocr_line' id='line_1_44' title="bbox 2078 1416 3674 1487; baseline 0.003 -14"><span class='ocrx_word' id='word_1_320' title='bbox 2078 1432 2210 1487; x_wconf 78' lang='lat' dir='ltr'><strong>ergo</strong></span> <span class='ocrx_word' id='word_1_321' title='bbox 2252 1416 2475 1472; x_wconf 91' lang='lat' dir='ltr'><strong>demum</strong></span> <span class='ocrx_word' id='word_1_322' title='bbox 2526 1417 2671 1482; x_wconf 91' lang='lat' dir='ltr'><strong>erit,</strong></span> <span class='ocrx_word' id='word_1_323' title='bbox 2710 1418 2758 1473; x_wconf 94' lang='lat' dir='ltr'><strong>si</strong></span> <span class='ocrx_word' id='word_1_324' title='bbox 2809 1425 2906 1473; x_wconf 90' lang='lat' dir='ltr'><strong>aut</strong></span> <span class='ocrx_word' id='word_1_325' title='bbox 2944 1428 3169 1477; x_wconf 88' lang='lat' dir='ltr'><strong>creatus</strong></span> <span class='ocrx_word' id='word_1_326' title='bbox 3209 1429 3305 1475; x_wconf 91' lang='lat' dir='ltr'><strong>aut</strong></span> <span class='ocrx_word' id='word_1_327' title='bbox 3354 1420 3566 1485; x_wconf 80' lang='lat' dir='ltr'><strong>factus,</strong></span> <span class='ocrx_word' id='word_1_328' title='bbox 3620 1430 3674 1478; x_wconf 72' lang='lat' dir='ltr'><strong>rt</strong></span> 
     </span>
    </p>
   </div>
   <div class='ocr_carea' id='block_1_45' title="bbox 2077 1494 3674 1582">
    <p class='ocr_par' dir='ltr' id='par_1_45' title="bbox 2077 1494 3674 1582">
     <span class='ocr_line' id='line_1_45' title="bbox 2077 1494 3674 1582; baseline 0.001 -19"><span class='ocrx_word' id='word_1_329' title='bbox 2077 1507 2328 1579; x_wconf 87' lang='lat' dir='ltr'><strong>ejusdem</strong></span> <span class='ocrx_word' id='word_1_330' title='bbox 2367 1521 2495 1562; x_wconf 91' lang='lat' dir='ltr'><strong>cum</strong></span> <span class='ocrx_word' id='word_1_331' title='bbox 2527 1507 2651 1563; x_wconf 86' lang='lat' dir='ltr'><strong>aliis</strong></span> <span class='ocrx_word' id='word_1_332' title='bbox 2692 1494 2957 1565; x_wconf 82' lang='lat' dir='ltr'><strong>Omnibus</strong></span> <span class='ocrx_word' id='word_1_333' title='bbox 2994 1518 3225 1575; x_wconf 65' lang='lat' dir='ltr'><strong>naturae,</strong></span> <span class='ocrx_word' id='word_1_334' title='bbox 3260 1511 3329 1566; x_wconf 90' lang='lat' dir='ltr'><strong>de</strong></span> <span class='ocrx_word' id='word_1_335' title='bbox 3368 1511 3571 1582; x_wconf 86' lang='lat' dir='ltr'><strong>quibus</strong></span> <span class='ocrx_word' id='word_1_336' title='bbox 3619 1520 3674 1566; x_wconf 87' lang='lat' dir='ltr'><strong>et</strong></span> 
     </span>
    </p>
   </div>
   <div class='ocr_carea' id='block_1_46' title="bbox 2075 1597 3674 1671">
    <p class='ocr_par' dir='ltr' id='par_1_46' title="bbox 2075 1597 3674 1671">
     <span class='ocr_line' id='line_1_46' title="bbox 2075 1597 3674 1671; baseline 0 -17"><span class='ocrx_word' id='word_1_337' title='bbox 2075 1613 2108 1654; x_wconf 90' lang='lat' dir='ltr'><strong>e</strong></span> <span class='ocrx_word' id='word_1_338' title='bbox 2146 1597 2324 1652; x_wconf 85' lang='lat' dir='ltr'><strong>nihilo</strong></span> <span class='ocrx_word' id='word_1_339' title='bbox 2371 1597 2615 1663; x_wconf 89' lang='lat' dir='ltr'><strong>creatio,</strong></span> <span class='ocrx_word' id='word_1_340' title='bbox 2657 1607 2712 1653; x_wconf 91' lang='lat' dir='ltr'><strong>et</strong></span> <span class='ocrx_word' id='word_1_341' title='bbox 2761 1599 3051 1656; x_wconf 86' lang='lat' dir='ltr'><strong>servitutis</strong></span> <span class='ocrx_word' id='word_1_342' title='bbox 3089 1616 3293 1657; x_wconf 88' lang='lat' dir='ltr'><strong>nomen</strong></span> <span class='ocrx_word' id='word_1_343' title='bbox 3327 1609 3384 1656; x_wconf 90' lang='lat' dir='ltr'><strong>et</strong></span> <span class='ocrx_word' id='word_1_344' title='bbox 3433 1617 3522 1657; x_wconf 76' lang='lat' dir='ltr'><strong>res</strong></span> <span class='ocrx_word' id='word_1_345' title='bbox 3554 1601 3674 1671; x_wconf 82' lang='lat' dir='ltr'><strong>ipsa</strong></span> 
     </span>
    </p>
   </div>
   <div class='ocr_carea' id='block_1_47' title="bbox 2073 1687 3676 1761">
    <p class='ocr_par' dir='ltr' id='par_1_47' title="bbox 2073 1687 3676 1761">
     <span class='ocr_line' id='line_1_47' title="bbox 2073 1687 3676 1761; baseline 0 -16"><span class='ocrx_word' id='word_1_346' title='bbox 2073 1689 2200 1761; x_wconf 89' lang='lat' dir='ltr'><strong>jure</strong></span> <span class='ocrx_word' id='word_1_347' title='bbox 2237 1687 2541 1745; x_wconf 72' lang='lat' dir='ltr'><strong>dicuntur?</strong></span> <span class='ocrx_word' id='word_1_348' title='bbox 2584 1688 2730 1754; x_wconf 92' lang='lat' dir='ltr'><strong>Quid</strong></span> <span class='ocrx_word' id='word_1_349' title='bbox 2774 1690 2922 1745; x_wconf 85' lang='lat' dir='ltr'><strong>enim</strong></span> <span class='ocrx_word' id='word_1_350' title='bbox 2970 1698 3218 1745; x_wconf 87' lang='lat' dir='ltr'><strong>creatum</strong></span> <span class='ocrx_word' id='word_1_351' title='bbox 3269 1690 3676 1761; x_wconf 85' lang='lat' dir='ltr'><strong>cunctipotenti</strong></span> 
     </span>
    </p>
   </div>
   <div class='ocr_carea' id='block_1_48' title="bbox 2079 1779 3672 1852">
    <p class='ocr_par' dir='ltr' id='par_1_48' title="bbox 2079 1779 3672 1852">
     <span class='ocr_line' id='line_1_48' title="bbox 2079 1779 3672 1852; baseline 0.001 -15"><span class='ocrx_word' id='word_1_352' title='bbox 2079 1780 2190 1837; x_wconf 87' lang='lat' dir='ltr'><strong>Deo</strong></span> <span class='ocrx_word' id='word_1_353' title='bbox 2219 1780 2433 1837; x_wconf 85' lang='lat' dir='ltr'><strong>servire</strong></span> <span class='ocrx_word' id='word_1_354' title='bbox 2459 1779 2689 1852; x_wconf 88' lang='lat' dir='ltr'><strong>impune</strong></span> <span class='ocrx_word' id='word_1_355' title='bbox 2725 1780 3103 1845; x_wconf 81' lang='lat' dir='ltr'><strong>detrectabit?_</strong></span> <span class='ocrx_word' id='word_1_356' title='bbox 3129 1782 3273 1850; x_wconf 85' lang='lat' dir='ltr'><strong>Quid</strong></span> <span class='ocrx_word' id='word_1_357' title='bbox 3303 1793 3485 1839; x_wconf 84' lang='lat' dir='ltr'><strong>autem</strong></span> <span class='ocrx_word' id='word_1_358' title='bbox 3532 1798 3672 1839; x_wconf 87' lang='lat' dir='ltr'><strong>cun-</strong></span> 
     </span>
    </p>
   </div>
   <div class='ocr_carea' id='block_1_49' title="bbox 2078 1871 3674 1945">
    <p class='ocr_par' dir='ltr' id='par_1_49' title="bbox 2078 1871 3674 1945">
     <span class='ocr_line' id='line_1_49' title="bbox 2078 1871 3674 1945; baseline 0.001 -15"><span class='ocrx_word' id='word_1_359' title='bbox 2078 1873 2368 1945; x_wconf 86' lang='lat' dir='ltr'><strong>ctipotenti</strong></span> <span class='ocrx_word' id='word_1_360' title='bbox 2408 1871 2705 1944; x_wconf 89' lang='lat' dir='ltr'><strong>principio,</strong></span> <span class='ocrx_word' id='word_1_361' title='bbox 2740 1874 3023 1944; x_wconf 84' lang='lat' dir='ltr'><strong>potestati,</strong></span> <span class='ocrx_word' id='word_1_362' title='bbox 3063 1881 3118 1931; x_wconf 91' lang='lat' dir='ltr'><strong>et</strong></span> <span class='ocrx_word' id='word_1_363' title='bbox 3156 1874 3525 1931; x_wconf 85' lang='lat' dir='ltr'><strong>dominationi</strong></span> <span class='ocrx_word' id='word_1_364' title='bbox 3559 1891 3674 1931; x_wconf 92' lang='lat' dir='ltr'><strong>non</strong></span> 
     </span>
    </p>
   </div>
   <div class='ocr_carea' id='block_1_50' title="bbox 2079 1965 3674 2041">
    <p class='ocr_par' dir='ltr' id='par_1_50' title="bbox 2079 1965 3674 2041">
     <span class='ocr_line' id='line_1_50' title="bbox 2079 1965 3674 2041; baseline -0.003 -15"><span class='ocrx_word' id='word_1_365' title='bbox 2079 1968 2424 2041; x_wconf 85' lang='lat' dir='ltr'><strong>subjacebit,</strong></span> <span class='ocrx_word' id='word_1_366' title='bbox 2481 1981 2647 2037; x_wconf 84' lang='lat' dir='ltr'><strong>quam</strong></span> <span class='ocrx_word' id='word_1_367' title='bbox 2685 1966 2806 2039; x_wconf 91' lang='lat' dir='ltr'><strong>ipse</strong></span> <span class='ocrx_word' id='word_1_368' title='bbox 2860 1965 3068 2023; x_wconf 90' lang='lat' dir='ltr'><strong>alicubi</strong></span> <span class='ocrx_word' id='word_1_369' title='bbox 3118 1982 3344 2038; x_wconf 88' lang='lat' dir='ltr'><strong>quoque</strong></span> <span class='ocrx_word' id='word_1_370' title='bbox 3393 1966 3674 2037; x_wconf 79' lang='lat' dir='ltr'><strong>signiﬁcat</strong></span> 
     </span>
    </p>
   </div>
   <div class='ocr_carea' id='block_1_51' title="bbox 2079 2058 3673 2130">
    <p class='ocr_par' dir='ltr' id='par_1_51' title="bbox 2079 2058 3673 2130">
     <span class='ocr_line' id='line_1_51' title="bbox 2079 2058 3673 2130; baseline -0.001 -15"><span class='ocrx_word' id='word_1_371' title='bbox 2079 2058 2343 2116; x_wconf 83' lang='lat' dir='ltr'><strong>Salomon</strong></span> <span class='ocrx_word' id='word_1_372' title='bbox 2377 2060 2569 2117; x_wconf 90' lang='lat' dir='ltr'><strong>dicens</strong></span> <span class='ocrx_word' id='word_1_373' title='bbox 2604 2078 2617 2115; x_wconf 89' lang='lat'>:</span> <span class='ocrx_word' id='word_1_374' title='bbox 2661 2076 2681 2112; x_wconf 81' lang='grc' dir='ltr'><strong>ι</strong></span> <span class='ocrx_word' id='word_1_375' title='bbox 2722 2059 2860 2116; x_wconf 87' lang='lat' dir='ltr'><strong>Cum</strong></span> <span class='ocrx_word' id='word_1_376' title='bbox 2885 2058 3109 2130; x_wconf 86' lang='lat' dir='ltr'><strong>justitia</strong></span> <span class='ocrx_word' id='word_1_377' title='bbox 3137 2059 3289 2115; x_wconf 90' lang='lat' dir='ltr'><strong>enim</strong></span> <span class='ocrx_word' id='word_1_378' title='bbox 3322 2064 3673 2129; x_wconf 66' lang='lat' dir='ltr'><strong>praeparatur</strong></span> 
     </span>
    </p>
   </div>
   <div class='ocr_carea' id='block_1_52' title="bbox 2078 2148 3717 2223">
    <p class='ocr_par' dir='ltr' id='par_1_52' title="bbox 2078 2148 3717 2223">
     <span class='ocr_line' id='line_1_52' title="bbox 2078 2148 3717 2223; baseline -0.001 -16"><span class='ocrx_word' id='word_1_379' title='bbox 2078 2151 2281 2207; x_wconf 89' lang='lat' dir='ltr'><strong>solium</strong></span> <span class='ocrx_word' id='word_1_380' title='bbox 2319 2151 2615 2223; x_wconf 85' lang='lat' dir='ltr'><strong>potestatis</strong></span> <span class='ocrx_word' id='word_1_381' title='bbox 2646 2151 2715 2205; x_wconf 76' lang='grc'><strong>⁸³.</strong></span> <span class='ocrx_word' id='word_1_382' title='bbox 2753 2169 2773 2204; x_wconf 72' lang='grc' dir='ltr'><strong>ι</strong></span> <span class='ocrx_word' id='word_1_383' title='bbox 2810 2148 3049 2208; x_wconf 91' lang='lat' dir='ltr'><strong>Paratus</strong></span> <span class='ocrx_word' id='word_1_384' title='bbox 3081 2151 3228 2207; x_wconf 89' lang='lat' dir='ltr'><strong>enim</strong></span> <span class='ocrx_word' id='word_1_385' title='bbox 3277 2158 3363 2207; x_wconf 86' lang='lat' dir='ltr'><strong>est</strong></span> <span class='ocrx_word' id='word_1_386' title='bbox 3406 2149 3674 2221; x_wconf 72' lang='lat' dir='ltr'><strong>praeclare</strong></span> <span class='ocrx_word' id='word_1_387' title='bbox 3704 2170 3717 2187; x_wconf 60' lang='grc' dir='ltr'><strong>ε</strong></span> 
     </span>
    </p>
   </div>
   <div class='ocr_carea' id='block_1_53' title="bbox 2077 2242 3675 2314">
    <p class='ocr_par' dir='ltr' id='par_1_53' title="bbox 2077 2242 3675 2314">
     <span class='ocr_line' id='line_1_53' title="bbox 2077 2242 3675 2314; baseline -0.001 -15"><span class='ocrx_word' id='word_1_388' title='bbox 2077 2244 2145 2299; x_wconf 89' lang='lat' dir='ltr'><strong>ad</strong></span> <span class='ocrx_word' id='word_1_389' title='bbox 2170 2244 2447 2314; x_wconf 84' lang='lat' dir='ltr'><strong>justitiam</strong></span> <span class='ocrx_word' id='word_1_390' title='bbox 2472 2244 2565 2300; x_wconf 89' lang='lat' dir='ltr'><strong>ille</strong></span> <span class='ocrx_word' id='word_1_391' title='bbox 2603 2243 2841 2300; x_wconf 85' lang='lat' dir='ltr'><strong>thronus</strong></span> <span class='ocrx_word' id='word_1_392' title='bbox 2878 2242 3001 2314; x_wconf 86' lang='lat' dir='ltr'><strong>ejus</strong></span> <span class='ocrx_word' id='word_1_393' title='bbox 3034 2243 3299 2298; x_wconf 89' lang='lat' dir='ltr'><strong>nimirum</strong></span> <span class='ocrx_word' id='word_1_394' title='bbox 3328 2246 3476 2314; x_wconf 69' lang='lat' dir='ltr'><strong>quae;</strong></span> <span class='ocrx_word' id='word_1_395' title='bbox 3501 2257 3675 2312; x_wconf 84' lang='lat' dir='ltr'><strong>supra</strong></span> 
     </span>
    </p>
   </div>
   <div class='ocr_carea' id='block_1_54' title="bbox 2077 2334 3674 2407">
    <p class='ocr_par' dir='ltr' id='par_1_54' title="bbox 2077 2334 3674 2407">
     <span class='ocr_line' id='line_1_54' title="bbox 2077 2334 3674 2407; baseline 0.003 -20"><span class='ocrx_word' id='word_1_396' title='bbox 2077 2349 2271 2389; x_wconf 89' lang='lat' dir='ltr'><strong>omnes</strong></span> <span class='ocrx_word' id='word_1_397' title='bbox 2306 2342 2390 2390; x_wconf 89' lang='lat' dir='ltr'><strong>est</strong></span> <span class='ocrx_word' id='word_1_398' title='bbox 2429 2335 2747 2407; x_wconf 81' lang='lat' dir='ltr'><strong>potestatis.</strong></span> <span class='ocrx_word' id='word_1_399' title='bbox 2801 2337 2871 2391; x_wconf 85' lang='lat' dir='ltr'><strong>Et</strong></span> <span class='ocrx_word' id='word_1_400' title='bbox 2900 2334 3028 2407; x_wconf 89' lang='lat' dir='ltr'><strong>quis</strong></span> <span class='ocrx_word' id='word_1_401' title='bbox 3076 2334 3169 2391; x_wconf 91' lang='lat' dir='ltr'><strong>ille</strong></span> <span class='ocrx_word' id='word_1_402' title='bbox 3207 2334 3443 2391; x_wconf 89' lang='lat' dir='ltr'><strong>thronus</strong></span> <span class='ocrx_word' id='word_1_403' title='bbox 3478 2335 3573 2402; x_wconf 88' lang='lat' dir='ltr'><strong>sit,</strong></span> <span class='ocrx_word' id='word_1_404' title='bbox 3604 2334 3674 2391; x_wconf 90' lang='lat' dir='ltr'><strong>de</strong></span> 
     </span>
    </p>
   </div>
   <div class='ocr_carea' id='block_1_55' title="bbox 2077 2425 3672 2498">
    <p class='ocr_par' dir='ltr' id='par_1_55' title="bbox 2077 2425 3672 2498">
     <span class='ocr_line' id='line_1_55' title="bbox 2077 2425 3672 2498; baseline 0.003 -20"><span class='ocrx_word' id='word_1_405' title='bbox 2077 2442 2187 2498; x_wconf 86' lang='lat' dir='ltr'><strong>quo</strong></span> <span class='ocrx_word' id='word_1_406' title='bbox 2215 2426 2308 2482; x_wconf 89' lang='lat' dir='ltr'><strong>hic</strong></span> <span class='ocrx_word' id='word_1_407' title='bbox 2340 2425 2647 2498; x_wconf 82' lang='lat' dir='ltr'><strong>loquimur,</strong></span> <span class='ocrx_word' id='word_1_408' title='bbox 2675 2427 2803 2483; x_wconf 91' lang='lat' dir='ltr'><strong>audi</strong></span> <span class='ocrx_word' id='word_1_409' title='bbox 2829 2426 3004 2483; x_wconf 89' lang='lat' dir='ltr'><strong>Deum</strong></span> <span class='ocrx_word' id='word_1_410' title='bbox 3030 2441 3132 2498; x_wconf 89' lang='lat' dir='ltr'><strong>per</strong></span> <span class='ocrx_word' id='word_1_411' title='bbox 3150 2442 3324 2482; x_wconf 90' lang='lat' dir='ltr'><strong>unum</strong></span> <span class='ocrx_word' id='word_1_412' title='bbox 3351 2435 3672 2484; x_wconf 90' lang='lat' dir='ltr'><strong>sanctorum</strong></span> 
     </span>
    </p>
   </div>
   <div class='ocr_carea' id='block_1_56' title="bbox 2076 2516 3673 2592">
    <p class='ocr_par' dir='ltr' id='par_1_56' title="bbox 2076 2516 3673 2592">
     <span class='ocr_line' id='line_1_56' title="bbox 2076 2516 3673 2592; baseline 0.001 -18"><span class='ocrx_word' id='word_1_413' title='bbox 2076 2517 2352 2575; x_wconf 84' lang='lat' dir='ltr'><strong>dicentem</strong></span> <span class='ocrx_word' id='word_1_414' title='bbox 2402 2537 2417 2575; x_wconf 90' lang='lat'><strong>:</strong></span> <span class='ocrx_word' id='word_1_415' title='bbox 2475 2538 2493 2572; x_wconf 79' lang='grc' dir='ltr'><strong>ι</strong></span> <span class='ocrx_word' id='word_1_416' title='bbox 2527 2518 2741 2575; x_wconf 82' lang='lat' dir='ltr'><strong>Caelum</strong></span> <span class='ocrx_word' id='word_1_417' title='bbox 2789 2519 2926 2574; x_wconf 89' lang='lat' dir='ltr'><strong>mihi</strong></span> <span class='ocrx_word' id='word_1_418' title='bbox 2972 2516 3291 2587; x_wconf 29' lang='lat' dir='ltr'><strong>thro‘nus.‘_&#39;»</strong></span> <span class='ocrx_word' id='word_1_419' title='bbox 3335 2519 3525 2592; x_wconf 90' lang='lat' dir='ltr'><strong>Itaque</strong></span> <span class='ocrx_word' id='word_1_420' title='bbox 3574 2536 3673 2591; x_wconf 88' lang='lat' dir='ltr'><strong>pa-</strong></span> 
     </span>
    </p>
   </div>
   <div class='ocr_carea' id='block_1_57' title="bbox 2076 2609 3670 2681">
    <p class='ocr_par' dir='ltr' id='par_1_57' title="bbox 2076 2609 3670 2681">
     <span class='ocr_line' id='line_1_57' title="bbox 2076 2609 3670 2681; baseline 0.001 -17"><span class='ocrx_word' id='word_1_421' title='bbox 2076 2617 2259 2665; x_wconf 87' lang='lat' dir='ltr'><strong>ratum</strong></span> <span class='ocrx_word' id='word_1_422' title='bbox 2294 2617 2380 2666; x_wconf 90' lang='lat' dir='ltr'><strong>est</strong></span> <span class='ocrx_word' id='word_1_423' title='bbox 2414 2610 2483 2665; x_wconf 90' lang='lat' dir='ltr'><strong>ad</strong></span> <span class='ocrx_word' id='word_1_424' title='bbox 2514 2609 2790 2681; x_wconf 87' lang='lat' dir='ltr'><strong>justitiam</strong></span> <span class='ocrx_word' id='word_1_425' title='bbox 2818 2610 3048 2675; x_wconf 64' lang='lat' dir='ltr'><strong>caelum,</strong></span> <span class='ocrx_word' id='word_1_426' title='bbox 3081 2610 3190 2666; x_wconf 86' lang='lat' dir='ltr'><strong>hoc</strong></span> <span class='ocrx_word' id='word_1_427' title='bbox 3223 2619 3326 2677; x_wconf 91' lang='lat' dir='ltr'><strong>est,</strong></span> <span class='ocrx_word' id='word_1_428' title='bbox 3359 2612 3455 2681; x_wconf 89' lang='lat' dir='ltr'><strong>qui</strong></span> <span class='ocrx_word' id='word_1_429' title='bbox 3499 2613 3670 2667; x_wconf 73' lang='lat' dir='ltr'><strong>cmlos</strong></span> 
     </span>
    </p>
   </div>
   <div class='ocr_carea' id='block_1_58' title="bbox 2076 2700 3672 2773">
    <p class='ocr_par' dir='ltr' id='par_1_58' title="bbox 2076 2700 3672 2773">
     <span class='ocr_line' id='line_1_58' title="bbox 2076 2700 3672 2773; baseline 0.001 -18"><span class='ocrx_word' id='word_1_430' title='bbox 2076 2700 2328 2756; x_wconf 90' lang='lat' dir='ltr'><strong>incolunt</strong></span> <span class='ocrx_word' id='word_1_431' title='bbox 2378 2701 2556 2759; x_wconf 87' lang='lat' dir='ltr'><strong>sancti</strong></span> <span class='ocrx_word' id='word_1_432' title='bbox 2608 2702 2861 2773; x_wconf 89' lang='lat' dir='ltr'><strong>spiritus.</strong></span> <span class='ocrx_word' id='word_1_433' title='bbox 2933 2700 3211 2769; x_wconf 86' lang='lat' dir='ltr'><strong>Quoniam</strong></span> <span class='ocrx_word' id='word_1_434' title='bbox 3258 2717 3393 2773; x_wconf 79' lang='lat' dir='ltr'><strong>ergo</strong></span> <span class='ocrx_word' id='word_1_435' title='bbox 3441 2717 3672 2758; x_wconf 87' lang='lat' dir='ltr'><strong>necesse</strong></span> 
     </span>
    </p>
   </div>
   <div class='ocr_carea' id='block_1_59' title="bbox 2075 2792 3672 2865">
    <p class='ocr_par' dir='ltr' id='par_1_59' title="bbox 2075 2792 3672 2865">
     <span class='ocr_line' id='line_1_59' title="bbox 2075 2792 3672 2865; baseline 0.001 -16"><span class='ocrx_word' id='word_1_436' title='bbox 2075 2802 2195 2849; x_wconf 89' lang='lat' dir='ltr'><strong>erat</strong></span> <span class='ocrx_word' id='word_1_437' title='bbox 2227 2794 2480 2849; x_wconf 87' lang='lat' dir='ltr'><strong>conﬁteri</strong></span> <span class='ocrx_word' id='word_1_438' title='bbox 2515 2809 2625 2849; x_wconf 88' lang='lat' dir='ltr'><strong>una</strong></span> <span class='ocrx_word' id='word_1_439' title='bbox 2670 2809 2796 2849; x_wconf 90' lang='lat' dir='ltr'><strong>cum</strong></span> <span class='ocrx_word' id='word_1_440' title='bbox 2833 2793 2960 2849; x_wconf 87' lang='lat' dir='ltr'><strong>aliis</strong></span> <span class='ocrx_word' id='word_1_441' title='bbox 2992 2794 3285 2862; x_wconf 69' lang='lat' dir='ltr'><strong>creaturis}</strong></span> <span class='ocrx_word' id='word_1_442' title='bbox 3311 2793 3513 2865; x_wconf 88' lang='lat' dir='ltr'><strong>subjici</strong></span> <span class='ocrx_word' id='word_1_443' title='bbox 3559 2792 3672 2851; x_wconf 89' lang='lat' dir='ltr'><strong>Deo</strong></span> 
     </span>
    </p>
   </div>
   <div class='ocr_carea' id='block_1_60' title="bbox 2030 2883 3671 2957">
    <p class='ocr_par' dir='ltr' id='par_1_60' title="bbox 2030 2883 3671 2957">
     <span class='ocr_line' id='line_1_60' title="bbox 2030 2883 3671 2957; baseline 0.001 -17"><span class='ocrx_word' id='word_1_444' title='bbox 2030 2909 2041 2919; x_wconf 74' lang='grc' dir='ltr'><strong>ι</strong></span> <span class='ocrx_word' id='word_1_445' title='bbox 2076 2900 2141 2940; x_wconf 89' lang='lat' dir='ltr'><strong>ac</strong></span> <span class='ocrx_word' id='word_1_446' title='bbox 2175 2883 2326 2941; x_wconf 84' lang='lat' dir='ltr'><strong>Patri</strong></span> <span class='ocrx_word' id='word_1_447' title='bbox 2364 2884 2604 2950; x_wconf 90' lang='lat' dir='ltr'><strong>Filium,</strong></span> <span class='ocrx_word' id='word_1_448' title='bbox 2643 2895 2904 2955; x_wconf 85' lang='lat' dir='ltr'><strong>tanquam</strong></span> <span class='ocrx_word' id='word_1_449' title='bbox 2948 2885 3136 2941; x_wconf 87' lang='lat' dir='ltr'><strong>servili</strong></span> <span class='ocrx_word' id='word_1_450' title='bbox 3172 2885 3491 2942; x_wconf 90' lang='lat' dir='ltr'><strong>conditione</strong></span> <span class='ocrx_word' id='word_1_451' title='bbox 3523 2901 3671 2957; x_wconf 72' lang='lat' dir='ltr'><strong>prm-</strong></span> 
     </span>
    </p>
   </div>
   <div class='ocr_carea' id='block_1_61' title="bbox 2075 2976 3672 3048">
    <p class='ocr_par' dir='ltr' id='par_1_61' title="bbox 2075 2976 3672 3048">
     <span class='ocr_line' id='line_1_61' title="bbox 2075 2976 3672 3048; baseline 0 -16"><span class='ocrx_word' id='word_1_452' title='bbox 2075 2977 2281 3044; x_wconf 89' lang='lat' dir='ltr'><strong>ditum,</strong></span> <span class='ocrx_word' id='word_1_453' title='bbox 2326 2985 2381 3032; x_wconf 91' lang='lat' dir='ltr'><strong>et</strong></span> <span class='ocrx_word' id='word_1_454' title='bbox 2425 2976 2685 3047; x_wconf 87' lang='lat' dir='ltr'><strong>principii</strong></span> <span class='ocrx_word' id='word_1_455' title='bbox 2734 2976 2994 3047; x_wconf 86' lang='lat' dir='ltr'><strong>potestati</strong></span> <span class='ocrx_word' id='word_1_456' title='bbox 3039 2976 3146 3048; x_wconf 61' lang='lat'><strong>15</strong></span> <span class='ocrx_word' id='word_1_457' title='bbox 3176 2977 3406 3046; x_wconf 89' lang='lat' dir='ltr'><strong>perinde</strong></span> <span class='ocrx_word' id='word_1_458' title='bbox 3451 2992 3516 3032; x_wconf 89' lang='lat' dir='ltr'><strong>ac</strong></span> <span class='ocrx_word' id='word_1_459' title='bbox 3564 2978 3672 3032; x_wconf 78' lang='lat' dir='ltr'><strong>alia</strong></span> 
     </span>
    </p>
   </div>
   <div class='ocr_carea' id='block_1_62' title="bbox 2075 3067 3669 3139">
    <p class='ocr_par' dir='ltr' id='par_1_62' title="bbox 2075 3067 3669 3139">
     <span class='ocr_line' id='line_1_62' title="bbox 2075 3067 3669 3139; baseline -0.002 -13"><span class='ocrx_word' id='word_1_460' title='bbox 2075 3070 2382 3131; x_wconf 86' lang='lat' dir='ltr'><strong>subditum,</strong></span> <span class='ocrx_word' id='word_1_461' title='bbox 2410 3069 2480 3135; x_wconf 91' lang='lat' dir='ltr'><strong>si,</strong></span> <span class='ocrx_word' id='word_1_462' title='bbox 2516 3075 2577 3124; x_wconf 94' lang='lat' dir='ltr'><strong>ut</strong></span> <span class='ocrx_word' id='word_1_463' title='bbox 2606 3068 2687 3123; x_wconf 93' lang='lat' dir='ltr'><strong>illi</strong></span> <span class='ocrx_word' id='word_1_464' title='bbox 2721 3067 2935 3133; x_wconf 86' lang='lat' dir='ltr'><strong>volunt,</strong></span> <span class='ocrx_word' id='word_1_465' title='bbox 2966 3083 3094 3123; x_wconf 90' lang='lat' dir='ltr'><strong>sero</strong></span> <span class='ocrx_word' id='word_1_466' title='bbox 3128 3068 3370 3139; x_wconf 77' lang='lat' dir='ltr'><strong>genitus,</strong></span> <span class='ocrx_word' id='word_1_467' title='bbox 3390 3076 3447 3124; x_wconf 87' lang='lat' dir='ltr'><strong>et</strong></span> <span class='ocrx_word' id='word_1_468' title='bbox 3475 3083 3669 3124; x_wconf 91' lang='lat' dir='ltr'><strong>eorum</strong></span> 
     </span>
    </p>
   </div>
   <div class='ocr_carea' id='block_1_63' title="bbox 354 3162 1970 3252">
    <p class='ocr_par' dir='ltr' id='par_1_63' title="bbox 354 3164 1970 3240">
     <span class='ocr_line' id='line_1_63' title="bbox 354 3164 1970 3240; baseline 0.001 -20"><span class='ocrx_word' id='word_1_469' title='bbox 354 3167 555 3238; x_wconf 75' lang='grc' dir='ltr'>γενὴς,</span> <span class='ocrx_word' id='word_1_470' title='bbox 587 3164 813 3221; x_wconf 76' lang='grc' dir='ltr'>καὶτῶν</span> <span class='ocrx_word' id='word_1_471' title='bbox 842 3167 901 3222; x_wconf 76' lang='grc' dir='ltr'><strong>ἐν</strong></span> <span class='ocrx_word' id='word_1_472' title='bbox 926 3166 1105 3240; x_wconf 84' lang='grc' dir='ltr'>χρόνῳ</span> <span class='ocrx_word' id='word_1_473' title='bbox 1120 3166 1509 3240; x_wconf 81' lang='grc' dir='ltr'>πεποιημένων</span> <span class='ocrx_word' id='word_1_474' title='bbox 1528 3164 1629 3232; x_wconf 78' lang='grc' dir='ltr'>εἷς’</span> <span class='ocrx_word' id='word_1_475' title='bbox 1660 3168 1970 3237; x_wconf 74' lang='grc' dir='ltr'>ἀναγκαίως</span> 
     </span>
    </p>
   </div>
   <div class='ocr_carea' id='block_1_64' title="bbox 2069 3162 3670 3252">
    <p class='ocr_par' dir='ltr' id='par_1_64' title="bbox 2076 3162 3670 3236">
     <span class='ocr_line' id='line_1_64' title="bbox 2076 3162 3670 3236; baseline -0.001 -17"><span class='ocrx_word' id='word_1_476' title='bbox 2076 3165 2171 3236; x_wconf 72' lang='lat' dir='ltr'><strong>qui</strong></span> <span class='ocrx_word' id='word_1_477' title='bbox 2224 3164 2282 3219; x_wconf 90' lang='lat' dir='ltr'><strong>in</strong></span> <span class='ocrx_word' id='word_1_478' title='bbox 2331 3172 2578 3234; x_wconf 89' lang='lat' dir='ltr'><strong>tempore</strong></span> <span class='ocrx_word' id='word_1_479' title='bbox 2628 3162 2759 3219; x_wconf 84' lang='lat' dir='ltr'><strong>facti</strong></span> <span class='ocrx_word' id='word_1_480' title='bbox 2797 3170 2929 3217; x_wconf 91' lang='lat' dir='ltr'><strong>sunt</strong></span> <span class='ocrx_word' id='word_1_481' title='bbox 2985 3177 3132 3218; x_wconf 93' lang='lat' dir='ltr'><strong>unus</strong></span> <span class='ocrx_word' id='word_1_482' title='bbox 3181 3169 3265 3218; x_wconf 93' lang='lat' dir='ltr'><strong>est</strong></span> <span class='ocrx_word' id='word_1_483' title='bbox 3301 3181 3316 3218; x_wconf 90' lang='lat'><strong>:</strong></span> <span class='ocrx_word' id='word_1_484' title='bbox 3351 3162 3670 3218; x_wconf 88' lang='lat' dir='ltr'><strong>necessario</strong></span> 
     </span>
    </p>
   </div>
   <div class='ocr_carea' id='block_1_65' title="bbox 351 3260 1972 3335">
    <p class='ocr_par' dir='ltr' id='par_1_65' title="bbox 351 3260 1972 3335">
     <span class='ocr_line' id='line_1_65' title="bbox 351 3260 1972 3335; baseline 0.001 -20"><span class='ocrx_word' id='word_1_485' title='bbox 351 3263 385 3315; x_wconf 91' lang='lat'><strong>6</strong></span> <span class='ocrx_word' id='word_1_486' title='bbox 417 3261 699 3332; x_wconf 87' lang='grc' dir='ltr'>μακάριος</span> <span class='ocrx_word' id='word_1_487' title='bbox 739 3260 1142 3333; x_wconf 77' lang='grc' dir='ltr'>εὐαγγελιστὴς</span> <span class='ocrx_word' id='word_1_488' title='bbox 1189 3261 1518 3334; x_wconf 78' lang='grc' dir='ltr'>δριμύτερον</span> <span class='ocrx_word' id='word_1_489' title='bbox 1564 3264 1678 3326; x_wconf 82' lang='grc' dir='ltr'>τοῖς</span> <span class='ocrx_word' id='word_1_490' title='bbox 1735 3262 1972 3335; x_wconf 83' lang='grc' dir='ltr'>ἑτεροδι-</span> 
     </span>
    </p>
   </div>
   <div class='ocr_carea' id='block_1_66' title="bbox 351 3353 1970 3428">
    <p class='ocr_par' dir='ltr' id='par_1_66' title="bbox 351 3353 1970 3428">
     <span class='ocr_line' id='line_1_66' title="bbox 351 3353 1970 3428; baseline 0.001 -19"><span class='ocrx_word' id='word_1_491' title='bbox 351 3353 729 3409; x_wconf 62' lang='grc' dir='ltr'>δαααλοῦσιν</span> <span class='ocrx_word' id='word_1_492' title='bbox 758 3355 1023 3428; x_wconf 77' lang='grc' dir='ltr'>ὲπιπηδᾷο</span> <span class='ocrx_word' id='word_1_493' title='bbox 1079 3355 1174 3410; x_wconf 78' lang='grc' dir='ltr'>καὶ</span> <span class='ocrx_word' id='word_1_494' title='bbox 1217 3355 1465 3419; x_wconf 83' lang='grc' dir='ltr'>δουλείας</span> <span class='ocrx_word' id='word_1_495' title='bbox 1513 3356 1611 3428; x_wconf 80' lang='grc' dir='ltr'><strong>μὲν</strong></span> <span class='ocrx_word' id='word_1_496' title='bbox 1639 3354 1859 3428; x_wconf 87' lang='grc' dir='ltr'>ἀπάσης</span> <span class='ocrx_word' id='word_1_497' title='bbox 1885 3357 1970 3423; x_wconf 79' lang='grc' dir='ltr'><strong>ἐξ·</strong></span> 
     </span>
    </p>
   </div>
   <div class='ocr_carea' id='block_1_67' title="bbox 353 3447 1969 3524">
    <p class='ocr_par' dir='ltr' id='par_1_67' title="bbox 353 3447 1969 3524">
     <span class='ocr_line' id='line_1_67' title="bbox 353 3447 1969 3524; baseline 0.005 -23"><span class='ocrx_word' id='word_1_498' title='bbox 353 3447 508 3502; x_wconf 79' lang='grc' dir='ltr'>έλκει</span> <span class='ocrx_word' id='word_1_499' title='bbox 535 3447 632 3503; x_wconf 78' lang='grc' dir='ltr'>τὸν</span> <span class='ocrx_word' id='word_1_500' title='bbox 664 3447 832 3503; x_wconf 84' lang='grc' dir='ltr'>Υίόν·</span> <span class='ocrx_word' id='word_1_501' title='bbox 892 3450 961 3504; x_wconf 78' lang='grc' dir='ltr'>ὲκ</span> <span class='ocrx_word' id='word_1_502' title='bbox 1006 3449 1063 3503; x_wconf 80' lang='grc' dir='ltr'>δὲ</span> <span class='ocrx_word' id='word_1_503' title='bbox 1117 3450 1217 3522; x_wconf 82' lang='grc' dir='ltr'><strong>τῆς</strong></span> <span class='ocrx_word' id='word_1_504' title='bbox 1270 3451 1563 3524; x_wconf 72' lang='grc' dir='ltr'>ἐλευθέρας</span> <span class='ocrx_word' id='word_1_505' title='bbox 1594 3452 1689 3506; x_wconf 75' lang='grc' dir='ltr'>καὶ</span> <span class='ocrx_word' id='word_1_506' title='bbox 1747 3451 1969 3508; x_wconf 86' lang='grc' dir='ltr'>πάντων</span> 
     </span>
    </p>
   </div>
   <div class='ocr_carea' id='block_1_68' title="bbox 353 3540 1966 3623">
    <p class='ocr_par' dir='ltr' id='par_1_68' title="bbox 353 3540 1966 3623">
     <span class='ocr_line' id='line_1_68' title="bbox 353 3540 1966 3623; baseline 0.005 -31"><span class='ocrx_word' id='word_1_507' title='bbox 353 3540 644 3623; x_wconf 69' lang='grc' dir='ltr'>ἀρχούσης</span> <span class='ocrx_word' id='word_1_508' title='bbox 695 3542 888 3608; x_wconf 78' lang='grc' dir='ltr'>οὐσίας</span> <span class='ocrx_word' id='word_1_509' title='bbox 931 3543 1283 3617; x_wconf 79' lang='grc' dir='ltr'>ὲκπεφηνότα</span> <span class='ocrx_word' id='word_1_510' title='bbox 1321 3544 1580 3608; x_wconf 88' lang='grc' dir='ltr'>δεικνύει,</span> <span class='ocrx_word' id='word_1_511' title='bbox 1608 3547 1705 3600; x_wconf 77' lang='grc' dir='ltr'>καὶ</span> <span class='ocrx_word' id='word_1_512' title='bbox 1738 3548 1797 3600; x_wconf 83' lang='grc' dir='ltr'>ὲν</span> <span class='ocrx_word' id='word_1_513' title='bbox 1828 3546 1966 3619; x_wconf 80' lang='grc' dir='ltr'>αὐτῇ</span> 
     </span>
    </p>
   </div>
   <div class='ocr_carea' id='block_1_69' title="bbox 354 3632 1968 3710">
    <p class='ocr_par' dir='ltr' id='par_1_69' title="bbox 354 3632 1968 3710">
     <span class='ocr_line' id='line_1_69' title="bbox 354 3632 1968 3710; baseline 0.009 -26"><span class='ocrx_word' id='word_1_514' title='bbox 354 3632 618 3700; x_wconf 75' lang='grc' dir='ltr'>φυσικῶς</span> <span class='ocrx_word' id='word_1_515' title='bbox 640 3634 909 3707; x_wconf 84' lang='grc' dir='ltr'>ὑπάρχειν</span> <span class='ocrx_word' id='word_1_516' title='bbox 936 3636 1294 3710; x_wconf 78' lang='grc' dir='ltr'>ἰσχυρίζεται,</span> <span class='ocrx_word' id='word_1_517' title='bbox 1324 3637 1521 3709; x_wconf 84' lang='grc' dir='ltr'>λέγων·</span> <span class='ocrx_word' id='word_1_518' title='bbox 1541 3638 1647 3693; x_wconf 79' lang='grc' dir='ltr'><em>Ἑν</em></span> <span class='ocrx_word' id='word_1_519' title='bbox 1680 3638 1840 3709; x_wconf 76' lang='grc' dir='ltr'>ἀρχῇ</span> <span class='ocrx_word' id='word_1_520' title='bbox 1886 3635 1968 3709; x_wconf 79' lang='grc' dir='ltr'><strong>ἦν</strong></span> 
     </span>
    </p>
   </div>
   <div class='ocr_carea' id='block_1_70' title="bbox 356 3726 1578 3794">
    <p class='ocr_par' dir='ltr' id='par_1_70' title="bbox 356 3726 1578 3794">
     <span class='ocr_line' id='line_1_70' title="bbox 356 3726 1578 3794; baseline 0.004 -17"><span class='ocrx_word' id='word_1_521' title='bbox 356 3726 392 3777; x_wconf 84' lang='grc' dir='ltr'><em>ὁ</em></span> <span class='ocrx_word' id='word_1_522' title='bbox 424 3726 649 3794; x_wconf 76' lang='grc' dir='ltr'>Λόγος.</span> <span class='ocrx_word' id='word_1_523' title='bbox 1566 3744 1578 3756; x_wconf 89' lang='grc'><strong>·</strong></span> 
     </span>
    </p>
   </div>
   <div class='ocr_carea' id='block_1_71' title="bbox 442 3813 1967 3894">
    <p class='ocr_par' dir='ltr' id='par_1_71' title="bbox 442 3813 1967 3894">
     <span class='ocr_line' id='line_1_71' title="bbox 442 3813 1967 3894; baseline 0.007 -27"><span class='ocrx_word' id='word_1_524' title='bbox 442 3813 768 3870; x_wconf 82' lang='grc' dir='ltr'>Ἐπιπλέκει</span> <span class='ocrx_word' id='word_1_525' title='bbox 811 3816 870 3870; x_wconf 85' lang='grc' dir='ltr'>δὲ</span> <span class='ocrx_word' id='word_1_526' title='bbox 928 3816 1008 3887; x_wconf 79' lang='grc' dir='ltr'>τῷ</span> <span class='ocrx_word' id='word_1_527' title='bbox 1031 3820 1133 3887; x_wconf 81' lang='grc' dir='ltr'>τῆς</span> <span class='ocrx_word' id='word_1_528' title='bbox 1179 3821 1376 3890; x_wconf 82' lang='grc' dir='ltr'>ἀρχῆς</span> <span class='ocrx_word' id='word_1_529' title='bbox 1421 3819 1647 3893; x_wconf 85' lang='grc' dir='ltr'>ὀνόματι</span> <span class='ocrx_word' id='word_1_530' title='bbox 1677 3823 1967 3894; x_wconf 80' lang='grc' dir='ltr'>χρησίμως</span> 
     </span>
    </p>
   </div>
   <div class='ocr_carea' id='block_1_72' title="bbox 349 3900 1960 3985">
    <p class='ocr_par' dir='ltr' id='par_1_72' title="bbox 349 3900 1960 3985">
     <span class='ocr_line' id='line_1_72' title="bbox 349 3900 1960 3985; baseline 0.007 -26"><span class='ocrx_word' id='word_1_531' title='bbox 349 3905 417 3960; x_wconf 78' lang='grc' dir='ltr'>τὸ</span> <span class='ocrx_word' id='word_1_532' title='bbox 448 3900 552 3976; x_wconf 81' lang='grc' dir='ltr'><strong>ἦν,</strong></span> <span class='ocrx_word' id='word_1_533' title='bbox 584 3906 674 3961; x_wconf 77' lang='grc' dir='ltr'><strong>ἵνα</strong></span> <span class='ocrx_word' id='word_1_534' title='bbox 703 3907 779 3980; x_wconf 82' lang='grc' dir='ltr'>μὴ</span> <span class='ocrx_word' id='word_1_535' title='bbox 809 3908 975 3979; x_wconf 91' lang='grc' dir='ltr'>μόνον</span> <span class='ocrx_word' id='word_1_536' title='bbox 1003 3909 1256 3985; x_wconf 82' lang='grc' dir='ltr'>εὐκλεὴς,</span> <span class='ocrx_word' id='word_1_537' title='bbox 1295 3913 1432 3968; x_wconf 87' lang='grc' dir='ltr'><strong>ἀλλά</strong></span> <span class='ocrx_word' id='word_1_538' title='bbox 1471 3913 1662 3984; x_wconf 80' lang='grc' dir='ltr'>νοῆται</span> <span class='ocrx_word' id='word_1_539' title='bbox 1711 3916 1805 3969; x_wconf 75' lang='grc' dir='ltr'>καὶ</span> <span class='ocrx_word' id='word_1_540' title='bbox 1832 3933 1960 3985; x_wconf 84' lang='grc' dir='ltr'>προ-</span> 
     </span>
    </p>
   </div>
   <div class='ocr_carea' id='block_1_73' title="bbox 349 3995 1962 4076">
    <p class='ocr_par' dir='ltr' id='par_1_73' title="bbox 349 3995 1962 4076">
     <span class='ocr_line' id='line_1_73' title="bbox 349 3995 1962 4076; baseline 0.007 -26"><span class='ocrx_word' id='word_1_541' title='bbox 349 3995 577 4063; x_wconf 84' lang='grc' dir='ltr'>αιώνιος</span> <span class='ocrx_word' id='word_1_542' title='bbox 602 4013 618 4029; x_wconf 76' lang='grc'><strong><em>³</em></strong></span> <span class='ocrx_word' id='word_1_543' title='bbox 639 3998 879 4054; x_wconf 87' lang='grc' dir='ltr'>τέθειται</span> <span class='ocrx_word' id='word_1_544' title='bbox 904 3999 1015 4073; x_wconf 91' lang='grc' dir='ltr'><strong>γάρ</strong></span> <span class='ocrx_word' id='word_1_545' title='bbox 1067 4003 1126 4057; x_wconf 82' lang='grc' dir='ltr'>ὲν</span> <span class='ocrx_word' id='word_1_546' title='bbox 1148 4003 1362 4069; x_wconf 88' lang='grc' dir='ltr'>τούτοις</span> <span class='ocrx_word' id='word_1_547' title='bbox 1401 4004 1462 4059; x_wconf 81' lang='grc' dir='ltr'>τὸ</span> <span class='ocrx_word' id='word_1_548' title='bbox 1486 4000 1587 4075; x_wconf 83' lang='grc' dir='ltr'><strong>ἦν,</strong></span> <span class='ocrx_word' id='word_1_549' title='bbox 1623 4007 1703 4070; x_wconf 87' lang='grc' dir='ltr'><strong>είς</strong></span> <span class='ocrx_word' id='word_1_550' title='bbox 1738 4005 1962 4076; x_wconf 86' lang='grc' dir='ltr'>βαθεῖάν</span> 
     </span>
    </p>
   </div>
   <div class='ocr_carea' id='block_1_74' title="bbox 346 4088 1965 4169">
    <p class='ocr_par' dir='ltr' id='par_1_74' title="bbox 346 4088 1965 4169">
     <span class='ocr_line' id='line_1_74' title="bbox 346 4088 1965 4169; baseline 0.007 -29"><span class='ocrx_word' id='word_1_551' title='bbox 346 4105 503 4150; x_wconf 87' lang='grc' dir='ltr'>τινα,</span> <span class='ocrx_word' id='word_1_552' title='bbox 538 4088 636 4142; x_wconf 70' lang='grc' dir='ltr'>καὶ</span> <span class='ocrx_word' id='word_1_553' title='bbox 666 4088 1077 4162; x_wconf 78' lang='grc' dir='ltr'>ἀκατάληπτον,</span> <span class='ocrx_word' id='word_1_554' title='bbox 1108 4094 1203 4148; x_wconf 75' lang='grc' dir='ltr'>καὶ</span> <span class='ocrx_word' id='word_1_555' title='bbox 1228 4094 1329 4166; x_wconf 84' lang='grc' dir='ltr'><strong>τὴν</strong></span> <span class='ocrx_word' id='word_1_556' title='bbox 1359 4094 1465 4160; x_wconf 77' lang='grc' dir='ltr'><strong>ἔξω</strong></span> <span class='ocrx_word' id='word_1_557' title='bbox 1491 4096 1700 4167; x_wconf 87' lang='grc' dir='ltr'>χρόνων</span> <span class='ocrx_word' id='word_1_558' title='bbox 1725 4096 1965 4169; x_wconf 75' lang='grc' dir='ltr'>ἄρρητον</span> 
     </span>
    </p>
   </div>
   <div class='ocr_carea' id='block_1_75' title="bbox 348 4178 1966 4261">
    <p class='ocr_par' dir='ltr' id='par_1_75' title="bbox 348 4178 1966 4261">
     <span class='ocr_line' id='line_1_75' title="bbox 348 4178 1966 4261; baseline 0.008 -29"><span class='ocrx_word' id='word_1_559' title='bbox 348 4178 618 4251; x_wconf 80' lang='grc' dir='ltr'>γέννησιν</span> <span class='ocrx_word' id='word_1_560' title='bbox 640 4181 921 4236; x_wconf 86' lang='grc' dir='ltr'>ἀνατεῖνον</span> <span class='ocrx_word' id='word_1_561' title='bbox 982 4182 1077 4237; x_wconf 83' lang='grc' dir='ltr'><strong>τοῦ</strong></span> <span class='ocrx_word' id='word_1_562' title='bbox 1128 4185 1463 4258; x_wconf 83' lang='grc' dir='ltr'>θεωροῦντος</span> <span class='ocrx_word' id='word_1_563' title='bbox 1494 4187 1594 4261; x_wconf 79' lang='grc' dir='ltr'><strong>τὴν</strong></span> <span class='ocrx_word' id='word_1_564' title='bbox 1632 4188 1861 4245; x_wconf 79' lang='grc' dir='ltr'>ἔννοιαν.</span> <span class='ocrx_word' id='word_1_565' title='bbox 1893 4189 1966 4244; x_wconf 84' lang='grc' dir='ltr'><strong>Τὸ</strong></span> 
     </span>
    </p>
   </div>
   <div class='ocr_carea' id='block_1_76' title="bbox 347 4267 1962 4356">
    <p class='ocr_par' dir='ltr' id='par_1_76' title="bbox 347 4267 1962 4356">
     <span class='ocr_line' id='line_1_76' title="bbox 347 4267 1962 4356; baseline 0.009 -32"><span class='ocrx_word' id='word_1_566' title='bbox 347 4272 466 4342; x_wconf 85' lang='grc' dir='ltr'><strong>γὰρ</strong></span> <span class='ocrx_word' id='word_1_567' title='bbox 499 4267 600 4343; x_wconf 84' lang='grc' dir='ltr'><strong>ἦν,</strong></span> <span class='ocrx_word' id='word_1_568' title='bbox 627 4272 956 4344; x_wconf 84' lang='grc' dir='ltr'>ἀδιορίστως</span> <span class='ocrx_word' id='word_1_569' title='bbox 982 4276 1321 4350; x_wconf 80' lang='grc' dir='ltr'>ὲκφωνηθὲν,</span> <span class='ocrx_word' id='word_1_570' title='bbox 1349 4283 1430 4347; x_wconf 84' lang='grc' dir='ltr'><strong>είς</strong></span> <span class='ocrx_word' id='word_1_571' title='bbox 1461 4284 1614 4338; x_wconf 81' lang='grc' dir='ltr'>ποῖον</span> <span class='ocrx_word' id='word_1_572' title='bbox 1635 4285 1770 4356; x_wconf 81' lang='grc' dir='ltr'>ἡμῖν</span> <span class='ocrx_word' id='word_1_573' title='bbox 1790 4301 1962 4339; x_wconf 89' lang='grc' dir='ltr'>κατα-</span> 
     </span>
    </p>
   </div>
   <div class='ocr_carea' id='block_1_77' title="bbox 347 4364 1962 4439">
    <p class='ocr_par' dir='ltr' id='par_1_77' title="bbox 347 4364 1962 4439">
     <span class='ocr_line' id='line_1_77' title="bbox 347 4364 1962 4439; baseline 0.007 -22"><span class='ocrx_word' id='word_1_574' title='bbox 347 4364 510 4436; x_wconf 82' lang='grc' dir='ltr'>λήξει</span> <span class='ocrx_word' id='word_1_575' title='bbox 592 4365 783 4428; x_wconf 87' lang='grc' dir='ltr'>τόπον,</span> <span class='ocrx_word' id='word_1_576' title='bbox 828 4366 915 4420; x_wconf 80' lang='grc' dir='ltr'>άεὶ</span> <span class='ocrx_word' id='word_1_577' title='bbox 968 4368 1324 4439; x_wconf 87' lang='grc' dir='ltr'>προελαύνειν</span> <span class='ocrx_word' id='word_1_578' title='bbox 1378 4373 1473 4427; x_wconf 80' lang='grc' dir='ltr'><strong>τοῦ</strong></span> <span class='ocrx_word' id='word_1_579' title='bbox 1519 4371 1807 4439; x_wconf 84' lang='grc' dir='ltr'>διώκοντος</span> <span class='ocrx_word' id='word_1_580' title='bbox 1867 4374 1962 4429; x_wconf 82' lang='grc' dir='ltr'><strong>νοῦ</strong></span> 
     </span>
    </p>
   </div>
   <div class='ocr_carea' id='block_1_78' title="bbox 348 4454 1967 4537">
    <p class='ocr_par' dir='ltr' id='par_1_78' title="bbox 348 4454 1967 4537">
     <span class='ocr_line' id='line_1_78' title="bbox 348 4454 1967 4537; baseline 0.007 -28"><span class='ocrx_word' id='word_1_581' title='bbox 348 4454 631 4525; x_wconf 76' lang='grc' dir='ltr'>πεφυκὸς,</span> <span class='ocrx_word' id='word_1_582' title='bbox 671 4458 767 4510; x_wconf 76' lang='grc' dir='ltr'>καὶ</span> <span class='ocrx_word' id='word_1_583' title='bbox 793 4459 860 4527; x_wconf 74' lang='grc' dir='ltr'><strong>ἢν</strong></span> <span class='ocrx_word' id='word_1_584' title='bbox 889 4457 1071 4529; x_wconf 78' lang='grc' dir='ltr'>οἴηταί</span> <span class='ocrx_word' id='word_1_585' title='bbox 1089 4479 1172 4526; x_wconf 88' lang='grc' dir='ltr'><strong>τις</strong></span> <span class='ocrx_word' id='word_1_586' title='bbox 1202 4462 1346 4534; x_wconf 81' lang='grc' dir='ltr'>ἔχειν</span> <span class='ocrx_word' id='word_1_587' title='bbox 1372 4464 1537 4520; x_wconf 81' lang='grc' dir='ltr'>αὐτοῦ</span> <span class='ocrx_word' id='word_1_588' title='bbox 1556 4467 1656 4537; x_wconf 79' lang='grc' dir='ltr'>τὴν</span> <span class='ocrx_word' id='word_1_589' title='bbox 1674 4467 1967 4521; x_wconf 85' lang='grc' dir='ltr'>κατάπαυ-</span> 
     </span>
    </p>
   </div>
   <div class='ocr_carea' id='block_1_79' title="bbox 348 4549 1952 4631">
    <p class='ocr_par' dir='ltr' id='par_1_79' title="bbox 348 4549 1952 4631">
     <span class='ocr_line' id='line_1_79' title="bbox 348 4549 1952 4631; baseline 0.007 -28"><span class='ocrx_word' id='word_1_590' title='bbox 348 4567 463 4615; x_wconf 85' lang='grc' dir='ltr'>σιν,</span> <span class='ocrx_word' id='word_1_591' title='bbox 491 4549 703 4620; x_wconf 87' lang='grc' dir='ltr'>ταύτην</span> <span class='ocrx_word' id='word_1_592' title='bbox 722 4550 819 4605; x_wconf 78' lang='grc' dir='ltr'>τοῦ</span> <span class='ocrx_word' id='word_1_593' title='bbox 844 4551 1104 4607; x_wconf 80' lang='grc' dir='ltr'>ἐπέκεινα</span> <span class='ocrx_word' id='word_1_594' title='bbox 1133 4555 1335 4628; x_wconf 90' lang='grc' dir='ltr'>δρόμου</span> <span class='ocrx_word' id='word_1_595' title='bbox 1376 4557 1702 4628; x_wconf 86' lang='grc' dir='ltr'>ποιούμενον</span> <span class='ocrx_word' id='word_1_596' title='bbox 1736 4561 1914 4631; x_wconf 84' lang='grc' dir='ltr'>ἀρχήν</span> <span class='ocrx_word' id='word_1_597' title='bbox 1938 4579 1952 4626; x_wconf 89' lang='lat'><strong>;</strong></span> 
     </span>
    </p>
   </div>
   <div class='ocr_carea' id='block_1_80' title="bbox 352 4638 1958 4721">
    <p class='ocr_par' dir='ltr' id='par_1_80' title="bbox 352 4638 1958 4721">
     <span class='ocr_line' id='line_1_80' title="bbox 352 4638 1958 4721; baseline 0.007 -25"><span class='ocrx_word' id='word_1_598' title='bbox 352 4663 374 4697; x_wconf 75' lang='grc' dir='ltr'>ι</span> <span class='ocrx_word' id='word_1_599' title='bbox 415 4639 528 4698; x_wconf 89' lang='grc' dir='ltr'><strong>Ἦν</strong></span> <span class='ocrx_word' id='word_1_600' title='bbox 582 4638 678 4698; x_wconf 80' lang='grc' dir='ltr'><strong>οὖν</strong></span> <span class='ocrx_word' id='word_1_601' title='bbox 722 4645 752 4698; x_wconf 90' lang='lat'><strong>6</strong></span> <span class='ocrx_word' id='word_1_602' title='bbox 807 4644 981 4714; x_wconf 85' lang='grc' dir='ltr'>Λόγος</span> <span class='ocrx_word' id='word_1_603' title='bbox 1011 4647 1070 4700; x_wconf 82' lang='grc' dir='ltr'>έν</span> <span class='ocrx_word' id='word_1_604' title='bbox 1102 4648 1275 4721; x_wconf 78' lang='grc' dir='ltr'>ἀρχῇ,</span> <span class='ocrx_word' id='word_1_605' title='bbox 1309 4669 1330 4703; x_wconf 72' lang='grc' dir='ltr'><strong>ι</strong></span> <span class='ocrx_word' id='word_1_606' title='bbox 1360 4651 1506 4705; x_wconf 78' lang='grc' dir='ltr'>τοῦτ’</span> <span class='ocrx_word' id='word_1_607' title='bbox 1558 4651 1727 4718; x_wconf 78' lang='grc' dir='ltr'>ἔστιν,</span> <span class='ocrx_word' id='word_1_608' title='bbox 1766 4653 1844 4718; x_wconf 83' lang='grc' dir='ltr'>ὡς</span> <span class='ocrx_word' id='word_1_609' title='bbox 1898 4656 1958 4709; x_wconf 86' lang='grc' dir='ltr'>ὲν</span> 
     </span>
    </p>
   </div>
   <div class='ocr_carea' id='block_1_81' title="bbox 344 4737 1953 4817">
    <p class='ocr_par' dir='ltr' id='par_1_81' title="bbox 344 4737 1953 4817">
     <span class='ocr_line' id='line_1_81' title="bbox 344 4737 1953 4817; baseline 0.007 -26"><span class='ocrx_word' id='word_1_610' title='bbox 344 4738 502 4808; x_wconf 84' lang='grc' dir='ltr'>ἀρχῇ</span> <span class='ocrx_word' id='word_1_611' title='bbox 535 4739 601 4809; x_wconf 78' lang='grc' dir='ltr'><strong>τῇ</strong></span> <span class='ocrx_word' id='word_1_612' title='bbox 628 4737 725 4791; x_wconf 77' lang='grc' dir='ltr'><strong>ἐπὶ</strong></span> <span class='ocrx_word' id='word_1_613' title='bbox 753 4737 956 4805; x_wconf 88' lang='grc' dir='ltr'>πάντα,</span> <span class='ocrx_word' id='word_1_614' title='bbox 984 4740 1081 4794; x_wconf 75' lang='grc' dir='ltr'>καὶ</span> <span class='ocrx_word' id='word_1_615' title='bbox 1109 4740 1170 4807; x_wconf 77' lang='grc' dir='ltr'>ἐξ</span> <span class='ocrx_word' id='word_1_616' title='bbox 1213 4743 1385 4814; x_wconf 81' lang='grc' dir='ltr'>αὐτῆς</span> <span class='ocrx_word' id='word_1_617' title='bbox 1412 4744 1677 4817; x_wconf 83' lang='grc' dir='ltr'>ὑπάρχων</span> <span class='ocrx_word' id='word_1_618' title='bbox 1707 4746 1953 4816; x_wconf 81' lang='grc' dir='ltr'>φυσικῶς</span> 
     </span>
    </p>
   </div>
   <div class='ocr_carea' id='block_1_82' title="bbox 341 4828 1956 4912">
    <p class='ocr_par' dir='ltr' id='par_1_82' title="bbox 341 4828 1956 4912">
     <span class='ocr_line' id='line_1_82' title="bbox 341 4828 1956 4912; baseline 0.005 -28"><span class='ocrx_word' id='word_1_619' title='bbox 341 4831 411 4884; x_wconf 78' lang='grc' dir='ltr'>τὸ</span> <span class='ocrx_word' id='word_1_620' title='bbox 437 4829 766 4885; x_wconf 76' lang='grc' dir='ltr'>δεσποτικὸν</span> <span class='ocrx_word' id='word_1_621' title='bbox 794 4828 937 4901; x_wconf 79' lang='grc' dir='ltr'>ἔχων</span> <span class='ocrx_word' id='word_1_622' title='bbox 973 4830 1215 4905; x_wconf 77' lang='grc' dir='ltr'>ἀξίωμα.</span> <span class='ocrx_word' id='word_1_623' title='bbox 1244 4835 1309 4889; x_wconf 74' lang='lat' dir='ltr'><strong>Et</strong></span> <span class='ocrx_word' id='word_1_624' title='bbox 1326 4835 1383 4889; x_wconf 80' lang='grc' dir='ltr'>δὲ</span> <span class='ocrx_word' id='word_1_625' title='bbox 1407 4835 1567 4891; x_wconf 80' lang='grc' dir='ltr'>τοῦτο</span> <span class='ocrx_word' id='word_1_626' title='bbox 1595 4838 1814 4912; x_wconf 82' lang='grc' dir='ltr'>ἀληθὲς,</span> <span class='ocrx_word' id='word_1_627' title='bbox 1839 4839 1956 4904; x_wconf 81' lang='grc' dir='ltr'><strong>πῶς</strong></span> 
     </span>
    </p>
   </div>
   <div class='ocr_carea' id='block_1_83' title="bbox 343 4921 1952 5001">
    <p class='ocr_par' dir='ltr' id='par_1_83' title="bbox 343 4921 1952 5001">
     <span class='ocr_line' id='line_1_83' title="bbox 343 4921 1952 5001; baseline 0.006 -25"><span class='ocrx_word' id='word_1_628' title='bbox 343 4923 433 4976; x_wconf 79' lang='grc' dir='ltr'>ἔτι</span> <span class='ocrx_word' id='word_1_629' title='bbox 488 4921 743 4995; x_wconf 80' lang='grc' dir='ltr'>γενητὸς,</span> <span class='ocrx_word' id='word_1_630' title='bbox 778 4923 813 4996; x_wconf 77' lang='grc' dir='ltr'><strong>ἢ</strong></span> <span class='ocrx_word' id='word_1_631' title='bbox 849 4925 1252 4997; x_wconf 72' lang='grc' dir='ltr'>πεποιημένοςς</span> <span class='ocrx_word' id='word_1_632' title='bbox 1292 4928 1467 4983; x_wconf 86' lang='grc' dir='ltr'>Ὅπου</span> <span class='ocrx_word' id='word_1_633' title='bbox 1502 4931 1558 4984; x_wconf 77' lang='grc' dir='ltr'>δὲ</span> <span class='ocrx_word' id='word_1_634' title='bbox 1599 4931 1734 4996; x_wconf 83' lang='grc' dir='ltr'>ὅλως</span> <span class='ocrx_word' id='word_1_635' title='bbox 1762 4932 1823 4985; x_wconf 79' lang='grc' dir='ltr'>τὸ</span> <span class='ocrx_word' id='word_1_636' title='bbox 1851 4932 1952 5001; x_wconf 79' lang='grc' dir='ltr'><strong>ἦν,</strong></span> 
     </span>
    </p>
   </div>
   <div class='ocr_carea' id='block_1_84' title="bbox 342 5013 1959 5097">
    <p class='ocr_par' dir='ltr' id='par_1_84' title="bbox 342 5013 1959 5097">
     <span class='ocr_line' id='line_1_84' title="bbox 342 5013 1959 5097; baseline 0.007 -30"><span class='ocrx_word' id='word_1_637' title='bbox 342 5014 500 5068; x_wconf 82' lang='grc' dir='ltr'>κατὰ</span> <span class='ocrx_word' id='word_1_638' title='bbox 521 5013 648 5068; x_wconf 86' lang='grc' dir='ltr'>τίνα</span> <span class='ocrx_word' id='word_1_639' title='bbox 675 5014 880 5087; x_wconf 86' lang='grc' dir='ltr'>τρόπον</span> <span class='ocrx_word' id='word_1_640' title='bbox 922 5017 986 5071; x_wconf 80' lang='grc' dir='ltr'>τὸ</span> <span class='ocrx_word' id='word_1_641' title='bbox 1045 5020 1165 5073; x_wconf 84' lang='grc' dir='ltr'>οὐκ</span> <span class='ocrx_word' id='word_1_642' title='bbox 1220 5015 1297 5090; x_wconf 79' lang='grc' dir='ltr'><em>ἦν</em></span> <span class='ocrx_word' id='word_1_643' title='bbox 1340 5022 1693 5096; x_wconf 75' lang='grc' dir='ltr'>είσὸήσεταις</span> <span class='ocrx_word' id='word_1_644' title='bbox 1733 5024 1765 5097; x_wconf 81' lang='grc' dir='ltr'>ἣ</span> <span class='ocrx_word' id='word_1_645' title='bbox 1803 5027 1959 5078; x_wconf 80' lang='grc' dir='ltr'>ποῖον</span> 
     </span>
    </p>
   </div>
   <div class='ocr_carea' id='block_1_85' title="bbox 347 5104 1486 5181">
    <p class='ocr_par' dir='ltr' id='par_1_85' title="bbox 347 5104 1486 5181">
     <span class='ocr_line' id='line_1_85' title="bbox 347 5104 1486 5181; baseline 0.009 -22"><span class='ocrx_word' id='word_1_646' title='bbox 347 5104 470 5170; x_wconf 70' lang='grc' dir='ltr'>ἕξει</span> <span class='ocrx_word' id='word_1_647' title='bbox 494 5105 687 5162; x_wconf 82' lang='grc' dir='ltr'>λοιπὸν</span> <span class='ocrx_word' id='word_1_648' title='bbox 712 5105 806 5162; x_wconf 78' lang='grc' dir='ltr'><strong>τὸν</strong></span> <span class='ocrx_word' id='word_1_649' title='bbox 835 5109 977 5164; x_wconf 81' lang='grc' dir='ltr'>κατὰ</span> <span class='ocrx_word' id='word_1_650' title='bbox 1002 5110 1098 5165; x_wconf 83' lang='grc' dir='ltr'>τοῦ</span> <span class='ocrx_word' id='word_1_651' title='bbox 1126 5111 1258 5166; x_wconf 87' lang='grc' dir='ltr'><strong>Υίοῦ</strong></span> <span class='ocrx_word' id='word_1_652' title='bbox 1293 5115 1486 5181; x_wconf 87' lang='grc' dir='ltr'>τόπον;</span> 
     </span>
    </p>
   </div>
   <div class='ocr_carea' id='block_1_86' title="bbox 964 5401 1341 5457">
    <p class='ocr_par' dir='ltr' id='par_1_86' title="bbox 964 5401 1341 5457">
     <span class='ocr_line' id='line_1_86' title="bbox 964 5401 1341 5457; baseline 0.008 -3"><span class='ocrx_word' id='word_1_653' title='bbox 964 5401 1219 5457; x_wconf 77' lang='grc' dir='ltr'><strong>ΚΕΦΑΛ.</strong></span> <span class='ocrx_word' id='word_1_654' title='bbox 1262 5403 1341 5457; x_wconf 91' lang='grc' dir='ltr'><strong>Β’.</strong></span> 
     </span>
    </p>
   </div>
   <div class='ocr_carea' id='block_1_87' title="bbox 340 5486 1956 5572">
    <p class='ocr_par' dir='ltr' id='par_1_87' title="bbox 340 5486 1956 5572">
     <span class='ocr_line' id='line_1_87' title="bbox 340 5486 1956 5572; baseline 0.009 -28"><span class='ocrx_word' id='word_1_655' title='bbox 340 5488 610 5572; x_wconf 33' lang='grc' dir='ltr'>Ὀτιιῖςςιὶ</span> <span class='ocrx_word' id='word_1_656' title='bbox 648 5486 1280 5572; x_wconf 46' lang='grc' dir='ltr'>εξεὸς-καίόμρούσιος</span> <span class='ocrx_word' id='word_1_657' title='bbox 1309 5491 1391 5572; x_wconf 72' lang='grc' dir='ltr'>τῷ</span> <span class='ocrx_word' id='word_1_658' title='bbox 1443 5498 1956 5572; x_wconf 30' lang='grc' dir='ltr'>Πατρὶ-ὐπὰρχων</span> 
     </span>
    </p>
   </div>
   <div class='ocr_carea' id='block_1_88' title="bbox 413 5558 1952 5697">
    <p class='ocr_par' dir='ltr' id='par_1_88' title="bbox 413 5558 1952 5697">
     <span class='ocr_line' id='line_1_88' title="bbox 413 5558 1952 5697; baseline 0.01 -86"><span class='ocrx_word' id='word_1_659' title='bbox 413 5562 454 5682; x_wconf 57' lang='grc' dir='ltr'>ἓ</span> <span class='ocrx_word' id='word_1_660' title='bbox 772 5560 894 5629; x_wconf 71' lang='grc' dir='ltr'>ἰδίᾳ</span> <span class='ocrx_word' id='word_1_661' title='bbox 915 5558 1092 5618; x_wconf 67' lang='grc' dir='ltr'>ἐστίν</span> <span class='ocrx_word' id='word_1_662' title='bbox 1113 5558 1476 5634; x_wconf 68' lang='grc' dir='ltr'>ὐποὰτὰονει,</span> <span class='ocrx_word' id='word_1_663' title='bbox 1511 5558 1729 5639; x_wconf 64' lang='grc' dir='ltr'>όῂοίως</span> <span class='ocrx_word' id='word_1_664' title='bbox 1765 5558 1952 5627; x_wconf 47' lang='lat' dir='ltr'><strong>dgna!</strong></span> 
     </span>
    </p>
   </div>
   <div class='ocr_carea' id='block_1_89' title="bbox 651 5718 1665 5797">
    <p class='ocr_par' dir='ltr' id='par_1_89' title="bbox 651 5718 1665 5797">
     <span class='ocr_line' id='line_1_89' title="bbox 651 5718 1665 5797; baseline 0.014 -25"><span class='ocrx_word' id='word_1_665' title='bbox 651 5718 760 5773; x_wconf 76' lang='grc' dir='ltr'><strong>Καὶ</strong></span> <span class='ocrx_word' id='word_1_666' title='bbox 791 5723 823 5774; x_wconf 86' lang='grc' dir='ltr'><strong>ό</strong></span> <span class='ocrx_word' id='word_1_667' title='bbox 851 5722 1042 5793; x_wconf 77' lang='grc' dir='ltr'>Λόγος</span> <span class='ocrx_word' id='word_1_668' title='bbox 1065 5719 1142 5797; x_wconf 81' lang='grc' dir='ltr'><strong>ἦν</strong></span> <span class='ocrx_word' id='word_1_669' title='bbox 1178 5727 1331 5796; x_wconf 82' lang='grc' dir='ltr'>πρὸς</span> <span class='ocrx_word' id='word_1_670' title='bbox 1362 5729 1467 5784; x_wconf 77' lang='grc' dir='ltr'><strong>τὸν</strong></span> <span class='ocrx_word' id='word_1_671' title='bbox 1498 5732 1665 5785; x_wconf 72' lang='grc' dir='ltr'><strong>Θεόν.</strong></span> 
     </span>
    </p>
   </div>
   <div class='ocr_carea' id='block_1_90' title="bbox 413 5808 1949 5895">
    <p class='ocr_par' dir='ltr' id='par_1_90' title="bbox 413 5808 1949 5895">
     <span class='ocr_line' id='line_1_90' title="bbox 413 5808 1949 5895; baseline 0.007 -28"><span class='ocrx_word' id='word_1_672' title='bbox 413 5809 636 5867; x_wconf 74' lang='grc' dir='ltr'>Ἐωλον</span> <span class='ocrx_word' id='word_1_673' title='bbox 685 5808 788 5882; x_wconf 74' lang='grc' dir='ltr'>ήδη</span> <span class='ocrx_word' id='word_1_674' title='bbox 839 5813 934 5867; x_wconf 71' lang='grc' dir='ltr'><strong>καὶ</strong></span> <span class='ocrx_word' id='word_1_675' title='bbox 990 5815 1088 5886; x_wconf 85' lang='grc' dir='ltr'>τῆς</span> <span class='ocrx_word' id='word_1_676' title='bbox 1141 5817 1400 5891; x_wconf 85' lang='grc' dir='ltr'>ἀληθείας</span> <span class='ocrx_word' id='word_1_677' title='bbox 1456 5820 1949 5895; x_wconf 61' lang='grc' dir='ltr'>ἁποσφαλλομένην</span> 
     </span>
    </p>
   </div>
   <div class='ocr_carea' id='block_1_91' title="bbox 420 5944 930 6013">
    <p class='ocr_par' dir='ltr' id='par_1_91' title="bbox 420 5944 930 6013">
     <span class='ocr_line' id='line_1_91' title="bbox 420 5944 930 6013; baseline 0.004 -12"><span class='ocrx_word' id='word_1_678' title='bbox 420 5945 468 5979; x_wconf 72' lang='grc' dir='ltr'>’ί</span> <span class='ocrx_word' id='word_1_679' title='bbox 501 5944 671 6001; x_wconf 83' lang='lat' dir='ltr'><strong>Prov.</strong></span> <span class='ocrx_word' id='word_1_680' title='bbox 699 5960 810 6013; x_wconf 67' lang='lat' dir='ltr'><strong>xvi,</strong></span> <span class='ocrx_word' id='word_1_681' title='bbox 844 5946 930 6003; x_wconf 76' lang='lat' dir='ltr'><strong>l2.</strong></span> 
     </span>
    </p>
   </div>
   <div class='ocr_carea' id='block_1_92' title="bbox 2075 3251 3669 3325">
    <p class='ocr_par' dir='ltr' id='par_1_92' title="bbox 2075 3251 3669 3325">
     <span class='ocr_line' id='line_1_92' title="bbox 2075 3251 3669 3325; baseline -0.001 -14"><span class='ocrx_word' id='word_1_682' title='bbox 2075 3256 2270 3311; x_wconf 90' lang='lat' dir='ltr'><strong>beatus</strong></span> <span class='ocrx_word' id='word_1_683' title='bbox 2310 3253 2654 3325; x_wconf 81' lang='lat' dir='ltr'><strong>evangelista</strong></span> <span class='ocrx_word' id='word_1_684' title='bbox 2682 3252 2868 3308; x_wconf 87' lang='lat' dir='ltr'><strong>acrius</strong></span> <span class='ocrx_word' id='word_1_685' title='bbox 2898 3252 3129 3308; x_wconf 89' lang='lat' dir='ltr'><strong>insultat</strong></span> <span class='ocrx_word' id='word_1_686' title='bbox 3169 3252 3467 3318; x_wconf 86' lang='lat' dir='ltr'><strong>haereticis,</strong></span> <span class='ocrx_word' id='word_1_687' title='bbox 3496 3262 3553 3309; x_wconf 89' lang='lat' dir='ltr'><strong>et</strong></span> <span class='ocrx_word' id='word_1_688' title='bbox 3599 3251 3669 3309; x_wconf 90' lang='lat' dir='ltr'><strong>ab</strong></span> 
     </span>
    </p>
   </div>
   <div class='ocr_carea' id='block_1_93' title="bbox 2072 3341 3667 3416">
    <p class='ocr_par' dir='ltr' id='par_1_93' title="bbox 2072 3341 3667 3416">
     <span class='ocr_line' id='line_1_93' title="bbox 2072 3341 3667 3416; baseline -0.003 -15"><span class='ocrx_word' id='word_1_689' title='bbox 2072 3345 2224 3401; x_wconf 91' lang='lat' dir='ltr'><strong>omni</strong></span> <span class='ocrx_word' id='word_1_690' title='bbox 2255 3344 2482 3416; x_wconf 88' lang='lat' dir='ltr'><strong>quidem</strong></span> <span class='ocrx_word' id='word_1_691' title='bbox 2516 3342 2785 3399; x_wconf 85' lang='lat' dir='ltr'><strong>servitute</strong></span> <span class='ocrx_word' id='word_1_692' title='bbox 2811 3341 3013 3397; x_wconf 82' lang='lat' dir='ltr'><strong>Filium</strong></span> <span class='ocrx_word' id='word_1_693' title='bbox 3047 3342 3315 3412; x_wconf 88' lang='lat' dir='ltr'><strong>vindicat,</strong></span> <span class='ocrx_word' id='word_1_694' title='bbox 3352 3351 3407 3399; x_wconf 89' lang='lat' dir='ltr'><strong>et</strong></span> <span class='ocrx_word' id='word_1_695' title='bbox 3441 3343 3510 3398; x_wconf 84' lang='lat' dir='ltr'><strong>ab</strong></span> <span class='ocrx_word' id='word_1_696' title='bbox 3544 3357 3667 3397; x_wconf 87' lang='lat' dir='ltr'><strong>om-</strong></span> 
     </span>
    </p>
   </div>
   <div class='ocr_carea' id='block_1_94' title="bbox 2070 3433 3670 3506">
    <p class='ocr_par' dir='ltr' id='par_1_94' title="bbox 2070 3433 3670 3506">
     <span class='ocr_line' id='line_1_94' title="bbox 2070 3433 3670 3506; baseline -0.004 -14"><span class='ocrx_word' id='word_1_697' title='bbox 2070 3436 2355 3506; x_wconf 88' lang='lat' dir='ltr'><strong>nipotente</strong></span> <span class='ocrx_word' id='word_1_698' title='bbox 2407 3434 2721 3491; x_wconf 89' lang='lat' dir='ltr'><strong>substantia</strong></span> <span class='ocrx_word' id='word_1_699' title='bbox 2773 3448 3002 3490; x_wconf 88' lang='lat' dir='ltr'><strong>manare</strong></span> <span class='ocrx_word' id='word_1_700' title='bbox 3051 3433 3327 3499; x_wconf 87' lang='lat' dir='ltr'><strong>ostendit,</strong></span> <span class='ocrx_word' id='word_1_701' title='bbox 3383 3433 3442 3488; x_wconf 93' lang='lat' dir='ltr'><strong>in</strong></span> <span class='ocrx_word' id='word_1_702' title='bbox 3492 3447 3670 3503; x_wconf 89' lang='lat' dir='ltr'><strong>eaque</strong></span> 
     </span>
    </p>
   </div>
   <div class='ocr_carea' id='block_1_95' title="bbox 2070 3523 3668 3596">
    <p class='ocr_par' dir='ltr' id='par_1_95' title="bbox 2070 3523 3668 3596">
     <span class='ocr_line' id='line_1_95' title="bbox 2070 3523 3668 3596; baseline -0.001 -16"><span class='ocrx_word' id='word_1_703' title='bbox 2070 3527 2404 3582; x_wconf 88' lang='lat' dir='ltr'><strong>naturaliter</strong></span> <span class='ocrx_word' id='word_1_704' title='bbox 2448 3525 2631 3596; x_wconf 88' lang='lat' dir='ltr'><strong>ipsum</strong></span> <span class='ocrx_word' id='word_1_705' title='bbox 2689 3523 2965 3582; x_wconf 79' lang='lat' dir='ltr'><strong>exsistere</strong></span> <span class='ocrx_word' id='word_1_706' title='bbox 3021 3525 3247 3592; x_wconf 86' lang='lat' dir='ltr'><strong>asserit,</strong></span> <span class='ocrx_word' id='word_1_707' title='bbox 3303 3524 3496 3583; x_wconf 86' lang='lat' dir='ltr'><strong>dicens</strong></span> <span class='ocrx_word' id='word_1_708' title='bbox 3538 3543 3554 3581; x_wconf 86' lang='lat'><strong>:</strong></span> <span class='ocrx_word' id='word_1_709' title='bbox 3597 3523 3668 3580; x_wconf 84' lang='lat' dir='ltr'><strong>In</strong></span> 
     </span>
    </p>
   </div>
   <div class='ocr_carea' id='block_1_96' title="bbox 2068 3615 2775 3688">
    <p class='ocr_par' dir='ltr' id='par_1_96' title="bbox 2068 3615 2775 3688">
     <span class='ocr_line' id='line_1_96' title="bbox 2068 3615 2775 3688; baseline -0.003 -16"><span class='ocrx_word' id='word_1_710' title='bbox 2068 3619 2327 3688; x_wconf 81' lang='lat' dir='ltr'><strong>principio</strong></span> <span class='ocrx_word' id='word_1_711' title='bbox 2358 3626 2476 3672; x_wconf 87' lang='lat' dir='ltr'><strong>erat</strong></span> <span class='ocrx_word' id='word_1_712' title='bbox 2525 3615 2775 3671; x_wconf 86' lang='lat' dir='ltr'><strong>Verbum.</strong></span> 
     </span>
    </p>
   </div>
   <div class='ocr_carea' id='block_1_97' title="bbox 2141 3794 3659 3867">
    <p class='ocr_par' dir='ltr' id='par_1_97' title="bbox 2141 3794 3659 3867">
     <span class='ocr_line' id='line_1_97' title="bbox 2141 3794 3659 3867; baseline -0.002 -15"><span class='ocrx_word' id='word_1_713' title='bbox 2141 3796 2406 3867; x_wconf 80' lang='lat' dir='ltr'><strong>Principii</strong></span> <span class='ocrx_word' id='word_1_714' title='bbox 2437 3805 2621 3853; x_wconf 86' lang='lat' dir='ltr'><strong>autem</strong></span> <span class='ocrx_word' id='word_1_715' title='bbox 2655 3796 2931 3854; x_wconf 87' lang='lat' dir='ltr'><strong>vocabulo</strong></span> <span class='ocrx_word' id='word_1_716' title='bbox 2990 3795 3150 3864; x_wconf 90' lang='lat' dir='ltr'><strong>illud,</strong></span> <span class='ocrx_word' id='word_1_717' title='bbox 3179 3806 3317 3859; x_wconf 83' lang='lat' dir='ltr'><strong>erat,</strong></span> <span class='ocrx_word' id='word_1_718' title='bbox 3353 3794 3659 3867; x_wconf 72' lang='lat' dir='ltr'><strong>sulijungit,</strong></span> 
     </span>
    </p>
   </div>
   <div class='ocr_carea' id='block_1_98' title="bbox 2067 3886 3663 3959">
    <p class='ocr_par' dir='ltr' id='par_1_98' title="bbox 2067 3886 3663 3959">
     <span class='ocr_line' id='line_1_98' title="bbox 2067 3886 3663 3959; baseline -0.001 -16"><span class='ocrx_word' id='word_1_719' title='bbox 2067 3895 2128 3943; x_wconf 92' lang='lat' dir='ltr'><strong>ut</strong></span> <span class='ocrx_word' id='word_1_720' title='bbox 2153 3903 2263 3943; x_wconf 90' lang='lat' dir='ltr'><strong>non</strong></span> <span class='ocrx_word' id='word_1_721' title='bbox 2308 3888 2487 3945; x_wconf 90' lang='lat' dir='ltr'><strong>solum</strong></span> <span class='ocrx_word' id='word_1_722' title='bbox 2527 3886 2831 3959; x_wconf 82' lang='lat' dir='ltr'><strong>gloriosus,</strong></span> <span class='ocrx_word' id='word_1_723' title='bbox 2871 3903 3063 3944; x_wconf 88' lang='lat' dir='ltr'><strong>verum</strong></span> <span class='ocrx_word' id='word_1_724' title='bbox 3091 3886 3257 3944; x_wconf 88' lang='lat' dir='ltr'><strong>etiam</strong></span> <span class='ocrx_word' id='word_1_725' title='bbox 3283 3894 3410 3943; x_wconf 88' lang='lat' dir='ltr'><strong>ante</strong></span> <span class='ocrx_word' id='word_1_726' title='bbox 3459 3887 3663 3943; x_wconf 61' lang='lat' dir='ltr'><strong>secula</strong></span> 
     </span>
    </p>
   </div>
   <div class='ocr_carea' id='block_1_99' title="bbox 2065 3975 3661 4052">
    <p class='ocr_par' dir='ltr' id='par_1_99' title="bbox 2065 3975 3661 4052">
     <span class='ocr_line' id='line_1_99' title="bbox 2065 3975 3661 4052; baseline -0.001 -18"><span class='ocrx_word' id='word_1_727' title='bbox 2065 3980 2286 4051; x_wconf 78' lang='lat' dir='ltr'><strong>genitus</strong></span> <span class='ocrx_word' id='word_1_728' title='bbox 2319 3975 2681 4052; x_wconf 81' lang='lat' dir='ltr'><strong>intelligatur.</strong></span> <span class='ocrx_word' id='word_1_729' title='bbox 2718 3978 2856 4036; x_wconf 80' lang='lat' dir='ltr'><strong>illud</strong></span> <span class='ocrx_word' id='word_1_730' title='bbox 2888 3980 3036 4036; x_wconf 90' lang='lat' dir='ltr'><strong>enim</strong></span> <span class='ocrx_word' id='word_1_731' title='bbox 3057 4021 3071 4047; x_wconf 95' lang='lat'><strong>,</strong></span> <span class='ocrx_word' id='word_1_732' title='bbox 3117 3982 3268 4048; x_wconf 79' lang='lat' dir='ltr'><strong>erat,</strong></span> <span class='ocrx_word' id='word_1_733' title='bbox 3301 3978 3393 4036; x_wconf 86' lang='lat' dir='ltr'><strong>hic</strong></span> <span class='ocrx_word' id='word_1_734' title='bbox 3418 3981 3661 4050; x_wconf 88' lang='lat' dir='ltr'><strong>positum</strong></span> 
     </span>
    </p>
   </div>
   <div class='ocr_carea' id='block_1_100' title="bbox 2068 4072 3660 4142">
    <p class='ocr_par' dir='ltr' id='par_1_100' title="bbox 2068 4072 3660 4142">
     <span class='ocr_line' id='line_1_100' title="bbox 2068 4072 3660 4142; baseline -0.001 -16"><span class='ocrx_word' id='word_1_735' title='bbox 2068 4082 2189 4137; x_wconf 87' lang='lat' dir='ltr'><strong>est,</strong></span> <span class='ocrx_word' id='word_1_736' title='bbox 2259 4085 2371 4141; x_wconf 90' lang='lat' dir='ltr'><strong>quo</strong></span> <span class='ocrx_word' id='word_1_737' title='bbox 2435 4072 2865 4141; x_wconf 88' lang='lat' dir='ltr'><strong>eontemplantis</strong></span> <span class='ocrx_word' id='word_1_738' title='bbox 2926 4072 3150 4128; x_wconf 87' lang='lat' dir='ltr'><strong>animus</strong></span> <span class='ocrx_word' id='word_1_739' title='bbox 3208 4072 3265 4127; x_wconf 92' lang='lat' dir='ltr'><strong>in</strong></span> <span class='ocrx_word' id='word_1_740' title='bbox 3329 4072 3660 4142; x_wconf 78' lang='lat' dir='ltr'><strong>profundam</strong></span> 
     </span>
    </p>
   </div>
   <div class='ocr_carea' id='block_1_101' title="bbox 2064 4160 3659 4235">
    <p class='ocr_par' dir='ltr' id='par_1_101' title="bbox 2064 4160 3659 4235">
     <span class='ocr_line' id='line_1_101' title="bbox 2064 4160 3659 4235; baseline -0.001 -19"><span class='ocrx_word' id='word_1_741' title='bbox 2064 4162 2362 4235; x_wconf 89' lang='lat' dir='ltr'><strong>quamdam</strong></span> <span class='ocrx_word' id='word_1_742' title='bbox 2410 4171 2465 4218; x_wconf 88' lang='lat' dir='ltr'><strong>et</strong></span> <span class='ocrx_word' id='word_1_743' title='bbox 2503 4162 3154 4232; x_wconf 87' lang='lat' dir='ltr'><strong>ineomprehensibilem,</strong></span> <span class='ocrx_word' id='word_1_744' title='bbox 3205 4170 3263 4218; x_wconf 89' lang='lat' dir='ltr'><strong>et</strong></span> <span class='ocrx_word' id='word_1_745' title='bbox 3327 4160 3659 4217; x_wconf 79' lang='lat' dir='ltr'><strong>ineffabilem</strong></span> 
     </span>
    </p>
   </div>
   <div class='ocr_carea' id='block_1_102' title="bbox 2064 4253 3661 4326">
    <p class='ocr_par' dir='ltr' id='par_1_102' title="bbox 2064 4253 3661 4326">
     <span class='ocr_line' id='line_1_102' title="bbox 2064 4253 3661 4326; baseline 0 -18"><span class='ocrx_word' id='word_1_746' title='bbox 2064 4256 2187 4326; x_wconf 72' lang='lat' dir='ltr'><strong>rjuae</strong></span> <span class='ocrx_word' id='word_1_747' title='bbox 2217 4261 2422 4310; x_wconf 89' lang='lat' dir='ltr'><strong>cuncta</strong></span> <span class='ocrx_word' id='word_1_748' title='bbox 2465 4264 2694 4325; x_wconf 88' lang='lat' dir='ltr'><strong>superat</strong></span> <span class='ocrx_word' id='word_1_749' title='bbox 2724 4261 2977 4324; x_wconf 88' lang='lat' dir='ltr'><strong>tempora</strong></span> <span class='ocrx_word' id='word_1_750' title='bbox 3023 4253 3440 4326; x_wconf 76' lang='lat' dir='ltr'><strong>generationem</strong></span> <span class='ocrx_word' id='word_1_751' title='bbox 3474 4254 3661 4310; x_wconf 83' lang='lat' dir='ltr'><strong>inten-</strong></span> 
     </span>
    </p>
   </div>
   <div class='ocr_carea' id='block_1_103' title="bbox 2064 4344 3657 4416">
    <p class='ocr_par' dir='ltr' id='par_1_103' title="bbox 2064 4344 3657 4416">
     <span class='ocr_line' id='line_1_103' title="bbox 2064 4344 3657 4416; baseline -0.005 -11"><span class='ocrx_word' id='word_1_752' title='bbox 2064 4350 2249 4405; x_wconf 90' lang='lat' dir='ltr'><strong>datur.</strong></span> <span class='ocrx_word' id='word_1_753' title='bbox 2289 4366 2309 4400; x_wconf 85' lang='grc'><strong><em>‹</em></strong></span> <span class='ocrx_word' id='word_1_754' title='bbox 2344 4346 2479 4403; x_wconf 89' lang='lat' dir='ltr'><strong>Erat</strong></span> <span class='ocrx_word' id='word_1_755' title='bbox 2509 4364 2528 4398; x_wconf 72' lang='grc' dir='ltr'><strong>ι</strong></span> <span class='ocrx_word' id='word_1_756' title='bbox 2556 4346 2725 4414; x_wconf 89' lang='lat' dir='ltr'><strong>enim,</strong></span> <span class='ocrx_word' id='word_1_757' title='bbox 2760 4344 3048 4400; x_wconf 87' lang='lat' dir='ltr'><strong>indeﬁnite</strong></span> <span class='ocrx_word' id='word_1_758' title='bbox 3082 4345 3383 4415; x_wconf 86' lang='lat' dir='ltr'><strong>prolatum,</strong></span> <span class='ocrx_word' id='word_1_759' title='bbox 3415 4359 3657 4416; x_wconf 90' lang='lat' dir='ltr'><strong>quonam</strong></span> 
     </span>
    </p>
   </div>
   <div class='ocr_carea' id='block_1_104' title="bbox 2065 4434 3657 4505">
    <p class='ocr_par' dir='ltr' id='par_1_104' title="bbox 2065 4434 3657 4505">
     <span class='ocr_line' id='line_1_104' title="bbox 2065 4434 3657 4505; baseline -0.003 -12"><span class='ocrx_word' id='word_1_760' title='bbox 2065 4440 2120 4493; x_wconf 92' lang='lat' dir='ltr'><strong>in</strong></span> <span class='ocrx_word' id='word_1_761' title='bbox 2168 4438 2290 4494; x_wconf 87' lang='lat' dir='ltr'><strong>loco</strong></span> <span class='ocrx_word' id='word_1_762' title='bbox 2341 4450 2445 4492; x_wconf 89' lang='lat' dir='ltr'><strong>nos</strong></span> <span class='ocrx_word' id='word_1_763' title='bbox 2496 4434 2687 4501; x_wconf 87' lang='lat' dir='ltr'><strong>sistet,</strong></span> <span class='ocrx_word' id='word_1_764' title='bbox 2749 4449 2877 4489; x_wconf 90' lang='lat' dir='ltr'><strong>cum</strong></span> <span class='ocrx_word' id='word_1_765' title='bbox 2939 4441 3365 4505; x_wconf 78' lang='lat' dir='ltr'><strong>prosequentem</strong></span> <span class='ocrx_word' id='word_1_766' title='bbox 3422 4445 3657 4490; x_wconf 89' lang='lat' dir='ltr'><strong>mentem</strong></span> 
     </span>
    </p>
   </div>
   <div class='ocr_carea' id='block_1_105' title="bbox 1994 4527 3660 4601">
    <p class='ocr_par' dir='ltr' id='par_1_105' title="bbox 1994 4527 3660 4601">
     <span class='ocr_line' id='line_1_105' title="bbox 1994 4527 3660 4601; baseline -0.002 -15"><span class='ocrx_word' id='word_1_767' title='bbox 1994 4547 2035 4601; x_wconf 76' lang='grc' dir='ltr'><strong>ι)</strong></span> <span class='ocrx_word' id='word_1_768' title='bbox 2065 4537 2262 4586; x_wconf 88' lang='lat' dir='ltr'><strong>natura</strong></span> <span class='ocrx_word' id='word_1_769' title='bbox 2288 4543 2390 4585; x_wconf 89' lang='lat' dir='ltr'><strong>sua</strong></span> <span class='ocrx_word' id='word_1_770' title='bbox 2418 4542 2643 4599; x_wconf 89' lang='lat' dir='ltr'><strong>semper</strong></span> <span class='ocrx_word' id='word_1_771' title='bbox 2671 4534 2999 4593; x_wconf 87' lang='lat' dir='ltr'><strong>antevertat,</strong></span> <span class='ocrx_word' id='word_1_772' title='bbox 3030 4535 3085 4582; x_wconf 90' lang='lat' dir='ltr'><strong>et</strong></span> <span class='ocrx_word' id='word_1_773' title='bbox 3115 4542 3280 4597; x_wconf 90' lang='lat' dir='ltr'><strong>quam</strong></span> <span class='ocrx_word' id='word_1_774' title='bbox 3316 4527 3463 4583; x_wconf 90' lang='lat' dir='ltr'><strong>illius</strong></span> <span class='ocrx_word' id='word_1_775' title='bbox 3498 4527 3660 4597; x_wconf 87' lang='lat' dir='ltr'><strong>quie-</strong></span> 
     </span>
    </p>
   </div>
   <div class='ocr_carea' id='block_1_106' title="bbox 2061 4617 3660 4692">
    <p class='ocr_par' dir='ltr' id='par_1_106' title="bbox 2061 4617 3660 4692">
     <span class='ocr_line' id='line_1_106' title="bbox 2061 4617 3660 4692; baseline -0.004 -14"><span class='ocrx_word' id='word_1_776' title='bbox 2061 4631 2169 4679; x_wconf 90' lang='lat' dir='ltr'><strong>tem</strong></span> <span class='ocrx_word' id='word_1_777' title='bbox 2209 4636 2334 4678; x_wconf 84' lang='lat' dir='ltr'><strong>esse</strong></span> <span class='ocrx_word' id='word_1_778' title='bbox 2374 4620 2695 4692; x_wconf 89' lang='lat' dir='ltr'><strong>putaveris,</strong></span> <span class='ocrx_word' id='word_1_779' title='bbox 2742 4619 2888 4674; x_wconf 89' lang='lat' dir='ltr'><strong>hanc</strong></span> <span class='ocrx_word' id='word_1_780' title='bbox 2930 4618 3217 4674; x_wconf 89' lang='lat' dir='ltr'><strong>ulterioris</strong></span> <span class='ocrx_word' id='word_1_781' title='bbox 3255 4632 3458 4676; x_wconf 87' lang='lat' dir='ltr'><strong>cursus</strong></span> <span class='ocrx_word' id='word_1_782' title='bbox 3493 4617 3660 4674; x_wconf 88' lang='lat' dir='ltr'><strong>faciat</strong></span> 
     </span>
    </p>
   </div>
   <div class='ocr_carea' id='block_1_107' title="bbox 2059 4710 3653 4783">
    <p class='ocr_par' dir='ltr' id='par_1_107' title="bbox 2059 4710 3653 4783">
     <span class='ocr_line' id='line_1_107' title="bbox 2059 4710 3653 4783; baseline -0.004 -11"><span class='ocrx_word' id='word_1_783' title='bbox 2059 4713 2313 4772; x_wconf 86' lang='lat' dir='ltr'><strong>initium?</strong></span> <span class='ocrx_word' id='word_1_784' title='bbox 2349 4731 2371 4766; x_wconf 72' lang='grc' dir='ltr'><strong>ι</strong></span> <span class='ocrx_word' id='word_1_785' title='bbox 2398 4712 2531 4768; x_wconf 88' lang='lat' dir='ltr'><strong>Erat</strong></span> <span class='ocrx_word' id='word_1_786' title='bbox 2569 4731 2589 4765; x_wconf 70' lang='grc' dir='ltr'><strong>ι</strong></span> <span class='ocrx_word' id='word_1_787' title='bbox 2624 4711 2794 4783; x_wconf 81' lang='lat' dir='ltr'><strong>igitur</strong></span> <span class='ocrx_word' id='word_1_788' title='bbox 2830 4730 2850 4764; x_wconf 78' lang='grc' dir='ltr'><strong>ι</strong></span> <span class='ocrx_word' id='word_1_789' title='bbox 2881 4710 3125 4768; x_wconf 77' lang='lat' dir='ltr'><strong>Verbum</strong></span> <span class='ocrx_word' id='word_1_790' title='bbox 3174 4711 3232 4766; x_wconf 87' lang='lat' dir='ltr'><strong>in</strong></span> <span class='ocrx_word' id='word_1_791' title='bbox 3280 4712 3554 4783; x_wconf 88' lang='lat' dir='ltr'><strong>principio</strong></span> <span class='ocrx_word' id='word_1_792' title='bbox 3577 4751 3590 4776; x_wconf 95' lang='lat'><strong>,</strong></span> <span class='ocrx_word' id='word_1_793' title='bbox 3633 4731 3653 4765; x_wconf 73' lang='grc' dir='ltr'><strong>ι</strong></span> 
     </span>
    </p>
   </div>
   <div class='ocr_carea' id='block_1_108' title="bbox 2063 4804 3656 4876">
    <p class='ocr_par' dir='ltr' id='par_1_108' title="bbox 2063 4804 3656 4876">
     <span class='ocr_line' id='line_1_108' title="bbox 2063 4804 3656 4876; baseline -0.004 -12"><span class='ocrx_word' id='word_1_794' title='bbox 2063 4811 2170 4865; x_wconf 84' lang='lat' dir='ltr'><strong>huc</strong></span> <span class='ocrx_word' id='word_1_795' title='bbox 2199 4817 2317 4875; x_wconf 90' lang='lat' dir='ltr'><strong>est,</strong></span> <span class='ocrx_word' id='word_1_796' title='bbox 2362 4806 2421 4860; x_wconf 89' lang='lat' dir='ltr'><strong>in</strong></span> <span class='ocrx_word' id='word_1_797' title='bbox 2456 4811 2732 4876; x_wconf 88' lang='lat' dir='ltr'><strong>potestate</strong></span> <span class='ocrx_word' id='word_1_798' title='bbox 2764 4818 2889 4874; x_wconf 78' lang='lat' dir='ltr'><strong>quae</strong></span> <span class='ocrx_word' id='word_1_799' title='bbox 2925 4810 3012 4860; x_wconf 84' lang='lat' dir='ltr'><strong>est</strong></span> <span class='ocrx_word' id='word_1_800' title='bbox 3055 4819 3224 4873; x_wconf 86' lang='lat' dir='ltr'><strong>supra</strong></span> <span class='ocrx_word' id='word_1_801' title='bbox 3258 4804 3465 4870; x_wconf 87' lang='lat' dir='ltr'><strong>omnia,</strong></span> <span class='ocrx_word' id='word_1_802' title='bbox 3507 4812 3562 4858; x_wconf 89' lang='lat' dir='ltr'><strong>et</strong></span> <span class='ocrx_word' id='word_1_803' title='bbox 3589 4819 3656 4859; x_wconf 78' lang='lat' dir='ltr'><strong>ex</strong></span> 
     </span>
    </p>
   </div>
   <div class='ocr_carea' id='block_1_109' title="bbox 2061 4893 3657 4975">
    <p class='ocr_par' dir='ltr' id='par_1_109' title="bbox 2061 4893 3657 4975">
     <span class='ocr_line' id='line_1_109' title="bbox 2061 4893 3657 4975; baseline -0.004 -18"><span class='ocrx_word' id='word_1_804' title='bbox 2061 4904 2180 4975; x_wconf 84' lang='lat' dir='ltr'><strong>ipsa</strong></span> <span class='ocrx_word' id='word_1_805' title='bbox 2227 4901 2504 4958; x_wconf 81' lang='lat' dir='ltr'><strong>exsistens</strong></span> <span class='ocrx_word' id='word_1_806' title='bbox 2558 4896 2928 4962; x_wconf 88' lang='lat' dir='ltr'><strong>naturaliter,</strong></span> <span class='ocrx_word' id='word_1_807' title='bbox 2982 4893 3314 4964; x_wconf 87' lang='lat' dir='ltr'><strong>Dominique</strong></span> <span class='ocrx_word' id='word_1_808' title='bbox 3366 4894 3657 4963; x_wconf 80' lang='lat' dir='ltr'><strong>majestate</strong></span> 
     </span>
    </p>
   </div>
   <div class='ocr_carea' id='block_1_110' title="bbox 2063 4987 3654 5066">
    <p class='ocr_par' dir='ltr' id='par_1_110' title="bbox 2063 4987 3654 5066">
     <span class='ocr_line' id='line_1_110' title="bbox 2063 4987 3654 5066; baseline -0.004 -17"><span class='ocrx_word' id='word_1_809' title='bbox 2063 4995 2374 5066; x_wconf 67' lang='lat' dir='ltr'><strong>praeditum.</strong></span> <span class='ocrx_word' id='word_1_810' title='bbox 2427 4989 2589 5059; x_wconf 88' lang='lat' dir='ltr'><strong>Quod</strong></span> <span class='ocrx_word' id='word_1_811' title='bbox 2616 4988 2662 5043; x_wconf 86' lang='lat' dir='ltr'><strong>si</strong></span> <span class='ocrx_word' id='word_1_812' title='bbox 2700 4989 2775 5042; x_wconf 90' lang='lat' dir='ltr'><strong>ita</strong></span> <span class='ocrx_word' id='word_1_813' title='bbox 2807 4993 2928 5052; x_wconf 87' lang='lat' dir='ltr'><strong>est,</strong></span> <span class='ocrx_word' id='word_1_814' title='bbox 2967 4987 3249 5057; x_wconf 91' lang='lat' dir='ltr'><strong>quomodo</strong></span> <span class='ocrx_word' id='word_1_815' title='bbox 3284 4995 3509 5043; x_wconf 90' lang='lat' dir='ltr'><strong>creatus</strong></span> <span class='ocrx_word' id='word_1_816' title='bbox 3559 4988 3654 5043; x_wconf 90' lang='lat' dir='ltr'><strong>de-</strong></span> 
     </span>
    </p>
   </div>
   <div class='ocr_carea' id='block_1_111' title="bbox 2066 5078 3652 5152">
    <p class='ocr_par' dir='ltr' id='par_1_111' title="bbox 2066 5078 3652 5152">
     <span class='ocr_line' id='line_1_111' title="bbox 2066 5078 3652 5152; baseline -0.006 -9"><span class='ocrx_word' id='word_1_817' title='bbox 2066 5104 2217 5143; x_wconf 91' lang='lat' dir='ltr'><strong>mum</strong></span> <span class='ocrx_word' id='word_1_818' title='bbox 2258 5094 2357 5142; x_wconf 86' lang='lat' dir='ltr'><strong>aut</strong></span> <span class='ocrx_word' id='word_1_819' title='bbox 2401 5085 2584 5140; x_wconf 80' lang='lat' dir='ltr'><strong>factus</strong></span> <span class='ocrx_word' id='word_1_820' title='bbox 2609 5081 2755 5137; x_wconf 82' lang='lat' dir='ltr'><strong>erit?</strong></span> <span class='ocrx_word' id='word_1_821' title='bbox 2787 5078 2894 5136; x_wconf 87' lang='lat' dir='ltr'><strong>Ubi</strong></span> <span class='ocrx_word' id='word_1_822' title='bbox 2918 5079 3160 5152; x_wconf 84' lang='lat' dir='ltr'><strong>denique</strong></span> <span class='ocrx_word' id='word_1_823' title='bbox 3210 5079 3346 5136; x_wconf 88' lang='lat' dir='ltr'><strong>illud</strong></span> <span class='ocrx_word' id='word_1_824' title='bbox 3393 5089 3512 5134; x_wconf 84' lang='lat' dir='ltr'><strong>erat</strong></span> <span class='ocrx_word' id='word_1_825' title='bbox 3549 5081 3652 5134; x_wconf 86' lang='lat' dir='ltr'><strong>ali-</strong></span> 
     </span>
    </p>
   </div>
   <div class='ocr_carea' id='block_1_112' title="bbox 2062 5169 3654 5251">
    <p class='ocr_par' dir='ltr' id='par_1_112' title="bbox 2062 5169 3654 5251">
     <span class='ocr_line' id='line_1_112' title="bbox 2062 5169 3654 5251; baseline -0.007 -15"><span class='ocrx_word' id='word_1_826' title='bbox 2062 5194 2176 5251; x_wconf 88' lang='lat' dir='ltr'><strong>quo</strong></span> <span class='ocrx_word' id='word_1_827' title='bbox 2199 5177 2363 5234; x_wconf 88' lang='lat' dir='ltr'><strong>modo</strong></span> <span class='ocrx_word' id='word_1_828' title='bbox 2389 5192 2494 5231; x_wconf 88' lang='lat' dir='ltr'><strong>non</strong></span> <span class='ocrx_word' id='word_1_829' title='bbox 2522 5182 2660 5240; x_wconf 84' lang='lat' dir='ltr'><strong>erat,</strong></span> <span class='ocrx_word' id='word_1_830' title='bbox 2690 5172 2873 5236; x_wconf 85' lang='lat' dir='ltr'><strong>inibit,</strong></span> <span class='ocrx_word' id='word_1_831' title='bbox 2905 5179 3003 5228; x_wconf 85' lang='lat' dir='ltr'><strong>aut</strong></span> <span class='ocrx_word' id='word_1_832' title='bbox 3026 5186 3191 5244; x_wconf 84' lang='lat' dir='ltr'><strong>quem</strong></span> <span class='ocrx_word' id='word_1_833' title='bbox 3218 5169 3445 5228; x_wconf 80' lang='lat' dir='ltr'><strong>tandem</strong></span> <span class='ocrx_word' id='word_1_834' title='bbox 3470 5172 3654 5227; x_wconf 87' lang='lat' dir='ltr'><strong>locum</strong></span> 
     </span>
    </p>
   </div>
   <div class='ocr_carea' id='block_1_113' title="bbox 2065 5265 2589 5328">
    <p class='ocr_par' dir='ltr' id='par_1_113' title="bbox 2065 5265 2589 5328">
     <span class='ocr_line' id='line_1_113' title="bbox 2065 5265 2589 5328; baseline -0.015 -1"><span class='ocrx_word' id='word_1_835' title='bbox 2065 5269 2292 5328; x_wconf 86' lang='lat' dir='ltr'><strong>habebit</strong></span> <span class='ocrx_word' id='word_1_836' title='bbox 2320 5268 2377 5323; x_wconf 92' lang='lat' dir='ltr'><strong>in</strong></span> <span class='ocrx_word' id='word_1_837' title='bbox 2408 5265 2589 5322; x_wconf 86' lang='lat' dir='ltr'><strong>Filio?</strong></span> 
     </span>
    </p>
   </div>
   <div class='ocr_carea' id='block_1_114' title="bbox 2731 5353 2989 5410">
    <p class='ocr_par' dir='ltr' id='par_1_114' title="bbox 2731 5353 2989 5410">
     <span class='ocr_line' id='line_1_114' title="bbox 2731 5353 2989 5410; baseline -0.012 0"><span class='ocrx_word' id='word_1_838' title='bbox 2731 5353 2887 5410; x_wconf 85' lang='lat' dir='ltr'><strong>CAP.</strong></span> <span class='ocrx_word' id='word_1_839' title='bbox 2920 5353 2989 5409; x_wconf 84' lang='lat' dir='ltr'><strong>II.</strong></span> 
     </span>
    </p>
   </div>
   <div class='ocr_carea' id='block_1_115' title="bbox 2052 5460 3650 5546">
    <p class='ocr_par' dir='ltr' id='par_1_115' title="bbox 2052 5460 3650 5546">
     <span class='ocr_line' id='line_1_115' title="bbox 2052 5460 3650 5546; baseline -0.013 -17"><span class='ocrx_word' id='word_1_840' title='bbox 2052 5470 2217 5544; x_wconf 66' lang='lat' dir='ltr'><strong>‘Quod</strong></span> <span class='ocrx_word' id='word_1_841' title='bbox 2262 5479 2313 5526; x_wconf 84' lang='lat' dir='ltr'><strong>et</strong></span> <span class='ocrx_word' id='word_1_842' title='bbox 2356 5469 2535 5546; x_wconf 75' lang='lat' dir='ltr'><strong>Deus,</strong></span> <span class='ocrx_word' id='word_1_843' title='bbox 2583 5474 2635 5546; x_wconf 70' lang='lat' dir='ltr'><strong>et</strong></span> <span class='ocrx_word' id='word_1_844' title='bbox 2681 5463 3172 5546; x_wconf 53' lang='lat' dir='ltr'><strong>consubstantialia</strong></span> <span class='ocrx_word' id='word_1_845' title='bbox 3198 5462 3352 5546; x_wconf 46' lang='lat' dir='ltr'><strong>(fatri</strong></span> <span class='ocrx_word' id='word_1_846' title='bbox 3393 5476 3511 5546; x_wconf 73' lang='lat' dir='ltr'><strong>cum</strong></span> 
     </span>
    </p>
   </div>
   <div class='ocr_carea' id='block_1_116' title="bbox 2130 5533 3650 5608">
    <p class='ocr_par' dir='ltr' id='par_1_116' title="bbox 2130 5533 3650 5608">
     <span class='ocr_line' id='line_1_116' title="bbox 2130 5533 3650 5608; baseline -0.01 -11"><span class='ocrx_word' id='word_1_847' title='bbox 2130 5543 2333 5607; x_wconf 78' lang='lat' dir='ltr'><strong>Filius,</strong></span> <span class='ocrx_word' id='word_1_848' title='bbox 2356 5541 2414 5594; x_wconf 81' lang='lat' dir='ltr'><strong>in</strong></span> <span class='ocrx_word' id='word_1_849' title='bbox 2441 5538 2663 5608; x_wconf 80' lang='lat' dir='ltr'><strong>propria</strong></span> <span class='ocrx_word' id='word_1_850' title='bbox 2691 5546 2770 5592; x_wconf 73' lang='lat' dir='ltr'><strong>est</strong></span> <span class='ocrx_word' id='word_1_851' title='bbox 2800 5534 3098 5606; x_wconf 71' lang='lat' dir='ltr'><strong>hypostasi,</strong></span> <span class='ocrx_word' id='word_1_852' title='bbox 3124 5533 3371 5587; x_wconf 81' lang='lat' dir='ltr'><strong>similiter</strong></span> <span class='ocrx_word' id='word_1_853' title='bbox 3394 5538 3569 5583; x_wconf 84' lang='lat' dir='ltr'><strong>autem</strong></span> <span class='ocrx_word' id='word_1_854' title='bbox 3599 5537 3650 5582; x_wconf 77' lang='lat' dir='ltr'><strong>et</strong></span> 
     </span>
    </p>
   </div>
   <div class='ocr_carea' id='block_1_117' title="bbox 2129 5614 2568 5675">
    <p class='ocr_par' dir='ltr' id='par_1_117' title="bbox 2129 5614 2568 5675">
     <span class='ocr_line' id='line_1_117' title="bbox 2129 5614 2568 5675; baseline -0.005 -6"><span class='ocrx_word' id='word_1_855' title='bbox 2129 5614 2320 5669; x_wconf 81' lang='lat' dir='ltr'><strong>Pater.</strong></span> <span class='ocrx_word' id='word_1_856' title='bbox 2560 5671 2568 5675; x_wconf 92' lang='lat'><em>_</em></span> 
     </span>
    </p>
   </div>
   <div class='ocr_carea' id='block_1_118' title="bbox 2312 5709 3400 5789">
    <p class='ocr_par' dir='ltr' id='par_1_118' title="bbox 2312 5709 3400 5789">
     <span class='ocr_line' id='line_1_118' title="bbox 2312 5709 3400 5789; baseline -0.014 -12"><span class='ocrx_word' id='word_1_857' title='bbox 2312 5721 2353 5789; x_wconf 93' lang='lat' dir='ltr'><strong>I,</strong></span> <span class='ocrx_word' id='word_1_858' title='bbox 2397 5721 2450 5776; x_wconf 78' lang='grc'><strong>1.</strong></span> <span class='ocrx_word' id='word_1_859' title='bbox 2492 5723 2562 5775; x_wconf 87' lang='lat' dir='ltr'><strong>Et</strong></span> <span class='ocrx_word' id='word_1_860' title='bbox 2611 5716 2839 5774; x_wconf 77' lang='lat' dir='ltr'><strong>Verbum</strong></span> <span class='ocrx_word' id='word_1_861' title='bbox 2870 5721 2989 5770; x_wconf 83' lang='lat' dir='ltr'><strong>erat</strong></span> <span class='ocrx_word' id='word_1_862' title='bbox 3028 5710 3168 5782; x_wconf 80' lang='lat' dir='ltr'><strong>apud</strong></span> <span class='ocrx_word' id='word_1_863' title='bbox 3208 5709 3400 5765; x_wconf 83' lang='lat' dir='ltr'><strong>Deum.</strong></span> 
     </span>
    </p>
   </div>
   <div class='ocr_carea' id='block_1_119' title="bbox 2129 5795 3653 5878">
    <p class='ocr_par' dir='ltr' id='par_1_119' title="bbox 2129 5795 3653 5878">
     <span class='ocr_line' id='line_1_119' title="bbox 2129 5795 3653 5878; baseline -0.016 -2"><span class='ocrx_word' id='word_1_864' title='bbox 2129 5819 2267 5876; x_wconf 88' lang='lat' dir='ltr'><strong>Cum</strong></span> <span class='ocrx_word' id='word_1_865' title='bbox 2315 5816 2536 5873; x_wconf 81' lang='lat' dir='ltr'><strong>inanem</strong></span> <span class='ocrx_word' id='word_1_866' title='bbox 2572 5819 2627 5869; x_wconf 88' lang='lat' dir='ltr'><strong>ct</strong></span> <span class='ocrx_word' id='word_1_867' title='bbox 2659 5807 2910 5870; x_wconf 85' lang='lat' dir='ltr'><strong>veritatis</strong></span> <span class='ocrx_word' id='word_1_868' title='bbox 2950 5811 3231 5878; x_wconf 83' lang='lat' dir='ltr'><strong>expertem</strong></span> <span class='ocrx_word' id='word_1_869' title='bbox 3284 5801 3505 5860; x_wconf 87' lang='lat' dir='ltr'><strong>illorum</strong></span> <span class='ocrx_word' id='word_1_870' title='bbox 3552 5795 3653 5868; x_wconf 77' lang='lat' dir='ltr'><strong>qut</strong></span> 
     </span>
    </p>
   </div>
  </div>
