  <div class='ocr_page' id='page_1' title='image "/cluster/home/n/w/nwhite01/storage/ocr_20150623/73:no.6/coo.31924054869692/024.png"; bbox 0 0 4156 6508; ppageno 0'>
   <div class='ocr_carea' id='block_1_1' title="bbox 366 368 3692 437">
    <p class='ocr_par' dir='ltr' id='par_1_1' title="bbox 366 368 3692 437">
     <span class='ocr_line' id='line_1_1' title="bbox 366 368 3692 437; baseline 0.002 -11"><span class='ocrx_word' id='word_1_1' title='bbox 366 372 440 426; x_wconf 77' lang='lat'><strong>55</strong></span> <span class='ocrx_word' id='word_1_2' title='bbox 1442 369 1508 427; x_wconf 83' lang='lat' dir='ltr'><strong>IN</strong></span> <span class='ocrx_word' id='word_1_3' title='bbox 1549 368 1841 430; x_wconf 75' lang='lat' dir='ltr'><strong>JOANNIS</strong></span> <span class='ocrx_word' id='word_1_4' title='bbox 1880 368 2341 433; x_wconf 71' lang='lat' dir='ltr'><strong>EVANGELIUM</strong></span> <span class='ocrx_word' id='word_1_5' title='bbox 2383 372 2512 431; x_wconf 76' lang='grc' dir='ltr'><strong>ιω.</strong></span> <span class='ocrx_word' id='word_1_6' title='bbox 2550 376 2592 437; x_wconf 93' lang='grc'>1.</span> <span class='ocrx_word' id='word_1_7' title='bbox 3617 378 3692 434; x_wconf 69' lang='grc' dir='ltr'><strong>ει</strong></span> 
     </span>
    </p>
   </div>
   <div class='ocr_carea' id='block_1_2' title="bbox 366 466 1987 557">
    <p class='ocr_par' dir='ltr' id='par_1_2' title="bbox 366 466 1987 557">
     <span class='ocr_line' id='line_1_2' title="bbox 366 466 1987 557; baseline 0.004 -37"><span class='ocrx_word' id='word_1_8' title='bbox 366 467 448 537; x_wconf 77' lang='grc' dir='ltr'><strong>τῷ</strong></span> <span class='ocrx_word' id='word_1_9' title='bbox 488 467 682 540; x_wconf 75' lang='grc' dir='ltr'>Πατρὶ.</span> <span class='ocrx_word' id='word_1_10' title='bbox 706 466 823 539; x_wconf 76' lang='grc' dir='ltr'>ἔχει</span> <span class='ocrx_word' id='word_1_11' title='bbox 854 468 909 523; x_wconf 76' lang='grc' dir='ltr'><strong>δὲ</strong></span> <span class='ocrx_word' id='word_1_12' title='bbox 946 470 1109 524; x_wconf 66' lang='grc' dir='ltr'>πάλιν</span> <span class='ocrx_word' id='word_1_13' title='bbox 1135 472 1192 525; x_wconf 73' lang='grc' dir='ltr'>ἐν</span> <span class='ocrx_word' id='word_1_14' title='bbox 1220 468 1403 544; x_wconf 67' lang='grc' dir='ltr'>ἐαυτῷ</span> <span class='ocrx_word' id='word_1_15' title='bbox 1426 474 1517 527; x_wconf 75' lang='grc' dir='ltr'><strong>τὸν</strong></span> <span class='ocrx_word' id='word_1_16' title='bbox 1538 473 1759 543; x_wconf 82' lang='grc' dir='ltr'>Πατέρα</span> <span class='ocrx_word' id='word_1_17' title='bbox 1791 474 1987 557; x_wconf 73' lang='grc' dir='ltr'>(καλῶς</span> 
     </span>
    </p>
   </div>
   <div class='ocr_carea' id='block_1_3' title="bbox 2088 466 3687 557">
    <p class='ocr_par' dir='ltr' id='par_1_3' title="bbox 2099 470 3687 546">
     <span class='ocr_line' id='line_1_3' title="bbox 2099 470 3687 546; baseline -0.003 -18"><span class='ocrx_word' id='word_1_18' title='bbox 2099 473 2341 545; x_wconf 88' lang='lat' dir='ltr'><strong>beatquo</strong></span> <span class='ocrx_word' id='word_1_19' title='bbox 2382 474 2635 532; x_wconf 82' lang='lat' dir='ltr'><strong>vicissim</strong></span> <span class='ocrx_word' id='word_1_20' title='bbox 2672 474 2727 529; x_wconf 89' lang='lat' dir='ltr'><strong>in</strong></span> <span class='ocrx_word' id='word_1_21' title='bbox 2775 473 2965 546; x_wconf 88' lang='lat' dir='ltr'><strong>scipso</strong></span> <span class='ocrx_word' id='word_1_22' title='bbox 2998 473 3247 538; x_wconf 92' lang='lat' dir='ltr'><strong>Patrem,</strong></span> <span class='ocrx_word' id='word_1_23' title='bbox 3278 479 3431 527; x_wconf 89' lang='lat' dir='ltr'><strong>recte</strong></span> <span class='ocrx_word' id='word_1_24' title='bbox 3461 470 3687 542; x_wconf 85' lang='lat' dir='ltr'><strong>quidem</strong></span> 
     </span>
    </p>
   </div>
   <div class='ocr_carea' id='block_1_4' title="bbox 368 559 1982 639">
    <p class='ocr_par' dir='ltr' id='par_1_4' title="bbox 368 559 1982 639">
     <span class='ocr_line' id='line_1_4' title="bbox 368 559 1982 639; baseline 0.005 -27"><span class='ocrx_word' id='word_1_25' title='bbox 368 559 478 629; x_wconf 81' lang='grc' dir='ltr'><strong>μὲν</strong></span> <span class='ocrx_word' id='word_1_26' title='bbox 513 560 713 625; x_wconf 69' lang='grc' dir='ltr'>αὑτὸς,</span> <span class='ocrx_word' id='word_1_27' title='bbox 743 562 1000 634; x_wconf 82' lang='grc' dir='ltr'>καθάπερ</span> <span class='ocrx_word' id='word_1_28' title='bbox 1034 563 1139 635; x_wconf 71' lang='grc' dir='ltr'>’ήδη</span> <span class='ocrx_word' id='word_1_29' title='bbox 1175 563 1523 636; x_wconf 84' lang='grc' dir='ltr'>προείρηται,</span> <span class='ocrx_word' id='word_1_30' title='bbox 1564 568 1702 637; x_wconf 81' lang='grc' dir='ltr'>πρὸς</span> <span class='ocrx_word' id='word_1_31' title='bbox 1750 566 1851 639; x_wconf 78' lang='grc' dir='ltr'><strong>τὴν</strong></span> <span class='ocrx_word' id='word_1_32' title='bbox 1887 566 1982 622; x_wconf 81' lang='grc' dir='ltr'>τοῦ</span> 
     </span>
    </p>
   </div>
   <div class='ocr_carea' id='block_1_5' title="bbox 366 654 1985 729">
    <p class='ocr_par' dir='ltr' id='par_1_5' title="bbox 366 654 1985 729">
     <span class='ocr_line' id='line_1_5' title="bbox 366 654 1985 729; baseline 0.004 -24"><span class='ocrx_word' id='word_1_33' title='bbox 366 654 745 725; x_wconf 74' lang='grc' dir='ltr'><strong>γεννήσαντος</strong></span> <span class='ocrx_word' id='word_1_34' title='bbox 763 654 1237 728; x_wconf 78' lang='grc' dir='ltr'>ἀπηκριϐωμένος</span> <span class='ocrx_word' id='word_1_35' title='bbox 1266 656 1485 728; x_wconf 82' lang='grc' dir='ltr'>μορφήν</span> <span class='ocrx_word' id='word_1_36' title='bbox 1509 673 1523 687; x_wconf 91' lang='grc'><strong>·</strong></span> <span class='ocrx_word' id='word_1_37' title='bbox 1548 658 1985 729; x_wconf 82' lang='grc' dir='ltr'>ἀπαραποιήτως</span> 
     </span>
    </p>
   </div>
   <div class='ocr_carea' id='block_1_6' title="bbox 359 738 1985 822">
    <p class='ocr_par' dir='ltr' id='par_1_6' title="bbox 359 738 1985 822">
     <span class='ocr_line' id='line_1_6' title="bbox 359 738 1985 822; baseline 0.004 -25"><span class='ocrx_word' id='word_1_38' title='bbox 359 745 422 798; x_wconf 77' lang='grc' dir='ltr'><strong>δὲ</strong></span> <span class='ocrx_word' id='word_1_39' title='bbox 459 746 652 811; x_wconf 82' lang='grc' dir='ltr'>πάλιν,</span> <span class='ocrx_word' id='word_1_40' title='bbox 684 746 745 812; x_wconf 62' lang='grc' dir='ltr'><strong>ἐξ</strong></span> <span class='ocrx_word' id='word_1_41' title='bbox 774 738 852 801; x_wconf 85' lang='grc' dir='ltr'><strong>ὧν</strong></span> <span class='ocrx_word' id='word_1_42' title='bbox 884 750 1033 801; x_wconf 78' lang='grc' dir='ltr'>ἐστιν</span> <span class='ocrx_word' id='word_1_43' title='bbox 1066 747 1230 810; x_wconf 81' lang='grc' dir='ltr'>αὑτὸς</span> <span class='ocrx_word' id='word_1_44' title='bbox 1254 750 1312 802; x_wconf 78' lang='grc' dir='ltr'>ἐν</span> <span class='ocrx_word' id='word_1_45' title='bbox 1335 748 1515 822; x_wconf 81' lang='grc' dir='ltr'>ἐαυτῷ</span> <span class='ocrx_word' id='word_1_46' title='bbox 1536 751 1627 804; x_wconf 85' lang='grc' dir='ltr'><strong>τὸν</strong></span> <span class='ocrx_word' id='word_1_47' title='bbox 1646 751 1985 822; x_wconf 73' lang='grc' dir='ltr'>γεννήσαντα</span> 
     </span>
    </p>
   </div>
   <div class='ocr_carea' id='block_1_7' title="bbox 361 836 1987 916">
    <p class='ocr_par' dir='ltr' id='par_1_7' title="bbox 361 836 1987 916">
     <span class='ocr_line' id='line_1_7' title="bbox 361 836 1987 916; baseline 0.006 -27"><span class='ocrx_word' id='word_1_48' title='bbox 361 836 711 908; x_wconf 61' lang='grc' dir='ltr'>ζωγραφιῖη)</span> <span class='ocrx_word' id='word_1_49' title='bbox 745 854 761 871; x_wconf 77' lang='grc' dir='ltr'><strong>ο</strong></span> <span class='ocrx_word' id='word_1_50' title='bbox 797 841 861 894; x_wconf 82' lang='grc' dir='ltr'><strong>οὑ</strong></span> <span class='ocrx_word' id='word_1_51' title='bbox 908 839 998 894; x_wconf 71' lang='grc' dir='ltr'><strong>διὰ</strong></span> <span class='ocrx_word' id='word_1_52' title='bbox 1023 839 1184 895; x_wconf 77' lang='grc' dir='ltr'>τοῦτο</span> <span class='ocrx_word' id='word_1_53' title='bbox 1209 840 1271 894; x_wconf 88' lang='grc' dir='ltr'><strong>τὸ</strong></span> <span class='ocrx_word' id='word_1_54' title='bbox 1295 842 1564 914; x_wconf 80' lang='grc' dir='ltr'>ὑπάρχειν</span> <span class='ocrx_word' id='word_1_55' title='bbox 1599 843 1746 908; x_wconf 87' lang='grc' dir='ltr'>ἰδίως</span> <span class='ocrx_word' id='word_1_56' title='bbox 1781 843 1987 916; x_wconf 76' lang='grc' dir='ltr'>ζημιω-</span> 
     </span>
    </p>
   </div>
   <div class='ocr_carea' id='block_1_8' title="bbox 361 926 1982 1008">
    <p class='ocr_par' dir='ltr' id='par_1_8' title="bbox 361 926 1982 1008">
     <span class='ocr_line' id='line_1_8' title="bbox 361 926 1982 1008; baseline 0.007 -28"><span class='ocrx_word' id='word_1_57' title='bbox 361 929 625 997; x_wconf 79' lang='grc' dir='ltr'><strong>θήσεται,</strong></span> <span class='ocrx_word' id='word_1_58' title='bbox 660 930 769 984; x_wconf 81' lang='grc' dir='ltr'>οὑδ’</span> <span class='ocrx_word' id='word_1_59' title='bbox 800 926 867 985; x_wconf 79' lang='grc' dir='ltr'><strong>αὖ</strong></span> <span class='ocrx_word' id='word_1_60' title='bbox 894 931 1063 986; x_wconf 82' lang='grc' dir='ltr'>πάλιν</span> <span class='ocrx_word' id='word_1_61' title='bbox 1090 933 1349 988; x_wconf 84' lang='grc' dir='ltr'><strong>ἀπολέσει</strong></span> <span class='ocrx_word' id='word_1_62' title='bbox 1382 936 1411 987; x_wconf 95' lang='lat'><strong>6</strong></span> <span class='ocrx_word' id='word_1_63' title='bbox 1437 936 1631 1008; x_wconf 82' lang='grc' dir='ltr'>Πατὴρ</span> <span class='ocrx_word' id='word_1_64' title='bbox 1661 936 1982 1006; x_wconf 71' lang='grc' dir='ltr'>τὸὺερεστὰ-</span> 
     </span>
    </p>
   </div>
   <div class='ocr_carea' id='block_1_9' title="bbox 354 1023 1984 1102">
    <p class='ocr_par' dir='ltr' id='par_1_9' title="bbox 354 1023 1984 1102">
     <span class='ocr_line' id='line_1_9' title="bbox 354 1023 1984 1102; baseline 0.007 -29"><span class='ocrx_word' id='word_1_65' title='bbox 354 1038 456 1075; x_wconf 83' lang='grc' dir='ltr'><strong>ναι</strong></span> <span class='ocrx_word' id='word_1_66' title='bbox 493 1023 619 1076; x_wconf 85' lang='grc' dir='ltr'>καθ’</span> <span class='ocrx_word' id='word_1_67' title='bbox 644 1024 840 1079; x_wconf 79' lang='grc' dir='ltr'>ἑαυτόν</span> <span class='ocrx_word' id='word_1_68' title='bbox 860 1042 873 1055; x_wconf 79' lang='lat'><strong><em>°</em></strong></span> <span class='ocrx_word' id='word_1_69' title='bbox 898 1026 1016 1080; x_wconf 82' lang='grc' dir='ltr'>ἀλλ’</span> <span class='ocrx_word' id='word_1_70' title='bbox 1060 1025 1183 1079; x_wconf 82' lang='grc' dir='ltr'>οὑδὲ</span> <span class='ocrx_word' id='word_1_71' title='bbox 1207 1028 1240 1097; x_wconf 82' lang='grc' dir='ltr'>ἡ</span> <span class='ocrx_word' id='word_1_72' title='bbox 1268 1027 1443 1100; x_wconf 78' lang='grc' dir='ltr'>πολλὴ</span> <span class='ocrx_word' id='word_1_73' title='bbox 1470 1028 1591 1083; x_wconf 86' lang='grc' dir='ltr'>λίαν</span> <span class='ocrx_word' id='word_1_74' title='bbox 1620 1030 1893 1102; x_wconf 74' lang='grc' dir='ltr'>ἐμφέρειά</span> <span class='ocrx_word' id='word_1_75' title='bbox 1924 1047 1984 1085; x_wconf 87' lang='grc' dir='ltr'><strong>τε</strong></span> 
     </span>
    </p>
   </div>
   <div class='ocr_carea' id='block_1_10' title="bbox 359 1116 1985 1195">
    <p class='ocr_par' dir='ltr' id='par_1_10' title="bbox 359 1116 1985 1195">
     <span class='ocr_line' id='line_1_10' title="bbox 359 1116 1985 1195; baseline 0.007 -28"><span class='ocrx_word' id='word_1_76' title='bbox 359 1116 463 1168; x_wconf 75' lang='grc' dir='ltr'><strong>καὶ</strong></span> <span class='ocrx_word' id='word_1_77' title='bbox 503 1116 769 1188; x_wconf 78' lang='grc' dir='ltr'><strong>ὁμοιότης</strong></span> <span class='ocrx_word' id='word_1_78' title='bbox 786 1117 1053 1190; x_wconf 75' lang='grc' dir='ltr'>ἀνάχυσιν</span> <span class='ocrx_word' id='word_1_79' title='bbox 1086 1137 1212 1174; x_wconf 90' lang='grc' dir='ltr'>τινα</span> <span class='ocrx_word' id='word_1_80' title='bbox 1239 1121 1351 1175; x_wconf 84' lang='grc' dir='ltr'>τῶν</span> <span class='ocrx_word' id='word_1_81' title='bbox 1372 1121 1727 1177; x_wconf 83' lang='grc' dir='ltr'>ὑποστάσεων</span> <span class='ocrx_word' id='word_1_82' title='bbox 1751 1124 1985 1195; x_wconf 82' lang='grc' dir='ltr'>ἐργάσε-</span> 
     </span>
    </p>
   </div>
   <div class='ocr_carea' id='block_1_11' title="bbox 362 1210 1986 1289">
    <p class='ocr_par' dir='ltr' id='par_1_11' title="bbox 362 1210 1986 1289">
     <span class='ocr_line' id='line_1_11' title="bbox 362 1210 1986 1289; baseline 0.006 -27"><span class='ocrx_word' id='word_1_83' title='bbox 362 1228 480 1272; x_wconf 80' lang='grc' dir='ltr'>ται,</span> <span class='ocrx_word' id='word_1_84' title='bbox 510 1214 592 1275; x_wconf 84' lang='grc' dir='ltr'>ὡς</span> <span class='ocrx_word' id='word_1_85' title='bbox 642 1210 702 1264; x_wconf 80' lang='grc' dir='ltr'>ἓν</span> <span class='ocrx_word' id='word_1_86' title='bbox 734 1211 978 1267; x_wconf 81' lang='grc' dir='ltr'>νοεῖσθαι</span> <span class='ocrx_word' id='word_1_87' title='bbox 1017 1213 1097 1286; x_wconf 82' lang='grc' dir='ltr'>τῷ</span> <span class='ocrx_word' id='word_1_88' title='bbox 1129 1213 1353 1287; x_wconf 89' lang='grc' dir='ltr'>ἀριθμῷ</span> <span class='ocrx_word' id='word_1_89' title='bbox 1386 1216 1479 1270; x_wconf 78' lang='grc' dir='ltr'><strong>τὸν</strong></span> <span class='ocrx_word' id='word_1_90' title='bbox 1498 1217 1841 1289; x_wconf 84' lang='grc' dir='ltr'>γεννήσαντα</span> <span class='ocrx_word' id='word_1_91' title='bbox 1871 1218 1986 1271; x_wconf 94' lang='grc' dir='ltr'>Πα-</span> 
     </span>
    </p>
   </div>
   <div class='ocr_carea' id='block_1_12' title="bbox 357 1304 1985 1382">
    <p class='ocr_par' dir='ltr' id='par_1_12' title="bbox 357 1304 1985 1382">
     <span class='ocr_line' id='line_1_12' title="bbox 357 1304 1985 1382; baseline 0.004 -24"><span class='ocrx_word' id='word_1_92' title='bbox 357 1304 529 1374; x_wconf 80' lang='grc' dir='ltr'>τέρα,</span> <span class='ocrx_word' id='word_1_93' title='bbox 554 1305 651 1358; x_wconf 72' lang='grc' dir='ltr'><strong>καὶ</strong></span> <span class='ocrx_word' id='word_1_94' title='bbox 682 1305 777 1358; x_wconf 84' lang='grc' dir='ltr'><strong>τὸν</strong></span> <span class='ocrx_word' id='word_1_95' title='bbox 810 1305 869 1373; x_wconf 75' lang='grc' dir='ltr'><strong>ἐξ</strong></span> <span class='ocrx_word' id='word_1_96' title='bbox 904 1306 1071 1361; x_wconf 81' lang='grc' dir='ltr'>αὑτοῦ</span> <span class='ocrx_word' id='word_1_97' title='bbox 1109 1307 1442 1380; x_wconf 81' lang='grc' dir='ltr'>γεννηθέντα</span> <span class='ocrx_word' id='word_1_98' title='bbox 1474 1308 1603 1363; x_wconf 89' lang='grc' dir='ltr'>Υἰόν</span> <span class='ocrx_word' id='word_1_99' title='bbox 1627 1327 1641 1341; x_wconf 77' lang='grc'><strong><em>⁸</em></strong></span> <span class='ocrx_word' id='word_1_100' title='bbox 1672 1309 1788 1365; x_wconf 82' lang='grc' dir='ltr'>ἀλλ’</span> <span class='ocrx_word' id='word_1_101' title='bbox 1817 1312 1851 1382; x_wconf 87' lang='grc' dir='ltr'><strong>ή</strong></span> <span class='ocrx_word' id='word_1_102' title='bbox 1884 1310 1985 1382; x_wconf 77' lang='grc' dir='ltr'><strong>μὲν</strong></span> 
     </span>
    </p>
   </div>
   <div class='ocr_carea' id='block_1_13' title="bbox 356 1398 1986 1475">
    <p class='ocr_par' dir='ltr' id='par_1_13' title="bbox 356 1398 1986 1475">
     <span class='ocr_line' id='line_1_13' title="bbox 356 1398 1986 1475; baseline 0.005 -26"><span class='ocrx_word' id='word_1_103' title='bbox 356 1398 647 1469; x_wconf 76' lang='grc' dir='ltr'>ταυτότης</span> <span class='ocrx_word' id='word_1_104' title='bbox 672 1398 773 1469; x_wconf 80' lang='grc' dir='ltr'>τῆς</span> <span class='ocrx_word' id='word_1_105' title='bbox 807 1398 1027 1468; x_wconf 82' lang='grc' dir='ltr'>φύσεως</span> <span class='ocrx_word' id='word_1_106' title='bbox 1051 1401 1140 1455; x_wconf 81' lang='grc' dir='ltr'><strong>ἐπ’</strong></span> <span class='ocrx_word' id='word_1_107' title='bbox 1167 1402 1371 1474; x_wconf 80' lang='grc' dir='ltr'>ἀμφοῖν</span> <span class='ocrx_word' id='word_1_108' title='bbox 1398 1402 1890 1475; x_wconf 84' lang='grc' dir='ltr'>ὁμολογηθήσεται,</span> <span class='ocrx_word' id='word_1_109' title='bbox 1924 1405 1986 1458; x_wconf 82' lang='grc' dir='ltr'><strong>τὸ</strong></span> 
     </span>
    </p>
   </div>
   <div class='ocr_carea' id='block_1_14' title="bbox 354 1482 1987 1564">
    <p class='ocr_par' dir='ltr' id='par_1_14' title="bbox 354 1482 1987 1564">
     <span class='ocr_line' id='line_1_14' title="bbox 354 1482 1987 1564; baseline 0.006 -22"><span class='ocrx_word' id='word_1_110' title='bbox 354 1490 424 1543; x_wconf 76' lang='grc' dir='ltr'><strong>δὲ</strong></span> <span class='ocrx_word' id='word_1_111' title='bbox 463 1490 615 1555; x_wconf 78' lang='grc' dir='ltr'>ἰδίως</span> <span class='ocrx_word' id='word_1_112' title='bbox 654 1491 922 1564; x_wconf 82' lang='grc' dir='ltr'>ἑκάτερον</span> <span class='ocrx_word' id='word_1_113' title='bbox 946 1482 1253 1563; x_wconf 70' lang='grc' dir='ltr'>ὑφεστάναι</span> <span class='ocrx_word' id='word_1_114' title='bbox 1289 1495 1510 1559; x_wconf 88' lang='grc' dir='ltr'>πάντως</span> <span class='ocrx_word' id='word_1_115' title='bbox 1549 1495 1870 1551; x_wconf 86' lang='grc' dir='ltr'>ἀκολουθεῖ·</span> <span class='ocrx_word' id='word_1_116' title='bbox 1897 1498 1987 1552; x_wconf 83' lang='grc' dir='ltr'>ἵνα</span> 
     </span>
    </p>
   </div>
   <div class='ocr_carea' id='block_1_15' title="bbox 357 1582 1981 1659">
    <p class='ocr_par' dir='ltr' id='par_1_15' title="bbox 357 1582 1981 1659">
     <span class='ocr_line' id='line_1_15' title="bbox 357 1582 1981 1659; baseline 0.005 -24"><span class='ocrx_word' id='word_1_117' title='bbox 357 1582 468 1636; x_wconf 73' lang='grc' dir='ltr'>καὶ</span> <span class='ocrx_word' id='word_1_118' title='bbox 492 1585 522 1636; x_wconf 97' lang='lat'><strong>6</strong></span> <span class='ocrx_word' id='word_1_119' title='bbox 544 1584 737 1655; x_wconf 81' lang='grc' dir='ltr'>Πατὴρ</span> <span class='ocrx_word' id='word_1_120' title='bbox 767 1585 940 1649; x_wconf 75' lang='grc' dir='ltr'>ὅντως</span> <span class='ocrx_word' id='word_1_121' title='bbox 959 1585 1149 1657; x_wconf 80' lang='grc' dir='ltr'>νοῆται</span> <span class='ocrx_word' id='word_1_122' title='bbox 1183 1587 1399 1659; x_wconf 77' lang='grc' dir='ltr'>Πατὴρ,</span> <span class='ocrx_word' id='word_1_123' title='bbox 1425 1587 1521 1641; x_wconf 75' lang='grc' dir='ltr'>καὶ</span> <span class='ocrx_word' id='word_1_124' title='bbox 1548 1589 1577 1641; x_wconf 91' lang='lat'><strong>6</strong></span> <span class='ocrx_word' id='word_1_125' title='bbox 1600 1588 1725 1653; x_wconf 84' lang='grc' dir='ltr'>Υἱὸς</span> <span class='ocrx_word' id='word_1_126' title='bbox 1747 1588 1803 1643; x_wconf 84' lang='grc' dir='ltr'><strong>δὲ</strong></span> <span class='ocrx_word' id='word_1_127' title='bbox 1834 1588 1981 1653; x_wconf 82' lang='grc' dir='ltr'>Υἰός.</span> 
     </span>
    </p>
   </div>
   <div class='ocr_carea' id='block_1_16' title="bbox 372 1675 1983 1757">
    <p class='ocr_par' dir='ltr' id='par_1_16' title="bbox 372 1675 1983 1757">
     <span class='ocr_line' id='line_1_16' title="bbox 372 1675 1983 1757; baseline 0.005 -30"><span class='ocrx_word' id='word_1_128' title='bbox 372 1675 906 1747; x_wconf 79' lang='grc' dir='ltr'>Ἐπαριθμουμένου</span> <span class='ocrx_word' id='word_1_129' title='bbox 968 1676 1077 1749; x_wconf 85' lang='grc' dir='ltr'>γὰρ</span> <span class='ocrx_word' id='word_1_130' title='bbox 1131 1676 1275 1732; x_wconf 79' lang='grc' dir='ltr'>οὕτω</span> <span class='ocrx_word' id='word_1_131' title='bbox 1320 1678 1416 1732; x_wconf 77' lang='grc' dir='ltr'><strong>καὶ</strong></span> <span class='ocrx_word' id='word_1_132' title='bbox 1457 1677 1983 1757; x_wconf 81' lang='grc' dir='ltr'>σννθεολογουμένου</span> 
     </span>
    </p>
   </div>
   <div class='ocr_carea' id='block_1_17' title="bbox 354 1768 1982 1846">
    <p class='ocr_par' dir='ltr' id='par_1_17' title="bbox 354 1768 1982 1846">
     <span class='ocr_line' id='line_1_17' title="bbox 354 1768 1982 1846; baseline 0.004 -25"><span class='ocrx_word' id='word_1_133' title='bbox 354 1768 465 1822; x_wconf 82' lang='grc' dir='ltr'>τοῦ</span> <span class='ocrx_word' id='word_1_134' title='bbox 510 1769 672 1837; x_wconf 82' lang='grc' dir='ltr'>ἁγίου</span> <span class='ocrx_word' id='word_1_135' title='bbox 728 1768 1053 1840; x_wconf 84' lang='grc' dir='ltr'>Πνεύματος</span> <span class='ocrx_word' id='word_1_136' title='bbox 1078 1810 1093 1836; x_wconf 89' lang='grc'><strong>,</strong></span> <span class='ocrx_word' id='word_1_137' title='bbox 1128 1772 1162 1842; x_wconf 88' lang='grc' dir='ltr'><strong>ή</strong></span> <span class='ocrx_word' id='word_1_138' title='bbox 1202 1771 1337 1839; x_wconf 86' lang='grc' dir='ltr'>ἁγία</span> <span class='ocrx_word' id='word_1_139' title='bbox 1384 1771 1480 1828; x_wconf 83' lang='grc' dir='ltr'>καὶ</span> <span class='ocrx_word' id='word_1_140' title='bbox 1530 1775 1982 1846; x_wconf 82' lang='grc' dir='ltr'>προσκυνουμένη</span> 
     </span>
    </p>
   </div>
   <div class='ocr_carea' id='block_1_18' title="bbox 356 1858 1338 1937">
    <p class='ocr_par' dir='ltr' id='par_1_18' title="bbox 356 1858 1338 1937">
     <span class='ocr_line' id='line_1_18' title="bbox 356 1858 1338 1937; baseline 0.007 -24"><span class='ocrx_word' id='word_1_141' title='bbox 356 1858 545 1931; x_wconf 73' lang='grc' dir='ltr'>Τριὰς</span> <span class='ocrx_word' id='word_1_142' title='bbox 559 1861 621 1914; x_wconf 81' lang='grc' dir='ltr'>τὸ</span> <span class='ocrx_word' id='word_1_143' title='bbox 656 1862 857 1916; x_wconf 80' lang='grc' dir='ltr'>οἰκεῖον</span> <span class='ocrx_word' id='word_1_144' title='bbox 893 1861 1008 1930; x_wconf 70' lang='grc' dir='ltr'>ἕξει</span> <span class='ocrx_word' id='word_1_145' title='bbox 1043 1861 1338 1937; x_wconf 88' lang='grc' dir='ltr'>πλήρωμα.</span> 
     </span>
    </p>
   </div>
   <div class='ocr_carea' id='block_1_19' title="bbox 442 1955 1987 2034">
    <p class='ocr_par' dir='ltr' id='par_1_19' title="bbox 442 1955 1987 2034">
     <span class='ocr_line' id='line_1_19' title="bbox 442 1955 1987 2034; baseline 0.005 -26"><span class='ocrx_word' id='word_1_146' title='bbox 442 1955 684 2011; x_wconf 79' lang='grc' dir='ltr'>ἈΛΛο.</span> <span class='ocrx_word' id='word_1_147' title='bbox 714 1955 778 2009; x_wconf 84' lang='grc' dir='ltr'>Εἰ</span> <span class='ocrx_word' id='word_1_148' title='bbox 811 1955 982 2021; x_wconf 85' lang='grc' dir='ltr'>αὑτός</span> <span class='ocrx_word' id='word_1_149' title='bbox 1015 1958 1167 2011; x_wconf 79' lang='grc' dir='ltr'>ἐστιν</span> <span class='ocrx_word' id='word_1_150' title='bbox 1199 1960 1228 2013; x_wconf 93' lang='lat'><strong>6</strong></span> <span class='ocrx_word' id='word_1_151' title='bbox 1256 1958 1387 2023; x_wconf 72' lang='lat' dir='ltr'><strong>I‘i6l;</strong></span> <span class='ocrx_word' id='word_1_152' title='bbox 1434 1960 1527 2015; x_wconf 81' lang='grc' dir='ltr'><strong>καί</strong></span> <span class='ocrx_word' id='word_1_153' title='bbox 1555 1959 1782 2034; x_wconf 77' lang='grc' dir='ltr'>Πατὴρ,</span> <span class='ocrx_word' id='word_1_154' title='bbox 1832 1963 1987 2017; x_wconf 82' lang='grc' dir='ltr'>ποῖον</span> 
     </span>
    </p>
   </div>
   <div class='ocr_carea' id='block_1_20' title="bbox 355 2047 1987 2127">
    <p class='ocr_par' dir='ltr' id='par_1_20' title="bbox 355 2047 1987 2127">
     <span class='ocr_line' id='line_1_20' title="bbox 355 2047 1987 2127; baseline 0.006 -26"><span class='ocrx_word' id='word_1_155' title='bbox 355 2047 484 2119; x_wconf 79' lang='grc' dir='ltr'>ἔχει</span> <span class='ocrx_word' id='word_1_156' title='bbox 540 2049 770 2122; x_wconf 84' lang='grc' dir='ltr'>λόγονή</span> <span class='ocrx_word' id='word_1_157' title='bbox 820 2050 932 2104; x_wconf 84' lang='grc' dir='ltr'><strong>τῶν</strong></span> <span class='ocrx_word' id='word_1_158' title='bbox 971 2049 1257 2123; x_wconf 79' lang='grc' dir='ltr'>ὀνομάτων</span> <span class='ocrx_word' id='word_1_159' title='bbox 1303 2051 1558 2126; x_wconf 88' lang='grc' dir='ltr'>διαστολή</span> <span class='ocrx_word' id='word_1_160' title='bbox 1592 2070 1608 2121; x_wconf 90' lang='grc'><strong>;</strong></span> <span class='ocrx_word' id='word_1_161' title='bbox 1640 2054 1702 2109; x_wconf 90' lang='grc' dir='ltr'>Εἰ</span> <span class='ocrx_word' id='word_1_162' title='bbox 1750 2055 1827 2126; x_wconf 83' lang='grc' dir='ltr'>μὴ</span> <span class='ocrx_word' id='word_1_163' title='bbox 1877 2056 1987 2127; x_wconf 85' lang='grc' dir='ltr'>γὰρ</span> 
     </span>
    </p>
   </div>
   <div class='ocr_carea' id='block_1_21' title="bbox 354 2142 1988 2220">
    <p class='ocr_par' dir='ltr' id='par_1_21' title="bbox 354 2142 1988 2220">
     <span class='ocr_line' id='line_1_21' title="bbox 354 2142 1988 2220; baseline 0.004 -26"><span class='ocrx_word' id='word_1_164' title='bbox 354 2142 505 2206; x_wconf 79' lang='grc' dir='ltr'>ὅλως</span> <span class='ocrx_word' id='word_1_165' title='bbox 535 2142 854 2215; x_wconf 78' lang='grc' dir='ltr'>ἐγέννησεν,</span> <span class='ocrx_word' id='word_1_166' title='bbox 884 2143 971 2197; x_wconf 80' lang='grc' dir='ltr'>ἵνα</span> <span class='ocrx_word' id='word_1_167' title='bbox 1001 2144 1056 2197; x_wconf 89' lang='grc' dir='ltr'><strong>τί</strong></span> <span class='ocrx_word' id='word_1_168' title='bbox 1079 2144 1544 2220; x_wconf 85' lang='grc' dir='ltr'>καλεῖταιΠατήρ</span> <span class='ocrx_word' id='word_1_169' title='bbox 1567 2165 1583 2215; x_wconf 88' lang='grc'><strong>;</strong></span> <span class='ocrx_word' id='word_1_170' title='bbox 1610 2147 1738 2210; x_wconf 87' lang='grc' dir='ltr'>Πῶς</span> <span class='ocrx_word' id='word_1_171' title='bbox 1769 2147 1825 2201; x_wconf 85' lang='grc' dir='ltr'><strong>δὲ</strong></span> <span class='ocrx_word' id='word_1_172' title='bbox 1849 2146 1988 2211; x_wconf 82' lang='grc' dir='ltr'>ὅλως</span> 
     </span>
    </p>
   </div>
   <div class='ocr_carea' id='block_1_22' title="bbox 357 2238 1990 2313">
    <p class='ocr_par' dir='ltr' id='par_1_22' title="bbox 357 2238 1990 2313">
     <span class='ocr_line' id='line_1_22' title="bbox 357 2238 1990 2313; baseline 0.003 -22"><span class='ocrx_word' id='word_1_173' title='bbox 357 2238 521 2302; x_wconf 81' lang='grc' dir='ltr'>Υἱὸς,</span> <span class='ocrx_word' id='word_1_174' title='bbox 559 2239 611 2292; x_wconf 90' lang='grc' dir='ltr'><strong>εἰ</strong></span> <span class='ocrx_word' id='word_1_175' title='bbox 650 2239 729 2311; x_wconf 79' lang='grc' dir='ltr'>μὴ</span> <span class='ocrx_word' id='word_1_176' title='bbox 767 2240 1037 2313; x_wconf 77' lang='grc' dir='ltr'>ἐγεννήθη</span> <span class='ocrx_word' id='word_1_177' title='bbox 1077 2240 1232 2313; x_wconf 86' lang='grc' dir='ltr'>παρὰ</span> <span class='ocrx_word' id='word_1_178' title='bbox 1280 2242 1496 2313; x_wconf 79' lang='grc' dir='ltr'>Πατρός</span> <span class='ocrx_word' id='word_1_179' title='bbox 1528 2259 1544 2309; x_wconf 88' lang='grc'><strong>;</strong></span> <span class='ocrx_word' id='word_1_180' title='bbox 1577 2243 1735 2297; x_wconf 80' lang='grc' dir='ltr'>Δίτεῖ</span> <span class='ocrx_word' id='word_1_181' title='bbox 1762 2243 1872 2313; x_wconf 91' lang='grc' dir='ltr'><strong>γάρ</strong></span> <span class='ocrx_word' id='word_1_182' title='bbox 1910 2243 1990 2307; x_wconf 86' lang='grc' dir='ltr'>ὠς</span> 
     </span>
    </p>
   </div>
   <div class='ocr_carea' id='block_1_23' title="bbox 358 2331 1989 2406">
    <p class='ocr_par' dir='ltr' id='par_1_23' title="bbox 358 2331 1989 2406">
     <span class='ocr_line' id='line_1_23' title="bbox 358 2331 1989 2406; baseline 0.003 -23"><span class='ocrx_word' id='word_1_183' title='bbox 358 2331 427 2397; x_wconf 73' lang='grc' dir='ltr'>ἐξ</span> <span class='ocrx_word' id='word_1_184' title='bbox 481 2332 738 2403; x_wconf 81' lang='grc' dir='ltr'>ἀνάγκης</span> <span class='ocrx_word' id='word_1_185' title='bbox 789 2332 892 2405; x_wconf 81' lang='grc' dir='ltr'>τὴν</span> <span class='ocrx_word' id='word_1_186' title='bbox 942 2332 1206 2406; x_wconf 83' lang='grc' dir='ltr'>τοιαύτην</span> <span class='ocrx_word' id='word_1_187' title='bbox 1257 2333 1344 2403; x_wconf 74' lang='grc' dir='ltr'><strong>ἐφ’</strong></span> <span class='ocrx_word' id='word_1_188' title='bbox 1393 2335 1607 2398; x_wconf 74' lang='grc' dir='ltr'>ἑαυτοῖς</span> <span class='ocrx_word' id='word_1_189' title='bbox 1652 2334 1890 2405; x_wconf 84' lang='grc' dir='ltr'>θεωρίαν</span> <span class='ocrx_word' id='word_1_190' title='bbox 1916 2333 1989 2388; x_wconf 89' lang='grc' dir='ltr'><strong>τά</strong></span> 
     </span>
    </p>
   </div>
   <div class='ocr_carea' id='block_1_24' title="bbox 357 2424 1987 2500">
    <p class='ocr_par' dir='ltr' id='par_1_24' title="bbox 357 2424 1987 2500">
     <span class='ocr_line' id='line_1_24' title="bbox 357 2424 1987 2500; baseline 0.002 -21"><span class='ocrx_word' id='word_1_191' title='bbox 357 2425 636 2497; x_wconf 81' lang='grc' dir='ltr'>ὀνόματα.</span> <span class='ocrx_word' id='word_1_192' title='bbox 679 2424 905 2499; x_wconf 81' lang='grc' dir='ltr'>Ἐπειδὴ</span> <span class='ocrx_word' id='word_1_193' title='bbox 935 2426 993 2480; x_wconf 86' lang='grc' dir='ltr'><strong>δὲ</strong></span> <span class='ocrx_word' id='word_1_194' title='bbox 1027 2427 1391 2500; x_wconf 83' lang='grc' dir='ltr'>γεγεννῆσθαι</span> <span class='ocrx_word' id='word_1_195' title='bbox 1436 2427 1528 2481; x_wconf 85' lang='grc' dir='ltr'><strong>τὸν</strong></span> <span class='ocrx_word' id='word_1_196' title='bbox 1563 2427 1692 2482; x_wconf 73' lang='grc' dir='ltr'>Υἰὺν</span> <span class='ocrx_word' id='word_1_197' title='bbox 1735 2429 1792 2483; x_wconf 89' lang='grc' dir='ltr'><strong>αἰ</strong></span> <span class='ocrx_word' id='word_1_198' title='bbox 1843 2427 1987 2484; x_wconf 88' lang='grc' dir='ltr'>θεῖαι</span> 
     </span>
    </p>
   </div>
   <div class='ocr_carea' id='block_1_25' title="bbox 360 2516 1987 2597">
    <p class='ocr_par' dir='ltr' id='par_1_25' title="bbox 360 2516 1987 2597">
     <span class='ocr_line' id='line_1_25' title="bbox 360 2516 1987 2597; baseline 0.004 -29"><span class='ocrx_word' id='word_1_199' title='bbox 360 2516 711 2589; x_wconf 75' lang='grc' dir='ltr'>κηρύττουσι</span> <span class='ocrx_word' id='word_1_200' title='bbox 738 2518 978 2592; x_wconf 74' lang='grc' dir='ltr'>Γραφαὶ,</span> <span class='ocrx_word' id='word_1_201' title='bbox 1022 2524 1123 2597; x_wconf 52' lang='grc' dir='ltr'><strong>καὶ</strong></span> <span class='ocrx_word' id='word_1_202' title='bbox 1156 2522 1186 2575; x_wconf 84' lang='lat'><strong>6</strong></span> <span class='ocrx_word' id='word_1_203' title='bbox 1225 2523 1325 2592; x_wconf 79' lang='grc' dir='ltr'>τῆς</span> <span class='ocrx_word' id='word_1_204' title='bbox 1370 2522 1634 2593; x_wconf 85' lang='grc' dir='ltr'>ἀληθείας</span> <span class='ocrx_word' id='word_1_205' title='bbox 1666 2520 1841 2586; x_wconf 79' lang='grc' dir='ltr'>οὕτως</span> <span class='ocrx_word' id='word_1_206' title='bbox 1871 2521 1987 2593; x_wconf 76' lang='grc' dir='ltr'>ἔχει</span> 
     </span>
    </p>
   </div>
   <div class='ocr_carea' id='block_1_26' title="bbox 358 2609 1987 2685">
    <p class='ocr_par' dir='ltr' id='par_1_26' title="bbox 358 2609 1987 2685">
     <span class='ocr_line' id='line_1_26' title="bbox 358 2609 1987 2685; baseline 0.005 -24"><span class='ocrx_word' id='word_1_207' title='bbox 358 2609 531 2677; x_wconf 79' lang='grc' dir='ltr'>λόγος</span> <span class='ocrx_word' id='word_1_208' title='bbox 557 2650 573 2674; x_wconf 88' lang='grc'><strong>,</strong></span> <span class='ocrx_word' id='word_1_209' title='bbox 611 2610 924 2684; x_wconf 70' lang='grc' dir='ltr'>ὑφέστηκεν</span> <span class='ocrx_word' id='word_1_210' title='bbox 976 2612 1088 2685; x_wconf 80' lang='grc' dir='ltr'><strong>ἄρα</strong></span> <span class='ocrx_word' id='word_1_211' title='bbox 1131 2614 1253 2668; x_wconf 80' lang='grc' dir='ltr'>καθ’</span> <span class='ocrx_word' id='word_1_212' title='bbox 1288 2615 1503 2671; x_wconf 81' lang='grc' dir='ltr'>ἑαυτόν.</span> <span class='ocrx_word' id='word_1_213' title='bbox 1534 2616 1688 2668; x_wconf 85' lang='grc' dir='ltr'>Ἔστι</span> <span class='ocrx_word' id='word_1_214' title='bbox 1725 2614 1782 2668; x_wconf 86' lang='grc' dir='ltr'><strong>δὲ</strong></span> <span class='ocrx_word' id='word_1_215' title='bbox 1824 2614 1987 2669; x_wconf 85' lang='grc' dir='ltr'>πάλιν</span> 
     </span>
    </p>
   </div>
   <div class='ocr_carea' id='block_1_27' title="bbox 361 2700 1987 2778">
    <p class='ocr_par' dir='ltr' id='par_1_27' title="bbox 361 2700 1987 2778">
     <span class='ocr_line' id='line_1_27' title="bbox 361 2700 1987 2778; baseline 0.004 -25"><span class='ocrx_word' id='word_1_216' title='bbox 361 2700 692 2766; x_wconf 68' lang='grc' dir='ltr'>ἰδιαζόντως</span> <span class='ocrx_word' id='word_1_217' title='bbox 727 2703 825 2757; x_wconf 74' lang='grc' dir='ltr'>καὶ</span> <span class='ocrx_word' id='word_1_218' title='bbox 851 2704 879 2757; x_wconf 96' lang='lat'><strong>6</strong></span> <span class='ocrx_word' id='word_1_219' title='bbox 907 2703 1125 2777; x_wconf 82' lang='grc' dir='ltr'>Πατὴρ,</span> <span class='ocrx_word' id='word_1_220' title='bbox 1149 2704 1309 2776; x_wconf 79' lang='grc' dir='ltr'>εἴπερ</span> <span class='ocrx_word' id='word_1_221' title='bbox 1338 2704 1524 2778; x_wconf 76' lang='grc' dir='ltr'>ἕτερον</span> <span class='ocrx_word' id='word_1_222' title='bbox 1553 2704 1612 2773; x_wconf 74' lang='grc' dir='ltr'>ἐξ</span> <span class='ocrx_word' id='word_1_223' title='bbox 1637 2705 1828 2777; x_wconf 81' lang='grc' dir='ltr'>ἐτέρου</span> <span class='ocrx_word' id='word_1_224' title='bbox 1858 2705 1987 2776; x_wconf 83' lang='grc' dir='ltr'>φαί-</span> 
     </span>
    </p>
   </div>
   <div class='ocr_carea' id='block_1_28' title="bbox 358 2794 1606 2869">
    <p class='ocr_par' dir='ltr' id='par_1_28' title="bbox 358 2794 1606 2869">
     <span class='ocr_line' id='line_1_28' title="bbox 358 2794 1606 2869; baseline 0.002 -21"><span class='ocrx_word' id='word_1_225' title='bbox 358 2813 521 2849; x_wconf 88' lang='grc' dir='ltr'>νεται</span> <span class='ocrx_word' id='word_1_226' title='bbox 551 2796 617 2850; x_wconf 82' lang='grc' dir='ltr'>τὸ</span> <span class='ocrx_word' id='word_1_227' title='bbox 651 2794 997 2869; x_wconf 80' lang='grc' dir='ltr'>γεννώμενον</span> <span class='ocrx_word' id='word_1_228' title='bbox 1020 2796 1097 2861; x_wconf 83' lang='grc' dir='ltr'>ὡς</span> <span class='ocrx_word' id='word_1_229' title='bbox 1120 2796 1259 2869; x_wconf 79' lang='grc' dir='ltr'>πρὸς</span> <span class='ocrx_word' id='word_1_230' title='bbox 1289 2797 1351 2852; x_wconf 79' lang='grc' dir='ltr'><strong>τὸ</strong></span> <span class='ocrx_word' id='word_1_231' title='bbox 1378 2798 1606 2868; x_wconf 86' lang='grc' dir='ltr'>γεννῶν.</span> 
     </span>
    </p>
   </div>
   <div class='ocr_carea' id='block_1_29' title="bbox 440 2978 1987 3053">
    <p class='ocr_par' dir='ltr' id='par_1_29' title="bbox 440 2978 1987 3053">
     <span class='ocr_line' id='line_1_29' title="bbox 440 2978 1987 3053; baseline 0.001 -20"><span class='ocrx_word' id='word_1_232' title='bbox 440 2980 685 3037; x_wconf 80' lang='lat' dir='ltr'><strong>&#39;AAAO.</strong></span> <span class='ocrx_word' id='word_1_233' title='bbox 730 2981 789 3035; x_wconf 85' lang='lat'><strong>&#39;0</strong></span> <span class='ocrx_word' id='word_1_234' title='bbox 838 2980 1112 3053; x_wconf 86' lang='grc' dir='ltr'>μακάριος</span> <span class='ocrx_word' id='word_1_235' title='bbox 1163 2978 1397 3047; x_wconf 79' lang='grc' dir='ltr'>Παῦλος,</span> <span class='ocrx_word' id='word_1_236' title='bbox 1426 2981 1759 3036; x_wconf 77' lang='grc' dir='ltr'>ἐπιστέλλων</span> <span class='ocrx_word' id='word_1_237' title='bbox 1795 2983 1987 3037; x_wconf 82' lang='grc' dir='ltr'>Φιλιπ-</span> 
     </span>
    </p>
   </div>
   <div class='ocr_carea' id='block_1_30' title="bbox 356 3062 1984 3147">
    <p class='ocr_par' dir='ltr' id='par_1_30' title="bbox 356 3062 1984 3147">
     <span class='ocr_line' id='line_1_30' title="bbox 356 3062 1984 3147; baseline -0.001 -18"><span class='ocrx_word' id='word_1_238' title='bbox 356 3075 617 3147; x_wconf 81' lang='grc' dir='ltr'>πησίοις,</span> <span class='ocrx_word' id='word_1_239' title='bbox 664 3073 908 3147; x_wconf 78' lang='grc' dir='ltr'>περὶτοῦ</span> <span class='ocrx_word' id='word_1_240' title='bbox 946 3073 1077 3128; x_wconf 85' lang='grc' dir='ltr'>Υἰοῦ</span> <span class='ocrx_word' id='word_1_241' title='bbox 1107 3090 1276 3146; x_wconf 85' lang='grc' dir='ltr'>φησιν</span> <span class='ocrx_word' id='word_1_242' title='bbox 1296 3089 1312 3107; x_wconf 77' lang='grc' dir='ltr'><strong><em>ο</em></strong></span> <span class='ocrx_word' id='word_1_243' title='bbox 1356 3092 1374 3125; x_wconf 89' lang='grc' dir='ltr'><strong>ι</strong></span> <span class='ocrx_word' id='word_1_244' title='bbox 1404 3075 1501 3138; x_wconf 88' lang='grc' dir='ltr'>Ὃς</span> <span class='ocrx_word' id='word_1_245' title='bbox 1531 3076 1590 3128; x_wconf 79' lang='grc' dir='ltr'>ὲν</span> <span class='ocrx_word' id='word_1_246' title='bbox 1626 3062 1819 3147; x_wconf 70' lang='grc' dir='ltr'>μορφῇ</span> <span class='ocrx_word' id='word_1_247' title='bbox 1846 3073 1984 3129; x_wconf 78' lang='grc' dir='ltr'>Θεοῦ</span> 
     </span>
    </p>
   </div>
   <div class='ocr_carea' id='block_1_31' title="bbox 356 3161 2060 3263">
    <p class='ocr_par' dir='ltr' id='par_1_31' title="bbox 356 3161 2060 3263">
     <span class='ocr_line' id='line_1_31' title="bbox 356 3161 2060 3263; baseline -0.001 -40"><span class='ocrx_word' id='word_1_248' title='bbox 356 3168 661 3240; x_wconf 77' lang='grc' dir='ltr'>ὑπάρχων,</span> <span class='ocrx_word' id='word_1_249' title='bbox 697 3169 800 3240; x_wconf 86' lang='grc' dir='ltr'><strong>οὑχ</strong></span> <span class='ocrx_word' id='word_1_250' title='bbox 829 3166 1128 3239; x_wconf 79' lang='grc' dir='ltr'>ἁρπαγμὸν</span> <span class='ocrx_word' id='word_1_251' title='bbox 1152 3168 1402 3240; x_wconf 80' lang='grc' dir='ltr'>ἡγήσατο</span> <span class='ocrx_word' id='word_1_252' title='bbox 1430 3167 1493 3220; x_wconf 88' lang='grc' dir='ltr'><strong>τὸ</strong></span> <span class='ocrx_word' id='word_1_253' title='bbox 1522 3161 1666 3221; x_wconf 78' lang='grc' dir='ltr'>εἶναι</span> <span class='ocrx_word' id='word_1_254' title='bbox 1688 3162 1783 3222; x_wconf 78' lang='grc' dir='ltr'>ἶσα</span> <span class='ocrx_word' id='word_1_255' title='bbox 1808 3167 1981 3241; x_wconf 76' lang='grc' dir='ltr'>Θεῷ.»</span> <span class='ocrx_word' id='word_1_256' title='bbox 2017 3205 2060 3263; x_wconf 76' lang='lat' dir='ltr'><strong><em>C</em></strong></span> 
     </span>
    </p>
   </div>
   <div class='ocr_carea' id='block_1_32' title="bbox 356 3256 1989 3333">
    <p class='ocr_par' dir='ltr' id='par_1_32' title="bbox 356 3256 1989 3333">
     <span class='ocr_line' id='line_1_32' title="bbox 356 3256 1989 3333; baseline 0.001 -20"><span class='ocrx_word' id='word_1_257' title='bbox 356 3260 465 3324; x_wconf 84' lang='grc' dir='ltr'>Τίς</span> <span class='ocrx_word' id='word_1_258' title='bbox 493 3256 591 3314; x_wconf 80' lang='grc' dir='ltr'><strong>οὖν</strong></span> <span class='ocrx_word' id='word_1_259' title='bbox 631 3258 745 3331; x_wconf 83' lang='grc' dir='ltr'>ἄρα</span> <span class='ocrx_word' id='word_1_260' title='bbox 776 3260 928 3314; x_wconf 78' lang='grc' dir='ltr'>ἐστὶν</span> <span class='ocrx_word' id='word_1_261' title='bbox 955 3261 983 3313; x_wconf 91' lang='lat'><strong>6</strong></span> <span class='ocrx_word' id='word_1_262' title='bbox 1002 3258 1302 3332; x_wconf 84' lang='grc' dir='ltr'>ἁρπαγμὸν</span> <span class='ocrx_word' id='word_1_263' title='bbox 1324 3259 1387 3314; x_wconf 94' lang='grc' dir='ltr'><strong>οὑ</strong></span> <span class='ocrx_word' id='word_1_264' title='bbox 1411 3259 1650 3332; x_wconf 87' lang='grc' dir='ltr'>θελήσας</span> <span class='ocrx_word' id='word_1_265' title='bbox 1675 3261 1989 3333; x_wconf 89' lang='grc' dir='ltr'>ήγήσασθαι</span> 
     </span>
    </p>
   </div>
   <div class='ocr_carea' id='block_1_33' title="bbox 354 3346 1987 3425">
    <p class='ocr_par' dir='ltr' id='par_1_33' title="bbox 354 3346 1987 3425">
     <span class='ocr_line' id='line_1_33' title="bbox 354 3346 1987 3425; baseline 0.001 -20"><span class='ocrx_word' id='word_1_266' title='bbox 354 3352 427 3405; x_wconf 79' lang='grc' dir='ltr'><strong>τὸ</strong></span> <span class='ocrx_word' id='word_1_267' title='bbox 474 3346 622 3406; x_wconf 83' lang='grc' dir='ltr'>εἶναι</span> <span class='ocrx_word' id='word_1_268' title='bbox 670 3347 767 3405; x_wconf 77' lang='grc' dir='ltr'>ἶσα</span> <span class='ocrx_word' id='word_1_269' title='bbox 795 3350 956 3423; x_wconf 84' lang='grc' dir='ltr'><strong>Θεῷ;</strong></span> <span class='ocrx_word' id='word_1_270' title='bbox 993 3351 1065 3406; x_wconf 87' lang='grc' dir='ltr'><strong><em>Ἥ</em></strong></span> <span class='ocrx_word' id='word_1_271' title='bbox 1120 3350 1232 3423; x_wconf 82' lang='grc' dir='ltr'><strong>γάρ</strong></span> <span class='ocrx_word' id='word_1_272' title='bbox 1261 3351 1364 3406; x_wconf 89' lang='grc' dir='ltr'><strong>οὑκ</strong></span> <span class='ocrx_word' id='word_1_273' title='bbox 1396 3351 1613 3425; x_wconf 85' lang='grc' dir='ltr'>ἀνάγκη</span> <span class='ocrx_word' id='word_1_274' title='bbox 1662 3352 1863 3425; x_wconf 84' lang='grc' dir='ltr'>λέγειν,</span> <span class='ocrx_word' id='word_1_275' title='bbox 1890 3352 1987 3408; x_wconf 74' lang='grc' dir='ltr'>ἕνα</span> 
     </span>
    </p>
   </div>
   <div class='ocr_carea' id='block_1_34' title="bbox 357 3444 1990 3519">
    <p class='ocr_par' dir='ltr' id='par_1_34' title="bbox 357 3444 1990 3519">
     <span class='ocr_line' id='line_1_34' title="bbox 357 3444 1990 3519; baseline -0.001 -18"><span class='ocrx_word' id='word_1_276' title='bbox 357 3446 472 3519; x_wconf 78' lang='grc' dir='ltr'>μέν</span> <span class='ocrx_word' id='word_1_277' title='bbox 506 3464 634 3501; x_wconf 89' lang='grc' dir='ltr'>τινα</span> <span class='ocrx_word' id='word_1_278' title='bbox 663 3446 937 3518; x_wconf 82' lang='grc' dir='ltr'>ὑπάρχειν</span> <span class='ocrx_word' id='word_1_279' title='bbox 969 3444 1063 3499; x_wconf 87' lang='grc' dir='ltr'><strong>τὸν</strong></span> <span class='ocrx_word' id='word_1_280' title='bbox 1090 3446 1151 3500; x_wconf 84' lang='grc' dir='ltr'>ὲν</span> <span class='ocrx_word' id='word_1_281' title='bbox 1184 3446 1369 3518; x_wconf 80' lang='grc' dir='ltr'>μορφῇ</span> <span class='ocrx_word' id='word_1_282' title='bbox 1393 3444 1553 3510; x_wconf 82' lang='grc' dir='ltr'>Θεοῦ,</span> <span class='ocrx_word' id='word_1_283' title='bbox 1576 3445 1765 3517; x_wconf 80' lang='grc' dir='ltr'>ἕτερον</span> <span class='ocrx_word' id='word_1_284' title='bbox 1793 3445 1851 3500; x_wconf 84' lang='grc' dir='ltr'><strong>δὲ</strong></span> <span class='ocrx_word' id='word_1_285' title='bbox 1882 3445 1990 3500; x_wconf 87' lang='grc' dir='ltr'>πά-</span> 
     </span>
    </p>
   </div>
   <div class='ocr_carea' id='block_1_35' title="bbox 356 3529 1989 3609">
    <p class='ocr_par' dir='ltr' id='par_1_35' title="bbox 356 3529 1989 3609">
     <span class='ocr_line' id='line_1_35' title="bbox 356 3529 1989 3609; baseline -0.001 -18"><span class='ocrx_word' id='word_1_286' title='bbox 356 3538 454 3592; x_wconf 89' lang='grc' dir='ltr'><strong>λιν</strong></span> <span class='ocrx_word' id='word_1_287' title='bbox 507 3536 604 3593; x_wconf 79' lang='grc' dir='ltr'>τὸν</span> <span class='ocrx_word' id='word_1_288' title='bbox 637 3529 815 3609; x_wconf 76' lang='grc' dir='ltr'>οὗπερ</span> <span class='ocrx_word' id='word_1_289' title='bbox 857 3532 926 3609; x_wconf 80' lang='grc' dir='ltr'>ἦν</span> <span class='ocrx_word' id='word_1_290' title='bbox 965 3537 999 3608; x_wconf 92' lang='grc' dir='ltr'><strong>ή</strong></span> <span class='ocrx_word' id='word_1_291' title='bbox 1033 3536 1217 3607; x_wconf 66' lang='grc' dir='ltr'>μορφή</span> <span class='ocrx_word' id='word_1_292' title='bbox 1246 3550 1261 3601; x_wconf 88' lang='lat'><strong>;</strong></span> <span class='ocrx_word' id='word_1_293' title='bbox 1307 3534 1448 3588; x_wconf 83' lang='grc' dir='ltr'>Ἀλλ’</span> <span class='ocrx_word' id='word_1_294' title='bbox 1480 3534 1596 3589; x_wconf 78' lang='grc' dir='ltr'>ἔστι</span> <span class='ocrx_word' id='word_1_295' title='bbox 1628 3535 1787 3607; x_wconf 76' lang='grc' dir='ltr'>δῆλον</span> <span class='ocrx_word' id='word_1_296' title='bbox 1814 3536 1989 3591; x_wconf 77' lang='grc' dir='ltr'>ἅπασι</span> 
     </span>
    </p>
   </div>
   <div class='ocr_carea' id='block_1_36' title="bbox 358 3627 1989 3703">
    <p class='ocr_par' dir='ltr' id='par_1_36' title="bbox 358 3627 1989 3703">
     <span class='ocr_line' id='line_1_36' title="bbox 358 3627 1989 3703; baseline -0.001 -18"><span class='ocrx_word' id='word_1_297' title='bbox 358 3632 466 3686; x_wconf 81' lang='grc' dir='ltr'>καὶ</span> <span class='ocrx_word' id='word_1_298' title='bbox 495 3629 965 3703; x_wconf 82' lang='grc' dir='ltr'>ὁμολογούμενον.</span> <span class='ocrx_word' id='word_1_299' title='bbox 997 3627 1211 3683; x_wconf 76' lang='grc' dir='ltr'>Οὐκοῦν</span> <span class='ocrx_word' id='word_1_300' title='bbox 1243 3628 1343 3699; x_wconf 88' lang='grc' dir='ltr'><strong>οὑχ</strong></span> <span class='ocrx_word' id='word_1_301' title='bbox 1370 3627 1433 3681; x_wconf 85' lang='grc' dir='ltr'><strong>’ἐν</strong></span> <span class='ocrx_word' id='word_1_302' title='bbox 1458 3646 1511 3682; x_wconf 90' lang='grc' dir='ltr'><strong>τι</strong></span> <span class='ocrx_word' id='word_1_303' title='bbox 1556 3630 1652 3683; x_wconf 73' lang='grc' dir='ltr'><strong>καὶ</strong></span> <span class='ocrx_word' id='word_1_304' title='bbox 1678 3628 1878 3683; x_wconf 80' lang='grc' dir='ltr'>ταυτὸν</span> <span class='ocrx_word' id='word_1_305' title='bbox 1910 3628 1989 3702; x_wconf 79' lang='grc' dir='ltr'>τῷ</span> 
     </span>
    </p>
   </div>
   <div class='ocr_carea' id='block_1_37' title="bbox 355 3720 1989 3796">
    <p class='ocr_par' dir='ltr' id='par_1_37' title="bbox 355 3720 1989 3796">
     <span class='ocr_line' id='line_1_37' title="bbox 355 3720 1989 3796; baseline 0 -19"><span class='ocrx_word' id='word_1_306' title='bbox 355 3722 596 3796; x_wconf 78' lang='grc' dir='ltr'>ἀριθμῷ</span> <span class='ocrx_word' id='word_1_307' title='bbox 651 3723 847 3795; x_wconf 80' lang='grc' dir='ltr'>Πατήρ</span> <span class='ocrx_word' id='word_1_308' title='bbox 892 3722 992 3778; x_wconf 74' lang='grc' dir='ltr'><strong>καὶ</strong></span> <span class='ocrx_word' id='word_1_309' title='bbox 1037 3720 1190 3788; x_wconf 83' lang='grc' dir='ltr'>Υἱὸς,</span> <span class='ocrx_word' id='word_1_310' title='bbox 1212 3720 1330 3775; x_wconf 82' lang='grc' dir='ltr'>ἀλλ’</span> <span class='ocrx_word' id='word_1_311' title='bbox 1374 3720 1765 3788; x_wconf 84' lang='grc' dir='ltr'>ἱδιοσύστατοι,</span> <span class='ocrx_word' id='word_1_312' title='bbox 1794 3723 1888 3777; x_wconf 79' lang='grc' dir='ltr'>καὶ</span> <span class='ocrx_word' id='word_1_313' title='bbox 1929 3724 1989 3777; x_wconf 85' lang='grc' dir='ltr'>ὲν</span> 
     </span>
    </p>
   </div>
   <div class='ocr_carea' id='block_1_38' title="bbox 355 3812 1987 3887">
    <p class='ocr_par' dir='ltr' id='par_1_38' title="bbox 355 3812 1987 3887">
     <span class='ocr_line' id='line_1_38' title="bbox 355 3812 1987 3887; baseline 0 -18"><span class='ocrx_word' id='word_1_314' title='bbox 355 3815 629 3886; x_wconf 84' lang='grc' dir='ltr'>ἀλλήλοις</span> <span class='ocrx_word' id='word_1_315' title='bbox 658 3813 1067 3887; x_wconf 88' lang='grc' dir='ltr'>θεωρούμενοι,</span> <span class='ocrx_word' id='word_1_316' title='bbox 1098 3812 1246 3869; x_wconf 88' lang='grc' dir='ltr'><strong>κατά</strong></span> <span class='ocrx_word' id='word_1_317' title='bbox 1273 3814 1375 3887; x_wconf 82' lang='grc' dir='ltr'><strong>τὴν</strong></span> <span class='ocrx_word' id='word_1_318' title='bbox 1424 3813 1736 3886; x_wconf 86' lang='grc' dir='ltr'>ταυτότητα</span> <span class='ocrx_word' id='word_1_319' title='bbox 1761 3813 1863 3886; x_wconf 83' lang='grc' dir='ltr'>τῆς</span> <span class='ocrx_word' id='word_1_320' title='bbox 1895 3814 1987 3869; x_wconf 87' lang='grc' dir='ltr'>οὑ-</span> 
     </span>
    </p>
   </div>
   <div class='ocr_carea' id='block_1_39' title="bbox 357 3901 1983 3981">
    <p class='ocr_par' dir='ltr' id='par_1_39' title="bbox 357 3901 1983 3981">
     <span class='ocr_line' id='line_1_39' title="bbox 357 3901 1983 3981; baseline 0 -18"><span class='ocrx_word' id='word_1_321' title='bbox 357 3910 491 3973; x_wconf 86' lang='grc' dir='ltr'>σίας</span> <span class='ocrx_word' id='word_1_322' title='bbox 514 3948 532 3975; x_wconf 85' lang='grc'><strong>,</strong></span> <span class='ocrx_word' id='word_1_323' title='bbox 564 3909 615 3962; x_wconf 88' lang='grc' dir='ltr'><strong>εἰ</strong></span> <span class='ocrx_word' id='word_1_324' title='bbox 651 3909 749 3963; x_wconf 73' lang='grc' dir='ltr'><strong>καὶ</strong></span> <span class='ocrx_word' id='word_1_325' title='bbox 787 3901 871 3972; x_wconf 75' lang='grc' dir='ltr'>εἷς</span> <span class='ocrx_word' id='word_1_326' title='bbox 915 3906 977 3974; x_wconf 79' lang='grc' dir='ltr'><strong>ἐξ</strong></span> <span class='ocrx_word' id='word_1_327' title='bbox 1009 3907 1163 3975; x_wconf 80' lang='grc' dir='ltr'>ἑνὸς,</span> <span class='ocrx_word' id='word_1_328' title='bbox 1194 3907 1261 3961; x_wconf 81' lang='grc' dir='ltr'>ὲκ</span> <span class='ocrx_word' id='word_1_329' title='bbox 1295 3906 1512 3979; x_wconf 84' lang='grc' dir='ltr'>Πατρὸς</span> <span class='ocrx_word' id='word_1_330' title='bbox 1544 3908 1573 3961; x_wconf 96' lang='lat'><strong>6</strong></span> <span class='ocrx_word' id='word_1_331' title='bbox 1598 3907 1731 3973; x_wconf 80' lang='grc' dir='ltr'>Υἰὸς</span> <span class='ocrx_word' id='word_1_332' title='bbox 1757 3907 1983 3981; x_wconf 85' lang='grc' dir='ltr'>δηλαδή.</span> 
     </span>
    </p>
   </div>
   <div class='ocr_carea' id='block_1_40' title="bbox 440 4172 1988 4247">
    <p class='ocr_par' dir='ltr' id='par_1_40' title="bbox 440 4172 1988 4247">
     <span class='ocr_line' id='line_1_40' title="bbox 440 4172 1988 4247; baseline -0.001 -16"><span class='ocrx_word' id='word_1_333' title='bbox 440 4175 686 4231; x_wconf 79' lang='lat' dir='ltr'><strong>&#39;AAAO.</strong></span> <span class='ocrx_word' id='word_1_334' title='bbox 714 4194 734 4228; x_wconf 82' lang='grc' dir='ltr'><strong>ι</strong></span> <span class='ocrx_word' id='word_1_335' title='bbox 783 4174 928 4245; x_wconf 86' lang='grc' dir='ltr'><strong>Ἐγὼ</strong></span> <span class='ocrx_word' id='word_1_336' title='bbox 951 4174 1049 4229; x_wconf 71' lang='grc' dir='ltr'><strong>καὶ</strong></span> <span class='ocrx_word' id='word_1_337' title='bbox 1078 4175 1107 4229; x_wconf 91' lang='lat'><strong>6</strong></span> <span class='ocrx_word' id='word_1_338' title='bbox 1133 4172 1325 4247; x_wconf 78' lang='grc' dir='ltr'>Πατὴρ</span> <span class='ocrx_word' id='word_1_339' title='bbox 1359 4172 1418 4229; x_wconf 75' lang='grc' dir='ltr'>ἓν</span> <span class='ocrx_word' id='word_1_340' title='bbox 1456 4174 1650 4246; x_wconf 77' lang='grc' dir='ltr'>ἐσμεν,</span> <span class='ocrx_word' id='word_1_341' title='bbox 1688 4194 1709 4229; x_wconf 73' lang='grc' dir='ltr'><strong>ι</strong></span> <span class='ocrx_word' id='word_1_342' title='bbox 1744 4174 1988 4247; x_wconf 79' lang='grc' dir='ltr'>ἔφασκεν</span> 
     </span>
    </p>
   </div>
   <div class='ocr_carea' id='block_1_41' title="bbox 355 4267 1989 4343">
    <p class='ocr_par' dir='ltr' id='par_1_41' title="bbox 355 4267 1989 4343">
     <span class='ocr_line' id='line_1_41' title="bbox 355 4267 1989 4343; baseline -0.003 -17"><span class='ocrx_word' id='word_1_343' title='bbox 355 4273 387 4326; x_wconf 93' lang='lat'><strong>6</strong></span> <span class='ocrx_word' id='word_1_344' title='bbox 426 4271 669 4343; x_wconf 79' lang='grc' dir='ltr'>Σωτήρ’</span> <span class='ocrx_word' id='word_1_345' title='bbox 701 4269 779 4333; x_wconf 81' lang='grc' dir='ltr'>ὡς</span> <span class='ocrx_word' id='word_1_346' title='bbox 811 4268 971 4335; x_wconf 87' lang='grc' dir='ltr'>εἰδὼς</span> <span class='ocrx_word' id='word_1_347' title='bbox 1002 4267 1250 4341; x_wconf 83' lang='grc' dir='ltr'>δηλονότι</span> <span class='ocrx_word' id='word_1_348' title='bbox 1286 4268 1382 4323; x_wconf 74' lang='grc' dir='ltr'><strong>καὶ</strong></span> <span class='ocrx_word' id='word_1_349' title='bbox 1433 4267 1630 4322; x_wconf 81' lang='grc' dir='ltr'>ἑαυτὸν</span> <span class='ocrx_word' id='word_1_350' title='bbox 1692 4269 1840 4333; x_wconf 86' lang='grc' dir='ltr'>ἰδίως</span> <span class='ocrx_word' id='word_1_351' title='bbox 1885 4270 1989 4339; x_wconf 75' lang='grc' dir='ltr'><strong>ὑφ-</strong></span> 
     </span>
    </p>
   </div>
   <div class='ocr_carea' id='block_1_42' title="bbox 353 4360 1986 4438">
    <p class='ocr_par' dir='ltr' id='par_1_42' title="bbox 353 4360 1986 4438">
     <span class='ocr_line' id='line_1_42' title="bbox 353 4360 1986 4438; baseline -0.003 -17"><span class='ocrx_word' id='word_1_352' title='bbox 353 4365 669 4438; x_wconf 82' lang='grc' dir='ltr'>εστηκότα,</span> <span class='ocrx_word' id='word_1_353' title='bbox 697 4364 795 4420; x_wconf 59' lang='grc' dir='ltr'><strong>καὶ¹</strong></span> <span class='ocrx_word' id='word_1_354' title='bbox 828 4364 921 4418; x_wconf 76' lang='grc' dir='ltr'>τὸν</span> <span class='ocrx_word' id='word_1_355' title='bbox 949 4362 1178 4435; x_wconf 85' lang='grc' dir='ltr'>Πατέρα</span> <span class='ocrx_word' id='word_1_356' title='bbox 1201 4378 1215 4392; x_wconf 71' lang='grc'><strong><em>⁸</em></strong></span> <span class='ocrx_word' id='word_1_357' title='bbox 1243 4362 1309 4416; x_wconf 86' lang='grc' dir='ltr'>Εἰ</span> <span class='ocrx_word' id='word_1_358' title='bbox 1333 4361 1391 4415; x_wconf 83' lang='grc' dir='ltr'><strong>δὲ</strong></span> <span class='ocrx_word' id='word_1_359' title='bbox 1428 4361 1504 4433; x_wconf 86' lang='grc' dir='ltr'>μὴ</span> <span class='ocrx_word' id='word_1_360' title='bbox 1534 4360 1710 4426; x_wconf 79' lang='grc' dir='ltr'>οὕτως</span> <span class='ocrx_word' id='word_1_361' title='bbox 1739 4360 1853 4433; x_wconf 79' lang='grc' dir='ltr'>ἔχει</span> <span class='ocrx_word' id='word_1_362' title='bbox 1889 4362 1986 4416; x_wconf 79' lang='grc' dir='ltr'>τοῦ</span> 
     </span>
    </p>
   </div>
   <div class='ocr_carea' id='block_1_43' title="bbox 360 4452 1987 4530">
    <p class='ocr_par' dir='ltr' id='par_1_43' title="bbox 360 4452 1987 4530">
     <span class='ocr_line' id='line_1_43' title="bbox 360 4452 1987 4530; baseline -0.004 -18"><span class='ocrx_word' id='word_1_363' title='bbox 360 4459 705 4530; x_wconf 76' lang='grc' dir='ltr'>πράγματος</span> <span class='ocrx_word' id='word_1_364' title='bbox 756 4456 791 4527; x_wconf 87' lang='grc' dir='ltr'>ἠ</span> <span class='ocrx_word' id='word_1_365' title='bbox 834 4454 1083 4527; x_wconf 88' lang='grc' dir='ltr'>ἀλήθεια,</span> <span class='ocrx_word' id='word_1_366' title='bbox 1110 4457 1166 4506; x_wconf 90' lang='grc' dir='ltr'><strong>τί</strong></span> <span class='ocrx_word' id='word_1_367' title='bbox 1221 4452 1297 4526; x_wconf 84' lang='grc' dir='ltr'>μὴ</span> <span class='ocrx_word' id='word_1_368' title='bbox 1340 4453 1590 4524; x_wconf 82' lang='grc' dir='ltr'>τηρήσας</span> <span class='ocrx_word' id='word_1_369' title='bbox 1628 4454 1695 4525; x_wconf 81' lang='grc' dir='ltr'>τῇ</span> <span class='ocrx_word' id='word_1_370' title='bbox 1744 4452 1891 4507; x_wconf 78' lang='grc' dir='ltr'>ὲνάδι</span> <span class='ocrx_word' id='word_1_371' title='bbox 1926 4452 1987 4506; x_wconf 84' lang='grc' dir='ltr'><strong>τὸ</strong></span> 
     </span>
    </p>
   </div>
   <div class='ocr_carea' id='block_1_44' title="bbox 2089 561 3688 639">
    <p class='ocr_par' dir='ltr' id='par_1_44' title="bbox 2089 561 3688 639">
     <span class='ocr_line' id='line_1_44' title="bbox 2089 561 3688 639; baseline -0.002 -18"><span class='ocrx_word' id='word_1_372' title='bbox 2089 568 2231 637; x_wconf 84' lang='lat' dir='ltr'><strong>ipse,</strong></span> <span class='ocrx_word' id='word_1_373' title='bbox 2261 578 2319 621; x_wconf 89' lang='lat' dir='ltr'><strong>ut</strong></span> <span class='ocrx_word' id='word_1_374' title='bbox 2342 568 2503 639; x_wconf 87' lang='lat' dir='ltr'><strong>prius</strong></span> <span class='ocrx_word' id='word_1_375' title='bbox 2536 569 2654 639; x_wconf 80' lang='lat' dir='ltr'><strong>jam</strong></span> <span class='ocrx_word' id='word_1_376' title='bbox 2687 566 2898 624; x_wconf 88' lang='lat' dir='ltr'><strong>dictum</strong></span> <span class='ocrx_word' id='word_1_377' title='bbox 2943 575 3055 635; x_wconf 91' lang='lat' dir='ltr'><strong>est,</strong></span> <span class='ocrx_word' id='word_1_378' title='bbox 3082 575 3140 623; x_wconf 91' lang='lat' dir='ltr'><strong>et</strong></span> <span class='ocrx_word' id='word_1_379' title='bbox 3173 565 3418 638; x_wconf 85' lang='lat' dir='ltr'><strong>perfecte</strong></span> <span class='ocrx_word' id='word_1_380' title='bbox 3465 565 3534 621; x_wconf 90' lang='lat' dir='ltr'><strong>ad</strong></span> <span class='ocrx_word' id='word_1_381' title='bbox 3570 561 3688 619; x_wconf 79' lang='lat' dir='ltr'><strong>for—</strong></span> 
     </span>
    </p>
   </div>
   <div class='ocr_carea' id='block_1_45' title="bbox 2087 654 3690 730">
    <p class='ocr_par' dir='ltr' id='par_1_45' title="bbox 2087 654 3690 730">
     <span class='ocr_line' id='line_1_45' title="bbox 2087 654 3690 730; baseline -0.002 -19"><span class='ocrx_word' id='word_1_382' title='bbox 2087 672 2234 711; x_wconf 87' lang='lat' dir='ltr'><strong>mam</strong></span> <span class='ocrx_word' id='word_1_383' title='bbox 2269 656 2457 714; x_wconf 89' lang='lat' dir='ltr'><strong>Patris</strong></span> <span class='ocrx_word' id='word_1_384' title='bbox 2504 673 2826 730; x_wconf 79' lang='lat' dir='ltr'><strong>expressus,</strong></span> <span class='ocrx_word' id='word_1_385' title='bbox 2868 658 3131 729; x_wconf 83' lang='lat' dir='ltr'><strong>idemque</strong></span> <span class='ocrx_word' id='word_1_386' title='bbox 3176 654 3594 727; x_wconf 80' lang='lat' dir='ltr'><strong>simplicissime</strong></span> <span class='ocrx_word' id='word_1_387' title='bbox 3622 670 3690 709; x_wconf 84' lang='lat' dir='ltr'><strong>ex</strong></span> 
     </span>
    </p>
   </div>
   <div class='ocr_carea' id='block_1_46' title="bbox 2087 749 3692 822">
    <p class='ocr_par' dir='ltr' id='par_1_46' title="bbox 2087 749 3692 822">
     <span class='ocr_line' id='line_1_46' title="bbox 2087 749 3692 822; baseline -0.001 -20"><span class='ocrx_word' id='word_1_388' title='bbox 2087 757 2289 803; x_wconf 89' lang='lat' dir='ltr'><strong>natura</strong></span> <span class='ocrx_word' id='word_1_389' title='bbox 2321 765 2425 805; x_wconf 92' lang='lat' dir='ltr'><strong>sua</strong></span> <span class='ocrx_word' id='word_1_390' title='bbox 2458 752 2577 822; x_wconf 90' lang='lat' dir='ltr'><strong>ipse</strong></span> <span class='ocrx_word' id='word_1_391' title='bbox 2610 753 2666 807; x_wconf 93' lang='lat' dir='ltr'><strong>in</strong></span> <span class='ocrx_word' id='word_1_392' title='bbox 2703 751 2891 822; x_wconf 88' lang='lat' dir='ltr'><strong>seipso</strong></span> <span class='ocrx_word' id='word_1_393' title='bbox 2921 749 3139 806; x_wconf 89' lang='lat' dir='ltr'><strong>Patrem</strong></span> <span class='ocrx_word' id='word_1_394' title='bbox 3172 750 3493 821; x_wconf 79' lang='lat' dir='ltr'><strong>exprimens</strong></span> <span class='ocrx_word' id='word_1_395' title='bbox 3524 766 3537 802; x_wconf 92' lang='lat'><strong>:</strong></span> <span class='ocrx_word' id='word_1_396' title='bbox 3577 762 3692 802; x_wconf 84' lang='lat' dir='ltr'><strong>non</strong></span> 
     </span>
    </p>
   </div>
   <div class='ocr_carea' id='block_1_47' title="bbox 2088 839 3691 916">
    <p class='ocr_par' dir='ltr' id='par_1_47' title="bbox 2088 839 3691 916">
     <span class='ocr_line' id='line_1_47' title="bbox 2088 839 3691 916; baseline -0.001 -21"><span class='ocrx_word' id='word_1_397' title='bbox 2088 850 2277 897; x_wconf 88' lang='lat' dir='ltr'><strong>tamen</strong></span> <span class='ocrx_word' id='word_1_398' title='bbox 2304 842 2521 899; x_wconf 88' lang='lat' dir='ltr'><strong>idcirco</strong></span> <span class='ocrx_word' id='word_1_399' title='bbox 2551 846 2791 916; x_wconf 65' lang='lat' dir='ltr'><strong>propriae</strong></span> <span class='ocrx_word' id='word_1_400' title='bbox 2814 843 3161 900; x_wconf 76' lang='lat' dir='ltr'><strong>exsistcntize</strong></span> <span class='ocrx_word' id='word_1_401' title='bbox 3184 842 3467 914; x_wconf 85' lang='lat' dir='ltr'><strong>jacturam</strong></span> <span class='ocrx_word' id='word_1_402' title='bbox 3501 839 3691 905; x_wconf 89' lang='lat' dir='ltr'><strong>faciet,</strong></span> 
     </span>
    </p>
   </div>
   <div class='ocr_carea' id='block_1_48' title="bbox 2089 936 3692 1008">
    <p class='ocr_par' dir='ltr' id='par_1_48' title="bbox 2089 936 3692 1008">
     <span class='ocr_line' id='line_1_48' title="bbox 2089 936 3692 1008; baseline 0.002 -20"><span class='ocrx_word' id='word_1_403' title='bbox 2089 950 2274 1005; x_wconf 89' lang='lat' dir='ltr'><strong>neque</strong></span> <span class='ocrx_word' id='word_1_404' title='bbox 2321 937 2572 992; x_wconf 78' lang='lat' dir='ltr'><strong>vicissim</strong></span> <span class='ocrx_word' id='word_1_405' title='bbox 2621 936 2783 992; x_wconf 87' lang='lat' dir='ltr'><strong>Pater</strong></span> <span class='ocrx_word' id='word_1_406' title='bbox 2821 951 2920 1008; x_wconf 89' lang='lat' dir='ltr'><strong>per</strong></span> <span class='ocrx_word' id='word_1_407' title='bbox 2964 951 3024 992; x_wconf 88' lang='lat' dir='ltr'><strong>se</strong></span> <span class='ocrx_word' id='word_1_408' title='bbox 3073 938 3387 992; x_wconf 76' lang='lat' dir='ltr'><strong>subsistere</strong></span> <span class='ocrx_word' id='word_1_409' title='bbox 3433 936 3692 1003; x_wconf 83' lang='lat' dir='ltr'><strong>desinet;</strong></span> 
     </span>
    </p>
   </div>
   <div class='ocr_carea' id='block_1_49' title="bbox 2089 1026 3691 1085">
    <p class='ocr_par' dir='ltr' id='par_1_49' title="bbox 2089 1026 3691 1085">
     <span class='ocr_line' id='line_1_49' title="bbox 2089 1026 3691 1085; baseline 0 -4"><span class='ocrx_word' id='word_1_410' title='bbox 2089 1027 2183 1082; x_wconf 87' lang='lat' dir='ltr'><strong>sed</strong></span> <span class='ocrx_word' id='word_1_411' title='bbox 2213 1042 2319 1084; x_wconf 90' lang='lat' dir='ltr'><strong>nec</strong></span> <span class='ocrx_word' id='word_1_412' title='bbox 2357 1043 2574 1084; x_wconf 87' lang='lat' dir='ltr'><strong>summa</strong></span> <span class='ocrx_word' id='word_1_413' title='bbox 2616 1029 2709 1083; x_wconf 85' lang='lat' dir='ltr'><strong>illa</strong></span> <span class='ocrx_word' id='word_1_414' title='bbox 2742 1028 3058 1085; x_wconf 77' lang='lat' dir='ltr'><strong>similitudo</strong></span> <span class='ocrx_word' id='word_1_415' title='bbox 3096 1026 3486 1083; x_wconf 79' lang='lat' dir='ltr'><strong>confusionem</strong></span> <span class='ocrx_word' id='word_1_416' title='bbox 3518 1028 3691 1081; x_wconf 85' lang='lat' dir='ltr'><strong>ullam</strong></span> 
     </span>
    </p>
   </div>
   <div class='ocr_carea' id='block_1_50' title="bbox 2090 1115 3692 1188">
    <p class='ocr_par' dir='ltr' id='par_1_50' title="bbox 2090 1115 3692 1188">
     <span class='ocr_line' id='line_1_50' title="bbox 2090 1115 3692 1188; baseline -0.001 -17"><span class='ocrx_word' id='word_1_417' title='bbox 2090 1116 2494 1188; x_wconf 81' lang='lat' dir='ltr'><strong>hypostasibus</strong></span> <span class='ocrx_word' id='word_1_418' title='bbox 2524 1116 2738 1185; x_wconf 76' lang='lat' dir='ltr'><strong>aﬂeret,</strong></span> <span class='ocrx_word' id='word_1_419' title='bbox 2777 1119 2851 1174; x_wconf 89' lang='lat' dir='ltr'><strong>ita</strong></span> <span class='ocrx_word' id='word_1_420' title='bbox 2888 1125 2949 1173; x_wconf 92' lang='lat' dir='ltr'><strong>ut</strong></span> <span class='ocrx_word' id='word_1_421' title='bbox 2986 1132 3097 1173; x_wconf 90' lang='lat' dir='ltr'><strong>una</strong></span> <span class='ocrx_word' id='word_1_422' title='bbox 3144 1133 3233 1173; x_wconf 87' lang='lat' dir='ltr'><strong>res</strong></span> <span class='ocrx_word' id='word_1_423' title='bbox 3264 1132 3498 1173; x_wconf 89' lang='lat' dir='ltr'><strong>numero</strong></span> <span class='ocrx_word' id='word_1_424' title='bbox 3528 1115 3692 1171; x_wconf 90' lang='lat' dir='ltr'><strong>intel-</strong></span> 
     </span>
    </p>
   </div>
   <div class='ocr_carea' id='block_1_51' title="bbox 2087 1209 3694 1284">
    <p class='ocr_par' dir='ltr' id='par_1_51' title="bbox 2087 1209 3694 1284">
     <span class='ocr_line' id='line_1_51' title="bbox 2087 1209 3694 1284; baseline -0.001 -20"><span class='ocrx_word' id='word_1_425' title='bbox 2087 1209 2293 1280; x_wconf 78' lang='lat' dir='ltr'><strong>ligatur</strong></span> <span class='ocrx_word' id='word_1_426' title='bbox 2328 1210 2494 1268; x_wconf 85' lang='lat' dir='ltr'><strong>Pater</strong></span> <span class='ocrx_word' id='word_1_427' title='bbox 2528 1212 2624 1283; x_wconf 88' lang='lat' dir='ltr'><strong>qui</strong></span> <span class='ocrx_word' id='word_1_428' title='bbox 2668 1212 2898 1284; x_wconf 89' lang='lat' dir='ltr'><strong>genuit,</strong></span> <span class='ocrx_word' id='word_1_429' title='bbox 2935 1219 2991 1268; x_wconf 88' lang='lat' dir='ltr'><strong>et</strong></span> <span class='ocrx_word' id='word_1_430' title='bbox 3039 1211 3137 1284; x_wconf 87' lang='lat' dir='ltr'><strong>qui</strong></span> <span class='ocrx_word' id='word_1_431' title='bbox 3184 1226 3249 1267; x_wconf 84' lang='lat' dir='ltr'><strong>ex</strong></span> <span class='ocrx_word' id='word_1_432' title='bbox 3307 1212 3433 1282; x_wconf 88' lang='lat' dir='ltr'><strong>ipso</strong></span> <span class='ocrx_word' id='word_1_433' title='bbox 3465 1226 3511 1282; x_wconf 70' lang='grc' dir='ltr'>ε·</span> <span class='ocrx_word' id='word_1_434' title='bbox 3536 1209 3694 1264; x_wconf 91' lang='lat' dir='ltr'><strong>nitus</strong></span> 
     </span>
    </p>
   </div>
   <div class='ocr_carea' id='block_1_52' title="bbox 2088 1302 3695 1373">
    <p class='ocr_par' dir='ltr' id='par_1_52' title="bbox 2088 1302 3695 1373">
     <span class='ocr_line' id='line_1_52' title="bbox 2088 1302 3695 1373; baseline -0.001 -14"><span class='ocrx_word' id='word_1_435' title='bbox 2088 1310 2176 1359; x_wconf 87' lang='lat' dir='ltr'><strong>est</strong></span> <span class='ocrx_word' id='word_1_436' title='bbox 2197 1302 2373 1362; x_wconf 87' lang='lat' dir='ltr'><strong>Filius</strong></span> <span class='ocrx_word' id='word_1_437' title='bbox 2405 1324 2421 1361; x_wconf 87' lang='lat'><strong>:</strong></span> <span class='ocrx_word' id='word_1_438' title='bbox 2455 1321 2649 1362; x_wconf 88' lang='lat' dir='ltr'><strong>verum</strong></span> <span class='ocrx_word' id='word_1_439' title='bbox 2693 1305 3041 1362; x_wconf 89' lang='lat' dir='ltr'><strong>identitatem</strong></span> <span class='ocrx_word' id='word_1_440' title='bbox 3092 1312 3311 1360; x_wconf 73' lang='lat' dir='ltr'><strong>naturae</strong></span> <span class='ocrx_word' id='word_1_441' title='bbox 3358 1304 3415 1358; x_wconf 92' lang='lat' dir='ltr'><strong>in</strong></span> <span class='ocrx_word' id='word_1_442' title='bbox 3456 1313 3695 1373; x_wconf 92' lang='lat' dir='ltr'><strong>utroque</strong></span> 
     </span>
    </p>
   </div>
   <div class='ocr_carea' id='block_1_53' title="bbox 2088 1396 3695 1471">
    <p class='ocr_par' dir='ltr' id='par_1_53' title="bbox 2088 1396 3695 1471">
     <span class='ocr_line' id='line_1_53' title="bbox 2088 1396 3695 1471; baseline -0.002 -18"><span class='ocrx_word' id='word_1_443' title='bbox 2088 1398 2524 1467; x_wconf 80' lang='lat' dir='ltr'><strong>conﬁtebimur,</strong></span> <span class='ocrx_word' id='word_1_444' title='bbox 2590 1410 2646 1457; x_wconf 92' lang='lat' dir='ltr'><strong>et</strong></span> <span class='ocrx_word' id='word_1_445' title='bbox 2706 1408 3011 1471; x_wconf 88' lang='lat' dir='ltr'><strong>utrumque</strong></span> <span class='ocrx_word' id='word_1_446' title='bbox 3084 1399 3311 1470; x_wconf 87' lang='lat' dir='ltr'><strong>proprie</strong></span> <span class='ocrx_word' id='word_1_447' title='bbox 3382 1396 3695 1453; x_wconf 82' lang='lat' dir='ltr'><strong>subsistere</strong></span> 
     </span>
    </p>
   </div>
   <div class='ocr_carea' id='block_1_54' title="bbox 2088 1489 3692 1563">
    <p class='ocr_par' dir='ltr' id='par_1_54' title="bbox 2088 1489 3692 1563">
     <span class='ocr_line' id='line_1_54' title="bbox 2088 1489 3692 1563; baseline -0.003 -16"><span class='ocrx_word' id='word_1_448' title='bbox 2088 1493 2282 1562; x_wconf 89' lang='lat' dir='ltr'><strong>utique</strong></span> <span class='ocrx_word' id='word_1_449' title='bbox 2314 1492 2592 1563; x_wconf 85' lang='lat' dir='ltr'><strong>sequitur,</strong></span> <span class='ocrx_word' id='word_1_450' title='bbox 2628 1502 2690 1548; x_wconf 90' lang='lat' dir='ltr'><strong>ut</strong></span> <span class='ocrx_word' id='word_1_451' title='bbox 2713 1502 2766 1550; x_wconf 92' lang='grc' dir='ltr'><strong>ει</strong></span> <span class='ocrx_word' id='word_1_452' title='bbox 2788 1493 2953 1550; x_wconf 87' lang='lat' dir='ltr'><strong>Pater</strong></span> <span class='ocrx_word' id='word_1_453' title='bbox 2981 1507 3110 1548; x_wconf 87' lang='lat' dir='ltr'><strong>vere</strong></span> <span class='ocrx_word' id='word_1_454' title='bbox 3135 1492 3482 1562; x_wconf 85' lang='lat' dir='ltr'><strong>intelligatur</strong></span> <span class='ocrx_word' id='word_1_455' title='bbox 3501 1489 3692 1553; x_wconf 89' lang='lat' dir='ltr'><strong>Pater,</strong></span> 
     </span>
    </p>
   </div>
   <div class='ocr_carea' id='block_1_55' title="bbox 2089 1582 3695 1649">
    <p class='ocr_par' dir='ltr' id='par_1_55' title="bbox 2089 1582 3695 1649">
     <span class='ocr_line' id='line_1_55' title="bbox 2089 1582 3695 1649; baseline -0.002 -10"><span class='ocrx_word' id='word_1_456' title='bbox 2089 1596 2144 1639; x_wconf 93' lang='lat' dir='ltr'><strong>et</strong></span> <span class='ocrx_word' id='word_1_457' title='bbox 2180 1582 2359 1640; x_wconf 85' lang='lat' dir='ltr'><strong>Filius</strong></span> <span class='ocrx_word' id='word_1_458' title='bbox 2407 1600 2536 1641; x_wconf 89' lang='lat' dir='ltr'><strong>vere</strong></span> <span class='ocrx_word' id='word_1_459' title='bbox 2573 1583 2775 1641; x_wconf 89' lang='lat' dir='ltr'><strong>Filius.</strong></span> <span class='ocrx_word' id='word_1_460' title='bbox 2827 1584 2922 1641; x_wconf 88' lang='lat' dir='ltr'><strong>Sic</strong></span> <span class='ocrx_word' id='word_1_461' title='bbox 2970 1585 3117 1641; x_wconf 87' lang='lat' dir='ltr'><strong>enim</strong></span> <span class='ocrx_word' id='word_1_462' title='bbox 3159 1590 3591 1649; x_wconf 87' lang='lat' dir='ltr'><strong>connumerato,</strong></span> <span class='ocrx_word' id='word_1_463' title='bbox 3639 1589 3695 1637; x_wconf 87' lang='lat' dir='ltr'><strong>et</strong></span> 
     </span>
    </p>
   </div>
   <div class='ocr_carea' id='block_1_56' title="bbox 2090 1677 3696 1749">
    <p class='ocr_par' dir='ltr' id='par_1_56' title="bbox 2090 1677 3696 1749">
     <span class='ocr_line' id='line_1_56' title="bbox 2090 1677 3696 1749; baseline -0.001 -18"><span class='ocrx_word' id='word_1_464' title='bbox 2090 1677 2237 1732; x_wconf 90' lang='lat' dir='ltr'><strong>inter</strong></span> <span class='ocrx_word' id='word_1_465' title='bbox 2268 1677 2588 1733; x_wconf 83' lang='lat' dir='ltr'><strong>divinitatis</strong></span> <span class='ocrx_word' id='word_1_466' title='bbox 2637 1693 2912 1749; x_wconf 87' lang='lat' dir='ltr'><strong>personas</strong></span> <span class='ocrx_word' id='word_1_467' title='bbox 2962 1678 3130 1733; x_wconf 88' lang='lat' dir='ltr'><strong>simul</strong></span> <span class='ocrx_word' id='word_1_468' title='bbox 3175 1677 3451 1733; x_wconf 84' lang='lat' dir='ltr'><strong>collocato</strong></span> <span class='ocrx_word' id='word_1_469' title='bbox 3497 1686 3696 1731; x_wconf 85' lang='lat' dir='ltr'><strong>sancto</strong></span> 
     </span>
    </p>
   </div>
   <div class='ocr_carea' id='block_1_57' title="bbox 2093 1764 3692 1839">
    <p class='ocr_par' dir='ltr' id='par_1_57' title="bbox 2093 1764 3692 1839">
     <span class='ocr_line' id='line_1_57' title="bbox 2093 1764 3692 1839; baseline -0.001 -19"><span class='ocrx_word' id='word_1_470' title='bbox 2093 1768 2326 1839; x_wconf 87' lang='lat' dir='ltr'><strong>Spiritu,</strong></span> <span class='ocrx_word' id='word_1_471' title='bbox 2358 1776 2556 1824; x_wconf 86' lang='lat' dir='ltr'><strong>sancta</strong></span> <span class='ocrx_word' id='word_1_472' title='bbox 2591 1777 2646 1824; x_wconf 90' lang='lat' dir='ltr'><strong>et</strong></span> <span class='ocrx_word' id='word_1_473' title='bbox 2683 1766 2966 1825; x_wconf 87' lang='lat' dir='ltr'><strong>adoranda</strong></span> <span class='ocrx_word' id='word_1_474' title='bbox 2994 1766 3249 1822; x_wconf 83' lang='lat' dir='ltr'><strong>Trinitas</strong></span> <span class='ocrx_word' id='word_1_475' title='bbox 3287 1764 3692 1837; x_wconf 84' lang='lat' dir='ltr'><strong>plenitudinem</strong></span> 
     </span>
    </p>
   </div>
   <div class='ocr_carea' id='block_1_58' title="bbox 2019 1848 2579 1915">
    <p class='ocr_par' dir='ltr' id='par_1_58' title="bbox 2019 1848 2579 1915">
     <span class='ocr_line' id='line_1_58' title="bbox 2019 1848 2579 1915; baseline 0 0"><span class='ocrx_word' id='word_1_476' title='bbox 2019 1848 2065 1905; x_wconf 75' lang='grc' dir='ltr'><strong>Β</strong></span> <span class='ocrx_word' id='word_1_477' title='bbox 2095 1875 2194 1915; x_wconf 85' lang='lat' dir='ltr'><strong>sua</strong></span> <span class='ocrx_word' id='word_1_478' title='bbox 2205 1875 2255 1913; x_wconf 80' lang='lat' dir='ltr'><strong>ni</strong></span> <span class='ocrx_word' id='word_1_479' title='bbox 2287 1859 2579 1915; x_wconf 83' lang='lat' dir='ltr'><strong>obtinebit.</strong></span> 
     </span>
    </p>
   </div>
   <div class='ocr_carea' id='block_1_59' title="bbox 2164 1944 3692 2024">
    <p class='ocr_par' dir='ltr' id='par_1_59' title="bbox 2164 1944 3692 2024">
     <span class='ocr_line' id='line_1_59' title="bbox 2164 1944 3692 2024; baseline -0.003 -20"><span class='ocrx_word' id='word_1_480' title='bbox 2164 1950 2398 2008; x_wconf 90' lang='lat' dir='ltr'><strong>ALIUD.</strong></span> <span class='ocrx_word' id='word_1_481' title='bbox 2442 1951 2503 2007; x_wconf 85' lang='lat' dir='ltr'><strong>Si</strong></span> <span class='ocrx_word' id='word_1_482' title='bbox 2533 1952 2629 2024; x_wconf 90' lang='lat' dir='ltr'><strong>qui</strong></span> <span class='ocrx_word' id='word_1_483' title='bbox 2653 1960 2741 2008; x_wconf 89' lang='lat' dir='ltr'><strong>est</strong></span> <span class='ocrx_word' id='word_1_484' title='bbox 2768 1944 2967 2018; x_wconf 69' lang='lat' dir='ltr'><strong>Pilius,</strong></span> <span class='ocrx_word' id='word_1_485' title='bbox 2993 1949 3115 2021; x_wconf 90' lang='lat' dir='ltr'><strong>ipse</strong></span> <span class='ocrx_word' id='word_1_486' title='bbox 3134 1964 3362 2021; x_wconf 92' lang='lat' dir='ltr'><strong>quoque</strong></span> <span class='ocrx_word' id='word_1_487' title='bbox 3386 1946 3551 2004; x_wconf 87' lang='lat' dir='ltr'><strong>Pater</strong></span> <span class='ocrx_word' id='word_1_488' title='bbox 3570 1954 3655 2003; x_wconf 89' lang='lat' dir='ltr'><strong>est</strong></span> <span class='ocrx_word' id='word_1_489' title='bbox 3674 1985 3692 2011; x_wconf 93' lang='lat'><strong>,</strong></span> 
     </span>
    </p>
   </div>
   <div class='ocr_carea' id='block_1_60' title="bbox 2092 2040 3694 2116">
    <p class='ocr_par' dir='ltr' id='par_1_60' title="bbox 2092 2040 3694 2116">
     <span class='ocr_line' id='line_1_60' title="bbox 2092 2040 3694 2116; baseline -0.004 -17"><span class='ocrx_word' id='word_1_490' title='bbox 2092 2060 2263 2116; x_wconf 90' lang='lat' dir='ltr'><strong>quam</strong></span> <span class='ocrx_word' id='word_1_491' title='bbox 2309 2046 2587 2103; x_wconf 88' lang='lat' dir='ltr'><strong>rationem</strong></span> <span class='ocrx_word' id='word_1_492' title='bbox 2616 2045 2845 2102; x_wconf 90' lang='lat' dir='ltr'><strong>habebit</strong></span> <span class='ocrx_word' id='word_1_493' title='bbox 2885 2044 2981 2099; x_wconf 89' lang='lat' dir='ltr'><strong>illa</strong></span> <span class='ocrx_word' id='word_1_494' title='bbox 3024 2044 3315 2100; x_wconf 89' lang='lat' dir='ltr'><strong>nominum</strong></span> <span class='ocrx_word' id='word_1_495' title='bbox 3366 2040 3694 2099; x_wconf 82' lang='lat' dir='ltr'><strong>distinctio?</strong></span> 
     </span>
    </p>
   </div>
   <div class='ocr_carea' id='block_1_61' title="bbox 2092 2132 3696 2212">
    <p class='ocr_par' dir='ltr' id='par_1_61' title="bbox 2092 2132 3696 2212">
     <span class='ocr_line' id='line_1_61' title="bbox 2092 2132 3696 2212; baseline -0.002 -21"><span class='ocrx_word' id='word_1_496' title='bbox 2092 2136 2229 2193; x_wconf 86' lang='lat' dir='ltr'><strong>Nam</strong></span> <span class='ocrx_word' id='word_1_497' title='bbox 2254 2139 2302 2195; x_wconf 91' lang='lat' dir='ltr'><strong>si</strong></span> <span class='ocrx_word' id='word_1_498' title='bbox 2332 2139 2497 2211; x_wconf 84' lang='lat' dir='ltr'><strong>plane</strong></span> <span class='ocrx_word' id='word_1_499' title='bbox 2526 2156 2637 2196; x_wconf 85' lang='lat' dir='ltr'><strong>non</strong></span> <span class='ocrx_word' id='word_1_500' title='bbox 2672 2138 2883 2212; x_wconf 90' lang='lat' dir='ltr'><strong>genuit,</strong></span> <span class='ocrx_word' id='word_1_501' title='bbox 2920 2152 3191 2212; x_wconf 91' lang='lat' dir='ltr'><strong>quorsum</strong></span> <span class='ocrx_word' id='word_1_502' title='bbox 3234 2143 3471 2193; x_wconf 88' lang='lat' dir='ltr'><strong>vocatur</strong></span> <span class='ocrx_word' id='word_1_503' title='bbox 3498 2132 3696 2190; x_wconf 82' lang='lat' dir='ltr'><strong>Pater?</strong></span> 
     </span>
    </p>
   </div>
   <div class='ocr_carea' id='block_1_62' title="bbox 2092 2226 3694 2300">
    <p class='ocr_par' dir='ltr' id='par_1_62' title="bbox 2092 2226 3694 2300">
     <span class='ocr_line' id='line_1_62' title="bbox 2092 2226 3694 2300; baseline -0.004 -14"><span class='ocrx_word' id='word_1_504' title='bbox 2092 2229 2389 2299; x_wconf 89' lang='lat' dir='ltr'><strong>Quomodo</strong></span> <span class='ocrx_word' id='word_1_505' title='bbox 2426 2248 2559 2289; x_wconf 87' lang='lat' dir='ltr'><strong>vero</strong></span> <span class='ocrx_word' id='word_1_506' title='bbox 2596 2230 2777 2289; x_wconf 82' lang='lat' dir='ltr'><strong>Filius</strong></span> <span class='ocrx_word' id='word_1_507' title='bbox 2812 2242 2919 2298; x_wconf 90' lang='lat' dir='ltr'><strong>est,</strong></span> <span class='ocrx_word' id='word_1_508' title='bbox 2952 2231 2999 2288; x_wconf 92' lang='lat' dir='ltr'><strong>si</strong></span> <span class='ocrx_word' id='word_1_509' title='bbox 3028 2246 3141 2286; x_wconf 91' lang='lat' dir='ltr'><strong>non</strong></span> <span class='ocrx_word' id='word_1_510' title='bbox 3168 2238 3253 2287; x_wconf 88' lang='lat' dir='ltr'><strong>est</strong></span> <span class='ocrx_word' id='word_1_511' title='bbox 3284 2244 3315 2284; x_wconf 87' lang='lat' dir='ltr'><strong>a</strong></span> <span class='ocrx_word' id='word_1_512' title='bbox 3347 2227 3513 2284; x_wconf 88' lang='lat' dir='ltr'><strong>Patre</strong></span> <span class='ocrx_word' id='word_1_513' title='bbox 3533 2226 3694 2300; x_wconf 83' lang='lat' dir='ltr'><strong>geni-</strong></span> 
     </span>
    </p>
   </div>
   <div class='ocr_carea' id='block_1_63' title="bbox 2094 2321 3694 2395">
    <p class='ocr_par' dir='ltr' id='par_1_63' title="bbox 2094 2321 3694 2395">
     <span class='ocr_line' id='line_1_63' title="bbox 2094 2321 3694 2395; baseline -0.003 -17"><span class='ocrx_word' id='word_1_514' title='bbox 2094 2325 2226 2383; x_wconf 72' lang='lat' dir='ltr'><strong>tus?</strong></span> <span class='ocrx_word' id='word_1_515' title='bbox 2255 2322 2473 2380; x_wconf 82' lang='lat' dir='ltr'><strong>Habent</strong></span> <span class='ocrx_word' id='word_1_516' title='bbox 2503 2325 2652 2381; x_wconf 89' lang='lat' dir='ltr'><strong>enim</strong></span> <span class='ocrx_word' id='word_1_517' title='bbox 2702 2326 2759 2380; x_wconf 92' lang='lat' dir='ltr'><strong>in</strong></span> <span class='ocrx_word' id='word_1_518' title='bbox 2812 2324 3014 2395; x_wconf 87' lang='lat' dir='ltr'><strong>seipsis</strong></span> <span class='ocrx_word' id='word_1_519' title='bbox 3048 2324 3143 2379; x_wconf 89' lang='lat' dir='ltr'><strong>illa</strong></span> <span class='ocrx_word' id='word_1_520' title='bbox 3184 2321 3457 2379; x_wconf 86' lang='lat' dir='ltr'><strong>vocabula</strong></span> <span class='ocrx_word' id='word_1_521' title='bbox 3489 2334 3694 2376; x_wconf 87' lang='lat' dir='ltr'><strong>neces-</strong></span> 
     </span>
    </p>
   </div>
   <div class='ocr_carea' id='block_1_64' title="bbox 2093 2414 3696 2486">
    <p class='ocr_par' dir='ltr' id='par_1_64' title="bbox 2093 2414 3696 2486">
     <span class='ocr_line' id='line_1_64' title="bbox 2093 2414 3696 2486; baseline -0.003 -14"><span class='ocrx_word' id='word_1_522' title='bbox 2093 2416 2247 2472; x_wconf 91' lang='lat' dir='ltr'><strong>sario</strong></span> <span class='ocrx_word' id='word_1_523' title='bbox 2277 2416 2443 2471; x_wconf 89' lang='lat' dir='ltr'><strong>talem</strong></span> <span class='ocrx_word' id='word_1_524' title='bbox 2472 2416 2837 2472; x_wconf 89' lang='lat' dir='ltr'><strong>intellectum.</strong></span> <span class='ocrx_word' id='word_1_525' title='bbox 2863 2416 3001 2472; x_wconf 82' lang='lat' dir='ltr'><strong>Cum</strong></span> <span class='ocrx_word' id='word_1_526' title='bbox 3045 2422 3229 2471; x_wconf 87' lang='lat' dir='ltr'><strong>autem</strong></span> <span class='ocrx_word' id='word_1_527' title='bbox 3278 2414 3522 2486; x_wconf 88' lang='lat' dir='ltr'><strong>genitum</strong></span> <span class='ocrx_word' id='word_1_528' title='bbox 3568 2427 3696 2468; x_wconf 87' lang='lat' dir='ltr'><strong>esse</strong></span> 
     </span>
    </p>
   </div>
   <div class='ocr_carea' id='block_1_65' title="bbox 2091 2505 3696 2579">
    <p class='ocr_par' dir='ltr' id='par_1_65' title="bbox 2091 2505 3696 2579">
     <span class='ocr_line' id='line_1_65' title="bbox 2091 2505 3696 2579; baseline -0.001 -18"><span class='ocrx_word' id='word_1_529' title='bbox 2091 2506 2294 2563; x_wconf 88' lang='lat' dir='ltr'><strong>Filium</strong></span> <span class='ocrx_word' id='word_1_530' title='bbox 2327 2506 2535 2562; x_wconf 67' lang='lat' dir='ltr'><strong>divina:</strong></span> <span class='ocrx_word' id='word_1_531' title='bbox 2564 2505 2867 2579; x_wconf 70' lang='lat' dir='ltr'><strong>Scriptura,-</strong></span> <span class='ocrx_word' id='word_1_532' title='bbox 2902 2507 3230 2579; x_wconf 57' lang='lat' dir='ltr'><strong>praedicent,</strong></span> <span class='ocrx_word' id='word_1_533' title='bbox 3254 2513 3309 2562; x_wconf 87' lang='lat' dir='ltr'><strong>et</strong></span> <span class='ocrx_word' id='word_1_534' title='bbox 3346 2506 3420 2560; x_wconf 90' lang='lat' dir='ltr'><strong>ita</strong></span> <span class='ocrx_word' id='word_1_535' title='bbox 3449 2520 3539 2561; x_wconf 90' lang='lat' dir='ltr'><strong>res</strong></span> <span class='ocrx_word' id='word_1_536' title='bbox 3566 2518 3696 2560; x_wconf 81' lang='lat' dir='ltr'><strong>vere</strong></span> 
     </span>
    </p>
   </div>
   <div class='ocr_carea' id='block_1_66' title="bbox 2092 2597 3695 2672">
    <p class='ocr_par' dir='ltr' id='par_1_66' title="bbox 2092 2597 3695 2672">
     <span class='ocr_line' id='line_1_66' title="bbox 2092 2597 3695 2672; baseline -0.005 -15"><span class='ocrx_word' id='word_1_537' title='bbox 2092 2600 2168 2657; x_wconf 89' lang='lat' dir='ltr'><strong>sit</strong></span> <span class='ocrx_word' id='word_1_538' title='bbox 2202 2618 2217 2656; x_wconf 89' lang='lat'><strong>:</strong></span> <span class='ocrx_word' id='word_1_539' title='bbox 2270 2599 2533 2657; x_wconf 87' lang='lat' dir='ltr'><strong>subsistit</strong></span> <span class='ocrx_word' id='word_1_540' title='bbox 2563 2600 2757 2672; x_wconf 90' lang='lat' dir='ltr'><strong>utique</strong></span> <span class='ocrx_word' id='word_1_541' title='bbox 2806 2599 2863 2654; x_wconf 91' lang='lat' dir='ltr'><strong>in</strong></span> <span class='ocrx_word' id='word_1_542' title='bbox 2905 2600 3114 2672; x_wconf 85' lang='lat' dir='ltr'><strong>seipse.</strong></span> <span class='ocrx_word' id='word_1_543' title='bbox 3156 2597 3224 2653; x_wconf 85' lang='lat' dir='ltr'><strong>Et</strong></span> <span class='ocrx_word' id='word_1_544' title='bbox 3259 2597 3505 2654; x_wconf 87' lang='lat' dir='ltr'><strong>vicissim</strong></span> <span class='ocrx_word' id='word_1_545' title='bbox 3556 2608 3695 2667; x_wconf 81' lang='lat' dir='ltr'><strong>quo-</strong></span> 
     </span>
    </p>
   </div>
   <div class='ocr_carea' id='block_1_67' title="bbox 2091 2690 3693 2765">
    <p class='ocr_par' dir='ltr' id='par_1_67' title="bbox 2091 2690 3693 2765">
     <span class='ocr_line' id='line_1_67' title="bbox 2091 2690 3693 2765; baseline -0.004 -17"><span class='ocrx_word' id='word_1_546' title='bbox 2091 2708 2203 2765; x_wconf 86' lang='lat' dir='ltr'><strong>que</strong></span> <span class='ocrx_word' id='word_1_547' title='bbox 2245 2692 2610 2765; x_wconf 77' lang='lat' dir='ltr'><strong>singulariter</strong></span> <span class='ocrx_word' id='word_1_548' title='bbox 2640 2699 2726 2747; x_wconf 90' lang='lat' dir='ltr'><strong>est</strong></span> <span class='ocrx_word' id='word_1_549' title='bbox 2756 2690 2923 2747; x_wconf 89' lang='lat' dir='ltr'><strong>Pater</strong></span> <span class='ocrx_word' id='word_1_550' title='bbox 2959 2710 2973 2747; x_wconf 91' lang='lat'><strong>:</strong></span> <span class='ocrx_word' id='word_1_551' title='bbox 3015 2690 3291 2762; x_wconf 91' lang='lat' dir='ltr'><strong>siquidem</strong></span> <span class='ocrx_word' id='word_1_552' title='bbox 3342 2690 3580 2745; x_wconf 90' lang='lat' dir='ltr'><strong>alterum</strong></span> <span class='ocrx_word' id='word_1_553' title='bbox 3623 2703 3693 2743; x_wconf 81' lang='lat' dir='ltr'><strong>ex</strong></span> 
     </span>
    </p>
   </div>
   <div class='ocr_carea' id='block_1_68' title="bbox 2092 2780 3692 2856">
    <p class='ocr_par' dir='ltr' id='par_1_68' title="bbox 2092 2780 3692 2856">
     <span class='ocr_line' id='line_1_68' title="bbox 2092 2780 3692 2856; baseline -0.003 -19"><span class='ocrx_word' id='word_1_554' title='bbox 2092 2784 2273 2838; x_wconf 87' lang='lat' dir='ltr'><strong>altero</strong></span> <span class='ocrx_word' id='word_1_555' title='bbox 2301 2784 2653 2854; x_wconf 83' lang='lat' dir='ltr'><strong>agnoscitur,</strong></span> <span class='ocrx_word' id='word_1_556' title='bbox 2679 2781 2735 2838; x_wconf 91' lang='lat' dir='ltr'><strong>id</strong></span> <span class='ocrx_word' id='word_1_557' title='bbox 2757 2781 2908 2855; x_wconf 87' lang='lat' dir='ltr'><strong>quod</strong></span> <span class='ocrx_word' id='word_1_558' title='bbox 2936 2790 3022 2839; x_wconf 89' lang='lat' dir='ltr'><strong>est</strong></span> <span class='ocrx_word' id='word_1_559' title='bbox 3048 2783 3295 2856; x_wconf 82' lang='lat' dir='ltr'><strong>genitum</strong></span> <span class='ocrx_word' id='word_1_560' title='bbox 3325 2781 3597 2837; x_wconf 86' lang='lat' dir='ltr'><strong>relatione</strong></span> <span class='ocrx_word' id='word_1_561' title='bbox 3624 2780 3692 2833; x_wconf 85' lang='lat' dir='ltr'><strong>ad</strong></span> 
     </span>
    </p>
   </div>
   <div class='ocr_carea' id='block_1_69' title="bbox 2090 2875 2571 2948">
    <p class='ocr_par' dir='ltr' id='par_1_69' title="bbox 2090 2875 2571 2948">
     <span class='ocr_line' id='line_1_69' title="bbox 2090 2875 2571 2948; baseline 0 -18"><span class='ocrx_word' id='word_1_562' title='bbox 2090 2875 2146 2931; x_wconf 84' lang='lat' dir='ltr'><strong>id</strong></span> <span class='ocrx_word' id='word_1_563' title='bbox 2174 2875 2322 2948; x_wconf 89' lang='lat' dir='ltr'><strong>quod</strong></span> <span class='ocrx_word' id='word_1_564' title='bbox 2357 2877 2571 2948; x_wconf 83' lang='lat' dir='ltr'><strong>genuit.</strong></span> 
     </span>
    </p>
   </div>
   <div class='ocr_carea' id='block_1_70' title="bbox 2158 2965 3695 3040">
    <p class='ocr_par' dir='ltr' id='par_1_70' title="bbox 2158 2965 3695 3040">
     <span class='ocr_line' id='line_1_70' title="bbox 2158 2965 3695 3040; baseline -0.001 -17"><span class='ocrx_word' id='word_1_565' title='bbox 2158 2968 2392 3025; x_wconf 82' lang='lat' dir='ltr'><strong>ALIUD.</strong></span> <span class='ocrx_word' id='word_1_566' title='bbox 2436 2969 2642 3025; x_wconf 83' lang='lat' dir='ltr'><strong>Beatus</strong></span> <span class='ocrx_word' id='word_1_567' title='bbox 2674 2968 2883 3027; x_wconf 85' lang='lat' dir='ltr'><strong>Paulus</strong></span> <span class='ocrx_word' id='word_1_568' title='bbox 2914 2969 2982 3025; x_wconf 91' lang='lat' dir='ltr'><strong>ad</strong></span> <span class='ocrx_word' id='word_1_569' title='bbox 3017 2967 3408 3040; x_wconf 89' lang='lat' dir='ltr'><strong>Philippeuses</strong></span> <span class='ocrx_word' id='word_1_570' title='bbox 3438 2965 3695 3023; x_wconf 79' lang='lat' dir='ltr'><strong>scribens</strong></span> 
     </span>
    </p>
   </div>
   <div class='ocr_carea' id='block_1_71' title="bbox 2092 3059 3695 3129">
    <p class='ocr_par' dir='ltr' id='par_1_71' title="bbox 2092 3059 3695 3129">
     <span class='ocr_line' id='line_1_71' title="bbox 2092 3059 3695 3129; baseline -0.002 -13"><span class='ocrx_word' id='word_1_571' title='bbox 2092 3061 2269 3119; x_wconf 76' lang='lat' dir='ltr'><strong>ait-de</strong></span> <span class='ocrx_word' id='word_1_572' title='bbox 2319 3061 2461 3118; x_wconf 88' lang='lat' dir='ltr'><strong>Filio</strong></span> <span class='ocrx_word' id='word_1_573' title='bbox 2493 3079 2504 3116; x_wconf 95' lang='lat'>:</span> <span class='ocrx_word' id='word_1_574' title='bbox 2535 3081 2555 3114; x_wconf 80' lang='grc' dir='ltr'><strong>ι</strong></span> <span class='ocrx_word' id='word_1_575' title='bbox 2590 3062 2696 3129; x_wconf 84' lang='lat' dir='ltr'><strong>Qui</strong></span> <span class='ocrx_word' id='word_1_576' title='bbox 2725 3076 2852 3118; x_wconf 90' lang='lat' dir='ltr'><strong>cum</strong></span> <span class='ocrx_word' id='word_1_577' title='bbox 2898 3063 2955 3118; x_wconf 89' lang='lat' dir='ltr'><strong>in</strong></span> <span class='ocrx_word' id='word_1_578' title='bbox 3006 3061 3188 3118; x_wconf 87' lang='lat' dir='ltr'><strong>forma</strong></span> <span class='ocrx_word' id='word_1_579' title='bbox 3229 3059 3325 3116; x_wconf 86' lang='lat' dir='ltr'><strong>Dei</strong></span> <span class='ocrx_word' id='word_1_580' title='bbox 3373 3069 3545 3125; x_wconf 87' lang='lat' dir='ltr'><strong>esset,</strong></span> <span class='ocrx_word' id='word_1_581' title='bbox 3582 3074 3695 3113; x_wconf 90' lang='lat' dir='ltr'><strong>non</strong></span> 
     </span>
    </p>
   </div>
   <div class='ocr_carea' id='block_1_72' title="bbox 2094 3149 3689 3228">
    <p class='ocr_par' dir='ltr' id='par_1_72' title="bbox 2094 3149 3689 3228">
     <span class='ocr_line' id='line_1_72' title="bbox 2094 3149 3689 3228; baseline -0.006 -18"><span class='ocrx_word' id='word_1_582' title='bbox 2094 3155 2348 3228; x_wconf 85' lang='lat' dir='ltr'><strong>rapinam</strong></span> <span class='ocrx_word' id='word_1_583' title='bbox 2388 3156 2700 3212; x_wconf 83' lang='lat' dir='ltr'><strong>arbitratus</strong></span> <span class='ocrx_word' id='word_1_584' title='bbox 2727 3162 2814 3212; x_wconf 87' lang='lat' dir='ltr'><strong>est</strong></span> <span class='ocrx_word' id='word_1_585' title='bbox 2856 3171 2981 3211; x_wconf 90' lang='lat' dir='ltr'><strong>esse</strong></span> <span class='ocrx_word' id='word_1_586' title='bbox 3011 3169 3072 3210; x_wconf 87' lang='lat' dir='ltr'><strong>se</strong></span> <span class='ocrx_word' id='word_1_587' title='bbox 3101 3154 3373 3225; x_wconf 78' lang='lat' dir='ltr'><strong>aequalem</strong></span> <span class='ocrx_word' id='word_1_588' title='bbox 3413 3149 3531 3207; x_wconf 91' lang='lat' dir='ltr'><strong>Deo</strong></span> <span class='ocrx_word' id='word_1_589' title='bbox 3557 3150 3625 3203; x_wconf 84' lang='grc'><strong>³³.</strong></span> <span class='ocrx_word' id='word_1_590' title='bbox 3669 3169 3689 3201; x_wconf 77' lang='grc' dir='ltr'><strong>ι</strong></span> 
     </span>
    </p>
   </div>
   <div class='ocr_carea' id='block_1_73' title="bbox 2094 3242 3697 3321">
    <p class='ocr_par' dir='ltr' id='par_1_73' title="bbox 2094 3242 3697 3321">
     <span class='ocr_line' id='line_1_73' title="bbox 2094 3242 3697 3321; baseline -0.006 -16"><span class='ocrx_word' id='word_1_591' title='bbox 2094 3249 2234 3317; x_wconf 86' lang='lat' dir='ltr'><strong>Quis</strong></span> <span class='ocrx_word' id='word_1_592' title='bbox 2276 3257 2363 3306; x_wconf 91' lang='lat' dir='ltr'><strong>est</strong></span> <span class='ocrx_word' id='word_1_593' title='bbox 2411 3249 2584 3321; x_wconf 85' lang='lat' dir='ltr'><strong>igitur</strong></span> <span class='ocrx_word' id='word_1_594' title='bbox 2630 3249 2723 3305; x_wconf 90' lang='lat' dir='ltr'><strong>ille</strong></span> <span class='ocrx_word' id='word_1_595' title='bbox 2767 3248 2862 3321; x_wconf 90' lang='lat' dir='ltr'><strong>qui</strong></span> <span class='ocrx_word' id='word_1_596' title='bbox 2912 3247 3167 3321; x_wconf 84' lang='lat' dir='ltr'><strong>rapinam</strong></span> <span class='ocrx_word' id='word_1_597' title='bbox 3214 3245 3393 3302; x_wconf 91' lang='lat' dir='ltr'><strong>noluit</strong></span> <span class='ocrx_word' id='word_1_598' title='bbox 3436 3242 3697 3299; x_wconf 85' lang='lat' dir='ltr'><strong>arbitrari</strong></span> 
     </span>
    </p>
   </div>
   <div class='ocr_carea' id='block_1_74' title="bbox 2092 3339 3700 3416">
    <p class='ocr_par' dir='ltr' id='par_1_74' title="bbox 2092 3339 3700 3416">
     <span class='ocr_line' id='line_1_74' title="bbox 2092 3339 3700 3416; baseline -0.005 -16"><span class='ocrx_word' id='word_1_599' title='bbox 2092 3358 2220 3400; x_wconf 87' lang='lat' dir='ltr'><strong>esse</strong></span> <span class='ocrx_word' id='word_1_600' title='bbox 2266 3358 2327 3399; x_wconf 91' lang='lat' dir='ltr'><strong>se</strong></span> <span class='ocrx_word' id='word_1_601' title='bbox 2367 3344 2636 3416; x_wconf 63' lang='lat' dir='ltr'><strong>atqualem</strong></span> <span class='ocrx_word' id='word_1_602' title='bbox 2664 3341 2820 3398; x_wconf 81' lang='lat' dir='ltr'><strong>Deo?</strong></span> <span class='ocrx_word' id='word_1_603' title='bbox 2852 3339 3132 3411; x_wconf 85' lang='lat' dir='ltr'><strong>Numquid</strong></span> <span class='ocrx_word' id='word_1_604' title='bbox 3163 3342 3311 3396; x_wconf 87' lang='lat' dir='ltr'><strong>enim</strong></span> <span class='ocrx_word' id='word_1_605' title='bbox 3354 3352 3585 3394; x_wconf 88' lang='lat' dir='ltr'><strong>necesse</strong></span> <span class='ocrx_word' id='word_1_606' title='bbox 3613 3346 3700 3393; x_wconf 89' lang='lat' dir='ltr'><strong>est</strong></span> 
     </span>
    </p>
   </div>
   <div class='ocr_carea' id='block_1_75' title="bbox 2092 3432 3699 3507">
    <p class='ocr_par' dir='ltr' id='par_1_75' title="bbox 2092 3432 3699 3507">
     <span class='ocr_line' id='line_1_75' title="bbox 2092 3432 3699 3507; baseline -0.002 -16"><span class='ocrx_word' id='word_1_607' title='bbox 2092 3434 2322 3503; x_wconf 83' lang='lat' dir='ltr'><strong>dicere,</strong></span> <span class='ocrx_word' id='word_1_608' title='bbox 2396 3452 2569 3492; x_wconf 90' lang='lat' dir='ltr'><strong>unum</strong></span> <span class='ocrx_word' id='word_1_609' title='bbox 2628 3433 2928 3507; x_wconf 86' lang='lat' dir='ltr'><strong>quemdam</strong></span> <span class='ocrx_word' id='word_1_610' title='bbox 2990 3436 3266 3492; x_wconf 78' lang='lat' dir='ltr'><strong>exsistere</strong></span> <span class='ocrx_word' id='word_1_611' title='bbox 3331 3432 3429 3505; x_wconf 88' lang='lat' dir='ltr'><strong>qui</strong></span> <span class='ocrx_word' id='word_1_612' title='bbox 3495 3433 3570 3490; x_wconf 91' lang='lat' dir='ltr'><strong>sit</strong></span> <span class='ocrx_word' id='word_1_613' title='bbox 3639 3432 3699 3488; x_wconf 91' lang='lat' dir='ltr'><strong>in</strong></span> 
     </span>
    </p>
   </div>
   <div class='ocr_carea' id='block_1_76' title="bbox 2093 3526 3699 3598">
    <p class='ocr_par' dir='ltr' id='par_1_76' title="bbox 2093 3526 3699 3598">
     <span class='ocr_line' id='line_1_76' title="bbox 2093 3526 3699 3598; baseline -0.002 -16"><span class='ocrx_word' id='word_1_614' title='bbox 2093 3526 2273 3584; x_wconf 85' lang='lat' dir='ltr'><strong>forma</strong></span> <span class='ocrx_word' id='word_1_615' title='bbox 2321 3526 2458 3598; x_wconf 90' lang='lat' dir='ltr'><strong>Dei,</strong></span> <span class='ocrx_word' id='word_1_616' title='bbox 2514 3530 2688 3585; x_wconf 82' lang='lat' dir='ltr'><strong>alium</strong></span> <span class='ocrx_word' id='word_1_617' title='bbox 2744 3543 2880 3585; x_wconf 82' lang='lat' dir='ltr'><strong>vero</strong></span> <span class='ocrx_word' id='word_1_618' title='bbox 2935 3543 3133 3586; x_wconf 87' lang='lat' dir='ltr'><strong>rursus</strong></span> <span class='ocrx_word' id='word_1_619' title='bbox 3195 3527 3353 3583; x_wconf 89' lang='lat' dir='ltr'><strong>illum</strong></span> <span class='ocrx_word' id='word_1_620' title='bbox 3409 3527 3575 3598; x_wconf 88' lang='lat' dir='ltr'><strong>cujus</strong></span> <span class='ocrx_word' id='word_1_621' title='bbox 3626 3526 3699 3583; x_wconf 88' lang='lat' dir='ltr'><strong>sit</strong></span> 
     </span>
    </p>
   </div>
   <div class='ocr_carea' id='block_1_77' title="bbox 2093 3618 3696 3693">
    <p class='ocr_par' dir='ltr' id='par_1_77' title="bbox 2093 3618 3696 3693">
     <span class='ocr_line' id='line_1_77' title="bbox 2093 3618 3696 3693; baseline -0.002 -17"><span class='ocrx_word' id='word_1_622' title='bbox 2093 3620 2312 3677; x_wconf 86' lang='lat' dir='ltr'><strong>forma?</strong></span> <span class='ocrx_word' id='word_1_623' title='bbox 2342 3621 2509 3692; x_wconf 88' lang='lat' dir='ltr'><strong>Atqui</strong></span> <span class='ocrx_word' id='word_1_624' title='bbox 2540 3629 2694 3693; x_wconf 88' lang='lat' dir='ltr'><strong>patet</strong></span> <span class='ocrx_word' id='word_1_625' title='bbox 2725 3619 2863 3677; x_wconf 90' lang='lat' dir='ltr'><strong>illud</strong></span> <span class='ocrx_word' id='word_1_626' title='bbox 2888 3629 2945 3677; x_wconf 92' lang='lat' dir='ltr'><strong>et</strong></span> <span class='ocrx_word' id='word_1_627' title='bbox 2999 3622 3056 3677; x_wconf 89' lang='lat' dir='ltr'><strong>in</strong></span> <span class='ocrx_word' id='word_1_628' title='bbox 3108 3618 3370 3677; x_wconf 82' lang='lat' dir='ltr'><strong>confesso</strong></span> <span class='ocrx_word' id='word_1_629' title='bbox 3403 3630 3489 3676; x_wconf 88' lang='lat' dir='ltr'><strong>est</strong></span> <span class='ocrx_word' id='word_1_630' title='bbox 3550 3619 3696 3690; x_wconf 88' lang='lat' dir='ltr'><strong>apud</strong></span> 
     </span>
    </p>
   </div>
   <div class='ocr_carea' id='block_1_78' title="bbox 2091 3713 3698 3787">
    <p class='ocr_par' dir='ltr' id='par_1_78' title="bbox 2091 3713 3698 3787">
     <span class='ocr_line' id='line_1_78' title="bbox 2091 3713 3698 3787; baseline -0.003 -17"><span class='ocrx_word' id='word_1_631' title='bbox 2091 3729 2311 3772; x_wconf 88' lang='lat' dir='ltr'><strong>omnes.</strong></span> <span class='ocrx_word' id='word_1_632' title='bbox 2378 3713 2500 3771; x_wconf 87' lang='lat' dir='ltr'><strong>Non</strong></span> <span class='ocrx_word' id='word_1_633' title='bbox 2561 3722 2695 3772; x_wconf 90' lang='lat' dir='ltr'><strong>sunt</strong></span> <span class='ocrx_word' id='word_1_634' title='bbox 2736 3730 2869 3787; x_wconf 87' lang='lat' dir='ltr'><strong>ergo</strong></span> <span class='ocrx_word' id='word_1_635' title='bbox 2931 3730 3107 3770; x_wconf 90' lang='lat' dir='ltr'><strong>unum</strong></span> <span class='ocrx_word' id='word_1_636' title='bbox 3158 3724 3213 3771; x_wconf 93' lang='lat' dir='ltr'><strong>et</strong></span> <span class='ocrx_word' id='word_1_637' title='bbox 3263 3714 3423 3770; x_wconf 82' lang='lat' dir='ltr'><strong>idem‘</strong></span> <span class='ocrx_word' id='word_1_638' title='bbox 3461 3728 3698 3769; x_wconf 81' lang='lat' dir='ltr'><strong>numero</strong></span> 
     </span>
    </p>
   </div>
   <div class='ocr_carea' id='block_1_79' title="bbox 2090 3807 3695 3881">
    <p class='ocr_par' dir='ltr' id='par_1_79' title="bbox 2090 3807 3695 3881">
     <span class='ocr_line' id='line_1_79' title="bbox 2090 3807 3695 3881; baseline -0.002 -17"><span class='ocrx_word' id='word_1_639' title='bbox 2090 3808 2256 3867; x_wconf 89' lang='lat' dir='ltr'><strong>Pater</strong></span> <span class='ocrx_word' id='word_1_640' title='bbox 2276 3819 2332 3866; x_wconf 90' lang='lat' dir='ltr'><strong>et</strong></span> <span class='ocrx_word' id='word_1_641' title='bbox 2370 3808 2565 3878; x_wconf 84' lang='lat' dir='ltr'><strong>Filius,</strong></span> <span class='ocrx_word' id='word_1_642' title='bbox 2600 3809 2697 3867; x_wconf 88' lang='lat' dir='ltr'><strong>sed</strong></span> <span class='ocrx_word' id='word_1_643' title='bbox 2740 3810 3026 3881; x_wconf 91' lang='lat' dir='ltr'><strong>propriam</strong></span> <span class='ocrx_word' id='word_1_644' title='bbox 3078 3809 3285 3865; x_wconf 87' lang='lat' dir='ltr'><strong>habent</strong></span> <span class='ocrx_word' id='word_1_645' title='bbox 3324 3807 3695 3880; x_wconf 88' lang='lat' dir='ltr'><strong>hypostasim,</strong></span> 
     </span>
    </p>
   </div>
   <div class='ocr_carea' id='block_1_80' title="bbox 2089 3897 3699 3976">
    <p class='ocr_par' dir='ltr' id='par_1_80' title="bbox 2089 3897 3699 3976">
     <span class='ocr_line' id='line_1_80' title="bbox 2089 3897 3699 3976; baseline -0.005 -16"><span class='ocrx_word' id='word_1_646' title='bbox 2089 3910 2147 3960; x_wconf 91' lang='lat' dir='ltr'><strong>et</strong></span> <span class='ocrx_word' id='word_1_647' title='bbox 2196 3904 2342 3960; x_wconf 88' lang='lat' dir='ltr'><strong>alter</strong></span> <span class='ocrx_word' id='word_1_648' title='bbox 2378 3904 2433 3959; x_wconf 92' lang='lat' dir='ltr'><strong>in</strong></span> <span class='ocrx_word' id='word_1_649' title='bbox 2459 3905 2636 3961; x_wconf 90' lang='lat' dir='ltr'><strong>altero</strong></span> <span class='ocrx_word' id='word_1_650' title='bbox 2686 3904 3044 3976; x_wconf 87' lang='lat' dir='ltr'><strong>conspicitur</strong></span> <span class='ocrx_word' id='word_1_651' title='bbox 3084 3900 3394 3960; x_wconf 84' lang='lat' dir='ltr'><strong>secundum</strong></span> <span class='ocrx_word' id='word_1_652' title='bbox 3430 3897 3699 3957; x_wconf 78' lang='lat' dir='ltr'><strong>identita-</strong></span> 
     </span>
    </p>
   </div>
   <div class='ocr_carea' id='block_1_81' title="bbox 2092 3990 3697 4064">
    <p class='ocr_par' dir='ltr' id='par_1_81' title="bbox 2092 3990 3697 4064">
     <span class='ocr_line' id='line_1_81' title="bbox 2092 3990 3697 4064; baseline -0.001 -16"><span class='ocrx_word' id='word_1_653' title='bbox 2092 4001 2205 4049; x_wconf 88' lang='lat' dir='ltr'><strong>tem</strong></span> <span class='ocrx_word' id='word_1_654' title='bbox 2233 3994 2590 4064; x_wconf 66' lang='lat' dir='ltr'><strong>substantiae,</strong></span> <span class='ocrx_word' id='word_1_655' title='bbox 2618 3993 2752 4050; x_wconf 90' lang='lat' dir='ltr'><strong>licet</strong></span> <span class='ocrx_word' id='word_1_656' title='bbox 2783 4010 2932 4052; x_wconf 92' lang='lat' dir='ltr'><strong>unus</strong></span> <span class='ocrx_word' id='word_1_657' title='bbox 2958 4010 3025 4051; x_wconf 81' lang='lat' dir='ltr'><strong>ex</strong></span> <span class='ocrx_word' id='word_1_658' title='bbox 3058 4010 3194 4060; x_wconf 87' lang='lat' dir='ltr'><strong>uno,</strong></span> <span class='ocrx_word' id='word_1_659' title='bbox 3227 4008 3294 4050; x_wconf 78' lang='lat' dir='ltr'><strong>ex</strong></span> <span class='ocrx_word' id='word_1_660' title='bbox 3322 3990 3487 4047; x_wconf 85' lang='lat' dir='ltr'><strong>Patre</strong></span> <span class='ocrx_word' id='word_1_661' title='bbox 3518 3990 3697 4047; x_wconf 82' lang='lat' dir='ltr'><strong>Filius</strong></span> 
     </span>
    </p>
   </div>
   <div class='ocr_carea' id='block_1_82' title="bbox 2090 4087 2371 4144">
    <p class='ocr_par' dir='ltr' id='par_1_82' title="bbox 2090 4087 2371 4144">
     <span class='ocr_line' id='line_1_82' title="bbox 2090 4087 2371 4144; baseline 0 -2"><span class='ocrx_word' id='word_1_662' title='bbox 2090 4087 2371 4144; x_wconf 86' lang='lat' dir='ltr'><strong>videlicet.</strong></span> 
     </span>
    </p>
   </div>
   <div class='ocr_carea' id='block_1_83' title="bbox 2162 4179 3694 4253">
    <p class='ocr_par' dir='ltr' id='par_1_83' title="bbox 2162 4179 3694 4253">
     <span class='ocr_line' id='line_1_83' title="bbox 2162 4179 3694 4253; baseline -0.001 -18"><span class='ocrx_word' id='word_1_663' title='bbox 2162 4179 2398 4237; x_wconf 81' lang='lat' dir='ltr'><strong>ALIUD.</strong></span> <span class='ocrx_word' id='word_1_664' title='bbox 2445 4199 2464 4234; x_wconf 76' lang='grc' dir='ltr'><strong>ι</strong></span> <span class='ocrx_word' id='word_1_665' title='bbox 2509 4179 2696 4253; x_wconf 86' lang='lat' dir='ltr'><strong>Egoet</strong></span> <span class='ocrx_word' id='word_1_666' title='bbox 2751 4180 2923 4239; x_wconf 86' lang='lat' dir='ltr'><strong>Pater</strong></span> <span class='ocrx_word' id='word_1_667' title='bbox 2977 4196 3149 4237; x_wconf 90' lang='lat' dir='ltr'><strong>unum</strong></span> <span class='ocrx_word' id='word_1_668' title='bbox 3192 4196 3388 4237; x_wconf 88' lang='lat' dir='ltr'><strong>sumus</strong></span> <span class='ocrx_word' id='word_1_669' title='bbox 3422 4180 3490 4244; x_wconf 74' lang='lat'><strong>&quot;,</strong></span> <span class='ocrx_word' id='word_1_670' title='bbox 3537 4200 3556 4233; x_wconf 75' lang='grc' dir='ltr'><strong>ι</strong></span> <span class='ocrx_word' id='word_1_671' title='bbox 3604 4180 3694 4234; x_wconf 86' lang='lat' dir='ltr'><strong>in-</strong></span> 
     </span>
    </p>
   </div>
   <div class='ocr_carea' id='block_1_84' title="bbox 2090 4275 3698 4349">
    <p class='ocr_par' dir='ltr' id='par_1_84' title="bbox 2090 4275 3698 4349">
     <span class='ocr_line' id='line_1_84' title="bbox 2090 4275 3698 4349; baseline -0.001 -18"><span class='ocrx_word' id='word_1_672' title='bbox 2090 4276 2321 4348; x_wconf 89' lang='lat' dir='ltr'><strong>quiebat</strong></span> <span class='ocrx_word' id='word_1_673' title='bbox 2354 4275 2635 4349; x_wconf 76' lang='lat' dir='ltr'><strong>Salvator,</strong></span> <span class='ocrx_word' id='word_1_674' title='bbox 2674 4284 2869 4348; x_wconf 89' lang='lat' dir='ltr'><strong>utpote</strong></span> <span class='ocrx_word' id='word_1_675' title='bbox 2901 4292 3027 4333; x_wconf 89' lang='lat' dir='ltr'><strong>cum</strong></span> <span class='ocrx_word' id='word_1_676' title='bbox 3073 4275 3246 4331; x_wconf 88' lang='lat' dir='ltr'><strong>sciret</strong></span> <span class='ocrx_word' id='word_1_677' title='bbox 3287 4276 3532 4346; x_wconf 88' lang='lat' dir='ltr'><strong>seipsum</strong></span> <span class='ocrx_word' id='word_1_678' title='bbox 3566 4289 3698 4345; x_wconf 85' lang='lat' dir='ltr'><strong>pro-</strong></span> 
     </span>
    </p>
   </div>
   <div class='ocr_carea' id='block_1_85' title="bbox 2090 4365 3695 4439">
    <p class='ocr_par' dir='ltr' id='par_1_85' title="bbox 2090 4365 3695 4439">
     <span class='ocr_line' id='line_1_85' title="bbox 2090 4365 3695 4439; baseline 0 -17"><span class='ocrx_word' id='word_1_679' title='bbox 2090 4367 2210 4439; x_wconf 92' lang='lat' dir='ltr'><strong>prie</strong></span> <span class='ocrx_word' id='word_1_680' title='bbox 2261 4382 2488 4438; x_wconf 90' lang='lat' dir='ltr'><strong>quoque</strong></span> <span class='ocrx_word' id='word_1_681' title='bbox 2542 4367 2877 4433; x_wconf 86' lang='lat' dir='ltr'><strong>subsistere,</strong></span> <span class='ocrx_word' id='word_1_682' title='bbox 2918 4378 2971 4425; x_wconf 89' lang='lat' dir='ltr'><strong>et</strong></span> <span class='ocrx_word' id='word_1_683' title='bbox 2999 4367 3248 4423; x_wconf 80' lang='lat' dir='ltr'><strong>Patrem.</strong></span> <span class='ocrx_word' id='word_1_684' title='bbox 3298 4365 3456 4435; x_wconf 85' lang='lat' dir='ltr'><strong>Quod</strong></span> <span class='ocrx_word' id='word_1_685' title='bbox 3511 4366 3558 4424; x_wconf 89' lang='lat' dir='ltr'><strong>si</strong></span> <span class='ocrx_word' id='word_1_686' title='bbox 3613 4366 3695 4422; x_wconf 85' lang='lat' dir='ltr'><strong>rei</strong></span> 
     </span>
    </p>
   </div>
   <div class='ocr_carea' id='block_1_86' title="bbox 2091 4460 3701 4533">
    <p class='ocr_par' dir='ltr' id='par_1_86' title="bbox 2091 4460 3701 4533">
     <span class='ocr_line' id='line_1_86' title="bbox 2091 4460 3701 4533; baseline -0.001 -16"><span class='ocrx_word' id='word_1_687' title='bbox 2091 4462 2304 4518; x_wconf 86' lang='lat' dir='ltr'><strong>veritas</strong></span> <span class='ocrx_word' id='word_1_688' title='bbox 2359 4462 2436 4516; x_wconf 89' lang='lat' dir='ltr'><strong>ita</strong></span> <span class='ocrx_word' id='word_1_689' title='bbox 2487 4477 2549 4518; x_wconf 92' lang='lat' dir='ltr'><strong>se</strong></span> <span class='ocrx_word' id='word_1_690' title='bbox 2606 4478 2715 4518; x_wconf 89' lang='lat' dir='ltr'><strong>non</strong></span> <span class='ocrx_word' id='word_1_691' title='bbox 2777 4462 2951 4519; x_wconf 88' lang='lat' dir='ltr'><strong>habet</strong></span> <span class='ocrx_word' id='word_1_692' title='bbox 2983 4479 2996 4517; x_wconf 92' lang='lat'>:</span> <span class='ocrx_word' id='word_1_693' title='bbox 3028 4461 3227 4533; x_wconf 89' lang='lat' dir='ltr'><strong>quidni</strong></span> <span class='ocrx_word' id='word_1_694' title='bbox 3273 4470 3496 4518; x_wconf 86' lang='lat' dir='ltr'><strong>servato</strong></span> <span class='ocrx_word' id='word_1_695' title='bbox 3545 4460 3701 4533; x_wconf 88' lang='lat' dir='ltr'><strong>quod</strong></span> 
     </span>
    </p>
   </div>
   <div class='ocr_carea' id='block_1_87' title="bbox 356 4530 1987 4625">
    <p class='ocr_par' dir='ltr' id='par_1_87' title="bbox 356 4530 1983 4623">
     <span class='ocr_line' id='line_1_87' title="bbox 356 4530 1983 4623; baseline -0.004 -20"><span class='ocrx_word' id='word_1_696' title='bbox 356 4551 581 4623; x_wconf 78' lang='grc' dir='ltr'>πρέπον</span> <span class='ocrx_word' id='word_1_697' title='bbox 634 4548 880 4618; x_wconf 58' lang='grc' dir='ltr'>ἔφασκεν</span> <span class='ocrx_word' id='word_1_698' title='bbox 905 4563 919 4577; x_wconf 76' lang='grc' dir='ltr'><strong><em>ο</em></strong></span> <span class='ocrx_word' id='word_1_699' title='bbox 968 4545 1113 4615; x_wconf 85' lang='grc' dir='ltr'><strong>Ἐγὼ</strong></span> <span class='ocrx_word' id='word_1_700' title='bbox 1159 4546 1257 4600; x_wconf 68' lang='grc' dir='ltr'><strong>καὶ</strong></span> <span class='ocrx_word' id='word_1_701' title='bbox 1299 4547 1335 4611; x_wconf 86' lang='lat'><strong>6</strong></span> <span class='ocrx_word' id='word_1_702' title='bbox 1368 4530 1561 4617; x_wconf 82' lang='grc' dir='ltr'>Πατὴρ</span> <span class='ocrx_word' id='word_1_703' title='bbox 1592 4544 1649 4598; x_wconf 76' lang='grc' dir='ltr'>ἓν</span> <span class='ocrx_word' id='word_1_704' title='bbox 1685 4545 1843 4617; x_wconf 60' lang='lat' dir='ltr'><strong>altat;</strong></span> <span class='ocrx_word' id='word_1_705' title='bbox 1895 4542 1983 4597; x_wconf 89' lang='grc' dir='ltr'><strong>Ἑ-</strong></span> 
     </span>
    </p>
   </div>
   <div class='ocr_carea' id='block_1_88' title="bbox 2088 4530 3694 4625">
    <p class='ocr_par' dir='ltr' id='par_1_88' title="bbox 2093 4530 3694 4625">
     <span class='ocr_line' id='line_1_88' title="bbox 2093 4530 3694 4625; baseline -0.001 -16"><span class='ocrx_word' id='word_1_706' title='bbox 2093 4552 2297 4609; x_wconf 87' lang='lat' dir='ltr'><strong>unitati</strong></span> <span class='ocrx_word' id='word_1_707' title='bbox 2351 4553 2661 4621; x_wconf 90' lang='lat' dir='ltr'><strong>convenit,</strong></span> <span class='ocrx_word' id='word_1_708' title='bbox 2728 4554 2959 4622; x_wconf 88' lang='lat' dir='ltr'><strong>aiebat,</strong></span> <span class='ocrx_word' id='word_1_709' title='bbox 3022 4530 3141 4625; x_wconf 69' lang='lat' dir='ltr'><strong>Ego</strong></span> <span class='ocrx_word' id='word_1_710' title='bbox 3192 4562 3248 4610; x_wconf 92' lang='lat' dir='ltr'><strong>et</strong></span> <span class='ocrx_word' id='word_1_711' title='bbox 3302 4551 3471 4609; x_wconf 85' lang='lat' dir='ltr'><strong>Pater</strong></span> <span class='ocrx_word' id='word_1_712' title='bbox 3523 4530 3694 4608; x_wconf 80' lang='lat' dir='ltr'><strong>unum</strong></span> 
     </span>
    </p>
   </div>
   <div class='ocr_carea' id='block_1_89' title="bbox 357 4636 1983 4714">
    <p class='ocr_par' dir='ltr' id='par_1_89' title="bbox 357 4636 1983 4714">
     <span class='ocr_line' id='line_1_89' title="bbox 357 4636 1983 4714; baseline -0.004 -16"><span class='ocrx_word' id='word_1_713' title='bbox 357 4643 527 4714; x_wconf 79' lang='grc' dir='ltr'>πειδὴ</span> <span class='ocrx_word' id='word_1_714' title='bbox 566 4643 627 4697; x_wconf 77' lang='grc' dir='ltr'><strong>δὲ</strong></span> <span class='ocrx_word' id='word_1_715' title='bbox 662 4644 745 4705; x_wconf 84' lang='grc' dir='ltr'><strong>είς</strong></span> <span class='ocrx_word' id='word_1_716' title='bbox 792 4639 1156 4714; x_wconf 84' lang='grc' dir='ltr'>πληθυντικὸν</span> <span class='ocrx_word' id='word_1_717' title='bbox 1187 4639 1423 4712; x_wconf 83' lang='grc' dir='ltr'>ἀριθμὸν</span> <span class='ocrx_word' id='word_1_718' title='bbox 1471 4639 1533 4692; x_wconf 84' lang='grc' dir='ltr'><strong>τὸ</strong></span> <span class='ocrx_word' id='word_1_719' title='bbox 1581 4636 1983 4710; x_wconf 83' lang='grc' dir='ltr'>σημαινόμενον</span> 
     </span>
    </p>
   </div>
   <div class='ocr_carea' id='block_1_90' title="bbox 354 4730 1983 4804">
    <p class='ocr_par' dir='ltr' id='par_1_90' title="bbox 354 4730 1983 4804">
     <span class='ocr_line' id='line_1_90' title="bbox 354 4730 1983 4804; baseline -0.004 -13"><span class='ocrx_word' id='word_1_720' title='bbox 354 4736 614 4802; x_wconf 78' lang='grc' dir='ltr'>ἑξαπλοῖ,</span> <span class='ocrx_word' id='word_1_721' title='bbox 648 4733 811 4804; x_wconf 77' lang='grc' dir='ltr'>δῆλος</span> <span class='ocrx_word' id='word_1_722' title='bbox 837 4732 905 4786; x_wconf 84' lang='grc' dir='ltr'><strong>ἂν</strong></span> <span class='ocrx_word' id='word_1_723' title='bbox 932 4732 1019 4803; x_wconf 75' lang='grc' dir='ltr'><strong>εἴη</strong></span> <span class='ocrx_word' id='word_1_724' title='bbox 1045 4731 1257 4802; x_wconf 76' lang='grc' dir='ltr'>λοιπὸν,</span> <span class='ocrx_word' id='word_1_725' title='bbox 1283 4732 1380 4804; x_wconf 82' lang='grc' dir='ltr'>τὴν</span> <span class='ocrx_word' id='word_1_726' title='bbox 1397 4731 1506 4785; x_wconf 82' lang='grc' dir='ltr'><strong>τῶν</strong></span> <span class='ocrx_word' id='word_1_727' title='bbox 1523 4730 1983 4803; x_wconf 79' lang='grc' dir='ltr'>ἑτεροδοεούντων</span> 
     </span>
    </p>
   </div>
   <div class='ocr_carea' id='block_1_91' title="bbox 355 4823 1989 4901">
    <p class='ocr_par' dir='ltr' id='par_1_91' title="bbox 355 4823 1989 4901">
     <span class='ocr_line' id='line_1_91' title="bbox 355 4823 1989 4901; baseline -0.004 -15"><span class='ocrx_word' id='word_1_728' title='bbox 355 4827 698 4901; x_wconf 84' lang='grc' dir='ltr'>ἀνατρέπων</span> <span class='ocrx_word' id='word_1_729' title='bbox 752 4825 1034 4880; x_wconf 86' lang='grc' dir='ltr'>ὑπόνοιαν.</span> <span class='ocrx_word' id='word_1_730' title='bbox 1086 4826 1224 4880; x_wconf 84' lang='grc' dir='ltr'><strong>Οὐδὲ</strong></span> <span class='ocrx_word' id='word_1_731' title='bbox 1276 4824 1387 4896; x_wconf 82' lang='grc' dir='ltr'><strong>γὰρ</strong></span> <span class='ocrx_word' id='word_1_732' title='bbox 1443 4826 1509 4881; x_wconf 84' lang='grc' dir='ltr'>ἂν</span> <span class='ocrx_word' id='word_1_733' title='bbox 1575 4823 1696 4879; x_wconf 84' lang='grc' dir='ltr'>καθ’</span> <span class='ocrx_word' id='word_1_734' title='bbox 1746 4824 1867 4890; x_wconf 80' lang='grc' dir='ltr'>ἐνὸς</span> <span class='ocrx_word' id='word_1_735' title='bbox 1922 4825 1989 4879; x_wconf 83' lang='grc' dir='ltr'>τὸ</span> 
     </span>
    </p>
   </div>
   <div class='ocr_carea' id='block_1_92' title="bbox 353 4917 1453 4993">
    <p class='ocr_par' dir='ltr' id='par_1_92' title="bbox 353 4917 1453 4993">
     <span class='ocr_line' id='line_1_92' title="bbox 353 4917 1453 4993; baseline -0.005 -15"><span class='ocrx_word' id='word_1_736' title='bbox 353 4920 555 4993; x_wconf 76' lang='grc' dir='ltr'>ἐσμὲν</span> <span class='ocrx_word' id='word_1_737' title='bbox 585 4918 914 4991; x_wconf 80' lang='grc' dir='ltr'>ἐπενεχθείη</span> <span class='ocrx_word' id='word_1_738' title='bbox 943 4917 1204 4983; x_wconf 84' lang='grc' dir='ltr'>συνετῶς.</span> <span class='ocrx_word' id='word_1_739' title='bbox 1262 4978 1267 4983; x_wconf 31' lang='lat'><em>.</em></span> <span class='ocrx_word' id='word_1_740' title='bbox 1447 4980 1453 4987; x_wconf 43' lang='grc'><strong>,</strong></span> 
     </span>
    </p>
   </div>
   <div class='ocr_carea' id='block_1_93' title="bbox 434 5010 1979 5085">
    <p class='ocr_par' dir='ltr' id='par_1_93' title="bbox 434 5010 1979 5085">
     <span class='ocr_line' id='line_1_93' title="bbox 434 5010 1979 5085; baseline -0.003 -15"><span class='ocrx_word' id='word_1_741' title='bbox 434 5017 681 5070; x_wconf 80' lang='lat' dir='ltr'><strong>&#39;AAAO.</strong></span> <span class='ocrx_word' id='word_1_742' title='bbox 739 5013 869 5068; x_wconf 75' lang='grc' dir='ltr'><strong>Ἐπὶ</strong></span> <span class='ocrx_word' id='word_1_743' title='bbox 903 5015 970 5084; x_wconf 82' lang='grc' dir='ltr'>τῇ</span> <span class='ocrx_word' id='word_1_744' title='bbox 1019 5011 1114 5066; x_wconf 79' lang='grc' dir='ltr'>τοῦ</span> <span class='ocrx_word' id='word_1_745' title='bbox 1147 5010 1443 5083; x_wconf 84' lang='grc' dir='ltr'>ἀνθρώπου</span> <span class='ocrx_word' id='word_1_746' title='bbox 1478 5015 1794 5084; x_wconf 83' lang='grc' dir='ltr'>κατασκευῇ</span> <span class='ocrx_word' id='word_1_747' title='bbox 1825 5014 1979 5085; x_wconf 80' lang='grc' dir='ltr'>φωνὴ</span> 
     </span>
    </p>
   </div>
   <div class='ocr_carea' id='block_1_94' title="bbox 352 5104 1981 5182">
    <p class='ocr_par' dir='ltr' id='par_1_94' title="bbox 352 5104 1981 5182">
     <span class='ocr_line' id='line_1_94' title="bbox 352 5104 1981 5182; baseline -0.001 -20"><span class='ocrx_word' id='word_1_748' title='bbox 352 5110 599 5182; x_wconf 78' lang='grc' dir='ltr'>φέρεται</span> <span class='ocrx_word' id='word_1_749' title='bbox 649 5104 810 5171; x_wconf 79' lang='grc' dir='ltr'>Θεοῦ,</span> <span class='ocrx_word' id='word_1_750' title='bbox 864 5124 885 5158; x_wconf 79' lang='grc' dir='ltr'><strong>ι</strong></span> <span class='ocrx_word' id='word_1_751' title='bbox 933 5106 1264 5177; x_wconf 87' lang='grc' dir='ltr'>Ποιήσωμεν</span> <span class='ocrx_word' id='word_1_752' title='bbox 1297 5104 1609 5177; x_wconf 81' lang='grc' dir='ltr'>ἄνθρωπον,</span> <span class='ocrx_word' id='word_1_753' title='bbox 1638 5124 1657 5158; x_wconf 77' lang='grc' dir='ltr'><strong>ι</strong></span> <span class='ocrx_word' id='word_1_754' title='bbox 1698 5106 1981 5176; x_wconf 80' lang='grc' dir='ltr'>λέγοντος,</span> 
     </span>
    </p>
   </div>
   <div class='ocr_carea' id='block_1_95' title="bbox 359 5196 1984 5270">
    <p class='ocr_par' dir='ltr' id='par_1_95' title="bbox 359 5196 1984 5270">
     <span class='ocr_line' id='line_1_95' title="bbox 359 5196 1984 5270; baseline -0.001 -17"><span class='ocrx_word' id='word_1_755' title='bbox 359 5221 381 5253; x_wconf 76' lang='grc' dir='ltr'><strong>ι</strong></span> <span class='ocrx_word' id='word_1_756' title='bbox 419 5201 551 5255; x_wconf 82' lang='grc' dir='ltr'>κατ’</span> <span class='ocrx_word' id='word_1_757' title='bbox 604 5199 795 5252; x_wconf 82' lang='grc' dir='ltr'>εἰκόνα</span> <span class='ocrx_word' id='word_1_758' title='bbox 833 5197 1117 5269; x_wconf 77' lang='grc' dir='ltr'>ἡμετέραν</span> <span class='ocrx_word' id='word_1_759' title='bbox 1156 5198 1252 5253; x_wconf 77' lang='grc' dir='ltr'>καὶ</span> <span class='ocrx_word' id='word_1_760' title='bbox 1292 5196 1416 5251; x_wconf 77' lang='grc' dir='ltr'>καθ’</span> <span class='ocrx_word' id='word_1_761' title='bbox 1441 5197 1724 5269; x_wconf 84' lang='grc' dir='ltr'>ὁμοίωσιν.</span> <span class='ocrx_word' id='word_1_762' title='bbox 1758 5218 1777 5251; x_wconf 76' lang='grc' dir='ltr'><strong>ι</strong></span> <span class='ocrx_word' id='word_1_763' title='bbox 1808 5198 1984 5270; x_wconf 74' lang='grc' dir='ltr'>Εἴπερ</span> 
     </span>
    </p>
   </div>
   <div class='ocr_carea' id='block_1_96' title="bbox 352 5287 1984 5361">
    <p class='ocr_par' dir='ltr' id='par_1_96' title="bbox 352 5287 1984 5361">
     <span class='ocr_line' id='line_1_96' title="bbox 352 5287 1984 5361; baseline -0.011 -13"><span class='ocrx_word' id='word_1_764' title='bbox 352 5289 454 5348; x_wconf 73' lang='grc' dir='ltr'><strong>οὖν</strong></span> <span class='ocrx_word' id='word_1_765' title='bbox 487 5294 573 5355; x_wconf 82' lang='grc' dir='ltr'><strong>εἰς</strong></span> <span class='ocrx_word' id='word_1_766' title='bbox 608 5289 668 5345; x_wconf 81' lang='grc' dir='ltr'>ἓν</span> <span class='ocrx_word' id='word_1_767' title='bbox 700 5307 753 5344; x_wconf 93' lang='grc' dir='ltr'><strong>τι</strong></span> <span class='ocrx_word' id='word_1_768' title='bbox 784 5288 864 5361; x_wconf 84' lang='grc' dir='ltr'>τῷ</span> <span class='ocrx_word' id='word_1_769' title='bbox 900 5287 1126 5361; x_wconf 78' lang='grc' dir='ltr'>ἀριθμῷ</span> <span class='ocrx_word' id='word_1_770' title='bbox 1164 5288 1226 5343; x_wconf 84' lang='grc' dir='ltr'><strong>τὸ</strong></span> <span class='ocrx_word' id='word_1_771' title='bbox 1252 5291 1355 5361; x_wconf 82' lang='grc' dir='ltr'><strong>τῆς</strong></span> <span class='ocrx_word' id='word_1_772' title='bbox 1382 5289 1546 5358; x_wconf 82' lang='grc' dir='ltr'>ἁγίας</span> <span class='ocrx_word' id='word_1_773' title='bbox 1580 5288 1812 5361; x_wconf 83' lang='grc' dir='ltr'>Τριάδος</span> <span class='ocrx_word' id='word_1_774' title='bbox 1841 5290 1984 5344; x_wconf 83' lang='grc' dir='ltr'><strong>πλά-</strong></span> 
     </span>
    </p>
   </div>
   <div class='ocr_carea' id='block_1_97' title="bbox 349 5382 1982 5455">
    <p class='ocr_par' dir='ltr' id='par_1_97' title="bbox 349 5382 1982 5455">
     <span class='ocr_line' id='line_1_97' title="bbox 349 5382 1982 5455; baseline -0.002 -14"><span class='ocrx_word' id='word_1_775' title='bbox 349 5406 471 5455; x_wconf 72' lang='grc' dir='ltr'>τος,</span> <span class='ocrx_word' id='word_1_776' title='bbox 514 5386 607 5440; x_wconf 85' lang='grc' dir='ltr'><strong>ῐνα</strong></span> <span class='ocrx_word' id='word_1_777' title='bbox 642 5384 821 5447; x_wconf 79' lang='grc' dir='ltr'>οὕτως</span> <span class='ocrx_word' id='word_1_778' title='bbox 865 5383 1027 5448; x_wconf 76' lang='grc' dir='ltr'>εἴπω,</span> <span class='ocrx_word' id='word_1_779' title='bbox 1048 5382 1422 5448; x_wconf 85' lang='grc' dir='ltr'>συστέλλεται,</span> <span class='ocrx_word' id='word_1_780' title='bbox 1452 5383 1546 5437; x_wconf 78' lang='grc' dir='ltr'><strong>καὶ</strong></span> <span class='ocrx_word' id='word_1_781' title='bbox 1588 5382 1982 5449; x_wconf 80' lang='grc' dir='ltr'>δυσσεόοὖντες</span> 
     </span>
    </p>
   </div>
   <div class='ocr_carea' id='block_1_98' title="bbox 351 5472 1982 5551">
    <p class='ocr_par' dir='ltr' id='par_1_98' title="bbox 351 5472 1982 5551">
     <span class='ocr_line' id='line_1_98' title="bbox 351 5472 1982 5551; baseline -0.002 -18"><span class='ocrx_word' id='word_1_782' title='bbox 351 5475 658 5551; x_wconf 84' lang='grc' dir='ltr'>ἀναιροῦσι</span> <span class='ocrx_word' id='word_1_783' title='bbox 704 5475 768 5529; x_wconf 81' lang='grc' dir='ltr'>τὸ</span> <span class='ocrx_word' id='word_1_784' title='bbox 800 5475 1101 5545; x_wconf 75' lang='grc' dir='ltr'>ὑφεστᾶναι</span> <span class='ocrx_word' id='word_1_785' title='bbox 1150 5472 1275 5527; x_wconf 88' lang='grc' dir='ltr'>καθ’</span> <span class='ocrx_word' id='word_1_786' title='bbox 1318 5473 1549 5537; x_wconf 78' lang='grc' dir='ltr'>ἑαυτοὺς</span> <span class='ocrx_word' id='word_1_787' title='bbox 1596 5474 1839 5545; x_wconf 83' lang='grc' dir='ltr'>Πατέρα,</span> <span class='ocrx_word' id='word_1_788' title='bbox 1885 5476 1982 5529; x_wconf 77' lang='grc' dir='ltr'>καὶ</span> 
     </span>
    </p>
   </div>
   <div class='ocr_carea' id='block_1_99' title="bbox 354 5557 1980 5641">
    <p class='ocr_par' dir='ltr' id='par_1_99' title="bbox 354 5557 1980 5641">
     <span class='ocr_line' id='line_1_99' title="bbox 354 5557 1980 5641; baseline -0.004 -15"><span class='ocrx_word' id='word_1_789' title='bbox 354 5571 492 5626; x_wconf 84' lang='grc' dir='ltr'>Υἱὸν</span> <span class='ocrx_word' id='word_1_790' title='bbox 528 5586 545 5600; x_wconf 72' lang='grc' dir='ltr'><strong><em>ο</em></strong></span> <span class='ocrx_word' id='word_1_791' title='bbox 573 5569 663 5635; x_wconf 87' lang='grc' dir='ltr'><strong>τίς</strong></span> <span class='ocrx_word' id='word_1_792' title='bbox 694 5571 724 5625; x_wconf 92' lang='lat'><strong>6</strong></span> <span class='ocrx_word' id='word_1_793' title='bbox 757 5567 898 5641; x_wconf 75' lang='grc' dir='ltr'>πρὸς</span> <span class='ocrx_word' id='word_1_794' title='bbox 922 5568 1047 5622; x_wconf 89' lang='grc' dir='ltr'>τίνα</span> <span class='ocrx_word' id='word_1_795' title='bbox 1079 5557 1257 5636; x_wconf 59' lang='grc' dir='ltr'>λὲγων</span> <span class='ocrx_word' id='word_1_796' title='bbox 1287 5566 1427 5631; x_wconf 72' lang='grc' dir='ltr'>ἐστὶ,</span> <span class='ocrx_word' id='word_1_797' title='bbox 1456 5585 1474 5618; x_wconf 86' lang='grc' dir='ltr'><strong>ι</strong></span> <span class='ocrx_word' id='word_1_798' title='bbox 1522 5567 1845 5637; x_wconf 88' lang='grc' dir='ltr'>Ποιήσωμεν</span> <span class='ocrx_word' id='word_1_799' title='bbox 1883 5567 1980 5622; x_wconf 83' lang='grc' dir='ltr'>άν-</span> 
     </span>
    </p>
   </div>
   <div class='ocr_carea' id='block_1_100' title="bbox 352 5657 1979 5737">
    <p class='ocr_par' dir='ltr' id='par_1_100' title="bbox 352 5657 1979 5737">
     <span class='ocr_line' id='line_1_100' title="bbox 352 5657 1979 5737; baseline -0.003 -19"><span class='ocrx_word' id='word_1_800' title='bbox 352 5665 589 5737; x_wconf 82' lang='grc' dir='ltr'>θρωπον</span> <span class='ocrx_word' id='word_1_801' title='bbox 616 5661 742 5718; x_wconf 88' lang='grc' dir='ltr'>κατ’</span> <span class='ocrx_word' id='word_1_802' title='bbox 760 5662 945 5717; x_wconf 83' lang='grc' dir='ltr'>εἰκόνα</span> <span class='ocrx_word' id='word_1_803' title='bbox 977 5661 1077 5733; x_wconf 83' lang='grc' dir='ltr'><strong>τὴν</strong></span> <span class='ocrx_word' id='word_1_804' title='bbox 1102 5659 1381 5731; x_wconf 76' lang='grc' dir='ltr'>ἡμετέραν</span> <span class='ocrx_word' id='word_1_805' title='bbox 1406 5675 1420 5725; x_wconf 91' lang='grc'><strong>;</strong></span> <span class='ocrx_word' id='word_1_806' title='bbox 1443 5677 1461 5710; x_wconf 77' lang='grc' dir='ltr'><strong>ι</strong></span> <span class='ocrx_word' id='word_1_807' title='bbox 1494 5658 1648 5731; x_wconf 84' lang='grc' dir='ltr'>Χρῆν</span> <span class='ocrx_word' id='word_1_808' title='bbox 1670 5657 1779 5730; x_wconf 80' lang='grc' dir='ltr'>γὰρ</span> <span class='ocrx_word' id='word_1_809' title='bbox 1808 5658 1979 5730; x_wconf 78' lang='grc' dir='ltr'>δήπου</span> 
     </span>
    </p>
   </div>
   <div class='ocr_carea' id='block_1_101' title="bbox 426 5856 1892 5934">
    <p class='ocr_par' dir='ltr' id='par_1_101' title="bbox 426 5856 1892 5934">
     <span class='ocr_line' id='line_1_101' title="bbox 426 5856 1892 5934; baseline -0.005 -14"><span class='ocrx_word' id='word_1_810' title='bbox 426 5862 475 5897; x_wconf 87' lang='grc'>³³</span> <span class='ocrx_word' id='word_1_811' title='bbox 505 5860 719 5934; x_wconf 88' lang='lat' dir='ltr'><strong>Philip.</strong></span> <span class='ocrx_word' id='word_1_812' title='bbox 758 5876 819 5929; x_wconf 84' lang='lat' dir='ltr'><strong>tt,</strong></span> <span class='ocrx_word' id='word_1_813' title='bbox 846 5861 896 5917; x_wconf 81' lang='lat'><em>6.</em></span> <span class='ocrx_word' id='word_1_814' title='bbox 981 5858 1027 5894; x_wconf 78' lang='lat'>&quot;</span> <span class='ocrx_word' id='word_1_815' title='bbox 1068 5856 1229 5916; x_wconf 84' lang='lat' dir='ltr'><strong>Joan.</strong></span> <span class='ocrx_word' id='word_1_816' title='bbox 1254 5857 1420 5930; x_wconf 68' lang='lat'><strong>1,30.</strong></span> <span class='ocrx_word' id='word_1_817' title='bbox 1502 5858 1546 5893; x_wconf 74' lang='grc'><strong>³⁸</strong></span> <span class='ocrx_word' id='word_1_818' title='bbox 1568 5857 1704 5918; x_wconf 88' lang='lat' dir='ltr'><strong>Gen.</strong></span> <span class='ocrx_word' id='word_1_819' title='bbox 1740 5875 1777 5928; x_wconf 87' lang='grc' dir='ltr'><strong>ι,</strong></span> <span class='ocrx_word' id='word_1_820' title='bbox 1804 5857 1892 5915; x_wconf 78' lang='lat'><strong>9.6.</strong></span> 
     </span>
    </p>
   </div>
   <div class='ocr_carea' id='block_1_102' title="bbox 2086 4646 3693 4718">
    <p class='ocr_par' dir='ltr' id='par_1_102' title="bbox 2086 4646 3693 4718">
     <span class='ocr_line' id='line_1_102' title="bbox 2086 4646 3693 4718; baseline -0.002 -15"><span class='ocrx_word' id='word_1_821' title='bbox 2086 4646 2257 4703; x_wconf 84' lang='lat' dir='ltr'><strong>sum?</strong></span> <span class='ocrx_word' id='word_1_822' title='bbox 2314 4646 2454 4701; x_wconf 85' lang='lat' dir='ltr'><strong>Cum</strong></span> <span class='ocrx_word' id='word_1_823' title='bbox 2522 4655 2707 4703; x_wconf 90' lang='lat' dir='ltr'><strong>autem</strong></span> <span class='ocrx_word' id='word_1_824' title='bbox 2760 4646 2963 4718; x_wconf 88' lang='lat' dir='ltr'><strong>plurali</strong></span> <span class='ocrx_word' id='word_1_825' title='bbox 3021 4660 3256 4703; x_wconf 86' lang='lat' dir='ltr'><strong>numero</strong></span> <span class='ocrx_word' id='word_1_826' title='bbox 3306 4646 3358 4701; x_wconf 92' lang='lat' dir='ltr'><strong>id</strong></span> <span class='ocrx_word' id='word_1_827' title='bbox 3413 4654 3693 4717; x_wconf 81' lang='lat' dir='ltr'><strong>exponat,</strong></span> 
     </span>
    </p>
   </div>
   <div class='ocr_carea' id='block_1_103' title="bbox 2087 4738 3692 4813">
    <p class='ocr_par' dir='ltr' id='par_1_103' title="bbox 2087 4738 3692 4813">
     <span class='ocr_line' id='line_1_103' title="bbox 2087 4738 3692 4813; baseline -0.001 -19"><span class='ocrx_word' id='word_1_828' title='bbox 2087 4739 2479 4795; x_wconf 77' lang='lat' dir='ltr'><strong>lia-reticorum</strong></span> <span class='ocrx_word' id='word_1_829' title='bbox 2522 4739 2844 4812; x_wconf 90' lang='lat' dir='ltr'><strong>opinionem</strong></span> <span class='ocrx_word' id='word_1_830' title='bbox 2887 4745 3143 4813; x_wconf 75' lang='lat' dir='ltr'><strong>evertere</strong></span> <span class='ocrx_word' id='word_1_831' title='bbox 3192 4738 3296 4810; x_wconf 81' lang='lat'><strong>1&#39;7</strong></span> <span class='ocrx_word' id='word_1_832' title='bbox 3330 4739 3692 4795; x_wconf 83' lang='lat' dir='ltr'><strong>manifestum</strong></span> 
     </span>
    </p>
   </div>
   <div class='ocr_carea' id='block_1_104' title="bbox 2083 4831 3536 4905">
    <p class='ocr_par' dir='ltr' id='par_1_104' title="bbox 2083 4831 3536 4905">
     <span class='ocr_line' id='line_1_104' title="bbox 2083 4831 3536 4905; baseline 0 -18"><span class='ocrx_word' id='word_1_833' title='bbox 2083 4839 2190 4887; x_wconf 91' lang='lat' dir='ltr'><strong>est.</strong></span> <span class='ocrx_word' id='word_1_834' title='bbox 2226 4831 2419 4905; x_wconf 88' lang='lat' dir='ltr'><strong>Neque</strong></span> <span class='ocrx_word' id='word_1_835' title='bbox 2441 4833 2589 4888; x_wconf 90' lang='lat' dir='ltr'><strong>enim</strong></span> <span class='ocrx_word' id='word_1_836' title='bbox 2626 4849 2832 4900; x_wconf 79' lang='lat' dir='ltr'><strong>sumus,</strong></span> <span class='ocrx_word' id='word_1_837' title='bbox 2863 4831 2933 4889; x_wconf 89' lang='lat' dir='ltr'><strong>de</strong></span> <span class='ocrx_word' id='word_1_838' title='bbox 2973 4847 3084 4889; x_wconf 93' lang='lat' dir='ltr'><strong>uno</strong></span> <span class='ocrx_word' id='word_1_839' title='bbox 3113 4839 3263 4887; x_wconf 92' lang='lat' dir='ltr'><strong>recte</strong></span> <span class='ocrx_word' id='word_1_840' title='bbox 3297 4831 3536 4892; x_wconf 83' lang='lat' dir='ltr'><strong>dixeris.</strong></span> 
     </span>
    </p>
   </div>
   <div class='ocr_carea' id='block_1_105' title="bbox 2160 5010 3694 5080">
    <p class='ocr_par' dir='ltr' id='par_1_105' title="bbox 2160 5010 3694 5080">
     <span class='ocr_line' id='line_1_105' title="bbox 2160 5010 3694 5080; baseline 0.001 -14"><span class='ocrx_word' id='word_1_841' title='bbox 2160 5010 2396 5068; x_wconf 80' lang='lat' dir='ltr'><strong>ALIUD.</strong></span> <span class='ocrx_word' id='word_1_842' title='bbox 2425 5012 2566 5069; x_wconf 86' lang='lat' dir='ltr'><strong>Cum</strong></span> <span class='ocrx_word' id='word_1_843' title='bbox 2609 5012 2754 5070; x_wconf 90' lang='lat' dir='ltr'><strong>Deus</strong></span> <span class='ocrx_word' id='word_1_844' title='bbox 2781 5012 3026 5071; x_wconf 89' lang='lat' dir='ltr'><strong>condere</strong></span> <span class='ocrx_word' id='word_1_845' title='bbox 3055 5013 3227 5071; x_wconf 82' lang='lat' dir='ltr'><strong>vellet</strong></span> <span class='ocrx_word' id='word_1_846' title='bbox 3262 5011 3573 5080; x_wconf 82' lang='lat' dir='ltr'><strong>hominem,</strong></span> <span class='ocrx_word' id='word_1_847' title='bbox 3606 5012 3694 5069; x_wconf 86' lang='lat' dir='ltr'><strong>di-</strong></span> 
     </span>
    </p>
   </div>
   <div class='ocr_carea' id='block_1_106' title="bbox 2088 5102 3695 5176">
    <p class='ocr_par' dir='ltr' id='par_1_106' title="bbox 2088 5102 3695 5176">
     <span class='ocr_line' id='line_1_106' title="bbox 2088 5102 3695 5176; baseline 0.001 -19"><span class='ocrx_word' id='word_1_848' title='bbox 2088 5102 2242 5160; x_wconf 80' lang='lat' dir='ltr'><strong>xisse</strong></span> <span class='ocrx_word' id='word_1_849' title='bbox 2276 5104 2495 5160; x_wconf 83' lang='lat' dir='ltr'><strong>fertur:</strong></span> <span class='ocrx_word' id='word_1_850' title='bbox 2553 5122 2574 5157; x_wconf 74' lang='grc' dir='ltr'><strong>ι</strong></span> <span class='ocrx_word' id='word_1_851' title='bbox 2627 5103 2926 5163; x_wconf 89' lang='lat' dir='ltr'><strong>Faciamus</strong></span> <span class='ocrx_word' id='word_1_852' title='bbox 2961 5105 3245 5162; x_wconf 86' lang='lat' dir='ltr'><strong>hominem</strong></span> <span class='ocrx_word' id='word_1_853' title='bbox 3286 5104 3355 5159; x_wconf 92' lang='lat' dir='ltr'><strong>ad</strong></span> <span class='ocrx_word' id='word_1_854' title='bbox 3393 5104 3695 5176; x_wconf 85' lang='lat' dir='ltr'><strong>imaginem</strong></span> 
     </span>
    </p>
   </div>
   <div class='ocr_carea' id='block_1_107' title="bbox 2089 5195 3694 5269">
    <p class='ocr_par' dir='ltr' id='par_1_107' title="bbox 2089 5195 3694 5269">
     <span class='ocr_line' id='line_1_107' title="bbox 2089 5195 3694 5269; baseline 0.001 -20"><span class='ocrx_word' id='word_1_855' title='bbox 2089 5203 2339 5253; x_wconf 88' lang='lat' dir='ltr'><strong>nostram</strong></span> <span class='ocrx_word' id='word_1_856' title='bbox 2392 5205 2449 5252; x_wconf 89' lang='lat' dir='ltr'><strong>et</strong></span> <span class='ocrx_word' id='word_1_857' title='bbox 2483 5197 2911 5255; x_wconf 88' lang='lat' dir='ltr'><strong>similitudinem</strong></span> <span class='ocrx_word' id='word_1_858' title='bbox 2940 5197 3007 5251; x_wconf 82' lang='grc'>³⁸.</span> <span class='ocrx_word' id='word_1_859' title='bbox 3047 5215 3069 5251; x_wconf 75' lang='grc' dir='ltr'><strong>ι</strong></span> <span class='ocrx_word' id='word_1_860' title='bbox 3126 5195 3184 5252; x_wconf 90' lang='lat' dir='ltr'><strong>Si</strong></span> <span class='ocrx_word' id='word_1_861' title='bbox 3225 5211 3361 5269; x_wconf 89' lang='lat' dir='ltr'><strong>ergo</strong></span> <span class='ocrx_word' id='word_1_862' title='bbox 3411 5196 3481 5252; x_wconf 89' lang='lat' dir='ltr'><strong>ad</strong></span> <span class='ocrx_word' id='word_1_863' title='bbox 3522 5212 3694 5252; x_wconf 88' lang='lat' dir='ltr'><strong>unum</strong></span> 
     </span>
    </p>
   </div>
   <div class='ocr_carea' id='block_1_108' title="bbox 2085 5288 3695 5362">
    <p class='ocr_par' dir='ltr' id='par_1_108' title="bbox 2085 5288 3695 5362">
     <span class='ocr_line' id='line_1_108' title="bbox 2085 5288 3695 5362; baseline 0 -19"><span class='ocrx_word' id='word_1_864' title='bbox 2085 5288 2359 5360; x_wconf 88' lang='lat' dir='ltr'><strong>quiddam</strong></span> <span class='ocrx_word' id='word_1_865' title='bbox 2412 5305 2647 5347; x_wconf 90' lang='lat' dir='ltr'><strong>numero</strong></span> <span class='ocrx_word' id='word_1_866' title='bbox 2690 5300 2900 5349; x_wconf 83' lang='lat' dir='ltr'><strong>sanctae</strong></span> <span class='ocrx_word' id='word_1_867' title='bbox 2944 5289 3241 5347; x_wconf 86' lang='lat' dir='ltr'><strong>Trinitatis</strong></span> <span class='ocrx_word' id='word_1_868' title='bbox 3268 5289 3598 5362; x_wconf 89' lang='lat' dir='ltr'><strong>amplitudo,</strong></span> <span class='ocrx_word' id='word_1_869' title='bbox 3639 5300 3695 5343; x_wconf 89' lang='lat' dir='ltr'><strong>ut</strong></span> 
     </span>
    </p>
   </div>
   <div class='ocr_carea' id='block_1_109' title="bbox 2087 5379 3694 5457">
    <p class='ocr_par' dir='ltr' id='par_1_109' title="bbox 2087 5379 3694 5457">
     <span class='ocr_line' id='line_1_109' title="bbox 2087 5379 3694 5457; baseline -0.003 -21"><span class='ocrx_word' id='word_1_870' title='bbox 2087 5381 2165 5437; x_wconf 84' lang='lat' dir='ltr'><strong>ita</strong></span> <span class='ocrx_word' id='word_1_871' title='bbox 2196 5382 2405 5449; x_wconf 90' lang='lat' dir='ltr'><strong>dicam,</strong></span> <span class='ocrx_word' id='word_1_872' title='bbox 2452 5383 2829 5450; x_wconf 87' lang='lat' dir='ltr'><strong>contrahitur,</strong></span> <span class='ocrx_word' id='word_1_873' title='bbox 2870 5393 2925 5441; x_wconf 88' lang='lat' dir='ltr'><strong>et</strong></span> <span class='ocrx_word' id='word_1_874' title='bbox 2966 5383 3138 5457; x_wconf 90' lang='lat' dir='ltr'><strong>impie</strong></span> <span class='ocrx_word' id='word_1_875' title='bbox 3172 5382 3423 5439; x_wconf 66' lang='lat' dir='ltr'><strong>haeretici</strong></span> <span class='ocrx_word' id='word_1_876' title='bbox 3469 5379 3694 5435; x_wconf 89' lang='lat' dir='ltr'><strong>Patrem</strong></span> 
     </span>
    </p>
   </div>
   <div class='ocr_carea' id='block_1_110' title="bbox 2028 5468 3697 5549">
    <p class='ocr_par' dir='ltr' id='par_1_110' title="bbox 2028 5468 3697 5549">
     <span class='ocr_line' id='line_1_110' title="bbox 2028 5468 3697 5549; baseline -0.003 -20"><span class='ocrx_word' id='word_1_877' title='bbox 2028 5477 2043 5484; x_wconf 82' lang='grc'><em>’</em></span> <span class='ocrx_word' id='word_1_878' title='bbox 2089 5480 2144 5529; x_wconf 86' lang='grc' dir='ltr'><strong>ει</strong></span> <span class='ocrx_word' id='word_1_879' title='bbox 2195 5472 2398 5530; x_wconf 84' lang='lat' dir='ltr'><strong>Filium</strong></span> <span class='ocrx_word' id='word_1_880' title='bbox 2447 5476 2676 5548; x_wconf 88' lang='lat' dir='ltr'><strong>propria</strong></span> <span class='ocrx_word' id='word_1_881' title='bbox 2722 5476 2942 5533; x_wconf 86' lang='lat' dir='ltr'><strong>nudant</strong></span> <span class='ocrx_word' id='word_1_882' title='bbox 2973 5475 3299 5549; x_wconf 85' lang='lat' dir='ltr'><strong>hypostasi:</strong></span> <span class='ocrx_word' id='word_1_883' title='bbox 3328 5474 3458 5544; x_wconf 89' lang='lat' dir='ltr'><strong>quis</strong></span> <span class='ocrx_word' id='word_1_884' title='bbox 3486 5481 3573 5526; x_wconf 90' lang='lat' dir='ltr'><strong>est</strong></span> <span class='ocrx_word' id='word_1_885' title='bbox 3601 5468 3697 5524; x_wconf 88' lang='lat' dir='ltr'><strong>ille</strong></span> 
     </span>
    </p>
   </div>
   <div class='ocr_carea' id='block_1_111' title="bbox 2092 5560 3694 5636">
    <p class='ocr_par' dir='ltr' id='par_1_111' title="bbox 2092 5560 3694 5636">
     <span class='ocr_line' id='line_1_111' title="bbox 2092 5560 3694 5636; baseline -0.003 -16"><span class='ocrx_word' id='word_1_886' title='bbox 2092 5566 2189 5636; x_wconf 90' lang='lat' dir='ltr'><strong>qui</strong></span> <span class='ocrx_word' id='word_1_887' title='bbox 2228 5567 2297 5623; x_wconf 79' lang='lat' dir='ltr'><strong>ad</strong></span> <span class='ocrx_word' id='word_1_888' title='bbox 2331 5567 2502 5623; x_wconf 87' lang='lat' dir='ltr'><strong>alium</strong></span> <span class='ocrx_word' id='word_1_889' title='bbox 2539 5567 2708 5625; x_wconf 87' lang='lat' dir='ltr'><strong>dicit:</strong></span> <span class='ocrx_word' id='word_1_890' title='bbox 2749 5586 2768 5621; x_wconf 82' lang='grc' dir='ltr'><strong>ι</strong></span> <span class='ocrx_word' id='word_1_891' title='bbox 2804 5567 3102 5625; x_wconf 86' lang='lat' dir='ltr'><strong>Faciamus</strong></span> <span class='ocrx_word' id='word_1_892' title='bbox 3128 5566 3411 5624; x_wconf 88' lang='lat' dir='ltr'><strong>hominem</strong></span> <span class='ocrx_word' id='word_1_893' title='bbox 3449 5560 3518 5617; x_wconf 83' lang='lat' dir='ltr'><strong>ad</strong></span> <span class='ocrx_word' id='word_1_894' title='bbox 3549 5561 3694 5618; x_wconf 85' lang='lat' dir='ltr'><strong>ima-</strong></span> 
     </span>
    </p>
   </div>
   <div class='ocr_carea' id='block_1_112' title="bbox 2092 5653 3695 5734">
    <p class='ocr_par' dir='ltr' id='par_1_112' title="bbox 2092 5653 3695 5734">
     <span class='ocr_line' id='line_1_112' title="bbox 2092 5653 3695 5734; baseline -0.004 -17"><span class='ocrx_word' id='word_1_895' title='bbox 2092 5663 2276 5734; x_wconf 87' lang='lat' dir='ltr'><strong>ginem</strong></span> <span class='ocrx_word' id='word_1_896' title='bbox 2333 5664 2627 5721; x_wconf 87' lang='lat' dir='ltr'><strong>nostram?</strong></span> <span class='ocrx_word' id='word_1_897' title='bbox 2671 5684 2689 5718; x_wconf 79' lang='grc' dir='ltr'><strong><em>ο</em></strong></span> <span class='ocrx_word' id='word_1_898' title='bbox 2732 5663 2930 5721; x_wconf 87' lang='lat' dir='ltr'><strong>Dicere</strong></span> <span class='ocrx_word' id='word_1_899' title='bbox 2963 5664 3109 5720; x_wconf 87' lang='lat' dir='ltr'><strong>enim</strong></span> <span class='ocrx_word' id='word_1_900' title='bbox 3148 5657 3459 5731; x_wconf 80' lang='lat' dir='ltr'><strong>oportebat,</strong></span> <span class='ocrx_word' id='word_1_901' title='bbox 3507 5655 3558 5713; x_wconf 89' lang='lat' dir='ltr'><strong>si</strong></span> <span class='ocrx_word' id='word_1_902' title='bbox 3613 5653 3695 5711; x_wconf 81' lang='lat' dir='ltr'><strong>ita</strong></span> 
     </span>
    </p>
   </div>
  </div>
