4156 6488
559 361 629 414 33
1498 346 1505 353 ’
1584 349 1642 407 S.
1683 348 1961 407 CYBILLI
1998 344 2468 405 ALEXANDRINI
2507 341 2824 400 ARCIIIEP.
3763 346 3831 401 56

556 503 648 546 res
681 493 827 544 esset
876 495 939 544 ut
979 488 1061 543 illi
1103 494 1419 561 nugantur:
1459 505 1478 540 ι
1510 486 1810 546 Faciamus
1862 484 2140 543 hominem

2252 476 2441 554 λέγειν,
2470 487 2626 557 είπερ
2651 485 2825 551 οὕτως
2854 487 2987 559 ἔχει,
3021 486 3277 559 καθάπερ
3308 486 3509 543 ἐκεῖνοι
3543 485 3834 559 ὶιηιροῦντές

555 580 623 636 ad
669 580 964 653 imaginem
1011 594 1188 635 meam
1243 587 1299 635 et
1341 579 1409 634 ad
1462 578 1907 635 similitudinem.
1945 597 1965 630 ι
2019 575 2140 630 .Iam

555 682 738 729 autem
770 689 895 728 cum
949 673 1001 728 id
1032 682 1161 728 'non
1199 671 1372 738 dicat,
1414 671 1511 728 sed
1549 671 1894 726 eﬂ‘ectionem
1941 665 2143 738 plurali

554 781 786 821 numero
817 764 1046 830 tribuat,
1082 772 1137 820 et
1168 765 1235 819 ad
1272 784 1290 816 ‹
1333 764 1626 836 imaginem
1656 771 1906 818 nostram
1957 779 1975 813 ι
2015 758 2143 813 libri

553 860 795 929 scriptor
843 858 1115 928 adjiciat,
1170 859 1322 913 clara
1378 854 1789 927 quodammodo
1839 863 1894 909 et
1948 865 2145 922 magna

558 965 690 1003 voce
720 950 926 1004 clamat
962 955 1170 1003 saneta:
1200 945 1491 1001 Trinitatis
1532 958 1797 1016 personas
1824 944 2013 1012 plures
2043 955 2146 994 nu-

556 1041 756 1096 merari
789 1054 953 1110 quam
992 1054 1181 1093 unam.

625 1218 855 1276 ALIUD.
889 1217 946 1274 Si
977 1218 1236 1290 splendor
1261 1228 1346 1274 est
1379 1216 1563 1273 Patris
1596 1216 1792 1281 Filius,
1828 1229 1928 1271 ceu
1960 1215 2144 1269 lumen

555 1315 624 1371 de
655 1316 889 1369 lumine:
924 1312 1202 1383 quomodo
1234 1326 1345 1365 non
1370 1309 1734 1380 distinguitur
1763 1307 1831 1361 ab
1862 1308 1983 1377 ipso
2013 1321 2147 1376 qua-

554 1416 719 1462 tenus
753 1406 969 1475 proprie
1009 1402 1305 1459 subsistit?
1328 1401 1490 1457 Certe
1529 1401 1673 1455 enim
1722 1400 1775 1454 id
1803 1398 1949 1470 quod
1982 1397 2145 1452 sicuti

558 1498 820 1569 splendor
858 1505 1080 1551 emanat
1114 1497 1185 1551 ab
1228 1496 1357 1556 alio,
1396 1495 1656 1549 nimirum
1690 1492 1759 1546 ab
1781 1506 1847 1546 eo
1877 1491 2023 1561 quod
2063 1491 2148 1544 lu-

553 1602 675 1643 cem
711 1587 846 1649 edit,
878 1601 989 1642 non
1021 1600 1050 1638 a
1085 1585 1270 1654 seipso
1302 1582 1357 1637 id
1388 1583 1646 1651 accipiet.

625 1679 858 1735 ALIUD.
903 1677 1087 1733 Filius
1111 1675 1415 1733 ostendens
1448 1691 1507 1731 se
1539 1691 1604 1731 ex
1633 1674 1943 1731 substantia
1966 1673 2059 1729 Dei
2084 1689 2148 1729 ac

555 1770 742 1826 Patris
776 1787 937 1836 esse,
975 1770 1177 1825 alicubi
1235 1785 1434 1825 rursus
1478 1769 1555 1823 ait
1590 1787 1603 1823 :
1643 1787 1661 1820 ι
1702 1768 1816 1839 Ego
1868 1785 1934 1824 ex
1984 1768 2146 1822 Patre

554 1865 724 1929 exivi,
764 1872 818 1919 et
842 1865 1042 1931 venio;
1077 1877 1276 1918 rursus
1332 1871 1583 1917 revertor
1634 1862 1701 1916 ad
1756 1860 1975 1917 Patrem
2005 1860 2070 1916 ³⁸.
2120 1880 2140 1914 ι

556 1957 850 2025 Quomodo
886 1957 1055 2027 igitur
1090 1972 1198 2011 non
1242 1955 1384 2011 alius
1416 1955 1523 2010 erit
1554 1955 1622 2010 ab
1653 1955 1773 2025 ipso
1802 1956 2016 2010 ratione
2049 1955 2145 2025 hy-

557 2051 801 2121 postasis
835 2064 899 2103 ac
936 2048 1175 2113 numeri,
1208 2063 1333 2104 cum
1366 2047 1550 2102 omnis
1581 2048 1721 2102 ratio
1774 2063 1875 2104 nos
1923 2047 2143 2113 doceat,

560 2144 613 2198 id
659 2141 805 2213 quod
855 2143 923 2195 ab
974 2143 1158 2211 aliquo
1210 2140 1448 2210 prodiit,
1485 2140 1634 2195 aliud
1686 2155 1810 2196 esse
1853 2140 2149 2209 concipere

562 2236 630 2289 ab
669 2250 735 2292 eo
770 2249 798 2288 a
824 2248 936 2304 quo
977 2234 1224 2305 prodiit?
1258 2234 1446 2304 Itaque
1476 2248 1671 2289 verum
1722 2248 1833 2288 non
1872 2240 1957 2288 cst
2000 2232 2147 2303 quod

564 2328 869 2384 adversarii
900 2327 1115 2383 dicunt.

630 2512 862 2569 ALIUD.
903 2513 966 2568 In
1019 2513 1192 2569 Deum
1238 2511 1484 2576 Patrem,
1519 2521 1572 2568 et
1615 2512 1672 2567 in
1711 2511 1912 2567 Filium
1960 2514 2151 2583 unige-

565 2607 770 2674 nitum,
806 2613 861 2662 et
899 2607 955 2662 in
992 2605 1245 2661 sanctum
1280 2605 1551 2677 Spiritum
1607 2606 1902 2662 credentes
1945 2606 2151 2676 justifi-

560 2713 757 2754 camnr
784 2718 798 2754 :
824 2698 1170 2771 proindeque
1202 2700 1367 2754 etiam
1405 2698 1661 2754 Salvator
1691 2699 1808 2769 ipse
1836 2699 1952 2755 suis
1984 2699 2153 2755 disci-

561 2790 705 2861 pulis
764 2792 1021 2862 praecipit
1079 2792 1271 2848 dicens
1324 2811 1338 2846 :
1383 2810 1404 2845 ι
1454 2791 1662 2848 Euntcs
1718 2793 1913 2848 docete
1960 2808 2153 2849 omnes

553 2892 775 2955 gentes,
812 2886 1167 2956 baptizantes
1202 2901 1298 2941 eos
1331 2886 1386 2940 in
1427 2888 1656 2941 nomine
1684 2884 1882 2952 Patris,
1917 2893 1972 2941 et
2004 2884 2151 2952 Filii,

558 2986 619 3033 et
653 2977 896 3049 Spiritus
942 2978 1119 3033 sancti
1156 2978 1225 3034 ³⁷.
1277 2998 1296 3031 ι
1331 2976 1388 3032 Si
1430 2994 1561 3050 ergo
1596 2977 1733 3032 nihil
1782 2979 1943 3034 nobis
1989 2979 2154 3049 plane

556 3070 911 3142 cegitandum
950 3070 1149 3125 inferat
1186 3071 1275 3124 illa
1318 3071 1606 3125 nominum
1641 3070 1965 3135 diversitas,
1995 3086 2153 3125 cum-

558 3175 669 3232 que
715 3159 932 3215 Patrem
984 3159 1216 3226 dixeris,
1266 3160 1547 3230 significes
1603 3157 1847 3226 Filium,
1907 3170 1961 3215 et
2019 3177 2144 3217 cum
2177 3179 2221 3237 ο

561 3250 764 3306 Filium
790 3252 1187 3317 nominaveris,
1209 3252 1383 3322 ipsius
1404 3253 1735 3307 mentionem
1754 3252 1932 3309 Patris
1950 3253 2147 3311 facias:

559 3344 692 3415 quid
759 3358 928 3414 porro
996 3358 1229 3399 necesse
1287 3352 1375 3399 est
1443 3345 1499 3399 in
1566 3343 1896 3400 Trinitatem
1964 3348 2151 3417 potius

560 3450 728 3507 quam
769 3436 824 3489 in
858 3435 1128 3490 unitatem
1177 3434 1368 3492 ﬁdeles
1414 3436 1613 3506 jubere
1664 3436 1974 3508 baptizari?
2014 3440 2151 3494 Cum

560 3535 747 3581 autem
773 3525 827 3580 in
863 3527 1033 3581 trium
1064 3543 1353 3583 numerum
1389 3537 1652 3583 excurrat
1680 3530 1826 3600 quod
1863 3530 1930 3586 de
1957 3540 2153 3585 natura

560 3610 752 3699 divina
803 3618 1045 3686 dicitur,
1102 3621 1360 3676 omnibus
1416 3622 1605 3692 utique
1657 3623 2011 3679 manifestum
2067 3635 2154 3682 est

563 3725 1018 3781 unumquemque
1063 3726 1258 3767 eorum
1304 3713 1398 3783 qui
1434 3715 1878 3770 numeranturiu
1929 3716 2153 3788 propria

474 3806 482 3815 '
560 3813 686 3855 esse
740 3802 1022 3873 hypostasi
1064 3820 1077 3857 :
1121 3803 1388 3874 quoniam
1452 3812 1636 3860 autem
1687 3807 1794 3877 18
1832 3808 2153 3865 nullatenus

466 3908 473 3913 ·
565 3893 871 3959 secundum
923 3906 1176 3953 naturam
1237 3897 1628 3969 distinguitur,
1686 3900 1741 3954 in
1798 3916 1963 3955 unam
2014 3917 2154 3957 cnn~

562 3986 783 4062 scendit
822 3986 1079 4049 deitatem
1105 4026 1119 4051 ,
1157 3995 1211 4043 et
1251 3989 1625 4047 adorationem
1668 3991 1832 4047 habet
1880 3993 2150 4049 eamdem.

625 4075 864 4155 ALIUD.
899 4078 982 4145 Ira
1012 4078 1105 4135 Dei
1130 4079 1539 4137 Sodomitarum
1559 4084 1725 4140 urbes
1756 4083 2150 4157 conﬂagrasse,

560 4168 750 4251 divina
788 4169 1082 4242 Scriptura
1111 4171 1268 4229 dicit.
1306 4174 1590 4231 Enarrans
1630 4185 1817 4231 autem
1846 4194 1956 4248 quo
1991 4185 2154 4248 pacto

563 4260 787 4343 divinus
817 4263 899 4318 cis
931 4262 1085 4318 furor
1128 4265 1420 4337 ingruerit,
1462 4277 1517 4324 et
1567 4269 1838 4346 rationem
1894 4253 2153 4339 interitus

564 4354 716 4426 piare
747 4356 989 4410 edocens
1018 4374 1031 4410 :
1062 4374 1080 4407 ‹
1116 4355 1295 4426 Pluit,
1336 4378 1356 4412 ι
1392 4360 1603 4432 inquit,
1634 4379 1653 4413 ι
1693 4360 1962 4429 Dominus
1996 4377 2025 4417 a
2049 4362 2156 4435 Do-

565 4447 718 4501 ιιιίιιο
750 4462 916 4519 super
966 4449 1208 4505 Sodoma
1258 4452 1436 4523 ignem
1488 4461 1544 4510 et
1585 4454 1821 4529 sulphur
1852 4454 1933 4522 as;
1970 4475 1989 4508 ι
2027 4471 2153 4511 cum

565 4540 683 4611 llaec
720 4556 848 4611 pars
905 4544 1097 4600 calicis
1151 4545 1281 4600 talia
1329 4554 1649 4618 perpetrare
1694 4547 1873 4604 solitis
1904 4548 2154 4619 apprime

565 4642 914 4704 congrueret.
949 4635 1082 4702 Quis
1116 4654 1248 4710 ergo
1294 4638 1387 4715 ille
1424 4639 1709 4707 Dominus,
1740 4646 1795 4694 et
1822 4653 1851 4692 a
1882 4654 1993 4710 quo
2044 4638 2155 4699 Do-

566 4728 719 4785 rniuo
754 4726 932 4797 ignem
980 4730 1248 4797 immittit,
1300 4741 1463 4803 atque
1518 4729 1928 4794 Sodomitarum
1987 4733 2153 4795 urbes

567 4819 856 4876 Incendit?
888 4819 1235 4901 Manifestum
1277 4810 1613 4880 est‘l’atrem
1661 4826 1755 4895 qui
1808 4841 1903 4900 per
1953 4824 2152 4899 Filium

566 4920 832 4981 operatur
863 4914 1075 4988 omnia,
1113 4930 1240 4985 cum
1283 4917 1356 4975 sit
1396 4916 1519 4987 ejus
1552 4918 1730 4972 virtus
1758 4925 1813 4973 et
1842 4918 2155 4986 brachium,

569 5002 748 5071 ipsum
774 5002 1076 5073 Sodomitis
1106 5007 1284 5078 ignem
1312 5006 1629 5064 immisisse.
1664 5007 1800 5075 Cum
1827 5025 1958 5080 ergo
1974 5009 2157 5069 Domi?

568 5111 675 5171 nus
699 5111 728 5150 a
764 5097 999 5154 Domino
1046 5099 1227 5170 ignem
1273 5099 1382 5154 illis
1428 5100 1708 5168 immittat,
1734 5102 2012 5171 quomodo
2042 5118 2153 5158 non

567 5188 970 5271 tlislinguetur,
1003 5193 1153 5263 quod
1211 5192 1279 5247 ad
1316 5194 1598 5264 propriam
1631 5195 1974 5267 hypostasim
2027 5197 2158 5251 atti-

566 5289 683 5361 net,
714 5281 875 5339 Pater
898 5300 927 5339 a
952 5281 1116 5349 Filio,
1142 5292 1196 5339 et
1216 5283 1460 5339 vicissim
1490 5284 1718 5365 Filtnsa
1744 5288 1947 5346 Patre‘il
1968 5289 2151 5347 Unum

564 5378 714 5454 extim
751 5379 902 5453 velut,
929 5395 997 5435 ex
1028 5395 1138 5434 uno
1174 5380 1265 5439 hic
1301 5380 1673 5451 signiﬁcatur.

640 5552 866 5629 ALIUD-
901 5552 1234 5625 Prophetico
1268 5566 1452 5615 motus
1487 5561 1710 5631 spiritu,
1746 5571 1799 5619 et
1832 5580 1929 5636 per.
1969 5567 2151 5637 ipsum

568 5660 658 5721 res
687 5644 902 5701 futuras
927 5653 1054 5702 ante
1085 5661 1430 5721 cognoscens
1460 5652 1661 5713 beatus
1690 5655 2011 5724 Psalmista,
2039 5675 2148 5714 non

676 5845 720 5879 "
758 5844 915 5901 Joan.
954 5864 1067 5927 ut,
1098 5851 1169 5908 28

2244 590 2411 645 φασι·
2448 597 2465 629 ι
2503 580 2831 651 Ποιήσωμεν
2855 579 3142 651 ἄνθρωπον
3191 581 3312 633 κατ’
3351 578 3537 633 εἰκόνα
3557 578 3697 652 ἐμὴν
3742 581 3835 634 καὶ

2245 667 2366 721 καθ’
2392 670 2672 738 ὁμοίωσιν.
2712 690 2731 721 ι
2768 671 2905 725 Νυνὶ
2931 672 2990 725 δὲ
3018 671 3179 725 τοῦτο
3213 671 3312 742 μὲν
3338 672 3439 725 οὑκ
3469 670 3662 739 εἰπὼν,
3699 672 3836 744 πλη-

2244 760 2512 824 Θυντικῶς
2559 761 2614 815 δὲ
2644 762 2816 827 διδοὺς
2844 762 3063 835 ἀριθμῷ
3086 764 3185 833 τὴν
3214 764 3434 834 ποίησιν
3453 805 3466 830 ,
3499 764 3614 828 καὶ,
3649 782 3666 815 ι
3699 763 3835 817 Κατ’

2243 852 2428 905 εἰκόνα
2476 853 2577 924 τὴν
2629 855 2925 925 ἡμετέραν,
2990 875 3008 908 ι
3057 854 3358 924 ἐπαγαγὼν
3414 858 3442 909 ὁ
3484 856 3577 910 τοῦ
3626 856 3835 927 βιϐλίου

2248 946 2631 1015 συγγραφεὺς,
2664 947 2945 1016 μονονουχὶ
2974 945 3226 1019 λαμπρᾷ,
3258 948 3353 1003 καὶ
3397 947 3613 1022 μεγάλῃ
3641 948 3737 1019 βοᾷ
3770 951 3834 1018 τῇ

2247 1037 2397 1105 φωνῇ
2428 1036 2525 1106 τὴν
2558 1036 2700 1108 ὑπὲρ
2746 1039 2907 1091 evecta
2931 1036 3040 1110 ’τῆς
3073 1040 3236 1108 ἁγίας
3265 1041 3493 1113 Τριάδος
3521 1041 3839 1111 ἀπαρίθμη-

2248 1144 2352 1182 σιν.

2321 1221 2553 1275 ἈΛΛΟ.
2577 1222 2639 1274 Εἰ
2663 1221 3007 1294 ἀπαύγασμα
3035 1225 3154 1278 ἐστι
3182 1223 3277 1279 τοῦ
3310 1223 3521 1295 ιΙατρὸς
3538 1226 3565 1278 ό
3584 1222 3840 1288 Υἱὸς,·ὼς

2247 1312 2363 1381 φῶς
2396 1314 2459 1365 ἐκ
2486 1313 2664 1381 φωτός
2684 1327 2698 1341 '
2728 1315 2848 1379 πῶς
2885 1317 2986 1387 οὑχ
3017 1316 3205 1387 ἕτερος
3237 1317 3373 1388 πρὸς
3393 1317 3575 1379 αὑτὸν,
3599 1315 3675 1380 ὡς
3712 1315 3839 1370 ἰδιο-

2250 1404 2515 1467 σύστατος
2541 1420 2556 1470 ;
2591 1406 2665 1458 Τὸ
2695 1407 2803 1478 γὰρ
2834 1407 2967 1471 ὅλως
2995 1408 3352 1477 ἀπαυγασθέν
3407 1409 3484 1471 ὼς
3513 1408 3602 1477 ὑφ’
3626 1408 3837 1479 ἐτέρου,

2246 1494 2489 1564 δηλονότι
2521 1494 2615 1548 τοῦ
2648 1496 3080 1565 ἀπαυγάζοντος,
3114 1496 3210 1550 καὶ
3247 1496 3349 1549 οὑκ
3376 1496 3509 1549 αὑτὸ
3539 1495 3599 1562 ἐξ
3639 1494 3833 1547 ἑαυτοῦ

2246 1587 2406 1640 τοῦτο
2436 1605 2502 1640 πε
2514 1588 2710 1643 ίσεται.

2329 1680 2559 1733 ἈΛΛΟ.
2608 1680 2703 1734 Ἐκ
2749 1681 2851 1752 τῆς
2890 1680 3077 1745 οὑσίας
3106 1679 3234 1734 ὄντα
3265 1679 3366 1750 τῆς
3414 1676 3508 1732 τοῦ
3555 1675 3693 1732 Θεοῦ
3746 1676 3840 1731 καὶ

2250 1772 2463 1844 Πατρὺς
2492 1774 2846 1828 ἐπιδεικνύων
2871 1774 3060 1827 ἑαυτὸν
3089 1776 3117 1827 ὁ
3144 1773 3292 1837 Υἱὸς,
3331 1773 3465 1844 φησί
3503 1789 3604 1825 που
3638 1771 3799 1825 πάλιν
3824 1786 3838 1799 ·

2258 1888 2275 1919 ι
2326 1869 2466 1935 Ἐγὼ
2506 1870 2570 1921 ἐκ
2621 1867 2725 1941 τοῦ,
2766 1867 2981 1939 Πατρὸς
3032 1866 3277 1936 ἐξῆλθον,
3332 1865 3426 1920 καὶ
3475 1865 3595 1935 ἥκω
3636 1879 3651 1893 ·
3682 1863 3841 1917 πάλιν

2252 1961 2558 2032 πορεύομαι
2598 1962 2735 2033 πρὸς
2779 1962 2869 2015 τὸν
2916 1961 3155 2032 Πατέρα.
3181 1978 3199 2011 ι
3249 1958 3369 2022 Πῶς
3398 1953 3490 2011 οὖν
3533 1957 3631 2027 οὑχ
3657 1956 3842 2025 ἕτερος

2251 2054 2401 2107 ἔσται
2454 2056 2584 2126 παρ’
2638 2055 2839 2119 αὑτὸν,
2882 2053 2956 2117 ὡς
2992 2056 3050 2107 ἐν
3097 2051 3391 2107 ὑποστάσει
3442 2051 3535 2103 καὶ
3587 2047 3839 2120 ἀριθμῷ.
3894 2120 3907 2129 ί

2250 2147 2450 2211 παντὸς
2473 2148 2621 2218 ἡμᾶς
2659 2144 3046 2208 ἀναπείθοντος
3074 2143 3257 2212 λόγου,
3289 2143 3351 2197 τὸ
3381 2141 3445 2194 ἐκ
3470 2157 3615 2203 τινος
3648 2138 3843 2209 προελ-

2251 2240 2343 2295 θὸν
2369 2279 2382 2304 ,
2418 2240 2606 2311 ἕτερον
2640 2234 2782 2292 εἶναι
2833 2238 2962 2310 παρ’
2989 2239 3166 2292 ἐκεῖνο
3211 2238 3385 2301 νοεῖν,
3411 2234 3506 2305 ἀφ’
3536 2227 3598 2288 οὑ
3643 2231 3707 2303 δὴ
3749 2230 3844 2284 καὶ

2252 2331 2621 2404 προελήλυθεν
2658 2349 2671 2399 ;
2707 2330 2921 2386 Οὑκοῦν
2954 2331 3057 2384 οὑκ
3109 2328 3316 2400 ἀληθὴς
3357 2330 3468 2391 τοῖς
3495 2325 3562 2379 δι’
3592 2321 3844 2385 ἐναντίας

2250 2428 2278 2479 ὀ
2306 2425 2485 2492 λόγος.

2320 2518 2556 2581 ΪΑΛΛΟ.
2591 2517 2688 2581 Εἰς
2715 2516 2847 2569 Θεὸν
2873 2515 3115 2588 Πατέρα,
3146 2516 3242 2569 καὶ
3276 2516 3356 2578 εἰς
3387 2512 3518 2567 Υίὸν
3553 2511 3838 2583 μονογενῆ.

2253 2610 2348 2664 καὶ
2381 2612 2460 2673 εἰς
2500 2609 2653 2679 ἅγιον
2689 2607 2914 2678 Πνεῦμα
2958 2605 3308 2669 πιστεύοντες
3339 2604 3716 2674 δικαιούμεθα.
3746 2605 3845 2658 Διά

2253 2719 2334 2755 τοι
2366 2701 2525 2755 τοῦτο
2566 2701 2659 2755 καὶ
2704 2700 2867 2764 αὑτὸς
2894 2703 2923 2753 ό
2952 2699 3143 2770 Σωτὴρ
3177 2699 3291 2761 τοῖς
3321 2697 3545 2761 οἰκείοις
3571 2695 3843 2767 μαθηταῖς

2254 2794 2535 2848 ἐπιτάττει
2566 2794 2743 2861 λέγων
2772 2809 2786 2824 ·
2811 2812 2830 2844 ι
2860 2791 3227 2864 Πορευθέντες
3255 2789 3637 2861 μαθητεύσατε
3668 2790 3845 2844 πάντα

2253 2888 2323 2941 τὰ
2366 2887 2516 2959 ἔθνη,
2557 2886 2911 2955 βαπτίζοντες
2951 2885 3149 2948 αὑτοὺς
3190 2884 3271 2949 εἰς
3300 2883 3361 2937 τὸ
3403 2882 3574 2953 ὄνομα
3602 2882 3695 2935 τοῦ
3731 2883 3844 2936 Πα-

2254 2979 2401 3052 τρός,
2450 2980 2544 3033 καὶ
2591 2979 2685 3032 τοῦ
2733 2978 2904 3042 Υἱοῦ,
2939 2977 3033 3030 καί⁵
3078 2975 3174 3030 τοῦ
3230 2975 3387 3044 ἁγίου
3436 2972 3773 3044 Πνεύματος.
3820 2993 3839 3027 ι

2257 3074 2431 3145 Εἴπερ
2483 3068 2576 3127 οὗν
2609 3072 2745 3136 ὅλως
2794 3070 2947 3124 οὑδέν
2991 3071 3124 3141 ἡμῖν
3159 3068 3384 3121 εἰσοίσει
3431 3066 3567 3137 πρὸς
3597 3065 3780 3136 νόησιν
3812 3067 3845 3136 ἡ

2254 3166 2362 3220 τῶν
2389 3165 2669 3236 ὀνομάτων
2699 3161 3184 3233 διαφορὰ,Πατέρα
3208 3158 3264 3212 δέ
3284 3175 3368 3221 τις
3395 3157 3565 3212 εἰπὼν
3592 3156 3848 3228 σημαίνει

2254 3258 2346 3310 τὸν
2372 3255 2523 3321 Υίον,
2570 3254 2664 3308 καὶ
2721 3253 2844 3306 Υίὸν
2876 3250 3153 3319 ὀνομάσας
3184 3246 3348 3300 αὑτοῦ
3383 3245 3711 3317 μνημονεύει
3747 3244 3847 3308 τοῦ

2255 3345 2491 3418 Πατρόςο
2516 3344 2599 3407 τίς
2652 3339 2721 3414 ἦν
2764 3340 2859 3394 καὶ
2896 3338 3058 3410 χρεία
3102 3336 3177 3407 μὴ
3227 3338 3366 3406 πρὸς
3413 3336 3576 3395 ἐνάδα
3622 3333 3845 3405 μᾶλλον,

2254 3438 2372 3493 ἀλλ’
2406 3438 2487 3501 εἰς
2517 3435 2724 3505 Τριάδα
2753 3431 2995 3486 κελεύειν
3029 3427 3387 3500 βαπτίζεσθαι
3405 3428 3533 3491 τοὺς
3564 3426 3836 3494 πιστεύον-

2255 3546 2391 3597 τας;
2447 3525 2668 3596 Ἐπειδὴ
2701 3524 2758 3577 δὲ
2802 3525 2882 3587 εἰς
2922 3523 3013 3575 τὸν
3056 3522 3206 3591 τρεῖς
3253 3518 3485 3590 ἀριθμόν
3528 3520 3556 3572 ὁ
3590 3516 3850 3588 περὶτῆς

2256 3621 2410 3684 θείας
2440 3618 2655 3688 φύσεως
2698 3615 2948 3688 ἐκτρέχει
2981 3613 3159 3682 λόγος,
3192 3610 3455 3683 πρόδηλον
3483 3610 3655 3681 δήπου
3680 3609 3850 3671 πᾶσίν

2256 3715 2425 3777 ἐστιν,
2448 3714 2506 3765 ἐν
2537 3709 2833 3765 ὑποστάσει
2871 3708 2970 3781 μὲν
3002 3705 3106 3777 ἰδία
3130 3704 3239 3758 τῶν
3276 3702 3691 3775 ἀριθμουμένων
3716 3699 3849 3753 Exa-

2252 3800 2384 3859 στον
2427 3800 2584 3858 εἶναι·
2619 3800 2699 3877 τῷ
2743 3800 2800 3871 δὲ
2849 3800 3160 3872 μηδαμόθεν
3209 3795 3538 3869 ὲξηλλᾲχθαι
3576 3792 3720 3853 κατὰ
3749 3792 3850 3863 τὴν

2253 3890 2444 3967 φύσιν,
2472 3898 2551 3970 εἰς
2585 3885 2715 3968 μίαν
2746 3891 3296 3963 άναϐαίνειθεότητα,
3336 3890 3433 3943 καὶ
3475 3885 3850 3958 προσκύνησιν

2256 3991 2369 4060 ἔχει
2393 3989 2492 4059 τὴν
2521 3988 2715 4059 αὑτήν.
3776 4008 3793 4020 ι

2292 4069 2296 4073 ’
2329 4082 2560 4139 ἈΛΛο.
2595 4080 2684 4147 Ἐξ
2699 4080 2871 4152 ὀργῆς
2898 4074 3289 4158 ἐμπεπρῆσθαι
3319 4072 3455 4129 Θεοῦ
3482 4071 3581 4136 τὰς
3607 4071 3801 4124 τῶνΣο

2256 4176 2494 4248 δομιτῶν
2539 4174 2725 4240 πόλεις
2768 4176 2801 4245 ἡ
2856 4172 2974 4227 θεία
3016 4171 3167 4239 λέγει
3201 4170 3424 4241 Γραφήσ
3454 4165 3767 4238 ἐξηγημένη
3789 4163 3846 4227 δὲ

2256 4269 2404 4340 ὅπως
2432 4269 2615 4332 αὑτοῖς
2636 4266 2777 4331 θεῖος
2808 4266 3167 4337 ἐπενήνεκται
3193 4262 3384 4333 θυμὸς,
3412 4259 3506 4315 καὶ
3530 4259 3619 4313 τὸν
3645 4257 3849 4329 τρόπον

2256 4367 2357 4437 τῆς
2414 4363 2693 4427 ἀπωλείας
2747 4360 3139 4432 ἐκδιδάσκουσα
3196 4356 3424 4426 σαφῶς,
3494 4372 3512 4408 ι
3576 4351 3847 4423 Ἔῆρεξε,

2258 4458 2418 4530 φησὶ,
2468 4456 2677 4529 Κύριος
2740 4452 2892 4525 παρὰ
2952 4452 3157 4523 Κυρίου
3213 4450 3305 4502 ἐπὶ
3352 4446 3558 4517 Σόδομα
3608 4444 3719 4515 πῦρ
3755 4443 3850 4496 καὶ

2185 4531 2231 4597 D
2260 4553 2403 4606 θεῖον
2422 4568 2436 4583 ο
2476 4568 2494 4607 t
2531 4550 2656 4603 ἐπεὶ
2700 4548 2794 4602 καὶ
2823 4545 2964 4616 αὕτη
2993 4547 3106 4609 τοῖς
3144 4545 3326 4599 ἐκεῖνα
3360 4538 3701 4611 πλημμελεῖν
3726 4537 3849 4589 εἰωτ

2261 4645 2409 4698 θόσιν
2453 4644 2487 4713 ἡ
2527 4641 2686 4713 μερὶς
2732 4637 2828 4692 τοῦ
2881 4636 3145 4706 ποτηρίου
3204 4632 3655 4706 πρεπωδεστάτη.
3690 4630 3849 4690 Ποῖος

2260 4733 2353 4791 οὖν
2378 4737 2488 4807 ἄρα
2520 4735 2724 4806 Κύριος
2756 4729 2908 4802 παρὰ
2929 4728 3083 4782 ποίου
3112 4728 3318 4799 Κυρίου
3341 4726 3401 4779 τὸ
3430 4723 3541 4794 πῦρ
3556 4721 3847 4792 ἐπαφίησι,

2260 4826 2355 4889 καὶ
2409 4823 2509 4885 τὰς
2555 4821 2664 4875 τῶν
2719 4817 3029 4891 ⁴ξξοδομιτῶν
3088 4814 3389 4886 κατέφλεξε
3430 4813 3662 4880 πόλεις;
3706 4809 3847 4864 Ἀλλ’

2258 4919 2373 4973 ἔστι
2424 4916 2602 4987 δῆλον,
2637 4914 2766 4978 duo
2808 4913 2995 4983 Πατὴρ
3041 4911 3108 4965 δι’
3156 4910 3287 4964 Υίοῦ
3345 4908 3523 4971 πάντα
3571 4903 3843 4978 ἐνεργῶν,

2258 5012 2380 5064 ἐπεὶ
2413 5009 2508 5067 καὶ
2552 5006 2782 5078 δύναμις
2826 5004 2992 5059 αὑτοῦ
3015 5045 3028 5070 ,
3062 5003 3157 5058 καὶ
3209 5001 3449 5076 βραχίων
3478 5000 3645 5065 ἐστὶν,
3685 4996 3847 5060 αὐτὸς

2259 5101 2576 5174 Σοδομίταις
2607 5098 2721 5153 ὑειν
2766 5098 2941 5174 ἐποίει
2985 5097 3047 5151 τὸ
3099 5096 3228 5166 πῦρ.
3262 5095 3392 5148 Ὅτε
3431 5091 3610 5145 τοίνυν
3643 5089 3847 5160 Κύριος

2260 5168 2413 5266 παρά
2432 5194 2637 5266 Κυρίου
2662 5193 2721 5247 τὺ
2741 5192 2852 5264 πῦρ
2870 5168 3110 5255 ιἐκείνοις
3131 5189 3346 5258 ἀφίησι,
3363 5186 3480 5250 πῶς
3512 5185 3610 5254 οὐχ
3637 5181 3847 5253 ἕτερος,

2260 5289 2382 5343 ὅσον
2411 5288 2490 5350 εἰς
2528 5286 2588 5340 τὸ
2626 5286 2770 5349 ἰδίως
2815 5274 3102 5355 ὑπάρχειν,
3135 5282 3286 5350 παρὰ
3311 5279 3401 5332 τὸν
3434 5277 3562 5331 Υἱὸν
3589 5278 3616 5329 ὁ
3637 5272 3846 5344 Πατὴρ.

2261 5381 2355 5437 καὶ
2378 5376 2443 5434 αὖ
2477 5380 2639 5433 πάλιν
2663 5380 2690 5431 ὁ
2710 5377 2839 5449 Υἱὸς
2863 5375 3015 5447 παρὰ
3040 5374 3130 5428 τὸν
3162 5371 3382 5442 Πατέρα
3409 5389 3423 5437 ;
3453 5370 3525 5424 Τὸ
3553 5367 3663 5440 γὰρ
3691 5366 3748 5419 ἒν
3774 5365 3850 5429 ὡς

2262 5471 2323 5539 ἐξ
2352 5472 2484 5535 ἐνὸς.
2504 5472 2561 5523 ἐν
2591 5469 2767 5541 τούτῳ
2800 5466 3148 5539 σημαίνεται.

2338 5563 2568 5617 'AAAO.
2609 5559 2943 5632 Προφητικῷ
2974 5557 3295 5629 κινούμενος
3336 5553 3628 5624 πνεύματι,
3658 5549 3754 5604 καὶ
3781 5548 3848 5603 δι’

2261 5655 2426 5710 αὑτοῦ
2470 5655 2538 5709 τὰ
2564 5653 2801 5725 ἐσόμενα
2838 5650 3232 5725 προγινώσκων
3275 5651 3305 5705 ὁ
3343 5646 3613 5720 μακάριος
3643 5643 3850 5726 Ψαλμ-

1305 5856 1347 5889 "
1389 5854 1579 5928 Matth.
1621 5873 1813 5925 xxvut,
1840 5858 1926 5915 ιιι.
1981 5858 2059 5934 ﬂ“.
2090 5854 2227 5923 Gen.
2255 5874 2368 5925 XIX.
2402 5854 2493 5925 2.4-
