4156 6474
430 376 505 431 37
1460 372 1524 428 IN
1558 370 1853 430 JOANNIS
1895 365 2350 427 EVARGELIUM
2394 363 2523 426 LIB.
2561 368 2606 425 ἰ.
3114 402 3117 405 -
3668 370 3739 425 38

433 490 603 563 ῳδδς,
631 489 734 562 οὐχ
756 489 961 560 ετέρως
991 489 1257 545 δύνασθαι
1298 490 1634 563 διασωθῆναι
1664 491 1727 545 τὸ
1765 490 1925 560 γένος
1966 491 2025 543 ὲν

2157 487 2317 544 aliter
2337 488 2551 544 servari
2582 502 2748 559 posse
2765 502 2943 560 genus
2965 486 3272 544 humanum
3300 485 3554 558 putabat,
3572 500 3738 556 quam

428 586 577 639 ενόει
609 585 672 639 τὸ
699 582 1069 655 ἀνθρώπινον,
1099 585 1147 637 εἱ
1186 582 1260 654 μὴ
1286 582 1374 636 διὰ
1402 582 1571 655 μόνης
1592 587 1691 653 τῆς
1728 581 2048 652 ἐπιφανείας

2113 594 2250 650 ,ροι-
2296 581 2477 635 solum
2520 580 2819 636 adventum
2873 579 2998 635 Filii
3048 578 3178 648 Dei,
3237 579 3331 650 qui
3389 578 3549 633 facile
3604 577 3738 632 illud

428 676 529 732 τοῦ
563 674 698 731 Υἰοῦ
720 675 820 729 τοῦ
864 674 1025 741 Θεοῦ,
1058 674 1154 729 τοῦ
1196 675 1378 729 πάντα
1423 675 1639 748 ῥαδίως,
1675 678 1760 746 ἐφ’
1800 678 1941 747 ὅπερ
1981 676 2029 729 ἂι

2148 681 2343 742 posset
2374 672 2430 726 in
2453 672 2604 743 quod
2634 673 2801 729 vellet
2832 672 3161 729 reformare.
3194 672 3469 741 Quocirca
3499 670 3643 724 mitti
3671 670 3739 725 ad

428 769 682 841 βούλοιτο
738 766 1211 841 μεταρῤυθμίζειν
1266 766 1561 839 ἰσχύοντος.
1612 769 1713 822 Διά
1755 786 1837 822 τοι
1886 767 2029 821 τοῦτ(

2148 779 2251 821 nos
2296 763 2498 819 Filium
2532 765 2788 837 rogabat,
2833 765 3072 821 maxime
3118 779 3246 820 cum
3307 763 3466 820 solus
3519 774 3742 819 servare

426 861 757 934 πέμπεσθαι
809 860 949 932 πρὸς
1003 860 1154 931 ἡμᾶς
1200 860 1503 931 παρεκάλει
1553 862 1644 915 τὸν
1674 861 1822 925 Υἰδν,
1851 861 1946 915 ἅτε
1980 860 2043 932 δὴ

422 954 527 1007 καὶ
578 955 740 1024 μόνον
793 948 1084 1015 διασώζειν
1127 951 1381 1023 ἰσχύοντα
1425 954 1555 1017 τοὺς
1587 953 1693 1009 ὑπὸ
1741 957 1900 1025 χεῖρα
1950 954 2043 1008 καὶ

420 1044 752 1108 πλεονεξίαν
796 1042 1131 1113 γενομένους
1157 1042 1508 1116 διαὸολικήνσ
1550 1044 1644 1098 καὶ
1697 1043 1762 1114 δὴ
1802 1043 2042 1113 ἔφασκεν

420 1136 503 1201 ὡς
528 1136 670 1208 πρὸς
705 1136 802 1190 τὸν
854 1134 989 1189 Θεὸν
1017 1135 1114 1189 καὶ
1152 1135 1410 1207 Πατέρα-
1452 1154 1472 1188 ι
1521 1136 1937 1201 Ἐξαπόστειλον
1979 1136 2041 1189 τὸ

421 1227 547 1298 φῶς
600 1243 700 1281 σου
757 1227 856 1281 καὶ
906 1225 1010 1297 τὴν
1042 1226 1305 1298 ἀλήθειάν
1355 1242 1473 1281 σου.
1516 1245 1535 1278 ι
1593 1227 1754 1281 Ποῖον
1804 1221 1899 1280 οὖν
1929 1226 2039 1297 ἄρα

422 1321 548 1374 ἐστὶ
595 1319 659 1373 τὸ
707 1318 860 1387 φῶς,
892 1319 1023 1372 ποία
1075 1318 1134 1371 δὲ
1168 1321 1202 1390 ἡ
1248 1318 1518 1389 ἀλήθεια,
1568 1319 1738 1373 αὐτοῦ
1786 1319 2038 1389 λέγοντος

421 1410 597 1465 ἄκουε
623 1410 727 1464 τοῦ
756 1410 923 1464 Υἱωῖι⁸
964 1429 984 1462 ι
1019 1408 1162 1479 Ἐγώ
1190 1410 1307 1481 εἰμι
1328 1411 1388 1463 τὸ
1412 1410 1548 1480 φῶς,
1582 1413 1676 1465 καὶ
1719 1411 1831 1480 ἐγώ
1858 1413 1976 1483 εἰμι
2001 1414 2034 1482 ἠ

422 1504 692 1577 ἁλήθεια’
725 1522 744 1557 ι
808 1505 871 1558 Εἰ
905 1504 963 1558 δὲ
1011 1504 1295 1576 πέμπεται
1338 1504 1477 1577 πρὸς
1510 1506 1658 1576 ἡμᾶς
1690 1505 1752 1558 τὸ
1786 1506 1904 1575 φῶς
1938 1505 2035 1559 καὶ

422 1599 461 1668 ἡ
490 1596 721 1668 ἀλήθεια
755 1594 850 1649 τοῦ
888 1594 1134 1666 Πατρός,
1168 1594 1315 1648 τοῦτ’
1344 1594 1495 1649 ἐστιν
1528 1597 1557 1649 6
1588 1596 1740 1661 Υἱὸς,
1780 1596 1897 1661 πῶς
1934 1597 2033 1669 οὐχ

420 1689 617 1760 ἕτερός
666 1690 783 1741 ἐστι
819 1689 950 1760 παρ’
976 1686 1160 1753 αὐτὸν,
1186 1687 1313 1741 ὅσον
1342 1689 1424 1751 εἰς
1454 1688 1518 1742 τὸ
1545 1687 1695 1752 ἰδίως
1739 1688 2029 1760 ὑπάρχειν,

416 1786 471 1838 εἰ
504 1784 599 1837 καὶ
629 1784 688 1835 ἓν
713 1782 864 1836 ἔστιν
908 1781 982 1845 ώς
1033 1781 1173 1853 πρὸς
1217 1780 1406 1845 αὐτὸν,
1438 1781 1569 1835 ὅσον
1592 1784 1673 1846 εἰς
1693 1781 1793 1853 τήν
1819 1784 1919 1852 τῆς
1940 1783 2029 1837 οὐ·

418 1875 551 1939 σίας
572 1875 913 1944 ταύτότητας
943 1873 1007 1926 Εἰ
1038 1871 1149 1943 γὰρ
1181 1871 1255 1943 μὴ
1283 1870 1458 1937 οὕτως
1476 1872 1620 1944 ἔχειν
1634 1872 1837 1927 οἴονταί
1860 1891 2025 1942 τινες,

413 1970 446 2021 6
471 1968 640 2031 αὐτὸς
668 1966 727 2020 δὲ
760 1966 856 2019 καὶ
885 1959 966 2028 εἷς
1012 1966 1129 2018 ἐστι
1179 1964 1370 2036 Πατὴρ
1406 1964 1504 2019 καὶ
1531 1964 1681 2030 Υἰὸς,
1716 1965 1772 2019 τί
1805 1965 1880 2038 μὴ
1913 1966 2031 2021 ἕτε-

419 2077 520 2132 ρον
562 2060 801 2112 ἐποιεῖτο
831 2056 923 2110 τὸν
963 2056 1064 2126 τῆς
1091 2056 1259 2127 εὐχῆς
1286 2055 1487 2128 τρόπον
1514 2057 1544 2110 6
1581 2057 2031 2129 meuparocpo’po;

416 2150 586 2222 βοῶν’
629 2148 786 2203 Ἐλθὲ
815 2148 954 2219 πρὸς
983 2141 1215 2218 ήμᾶς,ὧ
1238 2145 1489 2216 φῶς.,καί
1507 2146 1774 2219 ἀλήθεια;
1808 2148 2031 2220 Ἐπειδὴ

410 2243 475 2296 δὲ
518 2241 584 2295 τὸ
639 2240 1085 2306 ὲξαπόστειλον
1127 2238 1315 2302 λέγει,
1347 2239 1507 2311 δῆλος
1563 2240 1630 2294 ἂν
1682 2241 1770 2311 εἰη
1820 2240 2032 2307 λοιπὸν,

2145 865 2335 928 posset
2366 858 2570 914 diaboli
2606 859 2795 913 manui
2835 872 2900 913 ac
2925 857 3204 929 tyrannidi
3240 857 3494 913 subditos
3523 874 3536 911 :
3570 855 3740 911 adeo-

2143 965 2252 1022 que
2279 952 2430 1008 velut
2472 950 2543 1006 ad
2586 950 2758 1020 Deum
2810 964 2874 1005 ac
2920 949 3142 1005 Patrem
3190 949 3449 1004 dicebat:
3482 967 3500 1001 ι
3539 947 3742 1002 Emitte

2143 1044 2321 1101 lucem
2381 1050 2556 1110 tuam,
2610 1052 2666 1101 et
2722 1045 3012 1099 veritatem
3066 1050 3220 1097 tuam
3256 1042 3329 1096 ³ο.
3380 1063 3402 1093 ι
3473 1041 3738 1109 Quaenam

2140 1135 2313 1206 igitur
2346 1134 2418 1191 sit
2458 1135 2552 1191 illa
2586 1136 2700 1200 lux,
2735 1144 2790 1191 et
2821 1149 3072 1206 quaenam
3114 1136 3347 1200 veritas,
3389 1134 3571 1205 ipsum
3608 1133 3737 1188 andi

2140 1226 2343 1284 Filium
2376 1230 2654 1286 dicentem
2683 1249 2696 1285 :
2736 1249 2755 1283 ι
2796 1231 2912 1301 Ego
2936 1245 3058 1287 sum
3094 1230 3210 1295 lux,
3242 1236 3297 1284 et
3333 1242 3439 1305 ego
3483 1242 3606 1283 sum
3640 1241 3739 1280 ve-

2139 1319 2366 1375 ritas“.
2404 1340 2424 1374 ι
2455 1321 2611 1387 Quod
2660 1321 2707 1377 si
2763 1322 2832 1375 ad
2869 1335 2971 1377 nos
3016 1322 3258 1375 mittitur
3299 1320 3391 1373 lux
3428 1325 3484 1373 et
3533 1317 3740 1372 veritas

2139 1411 2341 1476 Patris.
2372 1412 2480 1469 hoc
2514 1421 2601 1469 est
2636 1413 2837 1479 Filius,
2873 1413 3156 1486 quomodo
3214 1428 3327 1467 non
3361 1411 3505 1465 alius
3555 1416 3641 1465 est
3670 1409 3742 1463 ab

2137 1505 2283 1574 ipso,
2307 1507 2457 1575 quod
2488 1506 2560 1561 ad
2609 1508 2895 1577 propriam
2940 1506 3271 1579 hypostasin
3325 1505 3561 1565 attinet,
3609 1504 3740 1557 licet

2135 1613 2308 1652 unum
2341 1599 2411 1654 sit
2440 1614 2570 1654 eum
2618 1602 2741 1670 ipso
2788 1600 3082 1655 identitate
3124 1597 3493 1654 substantiae?
3523 1593 3660 1650 Nam
3690 1593 3739 1647 si

2135 1690 2359 1762 quidam
2394 1692 2470 1745 ita
2499 1706 2614 1746 rem
2644 1706 2769 1747 esse
2807 1707 2919 1747 non
2950 1690 3297 1754 existimant,
3322 1697 3379 1743 et
3401 1687 3544 1743 idem
3570 1693 3740 1755 atque

2134 1800 2279 1840 unus
2299 1791 2387 1840 est
2407 1783 2577 1841 Pater
2598 1798 2663 1839 ac
2682 1783 2861 1840 Filius
2886 1800 2900 1836 :
2927 1785 3124 1854 quidni
3145 1784 3255 1838 alio
3281 1781 3545 1853 precandi
3571 1779 3744 1833 modo

2135 1879 2393 1935 utebatur
2412 1878 2601 1933 divino
2629 1876 2841 1948 Spiritu
2867 1874 3084 1930 afflatus
3133 1872 3428 1929 Psahnista
3448 1871 3733 1923 clamans:

2134 1970 2274 2027 Veni
2305 1970 2372 2025 ad
2423 1984 2547 2037 nos,
2579 1969 2736 2024 οισι
2780 1976 2837 2023 et
2884 1966 3133 2022 veritas?
3169 1964 3307 2019 Cum
3356 1970 3543 2016 autem
3587 1959 3737 2013 mitte

2135 2063 2318 2128 dicat,
2358 2063 2551 2134 utique
2600 2062 2773 2116 alium
2820 2058 3124 2131 quemdam
3161 2057 3321 2112 norit
3366 2053 3461 2124 qui
3523 2051 3732 2110 mittat,

2137 2156 2331 2223 alium,
2368 2154 2472 2226 qui
2511 2154 2787 2209 mittatur.
2818 2151 2929 2208 Sed
2974 2148 3263 2207 missionis
3309 2145 3509 2204 modus
3538 2159 3639 2214 pro
3669 2157 3735 2196 eo

2138 2260 2204 2303 ac
2235 2247 2406 2303 Deum
2436 2244 2600 2303 decet
2624 2245 2990 2317 intelligatur.

412 2334 611 2405 ἕτερον
659 2331 761 2403 μέν
798 2347 925 2387 τινα
952 2331 1353 2386 ἀποστέλλοντα
1392 2329 1550 2395 εἰδὼς
1573 2373 1588 2399 ,
1616 2330 1805 2404 ἕτερον
1841 2332 1901 2387 δὲ
1931 2333 2025 2390 τὸν
2061 2336 2531 2410 ἀποστελλόμενον
2551 2353 2565 2368 ·
2631 2338 2662 2391 6
2692 2334 2751 2390 δὲ
2780 2336 2882 2408 τῆς
2943 2333 3251 2405 ἀποστολῆς
3276 2331 3477 2406 τρόπος
3507 2325 3734 2384 νοείσθω

318 2474 333 2489 ,
412 2421 769 2493 θεοπρεπῶς.

492 2517 734 2573 ἈΛΛΟ.
775 2517 852 2572 Δι’
885 2517 1017 2571 Υἱοῦ
1052 2516 1385 2589 πεποιῆσθαι
1415 2518 1484 2573 τὰ
1522 2518 1703 2574 πάντα
1747 2520 1914 2590 φασὶν
1962 2522 2023 2577 αἱ

410 2611 567 2666 θεῖαι
614 2611 831 2682 Γραφαὶ
880 2611 951 2664 τά
985 2610 1159 2681 ὁρατὰ
1194 2613 1289 2666 καὶ
1326 2612 1397 2665 τὰ
1448 2612 1679 2684 ἀόρατα,
1710 2612 1779 2668 τὰ
1821 2615 1882 2668 ὲν
1919 2615 2033 2679 τοῖς

410 2704 679 2776 οὐρανοῖς
725 2703 822 2757 καί
848 2703 918 2757 τὰ
951 2704 1046 2757 ἐπὶ
1076 2703 1175 2775 τῆς
1213 2703 1340 2774 γῆς,
1380 2704 1474 2758 καὶ
1501 2702 1646 2758 οὕτω
1684 2704 2033 2772 πιστεύοντες

408 2799 474 2850 ἐν
512 2796 773 2868 ὀρθότητι
807 2795 1110 2867 λογισμῶν,
1130 2796 1224 2850 καὶ
1257 2797 1366 2851 τῶν
1394 2797 1495 2868 τῆς
1518 2797 1803 2863 εὐσεϐείας
1828 2798 2032 2871 δογμά-

405 2905 526 2943 των
564 2889 701 2941 εῐσω
747 2887 1066 2959 βεϐήκαμεν
1101 2890 1150 2942 οἱ
1192 2888 1292 2960 τῆς
1323 2888 1586 2961 ἀληθείας
1627 2891 2025 2962 προσκυνηταί.

407 2980 635 3034 Οὐκοῦν
654 2980 1004 3051 ἐξετάσωμεν
1026 2980 1090 3034 τὸ
1125 2979 1224 3034 διὰ
1249 2981 1357 3037 τοῦ
1395 2981 1556 3048 Υίοῦ,
1583 2983 1681 3038 καὶ
1704 2983 1866 3038 ποίαν
1889 2985 2026 3055 ἡμῖν

407 3071 670 3144 εἰσφέρει
696 3072 796 3143 τὴν
819 3072 1062 3127 διάνοιαν
1087 3073 1495 3146 ἑρευνήσωμεν.
1530 3073 1670 3126 Ἀλλ’
1700 3074 1815 3129 ἐστι
1845 3075 2026 3146 δῆλον,

2206 2510 2442 2570 ALIUD.
2502 2512 2611 2569 Per
2666 2511 2871 2569 Filium
2932 2510 3234 2583 Scriptura:
3290 2511 3491 2567 divinae
3545 2516 3730 2569 omnia

2132 2603 2281 2660 facta
2321 2618 2446 2660 esse
2491 2601 2711 2668 dicunt,
2753 2602 2999 2659 visibilia
3030 2610 3087 2658 et
3113 2602 3432 2667 invisibilia,
3481 2604 3732 2660 coelestia

2134 2710 2200 2751 ac
2227 2702 2445 2751 terrena
2472 2708 2489 2748 :
2518 2700 2688 2765 atque
2714 2694 2790 2749 ita
2823 2692 3123 2749 credentes
3164 2693 3270 2765 ιθ
3295 2693 3351 2747 in
3388 2694 3732 2750 rectitudine

2136 2786 2405 2844 doctrinae
2451 2795 2505 2843 et
2561 2786 2787 2857 pietatis
2834 2785 3155 2855 dogmatum
3205 2784 3517 2841 incedimus
3569 2794 3731 2857 quot-

2133 2882 2270 2946 quot
2298 2874 2590 2930 veritatem
2631 2874 2888 2929 colimus.
2928 2872 3324 2944 Expendamus
3358 2873 3528 2944 igitur
3569 2872 3728 2941 illud,

2133 2982 2227 3036 per
2255 2963 2487 3029 Filium,
2520 2971 2577 3021 et
2607 2964 2829 3034 qualem
2863 2964 3028 3020 nobis
3058 2979 3287 3020 sensum
3332 2965 3535 3020 inferat
3569 2964 3731 3020 inda-

2134 3074 2350 3131 gemus.
2393 3058 2563 3129 Atqui
2598 3054 2958 3113 manifestum
3005 3064 3092 3112 est
3136 3057 3306 3112 alium
3342 3057 3561 3128 quidem
3596 3073 3730 3115 cen-

406 3167 493 3228 ὡς
518 3168 709 3240 ἕτερον
740 3168 840 3239 μέν
871 3185 997 3223 τινα
1018 3171 1159 3224 νοεῖν
1186 3168 1472 3224 ἀναπείθει
1499 3170 1590 3225 τὸν
1620 3171 1879 3226 ποιοῦντα
1926 3172 2024 3226 καὶ

2136 3152 2375 3208 sendum
2429 3166 2557 3207 esse
2615 3165 2742 3206 eum
2791 3148 2887 3221 qui
2943 3148 3077 3205 facit
3122 3159 3177 3205 et
3227 3157 3516 3220 operatur,
3559 3152 3727 3207 alium

408 3232 817 3332 ἐργαζόμενον,
848 3261 1036 3334 ἕτερον
1061 3261 1118 3316 δέ
1155 3279 1279 3317 τινα
1303 3261 1394 3316 τὸν
1413 3263 1493 3317 δι’
1518 3257 1580 3319 οὗ
1613 3264 1683 3319 τὰ
1727 3264 1906 3320 πάντα
1931 3267 2026 3337 ἐρ-

2133 3260 2262 3301 vero
2296 3258 2425 3300 eum
2458 3259 2556 3315 per
2583 3256 2748 3315 quem
2783 3243 3048 3298 universa
3076 3250 3361 3312 operatur.
3396 3241 3549 3301 Duas
3579 3244 3726 3299 enim

406 3350 669 3422 γάξεται.
701 3351 809 3407 Δύο
837 3351 949 3426 γὰρ
988 3353 1303 3426 προσώπων
1332 3353 1410 3418 ὡς
1455 3355 1516 3423 ἐξ
1558 3356 1807 3427 ἀνάγκης
1848 3356 2031 3430 παρά.

412 3462 618 3499 στασιν
672 3444 789 3516 ἔχει
846 3445 935 3499 τὺο
967 3446 1044 3501 δι’
1088 3448 1231 3503 Υιοῦ
1272 3447 1307 3519 ἢ
1363 3447 1673 3517 λεγέτωσαν
1718 3450 1860 3504 κατά
1906 3450 2029 3505 τίνα

408 3535 626 3608 τρόπον
652 3537 716 3591 τὸ
741 3536 801 3591 ἓν
828 3538 905 3601 ὡς
938 3537 998 3592 ἐν
1034 3538 1278 3611 ἀριθμῷ,
1303 3541 1398 3594 καὶ
1422 3543 1488 3612 τῇ
1519 3542 1643 3595 κατ’
1674 3542 1837 3595 αὐτὸν
1867 3543 2030 3598 ποσό-

408 3647 544 3701 τητι
585 3630 648 3683 ὲν
696 3629 773 3700 τῷ
824 3646 879 3683 τι
922 3631 1101 3685 ποιεῖν
1130 3631 1411 3701 λέγεσθαι,
1442 3631 1505 3686 τὸ
1532 3631 1606 3686 δι’
1645 3632 1780 3688 Υίοῦ
1826 3634 2032 3706 κυρίως

409 3724 514 3776 καὶ
566 3722 785 3800 ἀληθῶς
824 3722 1166 3791 ὲπιδέξεται,
1201 3724 1418 3789 οὐδενὸς
1446 3725 1639 3797 ἐτέρου
1679 3741 2029 3780 συνεπινοου-

413 3814 587 3886 μένου
638 3816 735 3869 καὶ
787 3817 1262 3888 συνειστρέχοντος
1302 3834 1318 3849 ο
1350 3817 1468 3872 ἀλλ’
1515 3812 1669 3889 οἶμαι
1747 3818 2029 3885 παντελῶς

408 3909 727 3978 ἀπορήσειν
756 3908 883 3973 τοὺς
913 3906 980 3961 δι’
1008 3908 1278 3973 ἐναντίας.
1318 3909 1531 3982 Ἐπειδὴ
1563 3911 1621 3967 δὲ
1667 3910 1765 3966 τὸν
1808 3911 2029 3983 Πατέρα

407 4005 481 4057 δι’
515 4002 654 4057 Υἱοῦ
691 3994 761 4057 τά
802 4002 984 4057 πάντα
1018 4001 1329 4074 εἰργάσθαι,
1350 4003 1446 4056 καὶ
1477 4003 1636 4057 αὐταί
1665 4003 2027 4076 κηρύττουσιν

407 4100 469 4152 αξ
504 4096 655 4150 θεῖαι
680 4096 919 4167 Γραφαί,
953 4096 1051 4149 καὶ
1082 4097 1248 4166 ἡμεῖς
1281 4095 1611 4167 πιστεύομεν
1631 4137 1645 4161 ,
1675 4092 1830 4169 οἶμαι
1858 4097 1915 4151 δὲ
1944 4096 2027 4150 ὅτι

409 4189 676 4249 κακεῖνος
696 4202 709 4216 ·
738 4185 859 4249 πῶς
897 4186 998 4238 οὐκ
1039 4185 1261 4255 ἀνάγκη
1304 4188 1445 4240 νοεῖν
1478 4187 1700 4259 Πατέρα
1727 4188 1828 4258 μὲν
1856 4187 2020 4253 ἰδίως,

406 4279 491 4341 ὡς
527 4274 656 4329 καθ’
688 4275 885 4330 ἑαυτὸν
944 4275 1268 4346 ὐφεστᾶναι,
1303 4274 1435 4329 Υἱὺν
1470 4276 1528 4329 δὲ
1582 4276 1745 4330 πάλιν
1797 4277 2023 4348 ὁμοίως,

406 4372 516 4423 οὐκ
549 4368 956 4440 ἀνατρέποντος
986 4367 1178 4420 τούτου
1207 4367 1270 4420 τὸ
1296 4368 1355 4421 ὲν
1383 4367 1672 4439 ταυτότητι
1704 4369 1806 4439 τῆς
1837 4368 2025 4432 οὐσίας

404 4463 514 4534 τὴν
538 4461 707 4532 ἁγίαν
736 4461 970 4529 ὁρᾶσθαι
1004 4460 1210 4532 Τριάδα
1236 4477 1251 4527 3

1042 4573 1299 4628 ΚΕΦᾹΛ.
1340 4573 1415 4627 Ρ.

2130 3352 2402 3410 personas
2437 3335 2760 3394 necessario
2811 3335 2976 3392 nobis
3021 3335 3251 3392 exhibet
3296 3336 3456 3402 illud,
3490 3353 3584 3407 per
3617 3335 3727 3391 Fi-

2133 3432 2265 3486 lium
2289 3447 2309 3486 :
2338 3430 2641 3487 autdieant
2672 3444 2785 3501 quo
2822 3436 2990 3500 pacto
3021 3428 3184 3495 illud,
3213 3445 3308 3498 per
3335 3429 3566 3495 Filium,
3599 3445 3730 3502 pro-

2129 3523 2249 3593 prie
2282 3536 2347 3578 ac
2376 3530 2506 3579 vere
2530 3524 2587 3577 in
2619 3536 2681 3578 re
2711 3521 2967 3578 facienda
2999 3536 3170 3578 unum
3203 3536 3439 3577 numero
3474 3531 3529 3578 et
3555 3538 3730 3593 quan-

2129 3613 2292 3669 titate
2320 3612 2755 3683 complectetur,
2789 3611 2838 3668 si
2870 3610 3011 3666 nihil
3059 3609 3213 3666 aliud
3253 3611 3419 3667 simul
3446 3611 3728 3684 intelliga-

2131 3715 2222 3762 tur
2246 3712 2304 3762 et
2336 3704 2405 3761 ad
2440 3703 2788 3777 operandam
2838 3711 3179 3771 concurrat;
3228 3709 3285 3759 at
3334 3702 3428 3759 hic
3475 3703 3737 3761 haesuros

2129 3801 2296 3874 plane
2333 3798 2686 3856 adversarios
2734 3806 2892 3869 puto.
2938 3795 3081 3852 Cum
3131 3803 3321 3853 autem
3369 3796 3588 3853 Patrem
3629 3813 3737 3868 per

2129 3892 2330 3948 Filium
2385 3892 2571 3947 omnia
2625 3890 2829 3950 fecisse
2877 3897 2934 3947 et
2989 3890 3124 3962 ipsa:
3165 3890 3368 3946 divinae
3426 3889 3735 3961 Scriptum

2129 3981 2457 4055 praedicent,
2500 3988 2557 4037 et
2576 3994 2689 4053 [nos
2719 3979 3037 4048 credamus,
3076 3980 3261 4051 itaque
3291 3994 3394 4050 ego
3424 3987 3670 4035 statuam
3708 3997 3727 4033 :

2129 4090 2319 4133 nonne
2358 4088 2585 4129 necesse
2625 4081 2712 4129 est
2746 4071 3055 4144 intelligere
3086 4070 3305 4127 Patrem
3342 4072 3564 4142 quidem
3596 4086 3726 4141 pro-

2128 4173 2247 4241 prie
2280 4169 2335 4224 in
2385 4184 2446 4224 se
2480 4166 2817 4229 subsistere,
2862 4178 2928 4219 ac
2975 4164 3230 4219 similiter
3270 4162 3504 4224 Filium,
3542 4178 3725 4233 neque

2128 4261 2183 4317 id
2233 4260 2459 4317 obstare
2512 4258 2817 4329 quominus
2870 4261 3065 4311 sancta
3102 4252 3346 4311 Trinitas
3377 4253 3724 4325 intelligatur

2128 4356 2185 4410 in
2217 4352 2508 4410 identitate
2542 4348 2910 4407 substantiae?

2752 4550 2907 4607 CAP.
2963 4548 3057 4603 lll.

406 4663 539 4737 Ὅτι
572 4662 719 4737 Θεὸς
750 4662 904 4737 κιζτές
929 4662 1135 4737 prima;
1172 4662 1269 4737 καὶ
1295 4660 1667 4737 κατξοὺδένᾳ
1705 4663 1951 4737 τρόπον,
1977 4662 2017 4737 ἢ

2133 4647 2283 4714 Quod
2338 4645 2475 4729 Deus
2512 4645 2800 4737 secundum
2822 4656 3127 4737 .nntara'nt,
3168 4658 3276 4737 περ,
3444 4641 3599 4697 modo
3626 4652 3739 4718 aut,

478 4734 777 4798 ἐλάττων,
805 4734 844 4799 ἦ
871 4733 1154 4802 ἀνόμοιός
1176 4734 1309 4787 ἐστι
1335 4732 1444 4787 τοῦ
1469 4732 1704 4802 Πατρός
1724 4736 1758 4787 ὁ
1788 4736 1942 4800 Υἱός.

910 4826 1018 4880 Kal
1064 4825 1213 4892 Θεὸς
1243 4821 1325 4897 ἦν
1351 4828 1387 4881 ὁ
1414 4826 1627 4897 Λόγος.

481 4921 606 4976 Οὐκ
632 4918 907 4989 ἠγνόησεν
935 4920 963 4972 6
994 4919 1474 4992 πνευματοερόρος,
1509 4919 1588 4983 ώς
1624 4919 2021 4992 ἀναστήσονταί

395 5028 562 5076 τινες
605 5011 667 5063 ὲν
708 5009 960 5081 ἐσχάτοις
999 5014 1217 5082 καιροῖς
1263 5011 1363 5082 τῆς
1392 5011 1487 5064 τοῦ
1524 5011 1865 5081 Μονογενοῧς
1891 5029 2024 5066 κατ-

400 5101 750 5178 ηγοροῦντες
773 5102 994 5167 οὐσίας,
1048 5105 1145 5157 καὶ
1185 5104 1277 5158 τὸν
1322 5104 1668 5174 ἀγοράσαντα
1696 5106 1895 5168 αὐτοὺς
1928 5108 2025 5157 Δε-

404 5196 629 5265 σπότην
662 5192 1021 5265 ἀρνούμενοι,
1063 5194 1151 5248 διὰ
1189 5194 1284 5248 τοῦ
1317 5194 1460 5249 κατά
1493 5194 1656 5266 φύσιν
1700 5195 1910 5250 οἴεσθαι
1947 5194 2021 5267 μὴ

403 5285 557 5343 εἶναι
588 5284 723 5339 Θεὸν
753 5285 846 5337 τὸν
872 5285 938 5339 ὲκ
971 5284 1107 5339 Θεοῦ
1136 5286 1232 5340 καὶ
1261 5285 1476 5357 Πατρός
1510 5287 1791 5359 πεφηνότα
1821 5286 2024 5355 Λόγον,

400 5379 552 5436 ἀλλὰ
585 5378 742 5433 νόθον
772 5375 964 5446 ὥσπερ
992 5377 1115 5431 τινὰ
1160 5377 1259 5431 καὶ
1286 5376 1642 5448 ψευδώνυμον
1672 5379 1803 5447 ἡμῖν
1831 5378 2019 5435 ἐπεισ-

402 5468 713 5543 φέρεσθαι,
765 5467 828 5522 τὸ
882 5468 982 5539 μὲν
1033 5467 1137 5538 τῆς
1189 5468 1440 5539 υἱότητός
1499 5485 1561 5522 τε
1618 5468 1718 5543 και
1763 5466 2017 5539 θεότητος

400 5537 589 5635 dvorsa
634 5537 1023 5632 περικείμενον
1044 5601 1057 5625 ,
1094 5537 1300 5632 ἔχοντα
1325 5537 1383 5615 δὲ
1416 5561 1516 5631 οὐχ
1546 5537 1857 5615 οὐτωῗιατά
1887 5537 2022 5629 ἀλή-

403 5657 590 5712 θειαν.
627 5654 860 5725 Ὅμοιόν
892 5670 946 5707 τι
972 5652 1221 5708 ποιοῦσιν
1258 5653 1308 5706 οἰ
1341 5652 1666 5725 τὴνᾺρείου
1698 5651 2019 5715 δυσσέϐειαν

483 5838 530 5871 aa
573 5835 721 5894 psal.
762 5850 914 5903 ml,
946 5833 1001 5890 5.
1077 5831 1303 5889 M’loan.
1346 5831 1589 5900 nudi;
1632 5847 1741 5900 xiv,
1773 5829 1826 5886 6.

2347 4720 2542 4781 minor,
2575 4725 2669 4770 aut
2698 4714 2982 4770 dissimilis
3018 4712 3285 4775 Patrisit
3306 4708 3504 4769 Filius.

2480 4812 2537 4880 Ι,
2581 4812 2633 4866 1.
2675 4808 2745 4863 Et
2780 4808 2921 4863 Deus
2957 4815 3084 4869 erat,
3115 4805 3361 4863 Verbum.

2197 4903 2317 4962 Non
2355 4902 2629 4976 ignoravit
2652 4898 2843 4954 divino
2878 4898 3087 4969 Spiritu
3129 4896 3345 4954 amatus
3378 4894 3733 4966 evangelista;
3774 4930 3781 4933 -

2126 5000 2426 5070 postremis
2457 4992 2801 5066 temporibus
2826 4991 3187 5057 suborituros
3215 4990 3435 5061 aliquos
3466 4988 3561 5059 qui
3587 4988 3721 5044 sub-

2127 5092 2348 5148 stantia:
2375 5090 2655 5161 Unigcniu’
2687 5087 3079 5152 detraherent,
3130 5091 3186 5140 et
3215 5083 3510 5137 Dominum
3544 5097 3573 5135 a
3606 5095 3734 5151 quo,

2129 5184 2558 5254 red’emptisunt
2601 5189 2869 5252 negarent
2893 5220 2910 5240 .
2955 5194 3079 5235 eum
3113 5176 3435 5234 secundum.
3458 5184 3729 5243 naturam,

2126 5294 2235 5332 non
2266 5291 2389 5332 esse
2415 5274 2581 5339 Deum
2611 5291 2677 5331 ex
2712 5275 2824 5330 Deo
2845 5282 2899 5329 et
2928 5272 3089 5327 Patre
3113 5270 3360 5342 genitum
3393 5267 3728 5343 asserendo.‘

2124 5372 2222 5431 sed
2250 5388 2350 5443 spu
2363 5370 2501 5425 rium
2540 5370 2700 5425 nobis
2728 5366 2898 5431 veluti
2923 5364 3217 5435 quemdam
3245 5369 3301 5417 et
3323 5360 3444 5418 falsi
3474 5356 3724 5420 nominis

2124 5465 2473 5532 invehendo,
2519 5464 2804 5519 ﬁliationis
2856 5460 3081 5533 quidem
3124 5473 3189 5514 ac
3227 5453 3452 5511 deitatis
3490 5448 3725 5504 nomine

2126 5558 2465 5627 redimitum,
2498 5556 2595 5615 sed
2626 5550 2699 5611 ita
2734 5571 2795 5612 se
2822 5568 3017 5611 revera
3047 5567 3156 5608 non
3186 5548 3498 5604 habentem.
3522 5539 3729 5599 Simile

2125 5652 2390 5724 quiddam
2441 5650 2698 5717 faciunt,
2744 5647 2840 5719 qui
2891 5644 3178 5701 Iudaicam
3219 5638 3335 5694 Arii
3368 5634 3711 5707 impietatem
