4156 6486
484 382 560 438 sa
1514 375 1569 428 s.
1610 369 1888 428 crutLu
1925 363 2392 423 ALEXANDRINI
2427 365 2744 425 ARCHIEP.
3689 369 3755 424 ω

491 497 702 553 intimis
733 494 1054 567 praecordiis
1101 502 1487 564 susceperunt,
1519 492 1864 563 proindeque
1900 501 1955 548 et
1999 491 2066 546 de

2181 487 2477 560 Ίουδαῖκὴν
2517 492 2596 556 είς
2633 493 2725 544 τὸν
2755 489 2963 543 ἑαυτῶν
2994 485 3378 550 είσοικίζοντες
3411 485 3554 552 νοῦν,
3588 487 3667 542 διὸ
3693 491 3755 559 δὴ

494 596 715 644 mortuo
749 587 917 643 corde
962 587 1254 658 proferunt
1303 601 1413 641 non
1459 585 1735 640 vivificum
1791 591 1893 655 piae
1935 599 2069 640 con-

491 678 872 748 templationis
899 677 1148 744 verbum,
1183 677 1278 732 sed
1317 674 1683 746 quodcunque
1712 675 1781 729 ad
1837 683 2066 730 mortem

491 767 674 824 tendit
714 783 778 823 ac
812 767 1039 838 respicit
1067 786 1080 821 :
1117 786 1136 818 ‹
1178 765 1391 837 Sagitta
1422 766 1626 836 quippe
1652 773 1737 820 est
1769 765 2068 821 vulnerans

495 860 681 930 lingua
703 873 928 923 eorum;
957 857 1150 914 dolosa
1172 858 1340 912 verba
1372 859 1487 912 oris
1515 872 1707 912 eorum
1740 857 1807 910 υ.
1851 875 1870 908 ι
1899 855 2069 922 Quasi

494 966 626 1022 ergo
653 950 767 1020 jam
801 949 856 1004 in
905 947 1164 1004 veritatis
1194 947 1363 1002 verba
1403 952 1726 1017 exsurgeret
1759 945 1983 1014 aliquis,
2017 953 2072 1000 et

493 1048 745 1096 sanctum
797 1038 1195 1109 evangelistam
1229 1037 1303 1092 ita
1337 1035 1730 1107 propemodum
1779 1035 2073 1104 compella-

497 1140 581 1188 ret
619 1139 782 1187 :erat
824 1130 1044 1201 quidem
1091 1128 1356 1194 Verbum,
1400 1143 1434 1184 ο
1466 1128 1627 1192 bone,
1674 1127 1818 1197 apud
1869 1125 2068 1193 Deum;

495 1233 651 1280 esto:
693 1223 790 1278 tibi
818 1224 962 1277 enim
994 1221 1098 1276 ista
1127 1219 1393 1276 scribenti
1420 1219 1718 1275 credimus.
1763 1217 1848 1272 Sit
1887 1226 2070 1273 autem

496 1324 551 1369 et
594 1315 866 1371 subsistat
898 1313 1062 1368 Pater
1092 1313 1339 1383 pr0prie,
1379 1311 1622 1381 itemque
1670 1309 1846 1365 Filius
1876 1309 2073 1364 simili-

499 1415 582 1461 ter
608 1422 620 1457 :
646 1406 920 1476 quodnam
945 1419 1077 1476 ergo
1095 1404 1205 1473 20
1229 1403 1531 1458 secundum
1561 1409 1814 1456 naturam
1836 1399 2072 1456 Verbum

393 1495 398 1502 ’
495 1510 618 1550 esse
655 1495 958 1565 putandum
991 1494 1120 1549 est?
1161 1493 1296 1549 lllud
1328 1493 1496 1559 enim,
1524 1507 1645 1547 esse
1693 1491 1838 1561 apud
1880 1491 2070 1559 Deum,

495 1590 724 1643 omnino
773 1587 1142 1643 substantiam
1190 1600 1302 1639 non
1353 1583 1647 1655 signiﬁcat.
1697 1583 1835 1637 Cum
1885 1591 2072 1638 autem

443 1681 448 1686 ’
500 1697 668 1736 unum
723 1679 893 1734 Deum
936 1678 1237 1748 Scripturae
1281 1675 1478 1731 divina:
1529 1675 1870 1746 praedicent,
1921 1674 2070 1729 Patri

498 1773 601 1826 soli
635 1772 739 1825 hoc
762 1771 1087 1835 tribuemus,
1123 1768 1267 1842 apud
1301 1784 1465 1839 quem
1491 1779 1612 1824 erat
1643 1767 1903 1823 Verbum.
1931 1765 2073 1832 Quid

499 1865 565 1919 ad
598 1866 711 1919 hare
736 1865 904 1935 igitur
929 1866 1006 1918 ait
1029 1879 1212 1933 praeco
1233 1862 1522 1919 veritatis?
1542 1861 1662 1916 Non
1691 1861 1868 1917 solum
1898 1880 1916 1913 ι
1946 1859 2076 1914 Erat

501 1955 740 2012 Verbum
770 1958 910 2026 apud
943 1957 1137 2020 Deum,
1175 1975 1194 2007 ι
1235 1957 1332 2012 sed
1362 1963 1480 2011 erat
1509 1956 1674 2011 etiam
1709 1955 1875 2022 Deus,
1917 1963 1976 2010 ut
2009 1970 2074 2010 ex

498 2064 567 2104 eo
607 2047 754 2118 quod
808 2055 892 2104 est
939 2048 1085 2118 apud
1136 2046 1333 2112 Deum,
1368 2047 1510 2102 alius
1561 2062 1682 2102 esse
1721 2060 1750 2099 a
1788 2045 1950 2101 Patre
1984 2061 2077 2102 co-

500 2147 823 2209 gnoscatur,
874 2148 928 2194 et
956 2139 1130 2195 Filius
1161 2139 1384 2210 proprie
1425 2138 1737 2194 subsistere
1777 2144 1832 2192 ct
1869 2153 1967 2210 per
2016 2152 2075 2194 se

500 2229 785 2297 credatur;
835 2245 903 2284 ex
933 2243 999 2285 eo
1027 2215 1160 2284 vero
1198 2227 1346 2298 quod
1382 2234 1467 2284 est
1502 2226 1668 2292 Deus,
1707 2227 2074 2282 consubstan-

500 2321 670 2386 tialis,
699 2327 754 2375 et
784 2336 850 2375 ex
893 2320 1015 2390 ipso
1047 2319 1400 2390 intelligatur
1427 2333 1547 2372 esse
1581 2317 1880 2373 secundum
1913 2328 2074 2372 natu-

500 2427 638 2477 ram,
674 2419 861 2480 utpote
893 2411 1057 2474 Deus,
1099 2417 1154 2465 et
1193 2425 1260 2464 ex
1287 2409 1397 2463 Deo
1427 2408 1719 2464 exsistens.
1752 2407 1895 2462 Fieri
1928 2408 2073 2462 enim

501 2501 690 2571 nequit
727 2510 806 2567 ut,
847 2517 973 2555 cum
1019 2515 1128 2555 una
1159 2500 1367 2571 liquido
1403 2499 1476 2553 sit
1506 2498 1648 2568 apud
1684 2498 1938 2553 homines
1987 2497 2073 2552 di-

500 2595 730 2658 vinitas,
757 2593 812 2647 in
843 2592 1185 2648 identitatem
1243 2590 1563 2647 substantia:
1611 2598 1802 2644 sancta
1833 2589 2074 2644 Trinitas

502 2700 614 2740 non
640 2686 937 2748 coalescat,
975 2691 1139 2753 atque
1169 2684 1242 2737 ita
1283 2683 1337 2736 in
1366 2697 1529 2736 uuam
1559 2683 1781 2737 deitatis
1802 2681 2073 2734 rationem

503 2773 793 2831 referatur.
846 2777 976 2829 Erat
1022 2775 1219 2845 igitur,
1259 2783 1316 2828 et
1367 2773 1508 2828 Deus
1559 2781 1748 2844 postea
1802 2789 1910 2829 non
1951 2773 2068 2836 fuit,

501 2869 597 2923 sed
628 2869 760 2922 olim
790 2875 929 2931 erat,
964 2867 1200 2920 maxime
1237 2881 1361 2920 cum
1411 2865 1580 2921 Deum
1612 2881 1732 2921 esse
1761 2865 1830 2919 ab
1869 2875 2076 2920 aaterno

501 2975 723 3030 quoque
752 2975 872 3015 esse
904 2967 1295 3030 consequatur,
1333 2958 1785 3029 quandoquidem
1825 2959 1877 3012 id
1927 2959 2074 3027 quod

505 3051 558 3104 in
590 3061 835 3122 tempore
879 3051 1083 3106 factum
1117 3060 1222 3115 est,
1253 3059 1347 3106 aut
1396 3068 1426 3107 e
1472 3052 1642 3107 nihilo
1675 3052 1732 3106 in
1762 3067 1948 3107 rerqu
1983 3068 2078 3106 na-

2171 580 2264 633 καὶ
2304 581 2412 634 ἀπὸ
2459 583 2657 652 νεκρᾶς
2725 579 3062 652 προφέρουσι
3104 577 3364 649 καρδίας,
3406 579 3468 632 οὑ
3498 579 3587 634 τὸν
3621 580 3756 644 ζωοο

2171 671 2322 724 ποιὸν
2354 671 2455 741 τῆς
2484 672 2742 736 εὐσεϐοῦς
2775 670 3008 740 θεωρίας
3040 669 3230 737 λόγον,
3283 668 3398 722 ἀλλ’
3437 670 3490 722 εῐ
3524 687 3578 722 τι
3620 670 3756 742 πρὸς

2171 765 2398 820 θάνατον
2415 768 2518 837 ὁρᾷ
2531 783 2592 819 τε
2616 767 2707 819 καὶ
2730 765 2915 835 βλέπει
2935 780 2948 793 ο
2983 764 3167 826 «Βολὶς
3190 763 3360 826 ὅντως
3381 763 3755 832 τιτρώσκουσα

2171 856 2204 925 ὴ
2229 855 2452 924 γλῶσσα
2479 856 2679 921 αὑτῶν,
2712 857 2864 910 δόλια
2891 854 2962 908 τὰ
2993 856 3215 925 ῥήματα
3237 853 3331 906 τοῦ
3364 853 3630 923 στόματος
3657 855 3754 908 αὑ-

2171 946 2333 1001 τῶν.)
2363 948 2573 1017 Ὠσπερ
2599 942 2690 1000 οὖν
2710 947 2813 1017 ἥδη
2839 945 2983 1010 τινὸς
3011 948 3123 1010 τοῖς
3144 945 3203 1010 ἐξ
3231 944 3488 1016 ἀληθείας
3517 946 3752 1000 ἀντιτεί-

2172 1053 2354 1100 νοντος
2399 1037 2639 1108 ῥήμασι,
2697 1039 2792 1092 καὶ
2847 1036 3128 1108 μονονουχὶ
3178 1037 3430 1105 λέγοντος
3482 1037 3618 1107 πρὸς
3666 1037 3757 1090 τὸν

2173 1128 2326 1195 ἅγιον
2357 1125 2768 1199 εὐαγγελιστήν·
2800 1123 2908 1181 Ἦν
2935 1129 3032 1198 μὲν
3058 1129 3087 1180 6
3114 1126 3305 1195 Λόγος,
3337 1123 3382 1180 ὦ
3407 1121 3583 1192 οὗτος,
3622 1126 3758 1196 πρὸς

2171 1218 2262 1271 τὸν
2282 1218 2434 1284 Θεὸν,
2454 1219 2548 1272 καὶ
2565 1219 2736 1288 ὲχέτω
2757 1219 2906 1290 τῇδεο
2938 1218 3194 1288 πείθομαι
3221 1217 3329 1289 γὰρ
3351 1221 3464 1282 τοῖς
3495 1221 3608 1282 σοῖς
3629 1219 3756 1290 περὶ

2171 1309 2362 1363 τούτου
2397 1311 2828 1382 συγγράμμασιν
2849 1326 2865 1343 θ
2914 1309 3057 1364 ἔστω
3087 1311 3168 1375 δὲ,
3200 1310 3294 1363 καὶ
3326 1309 3620 1380 ὑπαρχέτω
3647 1310 3756 1363 Πα-

2172 1402 2278 1473 τὴρ
2311 1403 2410 1472 μὲν
2444 1403 2623 1466 ἰδίως,
2672 1402 2801 1466 Υἱὸς
2838 1402 2895 1455 δὲ
2929 1403 3091 1456 πάλιν
3123 1402 3346 1472 ὁμοίως.
3401 1401 3537 1455 Τίνα
3571 1400 3636 1470 δὴ
3665 1396 3758 1454 οὖν

2175 1495 2438 1568 ὑπάρχειν
2481 1494 2689 1548 οῐεσθαι
2731 1496 2997 1566 προσήκει
3037 1494 3178 1552 κατὰ
3203 1494 3391 1564 ’φύσιν
3425 1494 3518 1548 τὸν
3543 1495 3754 1562 Λόγον;

2175 1587 2248 1639 Τὸ
2287 1587 2395 1657 γὰρ
2433 1582 2571 1642 εἶναι
2602 1587 2744 1659 πρὸς
2782 1588 2944 1653 Θεὸν,
2999 1588 3060 1640 οὑ
3096 1587 3315 1650 πάντως
3357 1585 3470 1657 ἔχει
3515 1586 3610 1640 καὶ
3657 1585 3758 1655 τῆς

2175 1678 2361 1742 οὐσίας
2386 1680 2484 1750 τὴν
2515 1679 2770 1750 δήλωσιν.
2804 1679 3018 1751 Ἐπειδὴ
3040 1680 3094 1732 δὲ
3110 1680 3243 1732 Θεὸν
3273 1679 3370 1732 ἕνα
3398 1678 3757 1748 κηρύττουσιν

2177 1772 2232 1822 αἱ
2271 1769 2410 1824 θεῖαι
2440 1772 2670 1841 Γραφαὶ,
2702 1772 3044 1842 ἀναθήσομεν
3080 1769 3238 1824 τοῦτο
3281 1770 3426 1841 μόνῳ
3454 1768 3531 1838 τῷ
3559 1770 3754 1839 Πατρὶ,

2178 1863 2315 1931 πρὸς
2345 1863 2404 1915 ὸν
2428 1859 2496 1934 ἦν
2525 1867 2553 1917 6
2573 1863 2762 1932 Λόγος.
2791 1864 2856 1917 Τί
2887 1859 2979 1918 οῦν
3007 1865 3115 1935 ἄρα
3142 1863 3236 1916 καὶ
3266 1863 3402 1934 πρὸς
3432 1862 3590 1916 τοῦτό
3623 1880 3757 1932 φησι

2175 1956 2276 2025 τῆς
2298 1955 2558 2027 ἀληθείας
2581 1958 2609 2010 ό
2636 1955 2812 2026 κήρυξ
2840 1971 2855 2021 ;
2883 1955 2958 2009 Οὑ
2994 1955 3152 2025 μόνον
3189 1973 3208 2006 ι
3236 1950 3345 2008 Ἦν
3373 1957 3400 2007 6
3424 1953 3598 2021 Λόγος
3622 1952 3758 2024 πρὸς

2174 2049 2328 2112 Θεὸν,
2365 2067 2384 2102 ι
2421 2049 2536 2103 ἀλλ’
2567 2045 2636 2120 ἦν
2660 2048 2754 2102 καὶ
2781 2048 2934 2114 Θεὸς,
2968 2048 3055 2101 ἵνα
3080 2047 3170 2101 διὰ
3198 2047 3297 2118 μὲν
3322 2045 3416 2098 τοῦ
3451 2040 3589 2099 εἶναι
3621 2045 3756 2114 πρὸς

2173 2141 2326 2207 Θεὸν,
2362 2140 2548 2210 ἕτερος
2577 2139 2653 2193 ῶν
2698 2140 2849 2211 παρὰ
2893 2139 2986 2192 τὸν
3015 2139 3237 2206 Πατέρα
3269 2137 3625 2208 γνωρίζηται,
3662 2136 3758 2188 καί

2176 2230 2304 2294 Υἱὸς
2339 2230 2606 2302 ὑπάρχειν
2643 2230 2749 2302 ἰδίᾳ
2786 2231 2880 2284 καὶ
2906 2228 3026 2283 καθ’
3056 2229 3250 2283 ἑαυτὸν
3285 2227 3631 2297 πιεντεύηται⁹
3669 2225 3758 2279 διὰ

2173 2321 2231 2375 δὲ
2263 2321 2356 2375 τοῦ
2393 2317 2536 2375 εἶναι
2570 2323 2724 2385 Θεὸς,
2759 2321 3046 2392 ὁμοούσιός
3073 2337 3133 2372 τε
3159 2319 3253 2373 καὶ
3283 2317 3342 2383 ἐξ
3373 2317 3536 2372 αὑτοῦ
3575 2318 3759 2386 νοῆται

2176 2412 2316 2464 κατὰ
2345 2411 2534 2481 φύσιν,
2562 2412 2655 2466 ἆτε
2684 2412 2748 2482 δὴ
2773 2412 2864 2466 καὶ
2891 2411 3050 2474 Θεὸς,
3087 2414 3182 2464 καὶ
3209 2411 3272 2463 ὲκ
3299 2409 3436 2463 Θεοῦ
3461 2407 3756 2481 προελθών.
3821 2461 3826 2468 ,

2189 2505 2492 2574 Ἀμήχανον
2507 2505 2636 2575 γὰρ,
2658 2506 2785 2574 μιᾶς
2805 2499 2942 2557 εῖναι
2965 2503 3114 2574 παρὰ
3138 2505 3302 2557 πᾶσιν
3325 2499 3759 2573 όμολογουμένης

2177 2595 2459 2667 θεότητος,
2512 2597 2586 2667 μὴ
2634 2596 2852 2660 πάντως
2901 2599 2980 2661 εἰς
3044 2595 3351 2665 ταυτότητα
3397 2593 3612 2664 φύσεως
3662 2591 3760 2662 τὴν

2177 2690 2338 2757 ἁγίαν
2367 2689 2677 2744 ἀναϐαίνειν
2711 2690 2948 2760 Τριάδα,
3005 2689 3175 2751 οὑτως
3201 2706 3258 2741 τε
3299 2689 3378 2751 εἰς
3412 2688 3503 2741 τὸν
3540 2687 3635 2740 ἕνα
3660 2689 3760 2757 τῆς

2177 2781 2426 2851 θεότητος
2461 2781 2826 2853 ἀναφέρεσθαι
2855 2782 3030 2846 λόγον.
3085 2777 3193 2834 Ἦν
3226 2776 3319 2834 οῦν
3340 2818 3356 2843 ,
3411 2778 3508 2833 καὶ
3533 2777 3666 2842 Θεὸς
3693 2778 3756 2830 οὑ

2177 2877 2396 2944 γέγονεν
2423 2875 2679 2945 ὕστερον,
2710 2874 2848 2928 ἀλλὰ
2879 2874 3044 2928 πάλαι
3074 2869 3173 2944 ἦν,
3211 2873 3259 2925 εἰ
3290 2873 3384 2925 καὶ
3417 2873 3498 2926 ὅτι
3527 2870 3760 2942 μάλιστα

2175 2967 2254 3037 τῷ
2289 2963 2428 3020 εἶναι
2476 2965 2608 3019 Θεὸν
2654 2965 3008 3035 ἀκολουθήσει
3064 2965 3279 3028 πάντως
3327 2963 3418 3016 καὶ
3463 2962 3524 3015 τὸ
3575 2962 3761 3024 ἀῖδίως

2179 3056 2318 3113 εἶναι
2343 3076 2358 3091 ο
2395 3061 2516 3112 ἐπεὶ
2552 3059 2613 3112 τὸ
2661 3061 2718 3111 ὲν
2748 3058 2924 3130 χρόνῳ
2955 3057 3199 3126 γεγονὸς,
3231 3057 3266 3127 ἢ
3298 3056 3393 3109 καὶ
3421 3054 3556 3117 ὅλως
3591 3055 3655 3106 ὲκ
3685 3053 3760 3124 μὴ

501 3152 684 3196 turam
733 3142 968 3207 editum,
1017 3151 1216 3196 natura
1268 3143 1411 3199 Deus
1469 3158 1577 3196 non
1615 3151 1722 3199 cst.
1758 3142 1898 3197 Cum
1945 3158 2075 3212 ergo

2180 3152 2331 3215 ὄντος
2363 3153 2442 3214 είς
2474 3152 2535 3204 τὸ
2562 3147 2697 3204 εἶναι
2715 3149 3067 3221 παρενεχθὲν,
3089 3149 3190 3202 οὑκ
3217 3147 3283 3202 ἂν
3307 3147 3391 3217 εἴη
3425 3145 3582 3216 φύσει
3605 3144 3757 3208 Θεός.

401 3311 405 3314 ⁴
503 3237 593 3289 Dei
623 3234 862 3290 Verbum
904 3251 1001 3306 per
1024 3236 1179 3300 illud,
1206 3237 1720 3302 erat,a2ternitatem
1744 3236 1961 3300 habeat,
1986 3253 2078 3306 per

501 3327 634 3381 illud
659 3337 862 3393 autem,
899 3344 1012 3382 esse
1043 3327 1226 3392 Deum,
1257 3344 1383 3383 cum
1409 3327 1574 3384 Patre
1596 3328 2082 3383 consubstantiali-

508 3431 700 3484 tatem,
732 3420 925 3491 quanti
956 3421 1206 3491 supplicii
1232 3436 1296 3476 ac
1320 3436 1494 3492 poenae
1526 3437 1652 3477 reos
1687 3422 1971 3476 inventum
2010 3423 2076 3476 iri

504 3510 808 3579 putandum
829 3519 933 3576 est,
955 3512 1047 3580 qui
1065 3513 1336 3567 minorem
1360 3512 1772 3582 quodammodo
1794 3523 1889 3568 aut
1909 3513 2076 3567 etiam

500 3602 824 3656 dissimilem
876 3601 1022 3656 Patri
1081 3604 1260 3673 ipsum
1311 3619 1432 3658 esse
1485 3604 1844 3670 arbitrantur,
1904 3618 2080 3674 eoque

503 3695 812 3764 impietatis
842 3695 1098 3765 progredi
1130 3710 1241 3750 non
1273 3694 1522 3757 horrent,
1544 3701 1604 3747 ut
1629 3694 1807 3763 palam
1841 3695 2078 3765 idipsum

503 3803 724 3858 quoque
754 3786 1008 3858 proferre
1034 3788 1294 3852 audeant,
1324 3802 1425 3842 nec
1448 3802 1570 3857 quae
1595 3787 1788 3840 dicunt
1817 3789 2077 3854 scientes,

504 3895 685 3949 neque
727 3880 793 3934 de
826 3881 1024 3950 quibus
1075 3879 1432 3937 asseverant?
1463 3878 1620 3933 Nulla
1648 3879 1794 3933 enim
1827 3896 1892 3936 ex
1927 3888 2081 3951 parte

505 3974 776 4028 minorem
821 3987 946 4026 esse
981 3973 1143 4028 Patre
1181 3973 1378 4026 Filium
1427 3987 1494 4026 ex
1540 3972 1662 4042 ipso
1709 3981 1764 4028 et
1810 3990 1938 4031 vere
1982 3991 2078 4047 ge-

505 4065 706 4129 nitum,
759 4079 825 4120 ex
866 4065 1128 4136 subjectis
1180 4063 1488 4120 rationibus
1536 4079 1759 4122 rursum
1812 4081 2077 4139 agnosce-

504 4171 647 4212 mus.

577 4247 810 4303 ALlUD.
881 4247 1066 4302 Multis
1136 4246 1416 4318 variisque
1483 4250 1801 4304 nominibus
1881 4251 2082 4307 divina:

2190 3243 2444 3312 Ἐχοντος
2473 3243 2650 3296 τοίνυν
2689 3242 2782 3296 τοῦ
2812 3241 2948 3296 Θεοῦ
2975 3241 3149 3309 Λόγου
3189 3239 3276 3292 διὰ
3315 3239 3414 3309 μὲν
3453 3237 3545 3291 τοῦ
3587 3237 3668 3305 ἦν
3701 3236 3764 3288 τὸ

2185 3334 2390 3400 ἀΐδιον,
2436 3333 2523 3387 διὰ
2559 3333 2614 3387 δὲ
2645 3334 2738 3388 τοῦ
2777 3329 2929 3388 εἷναι
2965 3332 3116 3386 Θεὸν
3155 3331 3216 3384 τὸ
3256 3331 3393 3400 πρὸς
3421 3329 3512 3382 τὸν
3541 3327 3762 3399 Πατέρα

2184 3423 2487 3494 όμοούσιον,
2515 3424 2686 3495 πόσης
2708 3423 2912 3476 οἴεσθαι
2935 3423 3040 3494 χρὴ
3071 3419 3345 3483 κολάσεως
3370 3437 3427 3472 τε
3471 3420 3562 3473 καὶ
3589 3436 3763 3488 τιμω-

2191 3514 2308 3586 ρίας
2351 3516 2568 3586 ἐνόχους
2601 3513 3024 3586 εὑρεθήσεσθαι,
3079 3513 3206 3576 τοὺς
3245 3513 3503 3566 ἐλάττονα
3541 3511 3682 3564 κατά
3710 3527 3764 3561 τι

2186 3602 2387 3675 γοῦν,ἢ
2421 3605 2514 3657 καὶ
2542 3604 2793 3675 ἀνόμοιον
2819 3603 2912 3655 τοῦ
2945 3602 3332 3673 γεγεννηκότος
3356 3600 3635 3670 οἰομένους
3662 3600 3764 3652 ὑπ-

2183 3696 2372 3767 άρχειν
2399 3696 2579 3761 αὑτὸν,
2616 3697 2708 3750 καὶ
2732 3697 2809 3760 εἰς
2831 3694 2988 3748 τοῦτο
3011 3694 3293 3765 προελθεῖν
3321 3693 3638 3754 δυσσεϐείας
3662 3692 3764 3745 οὑκ

2184 3787 2634 3857 ἁποςρρίττοντας,
2653 3787 2728 3850 ῶς
2753 3787 2851 3858 ἤδη
2873 3786 3074 3857 τολμᾷν
3101 3787 3194 3840 καὶ
3216 3785 3422 3856 ἑτέροις
3443 3782 3513 3836 τὰ
3540 3782 3778 3838 τοιαῦτα

2188 3879 2534 3952 προσλαλεῖν,
2569 3880 2643 3950 μὴ
2682 3879 2956 3945 νοοῦντας,
2985 3877 3184 3948 μήτεζᾶ
3204 3877 3441 3945 λέγουσι,
3477 3877 3614 3946 μήτε
3637 3875 3766 3946 περὶ

2186 3972 2346 4027 τίνων
2379 3971 2831 4025 διαϐεϐαιοῦνται.
2883 3971 3004 4023 Ὅτι
3048 3969 3158 4040 γὰρ
3191 3969 3488 4039 οὐδαμόθεν
3528 3967 3764 4021 ἐλάττων

2187 4066 2305 4118 ἐστὶ
2346 4065 2440 4118 τοῦ
2490 4065 2726 4134 Πατρὸς1
2770 4066 2797 4116 6
2851 4062 2909 4126 ἐξ
2966 4061 3128 4115 αὑτοῦ
3183 4062 3278 4114 καὶ
3309 4119 3312 4124 _
3345 4062 3464 4113 κατ’
3506 4059 3765 4130 ἀλήθειαν

2188 4157 2414 4220 Υἱὸς,ὲκ
2434 4155 2540 4210 τῶν
2569 4154 3012 4224 συνεζευγμένων
3039 4150 3256 4204 ἐννοιῶν
3293 4150 3550 4220 εἰσόμεθα
3582 4149 3760 4204 πάλιν.

2263 4248 2491 4302 ¹’ΛΛΛο.
2546 4247 2766 4310 Πολλοῖς
2807 4247 2899 4300 καὶ
2941 4244 3216 4314 διαφόροις
3248 4243 3473 4312 ὀνόμασι
3518 4243 3608 4295 τὸν
3639 4241 3765 4294 Υἱὸν

506 4338 807 4408 Scripturaa
857 4339 1052 4394 Filium
1100 4340 1397 4410 appellant.
1448 4341 1787 4411 Sapientiam
1833 4345 1977 4397 enim
2029 4353 2075 4400 el

2190 4343 2246 4394 ai
2277 4339 2660 4394 θεῖαικαλοῦσι
2696 4338 2928 4410 Γραφαί.
2962 4336 3162 4405 Σοφίαν
3195 4335 3296 4405 μὲν
3344 4333 3453 4402 γὰρ
3495 4335 3589 4387 καὶ
3615 4333 3767 4386 δύνα-

505 4427 762 4483 virtutem
811 4427 988 4484 Patris
1021 4430 1201 4499 ipsum
1231 4444 1353 4485 esse
1386 4431 1562 4497 aiunt,
1604 4433 1762 4502 juxta
1815 4433 1974 4489 Pauli
2001 4436 2075 4490 di-

2191 4447 2281 4501 μιν
2308 4429 2400 4483 τοῦ
2429 4428 2640 4500 Πατρὸς
2667 4421 2806 4480 εἷναί
2838 4442 3000 4495 φασιν
3026 4424 3206 4486 αὑτὸν,
3231 4422 3370 4476 κατὰ
3393 4421 3455 4473 τὸ
3477 4419 3765 4490 εἰρημένον

505 4527 694 4574 ctum:
737 4539 756 4572 ι
801 4520 1059 4576 Christus
1092 4519 1187 4576 Dei
1222 4522 1399 4578 virtus
1425 4531 1478 4579 et
1521 4523 1614 4579 Dei
1653 4526 1922 4596 sapientia
1953 4529 2020 4582 δ’.
2058 4548 2075 4580 ι

504 4612 696 4670 Dictus
736 4624 823 4669 est
858 4631 1081 4670 rursum
1118 4615 1211 4669 lux
1243 4616 1364 4685 ejus
1419 4625 1473 4672 et
1526 4619 1732 4676 veritas
1757 4663 1774 4685 ,
1818 4622 1976 4692 juxta
2028 4623 2081 4676 id

505 4705 654 4774 quod
702 4720 732 4759 a
783 4706 1023 4775 quodam
1073 4715 1390 4762 sanctorum
1442 4709 1496 4764 in
1542 4709 1777 4768 Psalmis
1827 4715 2079 4769 canitur:

510 4816 528 4847 ι
580 4797 776 4853 Emitte
811 4797 990 4852 lucem
1035 4807 1186 4853 tuam
1225 4810 1281 4854 et
1333 4803 1611 4857 veritatem
1643 4811 1792 4859 tuam
1824 4806 1890 4860 “.
1932 4827 1950 4859 ι
1985 4807 2084 4862 Ju-

504 4890 654 4943 stitia
697 4905 916 4960 quoque
961 4891 1276 4947 nominatus
1311 4902 1412 4956 est,
1439 4895 1594 4964 juxta
1640 4897 1813 4953 illud:
1846 4916 1866 4950 ι
1901 4900 1959 4952 In
1988 4907 2083 4955 tua

502 4981 720 5048 justitia
768 4982 984 5035 viviﬁca
1037 4999 1122 5038 me
1159 4985 1224 5038 “.
1263 5005 1280 5036 ι
1317 4985 1572 5043 Viviﬁcat
1619 4991 1764 5044 enim
1816 4990 1980 5046 Pater
2026 4991 2084 5045 iu

506 5071 746 5138 Christo
777 5072 1071 5128 credentes
1119 5075 1172 5130 in
1233 5076 1433 5146 ipsum.
1483 5078 1625 5144 Quin
1683 5088 1738 5135 et
1785 5081 2082 5136 consilium

510 5171 862 5232 nuncupatus
909 5175 993 5219 est
1038 5165 1237 5234 Patris,
1283 5169 1438 5238 juxta
1490 5172 1663 5227 illud:
1707 5191 1726 5224 ι
1763 5173 1818 5227 In
1851 5174 2086 5228 consilio

510 5260 604 5305 tuo
638 5253 914 5309 deduxisti
941 5273 1025 5312 me
1055 5260 1121 5314 ⁸⁸.
1160 5279 1176 5311 ι
1217 5259 1273 5316 Et
1309 5277 1532 5320 rursus:
1574 5284 1590 5316 ι
1633 5265 1942 5320 Consilium
1977 5265 2084 5319 Do-

510 5343 642 5396 mini
677 5352 857 5399 manet
896 5348 949 5401 in
994 5360 1256 5406 aeternum
1285 5353 1350 5406 “.
1387 5374 1406 5405 ι
1443 5355 1578 5410 Cum
1617 5356 1783 5426 igitur
1813 5356 1929 5411 haec
1963 5373 2082 5410 om-

509 5433 603 5485 nia
635 5433 806 5490 Filius
845 5438 916 5492 sit
944 5439 1052 5495 Dco
1087 5457 1150 5498 ac
1180 5443 1352 5509 Patri,
1405 5445 1598 5500 dicant
1643 5447 1804 5502 nobis
1843 5448 1936 5517 qui
1967 5449 2081 5502 Arii

508 5523 684 5576 errori
738 5538 1096 5588 assentanlur
1147 5542 1201 5590 et
1252 5537 1346 5605 qui
1403 5537 1553 5592 illius
1605 5539 1882 5594 dementia
1935 5540 2083 5610 pleni

510 5621 659 5680 sunt,
689 5623 961 5686 quomodo
991 5625 1059 5681 sit
1094 5628 1275 5681 minor
1309 5629 1445 5697 ipso.
1481 5628 1536 5682 Si
1570 5631 1715 5684 enim
1751 5631 1823 5684 ita
1857 5647 1948 5688 res
1975 5642 2082 5699 est,

582 5732 622 5762 “
651 5733 762 5787 Jer.
794 5753 866 5806 Ix,
893 5742 945 5796 8.

1053 5743 1097 5774 ’δ’
1127 5742 1144 5795 l
1181 5742 1306 5798 Cor.
1345 5760 1382 5806 ι,
1411 5744 1500 5800 24.

509 5807 790 5873 xxxu,ll.

1579 5746 1625 5778 ⁸³
1656 5745 1797 5801 Psal.
1837 5765 1966 5816 χιιι,
1999 5753 2053 5807 5.

2167 5752 2207 5784 ⁸³
2259 5743 2405 5804 Psal.
2449 5753 2640 5807 cum,
2669 5737 2755 5792 40.

2184 4524 2262 4590 τῷ
2286 4521 2485 4592 Παύλῳ
2507 4538 2521 4552 ο
2551 4539 2568 4570 σ
2597 4518 2830 4591 Χριστὸς
2853 4515 2987 4570 Θεοῦ
3009 4513 3346 4584 δύναμιςκαὶ
3374 4510 3508 4566 Θεοῦ
3540 4511 3718 4580 σοφία.
3735 4529 3753 4562 ι

2186 4615 2413 4686 Εἴρηται
2441 4615 2495 4667 δὲ
2528 4613 2691 4667 πάλιν
2722 4615 2814 4666 καὶ
2844 4610 2960 4679 φῶς
2986 4607 3150 4661 αὑτοῦ
3185 4607 3279 4660 καλ⁸
3308 4605 3534 4676 ἀλήθεια
3552 4645 3565 4670 ,
3625 4603 3768 4658 κατὰ

2185 4710 2246 4772 τὸ
2290 4711 2346 4760 ὲν
2381 4707 2629 4776 Ψαλμοῖς
2680 4703 2786 4756 ὑπό
2830 4718 2926 4754 του
2975 4698 3084 4752 τῶν
3121 4699 3291 4768 ἁγίων
3336 4698 3763 4770 μελῳδούμενονο

2191 4819 2209 4849 ι
2235 4795 2645 4862 Ἐξαπόστειλον
2673 4793 2732 4846 τὸ
2763 4790 2881 4862 φῶς
2905 4788 3148 4857 σου,ἷκαὶ
3175 4790 3273 4859 τὴν
3308 4789 3564 4861 ἀλήθειάν
3599 4807 3713 4843 σου.
3742 4808 3760 4840 ι

2187 4891 2414 4961 Εἴρηται
2438 4886 2533 4939 καὶ
2557 4883 2890 4952 δικαιοσύνη,
2916 4882 3057 4937 κατὰ
3089 4883 3169 4948 τὸ,
3199 4901 3216 4934 ι
3243 4883 3329 4934 Ἐν
3359 4883 3422 4952 τῇ
3454 4881 3766 4952 δικαιοσυνῃ

2189 5000 2281 5035 σου
2334 4977 2500 5050 ζῆσόν
2534 4994 2622 5048 με.
2656 4993 2673 5027 ι
2723 4977 2987 5028 Ζωοποιεῖ
3017 4976 3126 5047 γὰρ
3171 4975 3200 5026 6
3235 4973 3426 5043 Πατὴρ
3460 4975 3516 5025 ἐν
3546 4973 3768 5045 Χριστῷ

2185 5075 2312 5136 τοὺς
2353 5069 2707 5131 πιστεύοντας
2757 5069 2836 5132 εἰς
2874 5068 3056 5122 αὑτόν.
3123 5065 3448 5135 Ὠνόμασται
3479 5065 3573 5116 καὶ
3603 5064 3767 5134 βουλὴ

2187 5167 2280 5219 τοῦ
2307 5165 2536 5234 Πατρὸς,
2563 5159 2704 5214 κατὰ
2727 5161 2788 5212 τὸ
2814 5158 3123 5230 εἰρημένον·
3179 5175 3198 5208 ‹
3233 5156 3322 5208 Ἐν
3350 5157 3414 5224 τῇ
3458 5154 3619 5224 βουλῇ
3676 5170 3767 5206 σου

2187 5256 2478 5328 ὡδήγησάς
2512 5270 2598 5325 με*
2631 5271 2650 5305 ι
2681 5251 2776 5306 καὶ
2809 5250 2993 5313 πάλιν,
3030 5269 3047 5300 ι
3071 5250 3133 5301 Ἡ
3157 5247 3213 5300 δὲ
3247 5245 3409 5316 βουλὴ
3435 5245 3528 5298 τοῦ
3561 5245 3767 5314 Κυρίου

2186 5352 2264 5413 εἰς
2289 5349 2380 5402 τὸν
2407 5347 2579 5400 αἰῶνα
2603 5345 2776 5416 μένει.
2807 5363 2824 5394 ι
2870 5342 3001 5396 "Ovs
3016 5339 3195 5393 τοίνυν
3215 5337 3387 5391 ταῦτα
3421 5337 3599 5390 πάντα
3621 5337 3770 5389 ἐστὶν

2185 5445 2213 5496 6
2243 5443 2367 5506 Υἱὸς
2405 5441 2482 5510 τῷ
2521 5439 2639 5510 Θεῷ
2673 5439 2767 5492 καὶ
2813 5435 3022 5503 Πατρὶ,
3068 5433 3376 5503 λεγέτωσαν
3413 5433 3547 5502 ἡμῖν
3593 5432 3639 5484 οἱ
3673 5429 3772 5500 τὴν

2200 5533 2416 5606 Ἀρείου
2436 5530 2822 5593 κολακεύοντες
2850 5528 3082 5596 πλάνην,
3113 5525 3326 5595 καὶτῆς
3354 5523 3564 5576 ἐκείνου
3596 5539 3773 5592 παρα-

2189 5629 2335 5691 νοίας
2369 5622 2886 5694 ἀναπεπλησμένοι,
2937 5619 3054 5682 πῶς
3104 5619 3251 5671 ἐστιν
3303 5616 3541 5670 ἐλάττων
3584 5613 3772 5669 αὑτοῦ.

2869 5735 2914 5766 ⁸⁸
2938 5733 3081 5790 Psal.
3140 5746 3312 5818 LXXIII,
3345 5729 3436 5785 25.
3553 5729 3598 5760 ⁸⁸
3626 5727 3772 5786 Psal.
