4156 6482
377 385 440 438 Η
1459 379 1522 433 ΙΝ
1561 379 1846 434 ΙΟᾹΝΝΙΘ
1879 379 2018 434 EVA

2034 379 2342 434 NGl-lldl'll
2387 379 2513 434 LIB.
2561 379 2598 432 Ι.
3604 363 3674 416 42

379 505 529 572 Ὥρα
557 500 668 571 γὰρ
696 500 881 566 λέγειν
905 541 918 565 ,
956 499 1118 570 εἴπερ
1147 499 1320 563 οὕτως
1351 500 1463 570 ἔχοι
1495 502 1617 554 κατ’
1651 501 1878 564 αὐτοὺς,
1910 503 2020 567 ὅτι,

2035 506 2070 573 Α
2103 510 2156 552 ιιι
2190 500 2268 553 illi
2310 500 2525 561 volunt,
2560 500 2809 569 sequitur
2841 499 3058 553 Patrem
3089 499 3193 568 21
3240 515 3347 552 non
3391 513 3514 552 esse
3551 514 3676 570 pur-

379 611 492 666 περ
515 596 577 647 οὐ
613 593 838 656 τελείως
874 580 1036 661 cogas:
1082 595 1110 646 6
1144 594 1366 664 Πατὴρ,
1395 595 1457 646 οὐ
1487 594 1713 658 τελείως
1741 595 1988 661 δυνατὸς,

2101 592 2245 648 fecte
2285 593 2616 664 sapientem,
2661 608 2770 647 non
2819 593 3056 663 perfecte
3085 600 3388 664 potentem,
3425 607 3533 646 non
3564 609 3683 662 pcr-

375 689 443 740 οὐ
472 685 699 748 τελείως
745 684 865 754 φῶς
884 727 898 749 ,
931 685 993 736 οὐ
1021 685 1244 748 τελείως
1270 686 1531 757 ἀλήθεια,
1573 687 1637 740 οὺ
1667 687 1890 751 τελείως
1913 689 1997 742 δίε

2100 683 2241 740 fecte
2286 685 2486 749 lucem,
2515 700 2626 739 non
2660 687 2897 755 perfecte
2936 687 3250 749 veritatem,
3287 702 3398 739 non
3443 684 3687 754 perferte

379 796 544 840 καιος
567 819 582 840 ,
631 777 747 831 ἀλλ’
777 776 900 830 οὐδὲ
933 777 1136 842 τέλειος
1181 780 1240 831 ἑν
1271 778 1434 852 βουλῇ
1458 821 1474 846 ,
1523 780 1683 852 εῐπερ
1709 780 1880 844 ὅντως
1905 780 1996 835 διὰ

2095 779 2336 849 justum,
2382 779 2478 836 sed
2526 795 2626 835 nec
2661 779 2889 851 perfecti
2924 781 3177 848 consilii,
3211 782 3256 836 si
3311 779 3485 852 profer
3508 790 3562 834 to
3617 795 3683 832 ex

377 871 442 922 τὸ
473 870 701 922 ἔλαττον
729 869 900 940 ἔχειν,
917 871 978 924 οὐ
1007 873 1257 939 φανεῖται
1283 871 1488 936 τέλειος
1513 875 1542 926 6
1558 873 1704 937 Υἱὸς,
1736 873 1796 937 ὃς
1817 873 1996 927 πάντα

2098 888 2166 928 eo
2206 873 2353 944 quod
2398 873 2580 928 minor
2610 873 2704 936 sit,
2746 889 2854 928 non
2887 874 3137 928 videatur
3168 872 3340 929 Filius
3380 873 3682 945 perfectus,

382 963 565 1017 ταῦτά
613 965 763 1016 ἑστιν
807 962 977 1035 αὐτῷ.
1045 965 1208 1018 Ἀλλά
1245 965 1350 1036 μὴν
1394 967 1454 1019 τὸ
1489 966 1633 1020 οὕτω
1677 969 1896 1038 φρονεῖν
1957 965 1993 1036 ἢ

2098 966 2194 1037 qui
2219 967 2403 1020 omnia
2432 967 2546 1021 hare
2568 974 2654 1022 est
2682 967 2806 1037 ipsi.
2829 966 2993 1038 Atqui
3023 968 3126 1022 hoc
3149 966 3336 1022 dicere
3359 975 3452 1020 aut
3479 969 3685 1022 sentire

376 1058 575 1124 λέγειν
625 1056 919 1119 δυσσεϐὲς·
967 1057 1174 1122 τέλειος
1225 1059 1332 1112 δὲό
1367 1061 1555 1130 Πατὴρ
1585 1061 1674 1113 διὰ
1719 1060 1781 1112 τὸ
1817 1061 1995 1114 πάντα

2097 1063 2182 1110 εει
2218 1056 2470 1126 impium.
2503 1057 2789 1113 Perfectus
2820 1065 3004 1113 autem
3053 1067 3138 1112 est
3195 1057 3380 1121 Pater,
3431 1066 3685 1130 propter-

379 1145 536 1216 ἔχειν
585 1147 645 1198 ἑν
673 1146 856 1216 ἑαυτῷ
893 1146 1114 1210 τελείως
1135 1162 1150 1178 ⁸
1204 1147 1406 1211 τέλειος
1436 1151 1542 1220 ἄρα
1571 1151 1814 1221 δηλονότι
1845 1154 1939 1205 καὶ
1968 1154 1997 1205 6

2098 1162 2161 1204 ea
2220 1148 2368 1218 quod
2415 1149 2579 1204 habet
2638 1149 2822 1205 omnia
2873 1151 2927 1204 in
2974 1152 3160 1220 seipso
3194 1151 3473 1220 perfecte:
3507 1151 3683 1220 perfe-

384 1239 543 1305 Υἱὸς,
564 1240 599 1310 ἡ
636 1240 822 1308 σοφία,
852 1238 948 1292 καὶ
970 1241 1004 1310 ή
1025 1239 1276 1310 δύναμις,
1299 1242 1361 1294 τὸ
1388 1241 1526 1309 φῶς,
1552 1244 1643 1296 καὶ
1663 1247 1696 1313 ἡ
1740 1243 1992 1315 ἀλήθεια,

2098 1253 2224 1300 ctus
2279 1245 2447 1316 igitur
2491 1255 2578 1302 est
2625 1260 2846 1316 quoque
2879 1245 3071 1310 Filius,
3107 1247 3376 1317 sapientia
3407 1253 3461 1299 et
3489 1244 3682 1309 virtus,

378 1332 419 1400 ἡ
448 1331 800 1401 δικαιοσύνη,
837 1329 932 1384 καὶ
964 1331 998 1401 ἡ
1032 1329 1198 1402 βουλὴ
1235 1331 1331 1385 τοῦ
1360 1335 1595 1405 Πατρός.
1641 1334 1698 1388 Ὀ
1725 1335 1782 1388 δὲ
1808 1337 1907 1406 τὴν
1935 1336 1994 1388 ἑν

2099 1338 2190 1390 lux
2241 1345 2295 1392 et
2351 1340 2573 1400 veritas.
2609 1338 2824 1408 justitia
2873 1347 2927 1393 et
2982 1339 3276 1393 consilium
3329 1337 3528 1394 Patris.
3580 1337 3680 1404 Qir

376 1423 467 1493 τῷ
514 1424 706 1495 οἰκείῳ
744 1425 1030 1495 γεννήτορι
1078 1425 1394 1497 τελειότητα
1440 1425 1665 1499 πληρῶν
1690 1468 1702 1492 ,
1754 1428 1873 1492 πῶς
1928 1427 1993 1481 ἂν

2099 1439 2280 1486 autem
2320 1431 2374 1485 in
2408 1447 2510 1488 suo
2537 1431 2700 1487 Patre
2735 1430 3133 1501 perfectionem
3167 1431 3376 1502 implet,
3409 1431 3679 1501 quomoilt

384 1515 637 1570 ὲλάττων
661 1518 832 1570 νοοῖτο
854 1533 870 1581 ;
1211 1571 1218 1580 ,

1211 1571 1218 1580 .
2100 1526 2279 1579 minor
2307 1526 2690 1596 intelligatur?

465 1611 674 1663 AAAO.
733 1609 795 1663 Ei
837 1610 900 1664 τὸ
928 1609 1151 1664 ἔλαττον
1187 1611 1326 1682 ἔχων
1352 1615 1380 1666 6
1425 1613 1550 1677 Υἱὸς
1591 1613 1667 1676 ὡς
1699 1612 1833 1684 πρὸς
1859 1612 1994 1667 Θεὸν

2167 1614 2403 1672 ALIUD.
2443 1617 2502 1672 Si
2541 1618 2726 1671 minor
2759 1632 2889 1673 eum
2922 1617 2996 1672 sit
3035 1615 3150 1671 Deo
3183 1631 3246 1671 ac
3278 1614 3440 1671 Patre
3467 1615 3646 1671 Filius
3679 1639 3681 1644 ε

385 1703 490 1755 καὶ
524 1702 778 1771 Πατέρα,
813 1706 1203 1774 προσκυνεῖται
1248 1705 1402 1776 παρά
1433 1723 1493 1758 τε
1532 1705 1694 1777 ἡμῶν
1754 1707 1850 1759 καὶ
1887 1705 1995 1760 τῶν

2099 1706 2367 1762 adoratur
2394 1723 2423 1762 a
2460 1707 2620 1762 nobis
2662 1717 2715 1761 et
2751 1708 2960 1762 sanctis
2986 1707 3218 1780 angelis,
3249 1706 3388 1761 duos
3424 1705 3562 1762 Deos
3593 1722 3684 1760 co-

381 1795 570 1862 ἁγίων
608 1795 896 1863 ἀγγέλων,
940 1794 1034 1848 δύο
1053 1796 1415 1866 ,λατρεύοντες
1458 1797 1779 1869 ἀλωσόμεθα
1801 1798 1989 1862 Θεοὺς,

2048 1849 2069 1904 ι
2099 1801 2211 1856 lere
2245 1801 2743 1872 deprchendemur,
2773 1801 3044 1872 siquidem
3081 1801 3136 1854 in
3169 1807 3384 1854 naturre
3423 1798 3689 1854 identita-

382 1887 557 1958 εἴπερ
585 1886 892 1959 οὐδαμόθεν
934 1891 1016 1950 ei;
1053 1889 1360 1960 ταυτότητά
1397 1888 1612 1957 φύσεως
1655 1889 1990 1960 ἀναϐήσεται

2042 1886 2069 1904 ³
2098 1903 2207 1947 tem
2240 1907 2523 1964 nunquam
2547 1893 2824 1949 coalescet
2852 1891 3236 1964 imperfectum
3267 1907 3390 1946 eum
3417 1891 3683 1964 perfecto.

378 1977 468 2048 τῷ
496 1979 692 2049 τελείῳ
733 1979 796 2032 τὸ
828 1980 904 2050 μὴ
938 1979 1113 2043 οὕτως
1141 1979 1285 2051 ἕχον.
1347 1980 1523 2052 Πολλὴ
1569 1981 1628 2034 δέ
1658 1981 1740 2045 τίς
1781 1982 1929 2034 ἑστιν
1955 1983 1989 2052 ἡ

2095 1983 2331 2038 Maxima
2358 1991 2542 2039 autem
2567 1990 2651 2039 est
2681 1983 2995 2038 differentia
3033 1997 3154 2052 quae
3187 1996 3277 2036 res
3312 1981 3456 2035 inter
3488 1995 3547 2035 se
3591 1975 3688 2034 na-

378 2071 628 2143 διαφορά
653 2070 722 2124 τὰ
748 2072 824 2142 μὴ
847 2071 1113 2137 ὡσαύτως
1133 2073 1326 2144 ἔχοντα
1356 2074 1500 2128 κατά
1527 2074 1620 2128 τὸν
1650 2073 1751 2144 τῆς
1777 2073 1993 2144 φύσεως

2095 2083 2220 2129 tura
2255 2074 2509 2130 diversas
2543 2083 2787 2144 separat.
2823 2074 2994 2144 Atqui
3032 2073 3168 2145 fides
3209 2079 3398 2128 nostra
3435 2073 3686 2126 multitu-

383 2166 554 2233 λόγον
602 2165 686 2228 είς
727 2164 1119 2236 ἀλλοτριότητα
1163 2166 1547 2238 διατέμνουσα.
1617 2166 1758 2220 Ἀλλ’
1785 2167 1887 2220 οὐκ
1913 2167 1994 2230 είς

2095 2167 2279 2220 dinem
2315 2166 2554 2222 Deorum
2594 2181 2702 2220 non
2732 2165 3016 2229 admittit,
3069 2167 3164 2220 sed
3215 2181 3360 2220 unus
3406 2173 3493 2220 est
3543 2163 3689 2220 Deus

382 2257 659 2311 πολύθεον
676 2257 911 2330 ἀριθμὸν
936 2260 970 2331 ἡ
993 2259 1200 2325 πίστις,
1225 2257 1305 2323 εἷς
1332 2260 1388 2314 δὲ
1410 2259 1542 2323 Θεὸς
1565 2262 1594 2314 6
1618 2259 1830 2332 Πατὴρ,
1858 2261 1992 2315 ἀνα-

2095 2258 2291 2324 Pater,
2318 2261 2372 2314 in
2403 2261 2670 2316 unitatem
2700 2275 2824 2315 cum
2851 2260 2970 2331 ipso
3001 2259 3342 2315 ascendente
3366 2259 3508 2314 Filio
3533 2259 3691 2313 nimi-

384 2347 676 2414 ϐαίνοντας
704 2351 786 2414 είς
831 2351 1061 2422 ἑνότητα
1090 2352 1187 2423 τὴν
1218 2353 1357 2424 πρὸς
1391 2355 1556 2409 αὐτὸν
1585 2353 1681 2408 τοῦ
1711 2352 1866 2419 Υἱοῦ,
1893 2353 1992 2424 δῆ-

2095 2369 2216 2408 rum
2243 2396 2256 2419 ,
2292 2361 2346 2408 et
2392 2363 2590 2409 saneto
2620 2352 2850 2424 Spiritu.
2885 2351 3032 2424 Nihil
3058 2367 3190 2424 ergo
3231 2351 3478 2407 deterius
3514 2358 3598 2406 est
3633 2350 3688 2407 in

383 2440 481 2494 λον
503 2440 560 2494 δὲ
605 2442 688 2496 ὅτι
723 2443 818 2497 καὶ
847 2443 942 2496 τοῦ
1003 2444 1162 2514 ἁγίου
1198 2445 1517 2518 Πνεύματος
1542 2463 1555 2476 ·
1597 2447 1750 2502 οὐδὲν
1794 2447 1903 2518 ἄρα
1933 2448 1994 2502 τὸ

2095 2445 2256 2501 Filio.
2295 2445 2584 2512 Quomodo
2616 2446 2761 2501 cnim
2791 2445 3020 2500 tandem
3054 2445 3236 2499 minor
3265 2444 3402 2508 erit,
3435 2444 3530 2514 qui
3565 2443 3688 2499 uni-

385 2534 764 2606 κατηγόρημα
791 2536 979 2591 λοιπὸν
1007 2539 1065 2591 ὲν
1095 2538 1228 2609 Υίῷ.
1283 2541 1407 2604 Πῶς
1439 2543 1548 2612 γὰρ
1577 2541 1654 2595 ἔτι
1683 2543 1742 2595 τὸ
1770 2542 1992 2596 ἔλαττον

2096 2548 2209 2594 tato
2245 2539 2492 2610 perfecto
2528 2539 2677 2595 Patri
2729 2546 2784 2594 et
2840 2537 3130 2594 identitate
3162 2537 3490 2594 substantiae
3525 2544 3688 2591 natu-

383 2626 701 2691 ὲπιδέξεται
729 2629 811 2692 είς
849 2629 1078 2700 ἑνότητα
1105 2631 1184 2702 τῷ
1224 2632 1416 2704 τελείῳ
1444 2634 1639 2706 Πατρὶ,
1670 2635 1764 2687 καὶ
1793 2638 1872 2701 είς
1901 2635 1994 2690 οὐ·

915 2629 1078 2700 ότητα
1105 2631 1184 2702 τῷ
1224 2632 1416 2704 τελείῳ
1444 2634 1639 2706 Πατρὶ,
1670 2635 1764 2687 καὶ
1793 2638 1872 2701 εις
1901 2635 1994 2690 οὐ·
2098 2628 2289 2684 raliter
2323 2621 2556 2684 uniti”?

386 2717 512 2782 σίας
542 2721 854 2790 ταυτότητα
891 2721 1181 2793 ἑνούμενος
1211 2724 1458 2792 φυσικῶς
1485 2743 1500 2792 ;

455 2810 670 2864 ΔΛΛΟ.
728 2814 792 2866 El
823 2813 1101 2886 πλήρωμά
1131 2818 1279 2872 ἑστιν
1310 2819 1338 2871 6
1368 2817 1496 2882 Υἱός
1515 2836 1529 2850 ο
1565 2838 1583 2872 ι
1611 2822 1721 2875 άπὸ
1748 2824 1858 2898 γάρ
1899 2825 1996 2878 τοῦ

2169 2809 2396 2888 ALIUD.
2438 2809 2494 2866 Si
2532 2811 2818 2882 plenitudo
2851 2817 2936 2865 est
2961 2809 3137 2864 Filius
3173 2808 3218 2882 (ι
3245 2809 3311 2864 de
3345 2808 3687 2880 plenitudine

384 2903 949 2977 πληρώματοςαύτοῦ
974 2908 1169 2973 πάντες
1183 2910 1629 2982 ἡμεῖς’ἑλάὸομεν
1647 2929 1657 2942 ·
1672 2933 1690 2964 ι
1717 2916 1992 2972 κατάτίνα

2097 2904 2242 2959 εηὶιη
2266 2903 2388 2974 ejus
2417 2919 2611 2960 omnes
2632 2905 2953 2974 accepimus
2972 2904 3050 2956 ⁸⁸»
3074 2905 3115 2971 ),
3138 2918 3379 2974 quonam
3399 2903 3563 2959 modo
3585 2905 3688 2958 mi-

379 2998 596 3068 τρόπον
643 2997 704 3052 τὸ
729 2997 953 3053 ἔλαττον
991 2999 1336 3069 ἑπιδέξεται;
1381 3002 1700 3073 Ἀσύμϐατα
1727 3005 1838 3078 γὰρ
1868 3008 1991 3062 καθ’

2097 3011 2203 3053 nus
2238 2997 2457 3068 capiet?
2492 2996 2784 3052 Contraria
2817 2995 2965 3051 enim
3001 2995 3055 3050 in
3086 3010 3198 3050 uno
3230 2995 3486 3066 subjecto
3520 2995 3685 3051 simul

382 3089 447 3145 ἐν
477 3107 532 3142 τι
566 3089 629 3142 τὸ
661 3090 1023 3162 ὑποκείμενον
1055 3093 1115 3147 ὲν
1153 3094 1337 3165 ταυτῷ
1368 3095 1438 3148 τὰ
1474 3096 1726 3168 ἀλλήλοις
1749 3099 1989 3154 ἐναντία.
2097 3100 2152 3146 Cl
2183 3091 2377 3146 θοάθιη
2406 3098 2655 3161 ῑϐῐηΡΟΓϐ
2688 3090 2998 3146 οοηδῖεῑῦτθ
3027 3101 3331 3158 ηηίιιιουιιῑο

457 3183 669 3236 AAAO.
726 3184 790 3236 Ei
819 3184 881 3236 τὸ
905 3184 1127 3239 ἔλαττον
1156 3186 1298 3258 ἔχων
1327 3190 1356 3242 6
1385 3188 1514 3252 Υίὸς
1542 3189 1611 3243 τὰ
1638 3190 1818 3245 πάντα
1850 3193 1989 3264 πλη-
2021 3211 2064 3270 c

2044 3211 2064 3270 ι
2167 3181 2398 3238 ALIUD.
2435 3182 2491 3237 Si
2517 3199 2640 3238 cum
2671 3181 2856 3238 minus
2881 3182 3081 3238 habeat
3113 3179 3309 3247 Filius,
3342 3181 3534 3253 implet
3563 3183 3685 3238 uni-

388 3278 501 3348 ροῖ,
535 3275 642 3328 ποῦ
671 3277 914 3348 χωρήσει
958 3277 1011 3331 τὸ
1045 3279 1231 3347 μεῖζον
1260 3279 1356 3333 τοῦ
1390 3282 1644 3353 Πατρός;
1696 3285 1994 3357 Εἰρήσεται

2101 3292 2261 3333 versa
2290 3297 2302 3332 :
2343 3277 2566 3332 ubinam
2595 3275 2773 3346 major
2801 3275 2893 3330 illa
2923 3273 3106 3330 Patris
3132 3275 3415 3346 capacitas
3444 3276 3686 3330 colloca-

383 3369 501 3442 γὰρ
526 3369 622 3422 καὶ
647 3368 1133 3441 σωματικώτερον,
1149 3371 1227 3434 ὡς
1249 3373 1306 3427 ἑν
1327 3373 1772 3446 παραδείγματος
1787 3378 1993 3451 τρόπῳ,

2098 3369 2289 3425 bitur?
2334 3368 2548 3424 Licebit
2577 3368 2724 3423 enim
2752 3368 2986 3438 exempli
3027 3382 3196 3422 causa
3227 3367 3388 3438 quasi
3418 3367 3488 3422 de
3523 3367 3687 3424 rebus

384 3461 696 3532 νοουμένης
726 3461 928 3532 ἑτέρως
954 3462 1051 3533 τῆς
1073 3464 1132 3516 ἑν
1159 3463 1475 3534 ἀσωμάτοις
1500 3467 1774 3540 ὑπεροχῆς
1805 3487 1865 3523 τε
1903 3473 1998 3526 καὶ

2098 3461 2384 3532 corporeis
2415 3461 2489 3515 ita
2520 3460 2692 3532 loqui,
2717 3475 2842 3514 eum
2867 3475 3050 3514 rerum
3079 3459 3537 3529 incorporearum
3570 3473 3683 3513 ma-

383 3552 768 3618 ἐλαττώσεως.

2099 3555 2333 3627 gnitudo
2361 3564 2414 3610 et
2447 3553 2764 3608 imminutio
2793 3553 2955 3608 aliter
2987 3552 3353 3623 intelligatur.

463 3645 677 3698 AAAO.
719 3646 784 3698 Εί
818 3645 882 3699 τὸ
910 3645 1054 3718 ὑπὲρ
1099 3648 1208 3703 πᾶν
1234 3648 1407 3720 δνομά
1436 3649 1586 3706 ἐστιν
1635 3655 1664 3706 ό
1691 3653 1846 3720 Θεὸς,
1877 3649 1996 3709 εἷτα

2173 3646 2407 3702 ALIUD.
2440 3648 2496 3702 Si
2519 3646 2667 3718 quod
2696 3657 2782 3702 est
2809 3660 2978 3716 super
2998 3659 3161 3699 omne
3185 3659 3383 3699 nomen
3407 3641 3554 3702 Deus
3581 3655 3684 3708 eat.

383 3735 588 3790 τούτου
634 3735 972 3808 κληρονόμος
1004 3738 1269 3811 ὑπάρχων
1294 3744 1323 3795 ό
1356 3742 1484 3808 Υἱὸς
1528 3744 1630 3798 οὐκ
1666 3745 1783 3818 ἔχει
1813 3747 1876 3801 τὸ
1907 3749 1997 3802 τέ·

2099 3751 2154 3798 et
2186 3741 2352 3812 hujus
2396 3740 2573 3796 hazres
2618 3753 2742 3795 eum
2775 3738 2849 3793 sit
2876 3736 3047 3792 Filius
3068 3779 3081 3803 ,
3111 3735 3392 3807 perfectus
3423 3753 3547 3793 esse
3577 3753 3685 3794 non

383 3830 539 3893 λειος
573 3823 713 3882 εἶναι
741 3830 831 3884 διὰ
857 3831 920 3884 τὸ
946 3831 1170 3886 ἑλαττον
1188 3875 1204 3899 ,
1252 3834 1374 3888 οὐδὲ
1399 3837 1458 3889 ἑν
1490 3835 1588 3909 [αι.
1617 3839 1770 3895 οὐδὲν
1800 3841 1882 3915 ἑν]
1919 3841 1996 3913 τῷ

2100 3840 2282 3904 potest
2304 3831 2433 3903 quia
2470 3832 2653 3886 minor
2685 3845 2699 3882 :
2751 3845 2875 3886 esse
2909 3843 3079 3899 super
3109 3829 3296 3883 omnia
3335 3827 3471 3884 nihil
3503 3831 3685 3900 magni

385 3921 540 3993 ὑπὲρ
583 3923 764 3976 πάντα
804 3923 866 3976 τὸ
899 3923 1044 3995 μέγα
1073 3940 1088 3956 ⁸
1130 3926 1292 3980 τοῦτο
1334 3927 1394 3981 δέ
1442 3929 1562 3984 ἑστι
1609 3931 1764 3996 Θεός.
1836 3934 1998 3988 Ἀλλά

2098 3937 2182 3982 est
2209 3966 2223 3990 ,
2275 3925 2379 3980 hoc
2426 3934 2608 3979 autem
2649 3930 2736 3979 est
2781 3921 2949 3978 Deus.
2994 3920 3102 3976 Sed
3141 3923 3452 4000 absurdum
3488 3931 3573 3979 est
3611 3923 3685 3978 ita

382 4013 556 4069 τοῦτο
583 4015 844 4087 ἄτοπονῆ
876 4019 1094 4087 φρονεῖν
1136 4017 1171 4088 ἢ
1196 4017 1374 4087 λέγειν
1394 4034 1410 4051 ⁶
1443 4021 1650 4087 τέλειος
1697 4025 1806 4096 ἄρα
1848 4027 1996 4080 ἐστὶν

2100 4019 2308 4074 sentire
2331 4025 2424 4070 aut
2449 4015 2600 4087 loqui
2625 4033 2638 4068 :
2668 4014 2947 4086 perfectus
2983 4015 3149 4084 igitur
3168 4022 3253 4070 est
3273 4012 3472 4079 Filius,
3499 4023 3688 4087 utpote

383 4112 414 4163 6
451 4107 611 4173 Υἱὸς,
637 4109 713 4172 ὡς
745 4109 889 4180 ὑπὲρ
917 4111 1027 4165 πᾶν
1049 4111 1244 4182 ὄνομα,
1281 4113 1376 4167 καὶ
1401 4113 1554 4178 Θεός.

1401 4113 1554 4178 Θεός.
2101 4126 2268 4180 snper
2299 4121 2463 4162 Omne
2500 4121 2698 4161 nomen
2722 4144 2736 4168 ,
2770 4115 2826 4160 et
2857 4105 3023 4160 Deus.

461 4202 677 4256 AAAU.
708 4201 770 4254 Ei
807 4203 840 4273 ἠ
871 4201 990 4256 θεία
1018 4201 1183 4272 φύσις
1207 4206 1271 4257 οὐ
1301 4210 1641 4268 πεπόσωται.
1679 4208 1996 4280 συμϐαίνειν

2170 4199 2401 4257 ALIUD.
2431 4199 2488 4254 Si
2508 4207 2706 4254 natura
2728 4197 2914 4254 divina
2935 4195 3263 4266 quantitatis
3286 4204 3369 4252 est
3387 4210 3607 4266 expers,
3632 4204 3686 4252 et

385 4296 443 4350 δὲ
471 4289 588 4348 οἵδε
623 4293 683 4347 τὸ
709 4293 929 4348 ἔλαττον
956 4295 1016 4350 ὲν
1051 4297 1237 4360 ποσοῖς
1255 4335 1270 4359 ,
1315 4297 1433 4360 πῶς
1462 4298 1528 4352 ἂν
1557 4299 1795 4354 ἐλάττων
1825 4303 1998 4356 νοοῖτο

2101 4298 2157 4353 in
2193 4297 2358 4352 rebus
2387 4293 2688 4363 aliquantis
2719 4291 2904 4346 minus
2932 4289 3160 4361 reperiri
3192 4289 3372 4346 solet:
3408 4289 3687 4360 quomodo

387 4386 539 4441 κατὰ
564 4385 731 4457 φύσιν
758 4385 1022 4458 ὑπάρχων
1047 4387 1182 4452 Θεὸς
1223 4391 1252 4442 6
1281 4389 1408 4452 Υἱός
1435 4405 1450 4454 ;
1495 4391 1558 4442 οὐ
1606 4391 1716 4461 γὰρ
1753 4391 1858 4458 ἔξω
1902 4392 1997 4447 τοῦ

2100 4389 2282 4444 minor
2303 4385 2652 4456 intelligatur
2675 4381 2983 4440 secundum
3017 4389 3272 4436 naturam
3304 4378 3477 4436 Filius
3499 4421 3513 4445 ,
3543 4379 3690 4437 Deus

389 4480 567 4534 ποσοῦ
615 4479 894 4543 κείσεται,
948 4479 1056 4534 κᾶν
1103 4481 1179 4545 ὡς
1229 4481 1368 4554 πρὸς
1409 4482 1629 4554 Πατέρα
1675 4485 1738 4537 τὸ
1777 4484 1997 4540 ἔλαττον

2099 4497 2226 4537 cum
2284 4480 2412 4537 sit?
2477 4478 2597 4534 Non
2654 4478 2802 4533 enim
2861 4474 3191 4547 quantitatis
3252 4489 3450 4544 expers
3527 4474 3633 4528 erit
3668 4514 3684 4538 ,

388 4570 632 4641 λέγωσιν
657 4570 806 4641 ἔχειν
844 4570 1026 4626 αὐτόν.

2048 4561 2075 4614 3
2101 4574 2356 4646 quamvis
2403 4583 2654 4643 respectu
2695 4568 2874 4624 Patris
2914 4568 3096 4622 minus
3133 4567 3337 4624 habere
3381 4566 3562 4638 ipsum
3603 4565 3689 4622 di-

2100 4677 2248 4722 cant.

462 4749 677 4803 ΑΛΛΟ.
713 4749 774 4803 Ὀ
793 4749 1066 4821 μακάριος
1091 4751 1344 4821 Ἰωάννης
1373 4752 1498 4825 περὶ
1529 4753 1622 4806 τοῦ
1648 4753 1777 4808 Υἱοῦ
1805 4774 1991 4828 φησιν,

2173 4755 2405 4812 ALIUD.
2439 4754 2639 4811 Beatus
2667 4752 2912 4809 Joannes
2945 4752 3014 4807 de
3041 4749 3180 4805 Filio
3219 4749 3326 4820 22
3368 4751 3479 4815 ait,
3519 4768 3537 4801 ι
3574 4765 3687 4805 non

389 4845 474 4897 ὅτι
528 4861 548 4894 ι
575 4843 691 4897 Οὐκ
717 4844 782 4896 ὲκ
817 4843 1022 4914 μέτρου
1047 4843 1231 4898 δίδωσι
1255 4845 1317 4897 τὸ
1352 4845 1600 4918 Πνεῦμα,
1629 4867 1648 4900 ι
1691 4853 1803 4914 τοῖς
1825 4850 1996 4917 ἀξίοις

2102 4848 2168 4903 ad
2195 4861 2512 4903 mensuram
2545 4847 2679 4901 dare
2707 4843 2980 4916 Spiritum
3001 4842 3045 4874 ⁸⁷
3075 4861 3095 4894 ι
3121 4881 3137 4906 ,
3165 4840 3365 4913 'dignis
3395 4839 3684 4897 nimirum.

387 4933 620 5005 δηλαδή.
673 4933 805 4988 Ὅτε
849 4935 1028 4990 τοίνυν
1067 4935 1270 5007 μέτρον
1310 4937 1412 4990 οὐκ
1455 4937 1603 4992 ἑστιν
1639 4941 1698 4992 ἑν
1747 4940 1826 5010 τῷ
1859 4941 1992 5012 Υίῷ,

2099 4941 2238 4996 Cum
2286 4953 2418 5010 ergo
2465 4921 2730 4994 mensura
2773 4949 2884 4989 non
2942 4934 3016 4990 sit
3057 4933 3114 4988 in
3157 4931 3332 5000 Filio,
3379 4933 3685 4989 immensus

388 5027 711 5098 ἀμέτρητος
750 5027 860 5096 ἄρα
886 5026 1006 5080 ἐστὶ
1025 5067 1040 5092 ,
1087 5028 1184 5082 καὶ
1213 5029 1396 5082 πᾶσαν
1422 5029 1729 5084 ἀναϐαίνων
1757 5033 1996 5104 κατάλη-

2097 5041 2186 5089 est
2217 5031 2407 5103 igitur,
2439 5037 2494 5085 et
2520 5043 2741 5086 omnem
2777 5027 3106 5098 quantitatis
3128 5025 3683 5098 comprehensionem

385 5121 486 5189 ψιν
513 5117 619 5189 τὴν
645 5118 704 5171 ὲν
727 5117 877 5190 ποσῷ
905 5119 1202 5191 νοουμένην
1224 5119 1300 5185 ὡς
1320 5119 1472 5184 Θεός.
1498 5121 1620 5186 Πῶς
1637 5118 1731 5176 οὖν
1755 5123 1995 5179 ἐλάττων

2098 5133 2324 5198 superat
2375 5129 2562 5193 utpote
2613 5119 2758 5177 Deus
2803 5137 2817 5175 :
2861 5117 3140 5190 quomodo
3182 5133 3318 5191 ergo
3364 5118 3551 5176 minor
3603 5127 3690 5175 est

386 5214 417 5264 6
449 5212 529 5282 μὴ
577 5209 950 5281 μετρούμενος
971 5227 986 5276 ;

2098 5221 2192 5276 ille
2219 5219 2312 5290 qui
2345 5230 2607 5273 mensura
2648 5231 2758 5272 non
2793 5213 3052 5284 capitur?
3727 5246 3739 5282 δ

462 5301 676 5353 ΑΛΛΟ.
740 5300 805 5353 Εἰ
849 5299 1092 5354 ἐλάττων
1139 5301 1290 5355 ἐστὶν
1335 5303 1363 5356 6
1398 5302 1559 5365 Υἱὸς,
1616 5304 1817 5374 μείζων
1864 5305 1920 5359 δὲ
1967 5309 1998 5360 6

2171 5308 2404 5365 ALIUD.
2436 5306 2494 5364 Si
2528 5308 2710 5363 minor
2741 5305 2940 5374 Filius,
2967 5305 3143 5377 major
3171 5313 3357 5362 autem
3387 5302 3552 5361 Pater
3579 5311 3685 5368 est,

387 5391 622 5463 Πατὴρ,
671 5391 947 5461 διαφόρως
998 5391 1242 5463 δηλονότι
1291 5395 1399 5462 ξκαὶ
1451 5393 1862 5462 ἀναλογούντως
1913 5391 1998 5459 οἷς

2098 5405 2320 5460 diverse
2350 5401 2614 5458 nimirum
2641 5415 2743 5456 nec
2766 5399 2938 5456 simili
2965 5399 3184 5454 ratione
3210 5412 3310 5469 pro
3333 5412 3436 5454 suo
3452 5397 3689 5468 quisque

383 5491 630 5550 ἕκαστος
670 5486 783 5558 ἔχει
821 5487 1043 5560 μέτροις
1074 5489 1434 5562 ἐνεργήσουσι
1463 5492 1595 5563 περὶ
1624 5491 1715 5545 τὸν
1743 5494 1823 5556 είς
1849 5495 1999 5565 ἡμᾶς

2100 5495 2264 5552 modo
2297 5492 2795 5550 sanetiﬁeationom
2832 5502 3077 5548 nostram
3110 5490 3400 5562 perficient
3428 5505 3443 5542 :
3486 5493 3542 5542 et
3572 5501 3689 5540 ma-

386 5580 694 5650 ὁιγιασμόν.
735 5580 843 5634 Καὶ
868 5581 1088 5650 ἀγιάσει
1121 5581 1221 5652 μὲν
1252 5581 1516 5653 μειζόνως
1537 5585 1566 5638 6
1599 5584 1810 5656 Πατὴρ,
1841 5587 1996 5641 ὲλατ-

2097 5588 2180 5659 gis
2223 5586 2444 5658 quidem
2499 5585 2661 5640 Pater
2703 5583 3106 5648 sanctificabit,
3143 5582 3330 5637 minus
3368 5589 3586 5642 autem,
3621 5593 3685 5632 ac

382 5675 562 5740 τόνως
602 5674 659 5728 δὲ
686 5675 782 5729 καὶ
817 5674 938 5728 καθ’
989 5675 1231 5731 ἑαυτὸνό
1262 5677 1408 5742 Υἱός.
1447 5675 1640 5730 Ἔσται
1697 5679 1990 5750 τοιγαροῦν

2101 5695 2198 5752 pro
2232 5694 2333 5735 suo
2359 5677 2582 5734 modulo
2608 5676 2808 5733 Filius.
2844 5674 2960 5730 Erit
2989 5675 3158 5746 igitur
3197 5671 3438 5742 Spiritus
3466 5685 3687 5742 quoque

497 5853 547 5886 “
576 5853 739 5910 Joan.
771 5872 807 5914 ι.
853 5857 938 5912 ιο.
1025 5857 1067 5888 "
1093 5855 1255 5917 Joan.
1282 5876 1363 5920 Ill.
1401 5860 1486 5914 54.

718 5953 990 6014 Parnm.
1041 5955 1155 6015 GR.
1207 5956 1464 6015 LXXIII.

3247 5947 3281 6010 2
