4156 6484
479 372 549 431 £5
1469 361 1526 417 S.
1556 355 1842 417 CYRILLI
1873 350 2352 410 ALEXANDRINI
2389 352 2717 410 ARCHIEP.
2792 396 2795 397 ν
3675 358 3746 416 μ

480 484 678 554 duplex
703 522 716 547 ,
765 489 817 536 et
866 479 1048 537 minor
1082 477 1308 552 quidem
1341 476 1397 532 in
1440 473 1621 538 Filio,
1667 471 1765 529 sed
1805 472 1863 526 in
1901 469 2071 525 Patre

2186 467 2268 523 ιιαὶ
2295 468 2357 522 τὸ
2381 466 2605 539 Πνεῦμα
2632 463 2872 534 διπλοῦν,
2908 467 3004 520 καὶ
3040 468 3194 539 μεῖον
3228 465 3331 538 μὲν
3361 469 3420 523 ὲν
3452 468 3590 540 Υίῷ,
3627 473 3750 541 μεῖ-

480 575 680 645 major.
734 572 797 626 Et
846 571 1090 645 perfecte
1117 569 1341 642 quidem
1375 564 1876 624 sanctiﬁcabuntur
1904 562 1997 633 qui
2037 574 2068 614 a

480 665 677 729 Patre,
726 678 790 718 ac
826 663 1071 719 vicissim
1121 675 1230 718 non
1269 658 1516 733 perfecte
1561 656 1659 728 qui
1702 669 1802 726 per
1846 652 2067 709 Filium.

482 755 648 826 Atqui
680 753 848 808 multa
880 761 966 807 est
1014 751 1070 807 in
1108 752 1195 808 his
1233 750 1514 805 rationum
1545 744 1881 805 absurditas.
1913 742 2072 799 Unus

481 847 630 903 enim
654 853 739 902 est
765 850 997 900 sanctus
1026 840 1292 915 Spiritus,
1321 854 1431 896 una
1465 848 1522 894 et
1546 836 1795 910 perfecta
1822 834 2070 892 sanctiﬁc

484 942 664 1006 catio,
694 955 817 1011 qua:
862 954 895 992 a
941 938 1101 993 Patre
1137 952 1237 1007 per
1266 935 1470 991 Filium
1500 930 1829 988 naturaliter
1856 926 2070 1000 praebe-

484 1042 596 1091 tur.
634 1031 753 1086 Non
796 1030 944 1101 ergo‘
970 1029 1151 1084 minor
1190 1035 1275 1083 est
1305 1027 1399 1098 qui
1444 1023 1697 1082 eamdem
1729 1021 1892 1077 habet
1943 1031 2071 1074 cum

484 1120 733 1193 perfecto
755 1118 917 1175 Patre
937 1117 1341 1188 operationem,
1368 1114 1574 1186 quique
1600 1111 1780 1166 Patris
1806 1107 2070 1180 Spiritum

488 1212 692 1278 habet,
719 1218 935 1266 natura:
968 1224 1082 1265 sua:
1113 1208 1344 1273 bonum,
1370 1207 1645 1262 viventem
1677 1217 1743 1260 ac
1767 1201 2073 1260 subsisten—

491 1318 621 1371 tem,
663 1301 1124 1375 quemadmodum
1158 1313 1355 1370 nempe
1377 1305 1432 1353 et
1459 1295 1645 1350 Pater.

561 1392 796 1450 ALIUD.
854 1411 875 1447 ι
909 1391 967 1448 Si
1009 1392 1068 1447 in
1112 1390 1289 1446 forma
1332 1396 1390 1444 et
1430 1385 1745 1457 mqualitate
1779 1379 2021 1437 Patris“
2046 1397 2067 1432 ι

491 1494 609 1544 erat
662 1485 881 1549 Filius,
933 1484 1089 1555 juxta
1148 1480 1306 1537 Pauli
1369 1478 1739 1537 sententiam,
1796 1471 2073 1545 quomodo

494 1581 675 1634 minor
700 1579 821 1649 ipso
846 1578 964 1636 ea?
987 1575 1109 1632 Non
1137 1575 1284 1631 enim
1313 1581 1463 1628 certe
1487 1566 1886 1626 incarnationis
1908 1564 2070 1629 ratio,

489 1680 546 1729 et
596 1687 659 1728 ea
706 1684 831 1742 quae
878 1666 1087 1724 dicitur
1143 1663 1459 1721 humiliatio
1512 1658 1784 1731 dignitate
1831 1654 2072 1712 naturali

2128 540 2131 549 4
2175 559 2268 624 ζον
2299 559 2356 613 δὲ
2402 560 2461 613 ἐν
2489 559 2685 630 Πατρί.
2742 559 2856 613 Καὶ
2882 557 3105 623 τελείως
3135 559 3235 629 μὲν
3274 561 3328 612 οί-
3361 561 3514 632 παρά
3542 540 3753 633 Πατρὸς

2170 651 2595 723 ἀγιασθήσονται
2611 694 2634 718 ,
2660 652 2723 705 οὐ
2741 649 2963 714 τελείως
2986 649 3043 703 δὲ
3062 649 3228 703 πάλιν
3248 651 3300 704 οι
3326 651 3394 704 δι’
3416 650 3568 706 Υίοῦ.
3596 652 3753 708 Ἀλλά

2172 742 2341 813 πολλή
2371 741 2457 806 τίς
2489 743 2636 796 ἐστιν
2670 742 2730 795 ὲν
2766 741 2979 805 τούτοις
3020 743 3054 812 ἡ
3077 740 3188 794 τῶν
3234 741 3512 812 λογισμῶν
3532 742 3752 797 ἀτοπία.

2178 833 2276 889 Ἐν
2326 833 2437 907 γὰρ
2477 834 2539 887 τὸ
2586 834 2808 904 Πνεῦμα
2842 833 2903 887 τὸ
2935 833 3093 903 ἅγιόν
3130 829 3443 899 seruiret;
3470 836 3525 890 δὲ
3551 835 3755 901 τέλειος

2171 923 2475 994 ἁγιασμὸς,
2518 923 2671 994 παρὰ
2700 922 2913 993 Πατρὸς
2941 924 3011 978 δι’
3035 923 3166 978 Υίοῦ
3214 925 3460 992 φυσικῶς
3492 925 3758 997 χορηγού-

2176 1033 2336 1088 μενος
2360 1035 2372 1047 ·
2398 1016 2501 1070 οὐκ
2527 1015 2637 1087 ἀρα
2664 1015 2905 1070 ὲλάττων
2924 1016 3075 1070 ἐστὶν
3101 1017 3131 1070 6
3156 1016 3256 1088 τὴν
3278 1017 3451 1088 αὐτὴν
3479 1017 3758 1089 ἐνέργειαν

2173 1106 2311 1179 ἔχων
2355 1107 2435 1179 τῷ
2476 1108 2668 1180 τελείῳ
2720 1110 2899 1181 Harp!
2916 1146 2933 1173 ,
2989 1110 3086 1163 καὶ
3138 1108 3203 1163 τὸ
3254 1109 3371 1177 τοῦ,
3397 1111 3760 1180 γεννήσαντος

2173 1196 2401 1269 Πνεῦμα
2428 1198 2644 1267 φύσεως
2671 1199 2805 1263 ἰδίας
2834 1199 2975 1271 ἔχων
3012 1200 3244 1269 ἀγαθὸν,
3278 1200 3416 1269 ζῶν,
3444 1201 3542 1256 καὶ
3565 1201 3761 1256 ἑνυπό-

2175 1307 2391 1356 στατον,
2418 1290 2611 1362 ὥσπερ
2632 1286 2726 1346 οὖν
2754 1291 2945 1363 ἀμέλει
2975 1293 3073 1347 καὶ
3105 1294 3134 1348 6
3166 1293 3381 1366 Πατήρ.

2243 1382 2449 1436 ΔΛΛΟ.
2482 1382 2545 1435 Εί
2586 1400 2606 1435 ι
2633 1383 2694 1437 ὲν
2725 1385 2909 1455 μορφῇ
2976 1384 3072 1437 καὶ
3118 1385 3327 1456 ἰσότητι
3351 1384 3447 1439 τοῦ
3485 1385 3700 1459 Πατρὺς
3730 1405 3750 1439 ›

2174 1470 2422 1542 ὑπῆρχεν
2457 1471 2485 1524 6
2533 1470 2660 1534 Υἱὸς
2698 1471 2842 1524 κατά
2881 1472 2981 1544 τὴν
3016 1471 3111 1525 τοῦ
3141 1472 3354 1527 Παύλου
3383 1475 3601 1546 φωνὴν,
3640 1475 3759 1539 πῶς

2173 1558 2413 1617 ἐλάττων
2439 1558 2607 1617 αὐτοῦ
2635 1562 2818 1631 scr-rw;
2848 1564 2923 1617 Οὐ
2959 1563 3070 1636 γὰρ
3108 1565 3173 1637 δή
3209 1581 3313 1619 που
3343 1566 3443 1638 τῆς
3467 1566 3606 1638 μετὰ
3635 1584 3761 1637 σαρ-

2175 1652 2270 1718 κὸς
2306 1652 2621 1725 οἰκονομίας
2651 1654 2682 1707 6
2707 1654 2900 1725 λόγος,
2949 1658 3046 1711 καὶ
3091 1659 3127 1728 ἡ
3159 1658 3250 1713 διὰ
3290 1659 3452 1713 τοῦτο
3490 1659 3756 1732 λεγομένη

491 1757 690 1819 Filium
747 1759 977 1816 nudabit
1023 1773 1150 1815 eum
1202 1754 1450 1814 secundo
1499 1753 1739 1809 adventu
1791 1756 2075 1806 cessatura

2186 1743 2535 1811 ταπείνωσις,
2585 1744 2682 1799 τοῦ
2714 1747 2856 1802 κατά
2884 1748 3068 1818 ιφύσιν
3102 1750 3401 1821 προσόντος
3440 1750 3759 1821 ἀξιώματος

493 1858 584 1915 sit.
632 1876 652 1911 ι
691 1854 889 1910 Veniet
927 1870 945 1904 ι
1003 1850 1151 1907 enim
1198 1848 1470 1912 omnino,
1518 1851 1578 1900 ut
1623 1858 1750 1899 eum
1800 1842 2075 1897 dicentem

2186 1835 2568 1907 ἀπογυμνώσει
2620 1837 2711 1892 τὸν
2744 1839 2902 1907 Υίὸν,
2917 1810 2930 1818 ν
2948 1810 3113 1896 λύσιν,
3138 1810 3337 1911 έχουσα
3367 1810 3470 1913 τὴν
3490 1810 3759 1912 ⁷δευτέραν

495 1946 848 2017 accepimus,
902 1959 924 1995 ι
962 1941 1020 1996 in
1054 1941 1233 2014 gloria
1284 1936 1464 1992 Patris
1510 1933 1597 1992 sui
1620 1934 1689 1987 ".
1723 1950 1743 1985 ι
1788 1928 2077 1999 Quomodo

499 2040 662 2111 igitur
708 2037 764 2092 in
815 2034 988 2108 gloria
1030 2041 1115 2090 est
1166 2030 1260 2088 Dei
1304 2027 1531 2093 Patris,
1580 2025 1678 2097 qui
1726 2022 1908 2079 minor
1957 2020 2077 2092 ipso

496 2130 570 2183 sit
589 2128 613 2183 Τ
1075 2133 1086 2142 ’

565 2299 797 2357 ALIUD.
832 2296 1117 2353 Invenitur
1156 2293 1361 2350 alicubi
1401 2306 1499 2363 per
1538 2303 1712 2345 unum
1755 2285 2078 2360 prophetam

501 2388 644 2450 Deus
669 2406 732 2447 ac
752 2389 916 2446 Pater
946 2389 1172 2444 dicere:
1209 2403 1229 2438 ι
1263 2383 1507 2441 Gloriam
1551 2396 1730 2438 meam
1770 2379 1929 2434 alteri
1970 2393 2081 2432 non

500 2484 643 2541 dabo
669 2484 739 2538 ”.
780 2502 799 2534 ι
841 2477 1217 2551 lnterrogandi
1244 2484 1373 2533 sunt
1403 2476 1570 2548 igitur
1596 2473 1911 2544 quicunque
1940 2468 2083 2524 Filio

501 2572 666 2648 impie
690 2573 1014 2638 detrahunt,
1047 2572 1159 2626 imo
1186 2584 1318 2625 vero
1351 2567 1499 2622 Patri
1536 2583 1633 2637 per
1657 2564 1838 2635 ipsum
1877 2580 1890 2615 :
1927 2582 1946 2614 ι
1979 2559 2083 2628 Qui

501 2670 648 2724 enim
681 2666 881 2721 Filium
919 2678 1027 2720 non
1066 2663 1337 2728 honorat,
1385 2660 1436 2716 is
1473 2674 1574 2715 nec
1604 2659 1826 2711 Patrem
1856 2653 2083 2725 quidem

516 2761 753 2816 honorat
774 2758 851 2826 ⁸¹;
884 2775 902 2807 ι
944 2764 1128 2811 utrum
1160 2754 1405 2817 tandem,
1425 2750 1586 2807 sicuti
1610 2747 1931 2805 existimant
1956 2745 2082 2816 ipsi,

509 2850 624 2905 Deo
667 2863 731 2903 ac
773 2846 935 2901 Patre
967 2844 1148 2900 minor
1179 2843 1456 2900 essistens
1484 2837 1693 2904 Filius,
1722 2836 2088 2893 consubstan-

509 2941 661 2998 tialis
695 2940 770 2996 sit
818 2937 967 3009 ipsi,
1003 2950 1071 2990 an
1108 2949 1242 2991 non.
1292 2933 1350 2991 Si
1387 2929 1913 2989 consubstantialem
1962 2944 2087 2984 esse

505 3033 694 3089 dicunt
715 3071 730 3098 ,
759 3029 892 3102 quid
927 3028 1133 3084 frustra
1165 3027 1346 3082 minus
1375 3025 1424 3081 ei
1464 3021 1750 3078 tribuunt?
1778 3021 1909 3088 Quae
1938 3020 2085 3076 enim

2177 1928 2239 1993 ἐξ
2259 1927 2491 2000 οὐρανοῦ
2514 1931 2836 2002 παρουσίαν.
2859 1932 3049 1999 ι”Ηξει
3067 1951 3085 1985 ι
3115 1934 3226 2004 γάρ
3248 1933 3485 2000 πάντως,
3501 1932 3578 1996 ὡς
3596 1933 3759 2003 ἠκού-

2181 2035 2358 2090 σαμεν
2388 2019 2665 2091 λέγοντος,
2705 2038 2725 2074 t
2758 2022 2816 2078 ὲν
2836 2024 2904 2094 τῇ
2937 2022 3067 2096 δόξῃ
3107 2023 3202 2078 τοῦ
3245 2025 3458 2097 Πατρὸς
3507 2025 3694 2080 αὐτοῦ.
3733 2043 3753 2077 ι

2180 2110 2308 2175 Πῶς
2347 2106 2441 2167 οὖν
2482 2112 2621 2177 ὅλως
2662 2113 2722 2168 ὲν
2763 2115 2831 2186 τῇ
2882 2114 3011 2188 δόξῃ
3060 2116 3155 2171 τοῦ
3197 2116 3410 2190 Πατρὸς
3453 2116 3487 2171 6
3522 2115 3761 2173 ἐλάττων

2180 2203 2346 2258 αὐτοῦ
2375 2220 2390 2270 ;

2250 2295 2457 2351 AAAO.
2487 2295 2814 2368 Εὖρίσκεταί
2864 2314 2962 2352 που
3007 2298 3180 2369 λέγων
3226 2299 3294 2353 δι’
3323 2300 3444 2365 ἑνὸς
3484 2300 3593 2355 τῶν
3625 2302 3761 2375 προ-

2184 2387 2370 2459 φητῶν
2386 2389 2415 2441 6
2434 2386 2563 2451 Θεὸς
2587 2389 2680 2442 καὶ
2706 2389 2895 2461 Πατήρ
2921 2406 2936 2422 ·
2968 2409 2989 2443 r
3015 2390 3126 2461 Τὴν
3156 2390 3315 2456 δόξαν
3353 2408 3456 2463 μου
3494 2392 3667 2465 ἑτέρῳ
3701 2393 3764 2447 οὐ

2183 2480 2361 2536 δώσω.
2404 2499 2426 2535 ι
2477 2482 2813 2553 Ἐρανεητέον
2853 2482 3142 2554 τοιγαροῦν
3188 2483 3315 2547 τοὺς
3351 2484 3466 2538 ὅσοι
3506 2484 3600 2538 τὸν
3636 2484 3768 2538 Υἱδν

2183 2573 2541 2645 ἀτιμάζουσιν
2585 2574 2796 2639 ἀσεϐῶς
2820 2613 2836 2640 ,
2890 2573 3093 2645 μᾶλλον
3135 2573 3194 2628 δὲ
3231 2575 3300 2628 δι’
3338 2575 3506 2630 αὐτοῦ
3536 2577 3631 2631 καὶ
3675 2578 3769 2630 τὸν

2186 2668 2410 2737 Πατέρα
2428 2681 2444 2696 '
2469 2686 2489 2720 ι
2512 2668 2569 2723 '0
2585 2666 2697 2737 γὰρ
2721 2666 2797 2739 μὴ
2825 2668 2998 2739 τιμῶν
3016 2667 3109 2721 τὸν
3125 2667 3275 2737 Υίὸν,
3291 2669 3410 2722 οὐδὲ
3430 2669 3521 2722 τὸν
3548 2670 3769 2743 Πατέρα

2187 2762 2324 2831 τιμᾷ
2353 2778 2397 2813 ἰ
2434 2760 2666 2830 πότερόν
2707 2775 2837 2815 ποτε
2858 2798 2877 2827 ,
2912 2759 3166 2831 καθάπερ
3206 2760 3572 2830 ὑπειλήφασιν
3593 2763 3767 2827 αὐτοὶ.

2195 2853 2293 2911 τοῦ
2322 2853 2458 2910 Θεοῦ
2508 2856 2604 2910 καὶ
2635 2854 2848 2924 Πατρὸς
2892 2855 3130 2910 ἐλάττων
3155 2853 3231 2909 ὢν
3256 2857 3287 2908 6
3312 2856 3459 2923 Υἱὸς,
3485 2856 3771 2928 ὀμοούσιός

2196 2946 2368 3012 ἔστιν,
2398 2943 2475 3008 ὡς
2500 2944 2638 3015 πρὸς
2666 2944 2869 3014 αὑτὸν,
2894 2943 2928 3017 ἢ
2960 2944 3096 3015 οὐχί.
3162 2944 3227 2998 Et
3265 2947 3363 3017 μὲν
3405 2941 3499 3000 οὖν
3531 2947 3768 3018 ἐροῦσιν,

2187 3036 2264 3102 ὡς
2292 3036 2440 3093 ἔστιν
2468 3037 2777 3108 ὁμοούσιος,
2800 3037 2854 3090 τί
2877 3037 3055 3109 μάτην
3080 3035 3142 3091 τδ
3167 3036 3388 3091 ἔλαττον
3417 3037 3773 3111 ἐπιφέρουσιν

420 3166 423 3167 ν
504 3123 750 3197 ejusdem
777 3128 908 3178 sunt
938 3119 1265 3177 substantia:
1308 3132 1373 3171 ac
1418 3127 1657 3179 naturae,
1700 3113 1884 3169 minus
1925 3112 1982 3167 in
2019 3125 2081 3167 se

2188 3128 2376 3200 αὑτῷ;
2436 3128 2517 3182 Τὰ
2546 3128 2657 3199 γὰρ
2690 3129 2791 3199 τῆς
2830 3128 3001 3199 αὐτῆς
3035 3128 3224 3193 οὐσίας
3259 3128 3389 3183 ὄντα
3414 3129 3509 3182 καὶ
3535 3129 3771 3200 φύσεως,

508 3215 756 3286 profecto
797 3228 905 3270 non
958 3212 1163 3266 habent
1204 3208 1387 3280 quoad
1435 3207 1699 3262 rationem
1736 3203 2079 3261 substantiae.

511 3306 625 3363 lloc
655 3315 835 3361 autem
867 3312 952 3359 est
973 3302 1117 3374 quod
1144 3301 1466 3373 quaerimus.
1501 3296 1609 3353 Sed
1643 3313 1749 3353 non
1775 3297 2082 3353 assentien-

512 3407 603 3452 tur
623 3397 833 3465 forsan,
856 3410 1035 3466 neque
1073 3391 1603 3450 consubstantialem
1636 3406 1758 3447 esse
1782 3390 2087 3446 concedent

511 3489 663 3545 Patri
690 3487 910 3555 Filium,
947 3503 1071 3543 cum
1099 3487 1280 3541 minor
1328 3484 1421 3549 sit,
1461 3492 1520 3537 ut
1546 3482 1652 3554 ipsi
1675 3483 1883 3538 volunt.
1918 3480 2088 3552 Igitur

513 3583 766 3638 diversus
801 3579 908 3637 erit
935 3579 1161 3634 omnino
1196 3585 1251 3634 et
1285 3576 1500 3632 alienus
1533 3590 1564 3630 a
1593 3573 1774 3630 Patre.
1802 3571 2087 3639 Quomodo

514 3674 700 3744 itaque
725 3671 952 3742 gloriam
980 3669 1099 3740 ejus
1131 3668 1334 3724 habet?
1369 3686 1386 3720 ι
1426 3666 1485 3721 Εἰ
1520 3666 1665 3723 enim
1710 3665 1873 3722 datus
1910 3671 2028 3730 est,
2063 3683 2082 3717 ι

518 3771 576 3819 ut
605 3764 682 3819 ait
705 3763 901 3819 beatus
933 3760 1158 3829 Daniel,
1207 3778 1224 3811 ι
1257 3765 1466 3827 honor,
1505 3770 1559 3815 et
1591 3773 1819 3830 regnum
1838 3758 1907 3812 δ’.
1936 3774 1956 3808 ι
1991 3753 2087 3811 V'cl

516 3855 660 3911 enim
699 3853 804 3926 23
835 3852 1126 3909 mentietur
1159 3850 1302 3908 Deus
1335 3858 1389 3906 et
1422 3849 1584 3906 Pater
1623 3849 1818 3905 dicens
1846 3867 1861 3905 :
1910 3866 1929 3900 ι
1961 3845 2089 3903 Glo-

518 3946 653 4002 riam
678 3959 856 4002 meam
893 3944 1053 4000 alteri
1088 3959 1198 3998 non
1239 3942 1380 3998 daho
1403 3942 1450 3974 ⁸³
1476 3960 1491 4011 ;
1521 3962 1540 3995 ι
1581 3943 1662 3999 vel
1695 3942 1740 3997 si
1768 3956 1933 3996 verax
1964 3948 2047 3997 est
2072 3980 2087 4007 ,

518 4054 785 4110 suamque
827 4038 1059 4111 gloriam
1093 4037 1243 4092 dedit
1270 4036 1436 4098 Filio,
1476 4051 1585 4090 non
1619 4036 1760 4090 alius
1792 4033 1984 4104 utique
2007 4041 2092 4088 est

518 4134 590 4188 ab
628 4133 787 4205 ipso,
839 4147 963 4187 cum
1013 4130 1087 4186 sit
1129 4129 1344 4185 [ructus
1393 4130 1715 4186 substantia:
1762 4126 1972 4199 ipsius,
2027 4139 2094 4180 ac

520 4239 707 4279 verum
733 4223 1005 4295 genimen.
1041 4222 1144 4289 Qui
1175 4232 1354 4277 autem
1391 4219 1582 4276 eodem
1628 4219 1792 4274 modo
1832 4234 1891 4275 se
1930 4217 2095 4272 habet

516 4330 643 4371 cum
686 4312 874 4382 Patre,
905 4313 1210 4370 secundum
1245 4320 1456 4367 natura:
1487 4311 1779 4377 rationem,
1815 4309 2092 4380 quomodo

521 4411 641 4478 ipso
666 4405 886 4462 demum
914 4406 1020 4461 erit
1052 4406 1234 4460 minor
1260 4403 1284 4456 ?

877 4486 1015 4552 ~Alia
1040 4495 1304 4565 simplicia
1330 4503 1378 4547 ct
1402 4495 1713 4548 inconnexa.

591 4588 651 4645 Si
675 4590 1021 4661 omnipotens
1048 4598 1133 4644 est
1154 4587 1335 4654 Pater,
1360 4594 1411 4641 et
1435 4586 1693 4641 similiter
1715 4582 1888 4640 Filius
1912 4584 2093 4640 omni-

521 4690 734 4755 potens,
785 4682 1064 4751 quomodo
1117 4681 1301 4735 minor
1353 4686 1437 4733 est
1489 4676 1650 4747 ipso?
1688 4677 1805 4731 Non
1852 4677 1999 4733 enim
2046 4677 2094 4733 si

522 4780 669 4829 recte
702 4772 1179 4843 philosophamnr,
1211 4767 1438 4841 perfecti
1485 4766 1858 4823 conditionem
1891 4767 2094 4838 imper-

522 4866 723 4921 fectum
762 4871 1114 4935 assequetur.
1150 4860 1236 4924 Et,
1267 4862 1311 4915 si
1351 4859 1619 4916 Dominus
1657 4867 1741 4915 est
1771 4859 1952 4925 Pater,
1990 4859 2096 4916 Do—

523 4955 818 5024 minusque
862 4951 1120 5010 similiter
1139 4960 1223 5005 est
1246 4949 1442 5013 Filius,
1469 4947 1744 5018 quomodo
1775 4948 1895 5019 ipso
1922 4949 2102 5004 minor

521 5047 644 5099 est?
692 5044 811 5099 Erit
849 5042 998 5099 enim
1050 5055 1161 5094 non
1210 5037 1456 5109 perfecte
1509 5037 1668 5099 liber,
1725 5036 1996 5108 siquidem
2045 5037 2100 5092 in

522 5136 900 5192 dominatione
940 5131 1120 5185 minor
1167 5138 1271 5197 est,
1308 5142 1411 5183 nec
1456 5129 1621 5184 habet
1652 5129 1706 5183 in
1737 5128 1918 5199 scipso
1964 5144 2101 5187 con-

522 5235 854 5285 summatem
902 5223 1247 5294 dignitatem.
1297 5219 1384 5285 Et,
1440 5222 1486 5277 si
1533 5222 1623 5275 lux
1676 5232 1758 5277 est
1794 5221 1974 5287 Pater,
2006 5224 2101 5278 lux

523 5320 650 5374 item
689 5315 887 5379 Filius,
940 5313 1219 5383 quomodo
1265 5313 1449 5368 minor
1486 5319 1572 5368 est
1603 5314 1760 5384 ipso?
1791 5312 1907 5369 Erit
1951 5316 2098 5372 enim

523 5424 633 5463 non
684 5404 927 5475 perfecte
978 5403 1090 5464 lux,
1136 5403 1229 5460 sed
1271 5421 1335 5461 ex
1370 5414 1525 5476 parte
1572 5406 1819 5463 tenebris
1848 5422 2100 5478 compre-

523 5497 814 5564 hendetur,
866 5496 1274 5567 mentieturque
1308 5499 1676 5569 evangelista,
1706 5500 1896 5557 dicens
1931 5520 1943 5555 :
1986 5520 2005 5552 ί
2033 5500 2096 5555 Ει

523 5589 759 5643 tenebrae
796 5602 920 5643 eum
945 5603 1053 5643 non
1082 5589 1614 5660 comprehenderunt
1635 5592 1701 5645 ⁵⁵.
1727 5612 1744 5643 ι
1779 5592 1869 5655 Ει.
1900 5593 1945 5648 si
1985 5595 2093 5648 vita

635 5704 678 5737 ⁵⁸
698 5704 933 5777 Philipp.
969 5722 1045 5777 tt,
1070 5706 1124 5760 6.

1236 5707 1468 5766 “Marc.
1502 5726 1620 5775 vm,
1655 5710 1741 5765 '58.

522 5788 710 5834 tum,
747 5777 831 5830 tl.

944 5777 991 5809 ³³⁵
1021 5776 1178 5832 Joan.
1208 5779 1317 5841 1L5.

2129 4498 2176 4554 D

1857 5713 1903 5743 ⁸ο
1934 5711 2038 5768 lsa.
2058 5730 2248 5783 xcvm,
2286 5716 2372 5771 lt.

2185 3219 2287 3273 οὐκ
2313 3218 2380 3273 ἂν
2405 3218 2540 3281 ὅλως
2571 3217 2686 3289 ἔχοι
2718 3219 2840 3272 καθ’
2869 3220 3078 3272 ἑαυτῶν
3102 3219 3165 3272 τὸ
3191 3219 3395 3290 μεῖζον,
3425 3222 3567 3275 κατά
3594 3237 3658 3289 γε
3679 3222 3773 3275 τὸν

2183 3308 2279 3363 τοῦ
2306 3308 2423 3375 πῶς
2455 3304 2595 3363 εἶναι
2622 3309 2797 3378 λόγον.
2822 3309 2992 3364 Τοῦτο
3019 3310 3077 3364 δὲ
3106 3311 3325 3376 πάντως
3349 3313 3465 3367 ἐστὶ
3491 3312 3553 3366 τὸ
3581 3312 3776 3385 ζητού-

2191 3418 2375 3472 μενον.
2441 3400 2577 3455 Ἀλλ’
2609 3400 2670 3454 οὑ
2698 3402 3052 3473 συνθήσονται
3082 3403 3277 3475 τυχὸν,
3331 3404 3453 3458 οὐδὲ
3490 3407 3775 3477 ὁμοούσιον

2188 3487 2330 3546 εἶναι
2356 3491 2585 3547 δώσουσι
2611 3493 2690 3565 τῷ
2715 3496 2892 3566 Ilath
2919 3495 3010 3549 τὸν
3040 3495 3170 3550 Υίὸν
3191 3535 3207 3561 ,
3263 3495 3341 3560 ὡς
3363 3495 3620 3550 ἐλάττονα
3653 3498 3774 3552 κατ’

2188 3583 2417 3647 αὐτούς·
2451 3584 2643 3641 οὐκοῦν
2676 3585 2862 3657 ἕτερος
2884 3587 3038 3642 ἔσται
3072 3587 3349 3652 παντελῶς
3381 3588 3475 3642 καὶ
3498 3588 3775 3663 ἀλλότριος

2189 3675 2282 3730 τοῦ
2327 3676 2558 3748 Πατρός.
2615 3677 2740 3742 Πῶς
2767 3674 2862 3732 οὖν
2886 3678 2998 3749 ἔχει
3023 3678 3121 3750 τὴν
3145 3678 3301 3744 δόξαν
3329 3679 3494 3733 αὑτοῦ
3521 3697 3537 3745 ;
3573 3699 3592 3732 ι
3616 3679 3776 3751 Αὐτῷ

2191 3767 2298 3839 γὰρ
2321 3767 2496 3839 δδὸθη,
2526 3788 2546 3821 ι
2565 3769 2711 3823 καθά
2732 3786 2895 3840 φησιν
2925 3773 2955 3824 6
2971 3771 3240 3841 μακάριος
3266 3770 3487 3841 Δανιὴλ,
3509 3789 3531 3824 ι
3552 3772 3587 3842 ἡ
3609 3772 3768 3843 τιμὴ,

2191 3859 2286 3914 καὶ
2319 3860 2353 3930 ἡ
2387 3858 2654 3930 βασιλεία.
2681 3880 2700 3913 ι
2740 3863 2813 3915 Ἣ
2840 3862 2949 3932 γὰρ
2979 3861 3331 3932 διαψεύσεται
3359 3862 3533 3931 λέγων
3569 3863 3600 3914 6
3635 3861 3774 3924 θεὸς

2191 3952 2286 4004 καὶ
2316 3949 2509 4020 Πατήρ
2537 3965 2551 3979 ·
2583 3968 2605 4002 t
2630 3950 2740 4021 Τὴν
2797 3951 2953 4017 δόξαν
2996 3970 3097 4022 μου
3139 3954 3311 4024 ἑτέρῳ
3358 3954 3418 4007 οὐ
3459 3952 3654 4007 δώσωσ
3678 3972 3696 4007 r
3741 3953 3776 4023 ἦ

2191 4042 2350 4113 εἴπερ
2382 4043 2528 4095 ὲστίν
2560 4039 2786 4112 ἀληθὴς,
2813 4041 3014 4096 δέδωκε
3049 4042 3107 4097 δὲ
3153 4043 3255 4115 τὴν
3281 4041 3471 4098 ἑαυτοῦ
3513 4043 3670 4111 δόξαν
3698 4044 3777 4114 τῷ

2196 4133 2313 4206 Υίῷ
2331 4174 2347 4200 ,
2389 4135 2490 4205 οὐχ
2517 4134 2705 4204 ἕτερος
2737 4134 2846 4205 ἄρα
2875 4136 2992 4189 ἐστὶ
3018 4138 3148 4209 παρ’
3181 4137 3378 4206 αὐτὸν,
3434 4137 3646 4210 καρπὸς
3671 4137 3777 4190 ὑπ-

2197 4224 2378 4296 άρχων
2406 4226 2505 4295 τῆς
2531 4225 2720 4287 οὐσίας
2743 4227 2929 4291 αὑτοῦ,
2964 4227 3058 4281 καὶ
3081 4229 3304 4300 γνήσιον
3331 4229 3597 4300 γέννημα.
3633 4229 3696 4282 '0
3721 4229 3778 4281 δὲ

2194 4313 2459 4380 ὡσαύτως
2484 4314 2623 4386 ἔχων
2649 4315 2727 4387 τῷ
2745 4317 2923 4389 Πατρὶ
2951 4319 3092 4373 κατὰ
3114 4319 3207 4372 τὸν
3227 4320 3329 4390 τῆς
3353 4319 3569 4389 φύσεως
3597 4317 3778 4387 λόγον,

2200 4407 2318 4470 πῶς
2346 4406 2414 4462 ἂν
2439 4407 2527 4479 εἴη
2552 4407 2738 4462 λοιπὸν
2766 4409 3005 4463 ἐλάττων
3026 4410 3193 4465 αὑτοῦ
3221 4428 3235 4477 ;

2571 4500 2757 4554 "Alia
2792 4500 2957 4556 ἁπλᾶ
2980 4504 3079 4557 καὶ
3107 4503 3432 4558 ἀσύνδετα.
3748 4555 3755 4559 .

2273 4590 2337 4643 Εί
2369 4591 2762 4663 παντοκράτωρ
2804 4594 2951 4646 ἐστὶν
2976 4596 3005 4647 6
3034 4595 3222 4667 Πατὴρ
3243 4634 3257 4659 ,
3300 4594 3697 4669 παντοκράτωρ
3720 4595 3780 4649 δὲ

2201 4680 2402 4752 ὁμοίως
2441 4683 2536 4736 καὶ
2580 4685 2609 4736 6
2652 4684 2799 4751 Υἱὸς,
2834 4684 2951 4747 πῶς
2993 4683 3233 4740 ἐλάττων
3265 4686 3431 4740 αὐτοῦ
3465 4688 3652 4753 tactv;
3703 4686 3780 4740 Οὐ

2203 4772 2312 4844 γὰρ
2355 4771 2551 4844 δήπου,
2583 4776 2728 4829 κατά
2745 4792 2809 4845 γε
2855 4777 2947 4829 τὸν
2991 4776 3092 4847 τῆς
3136 4777 3451 4841 ἀκολουθίας
3481 4778 3672 4847 λόγον,
3702 4776 3783 4839 είς

2201 4864 2261 4917 τὸ
2289 4864 2383 4919 τοῦ
2406 4865 2609 4921 τελείου
2632 4868 2831 4939 μέτρον
2851 4869 2912 4921 τὸ
2942 4869 3015 4940 μὴ
3034 4869 3237 4923 τέλειον
3260 4870 3435 4940 ἀναῦή
3445 4885 3617 4923 σεται.
3649 4868 3780 4931 Καὶ,
3890 4926 3895 4929 _

2202 4956 2253 5008 εί
2285 4956 2488 5029 Κύριός
2535 4959 2683 5013 ἐστιν
2728 4962 2760 5013 6
2790 4961 2985 5031 Πατὴρ
3004 5003 3018 5027 ,
3064 4961 3268 5033 Κύριος
3316 4962 3372 5015 δὲ
3401 4960 3600 5031 ὁμοίως
3630 4959 3724 5015 καὶ
3753 4960 3784 5013 6

2203 5048 2351 5115 Υἱὸς,
2396 5049 2514 5112 πῶς
2558 5051 2796 5105 ἐλάττων
2829 5050 2994 5107 αὑτοῦ
3035 5055 3221 5119 tactv;
3265 5052 3459 5107 Ἔσται
3478 5054 3585 5123 γὰρ
3609 5051 3671 5105 οὐ
3696 5067 3784 5103 τε-

2201 5140 2359 5204 λείως
2397 5141 2714 5214 ὲλεύοερος,
2747 5144 2907 5216 εἴπερ
2950 5146 3099 5201 ἐστὶν
3130 5146 3367 5200 ἐλάττων
3390 5147 3448 5198 ὲν
3479 5144 3783 5216 κυριότητι,

2204 5232 2297 5285 καὶ
2318 5232 2379 5285 οὐ
2410 5233 2615 5305 πλῆρες
2644 5234 2784 5305 ἔχων
2809 5236 2866 5289 ὲν
2894 5236 3075 5308 ἑαυτῷ
3099 5238 3160 5290 τὸ
3184 5236 3420 5306 ἀξίωμα.
3450 5237 3560 5289 Καὶ
3589 5236 3638 5289 εἰ
3668 5234 3785 5306 φῶς

2205 5323 2353 5378 ἐστιν
2374 5326 2402 5378 6
2429 5324 2640 5396 Πατὴρ,
2672 5326 2789 5396 φῶς
2815 5328 2872 5382 δὲ
2901 5329 3102 5399 ὁμοίως
3122 5330 3222 5383 καὶ
3251 5331 3280 5382 6
3302 5328 3452 5395 Υίὺς,
3489 5326 3607 5391 πῶς
3639 5326 3788 5380 ὲλάτ-

2202 5432 2310 5469 των
2335 5415 2501 5470 αὐτοῦ
2534 5417 2715 5484 tactv;
2747 5420 2941 5474 Ἔσται
2972 5421 3082 5492 γὰρ
3105 5421 3166 5474 οὐ
3194 5417 3578 5487 τελείωςφῶς,
3615 5433 3783 5471 κατα·
3892 5404 3897 5410 ’

2202 5507 2540 5579 ληφθήσεται
2582 5510 2641 5565 δὲ
2679 5513 2787 5567 ἀπὸ
2846 5514 3044 5585 μέρους
3093 5517 3198 5571 ὑπὸ
3236 5517 3330 5590 τῆς
3391 5518 3642 5584 σκοτίας,
3692 5514 3787 5568 καὶ

2198 5598 2459 5667 ψεύσεται
2498 5600 2674 5671 λέγων
2717 5607 2746 5658 6
2778 5606 3205 5699 εὐαγγελιστής·
3252 5627 3272 5661 ι
3311 5610 3377 5662 Ἠ
3404 5612 3593 5664 σκοτία
3623 5611 3788 5668 αὐτὸν

2483 5719 2528 5752 ⁸¹
2551 5717 2710 5775 Joan.
2744 5736 2797 5784 v,
2823 5720 2913 5777 25.
3026 5722 3073 5755 "
3106 5723 3241 5780 Dan.
3279 5740 3375 5790 vn,
3403 5724 3492 5779 Η.
3594 5724 3644 5757 ⁸³
3674 5726 3785 5783 lsa.
