4156 6512
452 385 526 441 «ιὸ
1531 377 1598 434 ΙΝ
1627 375 1918 436 JOANNIS
1956 376 2036 432 EV

2139 375 2411 435 {GELIUM
2451 378 2582 439 LIB.
2627 381 2666 435 Ι.
3674 387 3741 444 46

450 507 515 560 οὐ
550 503 849 560 κατέλαϐε.
877 521 896 556 t
951 501 1064 557 Kal.
1095 502 1145 556 εί
1189 501 1303 572 ζωή
1335 502 1484 554 ἐστιν
1523 503 1552 555 ό
1585 499 1810 572 Πατὴρ.
1856 498 1972 572 ζωὴ
1999 500 2036 554 δὲ

2157 510 2241 557 cst
2298 501 2484 568 Pater,
2519 501 2631 555 vita
2667 502 2794 556 item
2841 500 3044 568 Filius,
3075 504 3358 575 quomodo
3406 506 3590 564 minor
3620 508 3742 582 ipso

449 596 657 667 ὁμοίως
702 595 800 648 καὶ
827 594 857 646 6
887 591 1016 656 Υἱὸς
1036 631 1051 655 ,
1104 591 1222 654 πῶς
1255 589 1494 644 ἐλάττων
1523 587 1689 646 αὑτοῦ
1738 591 1922 656 tactv;
1978 589 2053 642 Οὐ

450 688 564 758 γάρ
603 689 723 740 ἐστι
767 683 994 748 τελείως
1027 683 1086 736 ὲν
1132 684 1265 754 ἡμῖν
1291 684 1325 753 ἡ
1369 680 1516 752 ζωὴ,
1573 681 1680 736 κᾶν
1709 683 1790 745 είς
1827 680 1918 734 τὸν
1946 681 2054 735 ἔσω

448 779 742 850 ἄνθρωπον
778 775 1098 846 κατοικήσει
1131 774 1370 844 Χριστός
1397 789 1412 803 °
1460 775 1646 846 νεκροὶ
1682 775 1740 828 δέ
1768 791 1887 838 πως
1912 775 2054 829 κατά

445 890 502 926 τι
537 871 708 942 μέρος
754 871 804 922 οί
849 866 1274 930 πιστεύσαντες,
1328 866 1489 938 εἴπερ
1533 868 1682 920 ἐστὶν
1728 867 1789 920 οὺ
1833 867 2054 932 τελείως

445 963 591 1034 ζωὴ,
616 960 680 1014 τὸ
709 959 934 1014 ἔλαττον
964 957 1105 1030 ἔχων
1126 959 1155 1012 6
1186 957 1335 1022 Υἱός.
1399 958 1620 1030 Ἐπειδὴ
1643 958 1699 1011 δὲ
1733 959 1840 1029 χρὴ
1870 957 1968 1030 τὴν
1995 961 2054 1012 ὲν

441 1056 664 1119 τούτοις
697 1053 932 1108 ἀτοπίαν
966 1051 1045 1116 ὡς
1093 1051 1434 1123 πορρωτάτω
1484 1049 1789 1113 ποιεῖσθαι.
1844 1049 2052 1104 τέλειον

439 1142 591 1201 εἷναί
621 1163 806 1216 φαμεν
829 1143 922 1198 τὸν
945 1143 1075 1197 Υίὸν
1104 1143 1162 1197 ὲν
1185 1142 1266 1214 τῷ
1293 1141 1486 1213 τελείῳ
1511 1142 1690 1215 Πατρὶ
1709 1139 2050 1212 παρισούμε-

440 1256 536 1293 νον
570 1238 661 1292 διὰ
694 1237 758 1290 τὸ
788 1237 889 1306 τῆς
915 1235 1104 1299 οὐσίας
1137 1233 1582 1304 ἀπαράλλακτον.

517 1331 726 1385 AAAO.
767 1331 830 1383 Εί
855 1329 1096 1383 ἐλάττων
1121 1327 1240 1380 ἐστὶ⁵
1271 1326 1366 1380 τοῦ
1395 1325 1611 1397 Πατρός
1641 1327 1670 1379 ὁ
1701 1325 1848 1390 Υἱὸς.
1879 1325 1966 1380 διά
1989 1341 2050 1380 τε

438 1422 610 1476 τοῦτο
639 1422 738 1490 οὐχ
785 1418 1110 1490 ὁμοούσιος·
1162 1417 1350 1490 ἕτερος
1393 1417 1504 1489 ἀρα
1544 1418 1662 1471 ἐστὶ
1703 1416 1846 1471 κατὰ
1887 1415 2049 1486 φύσιν

442 1515 546 1570 κα)⁸
583 1513 870 1584 ἀλλότριος
903 1507 1186 1573 παντελῶς
1206 1526 1219 1539 ·
1245 1508 1442 1564 οὐκοῦν
1475 1510 1574 1580 οὐχ
1601 1509 1752 1573 Υἱδς,
1783 1508 1897 1562 ἀλλ’
1924 1509 2048 1563 οὐδὲ

441 1603 585 1666 ὅλως
625 1602 778 1664 Θεός.
836 1601 962 1663 Πῶς
999 1599 1110 1670 γὰρ
1152 1598 1220 1654 ἀν
1271 1599 1365 1653 καὶ
1397 1600 1618 1654 καλοῖτο
1655 1600 1785 1664 Υἱὸς
1825 1602 1855 1653 6
1883 1601 1957 1672 μὴ
1983 1601 2049 1655 ἐκ

444 1694 692 1766 Πατρὸς,
730 1691 763 1761 ἢ
797 1690 917 1754 πῶς
950 1688 1030 1744 ἔτι
1061 1689 1225 1756 Θεὸς,
1256 1689 1286 1743 6
1323 1689 1400 1761 μὴ
1426 1691 1492 1743 ὲκ
1515 1689 1652 1743 Θεοῦ
1675 1688 1815 1744 κατά
1844 1688 2044 1758 φύσιν;

439 1787 511 1840 Τί
541 1801 708 1855 φασιν
732 1781 974 1837 ἐνταῦθα
1007 1782 1056 1835 oi
1084 1782 1212 1846 τοὺς
1245 1780 1322 1854 μὴ
1350 1780 1450 1853 τὴν
1482 1781 1562 1844 είς
1591 1779 1684 1834 τὸν
1707 1781 1834 1835 Υίον
1867 1797 2045 1853 παρα-

2158 594 2280 648 est?
2309 593 2428 648 Non
2457 595 2606 648 enim
2637 603 2724 650 est
2754 593 2996 664 perfecte
3035 596 3090 650 in
3125 597 3287 653 nobis
3327 599 3466 666 vita,
3485 603 3743 670 quamvis

2159 683 2214 737 in
2247 683 2503 739 interiori
2529 682 2755 739 homine
2797 683 3057 741 Christus
3105 687 3340 750 habitet,
3376 689 3472 744 sed
3501 688 3741 760 quadam

2155 787 2223 829 ex
2247 782 2408 844 parte
2437 775 2644 830 mortui
2685 786 2818 831 sunt
2863 777 3179 842 credentes,
3209 779 3484 849 siquidem
3516 796 3630 837 non
3657 791 3744 839 est

2157 853 2268 918 vita
2293 862 2556 934 perfecte,
2581 879 2708 920 cum
2739 864 2924 922 minus
2952 865 3151 922 habeat
3172 867 3367 924 Filius.
3385 868 3524 924 Cum
3554 880 3739 927 autem

2154 954 2560 1012 about-ditatem
2619 956 2770 1012 illam
2826 957 2880 1012 in
2934 958 3024 1014 bis
3073 960 3394 1030 longissime
3448 947 3773 1036 proﬁigarol

2152 1056 2432 1118 oporteat,
2465 1048 2772 1119 perfectum
2805 1065 2934 1108 esse
2969 1051 3210 1109 dicimus
3236 1051 3442 1109 Filium
3492 1056 3740 1126 perfecto

2152 1138 2305 1196 Patri
2368 1141 2678 1211 aequalem,
2736 1153 2963 1214 propter
3024 1143 3328 1215 perfectam
3391 1144 3738 1204 identitatem

2151 1231 2500 1289 substantiae.

2222 1322 2453 1380 ALIUD.
2484 1323 2544 1379 Si
2577 1324 2760 1381 minor
2785 1334 2874 1382 est
2911 1325 3076 1382 Patre
3115 1324 3314 1395 Filius,
3350 1342 3414 1382 ac
3448 1334 3740 1398 propterea

2151 1430 2262 1470 non
2303 1415 2824 1484 consubstantialis,
2861 1417 3008 1472 alius
3052 1420 3245 1488 utique
3285 1421 3596 1475 secundum
3644 1436 3740 1476 na-

2151 1513 2358 1572 turam,
2391 1521 2455 1560 ac
2487 1508 2650 1577 plane
2679 1507 2920 1563 alienus.
2953 1506 3126 1578 Igitur
3159 1525 3270 1564 non
3294 1508 3492 1576 Filius,
3518 1511 3616 1567 sed
3643 1526 3738 1567 ne-

2148 1612 2258 1668 que
2288 1612 2522 1668 prorsus
2565 1597 2735 1656 Deus.
2767 1598 3058 1666 Quomodo
3083 1601 3233 1658 enim
3278 1609 3511 1658 vocetur
3537 1602 3738 1671 Filius,

2147 1688 2244 1761 qui
2277 1705 2391 1746 non
2427 1699 2605 1746 estex
2649 1689 2836 1758 Patre,
2875 1699 2972 1746 aut
3001 1693 3283 1763 quomodo
3311 1694 3537 1750 tandem
3569 1695 3738 1760 Deus,

2147 1782 2244 1854 qui
2274 1797 2387 1838 non
2417 1792 2505 1840 est
2537 1799 2603 1839 ex
2647 1782 2761 1840 Deo
2808 1785 3114 1841 secundum
3147 1787 3442 1844 naturam?
3467 1786 3613 1854 Quid
3646 1788 3737 1844 hic

435 1877 778 1949 δεξαμένους
833 1876 1041 1941 πίστιν,
1085 1875 1456 1938 ἀπεκτονότας
1492 1874 1550 1928 δὲ
1594 1874 1798 1946 μᾶλλον
1829 1873 2036 1936 τοῦτον¹

2145 1875 2344 1931 dicunt
2387 1876 2484 1947 qui
2531 1886 2791 1932 asserunt
2835 1877 2891 1932 in
2924 1875 3144 1934 Patrem
3192 1880 3422 1936 credere
3465 1896 3578 1937 non
3637 1896 3738 1937 eos

438 1969 524 2031 εἰς
544 1966 637 2021 τὸν
654 1965 879 2037 Πατέρα
896 1963 1630 2035 πιστεύειν,ίσχυριζόμενοι;
1657 1963 1943 2036 Ἐπειδὴδὲ
1965 1965 2045 2028 είς

447 2059 578 2112 Υίόν
599 2057 802 2128 ἐστινὴ
824 2056 1124 2122 πίστις,ἐτι
1147 2056 1289 2112 κατὰ
1316 2057 1377 2110 τὸ
1404 2056 1551 2121 είκὸς
1575 2055 1932 2127 πλανώμεθα,
1953 2055 2045 2110 τὸν

437 2150 703 2222 ἀληθινὸν
723 2149 825 2204 οὐκ
851 2149 1232 2218 ἐπεγνωκότες
1250 2147 1404 2204 Θεόν.
1443 2148 1604 2204 Ἀλλά
1632 2148 1793 2203 τοῦτο
1819 2149 2041 2204 ἄτοπον.

438 2242 814 2306 Πιστεύοντες
836 2241 882 2294 δ’
913 2243 996 2305 είς
1023 2240 1174 2305 Υίδν,
1203 2239 1297 2294 καὶ
1318 2241 1398 2304 εἰς
1430 2241 1521 2294 τὸν
1544 2241 1764 2313 Πατέρα
1794 2239 2045 2295 πιστεύο-

440 2352 568 2406 μεν,
604 2334 699 2387 καὶ
727 2334 809 2396 είς
835 2330 896 2385 τὸ
931 2330 1088 2400 ἅγιον
1115 2329 1345 2400 Πνεῦμα
1381 2330 1605 2404 δηλαδή.
1655 2332 1769 2386 Οὐκ
1790 2331 1899 2404 ἀρα
1928 2333 2045 2388 ἐστὶ

431 2425 534 2478 τοῦ
570 2422 705 2477 Θεοῦ
729 2423 823 2476 καὶ
851 2421 1090 2493 Πατρὸς,
1119 2421 1197 2486 ὡς
1229 2422 1491 2485 ἐλάττων,
1525 2421 1807 2494 ἀλλότριος
1833 2422 1864 2475 6
1892 2422 2041 2488 Υἱὸς,

432 2513 558 2568 ἀλλ’
584 2513 642 2566 ἓν
671 2514 747 2578 ὡς
780 2513 918 2585 πρὸς
949 2512 1134 2579 αὑτὸν,
1191 2513 1282 2569 διὰ
1306 2514 1367 2568 τὸ
1394 2513 1454 2582 ἐξ
1479 2513 1645 2568 αὐτοῦ
1680 2514 1824 2570 κατά
1857 2514 2040 2585 φύσιν,

434 2603 556 2669 (eo;
583 2620 643 2656 τε
676 2603 766 2658 διά
793 2604 955 2657 τοῦτο
988 2603 1090 2657 καὶ
1116 2601 1345 2668 τέλειος.

504 2801 714 2855 ΑΛΛΟ.
750 2801 813 2854 Εἰ
849 2801 950 2872 μὲν
980 2800 1107 2865 Υἱός
1139 2800 1255 2854 ἐστι
1285 2799 1430 2856 κατά
1459 2801 1718 2874 ἀλήθειαν
1756 2804 1784 2857 6
1815 2804 1881 2857 ὲκ
1905 2801 2042 2856 Θεοῦ

2147 1965 2245 2036 qui
2299 1966 2462 2035 ﬁdem
2521 1975 2891 2037 susceperunt
2934 1967 2992 2022 in
3040 1967 3266 2034 Filium,
3293 1968 3392 2024 scd
3442 1970 3538 2040 qui
3586 1970 3736 2027 hunc

2147 2059 2335 2128 potius
2373 2057 2810 2114 interfecerunt?
2850 2058 2991 2114 Cum
3038 2067 3223 2116 autem
3272 2060 3408 2116 ﬁdes
3450 2063 3523 2117 sit
3554 2063 3610 2118 in
3642 2061 3736 2117 Fi-

2147 2150 2309 2216 lium,
2341 2149 2544 2217 adhuc,
2575 2159 2636 2206 ut
2662 2151 2932 2207 credibile
2955 2159 3062 2219 est,
3091 2165 3370 2223 erramus,
3398 2169 3589 2212 verum
3621 2169 3736 2211 non

2145 2251 2512 2314 agnoscentes
2560 2242 2754 2301 Deum.
2795 2245 2867 2299 At
2895 2244 3003 2301 hoc
3045 2244 3370 2302 absurdum.
3430 2247 3734 2304 Credentes

2145 2343 2329 2393 autem
2361 2335 2418 2391 in
2460 2335 2688 2404 Filium,
2728 2339 2783 2393 in
2834 2335 3054 2395 Patrem
3103 2354 3326 2411 quoque
3361 2339 3645 2398 credimus
3679 2350 3736 2398 et

2145 2431 2202 2486 in
2253 2430 2524 2501 Spiritum
2580 2439 2836 2488 sanctum
2891 2433 3184 2490 nimirum.
3261 2434 3379 2490 Non
3427 2443 3514 2492 est
3563 2435 3735 2508 igitur

2142 2525 2303 2594 quasi
2336 2523 2447 2580 Deo
2473 2539 2536 2580 ac
2566 2523 2729 2580 Patre
2759 2527 2940 2582 minor
2967 2527 3186 2588 alienus
3216 2527 3414 2596 Filius,
3438 2529 3537 2584 sed
3560 2545 3731 2584 unum

2143 2617 2276 2688 quid
2307 2632 2434 2672 cum
2467 2618 2606 2689 ipso,
2640 2627 2934 2689 proriterea
2965 2619 3119 2691 quod
3163 2635 3230 2676 ex
3260 2621 3379 2692 ipso
3406 2630 3496 2677 est
3535 2636 3727 2676 secun-p

2143 2707 2275 2764 dum
2313 2715 2589 2774 naturam,
2619 2718 2674 2763 et
2708 2709 2832 2765 ideo
2866 2711 3100 2782 aequalis
3135 2726 3200 2767 ac
3225 2712 3527 2783 perfectus.

2214 2797 2449 2854 ALIUD.
2481 2799 2538 2852 Si
2569 2798 2746 2856 Filius
2799 2817 2922 2857 vere
2957 2809 3044 2857 est
3088 2803 3138 2858 is
3182 2802 3275 2874 qui
3315 2818 3382 2858 ex
3419 2802 3528 2859 Deo
3569 2801 3735 2858 Patre

426 2893 655 2964 Πατρός
698 2891 1028 2963 ἀναλάμψας
1053 2892 1188 2956 Θεὸς
1226 2892 1436 2962 Λόγος,
1486 2892 1702 2964 ἀνάγκη
1747 2895 1906 2948 πᾶσα
1947 2894 2036 2947 καὶ

2141 2887 2350 2945 είΐιιιεὶι
2394 2889 2542 2948 Dens
2587 2890 2850 2954 Verbum,
2885 2907 3118 2948 necesse
3157 2893 3384 2948 omnino
3419 2899 3502 2949 est
3535 2892 3732 2948 adver-

423 2986 534 3056 οὐχ
574 2985 805 3048 ἑκόντας
849 2988 978 3049 τοὺς
1007 2984 1075 3038 δι’
1109 2983 1360 3046 ἐναντίας
1390 2984 1674 3056 ὁμολογεῖν
1724 2985 1791 3038 ὲκ
1820 2984 1921 3054 τῆς
1946 2984 2036 3037 ού-

2141 2980 2323 3038 sarios
2372 2981 2461 3035 vel
2508 2981 2765 3038 nolentes
2818 2982 3104 3049 conﬁteri,
3151 2981 3264 3055 24
3304 2999 3371 3038 ex
3419 2984 3730 3039 substantia

423 3078 558 3141 σίας
612 3076 773 3130 αὐτὸν
811 3075 1084 3148 ὑπάρχειν
1107 3076 1209 3144 τῆς
1254 3075 1348 3129 τοῦ
1377 3075 1613 3145 Πατρός.
1661 3074 1836 3130 Τοῦτο
1862 3075 1971 3148 γὰρ
2003 3078 2036 3147 ή

2141 3073 2324 3129 Patris
2379 3073 2562 3143 ipsum
2623 3072 2944 3129 exsistere:
2993 3074 3099 3130 hoc
3149 3074 3297 3130 enim
3356 3089 3485 3129 vera
3539 3075 3730 3131 tiliatio

431 3167 592 3223 κατὰ
623 3167 888 3238 ἀλήθειαν
943 3167 1130 3236 υίότης
1164 3165 1440 3238 σημαίνει.
1471 3160 1608 3220 Εἶτα
1661 3165 1779 3230 πῶς
1804 3167 1832 3220 6
1859 3166 2036 3221 τοιοῦ-

2142 3164 2440 3237 signiﬁcat.
2474 3166 2543 3218 At
2573 3164 2855 3235 quomodo
2887 3164 2936 3220 is
2970 3165 3149 3222 minor
3186 3171 3273 3221 est
3315 3165 3481 3222 Patre
3529 3165 3724 3222 Filius.

419 3279 521 3324 τος
557 3259 802 3312 ἐλάττων
839 3258 958 3311 ἐστὶ
988 3258 1081 3312 τοῦ
1121 3257 1334 3328 Πατρὸς
1365 3258 1494 3323 Υἱὸς
1517 3298 1532 3324 ,
1580 3259 1738 3329 εἴπερ
1767 3259 1916 3312 ἐστὶν
1943 3259 2036 3312 οὺ-

2141 3253 2415 3325 siquidem
2467 3254 2542 3310 sit
2592 3254 2916 3311 substantia:
2959 3253 3201 3325 fructus,
3244 3272 3367 3330 qua:
3408 3257 3723 3317 nullatenus

422 3353 554 3416 σίας
588 3351 823 3423 καρπὸς,
861 3350 1162 3421 οὐδαμόθεν
1196 3350 1259 3403 τὸ
1319 3349 1542 3406 ἔλαττον
1578 3350 1665 3420 ἐφ’
1688 3353 1856 3423 ἑαυτῇ
1888 3351 2036 3424 δεχο-

2140 3344 2196 3398 in
2228 3359 2288 3400 se
2331 3345 2516 3402 minus
2554 3345 2827 3417 suscipit?
2853 3345 3069 3403 Cuncta
3117 3348 3266 3404 enim
3315 3348 3556 3420 perfecte
3598 3362 3728 3407 sunt

426 3448 640 3518 μένης;
695 3445 880 3501 Πάντα
924 3445 1036 3516 γὰρ
1080 3443 1300 3509 τελείως
1347 3446 1405 3498 ὲν
1449 3445 1528 3516 τῷ
1562 3443 1698 3516 Θεῷ.
1745 3447 1808 3500 Εἰ
1846 3446 1904 3500 δὲ
1936 3447 2036 3500 οὐκ

2139 3437 2193 3491 in
2233 3435 2362 3492 Deo.
2395 3437 2555 3504 Quod
2597 3439 2643 3494 si
2673 3453 2785 3494 non
2825 3447 3007 3497 estex
3039 3441 3358 3498 substantia
3395 3441 3600 3509 Patris,
3631 3458 3730 3499 ne-

421 3540 578 3595 ἓστιν
620 3541 686 3592 ὲκ
729 3541 826 3611 τῆς
859 3541 1045 3604 οὐσίας
1089 3539 1181 3592 τοῦ
1207 3539 1423 3610 Πατρός
1469 3538 1588 3592 οὐδὲ
1622 3538 1749 3601 Υἱὸς
1783 3538 1909 3610 ἄρα’
1952 3540 2036 3594 νό-

2139 3543 2244 3598 que
2295 3526 2472 3614 Filius
2517 3529 2840 3604 estigitur,
2879 3531 2976 3588 sed
3022 3533 3252 3604 spurius
3288 3535 3458 3590 veluti
3503 3535 3727 3606 quidam

421 3630 521 3692 θος
553 3629 613 3682 δὲ
645 3628 836 3701 ὥσπερ
867 3647 948 3693 τις
980 3630 1074 3682 καὶ
1107 3628 1478 3699 ψευδώνυμος.
1543 3628 1682 3682 Ἀλλ’
1709 3629 1830 3684 οὐδὲ
1873 3631 2034 3696 αὐτὸς

2139 3639 2202 3679 ac
2233 3622 2357 3679 falsi
2387 3625 2651 3683 nominis.
2682 3627 2790 3684 Sed
2825 3643 3004 3702 neque
3034 3629 3199 3688 Pater
3232 3632 3351 3703 ipse
3373 3631 3541 3689 Pater
3569 3633 3725 3705 juste

419 3727 449 3779 ὁ
480 3724 698 3793 Πατὴρ,
728 3723 919 3793 Πατὴρ
956 3723 1024 3776 ἂν
1051 3723 1266 3776 καλοῖτο
1298 3723 1524 3786 δικαίως
1553 3740 1632 3786 τε,
1664 3725 1758 3777 καὶ
1789 3722 2032 3794 ἀληθῶς.

2139 3731 2199 3770 ac
2224 3732 2353 3772 vere
2384 3727 2611 3775 vocetur
2647 3737 2660 3774 :
2695 3720 2742 3776 si
2771 3721 2919 3776 enim
2947 3720 3123 3779 Filius
3152 3738 3264 3779 non
3299 3732 3384 3780 est
3415 3726 3722 3784 secundum

420 3819 560 3874 Υίοῦ
596 3817 708 3888 γὰρ
734 3818 834 3872 οὐκ
866 3818 1022 3880 ὄντος
1054 3816 1148 3868 τοῦ
1185 3816 1325 3870 κατὰ
1361 3816 1546 3886 φύσιν,
1582 3816 1648 3868 δι’
1677 3817 1735 3869 ὃν
1764 3817 1880 3870 ἐστι
1919 3817 2033 3869 Πα-

2139 3817 2394 3864 naturam
2427 3819 2658 3880 propter
2700 3826 2866 3883 quem
2906 3815 2978 3869 sit
3008 3813 3207 3880 Pater,
3241 3817 3520 3887 quomodo
3560 3817 3727 3874 Pater

411 3911 550 3978 τὴρ,
577 3908 696 3971 πῶς
711 3907 776 3961 ἂν
799 3910 970 3960 νοοῖτο
989 3907 1211 3977 Πατήρς
1241 3906 1400 3959 Ἀλλὰ
1421 3907 1576 3961 τοῦτο
1604 3907 1827 3961 ἄτοπον.
1875 3908 2030 3960 Ἐστι

2139 3901 2516 3973 intelligatur?
2552 3901 2663 3960 Sed
2691 3905 2797 3961 hoc
2838 3905 3164 3964 absurdum.
3216 3907 3310 3965 Est
3343 3918 3529 3968 autem
3560 3909 3726 3967 Pater

414 3999 476 4054 δὲ
507 3998 699 4069 Πατὴρ
725 3998 980 4069 ἀληθινὸς
1025 4001 1054 4052 ὁ
1082 3998 1215 4060 Θεός
1243 4015 1256 4027 ·
1318 3997 1477 4051 τοῦτο
1528 3998 1637 4068 γὰρ
1666 3998 1731 4070 δὴ
1771 3999 1865 4052 καὶ
1908 3998 2028 4052 ὅλαι

2139 4008 2295 4048 verus
2349 3994 2492 4050 Deus
2540 3995 2668 4066 (hoc
2714 3998 2864 4054 enim
2916 4000 3122 4070 ubique
3175 4000 3480 4073 Scriptura
3523 4003 3724 4060 divina:

418 4091 624 4162 βοῶσιν
649 4093 706 4144 αἱ
730 4091 875 4145 θεῖαι
907 4090 1123 4160 Γραφαί
1143 4106 1156 4120 ·
1184 4090 1313 4153 Υἱὸς
1335 4089 1441 4162 ἄρα
1471 4090 1690 4154 πάντως
1710 4092 1740 4144 6
1771 4089 1832 4155 ἐξ
1859 4089 2026 4144 αὑτοῦ

2139 4086 2468 4156 clamitant),
2501 4087 2673 4146 Filius
2713 4105 2844 4161 ergo
2878 4099 2964 4146 est
2985 4094 3147 4162 plane
3181 4094 3274 4164 qui
3308 4110 3374 4149 ex
3407 4095 3528 4166 ipso
3562 4106 3722 4152 natu-

418 4181 694 4250 φυσικῶς.
740 4183 802 4235 El
835 4183 890 4236 δὲ
925 4180 1118 4247 τοῦτο,
1161 4180 1263 4234 οὐκ
1290 4181 1530 4236 ἐλάττων
1556 4194 1569 4210 ’
1602 4182 1891 4253 όμοούσιος
1919 4182 2027 4252 γὰρ

2139 4179 2341 4234 raliter.
2375 4179 2533 4245 Quod
2580 4181 2628 4236 si
2663 4180 2860 4246 Filius,
2899 4198 3010 4238 non
3057 4199 3189 4255 ergo
3233 4187 3432 4241 minor.
3465 4187 3722 4246 Consub—

413 4273 497 4336 ὡς
529 4272 682 4334 Υἱός.
2127 4270 2412 4326 stantialis
2451 4273 2596 4327 enim
2639 4281 2725 4329 est
2764 4281 2958 4344 utpote
2996 4273 3196 4332 Filius.

500 4366 713 4419 AAAO.
776 4365 850 4419 T6
892 4368 994 4436 τῆς
1023 4366 1256 4436 πατριᾶς
1302 4365 1423 4435 ἢτοι
1466 4365 1806 4436 πατρότητος
1851 4364 2023 4436 ὄνομα

2194 4359 2431 4417 ALIUD.
2468 4359 2827 4417 Paternitatis
2874 4379 3076 4419 nomen
3113 4382 3227 4421 non
3273 4367 3437 4424 habet
3472 4367 3616 4428 Deus
3651 4385 3718 4428 ex

412 4458 522 4512 οὐκ
560 4457 621 4522 ἐξ
652 4460 684 4528 ἡ
696 4458 812 4528 μῶν
837 4458 950 4529 ἔχει
974 4458 1107 4521 Θεὸς
1129 4497 1142 4521 ,
1191 4457 1308 4511 ἀλλ’
1338 4457 1500 4528 ἡμεῖς
1536 4457 1739 4528 μᾶλλον
1768 4457 1826 4524 ἐξ
1856 4457 2019 4511 αὐτοῦ

2139 4455 2310 4518 nobis,
2347 4452 2441 4510 sed
2481 4469 2584 4510 nos
2622 4455 2805 4525 potius
2847 4457 2918 4512 ab
2953 4456 3075 4528 ipso
3114 4460 3399 4531 accepisse
3438 4461 3711 4518 videmur.

412 4546 684 4609 λαϐόντες
716 4544 993 4617 όρώμεθα.
1034 4547 1232 4610 Πιστὸς
1262 4547 1318 4599 δὲ
1349 4547 1377 4598 6
1411 4545 1570 4615 λόγος
1601 4545 1818 4598 Παύλου
1853 4545 2023 4615 βοῶν-

2139 4547 2335 4605 Fidelis
2383 4549 2590 4620 quippe
2639 4556 2725 4605 est
2773 4565 2958 4605 sermo
3011 4549 3166 4606 Pauli
3207 4553 3499 4612 clamantis
3537 4575 3551 4612 :
3588 4574 3608 4608 r
3641 4555 3717 4611 Ex

408 4658 510 4704 τος
549 4639 684 4692 ὠδίο
721 4656 740 4690 ι
782 4639 871 4705 Ἐξ
907 4633 970 4693 οὗ
1019 4642 1170 4693 πᾶσα
1226 4640 1431 4712 πατριὰ
1476 4639 1533 4692 ἐν
1567 4655 1626 4692 τε
1663 4639 1875 4711 οὐρανῷ
1927 4641 2022 4694 καὶ

2139 4658 2240 4714 quo
2271 4641 2456 4698 omnis
2496 4642 2804 4718 paternitas
2836 4641 2889 4697 in
2918 4642 3076 4700 ccelis
3106 4653 3159 4700 et
3188 4644 3242 4700 in
3274 4653 3422 4700 terra
3461 4646 3719 4702 nomina-

407 4734 509 4789 ἐπὶ
544 4734 652 4804 γῆς
699 4732 1049 4804 ὀνομάζεται.
1084 4751 1103 4784 ι
1168 4732 1385 4805 Ἐπειδὴ
1429 4732 1486 4787 δὲ
1520 4733 1656 4797 Θεὸς
1694 4732 1755 4786 τὸ
1800 4732 2019 4786 πάντων

2139 4741 2218 4788 Lur
2247 4732 2321 4789 ⁵⁸.
2351 4751 2370 4784 ι
2409 4733 2549 4788 Cum
2608 4742 2789 4789 autem
2833 4733 2975 4790 Deus
3012 4735 3082 4790 sit
3139 4751 3228 4791 res
3268 4737 3514 4792 omnium
3572 4740 3717 4794 anti-

404 4827 536 4881 ἐστὶ
565 4823 986 4896 πρεσϐύτατον,
1033 4825 1178 4880 κατὰ
1227 4826 1461 4897 μίμησιν
1494 4823 1738 4896 δηλονότι
1780 4823 2020 4894 πατέρες

2139 4826 2424 4896 ῃυίεεῑπια,
2461 4824 2776 4881 imitatione
2833 4825 3075 4895 quadam
3108 4835 3162 4883 et
3206 4830 3571 4888 similitudine
3612 4849 3716 4892 nos

321 4973 342 4983 ς
405 4917 604 4987 ἡμεῖς,
624 4915 674 4966 oi
707 4913 845 4986 πρὸς
873 4913 936 4967 τὸ
964 4915 1176 4967 ἐκείνου
1225 4916 1412 4986 σχῆμα
1443 4913 1530 4967 διὰ
1559 4913 1654 4966 τοῦ
1685 4913 2019 4983 πεποιῆσθαι

402 5008 538 5063 κατ’
569 5005 782 5072 εἰκόνα,
809 5005 1160 5078 κεκλημένοι.
1191 5001 1326 5060 Εἶτα
1358 5005 1498 5073 πῶς,
1527 5005 1651 5058 είπὲ
1683 5021 1792 5075 μοι,
1831 5005 2018 5058 λοιπὸν

397 5103 455 5156 σί
494 5098 626 5153 καθ’
669 5097 932 5170 ὁμοίωσιν
959 5098 1248 5168 γεγονότες
1276 5097 1453 5169 αὐτῷ,
1485 5099 1626 5153 κατά
1658 5099 1822 5168 φύσιν
1845 5098 2015 5170 ἐσμὲν

397 5192 522 5246 τῶν
547 5190 768 5244 οἰκείων
806 5189 1014 5243 τέκνων
1043 5189 1280 5262 πατέρες
1303 5231 1316 5254 ,
1367 5192 1416 5245 εί
1450 5190 1524 5262 μὴ
1563 5191 1823 5262 πρόσεστι
1857 5190 2013 5244 τοῦτο

397 5287 471 5356 τῇ
513 5281 815 5354 ἀρχετύπῳ
868 5282 1070 5346 εἰκόνι,
1127 5283 1263 5353 πρὸς
1305 5284 1373 5354 ἢν
1406 5285 1499 5337 καὶ
1551 5281 2008 5355 μεμορφώ‹μεθα;

399 5375 538 5439 Πῶς
587 5374 633 5428 δ’
672 5375 742 5428 ἂν
785 5373 924 5437 ὅλως
965 5375 1026 5428 τὸ
1067 5375 1167 5446 τῆς
1209 5379 1446 5448 πατριᾶς
1495 5378 1615 5448 ἤτοι
1675 5377 2016 5448 πατρότητος

393 5469 584 5538 ὄνομα
635 5467 733 5519 καὶ
760 5467 843 5530 εἰς
887 5467 1014 5530 τοὺς
1047 5466 1240 5531 ἄλλους
1281 5469 1507 5539 ἐκϐῆναι
1541 5469 1692 5542 παρὰ
1731 5468 1871 5522 Θεοῦ
1899 5469 2016 5538 δοίη

393 5576 490 5622 τις
522 5557 622 5622 ἂν,
672 5555 728 5610 εί
755 5573 818 5625 γε
844 5556 1015 5622 ὅντως
1042 5559 1142 5612 οὐκ
1170 5558 1287 5613 ἔστι
1324 5563 1552 5634 [Ιατῆρῖ
1599 5561 1857 5616 Φαίνεται
1883 5562 2014 5634 γὰρ,

395 5649 470 5702 ἂν
519 5646 700 5710 οὕτως
747 5645 884 5719 ἔχῃ,
925 5648 1208 5712 παντελῶς
1249 5650 1675 5723 ἀνεστραμμένη
1723 5650 1826 5706 τοῦ
1872 5651 2018 5724 πρά-

396 5757 619 5813 γματος
645 5743 679 5812 ἠ
711 5738 878 5810 φύσις
900 5777 916 5806 ,
955 5740 1117 5811 ἡμεῖς
1141 5740 1197 5794 δὲ
1229 5740 1432 5814 μᾶλλον
1466 5742 1616 5815 αὐτῷ
1656 5741 1779 5798 καθ’
1813 5742 2016 5816 ὁμοίω-

508 5853 559 5886 ⁸³
592 5852 798 5923 Epltes.
822 5867 904 5916 Ill,
948 5851 1036 5906 l5.

2131 4926 2317 4988 patres
2353 4917 2719 4988 appellamur,
2759 4918 2906 4988 quod
2961 4919 3030 4973 ad
3078 4919 3200 4990 ejus
3242 4921 3540 4992 imaginem
3584 4926 3715 4982 facti

2119 5025 2335 5065 sumus.
2360 5012 2429 5062 At
2465 5009 2764 5080 quomodo,
2797 5026 3006 5080 quaeso,
3027 5011 3093 5067 ad
3128 5011 3250 5083 ejus
3285 5013 3418 5070 facti
3447 5006 3712 5074 similitu-

2118 5097 2300 5153 dinem
2332 5105 2657 5154 nostrorum
2692 5097 2933 5155 ﬁliorum
2962 5108 3149 5172 patres
3184 5119 3378 5162 sumus
3406 5109 3711 5166 secundum

2115 5200 2398 5254 naturam,
2429 5190 2476 5245 si
2524 5191 2850 5262 exemplari,
2887 5193 3047 5265 cujus
3089 5197 3396 5256 imitatione
3441 5201 3497 5258 id
3535 5202 3710 5261 habe—

2115 5297 2262 5346 mus,
2283 5280 2388 5336 lioc
2423 5296 2536 5337 non
2569 5282 2750 5338 inest?
2780 5281 3074 5350 Quomodo
3099 5289 3336 5362 denique
3359 5295 3707 5362 paternitatis

2119 5388 2322 5430 nomen
2348 5373 2516 5428 etiam
2547 5373 2614 5427 ad
2645 5374 2784 5430 alios
2803 5393 2828 5427 υ
2858 5375 2968 5432 Deo
2993 5394 3327 5449 permanare
3351 5383 3706 5448 concedetur,

2120 5469 2166 5522 si
2202 5466 2366 5522 Pater
2395 5481 2525 5522 vere
2549 5483 2659 5522 non
2695 5469 2822 5526 est?
2844 5468 2990 5526 Nam
3017 5471 3066 5529 si
3095 5473 3171 5526 ita
3203 5489 3263 5530 se
3299 5473 3485 5541 habet,
3512 5488 3707 5530 eversa

2119 5575 2354 5632 prorsus
2388 5560 2609 5616 videtur
2647 5561 2726 5618 rei
2768 5571 2992 5630 natura,
3021 5571 3077 5621 et
3103 5581 3203 5622 nos
3229 5567 3279 5622 ei
3304 5565 3484 5623 Patris
3519 5568 3707 5638 appel-

2117 5654 2383 5710 lationem
2423 5654 2493 5711 ad
2532 5655 2954 5712 similitudinem
2988 5666 3238 5714 nostram
3275 5661 3460 5728 potius
3499 5662 3710 5718 tribue-

2123 5762 2269 5816 mus,
2305 5761 2473 5818 quam
2501 5747 2622 5821 ipse
2646 5747 2830 5807 nobis.
2858 5748 2975 5808 Hoc
3006 5750 3156 5808 enim
3184 5752 3327 5812 ratio
3356 5752 3519 5814 fateri
3546 5766 3708 5829 coget
