4156 6486
447 378 515 431 ιη
1464 367 1518 422 S.
1547 367 1824 423 CYRILIJ
1861 365 2333 422 ALEXANDBINI
2377 369 2702 426 ARCIIIEP.
3657 376 3723 432 ,ις

451 489 776 547 Ιιαετειὶειιιιι
821 488 904 541 vel
943 485 1206 541 invitum.
1244 483 1431 552 Itaque
1463 483 1730 536 mentitur
1763 483 1920 538 testis
1947 483 2037 538 ille

2144 499 2228 537 σιν
2281 483 2379 554 τὴν
2422 484 2557 554 πρὸς
2607 486 2754 555 ἡμᾶς
2789 485 2849 536 τὸ
2901 485 3091 559 Πατὴρ
3134 486 3416 542 καλεῖσθαι
3457 489 3724 562 δώσομεν,

449 582 722 644 veritatis,
769 580 862 650 qui
915 595 983 634 ex
1033 581 1154 648 ipso
1201 575 1590 646 paternitatem
1643 589 1865 629 onmem
1909 590 2032 631 esse

447 677 607 742 dicit,
645 675 699 730 in
745 673 889 728 coelo
921 681 976 726 et
1012 684 1178 726 terra.
1215 669 1283 724 At
1327 669 1434 724 hoc
1477 668 1664 723 dicere
1711 676 1798 721 est
1838 666 2034 722 absur-

449 770 768 826 dissimum.
804 766 981 820 Verax
1016 764 1163 819 enim
1212 772 1300 818 est
1343 761 1438 831 qui
1474 775 1673 831 magna
1716 759 1913 814 ﬁducia
1945 760 2033 814 di-

450 863 528 916 cit
555 881 570 915 :
600 880 624 912 ι
642 861 724 913 An
750 856 1188 928 experimentum
1209 853 1457 925 quaeritis
1483 852 1606 922 ejus
1631 852 1722 922 qui
1757 851 1810 905 in
1845 865 1934 905 me
1955 849 2033 905 lo-

449 954 637 1024 quitur
668 951 931 1006 Christus
957 949 1039 1002 ⁵⁸⁸2
1064 967 1081 1000 ι
1113 946 1182 1000 Ει
1214 961 1280 1001 ex
1309 944 1422 999 Deo
1451 945 1802 1014 paternitatis
1832 957 2030 997 nomen

447 1046 612 1101 etiam
647 1045 702 1099 in
731 1057 833 1098 nos
867 1040 1078 1096 deﬂuit.
1115 1039 1290 1109 Igitur
1324 1035 1628 1092 secundum
1661 1045 1920 1090 naturam
1949 1042 2032 1090 est

448 1139 609 1195 Pater
624 1137 792 1193 Verbi
814 1155 829 1203 ;
855 1135 948 1192 sed
978 1135 1167 1206 genuit
1203 1147 1312 1188 non
1337 1130 1663 1188 dissimilem
1704 1129 1831 1189 sibi,
1864 1128 1939 1181 ita
1972 1135 2031 1181 ut

451 1231 662 1302 aliquid
700 1230 754 1283 in
797 1229 899 1283 hoc
934 1227 1120 1281 minus
1149 1224 1222 1280 sit
1258 1237 1427 1294 quam
1472 1221 1529 1276 in
1559 1219 1702 1290 ipso.
1737 1217 1849 1273 Nos
1882 1218 2028 1272 enim

451 1326 519 1380 ad
549 1322 915 1379 imitationem
945 1319 1068 1386 ejus
1099 1317 1252 1382 facti,
1282 1316 1527 1370 minores
1561 1314 1659 1368 illo
1692 1327 1906 1375 sumus,
1933 1311 2028 1366 sed

452 1418 545 1488 qui
578 1432 607 1470 a
635 1414 801 1469 nobis
829 1413 1070 1468 eduntur
1100 1409 1339 1481 aequales
1365 1407 1531 1463 nobis
1560 1413 1689 1461 sunt
1725 1403 2028 1460 secundum

452 1519 664 1564 natura:
702 1508 992 1561 rationem.

2139 577 2280 647 ἥπερ
2314 575 2476 638 αὐτὸς
2522 578 2674 646 ἡμῖν.
2727 577 2898 630 Τοῦτο
2929 577 3038 649 γὰρ
3075 581 3104 632 6
3146 579 3304 646 λόγος
3347 583 3728 652 συνομολογεῖν

2139 665 2440 734 ἀναγκάσει
2479 666 2572 719 καὶ⁵
2606 666 2809 721 ἄκοντα
2844 669 2936 720 τὸν
2966 670 3263 738 αἱρετικὸν.
3297 671 3511 726 Οὐκοῦν
3535 672 3728 742 ψεύδε-

2139 775 2229 810 ται
2269 757 2370 828 τῆς
2405 758 2665 830 ἀληθείας
2701 760 2729 811 6
2761 760 2992 831 μάρτυς,
3033 761 3092 825 ἐξ
3141 763 3306 816 αὑτοῦ
3344 762 3518 831 λέγων
3547 767 3726 818 πᾶσαν

2087 917 2101 930 ι
2142 844 2282 902 εἶναι
2309 849 2571 920 πατριὰν,
2609 850 2666 904 ἐν
2693 867 2753 903 τε
2783 851 2997 924 οὐρανῷ
3027 853 3122 906 καὶ
3147 854 3238 906 ἐπὶ
3271 855 3396 925 γῆς.
3442 855 3580 909 Ἀλλ’
3611 857 3724 910 ἐστι

2137 938 2298 994 τοῦτο
2329 941 2493 1010 φάναι
2517 941 2628 996 τῶν
2661 943 3053 1000 ἀτοπωτάτων.
3101 946 3378 1017 Ἀληθεύει
3406 949 3513 1017 γὰρ
3541 951 3568 1002 6
3595 949 3727 1019 θαρ-

2139 1033 2313 1104 σήσας
2346 1036 2522 1088 εἰπεῖν
2550 1051 2563 1065 ·
2609 1055 2626 1088 ‹
2669 1034 2732 1088 Ei
2768 1036 2997 1108 δοκιμὴν
3028 1038 3240 1109 ζητεῖτε
3267 1040 3359 1094 τοῦ
3405 1042 3462 1095 ὲν
3485 1042 3607 1111 ὲμοῖ¹
3634 1041 3728 1094 λα-

2137 1126 2359 1191 λοῦντος
2410 1127 2684 1200 Χριστοῠ;
2721 1147 2738 1180 ι
2793 1130 2903 1184 Καὶ
2950 1133 3023 1186 ἐκ
3056 1132 3193 1186 Θεοῦ
3245 1133 3306 1186 τὸ
3345 1135 3445 1204 τῆς
3489 1136 3726 1202 πατριᾶς

2137 1221 2307 1291 ὄνομα
2359 1223 2451 1276 καὶ
2478 1224 2556 1286 είς
2581 1223 2728 1294 ἡμᾶς
2757 1224 3043 1293 καταρρεῖ.
3075 1223 3286 1278 Οὐκοῦν
3312 1227 3427 1278 ἐστι
3459 1225 3598 1278 κατὰ
3628 1223 3728 1292 φύ-

2141 1331 2226 1368 σιν
2269 1315 2362 1368 τοῦ
2415 1315 2588 1384 Λόγου
2637 1317 2864 1388 Πατήρ·
2903 1315 3092 1369 τέτοκε
3137 1317 3194 1370 δὲ
3233 1318 3452 1382 πάντως
3499 1319 3597 1371 οὐκ
3634 1318 3727 1371 ἀν-

2137 1406 2321 1477 όμοιον
2345 1407 2524 1478 ἑαυτῷ
2541 1450 2556 1472 ,
2581 1407 2667 1460 διὰ
2693 1407 2787 1461 τοῦ
2816 1407 2876 1460 τὸ
2903 1407 3120 1463 ἔλαττον
3150 1409 3292 1480 ἔχειν
3313 1449 3327 1471 ,
3355 1409 3389 1480 ἦ
3432 1411 3488 1462 ἐν
3525 1405 3724 1478 οἷςπέρ

2137 1496 2285 1548 ἐστιν
2329 1495 2491 1560 αὑτός
2517 1514 2530 1526 ·
2581 1498 2628 1550 oi
2668 1498 2778 1569 γὰρ
2811 1497 2947 1567 πρὸς
2982 1497 3213 1569 μίμησιν
3233 1498 3532 1567 ,γεγονότες
3565 1500 3725 1568 ἡμεῖς

451 1602 550 1674 τὴν
603 1601 856 1666 ἐκείνου,
893 1597 1091 1668 ἔχομεν
1139 1597 1235 1666 οὐχ
1263 1595 1406 1648 οὕτω
1433 1593 1498 1646 τὰ
1567 1590 1628 1655 ἐξ
1694 1586 1902 1641 ἑαυτῶν
1969 1585 2310 1657 γεννώμενα,
2369 1589 2461 1644 ἴσα
2499 1590 2554 1644 δὲ
2608 1591 2888 1656 παντελῶς
2933 1593 3074 1646 κατά
3118 1609 3182 1663 γε
3224 1593 3316 1647 τὸν
3362 1593 3464 1664 τῆς
3511 1592 3724 1661 φύσεως

449 1696 624 1765 λόγον.
1579 1729 1582 1732 ~

518 1785 744 1842 ALIUD.
771 1782 850 1841 Ne
878 1785 1159 1841 veritatem
1183 1781 1336 1837 vafer
1363 1780 1662 1837 haereticus
1690 1779 2024 1842 ludiﬁcetur,

2211 1771 2418 1825 ΑΛΛΟ.
2453 1769 2546 1842 Μὴ
2589 1771 2895 1841 σοφιζέσθω
2915 1772 3014 1842 τὴν
3043 1772 3298 1843 ἀλήθειαν
3329 1775 3356 1826 ό
3383 1774 3624 1839 ποικίλος
3645 1778 3724 1840 είς

450 1896 630 1950 neque
651 1880 850 1933 Filium
876 1876 970 1932 Dei
992 1875 1102 1947 25
1127 1874 1369 1930 Verbum
1403 1871 1624 1928 fatendo
1663 1871 1868 1927 nudttm
1899 1870 1947 1925 ei
1978 1876 2031 1924 et

451 1971 639 2027 verbis
682 1979 843 2026 tenus
873 1970 1140 2024 honorem
1169 1967 1400 2030 tribuat,
1426 1981 1537 2020 non
1586 1980 1710 2020 esse
1752 1964 1932 2034 ipsum
1964 1977 2033 2017 ex

452 2064 764 2118 :mbstantia
810 2061 989 2116 Patris
1038 2073 1320 2115 asserens.
1358 2056 1646 2123 Quomodo
1677 2056 1823 2111 enim
1870 2055 2034 2126 plane

452 2154 628 2210 Filius
679 2165 786 2218 est,
822 2153 868 2208 si
918 2160 1119 2207 natura
1168 2151 1248 2204 ita
1289 2165 1398 2203 non
1443 2148 1566 2204 est?
1607 2148 1716 2201 Aut
1759 2161 1891 2214 ergo
1941 2144 2035 2200 de-

453 2256 627 2302 tracta
665 2244 979 2318 hypocrisis
1013 2257 1252 2314 persona
1287 2242 1468 2311 palam
1495 2239 1902 2310 blasphement,
1933 2254 2034 2293 nec

453 2337 623 2390 Deum
658 2349 762 2389 nec
793 2331 993 2387 Filium
1029 2347 1154 2386 esse
1184 2330 1424 2384 fatentes
1450 2345 1463 2382 :
1488 2334 1585 2380 aut
1620 2327 1665 2380 si
1707 2326 2033 2380 auctoritate

456 2432 870 2502 Seripturarum
939 2427 1214 2488 convicti,
1280 2433 1334 2479 et
1398 2433 1715 2477 sanctorum
1783 2419 2033 2475 doctrina

453 2525 608 2587 tacti,
658 2522 941 2578 veritatem
994 2524 1334 2579 reverentur,
1379 2521 1433 2568 ει
1473 2513 1672 2568 Filium
1730 2510 1921 2566 dicunt
1972 2525 2036 2563 ac

454 2618 645 2678 Deum,
679 2630 744 2669 ne
775 2611 938 2666 Patre
979 2609 1244 2663 minorem
1290 2620 1413 2661 esse
1459 2604 1720 2674 cogitent.
1753 2598 2036 2667 Quomodo

452 2707 604 2763 enim
655 2704 839 2760 minus
895 2700 1127 2772 accipiet
1156 2703 1405 2766 respectu
1441 2694 1620 2750 Patris
1657 2690 1771 2756 Dei,
1801 2705 1924 2745 cum
1965 2683 2037 2746 sit

455 2800 599 2855 Deus
629 2794 902 2854 Verbum?
934 2791 1068 2846 Nam
1121 2798 1175 2845 et
1223 2790 1386 2842 homo
1434 2784 1676 2840 hominis
1727 2783 1951 2847 dicitur,
1985 2791 2038 2837 et

454 2899 560 2955 est,
591 2889 754 2952 ﬁlius,
790 2885 883 2942 sed
921 2900 1030 2940 non
1060 2883 1164 2938 erit
1209 2880 1420 2936 idcirco
1467 2883 1619 2947 patre
1663 2875 1862 2938 minor,
1897 2890 2035 2944 qua.

439 2995 616 3039 tenus
667 2987 753 3035 est
795 2978 978 3031 homo.
1008 2971 1181 3028 llomo
1211 2971 1357 3026 enim
1409 2967 1651 3030 homine,
1682 2967 1738 3020 in
1773 2975 2036 3036 quantum

456 3074 618 3129 homo
669 3076 776 3132 est,
807 3082 917 3121 non
963 3073 1048 3120 est
1099 3062 1276 3131 major
1330 3067 1422 3113 aut
1477 3059 1678 3124 minor,
1711 3056 1806 3112 sed
1862 3071 2039 3126 neque

2133 1864 2325 1932 λόγους
2369 1863 2662 1935 αίρετικὸς.
2698 1863 2833 1934 μηδὲ
2883 1863 3010 1917 Υίὸν
3043 1863 3320 1935 ὁμολογῶν
3349 1865 3438 1919 τὸν
3467 1865 3560 1918 τοῦ
3586 1865 3722 1920 Θεοῦ

2134 1957 2308 2025 Λόγον
2332 1999 2346 2022 ,
2375 1955 2540 2028 ψιλὴν
2571 1955 2720 2028 αὐτῷ
2761 1957 2855 2010 καὶ
2893 1958 2994 2028 τὴν
3020 1958 3074 2010 ὲν
3122 1958 3329 2029 ῥήμασι
3363 1957 3544 2028 μόνοις
3571 1977 3724 2030 χαρι-

2135 2048 2311 2113 ζέσθω
2346 2048 2513 2120 τιμὴν
2535 2090 2549 2114 ,
2594 2049 2695 2103 οὐκ
2729 2043 2866 2103 εἶναι
2895 2050 3070 2117 λέγων
3099 2049 3261 2104 αὑτὸν
3301 2051 3364 2103 ἐκ
3401 2051 3501 2120 τῆς
3529 2052 3721 2114 οὐσίας

2134 2141 2231 2213 τῆς
2283 2139 2375 2193 τοῦ
2409 2141 2641 2211 Πατρός.
2709 2140 2832 2204 Πῶς
2885 2140 2995 2211 γὰρ
3037 2139 3173 2203 ὅλως
3219 2140 3385 2207 Υἱὸς,
3438 2142 3486 2193 εἰ
3522 2140 3596 2211 μὴ
3631 2141 3724 2194 οὓς

2133 2249 2242 2296 τως
2293 2232 2405 2303 ἔχοι
2433 2231 2577 2286 κατὰ
2606 2231 2767 2301 φύσιν
2792 2247 2807 2297 ;
2861 2233 2929 2285 Ἢ
2961 2231 3142 2285 τοίνυν
3167 2233 3227 2283 τὸ
3254 2231 3354 2302 τῆς
3384 2231 3721 2303 ὑποκρίσεως

2137 2321 2480 2393 περιελόντες
2556 2325 2900 2395 προσωπεῖον
2953 2321 3406 2392 δυσφημείτωσαν
3484 2321 3723 2390 ἀναφαν-

2133 2411 2220 2463 δὸν
2244 2451 2258 2475 ,
2315 2412 2452 2482 μήτε
2505 2410 2636 2464 Θεὸν
2675 2411 2820 2482 μήτε
2865 2411 2994 2464 Υίὸν
3027 2409 3414 2485 ὁμολογοῦντες
3438 2427 3452 2441 ο
3500 2411 3533 2481 ἢ
3565 2411 3724 2482 εἴπερ

2136 2507 2200 2559 ὲκ
2234 2506 2411 2574 πάσης
2457 2505 2801 2577 ἐλεγχόμενοι
2841 2506 2939 2576 τῆς
2974 2505 3125 2569 Θείας
3159 2506 3413 2576 Γραφῆς,
3468 2505 3562 2559 καὶ
3610 2507 3724 2568 τοῖς

2136 2592 2243 2645 τῶν
2308 2593 2480 2661 ἁγίων
2525 2592 2706 2662 λόγοις
2775 2594 3364 2665 κατασφενδονούμενοι
3416 2593 3726 2648 δυσωποῦν-

2137 2700 2226 2736 ται
2256 2681 2352 2754 τὴν
2385 2681 2663 2753 ἀλήθειαν,
2694 2684 2790 2737 καὶ
2833 2684 2962 2737 Υίὸν
3000 2680 3141 2738 εἶναι
3180 2685 3399 2753 λέγουσι
3441 2684 3536 2738 καὶ
3570 2685 3724 2752 Θεὸν,

2142 2771 2216 2843 μὴ
2243 2771 2612 2842 φρονείτωσαν
2645 2773 2721 2836 ὡς
2750 2772 2898 2826 ἐστιν
2929 2772 3168 2827 ἐλάττων
3195 2773 3290 2827 τοῦ
3309 2774 3721 2846 γεγεννηκότος.

2139 2863 2262 2927 Πῶς
2297 2864 2405 2936 γὰρ
2431 2865 2570 2929 ὅλως
2612 2865 2912 2930 ἑπιδέξεται
2955 2865 3017 2918 τὸ
3063 2865 3283 2920 ἔλαττον
3335 2865 3412 2930 ὡς
3457 2867 3594 2938 πρὸς
3637 2865 3726 2920 τὸν

2141 2957 2358 3028 Πατέρα
2389 2957 2542 3022 Θεὸν,
2573 2957 2707 3022 Θεὸς
2735 2956 2812 3010 ὢν
2843 2959 2872 3011 ό
2898 2957 3068 3026 Λόγος
3093 2975 3109 3023 ;
3145 2957 3340 3012 Καίτοι
3388 2959 3483 3012 καὶ
3513 2959 3724 3030 ἄνθρω-

2141 3038 2242 3112 πος
2271 3048 2560 3119 ἀνθρώπου
2609 3049 2941 3122 χρηματίζει
2981 3067 3043 3102 τε
3096 3051 3191 3104 καὶ
3243 3049 3391 3103 ἔστιν
3429 3050 3578 3115 Υἱὸς,
3611 3049 3727 3104 ἀλλ’

455 3168 641 3222 forsan
692 3161 918 3232 angelus
969 3155 1186 3226 angelo,
1235 3161 1510 3223 quatenus
1564 3151 1812 3219 angelus,
1861 3163 2039 3218 neque

2144 3142 2242 3194 οὐκ
2272 3141 2512 3196 ἐλάττων
2557 3141 2710 3196 ἔσται
2742 3142 2835 3195 τοῦ
2865 3143 3081 3214 Πατρὸς
3113 3143 3255 3196 κατά
3285 3159 3348 3211 γε
3378 3142 3440 3196 τὸ
3469 3138 3607 3197 εἶναι
3634 3143 3727 3197 ἄν·

456 3273 547 3313 res
570 3256 680 3310 ulia
711 3257 962 3321 respectu
1003 3247 1230 3301 alterius
1259 3257 1382 3314 quae
1412 3242 1484 3297 sit
1521 3240 1765 3311 ejusdem
1806 3247 2034 3303 natura,

453 3357 510 3405 et
566 3344 813 3417 ejusdem
865 3339 1118 3399 essentiae
1171 3337 1438 3390 rationem
1499 3334 1708 3388 sortita.
1749 3329 1938 3401 Itaque
1993 3328 2037 3385 si

458 3454 648 3495 revera
678 3443 763 3492 cst
786 3433 982 3500 Filius,
1009 3444 1235 3487 necesse
1267 3436 1351 3484 est
1389 3427 1574 3482 dicere
1607 3427 1786 3496 ipsum
1819 3438 1941 3479 esse
1972 3437 2039 3476 ex

461 3526 641 3581 Patris
691 3521 1038 3586 substantia,
1106 3533 1298 3574 omnes
1366 3516 1487 3586 ejus
1545 3515 1910 3586 proprietates
1985 3511 2038 3564 in

464 3621 643 3690 seipso
673 3617 940 3671 ferentem
971 3612 1346 3667 naturaliter:
1384 3619 1439 3666 et
1466 3609 1514 3664 si
1548 3616 1745 3662 natura
1785 3607 1926 3660 Deus
1957 3611 2042 3659 est

462 3710 644 3776 Pater,
677 3709 821 3765 Deus
870 3707 1062 3777 utique
1105 3704 1408 3761 secundum
1461 3710 1718 3756 naturam
1762 3697 1926 3752 etiam
1959 3701 2043 3750 cst

467 3803 702 3858 Verbum
749 3814 815 3856 ex
874 3798 996 3869 ipso
1043 3796 1306 3868 genitum.
1345 3791 1632 3860 Quomodo
1684 3802 1813 3859 ergo
1865 3787 2045 3840 minor

459 3895 568 3950 erit
624 3891 766 3948 Deus
826 3889 958 3960 Deo,
999 3903 1062 3945 ea
1131 3901 1326 3958 nempe
1391 3885 1603 3941 ratione
1652 3897 1758 3952 qua
1817 3887 2044 3944 uterque

450 3989 617 4047 Deus
635 3987 752 4043 est?

533 4293 761 4350 ALIUD.
811 4289 968 4345 Unde
1019 4287 1192 4350 vobis,
1222 4296 1429 4355 quaeso,
1481 4289 1630 4336 tanta
1689 4280 1940 4345 audacia,
1988 4287 2049 4334 ut

465 4385 662 4441 dicatis
718 4379 1000 4436 inferioris
1052 4373 1388 4432 conditionis
1437 4385 1561 4427 esse
1621 4367 1821 4423 Filium
1882 4382 2046 4438 quam

2145 3233 2360 3307 θρωπος
2383 3251 2396 3264 ·
2431 3233 2718 3306 ἄνθρωπος
2743 3235 2851 3306 γὰρ
2878 3233 3166 3306 ἀνθρώπου
3189 3275 3202 3299 ,
3257 3235 3394 3288 καθὸ
3419 3235 3729 3305 ἄνθρωπος,

2145 3326 2246 3378 οὐκ
2276 3324 2343 3378 ἂν
2382 3326 2467 3395 εἴη
2521 3325 2725 3396 μείζων
2779 3326 2812 3398 ἢ
2859 3326 3097 3380 ἐλάττων
3121 3367 3136 3393 ,
3199 3327 3314 3380 ἀλλ’
3344 3326 3467 3378 οὐδὲ
3501 3326 3729 3396 ἄγγελος

2146 3415 2378 3484 ἀγγέλου
2407 3417 2571 3488 τυχὸν
2619 3417 2754 3471 καθὸ
2797 3418 3048 3488 ἄγγελος,
3078 3418 3111 3489 ἢ
3137 3418 3321 3488 ἕτερόν
3345 3435 3400 3470 τι
3429 3418 3537 3472 τῶν
3561 3419 3730 3473 ὄντων

2146 3507 2283 3579 πρὸς
2307 3511 2416 3563 πᾶν
2450 3510 2628 3564 ὁτιοῦν
2660 3511 2923 3581 ὁμοφυὲς,
2989 3512 3082 3565 καὶ
3113 3513 3202 3565 τὸν
3227 3511 3325 3582 τῆς
3349 3511 3519 3580 αὐτῆς
3543 3511 3732 3574 οὐσίας

2148 3601 2306 3669 λόγον
2351 3603 2902 3675 ἀποκεκληρωμένον.
2959 3603 3167 3656 Οὐκοῦν
3201 3603 3250 3656 εί
3291 3603 3432 3656 κατὰ
3471 3602 3731 3673 ἀλήθειάν

2147 3693 2294 3746 ἐστιν
2327 3691 2457 3756 Υἱὸς
2477 3734 2491 3758 ,
2538 3693 2751 3763 ἀνάγκη
2787 3692 2969 3762 λέγειν
2989 3732 3002 3757 ,
3038 3693 3113 3756 ὡς
3146 3691 3292 3745 ἐστιν
3324 3693 3387 3744 ὲκ
3417 3693 3515 3762 τῆς
3541 3691 3729 3754 οὐσίας

2146 3782 2238 3836 τοῦ
2268 3783 2481 3856 Πατρὸς
2500 3825 2512 3846 ,
2549 3785 2727 3838 πάντα
2758 3783 2826 3837 τὰ
2861 3784 3078 3853 ὲκείνης
3108 3784 3215 3837 ἴδια
3244 3785 3424 3854 φέρων
3471 3784 3526 3836 ἐν
3555 3782 3733 3851 ἑαυτῷ

2148 3877 2392 3946 φυσικῶς
2418 3894 2431 3906 ·
2468 3877 2564 3928 καὶ
2593 3877 2641 3928 εί
2671 3876 2830 3945 φύσει
2863 3875 2996 3939 Θεὸς
3023 3878 3051 3928 6
3079 3875 3291 3947 Πατὴρ,
3323 3877 3453 3938 Θεὸς
3489 3875 3733 3944 δηλονότι

2148 3968 2292 4022 κατὰ
2317 3967 2481 4038 φύσιν
2508 3968 2604 4021 καὶ
2633 3969 2660 4020 ὁ
2687 3969 2859 4036 Λόγος
2892 3971 2921 4022 ό
2963 3966 3022 4031 ἐξ
3063 3969 3230 4040 αὐτῆς
3259 3968 3560 4038 γεννηθείς.
3607 3970 3734 4032 Πῶς

2149 4055 2242 4115 οὖν
2271 4060 2510 4114 ἐλάττων
2535 4059 2686 4115 ἔσται
2717 4061 2848 4126 Θεὸς
2875 4059 3010 4116 Θεοῦ
3030 4099 3045 4125 ,
3097 4062 3191 4114 καὶ
3213 4060 3376 4114 ταὺτὸ
3400 4061 3466 4132 δὴ
3491 4061 3648 4116 τοῦτο
3675 4063 3736 4116 τὸ

2150 4149 2289 4207 εἶναι
2320 4152 2452 4217 Θεός
2479 4171 2493 4220 ;

2221 4265 2432 4321 ΑΛΛΟ.
2474 4266 2644 4320 Πόθεν
2673 4267 2801 4337 ὑμῖν
2821 4306 2836 4330 ,
2883 4259 2928 4339 ᾧ
2956 4257 3134 4328 οὗτοι,
3177 4262 3412 4334 πάρεστι
3449 4264 3654 4336 τολμᾷν
3678 4263 3737 4316 τὸ

2153 4359 2210 4410 ἐν
2239 4357 2488 4412 ἐλάττοσι
2518 4357 2733 4412 κεῖσθαι
2769 4357 2949 4424 λέγειν
2990 4355 3081 4409 τὸν
3113 4356 3241 4409 Υίὸν
3261 4395 3275 4419 ,
3326 4356 3358 4426 ἢ
3391 4356 3448 4410 ἐν
3477 4351 3556 4418 οἷς
3589 4358 3739 4410 ἐστιν

467 4472 723 4532 Patrem?
755 4467 1032 4541 quomodo
1065 4479 1196 4519 vero
1223 4461 1406 4516 minus
1437 4455 1700 4527 accipiet?
1733 4452 2039 4509 Exsistendi

2152 4450 2465 4520 όγεννήσας
2494 4449 2694 4516 αὑτόν;
2747 4450 2888 4502 κατὰ
2919 4448 3038 4501 τίνα
3075 4447 3133 4500 δὲ
3181 4449 3380 4518 τρόπον
3409 4448 3469 4501 τὸ
3517 4447 3738 4501 ἔλαττον

448 4573 613 4633 certe
643 4573 912 4634 tempore,
932 4573 1098 4614 nemo
1129 4555 1214 4610 vel
1240 4552 1482 4608 maxime
1511 4548 1720 4605 delirus
1750 4547 2046 4618 putaverit.

466 4657 564 4713 Est
596 4655 744 4712 enim
780 4663 909 4710 ante
960 4649 1164 4708 saecula
1211 4645 1408 4709 Filius,
1449 4653 1502 4697 ct
1548 4641 1666 4711 ipse
1720 4639 2047 4698 saeculorum

465 4759 550 4805 est
591 4747 848 4803 conditor
897 4764 911 4801 :
965 4755 1146 4812 neque
1191 4733 1579 4792 circumscribi
1633 4741 1877 4802 tempore
1926 4731 2050 4801 jure

467 4842 787 4898 censebitur
818 4837 914 4908 qui
959 4844 1206 4905 tempore
1236 4829 1431 4899 quovis
1471 4826 1874 4896 generationem
1909 4827 2050 4878 anti-

467 4936 719 5006 qu’iorem
742 4932 932 4986 habet.
955 4927 1069 4983 Sed
1106 4938 1287 4994 neque
1318 4919 1712 4991 magnitudinis
1743 4919 2050 4989 quantitate

469 5028 590 5097 ipso
641 5025 746 5080 erit
787 5021 1017 5076 inferior
1059 5035 1071 5072 :
1106 5013 1500 5085 magnitudinis
1533 5012 1700 5077 enim,
1735 5019 1790 5067 et
1825 5009 2048 5081 quanti-

469 5118 622 5182 tatis,
655 5123 710 5171 et
747 5111 999 5182 corporis
1035 5121 1236 5178 expers
1259 5113 1455 5160 natura
1489 5105 1672 5160 divina
1699 5103 2047 5174 intelligitur,

468 5219 524 5265 et
571 5217 675 5266 est.
730 5202 1019 5272 Quomodo
1067 5214 1198 5270 ergo
1261 5197 1558 5252 minoratio
1613 5193 1940 5251 ostendetur
1996 5193 2050 5247 in

469 5298 646 5354 Filio?
683 5295 741 5350 In
779 5293 954 5366 gloria
995 5290 1158 5352 forte,
1195 5289 1337 5345 (licet
1368 5288 1592 5359 aliquis,
1633 5287 1688 5341 in
1729 5285 1956 5350 virtute,
1998 5282 2052 5336 in

473 5388 779 5460 sapientia;
815 5384 1001 5438 dicant
1037 5395 1190 5452 ergo,
1215 5388 1455 5451 quantus
1487 5381 1561 5436 sit
1604 5379 1659 5432 in
1692 5377 1777 5431 his
1808 5381 1862 5429 ct
1891 5386 2054 5443 quam

476 5479 701 5550 grandis
745 5477 926 5536 Pater,
980 5483 1036 5530 ut
1091 5476 1166 5528 ita
1226 5473 1430 5539 dicam,
1487 5483 1543 5526 ut
1600 5469 1782 5522 minor
1833 5465 2054 5520 demum

480 5568 650 5622 Filius
679 5566 1016 5636 intelligatur
1045 5565 1111 5618 ad
1138 5565 1284 5619 illius
1316 5574 1632 5618 mensuram
1655 5565 2011 5626 comparatus
2038 5573 2050 5609 :

478 5663 572 5709 aut
612 5655 655 5709 si
688 5654 1338 5722 incotnprcln-nsibilibus
1371 5660 1423 5705 et
1458 5649 1744 5705 immensis
1782 5649 1938 5704 bonis
1971 5655 2055 5704 est

582 5830 696 5886 “ll
725 5832 846 5890 Cor.
886 5845 1002 5898 xui,
1039 5833 1091 5885 5.

2155 4540 2500 4607 ὲπιδέξεταις
2569 4541 2727 4594 Κατὰ
2770 4541 2868 4611 μὲν
2910 4535 3002 4593 οὖν
3051 4539 3140 4592 τὸν
3169 4541 3226 4592 ὲν
3252 4537 3331 4608 τῷ
3363 4534 3502 4591 εἶναι
3527 4537 3737 4610 χρόνον,

2155 4634 2255 4687 οὐκ
2280 4635 2345 4689 ἄν
2373 4652 2478 4698 τις,
2515 4628 2690 4703 οἶμαι,
2721 4634 2816 4686 καὶ
2841 4631 3044 4702 σφόδρα
3076 4630 3258 4702 ληρῶν
3289 4629 3568 4685 ὑπολάϐοι.
3598 4632 3741 4701 Προ-

2158 4727 2375 4792 αιὼνιος
2419 4727 2528 4796 γὰρ
2554 4728 2582 4778 6
2623 4726 2777 4788 Υἱὸς,
2824 4725 2920 4777 καὶ
2967 4723 3128 4788 αὐτός
3167 4726 3284 4776 ἐστι
3332 4723 3442 4776 τῶν
3469 4723 3681 4776 αἰώνων
3710 4722 3739 4774 6

2161 4819 2410 4889 ποιητὴς,
2441 4816 2536 4870 καὶ
2555 4816 2638 4868 ὅτι
2668 4815 2770 4867 οὑκ
2799 4813 2867 4867 ἂν
2895 4811 3032 4877 ὅλως
3062 4811 3426 4885 περιορίζοιτο
3473 4811 3649 4882 χρόνῳ
3681 4813 3742 4864 τὸ

2157 4912 2349 4983 χρόνου
2380 4907 2581 4971 παντὸς
2611 4905 2993 4978 πρεσϐυτέραν
3021 4906 3143 4977 ἔχον
3188 4907 3289 4976 τὴν
3314 4906 3588 4974 γέννησιν,
3618 4922 3741 4972 νοη-

2160 5002 2278 5073 θείη
2308 5000 2555 5063 είκότως.
2623 4998 2762 5052 Ἀλλ’
2803 4999 2924 5052 οὐδὲ
2952 5000 3009 5052 ὲν
3040 4999 3191 5068 ποσῷ
3222 4998 3301 5068 τῷ
3335 4998 3476 5051 κατὰ
3515 4995 3742 5066 μέγεθος

2163 5090 2400 5144 ἐλάττων
2445 5089 2610 5143 αὐτοῦ
2634 5101 2648 5116 ’
2672 5089 2950 5160 ἀμεγέθης
2983 5089 3121 5160 γὰρ,
3145 5088 3348 5151 ἅποσός
3371 5105 3430 5140 τε
3469 5087 3565 5140 καὶ
3595 5086 3742 5140 ἀσώ-

2167 5199 2333 5252 ματος
2366 5183 2400 5252 ἡ
2435 5180 2555 5235 θεία
2585 5183 2783 5235 νοεῖται
2831 5182 2926 5234 καὶ
2965 5179 3082 5233 ἔστι
3133 5179 3312 5248 φύσις.
3364 5178 3489 5242 Πῶς
3514 5174 3609 5231 οὖν
3638 5179 3745 5248 ἄρα

2159 5274 2222 5328 τὸ
2269 5272 2490 5327 ἔλαττον
2539 5273 2634 5326 ἐπὶ
2673 5272 2770 5327 τοῦ
2819 5272 3172 5344 γεννηθέντος
3218 5271 3603 5342 δειχθήσεται;
3657 5269 3745 5322 Ἐν

2159 5367 2287 5440 δόξῃ
2315 5367 2500 5422 λοιπὸν
2524 5409 2541 5434 ,
2568 5367 2687 5437 ἐρεῖ
2715 5384 2798 5430 τις
2823 5366 2986 5437 τυχὸν
3004 5405 3019 5430 ,
3074 5366 3133 5419 ἐν
3169 5365 3398 5433 δυνάμει
3417 5401 3432 5426 ,
3473 5363 3529 5415 ὲν
3561 5361 3740 5433 σοφίᾳ.

2161 5459 2488 5530 Λεγὲτωσαν
2522 5460 2704 5513 τοίνυν
2725 5503 2739 5525 ,
2769 5459 2934 5522 πόσος
2959 5458 3106 5511 ἐστὶν
3131 5457 3190 5510 ὲν
3222 5455 3432 5520 τούτοις
3465 5454 3559 5508 καὶ
3585 5454 3745 5521 πηλί-
3831 5447 3835 5453 ’

2162 5572 2257 5618 κος
2278 5554 2306 5607 ὁ
2331 5554 2540 5625 Πατὴρ,
2582 5555 2713 5622 εἴγε
2741 5553 2847 5624 χρὴ
2875 5551 2971 5605 καὶ
2999 5549 3162 5604 τοῦτο
3195 5551 3368 5603 εἰπεῖν
3397 5586 3413 5613 ,
3446 5549 3532 5600 ἵνα
3561 5546 3748 5615 νοῆται

2163 5648 2346 5704 λοιπὸν
2367 5648 2604 5703 ἐλάττων
2638 5649 2665 5700 ὁ
2702 5646 2827 5709 Υἱὸς
2846 5686 2861 5712 ,
2892 5645 2968 5708 ὡς
2994 5643 3128 5716 πρὸς
3163 5645 3341 5696 ἐκεῖνο
3371 5637 3749 5710 ἐκμετρούμεη
