4156 6472
454 405 527 460 49
1550 403 1613 459 ΙΝ
1651 404 1938 463 JOANNIS
1970 407 2420 470 EVANGELIUM
2466 414 2596 470 LIB.
2639 416 2677 471 l.
3676 428 3745 485 δὲ)

450 530 548 578 νος
573 529 584 540 ·
616 510 650 584 ἢ
684 510 849 585 είπερ
885 514 1037 571 ἐστὶν
1061 517 1121 571 ἐν
1141 518 1553 593 ἀκαταλήπτοις
1584 526 1675 579 καὶ
1702 526 2027 602 ἀνεκμετρήι

2153 532 2438 601 praeditus,
2467 542 2523 589 et
2557 545 2761 591 nostra:
2806 537 3007 594 mentis
3035 544 3258 609 captum
3308 538 3541 596 multum
3583 557 3740 601 exce-

446 622 570 670 τοις
609 606 639 659 6
670 606 865 678 Πατὴρ
909 607 1159 678 ἀγαθοῖς,
1207 612 1300 667 καὶ
1340 613 1477 669 πολύ
1518 617 1581 670 τὸ
1622 621 1724 690 τῆς
1778 620 2054 691 ἡμετέρας

446 694 697 759 διανοίας
716 695 1081 769 ἀνατρέχουσι
1104 700 1309 774 μέτρον
1327 743 1344 768 ,
1365 704 1533 759 πόθεν
1551 706 1813 764 ἐλάττονα
1834 710 2053 781 λέγουσι

445 785 545 839 τὸν
588 785 719 841 Υιὸν
766 790 815 841 οῖ
871 790 1053 845 πάντα
1098 794 1412 866 τολμῶντες
1463 800 1699 871 ἑτοίμως
1749 803 2049 875 Ἀρειανοὶ,

448 876 595 947 πρὸς
645 877 965 954 ἀνατροπὴν
1013 882 1109 938 τοῦ
1160 890 1456 960 προσόντος
1504 892 1656 965 αὐτῷ
1701 896 1844 950 κατά
1889 896 2052 967 φύσιν

441 968 801 1062 ἀξιώματος
861 972 1180 1047 Ἐλέγχεται
1209 979 1319 1051 γάρ
1358 981 1787 1056 ἀντιπαραθέσει
1813 990 1879 1059 τῇ
1912 987 2051 1062 πρὸς

444 1059 734 1153 τὸμεῖζον
783 1065 846 1118 τὸ
882 1065 1141 1124 ἔλαττον.
1192 1072 1293 1126 οὐκ
1339 1074 1793 1149 ἐκμετρουμένης
1833 1078 1889 1134 δὲ
1949 1059 2050 1153 τῆς

445 1150 611 1217 ἀξίας
636 1153 731 1208 τοῦ
754 1157 990 1230 Πατρὸς,
1019 1159 1146 1215 ποία
1177 1161 1344 1230 δεῖξις
1376 1165 1434 1220 ἐν
1462 1165 1580 1238 Υίῷ
1602 1167 1697 1223 τοῦ
1731 1150 2049 1246 μειονεκτή-

446 1258 628 1313 ματος
646 1262 664 1312 ;

520 1380 730 1435 AAAO.
789 1383 914 1438 Ἐπὶ
950 1388 1017 1458 τῇ
1060 1386 1312 1464 βδελυρίᾳ
1345 1392 1454 1448 τῶν
1485 1395 1717 1452 ἀνοσίων
1751 1402 2046 1470 αἱρετικῶν

441 1467 662 1535 ἔξεστιν
705 1471 877 1539 ὅντως
918 1477 1095 1533 εἰπεῖν
1130 1480 1501 1552 ἀληθεύοντας
1540 1501 1554 1517 ·
1608 1506 1630 1540 ι
1658 1489 1723 1542 Οί
1771 1467 1829 1544 δέ
1860 1491 2044 1563 ἐχθροὶ

443 1559 612 1655 ημῶν
639 1563 879 1634 ἀνόητοι.
911 1587 930 1621 ι
998 1569 1124 1636 Πῶς
1154 1572 1264 1645 γὰρ
1291 1575 1393 1630 οὐκ
1434 1574 1502 1633 ἂν
1540 1575 1652 1635 εῐεν
1685 1582 1868 1654 πάσης
1891 1559 2044 1655 ἀμα-

448 1652 579 1747 θίας
620 1656 913 1747 ἀνάπλεῳ,
952 1679 970 1712 t
1006 1664 1081 1733 μὴ
1127 1665 1332 1731 ειδότες
1370 1670 1509 1741 μήτε
1544 1669 1581 1726 ἀ
1608 1652 1865 1742 λέγουσι,
1905 1652 2041 1747 μήτε

436 1746 579 1816 περὶ
603 1745 768 1803 τίνων
787 1749 1257 1824 διαϐεϐαιοῦνται;
1292 1776 1312 1811 ι
1347 1759 1606 1836 καθάπερ
1636 1764 1666 1817 ό
1688 1745 1916 1831 Παῦλόςί
1933 1745 2039 1841 φήη-

434 1854 551 1892 σιν.
579 1840 747 1895 Ὄτου
791 1842 849 1897 δὲ
886 1843 952 1918 δὴ
996 1847 1157 1919 χάριν
1183 1851 1547 1925 ἐπισκήπτειν
1589 1857 1775 1924 αὐτοῖς
1817 1860 2044 1932 οἰόμεθα

2157 623 2419 680 dentibus
2450 669 2464 694 ,
2504 626 2790 683 undenam
2834 629 3103 685 minorem
3143 630 3339 688 dicunt
3368 648 3496 688 esse
3544 632 3742 690 Filium

2155 716 2249 785 qui
2299 717 2487 772 omnia
2534 725 2740 774 temere
2780 720 2986 775 audent
3025 721 3240 788 Ariani,
3273 722 3340 778 ad
3382 724 3741 781 evertendam

2155 815 2278 871 quae
2299 800 2350 856 ei
2386 803 2713 859 naturaliter
2739 804 2888 862 inest
2929 806 3293 878 dignitatem?
3318 810 3743 883 Comparatione

2154 891 2264 964 23
2288 893 2437 948 enim
2482 894 2713 965 majoris
2744 897 2928 955 minus
2965 900 3263 957 innotescit
3292 920 3304 956 :
3331 899 3512 959 Patris
3554 911 3737 960 autem

2153 983 2477 1057 dignitatem
2538 1003 2647 1043 non
2698 988 2958 1061 dimensi,
2992 994 3267 1063 quomodo
3316 994 3741 1052 diminutionem

2152 1077 2459 1136 ostendctis
2482 1078 2535 1134 in
2563 1077 2736 1136 Filio?

2219 1388 2449 1446 ALIUD.
2498 1389 2573 1447 De
2631 1392 2960 1467 exsecrabili
3015 1399 3296 1464 .mpietate
3348 1395 3733 1452 haereticorum

2149 1489 2298 1537 certe
2328 1491 2463 1538 etex
2500 1483 2578 1539 rei
2606 1485 2838 1540 veritate
2867 1483 3054 1541 dicere
3076 1499 3377 1554 possumus
3408 1505 3422 1542 :
3458 1505 3477 1539 ι
3520 1486 3733 1544 inimici

2148 1569 2325 1626 nostri
2371 1569 2573 1626 insani.
2617 1591 2637 1624 ι
2680 1571 2969 1639 Quomodo
3000 1575 3146 1630 enim
3202 1577 3353 1632 omni
3384 1590 3592 1648 genere
3636 1577 3734 1637 de-

2148 1660 2367 1715 mentiae
2395 1676 2505 1715 non
2533 1662 2677 1732 pleni
2705 1665 2840 1726 sint,
2871 1666 2964 1734 qui
3001 1683 3020 1716 ι
3059 1680 3236 1736 neque
3255 1682 3380 1738 quae
3405 1668 3730 1739 loquuntur,

2146 1764 2326 1820 neque
2372 1749 2443 1806 de
2486 1751 2689 1822 quibus
2724 1752 2998 1810 aﬂirmant
3026 1755 3380 1827 intelligunt?
3420 1776 3439 1810 ι
3473 1761 3736 1830 quemad-

2146 1842 2368 1896 modum
2398 1840 2606 1899 Paulus
2653 1844 2732 1899 ait
2765 1845 2834 1898 ⁸⁷.
2863 1844 3045 1902 Causa
3078 1857 3262 1905 autem
3309 1859 3535 1921 propter
3561 1867 3730 1923 quam

429 1932 573 1996 δεῖν,
604 1933 785 1989 ἐκεῖνό
824 1938 976 1991 ἐστιν
1005 1957 1019 1971 ·
1057 1942 1118 1995 Ei
1162 1944 1308 1999 κατά
1351 1946 1614 2019 ἀλήθειαν
1645 1950 1781 2007 Θεὸν
1806 1954 1873 2008 ὲκ
1902 1926 2027 2010 Θεοί

2146 1931 2269 1987 illos
2302 1932 2788 2004 reprehendendos
2833 1944 3119 2008 putamus.
3152 1954 3229 1995 ea-
3250 1950 3373 1996 est:
3403 1939 3462 1996 Si
3506 1956 3569 1998 re
3600 1957 3729 2000 vera

430 2024 533 2080 τοῦ
569 2027 787 2100 Πατρὸς
815 2032 1178 2104 γεγεννῆσθαι
1209 2036 1429 2106 λέγουσι
1455 2038 1549 2094 τὸν
1571 2042 1731 2109 Υίὸν,
1770 2046 1865 2099 καὶ
1898 2045 2043 2102 οὕτω

431 2119 793 2187 πιστεύουσι,
853 2122 975 2187 πῶς
1000 2124 1243 2181 ἐλάττων
1282 2130 1399 2183 ἐστὶ
1427 2132 1522 2186 τοῦ
1551 2134 1806 2209 Πατρός;
1862 2138 2042 2211 Πολλὴ

427 2210 548 2281 γὰρ
577 2210 830 2267 ἐντεῦθεν
857 2215 1294 2289 ἀποτεχθήσεται
1320 2219 1601 2294 λογισμῶν
1621 2227 1857 2309 ἀτοπία,
1897 2210 2041 2286 πανέ

423 2302 575 2375 ταχῆ
609 2303 671 2359 τὸ
696 2304 982 2378 δύσφημον
1022 2308 1225 2381 ἔχουσα
1247 2354 1261 2379 ,
1318 2315 1414 2369 καὶ
1463 2317 1673 2390 ὅσαπερ
1721 2302 1793 2375 ἀν
1830 2340 1913 2388 τις
1947 2327 2041 2380 καὶ

426 2393 601 2464 μόνον
626 2396 861 2454 ἀκοῦσαι
888 2406 1311 2477 παραιτήσεται.
1340 2409 1404 2463 Ei
1433 2410 1542 2483 γὰρ
1570 2412 1709 2478 ὅλως
1741 2415 1874 2481 Θεὸς
1897 2419 2038 2473 κατά

420 2485 599 2580 φύσιν
645 2489 911 2564 ὑπάρχων
941 2496 971 2548 6
1008 2496 1137 2562 Υίὸς
1162 2499 1470 2568 ἐπιδέξεται
1514 2507 1658 2561 κατά
1703 2524 1757 2562 τι
1786 2509 1917 2577 γοῦν
1949 2498 2036 2580 ἐφ’

419 2578 614 2651 ἑαυτῷ
636 2581 700 2635 τὸ
732 2582 978 2653 ἔλαττον,
1024 2588 1238 2662 ἀνάγκη
1266 2590 1456 2648 λοιπὸν
1474 2595 1699 2663 ἐννοεῖν,
1726 2598 1801 2663 ὡς
1837 2599 1955 2655 ἔστι
1980 2578 2035 2656 τι

420 2669 624 2740 μεῖζον
652 2672 812 2729 Θεοῦ.
863 2677 1074 2734 οὐκοῦν
1104 2680 1204 2735 οὐκ
1231 2683 1289 2735 ἐν
1322 2683 1622 2758 τελειότητι
1659 2692 1725 2761 τῇ
1758 2692 1901 2748 κατὰ
1924 2695 2034 2748 πᾶν

410 2761 607 2815 ὁτιοῦν
636 2763 670 2833 ἡ
699 2763 795 2818 τοῦ
826 2765 1044 2838 Πατρὸς
1067 2769 1224 2824 οὐσία
1248 2773 1453 2828 νοεῖται
1471 2815 1487 2842 ,
1532 2776 1638 2831 κᾶν
1671 2778 1894 2853 ὑπάρχῃ
1932 2782 2033 2852 φύ-

413 2868 508 2905 σει
547 2853 685 2919 Θεός
710 2871 725 2886 '
761 2858 1029 2929 προκόψει
1058 2859 1116 2914 δέ
1155 2879 1247 2916 ποι
1289 2864 1383 2918 καὶ
1418 2866 1583 2933 αὐτὸς
1610 2871 1704 2923 ἐπὶ
1734 2870 1794 2925 τὸ
1820 2872 2026 2943 μεῖζον,

408 2943 810 3016 ἐλεγχόμενος,
843 2947 1034 3021 ὥσπερ
1066 2953 1237 3008 είκόνι
1261 2955 1340 3027 τῷ
1371 2956 1508 3028 Υἱῷ,
1544 2959 1627 3012 ὅτι
1663 2960 1771 3033 πέρ
1798 2964 2029 3018 ἐστικαὶ

406 3036 588 3101 αὐτὸς
619 3039 722 3110 τῆς
752 3040 815 3094 τὸ
853 3041 1079 3098 ἔλαττον
1106 3047 1503 3121 ἐπιδεχομένης
1533 3051 1745 3118 οὐσίας.
1799 3055 2026 3129 Φορέσει

406 3128 472 3182 δὲ
500 3129 638 3183 αὐτὸ
663 3130 917 3204 δυνάμει,
952 3136 1045 3190 καὶ
1070 3139 1119 3191 εί
1154 3139 1228 3210 μή
1260 3156 1348 3194 πω
1380 3142 1691 3216 πεφόρεκεν
1711 3163 1726 3179 ·
1766 3128 1889 3201 ἐπεί
1917 3164 2025 3222 περ

406 3219 486 3272 τὰ
516 3219 745 3278 δεκτικά
768 3241 916 3288 τινος
943 3225 1095 3294 ὄντα,
1111 3228 1321 3294 δέξεται
1343 3231 1565 3298 πάντως
1594 3235 1690 3289 καλ⁸
1714 3235 1784 3291 τά
1800 3231 1876 3293 ὧν
1903 3219 2021 3294 ἐστι

405 3312 667 3381 δεκτικὰ,
701 3317 794 3370 καὶ
820 3317 1015 3390 καιροῦ
1040 3321 1336 3389 καλοῦντος
1366 3326 1448 3391 είς
1477 3325 1537 3381 τὸ
1563 3328 1755 3386 παθεῖν
1786 3333 1847 3386 οὐ
1876 3349 2013 3406 παρ-

405 3405 725 3475 αιτήσεται.
789 3408 953 3463 Ἀλλά
985 3410 1155 3484 πολλή
1205 3431 1290 3478 τις
1330 3416 1388 3469 ἐν
1419 3416 1634 3483 τούτοις
1673 3421 1707 3492 ἠ
1738 3405 2021 3494 δυσφημία

406 3496 694 3564 φαίνεται.
750 3497 892 3554 Οὔτε
921 3502 1030 3574 γάρ
1069 3504 1408 3577 προϐήσεταί
1434 3526 1526 3563 ποι
1556 3511 1698 3582 πρὸς
1739 3513 1802 3568 τὸ
1832 3515 2021 3586 μεῖζον

405 3590 437 3641 6
474 3589 703 3663 Πατὴρ,
756 3592 874 3647 ἀλλ’
919 3595 1041 3649 οὐδέ
1071 3596 1134 3650 τὸ
1174 3598 1399 3654 ἔλαττον
1442 3602 1773 3670 ἐπιδέξεται,
1820 3606 1912 3661 διὰ
1957 3608 2020 3662 τὸ

403 3678 555 3737 εἶναι
587 3684 731 3739 κατὰ
758 3684 922 3755 φύσιν
948 3686 1102 3750 Θεός.
1124 3689 1335 3745 Οὐκοῦν
1357 3693 1417 3747 τὸ
1441 3692 1666 3749 ἔλαττον
1691 3697 1812 3752 οὐδὲ
1841 3700 1870 3753 6
1890 3699 2020 3763 Υἱὸς

402 3773 499 3842 ἐφ’
535 3774 718 3849 ἐαυτῷ
755 3778 1116 3847 καταδέξεται
1142 3822 1158 3847 ,
1209 3782 1342 3848 Θεὸς
1394 3786 1493 3840 καὶ
1539 3789 1704 3854 αὐτὸς
1755 3792 2018 3863 ὑπάρχων

404 3868 558 3921 κατά
589 3867 777 3939 φύσιν,
806 3869 895 3925 ἴνα
921 3870 997 3943 μὴ
1025 3875 1125 3943 τῆς
1149 3874 1416 3931 ἀνωτάτω
1446 3880 1639 3934 πασῶν
1667 3882 1862 3949 οὐσίας
1881 3901 2016 3940 κατ-

397 3960 673 4032 ηγόρημα
700 3962 891 4034 νοῆται
936 3962 999 4017 τὸ
1025 3961 1086 4031 ἐξ
1122 3965 1365 4038 ἀμαθίας
1403 3969 1517 4025 τῶν
1565 3973 1860 4045 αίρετικῶν
1891 3977 2016 4032 ἐπι-

411 4051 617 4122 νοηθέν
650 4053 945 4125 ῥημάτιον.

476 4203 688 4260 ΑΛΔΟ.
720 4205 785 4260 El
812 4206 943 4271 Υἱὸς
970 4207 1110 4263 κατά
1138 4208 1300 4279 φύσιν
1329 4212 1592 4287 ὑπάρχων
1623 4217 1720 4273 τοῦ
1749 4219 1887 4277 Θεοῦ
1919 4224 2015 4279 καὶ

404 4296 688 4388 ηάτρὸςὸ
735 4298 795 4366 ἐξ
843 4299 1011 4355 αὐτοῦ
1042 4300 1219 4371 Λόγος
1251 4304 1493 4363 ἐλάττων
1534 4311 1684 4366 ἐστὶν
1712 4312 1880 4368 αὐτοῦ
1903 4354 1918 4381 ,
1977 4317 2009 4388 ἢ

400 4387 558 4441 κατὰ
600 4387 692 4442 τὸν
723 4389 827 4460 τῆς
851 4389 1197 4465 θεοπρεποῦς
1238 4394 1398 4461 ἀξίας
1437 4398 1633 4470 λόγον,
1688 4400 1826 4473 ἢὼς
1871 4387 2014 4460 κατά

398 4475 576 4544 φύσιν
603 4476 708 4531 οὐκ
741 4477 883 4555 ἔχων
908 4482 1376 4555 ἀπαραλλάκτως,
1425 4486 1460 4559 ἢ
1489 4489 1632 4545 κατά
1667 4508 1721 4544 τι
1746 4492 1881 4560 γοῦν
1904 4495 2012 4549 τῶν

397 4574 464 4625 ἐν
508 4574 632 4638 τοῖς
676 4576 1116 4648 μειονεκτήμασι
1150 4579 1392 4652 τρόπων,
1427 4584 1530 4638 οὐκ
1556 4586 1725 4641 αὐτοῦ
1754 4589 2012 4645 τοσοῦτον

397 4664 566 4757 ἔσται
590 4664 656 4719 τὸ
681 4667 1052 4757 κατηγόρημα
1081 4672 1314 4742 μᾶλλον,
1363 4675 1490 4729 ὅσον
1516 4675 1619 4748 τῆς
1651 4679 1842 4745 οὐσίας
1862 4681 1922 4749 ἐξ
1943 4677 2011 4757 ἧς

396 4751 549 4810 εῖναι
577 4756 942 4814 πεπίστευται
961 4799 976 4823 ,
1035 4763 1196 4836 εἴπερ
1233 4764 1373 4830 ὅλως
1402 4766 1466 4821 τὸ
1492 4766 1719 4825 ἔλαττον
1736 4809 1752 4836 ,
1803 4773 1924 4844 ἦτοι
1949 4751 2012 4830 τὸ

396 4850 618 4921 χεῖρον,
638 4850 717 4914 ὡς
744 4851 884 4923 πρὸς
909 4852 1042 4907 αὐτὸ
1058 4872 1087 4908 ν
1115 4855 1474 4926 ἀπογεννῶσα
1500 4861 1750 4930 φαίνεται
1768 4905 1785 4932 ,
1832 4867 2015 4922 καίτοι

400 4940 512 5010 τῆς
544 4940 786 5010 γενητῆς
818 4942 914 4996 καὶ
949 4946 1329 5020 πεποιημένης
1355 4949 1459 5005 οὐκ
1483 4952 1825 5027 ἀνεχομένης
1852 4957 2012 5013 τοῦτο

394 5030 630 5087 παθεῖν.
690 5033 878 5088 Τίκτει
925 5036 1033 5108 γὰρ
1076 5039 1299 5105 πάντως
1324 5041 1387 5095 τὸ
1431 5044 1618 5117 ὅμοιον
1667 5047 1850 5121 ἑαυτῷ
1899 5052 2011 5105 πᾶν

397 5125 547 5193 ὅπερ
590 5122 709 5177 ἐστὶ
748 5129 1110 5197 καρπςγόνον.
1165 5130 1227 5185 Εἰ
1275 5133 1336 5188 δὲ
1378 5135 1493 5191 ἄνω
1538 5140 1742 5206 παντὸς
1798 5142 2012 5198 κεῖσθαι

392 5213 618 5306 πάθους
644 5214 746 5286 τὴν
774 5216 928 5273 θείαν
965 5220 1062 5275 τοῦ
1095 5223 1311 5298 Πατρὸς
1342 5227 1534 5299 ἐροῦσι
1566 5230 1752 5300 φύσιν,
1787 5233 1895 5303 ἔξω
1918 5235 2012 5306 δηο

391 5304 586 5360 λονότι
616 5308 713 5362 καὶ
742 5308 842 5379 τῆς
874 5312 967 5365 ἐπὶ
991 5313 1150 5370 τοῦτο
1178 5319 1520 5392 κατηγορίας
1541 5324 1820 5392 κείσεται,
1845 5327 1923 5392 ὡς
1953 5304 2012 5381 δὲ

389 5397 722 5468 ἀρχέτυπος
749 5394 888 5456 οὖσα
916 5403 1027 5458 τῶν
1072 5407 1133 5459 ἐν
1167 5408 1302 5479 ἡμῖν
1329 5411 1554 5480 ἀγαθῶν
1578 5453 1592 5479 ,
1622 5416 1723 5470 οὐκ
1751 5417 2011 5473 ἐλάττονα

387 5487 495 5542 τὸν
542 5488 679 5543 Υίὸν
719 5491 1083 5561 ἀποτέξεται,
1132 5500 1248 5554 ἀλλ’
1276 5497 1394 5556 ἶσόν
1426 5521 1486 5559 τε
1544 5508 1639 5560 καὶ
1687 5509 1997 5579 όμοούσιον,

392 5580 597 5675 ἵναμὴ
617 5581 714 5636 καὶ
734 5584 891 5654 ἡμῶν
913 5588 1363 5666 ἀπολιμπάνηται
1382 5596 1513 5662 Θεὸς
1535 5599 1563 5652 6
1586 5600 1837 5658 τοσοῦτον
1866 5603 2009 5675 ὑπὲρ

395 5673 577 5743 ἡμᾶς·

510 5853 557 5884 ⁵⁷
596 5853 610 5908 Ι
637 5852 777 5911 Tim.
819 5870 858 5920 ι.
885 5855 937 5914 7.

2146 2021 2316 2080 Deum
2365 2041 2430 2081 ex
2477 2025 2586 2083 Deo
2618 2026 2781 2087 Patre
2825 2031 3074 2102 genitum
3109 2046 3234 2090 esse
3271 2032 3468 2088 dicunt
3505 2032 3728 2100 Filium,

2144 2123 2308 2187 atque
2361 2118 2437 2172 ita
2495 2122 2761 2188 credunt,
2804 2124 3088 2196 quomodo
3142 2125 3328 2181 minor
3390 2132 3480 2182 est
3526 2123 3731 2182 Patre?

2143 2204 2283 2262 illnc
2333 2209 2483 2265 enim
2537 2212 2782 2282 prodibit
2831 2215 3004 2271 multa
3054 2215 3335 2273 rationum
3384 2212 3723 2280 absurditas.

2141 2308 2366 2358 scatens
2418 2301 2625 2375 ubique
2664 2305 3054 2378 blasphemiis,
3095 2317 3153 2365 et
3191 2322 3331 2380 quas
3382 2322 3551 2365 aures
3580 2310 3727 2365 refu-

2137 2392 2312 2462 giant.
2346 2392 2481 2449 Nam
2517 2396 2565 2452 si
2606 2395 2750 2454 Deus
2783 2399 3087 2456 secundum
3145 2407 3400 2455 naturam
3465 2414 3592 2457 cum
3650 2403 3727 2459 sit

2139 2481 2337 2551 Filius,
2376 2486 2781 2557 quadamtenus
2826 2491 2883 2546 in
2929 2507 2989 2548 se
3020 2491 3207 2549 minus
3257 2493 3465 2565 capiat,
3494 2509 3725 2551 necesse

2135 2583 2226 2632 est
2289 2578 2511 2635 tandem
2565 2581 2813 2652 cogitare
2879 2583 3089 2655 aliquid
3162 2600 3290 2642 esse
3347 2586 3528 2657 majus
3589 2585 3722 2643 Deo.

2134 2666 2308 2738 Igitur
2359 2686 2473 2728 non
2529 2672 2584 2728 in
2654 2674 2995 2745 perfectione
3040 2677 3359 2734 omnimoda
3409 2680 3722 2738 substantia

2134 2759 2322 2821 Patris
2354 2763 2684 2837 intelligitur
2711 2781 2861 2834 esse,
2884 2770 3140 2839 quamvis
3167 2778 3371 2827 natura
3410 2772 3485 2828 sit
3522 2771 3666 2828 Deus
3702 2791 3717 2826 :

2133 2854 2230 2911 sed
2280 2855 2397 2926 ipse
2431 2872 2658 2929 quoque
2692 2860 2748 2915 in
2780 2860 2962 2931 majus
3010 2861 3282 2933 proﬁciet,
3314 2863 3371 2918 in
3400 2861 3542 2919 Filio
3575 2865 3721 2921 sicut

2131 2948 2372 3018 imagine
2438 2952 2741 3007 ostendens
2811 2966 2873 3007 se
2934 2967 3156 3023 quoque
3211 2970 3336 3010 esse
3401 2955 3717 3011 substantia

2128 3041 2419 3110 praeditum
2451 3057 2575 3113 qua:
2604 3043 2790 3099 minus
2816 3044 3072 3115 suscipit.
3098 3044 3218 3101 lloc
3252 3054 3437 3102 autem
3471 3047 3717 3117 potentia

2129 3131 2289 3197 feret,
2322 3134 2452 3191 licet
2495 3135 2678 3193 adhuc
2722 3151 2832 3193 non
2882 3138 3124 3193 tulerit:
3156 3152 3285 3194 nam
3318 3153 3441 3210 qua:
3474 3138 3717 3210 alicujus

2126 3234 2255 3280 sunt
2287 3225 2538 3295 capacia,
2579 3240 2645 3282 ea
2695 3228 2887 3298 utique
2940 3229 3245 3300 suscipient
3295 3245 3536 3301 quorum
3585 3238 3716 3287 sunt

2124 3317 2375 3388 capacia,
2407 3326 2464 3374 et
2495 3327 2744 3390 tempore
2766 3320 2835 3376 ad
2865 3321 3286 3392 suscipiendam
3316 3333 3577 3390 vocante,
3605 3338 3716 3381 non

2124 3411 2486 3467 recusabant.
2515 3411 2622 3468 Sed
2658 3412 2830 3469 multa
2866 3414 2923 3469 in
2956 3414 3045 3472 his
3074 3413 3416 3485 blasphemia
3442 3417 3710 3474 cernitur.

2121 3500 2314 3573 Neque
2362 3503 2511 3560 enim
2552 3505 2610 3561 in
2645 3505 2830 3577 majus
2872 3504 3040 3563 Pater
3070 3507 3261 3577 utique
3307 3508 3709 3581 progredietur,

2120 3596 2220 3652 sed
2268 3611 2372 3654 nec
2426 3597 2612 3655 minus
2655 3598 2943 3668 suscipiet,
2990 3609 3278 3671 propterea
3321 3600 3468 3671 quod
3513 3616 3710 3658 secun-

2120 3688 2252 3746 dum
2308 3698 2569 3746 naturam
2636 3699 2723 3749 est
2768 3689 2938 3747 Deus.
2990 3690 3135 3764 Ergo
3189 3707 3369 3762 neque
3426 3690 3601 3750 Filius
3652 3694 3709 3748 in

2119 3783 2310 3855 seipso
2347 3785 2535 3841 minus
2567 3783 2833 3855 accipiet,
2867 3782 3013 3841 Deus
3052 3799 3180 3840 cum
3228 3786 3303 3841 sit
3334 3784 3454 3857 ipse
3489 3801 3711 3857 quoque

2119 3876 2429 3933 secundum
2457 3887 2739 3942 naturam,
2775 3891 2847 3933 ne
2883 3890 3202 3948 supremam
3236 3877 3490 3934 omnium
3520 3887 3708 3935 essen-

2118 3968 2257 4024 tiam
2313 3970 2514 4026 laedere
2566 3980 2865 4027 censeatur
2921 3969 3013 4023 illa
3067 3983 3134 4024 ex
3191 3970 3579 4028 haereticorum
3611 3985 3717 4028 νε-

2117 4059 2310 4116 cordia
2341 4062 2652 4133 excogitata
2684 4063 2902 4120 vocula.

2189 4220 2423 4279 ALIUD.
2469 4219 2526 4278 Si
2594 4219 2770 4279 Filius
2835 4220 3143 4278 secundum
3214 4230 3470 4278 naturam
3545 4235 3702 4277 suam

2117 4313 2396 4372 exsistens
2455 4310 2552 4371 Dei
2606 4327 2672 4368 ac
2704 4310 2885 4371 Patris
2923 4313 3190 4380 Verbum,
3237 4314 3421 4369 minus
3467 4320 3552 4370 est
3599 4327 3701 4377 eo,

2116 4400 2234 4464 sive
2280 4405 2483 4463 divinae
2536 4404 2846 4478 majestatis
2893 4405 3134 4473 ratione,
3168 4406 3285 4464 sive
3309 4406 3459 4478 quod
3500 4420 3702 4463 secun-

2116 4498 2245 4554 dum
2285 4507 2544 4556 naturam
2594 4514 2751 4556 suam
2805 4513 2916 4555 non
2961 4500 3141 4570 possit
3169 4514 3295 4557 esse
3324 4500 3488 4572 plane
3530 4499 3701 4562 idem,

2116 4599 2213 4647 aut
2252 4598 2406 4648 certe
2446 4591 2558 4648 alio
2626 4591 2826 4662 quovis
2886 4590 3273 4647 diminutionis
3345 4591 3547 4658 modo,
3591 4606 3703 4646 non

2115 4691 2226 4739 tam
2259 4683 2309 4739 is
2356 4682 2621 4748 laedatur,
2670 4697 2838 4753 quam
2874 4667 2951 4739 ~ea
2996 4697 3064 4738 ex
3128 4697 3236 4753 qua
3291 4682 3540 4739 creditur
3579 4696 3706 4739 esse

2114 4774 2472 4841 substantia,
2519 4775 2795 4846 siquidem
2851 4789 2967 4831 rem
3028 4774 3215 4845 seipse
3276 4775 3547 4831 minorem
3606 4782 3705 4830 aut

2111 4868 2448 4926 deteriorem
2506 4868 2731 4939 gignere
2795 4868 3037 4935 videtur,
3082 4868 3209 4924 licet
3261 4867 3318 4924 id
3383 4878 3575 4925 creata
3645 4877 3703 4925 et

2110 4962 2258 5020 facta
2308 4962 2793 5026 substantianon
2856 4959 3232 5034 ferat.Gignit
3267 4963 3415 5020 enim
3471 4979 3702 5035 prorsus

2109 5056 2217 5112 sibi
2251 5055 2452 5120 simile,
2478 5054 2858 5126 quodcunque
2917 5053 3268 5111 l‘ructil‘erum
3312 5063 3417 5113 est.
3451 5056 3613 5125 Quod
3653 5058 3702 5114 si

2109 5148 2259 5203 omni
2316 5147 2575 5217 passione
2633 5146 2976 5217 superiorem
3036 5163 3160 5205 esse
3214 5148 3402 5206 dicent
3457 5149 3699 5205 divinam

2108 5236 2290 5293 Patris
2340 5246 2621 5303 naturam,
2677 5253 2877 5310 expers
2934 5239 3127 5311 utique
3178 5239 3326 5294 illius
3381 5239 3523 5298 labis
3568 5240 3697 5303 erit,

2110 5342 2350 5398 cumque
2407 5328 2736 5400 primigenia
2790 5330 2865 5385 sit
2913 5330 3164 5386 omnium
3217 5329 3379 5386 nobis
3425 5330 3697 5386 bonorum

2110 5420 2218 5491 27
2282 5422 2547 5486 essentia,
2593 5437 2704 5479 non
2777 5422 3045 5480 minorem
3095 5425 3284 5496 gignet
3330 5422 3551 5487 Filium,
3597 5420 3697 5477 sed

2107 5514 2375 5586 aequalem
2423 5524 2479 5571 et
2522 5515 3080 5581 consubstantialem,
3116 5531 3186 5571 ne
3237 5514 3402 5577 Deus,
3449 5513 3541 5583 qui
3578 5520 3699 5569 tan-

2107 5614 2299 5679 tepere
2331 5623 2433 5666 nos
2464 5608 2703 5676 excedit,
2740 5609 2901 5667 nobis
2941 5622 3161 5679 quoque
3190 5606 3258 5664 sit
3300 5604 3550 5664 inferior.
