4156 6542
477 451 536 508 5i
1502 444 1562 500 S.
1591 442 1873 500 CYRILLI
1911 441 2386 499 ALEXANDRINI
2425 444 2745 503 ARClili-LP.
3659 458 3690 513 δ

3703 460 3725 493 δ

3696 476 3710 488 ἐ

543 567 772 638 ALIUD,
811 585 902 640 per
928 570 1281 626 reductionem
1325 569 1395 623 ad
1447 570 1762 626 absurdum.
1794 568 2045 639 Seipsum

2238 570 2450 638 AAAO,
2489 572 2590 627 διὰ
2633 572 2746 642 τῆς
2779 575 2866 641 εις
2909 574 3141 630 ἄτοπον
3190 576 3532 650 ἀπαγωγῆς.
3586 585 3729 640 Ἴσον

472 663 736 732 aequalem
800 661 911 717 Deo
965 677 1029 718 ac
1092 662 1247 716 Patri
1315 661 1638 726 ostendens,
1670 662 1747 716 ait
1791 661 2049 716 Christus

473 752 677 808 alicubi
724 752 791 807 ad
825 767 956 808 suos
986 752 1288 822 discipulos
1327 771 1340 807 :
1390 771 1408 804 ι
1439 754 1558 823 Qui,
1588 754 1722 808 vidit
1771 768 1877 817 me,
1915 752 2050 807 vidit

475 844 687 899 Patrem
719 860 899 900 meum
937 845 1004 900 ".
1047 863 1065 897 ο
1102 846 1172 899 At
1201 844 1483 916 quomodo
1527 845 1576 900 is
1607 847 1700 914 qui
1741 844 2046 900 secundum

475 944 724 990 naturam
757 936 888 992 talis
916 945 1022 1002 est,
1051 937 1266 1008 qualem
1299 952 1361 992 se
1392 952 1518 993 vere
1545 938 1764 1000 asserit,
1792 937 2050 992 imminu-

475 1029 675 1084 tionem
726 1028 1018 1085 babiturus
1065 1037 1171 1096 est,
1206 1038 1267 1084 ut
1295 1030 1466 1088 stulte
1510 1029 1761 1084 nonnulli
1816 1029 2052 1083 volunt?

473 1119 608 1174 Nam
645 1121 690 1177 si
721 1121 902 1176 minor
932 1121 1230 1190 exsistcns,
1265 1123 1317 1176 in
1351 1123 1537 1192 seipso
1569 1120 1781 1175 Patrem
1808 1120 2052 1176 ostendit

475 1213 630 1267 nullo
695 1213 1070 1269 intercedente
1102 1215 1448 1280 discrimine,
1476 1213 1544 1268 ad
1603 1213 1818 1268 Patrem
1868 1213 2049 1266 immi-

475 1307 630 1361 nutio
667 1307 987 1376 pertinebit,
1019 1305 1110 1376 qui
1152 1307 1229 1364 in.
1261 1305 1592 1361 immutabili
1641 1311 1867 1374 apparet
1917 1303 2050 1357 ima-

472 1399 621 1469 gine,
673 1396 810 1452 Filio
891 1399 1176 1453 nimirum.
1226 1398 1297 1451 At
1357 1399 1464 1453 hoc
1516 1395 1842 1452 absurdum.
1884 1395 2053 1466 igitur

475 1505 584 1545 non
641 1489 826 1546 minor
878 1500 963 1546 est
1009 1490 1205 1556 Filius,
1269 1491 1324 1544 in
1384 1505 1492 1561 quo
1543 1488 1709 1556 Pater
1775 1488 2051 1559 perfectus

473 1585 747 1638 exsistens
781 1584 1124 1653 exprimitur.

541 1673 772 1730 ALIUD.
801 1675 1086 1740 Quomodo
1109 1675 1282 1732 Filius
1311 1676 1494 1732 minus
1532 1690 1695 1745 quam
1717 1674 1880 1730 Pater
1906 1673 2051 1728 acci-

474 1765 606 1834 piat,
639 1768 733 1836 qui
779 1769 917 1822 citra
969 1769 1190 1838 culpam
1237 1767 1314 1822 ait
1345 1786 1360 1823 :
1391 1785 1413 1820 ι
1455 1765 1652 1824 Omnia
1705 1778 2053 1837 quaecunque

2150 661 2344 716 ἑαυτὸν
2387 663 2742 718 ἐπιδεικνύων
2786 666 2864 736 τῷ
2912 666 3033 736 Θεῷ
3077 667 3174 721 καὶ
3223 670 3418 741 Πατρὶ,
3447 673 3579 741 φησί
3624 691 3726 728 που

2150 754 2384 824 Χριστὸς
2417 756 2554 827 πρὸς
2580 758 2707 820 τοὺς
2731 757 2964 822 οἰκείους
2993 760 3236 830 μαθητάς
3261 776 3276 792 ⁶
3319 782 3336 814 ι
3377 762 3435 815 Ὀ
3466 764 3726 835 ἑωρακὼς

2149 846 2272 916 ἐμὲ,
2305 845 2519 917 ἑώρακε
2555 849 2646 901 τὸν
2689 850 2907 922 Πατέρα
2943 869 3064 923 μου.
3100 871 3118 904 ι
3167 850 3297 906 Εἶτα
3349 855 3466 918 πῶς
3513 859 3540 910 6
3587 859 3727 912 κατὰ

2151 935 2312 1005 φύσιν
2336 938 2594 1006 τοιοῦτος,
2626 941 2768 996 οὕτω
2793 960 2852 996 τε
2882 944 3140 1016 ὑπάρχων
3163 947 3238 1010 ὡς
3268 947 3430 1011 αὐτὸς
3451 949 3728 1021 ἀληθεύων

2149 1027 2555 1099 διισχυρίζεται,
2587 1032 2649 1086 τὸ
2675 1033 2893 1090 ἔλαττον
2922 1036 3031 1101 ἕξει
3065 1039 3204 1092 κατά
3235 1040 3333 1111 τήν
3376 1057 3538 1093 τινων
3565 1042 3728 1094 ἀϐου-

2151 1121 2308 1187 λίαν;
2357 1124 2419 1177 Εί
2453 1122 2560 1194 γὰρ
2593 1125 2851 1196 ὑπάρχων
2882 1127 3119 1181 ἐλάττων
3163 1131 3221 1181 ἐν
3271 1131 3446 1202 ἐαυτῷ
3497 1131 3728 1186 δεικνύει

2149 1213 2242 1267 τὸν
2297 1214 2538 1284 Πατέρα,
2569 1215 2838 1287 μηδεμιᾶς
2882 1218 3283 1290 μεσολαδούσης
3340 1221 3726 1293 παραλλαγῆς,

2152 1304 2243 1357 ἐπὶ
2270 1305 2360 1358 τὸν
2381 1305 2600 1378 Πατέρα
2626 1307 2687 1361 τὸ
2719 1308 2936 1363 ἔλαττον
2962 1310 3312 1381 ἀναϐήσεται,
3340 1311 3415 1374 ὡς
3442 1313 3499 1364 ἐν
3521 1313 3728 1384 ἀμετα-

2151 1397 2363 1468 ποιήτῳ
2399 1398 2721 1467 φαινόμενον
2751 1401 2920 1454 είκόνι
2951 1401 3030 1471 τῷ
3058 1401 3194 1472 Υίῷ.
3239 1403 3398 1455 Ἀ).λά
3422 1403 3579 1457 τοῦτο
3611 1405 3729 1458 ἀτο·

2151 1505 2274 1544 πον.
2323 1491 2531 1546 Οὐκοῦν
2560 1493 2660 1545 οὐκ
2691 1492 2929 1547 ἐλάττων
2957 1495 2985 1548 6
3015 1495 3161 1561 Υἱὸς,
3199 1497 3255 1548 ἐν
3287 1489 3439 1566 ᾧπερ
3469 1495 3726 1558 εἰκονίςε-

2150 1595 2240 1633 ται
2269 1580 2476 1645 τέλειος
2505 1579 2581 1634 ὣν
2609 1583 2637 1634 6
2666 1582 2877 1654 Πατήρ,

2221 1673 2423 1728 ΑΛΛΟ.
2465 1673 2576 1726 Καὶ
2602 1674 2720 1738 πῶς
2753 1675 2817 1728 ἂν
2849 1676 2910 1729 τὸ
2939 1675 3177 1737 ἔλαττον,
3206 1676 3238 1744 ἢ
3274 1676 3330 1728 ἐν
3360 1671 3554 1747 οἷσπέρ
3580 1677 3725 1731 ἐστιν

2151 1764 2180 1816 6
2223 1764 2431 1836 Πατὴρ,
2465 1765 2493 1818 6
2533 1764 2662 1828 Υἱὸς
2711 1765 3018 1836 ὲπιδέξηται
3043 1807 3056 1830 ,
3109 1766 3282 1836 λέγων
3340 1767 3724 1839 ἀνεγκλήτως·

475 1857 637 1914 habet
666 1857 830 1913 Pater
861 1873 983 1915 mea
1021 1869 1151 1916 sunt
1180 1860 1264 1914 ιιι
1292 1879 1311 1912 ι
1343 1858 1413 1912 Et
1449 1875 1669 1923 rursus,
1696 1857 1950 1913 oratione
1979 1855 2045 1910 ad

2158 1871 2178 1905 ι
2209 1853 2393 1908 Πάντα
2413 1857 2511 1908 ὅσα
2537 1854 2647 1924 ἔχει
2672 1856 2700 1907 6
2729 1855 2917 1928 Πατὴρ
2955 1855 3064 1926 ἐμά
3089 1857 3224 1909 ἐστι’
3261 1875 3280 1908 ι
3323 1855 3417 1909 καὶ
3445 1856 3628 1922 πάλιν,
3651 1857 3725 1920 ὡς

475 1949 641 2005 [lenm
675 1963 727 2004 et
750 1949 968 2004 Patrem
993 1966 1260 2007 conversa
1293 1969 1305 2006 :
1338 1969 1356 2002 ι
1393 1951 1590 2006 Omnia
1622 1965 1742 2005 mea
1776 1958 1866 2003 tua
1891 1955 2045 2014 sunt,

471 2053 523 2098 cl
553 2050 645 2095 tua
689 2056 808 2097 mea
833 2043 900 2096 ‘°.
939 2062 958 2094 ι
990 2041 1048 2096 Si
1079 2043 1226 2097 enim
1246 2081 1260 2106 ,
1299 2051 1358 2095 ut
1381 2049 1585 2097 temere
1617 2043 1863 2096 nonnulli
1894 2056 2048 2098 asse-

475 2141 622 2196 runt,
659 2146 851 2208 revera
904 2132 1086 2186 minor
1135 2139 1222 2186 est
1276 2130 1475 2197 Filius,
1506 2133 1766 2201 quoniam
1799 2146 1926 2187 vere
1968 2131 2050 2186 lo-

473 2226 662 2296 quitur
690 2223 820 2278 dum
854 2223 990 2278 dicit
1026 2222 1095 2278 ad
1141 2223 1360 2279 Patrem
1398 2241 1413 2278 :
1451 2241 1470 2274 ι
1509 2222 1628 2279 Mea
1673 2230 1766 2277 tua
1818 2230 1967 2288 sunt,
1993 2230 2048 2278 et

471 2325 564 2369 tua
590 2329 744 2380 mea;
785 2333 804 2367 ι
837 2314 1017 2370 minus
1051 2315 1103 2368 in
1135 2312 1354 2370 Patrem
1380 2312 1640 2380 cadet,~et
1674 2317 1856 2382 majus
1891 2313 2049 2368 simi-

473 2406 602 2461 liter
628 2407 685 2460 in
710 2405 930 2473 Filium,
964 2407 1282 2477 promiscuo
1307 2421 1492 2475 rerum
1523 2405 1742 2472 ordine,
1773 2405 2046 2476 siquidem

471 2499 526 2554 in
557 2500 734 2556 altero
775 2514 898 2570 qua:
942 2500 1101 2556 alteri
1147 2499 1342 2556 insunt
1391 2498 1764 2570 reperiuntur,
1804 2507 1858 2555 et
1898 2498 2045 2570 quod

471 2589 651 2646 Patris
692 2598 798 2655 est,
834 2589 940 2646 hoc
989 2590 1158 2646 etiam
1187 2598 1274 2646 est
1303 2588 1452 2646 Filii.
1490 2588 1559 2644 Et
1606 2604 1835 2654 rursus,
1871 2589 2048 2660 quod-

469 2694 691 2749 cunque
753 2677 875 2734 Filii
934 2679 1218 2750 proprium
1260 2694 1386 2736 esse
1438 2679 1692 2746 videtur,
1760 2680 1910 2736 istud
1961 2686 2048 2736 est

468 2773 670 2828 Patris.
734 2771 883 2828 Nihil
927 2787 1061 2843 ergo
1108 2772 1296 2828 dicere
1340 2772 1548 2828 vetabit
1597 2773 1866 2829 minorem
1921 2789 2048 2830 esse

468 2862 609 2920 Filio
653 2863 898 2930 Patrem,
938 2874 994 2920 et
1040 2864 1304 2935 majorem
1355 2863 1519 2920 Patre
1551 2863 1772 2920 Filium.
1822 2863 1930 2920 Sed
1961 2865 2045 2920 vel

467 2956 711 3028 cogitatu
740 2955 886 3012 istud
928 2965 1011 3012 est
1035 2955 1517 3012 absurdissimum.
1569 2954 1825 3026 JEqualis
1855 2956 2044 3026 igitur,

467 3057 525 3106 et
554 3063 662 3105 non
692 3049 873 3104 minor
905 3056 992 3105 est
1035 3049 1130 3118 qui
1158 3063 1484 3106 communes
1527 3048 1694 3104 habet
1722 3063 1847 3105 cum
1882 3048 2046 3104 Patre

466 3140 721 3198 essenttiae
747 3139 1163 3210 praerogativae.

535 3318 768 3384 ALIUD,
799 3333 866 3374 ex
900 3316 1103 3398 eodem.
1143 3316 1202 3373 Si
1240 3333 1586 3390 quascunque
1645 3319 1808 3376 habet
1860 3319 2043 3388 Pater,

471 3411 586 3466 haec
611 3409 796 3465 omnia
812 3418 944 3467 sunt
972 3407 1120 3474 Filii,
1139 3418 1225 3467 est
1257 3416 1440 3466 autem
1468 3411 1523 3465 in
1551 3410 1712 3468 Patre
1741 3411 2006 3482 perfectio
2031 3431 2044 3467 :

469 3500 744 3574 perlectus
771 3502 877 3558 erit
908 3513 960 3558 et
994 3502 1190 3568 Filius,
1221 3504 1315 3574 qui
1356 3503 1521 3558 habet
1554 3519 1675 3574 quae
1708 3504 1887 3560 Patris
1922 3521 2049 3575 pro-

469 3599 585 3667 pria
633 3605 765 3654 sunt
798 3605 854 3653 et
905 3597 1129 3653 eximia.
1178 3597 1350 3668 Igitur
1398 3613 1508 3653 non
1556 3605 1642 3654 est
1690 3598 1932 3660 inferior,
1987 3607 2048 3653 ut

467 3689 632 3760 impie
667 3689 904 3746 haeretici
932 3689 1194 3745 sentiunt.

537 3779 770 3848 ALIUD,
799 3795 890 3850 per
926 3781 1276 3836 adactionem
1311 3783 1364 3837 in
1393 3782 1706 3848 absurdum,
1731 3799 1848 3837 cum
1878 3783 2046 3854 syllo-

467 3873 626 3942 gismi
677 3874 1059 3942 complexione.
1091 3873 1287 3929 Dicant
1334 3873 1495 3932 nobis
1527 3874 1622 3945 qui
1681 3875 2045 3947 inexstingui-

470 3964 633 4019 bilem
669 3964 944 4019 ﬂammam
982 3965 1037 4019 in
1085 3971 1251 4035 caput
1291 3978 1455 4020 suum
1510 3969 1823 4028 arcessunt,
1864 3971 1919 4019 et
1959 3979 2044 4020 re-

467 4065 610 4110 ctam
637 4055 948 4110 divinorum
971 4056 1283 4128 dogmatum
1309 4056 1577 4111 rationem
1605 4061 1953 4119 aversantur,
1979 4068 2044 4110 ac

467 4149 742 4202 variarum
800 4148 1138 4219 argutiarum
1179 4147 1290 4217 28
1325 4149 1618 4213 versutias,
1669 4149 1738 4202 ad
1792 4147 2040 4203 fraudem

467 4238 862 4308 simpliciorum
915 4246 971 4292 et
1019 4237 1436 4294 subversionem
1484 4239 1821 4308 excogitant,
1857 4246 2040 4293 utrum

465 4331 686 4385 tandem
723 4331 914 4386 melior
944 4331 1017 4386 sit
1054 4329 1214 4385 Pater
1247 4329 1409 4393 Filio,
1440 4346 1564 4384 eum
1593 4331 1769 4398 major
1796 4332 1868 4386 sit
1901 4332 2040 4401 ipso,

465 4427 510 4479 si
557 4421 728 4481 Filius
764 4425 944 4478 minor
974 4430 1084 4488 est,
1114 4429 1174 4476 ut
1221 4422 1297 4476 illi
1342 4431 1638 4492 nugantur,
1679 4438 1748 4476 an
1790 4439 1922 4477 non.
1951 4403 2042 4491 Αἰ,

463 4497 689 4581 opinor,
741 4514 1022 4572 meliorem
1081 4529 1204 4570 esse
1260 4512 1597 4570 fatebuntur.
1648 4513 1842 4568 Dicant
1912 4530 2042 4586 ergo

2151 1946 2287 2018 πρὸς
2330 1945 2422 1999 τὸν
2456 1941 2589 2000 Θεὸν
2620 1947 2713 2000 ml
2743 1948 2982 2017 Πατέρα,
3027 1949 3107 2002 ὅτι
3163 1966 3181 1998 ι
3210 1947 3395 2002 Πάντα
3422 1947 3491 2000 τὰ
3523 1947 3631 2017 ἐμὰ
3660 1943 3728 1998 σὰ

2149 2038 2316 2104 ἐστιν,
2347 2038 2441 2092 ml
2465 2037 2535 2092 τὰ
2570 2038 2637 2093 σὰ
2676 2039 2818 2109 sud;
2851 2059 2869 2092 ι
2907 2041 2968 2092 Εἰ
3000 2039 3104 2111 γάρ
3131 2038 3298 2100 ὅντως
3324 2038 3439 2091 ἐστὶ
3466 2036 3605 2091 κατὰ
3627 2036 3728 2107 τήν

2148 2146 2308 2183 τινων
2336 2128 2592 2184 ἀϐουλίαν
2623 2130 2862 2184 ἐλάττων
2889 2132 2916 2184 ὁ
2941 2130 3090 2196 Υἱὸς,
3139 2130 3437 2200 ἐπειδήπερ
3475 2127 3726 2200 ἀληθεύει

2149 2217 2322 2286 λέγων
2355 2219 2492 2290 πρὸς
2523 2219 2612 2273 τὸν
2643 2218 2863 2290 Πατέρα
2885 2235 2900 2250 ⁸
2958 2237 2976 2270 ι
3004 2218 3084 2271 Τά
3129 2218 3239 2289 ἐμὰ
3269 2219 3336 2273 σά
3365 2219 3501 2281 ἐστι,
3534 2217 3626 2269 ml
3659 2215 3727 2269 τὰ

2151 2311 2220 2364 σά
2270 2311 2400 2381 ἐμὰ,
2433 2329 2451 2362 ι
2501 2313 2742 2384 χωρήσει
2771 2311 2866 2365 καὶ
2893 2312 2984 2365 ἐπὶ
3006 2311 3097 2364 τὸν
3130 2311 3349 2382 Πατέρα
3385 2310 3444 2364 τὸ
3485 2309 3724 2370 ἔλαττον,

2148 2403 2244 2458 καὶ
2267 2403 2329 2457 τὸ
2359 2404 2544 2475 μεῖζον
2567 2405 2772 2474 ὁμοίως
2799 2402 2890 2455 ἐπὶ
2915 2401 3007 2456 τὸν
3029 2401 3179 2464 Υίδν,
3212 2397 3604 2472 ἀδιαφορούσης
3627 2396 3727 2466 τῆς

2147 2495 2256 2549 τῶν
2286 2497 2628 2567 πραγμάτων
2658 2495 2886 2562 τάξεως,
2921 2494 3078 2566 εἴπερ
3119 2495 3175 2548 ἐν
3219 2493 3465 2564 ἐκατέρῳ
3493 2491 3560 2545 τὰ
3593 2493 3723 2544 ἑκα-

2145 2589 2293 2661 τέρῳ
2325 2589 2597 2660 προσόντα
2627 2588 2896 2658 φαίνεται,
2947 2587 3041 2642 καὶ
3076 2586 3212 2657 ὅπερ
3243 2587 3308 2640 ἂν
3351 2585 3437 2654 εἴη
3461 2583 3561 2652 ,τοῦ
3611 2583 3724 2637 Πα-

2145 2680 2294 2750 τρὸς,
2323 2679 2479 2734 τοῦτό
2506 2682 2621 2733 ἐστι
2641 2676 2734 2732 τοῦ
2760 2677 2891 2732 Υἱοῦ
2910 2717 2925 2743 ,
2954 2676 3048 2731 ml
3085 2677 3269 2742 πάλιν,
3296 2676 3432 2746 ὅπερ
3463 2674 3528 2728 ἂν
3553 2671 3722 2740 ὑπάρ-

2146 2790 2241 2844 χον
2272 2772 2399 2827 ῐδιον
2429 2772 2686 2842 φαίνηται
2711 2769 2805 2825 τοῦ
2836 2769 2990 2838 Υίοῢ,
3009 2768 3163 2823 τοῦτό
3195 2769 3310 2820 ἐστι
3343 2764 3434 2819 τοῦ
3475 2763 3684 2834 Πατρός
3707 2781 3721 2794 ·

2145 2875 2297 2929 οἰδὲν
2325 2868 2418 2929 οὖν
2447 2871 2680 2928 κωλύσει
2705 2871 2886 2940 λέγειν
2917 2869 3174 2924 ἐλάττονα
3200 2868 3294 2922 τοῦ
3329 2865 3460 2920 Υίοῦ
3494 2865 3583 2918 τὸν
3612 2865 3723 2917 Πα-

2143 2961 2298 3032 τέρα,
2328 2962 2421 3016 ml
2467 2960 2690 3031 μείζονα
2718 2959 2812 3013 τοῦ
2846 2959 3058 3031 Πατρὸς
3103 2958 3196 3011 τὸν
3245 2957 3396 3012 Υίόν.
3445 2955 3583 3008 Ἀλλ’
3611 2954 3722 3006 ἐστι

2143 3049 2253 3103 τῶν
2301 3049 2696 3114 ἀτοπωτάτων,
2743 3047 2836 3102 ml
2883 3047 3044 3119 μόνον
3101 3047 3300 3100 ἐννοεῖν
3339 3063 3393 3100 τι
3436 3044 3673 3098 τοιοῦτον
3702 3060 3716 3074 α

2144 3137 2262 3204 ἴσος
2293 3140 2425 3212 ἀρα,
2463 3140 2558 3195 καὶ
2584 3140 2685 3194 οὐκ
2712 3139 2948 3193 ἐλάττων
2974 3139 3002 3192 6
3031 3139 3186 3192 κοινά
3216 3137 3353 3211 πρὸς
3381 3137 3473 3191 τὸν
3507 3137 3726 3208 Πατέρα

2073 3251 2116 3310 c
2148 3233 2217 3286 τὰ
2241 3233 2339 3302 τῆς
2364 3231 2553 3295 οὐσίας
2589 3231 2727 3302 ἔχων
2761 3230 3229 3301 πλεονεκτήματα.

2221 3325 2426 3388 ΔΛΛΟ,
2465 3323 2533 3377 ἐκ
2570 3322 2677 3377 τοῦ
2711 3323 2918 3378 αὐτοῦ.
2971 3323 3036 3376 Εἰ
3069 3323 3245 3376 πάντα
3269 3322 3369 3376 ὅσα
3401 3320 3514 3392 ἔχει
3545 3321 3574 3373 6
3607 3320 3722 3374 Πα-

2149 3414 2274 3487 τὴρ,
2303 3415 2478 3469 ταῦτα
2507 3415 2687 3469 πάντα
2716 3413 2834 3467 ἐστὶ
2877 3412 2973 3468 τοῦ
3005 3412 3156 3478 Υἰοῦ,
3202 3412 3317 3466 ἐστι
3358 3412 3414 3466 δὲ
3459 3414 3517 3465 ἐν
3548 3411 3724 3482 Πατρὶ

2147 3507 2210 3560 τὸ
2236 3506 2465 3571 τέλειον,
2501 3505 2703 3570 τέλειος
2755 3504 2906 3559 ἔσται
2941 3505 3037 3558 καὶ
3070 3506 3099 3558 6
3142 3503 3270 3567 Υἱὸς
3315 3505 3344 3557 ὁ
3387 3502 3481 3556 τοῦ
3513 3501 3726 3572 Πατρὸς

2148 3599 2286 3670 ἔχων
2307 3598 2377 3653 τά
2400 3597 2504 3652 ἴδια
2529 3597 2622 3652 ml
2651 3596 2925 3668 ἐξαίρετα.
2947 3595 3155 3651 Οὐκοῦν
3178 3596 3279 3650 οὐκ
3306 3595 3563 3661 ἐλάττων,
3584 3594 3725 3648 κατά

2147 3691 2248 3763 τὴν
2272 3690 2380 3744 τῶν
2410 3688 2701 3762 αἱρετικῶν
2729 3689 3072 3744 δυσσέϐειαν.

2215 3782 2422 3846 AAAO,
2473 3781 2570 3835 διὰ
2613 3779 2723 3850 τῆς
2766 3781 2854 3846 εἰς
2900 3779 3128 3834 ἄτοπον
3177 3776 3525 3850 ἀπαγωγῆς,
3574 3775 3725 3846 μετὰ

2147 3871 2515 3944 συμπλοκῆς
2552 3871 2992 3942 συλλογισμοῦ.
3011 3895 3023 3904 ο
3041 3871 3365 3940 Λεγέτωσαν
3397 3871 3525 3941 ἡμῖν
3554 3870 3601 3923 οἱ
3626 3867 3723 3938 τὴν

2146 3965 2409 4021 ἄσϐεστον
2438 3962 2610 4033 φλόγα
2657 3962 3017 4033 καταχέοντες
3068 3961 3168 4032 τῆς
3213 3961 3421 4015 ἐαυτῶν
3457 3959 3722 4031 κεφαλῆς,

2145 4057 2241 4111 καὶ
2273 4055 2370 4126 τὴν
2404 4053 2503 4126 μὲν
2532 4055 2590 4107 ἐν
2613 4055 2725 4118 τοῖς
2758 4053 2922 4117 Θείοις
2946 4053 3211 4124 δόγμασιν
3239 4052 3507 4123 ὀρθότητα
3531 4069 3726 4123 παραιο

2144 4147 2416 4218 τούμενοι,
2472 4146 2708 4218 στροφὰς
2754 4145 2812 4199 δὲ
2861 4147 3121 4200 ποικίλων
3165 4145 3507 4209 ἐπινοοῦντες
3538 4145 3724 4198 συλλο-

2143 4239 2357 4310 γισμῶν
2386 4240 2521 4309 πρὸς
2546 4239 2763 4309 ἀπάτην
2794 4237 2902 4293 τῶν
2933 4238 3334 4310 ἀκέραιοτέρων
3370 4239 3464 4292 ml
3505 4239 3724 4308 ἀνατρο-

2146 4333 2275 4404 πὴν,
2312 4331 2542 4403 πότερόν
2565 4348 2694 4384 ποτε
2724 4331 2988 4402 κρείττων
3017 4329 3164 4383 ἐστὶν
3185 4332 3213 4384 6
3237 4330 3425 4399 Πατὴρ
3451 4329 3546 4382 τοῦ
3569 4327 3720 4392 Υἱοῦ,

2143 4425 2206 4478 τὺ
2244 4423 2429 4495 μεῖζον
2450 4422 2527 4488 ὡς
2558 4423 2695 4493 πρὸς
2721 4421 2882 4476 αὐτὸν
2915 4421 3074 4492 ἔχων,
3117 4421 3272 4492 εἴπερ
3319 4421 3556 4475 ἐλάττων
3584 4419 3722 4483 ἐστὶ,

2146 4516 2327 4580 καθὼς
2355 4517 2551 4570 ἐκεῖνοι
2592 4514 2885 4587 ληροῦντές
2915 4529 3102 4584 φασιν,
3130 4512 3164 4585 ἢ
3196 4513 3337 4584 ούχί.
3403 4513 3541 4566 Ἀλλ’
3567 4507 3723 4583 οἴμαι

465 4605 724 4677 quidnam
752 4604 936 4660 eximii
963 4603 1164 4658 habere
1196 4601 1359 4658 Pater
1396 4603 1674 4658 videbitur
1704 4602 1757 4656 in
1797 4618 1864 4658 eo
1895 4605 2039 4672 quod

2146 4607 2208 4679 δὴ
2237 4609 2474 4675 πάντως,
2495 4607 2600 4679 ὅτι,⁸
2630 4605 2930 4677 Κρείττων,
2963 4604 3146 4675 ἐροῦσι
3171 4619 3186 4633 ·
3207 4603 3515 4672 λεγέτωσαν
3544 4604 3724 4658 τοίνυν

465 4696 642 4767 majus
669 4696 852 4762 habet,
892 4695 997 4749 nisi
1029 4695 1226 4749 melior
1271 4701 1377 4748 est.
1427 4692 1562 4747 Nam
1597 4694 1643 4749 si
1675 4694 1811 4748 nihil
1857 4695 2039 4764 plane,

466 4787 644 4842 soluta
669 4786 890 4842 demum
921 4794 1007 4840 est
1039 4784 1222 4840 omnis
1251 4785 1342 4839 illa
1370 4784 1495 4838 Filii
1536 4785 1912 4854 reprehensio.
1943 4785 2042 4844 Sin

393 4885 398 4892 '
464 4885 645 4934 autem
694 4879 928 4932 multum
973 4883 1220 4948 praestat,
1267 4877 1463 4931 melior
1506 4877 1674 4948 igitur
1714 4887 1819 4943 est,
1855 4888 2043 4951 utpote

463 4969 558 5040 qui
588 4969 767 5039 majus
793 4968 976 5023 habet.
1003 4966 1391 5036 Respondeant
1411 4982 1563 5039 ergo,
1582 4977 1636 5025 et
1658 4985 1759 5026 nos
1785 4971 2041 5040 doceant,

464 5061 509 5115 si
551 5072 743 5114 revera
773 5057 1018 5126 sapiunt,
1057 5071 1222 5127 quam
1262 5058 1335 5114 ob
1378 5072 1602 5115 causam
1649 5059 1847 5115 Filium
1876 5061 2039 5118 Pater

462 5165 586 5205 cum
629 5149 900 5221 genuerit,
935 5165 1045 5204 non
1084 5151 1348 5220 atqualem
1398 5152 1504 5207 sibi
1553 5154 1760 5221 genuit,
1801 5156 1898 5211 sed
1936 5157 2039 5210 mi-

463 5255 675 5296 norem.
705 5240 841 5295 Nam
871 5241 916 5295 si
945 5241 1142 5298 melius
1170 5243 1450 5298 videretur
1497 5245 1762 5314 aequalem
1802 5246 1908 5302 sibi
1943 5262 2041 5316 per

461 5332 646 5387 omnia
693 5332 952 5403 genuisse
1001 5318 1227 5401 Filium,
1271 5335 1395 5404 quis
1444 5334 1625 5392 facere
1672 5337 1817 5392 istud
1855 5338 2042 5406 prohi-

459 5423 655 5478 beret?
693 5421 750 5478 Si
785 5424 931 5478 enim
992 5425 1195 5496 aliquid
1247 5427 1612 5495 prohibuerit,
1665 5427 2038 5482 neceSsarium

2145 4699 2197 4753 τί
2229 4698 2486 4771 περισσὸν
2515 4700 2576 4753 ἐν
2605 4696 2684 4768 τῷ
2709 4696 3007 4766 κεκλῆσθαι
3029 4697 3089 4748 τὸ
3117 4699 3301 4767 μεῖζον
3326 4697 3356 4749 6
3374 4697 3564 4767 Πατὴρ
3583 4695 3722 4766 ἔχων

2146 4791 2430 4858 φανεῖται,
2475 4787 2525 4840 εί
2571 4786 2647 4856 μὴ
2679 4785 2943 4855 κρείττων
2981 4785 3151 4840 ἐστίν.
3198 4788 3264 4840 Et
3311 4786 3410 4857 μὲν
3445 4786 3553 4856 γὰρ
3585 4786 3724 4849 ὅλως

2143 4882 2315 4948 οὐδὲν,
2344 4881 2562 4934 λέλυται
2594 4874 2780 4931 λοιπὸν
2809 4877 2907 4949 ἥδη
2938 4879 3046 4932 πᾶν
3070 4878 3132 4932 τὸ
3175 4879 3262 4949 ἐφ’
3309 4878 3440 4933 Υίοῦ
3489 4879 3725 4948 κατηγό-

2149 4989 2298 5044 ρημα
2320 4987 2334 5002 ·
2381 4973 2430 5024 εἰ
2458 4969 2516 5021 δὲ
2547 4967 2680 5021 πολύ
2705 4985 2759 5021 τι
2789 4967 2849 5022 τὺ
2873 4968 3130 5040 διάφορόν
3158 4971 3297 5033 ἐστι,
3318 4970 3586 5042 κρείττων
3615 4969 3724 5040 ἄρα

2144 5063 2351 5126 λοιπὸν,
2383 5062 2458 5123 ὼς
2487 5059 2626 5129 ἔχων
2650 5059 2710 5113 τὸ
2746 5060 2949 5131 μεῖζον.
2991 5060 3490 5130 Ἀπολογείσθωσαν
3522 5061 3722 5126 τοίνυν,

2145 5154 2242 5208 καὶ
2265 5151 2664 5207 διδασκέτωσαν
2691 5151 2859 5222 ἡμᾶς,
2887 5150 3044 5222 εἴπερ
3072 5151 3210 5205 εἰσὶν
3235 5151 3402 5216 ὄντως
3429 5153 3602 5222 σοφοὶ,
3628 5151 3723 5205 τοῦ

2145 5244 2208 5316 δὴ
2234 5244 2394 5314 χάριν
2429 5244 2694 5314 γεννήσας
2721 5242 2814 5296 τὸν
2841 5243 2970 5297 Υίδν
2996 5245 3024 5297 ὁ
3051 5244 3240 5315 Πατὴρ
3269 5244 3368 5297 οὐκ
3393 5239 3510 5296 ἴσον
3545 5244 3726 5314 ἐαυτῷ

2143 5334 2495 5404 γεγέννηκεν,
2543 5333 2659 5388 ἀλλ’
2716 5333 2993 5389 ἐλάττονα.
3048 5337 3112 5388 Εἰ
3174 5335 3274 5404 μὲν
3324 5336 3433 5407 γὰρ
3479 5336 3725 5405 φαίνοιτο

2141 5428 2387 5496 κρεῖττον
2437 5425 2498 5479 τὸ
2545 5420 2663 5480 ἴσον
2712 5425 2891 5496 ἐαυτῷ
2935 5425 3075 5480 κατά
3125 5426 3304 5480 πάντα
3343 5429 3598 5497 γεννῆσαι
3631 5427 3724 5482 τὸν

460 5528 583 5568 esse
630 5515 718 5569 vel
766 5514 922 5569 inviti
973 5515 1321 5583 fatebuntur,
1368 5525 1427 5572 ut
1478 5520 1550 5574 sit
1615 5518 1823 5588 aliquid
1881 5517 2041 5574 Patre

2146 5518 2293 5585 Υίὸν,
2321 5518 2403 5582 τίς
2435 5519 2464 5570 6
2491 5517 2741 5580 κωλύσας
2767 5516 2924 5570 τοῦτο
2957 5519 3129 5570 ποιεῖν
3154 5533 3169 5583 ;
3217 5519 3279 5572 Ei
3311 5518 3410 5588 μὲν
3434 5520 3545 5590 γάρ
3575 5537 3628 5573 τι
3662 5520 3723 5572 τὸ

462 5601 664 5671 majus.
712 5603 868 5670 Quod
921 5606 966 5661 si
1023 5607 1158 5662 nihil
1210 5608 1374 5677 plane
1423 5609 1721 5678 prohibuit,
1768 5609 1864 5664 sed
1911 5624 2036 5664 cum

2146 5610 2395 5663 κωλύσαν
2421 5611 2496 5672 ὡς
2529 5608 2589 5673 ἐξ
2610 5608 2855 5678 ἀνάγκης
2892 5609 3061 5671 ἐστὶν,
3087 5610 3480 5681 ὁμολογήσουσι
3508 5613 3598 5664 καὶ
3624 5613 3726 5684 οὐχ

462 5701 730 5761 potestate
762 5697 1022 5765 praeditus
1054 5708 1220 5765 esset,
1251 5700 1530 5769 sciretque
1574 5699 1771 5753 melius
1814 5694 1959 5754 esse'
1980 5708 2037 5753 ut

2146 5705 2360 5768 ἑκόντες
2391 5697 2530 5758 εἷναί
2559 5718 2612 5754 τι
2643 5701 2703 5754 τὸ
2736 5700 2919 5771 μεῖζον
2945 5701 3036 5755 τοῦ
3064 5702 3294 5775 Πατρός.
3343 5705 3405 5758 Ei
3437 5704 3495 5757 δέ
3524 5704 3585 5757 τὸ
3610 5721 3716 5758 κω·

528 5868 573 5900 "
601 5868 754 5927 Joan.
792 5891 899 5941 MV,
927 5878 978 5934 9.

1093 5879 1136 5911 '9
1163 5876 1320 5932 Joan.
1349 5894 1459 5948 xw,
1493 5878 1578 5934 i3.
1691 5881 1731 5913 ⁸ο
1772 5881 1929 5938 Joan.
1967 5897 2102 5951 xv",
2135 5883 2220 5939 10.
