4156 6476
373 355 451 414 53
1485 363 1552 420 IN
1576 363 1864 421 JOANNIS
1901 367 1970 423 El

2076 367 2355 429 ιοειιυιι
2397 375 2525 432 LIB.
2571 379 2610 434 Ι.
3613 391 3682 445 54

374 473 504 527 λύον
533 469 604 545 ἦν
635 475 776 540 ὅλως
803 476 975 542 οὐδὲν,
1008 478 1150 550 ἔχων
1178 480 1234 534 δέ
1260 479 1360 553 τὴν
1389 482 1661 552 ἐξουσίαν,
1691 487 1786 540 καὶ
1807 486 1970 552 είδὼςη

2091 494 2359 562 aequalem
2398 498 2668 567 gigneret,
2722 501 2989 557 minorem
3051 504 3267 571 maluit,
3311 506 3515 564 invidia
3553 526 3686 583 ergo

372 566 460 620 ὅτι
491 567 712 622 κάλλιόν
751 570 870 623 ἐστι
902 573 1163 644 γεννῆσαι
1195 574 1288 629 τὸν
1324 571 1473 641 ἴσον,
1527 577 1854 650 βεϐούληται
1889 581 1982 635 τὸν

373 659 666 726 ἐλάττονα,
726 661 924 731 φθόνος
973 665 1084 736 ἄρα
1131 665 1261 738 περὶ
1329 667 1494 722 αὐτὸν
1568 670 1664 724 καὶ
1716 671 1984 741 βασκανία

371 749 651 820 γενομένη
704 748 955 824 φαίνεται
979 771 996 786 ·
1052 757 1114 810 οὐ
1150 757 1261 831 γὰρ
1295 760 1564 832 ὴθέλησεν
1593 763 1889 818 ἀποδοῦναι
1920 767 1982 820 τὸ

366 839 494 896 ἴσον
517 843 598 915 τῷ
626 844 759 916 Υίῷ.
793 849 865 901 ’Ἡ
890 849 1074 904 τοίνυν
1093 852 1420 926 ἀδυνατήσει
1448 856 1576 927 περὶ
1600 857 1700 928 τήν
1726 857 1982 929 γέννησιν

368 937 398 988 6
433 937 653 1010 Πατὴρ,
702 939 735 1010 ἢ
772 939 1045 1010 βάσκανος
1073 943 1228 1000 ἔσται
1263 947 1407 1002 κατά
1447 948 1510 1002 τὸ
1551 949 1616 1002 ἐκ
1649 949 1759 1003 τῶν
1789 950 1979 1005 συλλο-

368 1029 594 1100 γισμῶν
625 1034 998 1101 συναγόμενον
1045 1035 1334 1109 θεώρημα,
1374 1039 1440 1093 ἂν
1473 1040 1571 1112 ἔχῃ
1605 1040 1668 1095 τὺ
1701 1041 1922 1097 ἔλαττον
1951 1046 1980 1098 6

375 1117 504 1184 Υίδς
539 1123 686 1177 κατά
729 1125 823 1178 τὸν
853 1127 1081 1181 ἐκείνων
1121 1129 1301 1195 λόγον.
1359 1132 1521 1187 Ἀλλά
1550 1133 1712 1188 τοῦτο
1743 1135 1976 1190 ἄτοπον·

367 1213 488 1268 ἄνω
519 1216 632 1288 γάρ
662 1217 874 1281 πάθους
904 1221 1108 1284 παντὸς
1135 1223 1167 1292 ἡ
1198 1223 1321 1277 θεία
1354 1225 1448 1278 καὶ
1478 1225 1756 1298 ἀκήρατος
1791 1227 1974 1298 φύσις,

366 1307 590 1360 Οὐκοῦν
617 1309 719 1362 οὐκ
743 1310 986 1364 ἐλάττων
1016 1313 1045 1365 6
1077 1312 1225 1377 Υἱὸς,
1257 1313 1345 1369 ἵνα
1371 1315 1447 1387 μὴ
1473 1316 1534 1368 τὸ
1566 1313 1683 1372 ἴσον
1709 1319 1974 1392 ἀπολέσῃ,

366 1397 495 1450 κατ’
527 1400 722 1454 οὐδένα
757 1402 961 1473 τρόπον
990 1405 1352 1475 ἀτονήσαντος
1384 1407 1479 1460 τοῦ
1517 1409 1731 1480 Πατρὸς
1757 1411 1884 1480 περὶ
1915 1411 1978 1464 τὸ

363 1486 493 1543 ἴσον
542 1493 738 1546 ἐαυτοῦ
777 1496 1038 1566 γεννῆσαι
1088 1497 1180 1550 τὸν
1225 1497 1284 1564 ἐξ
1327 1500 1528 1564 αὑτοῦ,
1583 1503 1719 1572 μήτε
1756 1503 1862 1574 μὴν
1911 1505 1976 1558 ἐκ

363 1585 678 1654 βασκανίας
708 1588 1097 1660 κεκωλυμένου
1124 1591 1186 1645 τὸ
1217 1592 1476 1664 ἐθελῆσαι
1509 1594 1568 1648 τὸ
1597 1595 1842 1665 ἄμεινον.

445 1680 657 1733 ΑΛΛΟ.
688 1681 863 1746 Αὐτός
896 1684 999 1736 πού
1033 1700 1198 1756 φησιν
1227 1687 1255 1739 6
1281 1687 1494 1759 Σωτὴρ,
1526 1687 1600 1751 ὡς
1628 1689 1713 1758 εἴη
1748 1687 1849 1759 μὲν
1876 1687 1973 1741 αὑ·-

355 1770 460 1834 τὸς
490 1772 551 1825 ὲν
579 1773 778 1844 Πατρὶ,
815 1777 904 1828 καὶ
937 1779 965 1829 6
994 1777 1183 1848 Πατὴρ
1207 1778 1264 1832 δὲ
1295 1778 1498 1849 ὁμοίως
1531 1779 1590 1834 ἐν
1619 1779 1787 1851 αὐτῷ.
1831 1780 1971 1834 Ἀλλ’

2083 595 2138 640 et
2188 586 2362 644 livore
2395 589 2593 648 ductus
2625 593 2875 661 videtur;
2915 597 3092 653 noluit
3125 601 3272 654 enim
3310 603 3683 672 aequalitatem

2083 678 2216 735 dare
2241 678 2403 737 Filio.
2439 684 2548 738 Aut
2593 699 2727 757 ergo
2759 690 3036 760 impotens
3079 692 3187 747 erit
3232 693 3288 747 in
3325 697 3687 765 generatione

2084 770 2265 842 Pater,
2289 785 2383 832 aut
2412 777 2652 843 invidus,
2677 785 2737 834 ut
2765 796 2832 834 ex
2861 786 3348 852 argumentatione
3392 787 3684 857 perspicue

2083 866 2384 938 colligitur,
2425 869 2489 936 si}
2510 871 2693 927 minus
2729 871 2932 928 habeat
2960 873 3158 939 Filius,
3198 885 3258 930 ut
3287 876 3366 931 illi
3399 886 3680 932 asserunt.

2085 957 2192 1013 Sed
2243 959 2348 1014 hoc
2404 961 2710 1018 absurdum
2757 983 2770 1018 :
2811 966 2996 1022 omnis
3055 967 3201 1022 enim
3271 968 3548 1038 passionis
3596 975 3682 1024 est

2081 1065 2283 1122 expers
2323 1052 2505 1109 divina
2537 1062 2592 1110 et
2625 1055 2961 1113 immortalis
2995 1067 3215 1113 natura.
3253 1059 3424 1131 Igitur
3451 1076 3559 1114 non
3594 1068 3682 1115 est

2081 1145 2264 1201 minor
2310 1145 2510 1215 Filius,
2550 1163 2620 1205 ne
2677 1149 3046 1222 arqualitatem
3099 1151 3310 1222 perdat,
3355 1165 3480 1206 cum
3528 1151 3682 1206 nullo

2081 1236 2244 1292 modo
2296 1236 2460 1295 Pater
2511 1239 2728 1297 viribus
2787 1244 3030 1298 caruerit
3081 1241 3136 1297 in
3194 1241 3517 1314 generando
3573 1241 3680 1297 sibi

2079 1329 2278 1399 mquali
2302 1330 2467 1400 Filio,
2503 1347 2684 1403 neque
2712 1332 2888 1388 livore
2927 1333 3244 1404 prohibitus
3278 1333 3349 1389 sit
3378 1331 3680 1404 quominus

2076 1424 2247 1479 vellet
2279 1423 2332 1479 id
2365 1425 2512 1495 quod
2542 1426 2744 1483 melius
2791 1435 2964 1484 esset.

2147 1685 2380 1742 ALIUD.
2403 1687 2523 1759 Ipse
2551 1689 2754 1744 alicubi
2783 1689 3038 1745 Salvator
3065 1690 3143 1744 ait
3184 1706 3244 1745 se
3260 1705 3384 1746 esse
3411 1689 3464 1744 in
3490 1689 3674 1758 Patre,
3709 1715 3712 1720 -

2074 1785 2130 1833 et
2173 1777 2390 1834 Patrem
2441 1780 2699 1834 similiter
2739 1781 2793 1835 in
2831 1781 2953 1851 ipso
2991 1781 3059 1835 ⁶¹.
3092 1781 3199 1835 Sed
3233 1787 3384 1850 patet
3415 1779 3676 1835 omnibus

356 1863 486 1917 ἔστι
519 1867 686 1920 παντί
716 1885 820 1920 που
855 1869 1034 1940 δῆλον,
1072 1870 1148 1934 ὡς
1193 1871 1257 1924 οὐ
1299 1873 1569 1944 προσήκει
1599 1876 1759 1936 νοεῖν,
1798 1874 1970 1930 καθά-

2076 1889 2184 1928 non
2243 1888 2368 1929 esse
2417 1873 2553 1928 illud
2616 1874 3064 1945 intelligendum,
3118 1875 3286 1930 sicuti
3349 1889 3554 1944 corpus
3615 1872 3673 1927 in

354 1971 475 2025 περ
506 1956 668 2026 σῶμα
695 1958 754 2010 ἐν
786 1959 1021 2030 σώματι,
1056 1962 1090 2034 ἢ
1125 1962 1320 2027 σκεῦος
1349 1965 1406 2017 ἐν
1451 1963 1658 2028 σκεύει,
1689 1965 1864 2031 οὕτως
1895 1963 1972 2020 εἷ-

355 2063 456 2100 ναι
482 2049 738 2120 χωρητὸν
767 2051 826 2106 ἐν
863 2051 976 2124 Υίῷ
1007 2053 1098 2106 τὸν
1134 2055 1374 2126 Πατέρα,
1406 2056 1438 2127 ἢ
1468 2052 1537 2112 αὖ
1572 2057 1735 2112 πάλιν
1770 2060 1972 2129 ἀντεμρ

355 2139 690 2206 ϐιϐάζεσθαι
742 2143 947 2215 τρόπον
1012 2147 1135 2201 τινὰ
1191 2147 1268 2218 τῷ
1321 2150 1536 2220 "arpi,
1593 2143 1750 2214 οὗτος
1806 2151 1862 2204 δὲ
1915 2153 1972 2206 ἐν

355 2230 584 2300 ἐκείνῳ,
638 2234 891 2300 κάκεῖνος
921 2237 980 2290 ὲν
1004 2237 1178 2309 τούτῳ
1208 2239 1457 2308 φαίνεται
1483 2240 1558 2305 ὼς
1586 2242 1644 2294 ἐν
1680 2243 1972 2314 ταυτότητι

334 2319 990 2398 οὐσίαςάπαραλλάκτῳ,
1033 2330 1127 2382 καὶ
1157 2333 1222 2402 τῇ
1264 2331 1410 2386 κατά
1457 2333 1621 2400 φύσιν
1667 2334 1882 2405 ένότητί
1912 2352 1970 2388 τε

355 2419 459 2468 καὶ
505 2418 813 2489 ὁμοιότητι,
870 2420 1061 2493 ὥσπερ
1095 2422 1161 2476 ἂν
1190 2423 1245 2475 ετ
1288 2441 1371 2487 τις
1413 2426 1506 2479 καὶ
1553 2428 1610 2480 ὲν
1651 2429 1820 2481 εἰκόνι
1871 2429 1970 2500 τὴν

355 2511 576 2564 οἰκείαν
628 2513 1051 2584 καταθεώμενος
1093 2518 1308 2588 μορφὴν
1360 2518 1573 2587 λέγοιτο
1627 2521 1766 2590 πρός
1817 2537 1972 2586 τινας

355 2602 670 2674 ἀληθεύων,
698 2606 794 2658 καὶ
820 2607 921 2676 τὴν
946 2608 1026 2670 εἰς
1060 2606 1231 2678 ἄκρον
1261 2607 1647 2680 ἐξησκημένην
1669 2612 1970 2683 ἐμφέρειαν

353 2697 453 2750 τοῦ
489 2699 697 2752 οἰκείου
743 2702 1025 2771 σχήματος
1073 2702 1454 2772 ἀποθαυμάζοι
1503 2702 1643 2772 βοῶν
1682 2722 1696 2736 ·
1737 2705 1879 2775 Ἐγὼ
1913 2707 1971 2758 ἐν

352 2789 485 2860 τῇδε
517 2794 584 2862 τῇ
627 2795 850 2863 γραφῇ,
882 2794 978 2848 καὶ
1009 2795 1043 2865 ἡ
1069 2795 1256 2867 γραφὴ
1283 2796 1340 2849 δέ
1373 2799 1431 2850 ἐν
1463 2797 1585 2868 ἐμοί
1610 2815 1624 2829 ο
1668 2798 1700 2870 ἢ
1731 2800 1824 2852 καὶ
1847 2799 1968 2852 καθ’

352 2884 550 2954 ἕτερον
580 2885 806 2955 τρόπον,
836 2884 1026 2954 ὥσπερ
1064 2887 1129 2941 ἂν
1163 2890 1212 2941 εί
1256 2889 1351 2942 καὶ
1392 2890 1426 2960 ή
1469 2889 1565 2942 τοῦ
1598 2889 1813 2960 μέλιτος
1839 2891 1970 2961 γλυ-

351 2979 482 3031 κεῖα
512 2977 737 3047 ποιότης
785 2979 1066 3033 ἐντεθεῖσα
1093 2979 1330 3054 γλώττῃ,
1355 2982 1484 3051 περὶ
1539 2982 1739 3052 ἐαυτῆς
1767 2983 1919 3053 λέγοι
1951 3001 1964 3014 ·

365 3070 515 3140 Ἐγὼ
542 3071 603 3124 ἐν
646 3070 727 3141 τῷ
759 3070 960 3142 μέλιτι,
996 3074 1092 3126 καὶ
1122 3073 1184 3125 τὸ
1219 3073 1344 3143 μέλι
1377 3073 1434 3128 δὲ
1473 3075 1532 3127 ἐν
1579 3073 1705 3146 ἐμοί
1731 3090 1744 3104 ·
1811 3077 1844 3148 ἢ
1877 3077 1970 3130 καὶ

347 3159 550 3232 ὥσπερ
576 3160 739 3215 πάλιν
769 3164 802 3233 ἡ
831 3163 897 3215 ἐκ
927 3162 1098 3234 πυρὸς
1127 3163 1374 3232 φυσικῶς
1398 3165 1666 3236 προϊοῦσα
1692 3164 1968 3236 θερμότης

349 3257 548 3328 ᾳωνὴν
575 3258 803 3327 ἀφιεῖσα
837 3257 988 3327 λέγοι
1016 3274 1031 3289 °
1073 3257 1218 3328 Ἐγὼ
1253 3261 1310 3312 ὲν
1341 3257 1418 3330 τῷ
1445 3259 1600 3330 πυρὶ,
1634 3259 1729 3313 καὶ
1761 3260 1822 3312 τὸ
1853 3259 1968 3331 πῦρ

345 3349 408 3402 δὲ
436 3350 497 3402 ἐν
517 3349 664 3419 ἐμοί.
685 3350 844 3402 Ἐστι
873 3349 973 3420 μέν
1000 3365 1117 3413 πως
1141 3349 1250 3421 γὰρ
1273 3349 1384 3402 τῶν
1406 3349 1716 3421 εἰρημένων
1736 3349 1966 3404 ἕκαστον

345 3442 576 3513 ἐπινοίᾳ
610 3442 888 3514 μεριστὸν,
923 3441 983 3496 ἓν
1033 3442 1090 3496 δὲ
1132 3446 1200 3514 τῇ
1246 3443 1429 3512 φύσει,
1463 3444 1557 3497 καὶ
1605 3442 1662 3496 ἒν
1711 3442 1771 3508 ἐξ
1823 3443 1962 3508 ἐνὸς,

345 3534 650 3605 ἀμερίστῳ
700 3535 809 3588 τινὶ
861 3535 957 3587 καὶ
997 3534 1306 3606 ἀδιαστάτῳ
1365 3535 1580 3606 προόδῳ
1631 3535 1970 3606 προκύπτον,

345 3626 548 3697 ὥσπερ
587 3627 684 3680 καὶ
735 3624 1066 3698 χωρίζεσθαι
1113 3626 1305 3682 δοκοῦν
1336 3627 1430 3681 τοῦ
1477 3629 1535 3680 ἐν
1585 3622 1739 3701 ᾧπέρ
1767 3630 1919 3682 ἐστιν
1953 3644 1966 3657 ·

344 3721 509 3788 ὅμως
554 3720 600 3772 δ’
630 3715 726 3773 οὖν
757 3723 806 3772 εί
856 3722 953 3774 καὶ
996 3719 1187 3774 τοῦτον
1220 3720 1334 3791 ἔχει
1388 3721 1480 3774 τὸν
1533 3720 1705 3774 τύπον
1733 3720 1842 3774 τῶν
1877 3721 1965 3772 ἐπ’

345 3810 546 3874 αὐτοῖς
603 3813 896 3882 νοημάτων
928 3815 962 3883 ὴ
999 3812 1252 3883 δύναμις,
1289 3811 1404 3866 ἀλλ’
1454 3814 1513 3866 ἐν
1551 3812 1728 3884 ἑτέρῳ
1781 3811 1970 3882 φαίνε-

351 3920 467 3965 ται,
484 3903 584 3957 καὶ
606 3904 806 3956 ταυτόν
829 3907 970 3958 εἰσιν
988 3905 1113 3958 ὅσον
1133 3907 1212 3969 είς
1231 3903 1420 3957 οὐσίαν
1450 3905 1759 3976 ἀμφότερα.
1796 3905 1970 3975 Εἴπερ

343 3993 470 4065 οὖν,
509 3997 598 4050 διὰ
630 3997 691 4050 τὸ
733 3998 832 4068 τῆς
861 3998 1053 4060 οὐσίας
1076 3997 1499 4068 ἀπαράλλακτον
1544 3997 1638 4051 καὶ
1683 3998 1745 4051 τὸ
1786 3999 1844 4051 ἐν
1891 3997 1971 4069 τῷ

346 4091 678 4161 χαρακτῆρι
728 4090 1014 4153 παντελῶς
1052 4090 1494 4162 ἀπαραποίητον,
1529 4091 1558 4143 6
1597 4092 1792 4162 Πατήρ
1818 4091 1968 4145 ἐστιν

343 4187 409 4238 ἐν
449 4183 594 4254 Υίῷ,
625 4182 745 4248 πῶς
769 4185 797 4236 6
829 4181 1034 4255 μείζων
1069 4185 1128 4237 ἐν
1160 4183 1404 4238 ἐλάττονι
1431 4184 1552 4238 κατ’
1583 4183 1831 4248 ἐκείνους
1853 4183 1967 4239 ὄντι

343 4279 429 4349 τῷ
479 4276 599 4348 Υίῷ
648 4277 892 4348 χωρήσει
948 4275 1423 4347 χαῖα-ὀφθήσεται;
1475 4268 1695 4348 Ἐπειδὴ
1734 4276 1791 4330 δέ
1843 4275 1966 4340 ὅλος

2075 1975 2330 2030 corpore,
2385 1969 2481 2015 aut
2533 1975 2631 2018 vas
2690 1963 2745 2017 in
2793 1978 2925 2017 vase
2956 2002 2970 2026 ,
3020 1964 3097 2017 ita
3151 1963 3367 2018 Patrem
3424 1962 3481 2017 in
3535 1961 3675 2018 Filio

2074 2053 2375 2118 contineri,
2423 2063 2519 2108 aut
2573 2055 2819 2110 vicissim
2867 2056 3014 2110 hunc
3071 2055 3488 2127 quodammodo
3525 2055 3675 2112 Patri

2077 2146 2322 2218 imponi;
2366 2147 2462 2202 sed
2501 2147 2653 2204 hunc
2700 2148 2755 2203 in
2805 2149 2922 2213 illo,
2959 2156 3013 2204 et
3064 2149 3216 2204 illum
3274 2150 3326 2203 in
3394 2153 3502 2204 hoc
3551 2163 3678 2204 esse

2073 2239 2288 2304 videri,
2341 2255 2442 2295 ceu
2510 2241 2565 2295 in
2618 2240 2907 2297 identitate
2963 2242 3288 2296 substantize
3341 2256 3438 2311 per
3489 2240 3674 2295 omnia

2074 2333 2263 2399 simili,
2307 2342 2364 2388 et
2409 2333 2654 2389 naturali
2701 2335 2914 2391 unitate
2949 2349 3014 2389 ac
3063 2333 3451 2398 similitudine,
3507 2333 3674 2387 veluti

2075 2427 2120 2482 si
2150 2429 2282 2498 quis
2331 2427 2385 2480 in
2437 2425 2680 2497 imagine
2727 2426 2961 2482 formam
2984 2441 3142 2483 suam
3179 2425 3676 2495 contemplans,‘ct

2073 2520 2408 2590 exquisitam
2444 2520 2632 2575 vultus
2655 2521 2740 2574 sui
2768 2518 3187 2576 similitudinem
3220 2517 3526 2581 admirans,
3548 2531 3676 2571 vere

2072 2615 2318 2668 clamare
2349 2613 2611 2668 dicatur:
2650 2610 2763 2683 Ego
2809 2611 2864 2666 in
2896 2611 2998 2665 hac
3037 2609 3262 2671 tabella,
3289 2617 3367 2673 ct,
3391 2608 3593 2663 tabella
3620 2607 3674 2661 iu

2075 2724 2162 2763 me
2228 2716 2337 2764 est.
2393 2707 2502 2760 Aut
2560 2705 3028 2776 quemadmodum
3090 2703 3136 2760 si
3193 2703 3378 2760 dulcis
3435 2702 3677 2773 qualitas

2072 2800 2252 2856 mellis
2295 2801 2570 2870 impressa
2622 2798 2824 2869 lingua:
2875 2798 2945 2852 de
2995 2797 3177 2866 seipsa
3224 2796 3414 2852 dicat:
3456 2794 3572 2866 Ego
3614 2794 3670 2848 in

2075 2891 2256 2955 melle,
2290 2898 2345 2945 et
2376 2891 2484 2945 mel
2515 2892 2570 2945 in
2599 2905 2688 2945 me
2713 2896 2830 2955 est;
2859 2895 2954 2942 aut
2978 2888 3025 2944 si
3062 2888 3218 2942 calor
3251 2902 3316 2941 ex
3351 2887 3479 2956 igne
3515 2892 3677 2940 natu-

2074 2983 2266 3037 raliter
2311 2982 2424 3053 29
2468 2981 2734 3054 prodiens
2787 2982 2994 3036 emissa
3053 2993 3192 3033 voce
3242 2978 3437 3033 dicat:
3475 2976 3587 3047 Ego
3623 2977 3678 3031 in

2071 3077 2216 3148 igne,
2241 3084 2295 3130 et
2339 3075 2483 3146 ignis
2530 3075 2587 3130 in
2642 3089 2748 3130 me.
2787 3072 3236 3142 Unumquodque
3281 3070 3430 3126 enim
3483 3083 3678 3124 eorum

2071 3182 2194 3238 qua:
2226 3167 2369 3222 dicta
2396 3174 2528 3222 sunt
2568 3165 2878 3237 separabile
2903 3172 2988 3218 est
3017 3163 3335 3229 intellectu;
3361 3161 3458 3216 sed
3492 3174 3666 3215 unum

2075 3268 2304 3325 natura,
2339 3266 2395 3314 et
2428 3274 2598 3313 unum
2649 3274 2717 3313 ex
2771 3271 2883 3312 uno
2918 3254 3277 3326 inseparabili
3331 3253 3571 3325 quodam
3622 3258 3680 3307 et

2076 3353 2386 3409 continenti
2434 3367 2734 3426 progressu
2769 3351 2976 3424 prodit,
3012 3349 3482 3422 quemadmodum
3523 3354 3578 3403 et
3609 3346 3677 3402 ab

2073 3461 2140 3502 eo
2171 3448 2226 3501 in
2263 3460 2374 3516 quo
2408 3453 2494 3501 est
2545 3446 2797 3516 separari
2831 3443 3052 3500 videtur
3081 3459 3095 3497 :
3131 3450 3512 3496 verumtaan
3552 3439 3680 3494 licet

2071 3539 2221 3594 hunc
2271 3538 2622 3610 concipiendi
2667 3538 2893 3594 modum
2948 3553 3065 3609 prae
3109 3552 3168 3591 se
3205 3536 3408 3599 ferant,
3441 3534 3676 3587 alterum

2070 3639 2260 3687 tamen
2317 3632 2373 3687 in
2431 3633 2607 3688 altero
2664 3631 2941 3696 cernitur,
2971 3641 3025 3686 et
3063 3630 3208 3684 idem
3263 3634 3396 3683 sunt
3445 3635 3676 3693 utraque

2071 3725 2258 3794 quoad
2286 3724 2679 3780 substantiam.
2709 3724 2765 3778 Si
2796 3739 2927 3794 ergo
2955 3731 3182 3794 propter
3212 3717 3677 3791 perfectissimam

2070 3816 2415 3872 identitatcm
2449 3817 2804 3882 substantire,
2831 3825 2886 3872 et
2923 3814 3272 3870 ebaractcris
3301 3808 3679 3867 omnimodam

2073 3910 2496 3966 similitudinem
2527 3913 2689 3968 Pater
2713 3919 2800 3967 est
2837 3911 2892 3966 in
2919 3909 3082 3974 Filio,
3108 3907 3388 3980 quomodo
3413 3903 3593 3974 major
3623 3903 3678 3956 in

2073 4004 2324 4067 minore,
2359 4011 2420 4058 ut
2469 4003 2546 4058 illi
2582 4005 2798 4069 volunt,
2841 4002 2980 4058 Filio
3020 4000 3396 4058 continebitur
3455 4010 3520 4050 ac
3554 4008 3678 4049 cer-

2073 4093 2437 4148 netur?Cum
2497 4100 2682 4148 autem
2738 4098 2892 4146 totus
2951 4091 3026 4145 sit
3071 4091 3142 4143 'in
3207 4088 3351 4156 ipso,
3394 4081 3678 4154 perfectus

2077 4185 2268 4256 utique
2309 4200 2542 4255 prorsus
2575 4193 2661 4240 est
2701 4181 2900 4247 Filius,
2936 4180 3031 4252 qui
3085 4179 3395 4251 perlectum
3423 4172 3596 4244 capit,
3623 4177 3678 4225 et

2068 4277 2362 4334 character
2394 4285 2479 4335 est
2511 4275 2692 4349 magni
2728 4275 2933 4330 Patris.

344 4371 504 4424 ἐστὶν
536 4372 596 4424 ἐν
621 4369 795 4441 αὐτῷ,
833 4371 1041 4433 τέλειος
1083 4369 1194 4442 ἄρα
1238 4370 1461 4434 πάντως
1509 4370 1659 4423 ἐστὶν
1693 4370 1720 4423 ὁ
1751 4367 1903 4437 Υἱὸς,
1937 4371 1966 4423 6
2001 4371 2097 4426 τοῦ
2165 4372 2375 4426 τελείου
2423 4372 2756 4443 χωρητικὸς,
2805 4369 2900 4423 καὶ
2967 4366 3254 4440 χαρακτὴρ
3290 4361 3385 4418 τί)ὖ
3436 4354 3677 4430 μεγάλου

347 4464 600 4537 Πατρός.

987 4559 1242 4614 ΚΕΦΛΛ.
1281 4562 1354 4615 Δ’.

343 4651 511 4720 Πρὸς
552 4649 697 4716 τοὺς
731 4650 1082 4720 τολμῶντας
1117 4651 1340 4722 λέγειν,
1377 4651 1465 4705 ὅτι
1501 4650 1704 4720 ἕτερός
1736 4649 1907 4704 ἐστιν
1934 4653 1967 4704 ό

415 4719 770 4778 ἐνδιάθετος
825 4722 926 4775 καὶ
986 4725 1250 4778 φυσικὸς
1308 4723 1379 4776 ἐν
1437 4721 1560 4778 Θεῶ
1615 4723 1714 4776 καὶ
1773 4719 1958 4778 Πατοὶ

419 4734 770 4787 ενσιαυετος
825 4734 926 4775 και
985 4734 1250 4790 φυσικὸς
1308 4734 1379 4776 εν
1437 4734 1560 4788 υεῳ
1615 4734 1714 4776 καὶ
1773 4734 1958 4788 ιιατρι

419 4793 648 4860 Λόγος,
680 4793 778 4846 καὶ
810 4791 1013 4859 ἕτερος
1053 4795 1086 4846 ό
1119 4793 1279 4862 παρὰ
1302 4793 1431 4860 ταῖς
1465 4795 1651 4858 θείαις
1689 4792 1959 4862 Γραφαῖς

416 4864 759 4935 λεγόμενος
789 4865 1149 4935 ΥἱόςεἝστι
1186 4863 1254 4918 δὲ
1285 4864 1407 4919 τῶν
1441 4866 1574 4935 περὶ
1597 4865 1902 4935 Εὐνόμιον
1923 4863 1962 4930 ἠ

417 4934 676 5000 τοιαύτη
714 4933 1062 4998 κακοδοξία.

407 5023 615 5092 Οὖξος
643 5022 724 5098 ἦν
749 5026 819 5080 ἐν
855 5026 1016 5096 ἀρχῇ
1041 5028 1190 5096 πρὸς
1223 5025 1332 5080 τὸν
1365 5027 1531 5082 Θεόν.

429 5116 948 5185 Ἀνακεφαλαίωσιν
977 5117 1076 5187 μὲν
1107 5117 1297 5189 ὧσπερ
1331 5117 1455 5172 τινὰ
1491 5116 1602 5171 τῶν
1642 5117 1745 5188 ’ήδη
1776 5132 1962 5188 προει-

343 5209 620 5282 ρημένων
643 5209 704 5263 ἐν
721 5209 933 5274 τούτοις
963 5211 992 5262 6
1017 5211 1413 5281 εὐαγγελιστὴς
1445 5210 1760 5281 ἐποιήσατο.
1785 5209 1962 5280 Προσ-

341 5303 469 5366 Θεὶς
527 5301 589 5354 δὲ
637 5301 700 5356 τὸ
754 5321 775 5354 ι
810 5296 1005 5369 Οὗτος,
1051 5322 1069 5354 ι
1144 5303 1432 5374 μονονουχὶ
1480 5303 1683 5374 βοήσας
1740 5303 1960 5373 ὁρᾶται,

348 5417 368 5449 ι
392 5397 457 5450 '0
485 5395 565 5450 ὣν
591 5396 650 5448 ἐν
676 5397 845 5468 ἀρχῇ,
877 5415 895 5448 ι
932 5399 961 5450 6
994 5397 1148 5468 παρὰ
1176 5397 1256 5469 τῷ
1285 5397 1458 5468 Πατρὶ
1475 5397 1667 5466 Λόγος,
1698 5395 1962 5466 ὑπάρχων

342 5488 489 5550 Θεὸς
525 5489 594 5541 ἐκ
625 5487 786 5553 Θεοῦ,
821 5481 979 5553 οὗτός
1008 5490 1126 5542 ἐστι
1156 5489 1251 5544 καὶ
1279 5489 1381 5561 οὐχ
1406 5489 1618 5562 ἕτερος,
1649 5488 1780 5560 περὶ
1819 5483 1881 5543 οὗ
1904 5487 1967 5541 τὸ

347 5578 563 5651 σεμνὸν
597 5581 732 5652 ἡμῖν
766 5582 1060 5653 πρόκειται
1093 5583 1455 5655 σύγγραμμα.
1491 5585 1678 5637 Ἔοικε
1708 5581 1765 5635 δέ
1802 5581 1966 5636 πάλιν

355 5670 412 5725 δύ
441 5671 632 5744 μάτην
654 5674 771 5737 τοῖς
814 5673 1131 5745 εἰρημένοις
1165 5675 1482 5746 ἐπενεγκεῖν
1528 5675 1608 5739 τὸ,
1639 5694 1656 5727 ι
1687 5668 1856 5740 Οὗτος
1896 5669 1966 5746 ἦν

469 5847 516 5879 ⁶¹
549 5843 707 5904 Joau.
741 5863 795 5913 Χ,
828 5847 924 5904 58.

2716 4551 2868 4608 CAP.
2942 4551 3032 4607 Iv.
3086 4513 3092 4518 ’

2072 4647 2340 4702 Adversus
2377 4663 2466 4702 eos
2514 4647 2608 4717 qui
2664 4646 2839 4700 dicere
2886 4647 3120 4715 audent,
3162 4649 3316 4703 aliud
3363 4667 3477 4705 esse
3513 4653 3678 4708 inter-

2141 4735 2268 4772 num
2291 4728 2340 4790 et
2365 4719 2618 4772 naturale
2644 4719 2697 4770 in
2733 4717 2842 4773 Deo
2863 4729 2912 4772 et
2940 4718 3108 4774 Patre
3144 4719 3394 4790 Verbum,
3421 4730 3472 4775 et
3496 4724 3675 4790 aliud,

2139 4789 2615 4861 quodLScripturaz
2645 4790 2843 4844 divina:
2872 4791 3146 4858 appellant
3177 4789 3404 4846 Filium.
3444 4791 3540 4849 Est
3582 4789 3680 4850 att-

2141 4859 2244 4916 tem
2276 4859 2738 4916 Eunomianorum
2763 4875 2914 4914 error
2945 4861 3274 4917 istiusmodi.

2144 5042 2190 5081 ι,
2221 5015 2278 5071 2.
2325 5015 2441 5072 Hoc
2467 5024 2584 5071 erat
2625 5016 2682 5070 in
2712 5017 2978 5085 principio
3013 5016 3156 5088 apud
3201 5017 3388 5074 Deum.

2142 5109 2245 5166 Hic
2277 5109 2624 5181 Evangelista
2667 5111 2987 5166 summatim
3026 5113 3446 5183 quodammodo
3478 5119 3680 5190 repetit

2071 5219 2196 5277 qua:
2218 5205 2375 5275 prius
2417 5202 2570 5258 dicta
2612 5211 2765 5259 sunt.
2812 5204 2950 5260 Cum
2983 5215 3167 5262 autem
3211 5207 3385 5274 addit,
3419 5227 3438 5261 ι
3479 5208 3617 5277 Hoc,
3655 5231 3673 5263 ι

2071 5294 2471 5367 propemodum
2533 5295 2785 5351 clamare
2837 5295 3108 5354 videtur:
3167 5317 3188 5350 ι
3246 5299 3404 5365 Quod
3453 5310 3575 5355 erat
3624 5301 3678 5355 in

2072 5388 2368 5460 principio,
2394 5406 2412 5441 ι
2445 5387 2578 5444 illud
2607 5387 2766 5460 apud
2808 5387 3031 5446 Patrem
3060 5389 3302 5448 Verbum
3327 5434 3344 5460 ,
3381 5391 3528 5447 Deus
3583 5408 3680 5448 ex-

2072 5487 2284 5544 sistcns
2309 5501 2378 5541 ex
2410 5485 2542 5552 Deo,
2573 5484 2704 5551 hoc,
2739 5485 2992 5556 inquam,
3035 5494 3093 5541 et
3128 5502 3237 5542 non
3274 5485 3426 5541 aliud
3477 5495 3564 5541 est
3611 5486 3680 5541 de

2069 5597 2181 5651 quo
2211 5593 2526 5637 sermonem
2579 5577 2765 5634 facere
2816 5579 2869 5632 in
2905 5579 3010 5634 hoc
3059 5579 3204 5634 libro
3253 5576 3675 5648 proposuimus.

2079 5672 2292 5728 Rursus
2318 5676 2502 5726 autem
2540 5682 2650 5726 non
2671 5667 2889 5725 videtur
2919 5666 3123 5723 frustra
3151 5665 3460 5736 subiecisse
3489 5663 3625 5721 illud
3660 5683 3673 5723 :
