4156 6514
537 390 607 443 55
1523 382 1580 436 S.
1618 378 1896 435 lJVllllJJ
1927 377 2401 434 ALEXANDRINI
2435 380 2759 436 ARCHIEP.
3721 381 3791 437 56

540 522 558 553 ι
614 502 727 557 Hoc
773 510 895 556 erat
954 502 1007 556 in
1061 498 1333 571 principio
1377 497 1520 567 apud
1575 498 1762 553 Deum.
1796 514 1814 547 ι
1869 495 2108 566 Accepta

2214 499 2273 551 ἐν
2304 497 2448 569 ἀρχῇ
2480 498 2614 568 πρὸς
2630 498 2722 550 τὸν
2751 496 2902 551 Θεὸν.
2948 516 2967 548 ι
3022 499 3109 561 Ὠς
3158 495 3267 568 γὰρ
3303 496 3409 550 ὑπὸ
3442 497 3590 551 θείου
3623 499 3790 552 Ilvati-

535 595 677 648 t'llllll
719 610 747 646 a
773 594 961 648 divino
989 593 1196 663 Spiritu
1222 605 1403 648 rerum
1434 588 1744 644 futurarum
1779 588 2115 659 cognitione,

536 702 643 740 non
672 685 959 757 ignoravit,
1005 691 1065 739 ιιι
1102 684 1318 752 opinor,
1347 696 1412 738 ac
1440 696 1574 737 vere
1613 679 1884 734 aﬂirmare
1916 693 2116 749 possu-

537 792 680 840 mus,
704 776 970 846 quosdam
997 775 1317 845 prodituros
1340 771 1671 842 perditionis
1697 770 1962 836 artifices,
1995 769 2114 825 dia-

536 868 643 924 boli
682 869 937 937 aucupia,
977 867 1173 923 mortis
1222 867 1470 937 laqueos,
1509 865 1568 920 in
1605 864 1862 919 cubicula
1901 875 1959 920 et
1988 877 2116 933 pro-

533 959 757 1014 fundum
802 957 1004 1014 inferni
1037 957 1396 1014 detrudentes
1435 970 1532 1012 eos
1558 955 1654 1025 qui
1689 969 1799 1024 prae
1840 952 2113 1024 imperitia

529 1051 821 1105 attendunt
848 1050 915 1104 iis
955 1062 1076 1117 qua:
1113 1054 1367 1103 eructant
1408 1047 1478 1103 de
1518 1043 1685 1103 corde
1715 1045 1860 1100 malo
1889 1043 1958 1097 “.
2021 1042 2113 1097 ln-

528 1143 754 1197 stahuut
781 1154 933 1207 vero,
956 1138 1089 1194 etin
1114 1153 1278 1196 suum
1321 1137 1427 1207 ipsi
1452 1144 1619 1207 caput
1645 1135 2005 1199 invaleseent,
2028 1134 2081 1189 di
2102 1163 2113 1174 -

528 1242 738 1296 rentes,
783 1231 933 1286 aliud
986 1229 1207 1301 quidem
1257 1242 1383 1284 esse
1426 1226 1557 1282 illud
1611 1226 1841 1282 insitum
1897 1225 1956 1279 in
2002 1223 2112 1279 Deo

530 1322 693 1378 Patre
726 1320 986 1386 Verbum,
1029 1319 1179 1375 aliud
1230 1319 1394 1375 insito
1428 1319 1587 1388 longe
1637 1315 1979 1372 simillimum
2025 1313 2112 1368 Εἰ·-

528 1414 661 1467 lium
689 1455 701 1471 .
733 1419 787 1468 et
814 1411 1080 1474 Verbum,
1113 1426 1210 1480 per
1242 1409 1392 1478 quod
1434 1406 1575 1463 Deus
1607 1405 1791 1462 omnia
1827 1412 2106 1475 operatur,

528 1514 589 1556 ιιι
614 1503 696 1557 sic
725 1501 960 1561 Verbum
996 1501 1176 1563 Verbi,
1206 1509 1261 1555 et
1292 1499 1473 1568 imago
1516 1496 1795 1567 imaginis,
1836 1503 1891 1550 et
1924 1495 2106 1565 splen-

526 1595 629 1648 dor
657 1592 969 1664 splendoris’
1010 1592 1368 1663 intelligatur.
1419 1589 1588 1654 Quasi
1636 1602 1772 1656 ergo
1820 1586 1934 1654 jam
1984 1584 2109 1640 illos

528 1690 693 1759 impia
727 1688 833 1743 ista
861 1687 1230 1759 pradicantes
1264 1684 1502 1748 audiret,
1539 1691 1593 1739 et
1623 1681 1888 1736 adversus
1913 1680 2109 1732 imma-

524 1796 648 1835 nem
678 1779 1011 1850 scriptorum
1040 1778 1151 1848 30
1174 1777 1416 1846 ipsorum
1454 1773 1698 1829 furorem
1733 1770 1931 1825 merito
1958 1782 2110 1822 com-

522 1877 708 1923 motus
731 1842 930 1922 beatus
958 1842 1330 1938 era-ngelista,
1374 1870 1666 1933 postquam
1700 1860 1889 1914 multis
1924 1857 2108 1913 verbis
2141 1842 2182 1897 Β

516 1958 634 2026 jam
665 1957 880 2020 statuit,
912 1963 988 2023 et,
1046 1965 1107 2010 ut
1140 1956 1397 2018 decebat,
1431 1952 1766 2021 signiﬁcavit
1812 1963 2003 2013 unum,
2045 1962 2109 2002 ac

520 2050 702 2104 solum
737 2058 791 2103 et
834 2063 1025 2104 verum
1054 2050 1122 2103 de
1168 2046 1302 2112 Deo,
1331 2056 1388 2102 et
1437 2046 1492 2100 in
1526 2044 1636 2100 Deo
1668 2054 1719 2099 et
1754 2043 1898 2113 apud
1936 2041 2104 2094 Deum

519 2157 643 2198 esse
670 2141 931 2204 Verbum,
969 2142 1154 2197 statim
1198 2138 1365 2194 infert
1397 2156 1409 2191 :
1449 2155 1470 2189 ι
1518 2135 1633 2191 lloe
1662 2135 1862 2191 eratin
1895 2133 2104 2203 princi-

520 2233 614 2300 pio
649 2234 791 2303 apud
819 2230 1010 2298 Deum,
1038 2251 1057 2284 ι
1080 2240 1139 2287 ιιι
1178 2229 1353 2286 Filius
1389 2229 1647 2284 nimirum
1688 2225 1831 2297 apud
1864 2224 2102 2290 Patrem,

521 2335 579 2380 ut
613 2327 840 2382 insitum
865 2345 879 2393 ;
924 2334 984 2381 ut
1013 2341 1079 2379 ex
1109 2324 1234 2393 ejus
1274 2320 1611 2383 snbstantia,
1640 2326 1700 2372 ut
1730 2316 2101 2387 Unigenilum,

526 2437 545 2469 ι
584 2416 721 2483 Hoc,
767 2436 784 2469 ι
818 2431 947 2471 cum
1000 2431 1111 2470 non
1165 2414 1240 2470 sit
1305 2411 1633 2469 secundum.
1686 2407 1794 2464 Sed
1841 2408 2102 2478 quoniam

519 2524 707 2579 opera:
751 2509 989 2579 pretium
1032 2506 1193 2562 nobis
1248 2520 1373 2561 esse
1431 2513 1587 2575 puto,
1614 2502 1710 2573 qui
1761 2501 2102 2571 impietatem

522 2600 840 2657 istiusmodi
888 2599 1068 2670 palam
1118 2597 1305 2654 facere
1337 2611 1623 2659 conamur,
1658 2594 1860 2649 nudam
1910 2608 2103 2649 eorum

515 2706 798 2761 exponere
841 2688 1263 2759 blasphemiam,
1293 2687 1360 2741 ad
1397 2686 1798 2757 simpliciorum
1836 2685 2105 2739 securita-

516 2789 631 2836 tem
677 2781 929 2851 (cavehit
971 2779 1120 2835 enim
1154 2778 1412 2848 quisquis
1437 2777 1714 2841 didicerit,
1745 2792 1809 2830 ac
1844 2786 2103 2845 tanquam

515 2879 825 2943 serpentem
845 2872 1120 2927 transiliet
1146 2871 1199 2926 in
1222 2869 1403 2924 medio
1425 2868 1682 2923 latcnlem
1701 2866 1918 2936 itinere)
1963 2864 2105 2919 utili-

515 2974 599 3020 ter
623 2979 814 3020 eorum
839 2964 1143 3021 doctrinam
1178 2976 1477 3032 exponam,
1509 2959 1763 3030 opposita
1800 2956 2099 3013 contraria.

516 3055 609 3110 Sic
636 3056 784 3111 enim
812 3055 1075 3125 deinceps
1103 3053 1198 3108 illa
1254 3051 1590 3109 refutabitur
1636 3050 1707 3105 iis
1749 3048 1929 3103 modis
1960 3061 2103 3118 quos

515 3148 680 3204 nobis
714 3149 856 3205 Deus
901 3148 1269 3211 concesserit,
1319 3144 1410 3214 qui
1452 3144 1714 3198 omnibus
1766 3141 2098 3212 sapientiam
2127 3172 2171 3231 ε

514 3238 770 3310 largitur.

867 3408 1116 3465 Eunomii
1147 3408 1324 3478 opinio
1359 3407 1422 3464 de
1451 3405 1598 3462 Filio
1630 3406 1749 3464 Dei.

589 3502 938 3573 Uuigenitus,
972 3502 1173 3571 inquit,
1201 3499 1295 3555 Dei
1322 3499 1518 3565 Filius,
1548 3514 1658 3553 non
1690 3507 1778 3553 est
1804 3511 1870 3551 ex
1896 3510 1956 3551 se
1983 3510 2102 3564 pro-

517 3596 635 3667 prie
665 3595 903 3649 Verhum
934 3592 1084 3662 eius;
1121 3590 1218 3647 sed
1259 3591 1542 3646 internum
1572 3588 1708 3643 illud
1741 3586 1975 3643 Verbum
2007 3585 2099 3639 Dei

518 3703 583 3744 ec
604 3687 787 3742 Patris
817 3686 873 3742 in
914 3688 1037 3756 ipso
1070 3691 1341 3746 movetur,
1366 3691 1421 3737 et
1460 3688 1546 3736 est
1579 3694 1816 3749 semper.
1851 3677 1957 3743 Qui
2000 3691 2098 3730 au-

518 3788 628 3831 tem
658 3793 724 3832 ex
764 3779 882 3846 ipso
908 3774 1127 3846 genitus
1167 3787 1293 3828 esse
1321 3769 1496 3825 Filius
1541 3768 1771 3835 dicitur,
1818 3767 2099 3821 internum

514 3868 637 3937 ejus
667 3866 906 3923 Verbum
937 3864 1275 3934 suscipiens,
1318 3868 1523 3916 cuncta
1552 3859 1622 3912 ab
1655 3872 1722 3913 eo
1748 3857 1980 3913 edoctus
2009 3870 2102 3910 no-

515 3960 613 4023 vit,
647 3967 701 4014 et
734 3958 803 4012 ad
846 3957 967 4029 ejus
1001 3952 1420 4013 similitudinem
1464 3944 1703 4006 Verbum
1748 3958 1834 4008 est
1863 3959 1917 4006 et
1954 3965 2100 4004 nun-

514 4058 770 4120 cupatur.

582 4142 703 4199 Jam
738 4142 806 4198 ad
858 4139 1295 4198 conﬁrmandam
1351 4150 1510 4193 suam
1560 4141 1623 4190 ut
1655 4134 1938 4191 existimat
1991 4135 2098 4189 im-

517 4238 798 4307 pietatem,
837 4242 893 4290 et
920 4244 1212 4303 perversas
1247 4228 1553 4289 sententias
1583 4226 1900 4283 istiusmodi
1930 4224 2102 4281 nectit

517 4328 888 4398 syllogismos,
936 4332 1017 4390 ut,
1072 4319 1540 4394 quemadmodum
1585 4318 1856 4387 scriptum
1892 4317 2095 4384 θεων,

518 4432 742 4475 suorum
770 4416 1122 4489 peccatorum
1151 4412 1367 4470 catenis
1400 4412 1569 4467 miser
1612 4410 2047 4480 constringatur.

2219 606 2386 660 ματος
2411 591 2492 653 είς
2518 588 2619 659 τὴν
2667 589 2778 642 τῶν
2806 590 3078 659 ἐσομένων
3109 591 3311 659 γνῶσιν
3353 592 3792 664 φωταγωγούμε-

2214 697 2305 744 νος
2328 682 2436 733 οὐκ
2458 680 2745 752 ἠγνόησεν,
2776 680 2852 744 ῶς
2881 680 2945 749 γέ
2971 698 3061 751 μοι
3084 681 3252 746 δοκεῖ,
3286 684 3378 735 καὶ
3403 682 3480 746 ὡς
3520 682 3667 737 εστιν
3713 687 3791 738 el—

2216 775 2337 827 πεῖν
2362 771 2743 843 ἀληθεύοντας,
2805 773 2887 826 ὅτι
2924 790 3030 845 περ
3065 774 3462 844 άναφανοῦνταί
3488 792 3635 839 τινες
3683 779 3789 830 ἀπ·-

2212 863 2408 926 ωλείας
2437 863 2686 934 ἐργάται,
2711 863 2959 918 διαϐόλου
2986 863 3256 937 θήρατρα,
3284 864 3514 921 θανάτου
3538 867 3783 936 παγίδες,

2212 957 2293 1019 εἰς
2323 957 2527 1025 ταμεῖα
2556 955 2956 1027 καταφέρουσαι
2984 957 3079 1011 καὶ
3111 959 3191 1019 είς
3221 958 3495 1028 πέταυρον
3513 960 3637 1031 ᾅδου
3659 963 3786 1024 τοὺς

2210 1047 2271 1113 ἐξ
2326 1046 2598 1117 ἀμαθείας
2652 1047 3015 1118 προσέχοντας
3055 1042 3136 1110 οἷς
3176 1048 3242 1102 ἂν
3285 1049 3350 1103 ἐκ
3378 1049 3605 1121 καρδίας
3631 1052 3788 1121 ἐρεύ-

2211 1155 2398 1206 γονται
2439 1139 2701 1209 πονηρᾶς.
2768 1138 3143 1208 Ἐνστήσονται
3201 1139 3255 1193 δὲ
3282 1180 3297 1205 ,
3346 1141 3437 1192 καὶ
3502 1141 3640 1194 κατὰ
3685 1142 3786 1210 τῆς

2212 1230 2425 1284 ἑαυτῶν¹
2470 1227 2811 1301 ἀνδριοῢνται
2847 1229 3091 1299 κεφαλῆς
3121 1228 3389 1298 λέγοντες,
3444 1231 3630 1303 ἕτερον
3685 1234 3787 1304 μὲν

2211 1316 2350 1375 εἶναι
2376 1321 2467 1374 τὸν
2491 1320 2794 1375 ἐνδιάθετον
2817 1320 2876 1373 ἐν
2899 1318 3019 1390 Θεῷ
3051 1322 3229 1390 Πατρὶ
3273 1320 3468 1391 Λόγον,
3511 1322 3699 1395 ἓτερον
3726 1324 3785 1377 δέ

2209 1426 2337 1465 τινα
2372 1411 2466 1464 καὶ
2521 1410 2601 1480 τῷ
2636 1408 2926 1480 ἐνδιαθέτῳ
2972 1408 3092 1464 λίαν
3137 1410 3545 1481 ἐμφερέστατόν
3586 1429 3646 1465 τε
3688 1415 3783 1467 καὶ

2208 1502 2523 1572 ὁμοιότατον
2554 1501 2645 1555 τὸν
2681 1501 2806 1555 Υίὸν
2841 1502 2935 1554 καὶ
2957 1500 3149 1570 Λόγον,
3177 1501 3242 1555 δι’
3267 1497 3328 1557 οὗ
3353 1502 3486 1567 Θεὸς
3511 1503 3581 1557 τά
3607 1504 3782 1559 πάντα

2207 1593 2502 1665 ἐργάζεται
2523 1610 2537 1625 ο
2565 1593 2655 1648 ἵνα
2680 1594 2851 1662 Λόγος
2885 1593 3059 1663 Λόγου
3086 1594 3292 1666 νοῆται,
3326 1596 3421 1649 καὶ
3447 1595 3616 1649 εἰκὼν
3640 1598 3783 1650 εἰκό-

2207 1700 2297 1749 νος
2319 1725 2336 1750 ,
2394 1686 2486 1739 καὶ
2527 1684 2867 1756 ἀπαύγασμα
2918 1685 3369 1755 ἀπαυγάσματος.
3420 1686 3634 1758 Ὥσπερ
3688 1685 3783 1743 οὖν

2208 1777 2309 1847 ήδη
2354 1775 2778 1847 δυσφημοῢντων
2822 1775 3059 1839 ἀκούσας
3104 1777 3313 1842 αὐτῶν,
3362 1779 3457 1831 καὶ
3496 1780 3632 1851 πρὸς
3679 1781 3781 1846 τάς

2209 1863 2476 1927 ἐκτύπους
2504 1863 2762 1927 ἀπονοίας
2808 1863 2916 1919 τῶν
2946 1865 3076 1937 παρ’
3105 1866 3289 1930 αὐτοῖς
3330 1871 3778 1939 συγγραμμάτων

2207 1953 2444 2022 εὐλόγως
2521 1955 2880 2024 κεκινημένος
2928 1956 2957 2008 ὁ
3016 1959 3285 2029 μακάριος
3354 1959 3778 2032 εὐαγγελιστὴς,

2205 2047 2526 2119 ὁρισάμενος
2548 2048 2650 2119 ήδη
2678 2048 2773 2100 καὶ
2805 2048 2896 2101 διὰ
2921 2049 3154 2112 πολλῶν,
3180 2050 3256 2115 ὡς
3281 2049 3389 2104 ἔδει
3412 2093 3429 2119 ,
3460 2054 3783 2125 κατασημή-

2207 2155 2303 2199 νας
2326 2139 2419 2191 τὸν
2444 2138 2562 2203 ἐνα,
2604 2139 2699 2192 καὶ
2732 2139 2912 2209 μόνον,
2941 2140 3038 2193 καὶ
3086 2141 3341 2212 ἀληθινὸν
3373 2146 3436 2197 ἐκ
3468 2143 3632 2208 Θεοῦ,
3683 2146 3782 2199 καὶ

2205 2232 2264 2283 ἐν
2295 2230 2436 2301 Θεῷ,
2469 2233 2562 2285 καὶ
2592 2230 2728 2301 πρὸς
2771 2230 2911 2285 Θεὸν
2953 2231 3083 2285 ὄντα
3114 2233 3309 2302 Λόγον,
3350 2235 3604 2306 ἐπιφέρει
3650 2253 3781 2308 γορ-

2204 2320 2316 2388 γῶς
2349 2338 2362 2351 ·
2401 2338 2420 2372 ι
2449 2316 2616 2384 Οὗτος
2650 2317 2717 2391 ἦν
2744 2321 2800 2375 ἐν
2830 2322 2971 2393 ἀρχῇ
2996 2321 3130 2392 πρὸς
3159 2322 3250 2377 τὸν
3286 2323 3441 2390 Θεὸν,
3484 2343 3503 2376 ι
3536 2325 3612 2388 ὡς
3655 2326 3781 2389 Υἱὸς

2203 2411 2403 2483 δηλαδὴ
2442 2411 2579 2483 πρὸς
2619 2411 2710 2466 τὸν
2742 2412 2986 2482 Πατέρα,
3032 2414 3108 2477 ὡς
3136 2414 3396 2486 ἔμφυτος,
3447 2415 3525 2480 ὼς
3574 2418 3640 2471 ἐκ
3678 2416 3779 2487 τῆς

2203 2504 2391 2568 οὐσίας
2419 2503 2606 2570 αὑτοῦ,
2634 2503 2710 2568 ὡς
2748 2506 3060 2575 Μονογενής
3086 2521 3101 2536 ⁸
3152 2525 3171 2557 ι
3204 2500 3392 2572 Οὗτος,
3425 2525 3444 2560 ι
3488 2509 3590 2562 οὐκ
3626 2508 3778 2573 ὄντος

2203 2595 2480 2667 δευτέρου.
2542 2595 2759 2667 Ἐπειδὴ
2808 2597 2866 2653 δὲ
2903 2599 3201 2668 προσήκειν
3234 2597 3472 2670 ἡγοῦμαι
3526 2600 3596 2652 τὰ
3651 2601 3780 2672 περὶ

2204 2688 2300 2759 τῆς
2335 2688 2590 2759 τοιαύτης
2627 2688 2943 2755 δυσσεϐείας
2989 2688 3299 2759 ἐξηγεῖσθαι
3357 2691 3776 2756 σπουδάζοντας.

2204 2778 2542 2849 γυμνοτέραν
2569 2780 2747 2834 αὐτῶν
2778 2779 3118 2849 καταστῆσαι
3169 2780 3269 2850 τῆν
3309 2780 3644 2852 δυσφημίαν,
3689 2782 3777 2837 διὰ

2202 2870 2301 2942 τὴν
2320 2871 2426 2926 τῶν
2454 2872 2854 2943 ἀκεραιοτέρων
2878 2872 3176 2942 ἀσφάλειαν
3213 2890 3225 2904 ο
3281 2874 3575 2944 φυλάξεται
3605 2878 3713 2948 γὰρ
3749 2880 3777 2931 6

2206 2962 2414 3033 μαθὼν,
2446 2964 2543 3017 καὶ⁸
2561 2963 2637 3026 ὡς
2664 2962 2787 3032 ὅφιν
2834 2963 3207 3034 ὑπεραλεῖται,
3255 2965 3396 3039 κατὰ
3423 2966 3597 3038 μέσην
3654 2969 3778 3023 λαν-

2204 3052 2431 3108 θάνοντα
2475 3053 2575 3125 τὴν
2624 3053 2775 3108 όδόνο
2849 3052 3158 3122 ἀναγκαίως
3230 3054 3399 3123 αὐτὴν
3452 3056 3774 3127 ἐκθήσομαι,

2202 3145 2303 3216 τὴν
2326 3143 2572 3209 ἐκείνων,
2614 3144 2692 3207 ὡς
2737 3144 2796 3197 ἐν
2824 3143 3148 3207 ἀντιθέσεως
3171 3145 3429 3215 σχήματι.
3466 3147 3635 3200 Λά6οι
3668 3148 3778 3218 γὰρ

2203 3234 2270 3289 ἂν
2296 3234 2442 3287 οὕτω
2471 3235 2570 3297 τὰς
2596 3233 2778 3298 λύσεις
2804 3233 3023 3304 ἐφεξῆς,
3056 3235 3179 3289 καθ’
3222 3236 3427 3307 οὖςπερ
3453 3237 3520 3291 ἂν
3564 3238 3775 3296 ἐπιδοίη

2200 3326 2436 3393 τρόπους
2468 3326 2497 3378 ό
2537 3326 2717 3378 πάντα
2775 3324 2955 3394 σοφῶν
2989 3324 3142 3389 Θεὸς.

2347 3417 2644 3486 Εὑνομὶου
2670 3414 2819 3480 δόξα
2848 3417 2982 3485 περὶ
3022 3417 3128 3472 τοῦ
3159 3418 3296 3473 Υίοῦ
3337 3418 3443 3474 τοῦ
3464 3419 3635 3475 Θεοῦ.

2292 3511 2351 3565 '0
2374 3508 2709 3580 Μονογενὴς,
2762 3511 2915 3582 φησὶ,
2948 3510 3043 3565 τοῦ
3095 3511 3230 3564 Θεοῦ
3280 3513 3426 3579 Υἱὸς,
3474 3514 3576 3567 οὐκ
3625 3512 3775 3568 ἔστιν
3876 3558 3887 3567 κ

2202 3602 2539 3674 αὐτοκυρίως
2570 3604 2598 3656 ὁ
2635 3602 2809 3672 Λόγος
2865 3604 3030 3658 αὐτοῦ
3061 3622 3077 3639 ⁸
3115 3606 3232 3662 ἀλλ’
3270 3611 3303 3662 ὁ
3329 3609 3427 3678 μὲν
3476 3608 3779 3673 ἐνδιάθετος

2203 3691 2374 3759 Λόγος
2403 3689 2495 3744 τοῦ
2523 3689 2661 3744 Θεοῦ
2708 3692 2801 3745 καὶ
2824 3692 3037 3765 Πατρδς
3075 3694 3135 3749 ἐν
3182 3696 3329 3768 αὐτῷ
3376 3700 3625 3761 κινεῖται,
3680 3700 3776 3753 καὶ

2200 3783 2349 3835 ἔστιν
2374 3781 2461 3835 ἀεί
2486 3796 2500 3812 ·
2531 3783 2560 3835 ὁ
2578 3781 2637 3837 δέ
2660 3782 2720 3848 ἐξ
2738 3782 2901 3837 αὐτοῦ
2927 3786 3252 3857 γεννηθῆναι
3282 3788 3570 3858 λεγόμενος
3620 3789 3773 3854 Υἱὸς,

2199 3874 2292 3927 τὸν
2316 3872 2619 3928 ἐνδιάθετον
2656 3873 2823 3928 αὐτοῦ
2863 3876 3033 3945 Λόγον
3060 3877 3372 3949 δεχόμενος,
3391 3880 3569 3934 πάντα
3598 3897 3657 3933 τε
3696 3876 3776 3932 οἷ-

2200 3967 2288 4019 δεν
2324 3963 2602 4036 ἐκμαθὼν,
2638 3967 2735 4021 καὶ
2776 3966 2898 4022 καθ’
2949 3968 3243 4041 ὁμοιότητα
3292 3969 3391 4042 τὴν
3428 3971 3641 4026 ἐκείνου
3671 3971 3775 4026 Λύο

2200 4074 2296 4126 τος
2316 4055 2582 4120 καλεῖται,
2608 4056 2703 4109 καὶ
2727 4055 2896 4112 ἐστιν.

2273 4142 2409 4201 Εἶτα
2439 4146 2578 4219 πρὸς
2605 4146 2918 4217 βεὸαίωσιν,
2939 4148 3017 4213 ὡς
3059 4148 3250 4215 οἴεται,
3280 4150 3378 4219 τῆς
3414 4150 3611 4206 ἑαυτοῦ
3647 4152 3775 4206 δυσ-

2202 4237 2437 4301 σεϐείας,
2462 4237 2559 4292 καὶ
2602 4237 2710 4294 τῶν
2758 4239 3204 4311 διεστραμμένων
3238 4240 3455 4296 ἐννοιῶν
3500 4244 3774 4309 τοιούτους

2198 4327 2352 4390 τινὰς
2379 4326 2674 4383 ἀναπλέκει
2721 4329 3115 4401 συλλογισμοὺς
3142 4371 3157 4396 ,
3198 4331 3285 4385 ἵνα
3309 4373 3325 4398 ,
3375 4331 3518 4386 καοά
3569 4334 3773 4403 γέγρα-

2200 4434 2351 4483 πται,
2378 4420 2496 4483 ταῖς
2519 4419 2629 4475 τῶν
2670 4421 2886 4475 οἰκείων
2916 4422 3325 4493 ἁμαρτημάτων
3374 4426 3580 4495 σειραῖς
3612 4425 3641 4476 ὁ
3663 4424 3773 4477 δεί-

2018 4516 2023 4523 '
2129 4505 2173 4560 D
2200 4508 2347 4574 λαιος
2371 4511 2832 4582 κατασφίγγηται.

587 4600 646 4657 Si
680 4599 942 4665 Verbum,
975 4598 1179 4668 inquit,
1207 4596 1260 4649 in
1306 4594 1417 4650 Deo
1443 4607 1509 4647 ac
1544 4590 1705 4647 Patre
1734 4590 2007 4655 naturale,
2042 4596 2098 4645 et

518 4695 796 4749 internum
843 4700 933 4747 est
982 4691 1100 4757 ipse
1146 4684 1344 4748 Filius,
1388 4692 1445 4739 et
1487 4681 1981 4738 consubstantialis
2011 4687 2097 4736 est

518 4786 776 4854 genitori,
831 4782 965 4855 quid
1009 4781 1122 4851 jam
1164 4777 1419 4847 prohibet
1480 4774 1783 4846 quominus
1841 4762 2090 4831 Verbum

519 4879 629 4943 sit,
682 4884 738 4933 et
798 4883 1023 4931 vocetur
1077 4871 1278 4933 Pater,
1342 4875 1531 4939 utpote
1591 4866 2093 4924 consubstantialis

520 4970 701 5026 Verbo
717 4971 741 5023 ’ί

590 5083 757 5141 ΙΤΕΜ
791 5059 900 5139 ς’δὶ
952 5081 1191 5137 Verbum
1226 5087 1312 5135 est
1346 5080 1439 5135 Dei
1474 5095 1539 5135 ac
1586 5077 1765 5133 Patris
1796 5075 1999 5139 Filius,
2045 5083 2100 5129 et

522 5184 720 5246 praeter
742 5176 924 5243 ipsum
950 5187 1061 5227 non
1089 5180 1176 5227 est
1197 5173 1368 5235 aliud,
1399 5188 1494 5242 per
1539 5171 1817 5241 quodnam
1836 5167 2101 5233 Verbum,

406 5290 413 5295 λ
523 5265 722 5334 inquit,
745 5262 908 5318 Pater
939 5262 1006 5317 ad
1029 5263 1208 5333 ipsum
1238 5262 1424 5318 dicere
1454 5262 1796 5334 comperitur
1823 5279 1838 5316 :
1868 5278 1890 5312 ι
1925 5257 2103 5314 Filius

2269 4600 2331 4655 El
2360 4603 2595 4672 ὀΛόγος,
2624 4604 2808 4674 φησιν,
2840 4606 2898 4657 ἐν
2924 4604 3002 4674 τῷ
3023 4604 3141 4675 Θεῷ
3181 4608 3274 4660 καὶ
3321 4609 3497 4679 lia.th
3545 4611 3773 4678 φυσικός

2197 4708 2256 4748 τε
2287 4696 2380 4748 καὶ
2410 4694 2712 4758 ἐνδιάθετος
2748 4695 2908 4758 αὐτός
2953 4698 3102 4750 ἐστιν
3135 4699 3164 4751 ὁ
3194 4699 3343 4763 Υἱὸς,
3392 4700 3508 4754 ἔστι
3542 4700 3600 4754 δὲ
3645 4703 3775 4771 ὁμο·

2198 4786 2379 4849 ούσιος
2406 4784 2484 4855 τῷ
2511 4786 2853 4856 γεννήσαντι,
2880 4786 2938 4839 τί
2966 4789 3027 4840 τὸ
3056 4789 3262 4844 κωλύον
3295 4790 3376 4845 ἔτι
3420 4793 3592 4862 Λόγον
3633 4789 3775 4847 εἷναί

2198 4889 2260 4932 τε
2314 4877 2407 4931 καὶ
2429 4875 2706 4930 καλεῖσθαι
2738 4877 2830 4929 τὸν
2868 4879 3105 4952 Πατέρα,
3147 4882 3221 4947 ὡς
3261 4882 3542 4955 όμοούσιον
3575 4885 3775 4957 Λόγῳ;

2275 5074 2395 5126 ΚΑΙ
2436 5074 2650 5127 ΠΑΛΙΝ
2676 5091 2687 5105 ’
2721 5076 2784 5130 Εἰ
2816 5077 2845 5129 ὀ
2880 5078 3049 5147 Λόγος
3073 5079 3191 5134 ἐστὶ
3220 5080 3313 5137 τοῦ
3341 5081 3478 5136 Θεοῦ
3518 5082 3615 5137 καὶ
3662 5085 3775 5137 Πα-

2200 5164 2327 5233 τρὸς
2356 5166 2386 5217 ὁ
2418 5164 2567 5231 Υἱὸς,
2617 5166 2710 5219 καὶ
2740 5166 2871 5236 παρ’
2905 5168 3068 5223 αὐτὸν
3094 5171 3195 5225 οὐκ
3226 5170 3375 5226 ἐστιν
3412 5172 3600 5243 ἔτερος
3620 5189 3635 5204 ’
3689 5172 3781 5229 διὰ

2201 5255 2355 5309 ποίου
2382 5254 2579 5324 Λόγου,
2619 5257 2849 5327 imoimo
2884 5259 3076 5330 Πατὴρ
3104 5260 3241 5331 πρὸς
3266 5260 3431 5316 αὑτὸν
3465 5262 3779 5332 εὑρίσκεται

527 5372 682 5413 meus
711 5370 774 5413 es
813 5363 909 5419 tu;
957 5369 1062 5424 ego
1110 5353 1275 5410 hodie
1306 5354 1472 5425 genui
1497 5354 1658 5409 te"?
1698 5372 1717 5406 ι
1754 5351 1911 5408 Patet
1950 5351 2099 5406 enim

2207 5347 2370 5416 λέγων
2396 5362 2410 5377 ο
2457 5367 2476 5400 ι
2523 5348 2652 5412 Υἱός
2679 5365 2782 5420 μου
2808 5343 2861 5403 εἴ
2893 5350 2957 5403 σύ
2991 5368 3005 5382 ·
3038 5351 3150 5421 ἐγὼ
3199 5354 3441 5424 σήμερον
3471 5353 3802 5425 γεγέννηκά.

528 5461 638 5502 non
674 5446 884 5516 absque
913 5445 1081 5501 verbo
1108 5444 1326 5501 Patrem
1364 5445 1433 5500 ad
1471 5443 1672 5499 Filium
1714 5443 1889 5499 luisse
1944 5443 2099 5496 locu-

2207 5455 2257 5491 re
2286 5455 2301 5505 ;
2344 5458 2362 5492 ι
2398 5438 2660 5511 πρόδηλον
2697 5440 2807 5512 γὰρ
2838 5441 2915 5505 ὡς
2947 5442 3009 5497 οὐ
3044 5441 3167 5514 δίχα
3196 5443 3354 5512 λόγου
3383 5444 3481 5508 τὰς
3520 5445 3657 5517 πρὸς
3686 5444 3779 5498 αὖ·

525 5548 663 5599 tum.
711 5551 838 5594 cum
883 5536 936 5591 id
975 5552 1139 5593 omne
1170 5538 1317 5607 quod
1355 5537 1579 5600 dicitur,
1617 5536 1672 5590 in
1703 5534 1873 5590 verbo
1909 5533 2097 5602 utique

2207 5532 2295 5585 τὸν
2332 5530 2592 5597 διαλέξεις
2619 5532 2859 5603 ὀΠατὴρ
2890 5534 3202 5604 ἐποιήσατο,
3252 5537 3374 5589 ἐπεὶ
3414 5536 3523 5589 πᾶν
3582 5535 3644 5589 τὸ
3687 5534 3779 5590 λα-

522 5625 761 5691 dicatur,
799 5641 912 5682 non
953 5627 1128 5683 aliter.
1184 5626 1247 5681 Et
1278 5628 1395 5697 ipse
1426 5626 1631 5682 alicubi
1679 5623 1931 5679 Salvator
1971 5623 2046 5677 ait
2080 5640 2092 5675 :

2207 5622 2461 5695 λούμενον
2514 5625 2569 5680 ἐν
2613 5623 2754 5694 λόγῳ
2814 5624 3013 5688 παντὸς
3068 5624 3186 5697 [ἵεν.
3234 5625 3483 5698 πάντως]
3516 5626 3799 5711 λαλεῖταιη

1710 5805 1753 5838 ⁸³
1779 5801 1923 5858 Psal.
1958 5816 2015 5871 ιι,
2045 5801 2091 5857 7.

632 5807 675 5839 ⁸²
695 5808 851 5864 Prov.
888 5826 960 5873 Ix,
1002 5809 1048 5863 l.
1128 5809 1190 5838 "‘
1214 5808 1379 5867 Prov.
1409 5822 1503 5873 vn,
1540 5805 1629 5860 22.
