4156 6478
398 393 416 421 β

398 393 469 444 5,7
1444 383 1512 437 ΙΝ
1548 383 1839 439 JOANNIS
1886 383 2336 439 EVANGELIUH
2381 385 2511 442 LIB.
2557 387 2596 440 1.
3645 391 3715 449 58

395 510 494 562 καὶ
511 508 614 578 οὐχ
627 506 852 578 ἑτέρως.
869 506 982 560 Καὶ
996 505 1155 568 αὐτὸς
1172 504 1226 556 δέ
1248 502 1348 556 πού
1369 520 1536 574 φησιν
1555 506 1583 557 6
1603 503 1815 575 Σωτὴρ,
1830 523 1847 555 ι
1863 505 1992 556 ’Ὁτι

2113 521 2129 554 ι
2169 503 2305 568 Quia
2347 503 2471 558 novi
2509 504 2746 569 Patrem,
2789 513 2841 559 et
2881 504 3105 558 verbum
3133 504 3256 572 ejus
3305 521 3468 560 servo
3490 505 3556 559 “.
3599 527 3617 559 ι
3655 507 3717 562 ει

391 595 519 655 οἶδα
542 598 637 652 τὸν
664 597 909 668 Πατέρα,
929 597 1024 650 καὶ
1047 596 1140 649 τὸν
1155 594 1314 662 λόγον
1339 593 1506 647 αὐτοῦ
1525 593 1700 665 τηρῶ.
1723 612 1741 644 ι
1772 594 1882 648 Καὶ
1915 595 2014 647 πά-

391 695 481 747 λιν
514 710 528 722 ·
575 710 594 742 ι
633 691 693 744 Ὁ
719 689 878 758 λόγος
904 688 965 742 ὃν
989 687 1241 752 ἀκούετε,
1269 686 1372 739 οὐκ
1399 684 1548 739 ἔστιν
1581 686 1735 756 ἐμὸς,
1760 685 1898 740 ἀλλά
1919 686 2010 738 τοῦ

394 781 724 851 πέμψαντός
757 797 846 851 με.
874 797 893 830 ι
927 779 1058 831 ’Ὀτε
1075 777 1256 831 τοίνυν
1268 777 1327 828 ὲν
1342 775 1488 845 λόγῳ
1505 775 1604 846 μὲν
1624 777 1652 830 6
1669 775 1860 846 Πατὴρ
1875 775 2010 847 πρὸς

393 875 568 929 αὑτὸν
598 872 934 940 διαλέγεται,
996 868 1350 941 συνομολογεί
1403 868 1460 921 δὲ
1501 867 1596 922 καὶ
1641 865 1826 936 αὐτὸς,
1880 868 2010 921 ποτὲ

393 967 502 1033 μὲν
541 968 626 1020 ὅτι
655 967 817 1036 τηρεί
849 965 942 1018 τὸν
964 964 1122 1032 λόγον
1144 962 1240 1016 τοῦ
1269 961 1484 1034 Πατρὸς
1511 1003 1525 1026 ,
1556 961 1690 1016 ποτὲ
1723 961 1780 1014 δὲ
1820 961 2006 1025 πάλιν,

392 1059 469 1123 ὡς
499 1059 567 1112 οὐ
597 1059 692 1111 τὸν
733 1055 901 1111 αὑτοῦ
931 1056 1110 1124 λόγον,
1143 1054 1283 1108 ἀλλά
1311 1054 1404 1108 τὸν
1422 1053 1518 1108 τοῦ
1559 1053 1778 1125 Πατρὸς
1807 1052 2008 1124 ἢκουον

395 1151 444 1202 οἱ
498 1149 750 1202 Ἰουδαῖοι
782 1164 796 1178 ⁸
833 1147 952 1211 πῶς
988 1148 1090 1201 οὐκ
1119 1146 1186 1199 ἂν
1213 1144 1322 1217 είη,
1373 1145 1539 1216 φησὶν
1567 1187 1582 1212 ,
1614 1145 2007 1209 ἀνενδοιάστως

391 1240 868 1310 ὁμολογούμενον,
886 1240 962 1305 ὡς
985 1239 1172 1312 ἕτερός
1187 1241 1337 1292 ἐστιν
1354 1240 1382 1294 6
1401 1236 1529 1301 Υἱὸς
1547 1238 1673 1310 περὶ
1688 1237 1802 1312 [τον.
1828 1239 2004 1310 παρὰ]

388 1332 489 1384 τὸν
528 1332 860 1396 ἐνδιάθετον,
891 1331 1012 1404 ἦτοι
1045 1331 1136 1385 τὸν
1175 1331 1234 1385 έν
1259 1330 1518 1401 γεννήσει
1561 1333 1867 1403 νοηματικῇ
1896 1332 2002 1386 Λό-

399 1441 516 1493 γον,
541 1419 604 1480 οῦ
651 1423 896 1496 μετέχων
931 1423 1027 1477 καί⁵
1063 1423 1556 1495 ἀναπιμπλάμενος
1600 1425 1848 1478 καλεῖται
1896 1425 2002 1479 Λό-

387 1534 496 1586 γος
529 1521 559 1572 6
591 1516 951 1590 προφορικὸς,
975 1517 1188 1587 καὶτῆς
1212 1517 1306 1570 τοῦ
1331 1518 1548 1589 Πατρὸς
1575 1517 1764 1582 οὐσίας
1795 1519 1995 1587 ἐκφαν-

385 1609 576 1674 τικὸς,
613 1607 759 1662 τοῦτ’
795 1608 967 1674 ἐστιν,
988 1609 1017 1663 6
1043 1609 1202 1677 Υἱός;
1236 1609 1474 1664 Τοιαῦτα
1517 1609 1617 1681 μὲν
1653 1605 1748 1664 οὖν
1777 1611 1806 1663 6
1830 1611 2000 1681 παρά·

385 1718 555 1770 φρων
602 1699 782 1772 ἐαυτῷ
824 1700 1058 1772 συνείρει
1101 1700 1270 1765 κακά,
1319 1701 1415 1755 καλ⁵
1464 1701 1669 1766 πάσαις
1705 1702 1842 1774 ὁμοῦ
1876 1706 1999 1767 ταῖς

383 1791 573 1854 θείαις
616 1792 866 1862 Γραφαῖς
913 1791 1232 1860 ἀντιφωνῶν
1275 1792 1377 1845 οὐκ
1425 1794 1766 1862 αἰσχύνεται,
1813 1793 1874 1847 τὸ
1903 1811 1996 1864 γε·

382 1881 720 1952 γραμμένον
763 1883 849 1950 ἐφ’
907 1882 1090 1953 ἑαυτῷ
1150 1883 1412 1937 δεικνύων
1463 1885 1683 1955 ἀληθές·
1751 1904 1769 1936 ι
1829 1883 1998 1940 Ὅταν

381 1973 525 2043 ἔλθῃ
546 1971 749 2043 ἀσεϐὴς
773 1973 850 2036 εἰς
869 1971 1035 2042 βάθος
1061 1973 1270 2039 κακῶν,
1295 1975 1631 2047 καταφρονεί
1656 1995 1662 2003 ’
1692 1998 1710 2030 υ
1734 1977 1867 2031 Δίαν
1893 1977 2003 2047 γὰρ

381 2063 566 2128 ὄντως
630 2063 894 2118 ἐϐάθυνεν
947 2065 1029 2128 εἰς
1076 2065 1323 2121 κάκωσιν
1376 2067 1437 2132 ἐξ
1485 2066 1672 2130 ἀνοίας
1723 2069 1752 2121 6
1799 2067 2001 2139 Genui"-

379 2175 525 2226 χος,
592 2155 655 2211 τὸ
719 2156 815 2227 μὲν
863 2158 924 2223 ἐξ
971 2158 1229 2230 ἀληθείας
1272 2159 1564 2231 ὀρθοῦσθαι
1631 2159 2003 2232 παραιτούμε-

379 2266 517 2311 νος,
557 2251 628 2322 τῇ
671 2249 729 2303 δὲ
779 2250 1076 2323 σαθρότητι
1129 2249 1238 2305 τῶν
1279 2251 1499 2306 οἰκείων
1553 2245 1802 2318 ὀκλάζων
1849 2251 2000 2323 λογι-

382 2340 569 2410 σμῶν·
599 2341 682 2394 ὅτι
722 2342 832 2413 γὰρ
874 2337 1174 2411 μονογενὴς
1203 2339 1295 2393 τοῦ
1322 2341 1458 2394 Θεοῦ
1484 2343 1577 2395 καί
1618 2342 1833 2413 Πατρὸς
1873 2343 2002 2408 Υἱὸς

381 2433 738 2502 αὑτοκυρίως
769 2432 921 2485 ἐστὶν
957 2432 983 2484 6
1015 2431 1188 2500 Λόγος
1222 2431 1409 2499 αὑτοῦ,
1439 2429 1526 2486 διὰ
1555 2433 1664 2486 τῶν
1697 2433 1995 2503 ὑποτεταγο

384 2524 575 2592 μένων
605 2524 886 2595 εἰσόμεθα.

521 2611 718 2676 Λύσις
744 2610 974 2681 ἑφεξῆς
1004 2610 1117 2682 τῆς
1164 2613 1470 2684 Εὑνομίου
1504 2617 1890 2687 κακοδοξίας.

468 2702 773 2774 Δυσμαθὴς
818 2705 847 2756 6
902 2704 1217 2776 παράφρων
1271 2701 1569 2778 αἰρετικός.
1609 2705 1734 2774 Πῶς
1778 2712 1888 2783 γάρ
1932 2712 1999 2766 ἂν

383 2796 533 2860 ὅλως
571 2797 652 2860 εἰς
681 2797 1010 2867 κακότεχνον
1033 2797 1213 2869 ψυχὴν
1246 2797 1481 2853 εἰσέλθοι
1512 2801 1716 2870 σοφία;
1749 2803 1781 2874 ἢ
1818 2805 1870 2858 τί
1890 2804 1999 2858 τῶν

374 2888 650 2943 τοιούτων
698 2890 899 2957 γένοιτ’
933 2889 1025 2953 ἂν,
1075 2891 1197 2943 εἰπέ
1233 2909 1347 2962 μοι,
1393 2894 1912 2966 κακοτεχνέστερον,
1949 2899 2002 2950 οἵ

375 2998 442 3048 γε
471 2981 621 3035 κατά
649 2982 711 3036 τὸ
740 2983 1152 3054 γεγραμμένον,
1193 2983 1304 3036 ἀπὸ
1339 2984 1438 3055 μὲν
1464 2985 1564 3056 τῆς
1589 2986 1854 3058 ἀληθείας
1898 2990 1996 3062 τὴν

376 3074 559 3145 ἀκοὴν
582 3075 1052 3147 ἀποστρέψουσιν,
1073 3076 1169 3129 ἐπὶ
1205 3075 1266 3130 δὲ
1286 3077 1414 3141 τοὺς
1430 3077 1634 3148 μύθους
1647 3079 1759 3134 τῶν
1778 3083 1998 3138 οἰκείων

372 3168 768 3239 διανοημάτων
807 3169 1202 3244 εὐπετέστερον
1233 3170 1540 3241 τρέχουσιν,
1565 3172 1654 3227 ἵνα
1683 3174 1748 3246 δὴ
1797 3177 1893 3230 καὶ
1917 3176 1995 3231 δι·
2021 3210 2063 3267 C

376 3262 558 3324 καίως
583 3262 904 3328 ἀκούσειαν,
935 3262 997 3316 οὐ
1034 3263 1101 3317 τά
1130 3263 1194 3316 ἐκ
1223 3264 1324 3335 τῆς
1353 3265 1502 3329 θείας
1528 3265 1818 3334 λαλοῦντες
1846 3270 1991 3341 Γρα-

374 3353 488 3423 φῆς
518 3369 533 3383 ο
572 3371 593 3404 ι
631 3353 769 3407 Οὐαὶ
793 3354 845 3409 οἱ
875 3354 1316 3426 προφητεύοντες
1358 3356 1468 3409 ἀπὸ
1503 3359 1733 3429 καρδίας
1785 3362 1988 3426 αὐτῶν,

373 3446 475 3497 καὶ
499 3439 604 3499 οὐκ
624 3445 732 3499 ἀπὸ
750 3445 1022 3516 στόματος
1040 3431 1271 3517 Κυρίου.
1290 3465 1308 3497 ι
1337 3447 1438 3512 Τίς
1463 3446 1572 3519 γὰρ
1594 3449 1702 3504 ἀπὸ
1725 3450 1991 3523 στόματος

371 3537 590 3609 Κυρίου
631 3537 830 3604 λαλῶν,
878 3536 1027 3603 λέγει
1062 3537 1313 3610 ἀνάθεμα
1369 3539 1620 3612 Ἰησοῦν;
1681 3544 1748 3598 Ὃ
1789 3545 1854 3613 δὴ
1897 3546 1992 3600 καὶ

370 3631 600 3684 ποιοῦσί
641 3648 791 3694 τινες
833 3630 943 3685 τῶν
996 3630 1094 3701 τῆς
1127 3630 1415 3696 εὐσεϐείας
1460 3631 1754 3703 δογμάτων
1796 3635 1990 3709 ἀνέδην

369 3724 956 3794 κατασοϐαρευόμενοι
980 3763 995 3788 ,
1028 3719 1123 3776 καὶ
1151 3722 1406 3795 καθάπερ
1435 3721 1537 3797 ἔφη
1563 3743 1645 3792 τις
1681 3726 1790 3780 τῶν
1817 3729 1990 3798 ἁγίων

368 3815 704 3887 προφητῶν,
730 3814 911 3868 πάντα
931 3813 999 3868 τὰ
1029 3812 1166 3886 ὀρθὰ
1191 3812 1609 3886 διαστρέφοντες
1645 3835 1658 3846 '
1690 3819 1826 3887 φασὶ
1855 3819 1986 3893 γὰρ.

373 3914 577 3982 ἕτερον
611 3913 712 3983 μὲν
756 3907 897 3965 εἴναι
943 3909 1034 3964 τὸν
1070 3909 1301 3980 φυσικὸν
1343 3911 1438 3964 καί
1469 3910 1772 3968 ἐνδιάθετον
1813 3917 1872 3970 ὲν
1908 3917 1988 3989 τῷ

363 4003 498 4074 Θεῷ
553 4003 652 4056 καὶ
685 4001 864 4074 Πατρὶ
889 4000 1300 4072 Λόγον·ζέτερον
1332 4001 1392 4056 δὲ
1428 3997 1496 4056 αὖ
1527 4003 1692 4059 πάλιν
1721 4005 1814 4059 τὸν
1851 4005 1986 4060 «bvo-

375 4095 674 4166 j..acry.évov
707 4095 838 4148 Υἰδν
886 4095 983 4148 καὶ
1015 4094 1212 4164 Λόγον·
1238 4094 1334 4148 καὶ
1360 4095 1587 4168 φέρουσι
1611 4097 1750 4170 πρὸς
1769 4098 1986 4153 ἀπόδει-

367 4187 456 4252 ξιν
485 4185 588 4255 τῆς
612 4183 844 4247 ἑαυτῶν,
877 4183 955 4247 ὡς
985 4185 1214 4247 οἴονται,
1250 4183 1434 4255 δόξης,
1465 4185 1666 4256 μᾶλλον
1695 4187 1751 4241 δὲ
1791 4188 1983 4259 ἀχαλί-

361 4295 465 4330 vcu
491 4273 840 4340 δυσσεϐείας,
866 4273 1096 4343 λέγοντα
1114 4274 1205 4328 τὸν
1230 4275 1438 4348 Κύριον
1466 4276 1623 4348 ἡμῶν
1659 4278 1870 4344 Ἰησοῦν
1892 4281 1984 4334 τὸν

364 4369 618 4442 Χριστὸν
644 4369 702 4421 ἐν
728 4369 848 4430 ταῖς
875 4366 1014 4440 πρὸς
1049 4367 1342 4432 Ἰουδαίους
1365 4367 1606 4439 ὁμιλίαις
1628 4409 1642 4434 ,
1686 4370 1768 4423 ὃτι
1810 4388 1828 4420 ι
1851 4367 1982 4425 Οἶδα

360 4462 462 4514 τὸν
487 4458 734 4528 Πατέρα,
769 4457 866 4510 καὶ
888 4457 982 4510 τὸν
1012 4456 1172 4525 λόγον
1193 4455 1360 4510 αὐτοῦ
1390 4457 1543 4528 τηρῶ
1565 4473 1580 4486 ο
1603 4475 1622 4508 ι
1659 4457 1796 4528 πρὸς
1822 4459 1879 4514 δέ
1915 4477 1978 4529 γε

2120 609 2356 647 rursus:
2421 611 2439 643 ι
2484 590 2722 648 Verbum
2769 593 2916 663 quod
2965 594 3175 648 auditis
3227 610 3337 648 nou
3373 603 3458 649 est
3495 612 3713 665 meum,

2115 685 2209 739 sed
2236 684 2362 754 ejus
2411 687 2504 756 qui
2547 686 2697 741 misit
2737 702 2822 741 me
2861 686 2928 740 ⁸⁵.
2975 706 2992 738 ι
3045 686 3182 740 Cum
3217 686 3386 756 igitur
3441 689 3496 741 in
3545 690 3718 744 verbo

2115 775 2337 844 quidem
2375 773 2540 830 Pater
2580 775 2647 830 ad
2695 777 2872 846 ipsum
2922 779 3203 848 loquatur,
3240 779 3516 848 simulque
3540 781 3715 834 conli-

2114 873 2302 920 teatur
2332 866 2467 937 ipse,
2497 867 2777 922 interdum
2812 867 3032 937 quidem
3061 883 3120 922 se
3151 866 3328 923 Patris
3353 869 3457 939 31
3490 885 3715 924 servare

2113 961 2368 1026 verbum,
2418 961 2699 1016 interdum
2735 977 2867 1016 vero
2898 957 3119 1014 Inda-os
3156 977 3261 1013 non
3305 963 3502 1016 audire
3546 977 3710 1017 suum

2113 1053 2367 1118 verbum,
2394 1053 2490 1109 sed
2523 1053 2672 1122 illud
2711 1051 2893 1108 Patris
2928 1070 2940 1106 :
3001 1051 3280 1122 quomodo
3335 1069 3446 1107 non
3500 1054 3712 1124 liquido

2111 1144 2388 1201 constabit
2425 1147 2567 1215 apud
2598 1162 2796 1201 omnes
2845 1147 3012 1200 alium
3053 1162 3179 1201 esse
3219 1145 3416 1199 Filium
3465 1161 3493 1199 a
3542 1147 3710 1200 verbo

2109 1237 2298 1300 insito,
2337 1246 2434 1292 aut
2473 1239 2527 1291 in
2560 1246 2742 1293 tuente
2783 1245 3052 1307 concepto
3079 1279 3094 1304 ,
3148 1239 3309 1306 cujus
3363 1253 3489 1292 cum
3546 1239 3711 1309 parti-

2107 1346 2236 1400 ceps
2287 1339 2341 1386 et
2391 1332 2587 1401 plenus
2639 1331 2713 1387 sit
2765 1329 2966 1396 Filius,
3014 1329 3252 1386 Verbum
3299 1332 3706 1386 enuntiativum

2107 1423 2444 1494 appellatur,
2479 1431 2532 1478 et
2561 1422 2893 1478 substantia:
2927 1421 3111 1478 Patris
3151 1421 3557 1493 erpressivum.
3596 1420 3710 1475 llu-

2099 1516 2343 1586 jusmodi
2379 1516 2524 1570 mala
2558 1517 2662 1570 sibi
2695 1515 2924 1572 demens
2956 1517 3050 1570 ille
3072 1515 3341 1579 contexit,
3368 1525 3421 1568 et
3449 1513 3709 1568 omnibus

2103 1609 2269 1663 simul
2298 1609 2606 1679 Scripturis
2656 1608 2863 1664 divinis
2891 1609 3197 1664 reclamare
3222 1622 3332 1662 non
3377 1615 3624 1673 veretur,
3654 1609 3705 1658 in

2102 1707 2286 1776 seipso
2333 1721 2524 1760 verum
2573 1720 2699 1760 esse
2745 1705 2989 1774 probans
3037 1704 3186 1773 quod
3249 1702 3521 1773 scriptum
3574 1711 3702 1760 est:

2109 1817 2127 1851 ι
2166 1798 2302 1853 Cum
2326 1797 2537 1852 venerit
2561 1797 2768 1866 impius
2792 1797 2847 1850 in
2879 1795 3216 1866 profundum
3249 1797 3545 1862 malorum,
3568 1814 3703 1854 cou—

2109 1892 2307 1946 temnit
2345 1890 2413 1946 ⁸⁸.
2456 1909 2474 1942 ι
2514 1887 2818 1944 Verissime
2860 1889 3008 1943 enim
3054 1888 3314 1944 detrusus
3353 1900 3438 1945 est
3469 1892 3521 1944 in
3576 1907 3704 1962 pro-

2111 1987 2338 2042 fundum
2383 1984 2610 2038 malitia:
2638 2000 2750 2054 pra:
2781 1999 2880 2039 sua
2919 1983 3195 2038 dementia
3231 1981 3323 2036 Dei
3367 1982 3568 2046 hostis.
3606 2001 3704 2038 nec

2105 2082 2244 2152 erigi
2304 2096 2364 2135 se
2409 2079 2640 2134 veritate
2689 2078 2920 2148 patitur,
2971 2075 3065 2131 sed
3113 2077 3438 2147 Opinionum
3474 2092 3702 2132 suarum

2105 2175 2255 2228 carie
2286 2189 2350 2227 ac
2379 2173 2487 2227 situ
2531 2171 2784 2226 labascit.
2814 2168 3168 2240 Unigenitum
3203 2169 3350 2222 enim
3385 2169 3476 2223 Dei
3509 2185 3572 2224 ac
3597 2168 3702 2223 Pa-

2104 2268 2205 2323 tris
2231 2265 2429 2320 Filium
2459 2282 2525 2321 ex
2559 2281 2618 2320 se
2645 2265 2866 2335 proprie
2897 2263 3018 2333 ejus
3050 2278 3173 2320 esse
3202 2261 3467 2329 Verbum,
3505 2279 3567 2319 ex
3610 2280 3701 2321 se-

2103 2361 2406 2432 quentibus
2429 2373 2824 2430 agnoscemus.

2497 2602 2768 2672 Refutatio
2799 2600 2997 2655 erroris
3029 2599 3300 2654 Ennomii.

2175 2699 2434 2753 Hebescit
2471 2696 2699 2751 demens
2749 2694 3070 2748 haereticus.
3132 2692 3421 2758 Quomodo
3461 2693 3606 2747 enim
3641 2691 3694 2746 in

2104 2793 2405 2862 malignam
2438 2789 2680 2842 animam
2717 2786 2998 2841 introierit
3052 2785 3328 2855 sapientia
3354 2785 3392 2839 ?-
3426 2795 3520 2839 aut
3565 2787 3694 2855 quid

2099 2901 2224 2940 esse
2267 2889 2485 2954 potest,
2523 2895 2735 2950 quaeso,
2777 2881 2864 2934 his
2917 2879 3251 2949 malignius,
3289 2881 3419 2949 qui,
3460 2886 3517 2932 ut
3557 2881 3696 2934 scri-

2101 2979 2353 3043 ptutnest
2370 2972 2502 3035 “',a
2527 2970 2757 3024 veritate
2781 2969 3030 3022 auditum
3067 2975 3352 3032 avertunt,
3375 2968 3443 3022 ad
3475 2968 3696 3025 fabulas

2100 3074 2284 3122 autem
2325 3063 2732 3135 cogitationum
2771 3076 2998 3117 suarum
3036 3061 3225 3115 statim
3264 3071 3690 3126 convertuntur,

2101 3164 2160 3211 ut
2210 3163 2263 3212 et
2321 3154 2521 3209 merito
2570 3152 2845 3207 audiant:
2880 3169 2898 3202 ι
2935 3151 3027 3206 Vae
3085 3153 3180 3221 qui
3240 3153 3572 3224 prophetarit
3630 3155 3697 3210 de

2097 3243 2265 3300 corde
2298 3259 2433 3310 suo,
2471 3249 2525 3300 et
2561 3259 2674 3297 non
2715 3258 2782 3297 ex
2823 3257 2922 3298 ore
2967 3241 3183 3297 Domini
3217 3245 3285 3296 ⁸⁷.
3322 3264 3340 3295 ι
3370 3244 3508 3310 Quis
3546 3247 3694 3301 enim

2096 3337 2167 3392 ab
2201 3353 2298 3392 ore
2344 3337 2560 3392 Domini
2617 3337 2856 3406 loquens
2913 3335 3050 3390 dicit
3098 3336 3395 3391 anathema
3447 3337 3579 3394 Jesu
3611 3338 3694 3393 ἐἰ

2095 3432 2253 3499 Quod
2286 3431 2540 3487 nonnulli
2577 3440 2728 3486 certe
2767 3430 3001 3492 faciunt,
3028 3430 3254 3499 pietatis
3284 3430 3544 3502 dogmata
3588 3433 3697 3488 im-

2096 3527 2367 3598 pudenter
2400 3524 2802 3597 proculcantes
2824 3563 2840 3588 ,
2873 3533 2928 3579 et
2957 3523 3106 3578 sicut
3143 3523 3537 3594 prophetarum
3566 3541 3695 3580 san-

2094 3627 2312 3671 ctorum
2349 3631 2494 3671 unus
2541 3615 2713 3680 dixit,
2771 3615 2959 3670 omnia
3014 3622 3164 3669 recta
3212 3622 3589 3683 pervertentes
3623 3617 3692 3674 ⁶⁹.

2095 3711 2262 3765 Aiunt
2295 3710 2441 3765 enim
2479 3708 2628 3763 aliud
2663 3723 2789 3764 esse
2825 3707 3082 3762 naturale
3113 3714 3169 3762 et
3206 3707 3439 3762 insitum
3487 3707 3598 3764 Deo
3630 3723 3694 3763 ae

2091 3801 2240 3856 Patri
2287 3804 2557 3868 verbum,
2597 3801 2748 3857 aliud
2787 3817 2987 3858 rursus
3022 3803 3119 3872 qui
3169 3802 3386 3857 dicitur
3424 3802 3602 3860 Filius
3639 3814 3693 3860 et

2094 3891 2364 3948 Verbum.
2400 3893 2468 3948 Et
2505 3894 2572 3947 ad
2609 3893 2972 3949 asserendqu
3008 3907 3200 3960 suam,
3239 3901 3302 3948 ut
3334 3894 3688 3960 existimant,

2091 3984 2449 4049 sententiam,
2487 3985 2601 4038 imo
2656 3999 2791 4039 vero
2837 3983 3166 4039 ell'renatam
3207 3984 3580 4054 impietatem,
3608 3988 3690 4040 af-

2090 4076 2278 4132 ferunt
2313 4073 2505 4131 Iesum
2538 4076 2824 4133 Christum
2863 4059 3158 4130 Dominum
3200 4084 3454 4131 nostrum
3487 4078 3540 4132 iu
3570 4079 3687 4134 suis

2089 4166 2154 4222 ad
2188 4164 2412 4220 Judzeos
2447 4165 2810 4220 sermonibus
2837 4166 3116 4221 dicentem
3147 4183 3161 4220 :
3207 4185 3227 4216 ι
3258 4165 3398 4232 Quia
3431 4171 3551 4222 scio
3581 4168 3687 4223 Pa-

2089 4265 2261 4321 trem,
2286 4263 2344 4312 et
2379 4255 2610 4312 verbum
2643 4255 2768 4326 ejus
2800 4271 2965 4312 servo
3001 4257 3068 4312 το.
3105 4277 3123 4310 ι
3148 4257 3424 4314 l’rteterea
3459 4261 3510 4315 id
3536 4262 3683 4332 quod

2085 4349 2191 4420 ipsi
2239 4364 2269 4402 a
2317 4348 2481 4405 Patre
2510 4349 2721 4405 dictum
2758 4359 2842 4406 est
2874 4369 2887 4405 :
2918 4369 2937 4401 ι
2972 4349 3049 4406 Ex
3096 4359 3253 4408 utero
3303 4361 3432 4409 ante
3470 4353 3684 4411 Lucifeo

2087 4457 2210 4496 rum
2254 4443 2419 4514 genui
2461 4452 2513 4498 te
2545 4443 2614 4499 “.
2653 4470 2673 4495 ι
2703 4441 2793 4507 At,
2841 4443 3146 4517 inquiunt,
3182 4459 3458 4502 venemuu
3496 4463 3526 4502 a
3584 4464 3688 4505 suo

358 4553 570 4620 τούτῳ,
614 4550 709 4602 καὶ
741 4547 802 4601 τδ
842 4546 980 4618 πρὸς
1013 4547 1177 4601 αὑτὸν
1210 4549 1504 4618 εἰρημένον
1549 4547 1702 4620 παρὰ
1733 4548 1825 4602 τοῦ
1868 4551 1978 4604 Πα-

2097 4543 2243 4607 patre
2293 4542 2581 4606 acceptum
2619 4545 2968 4603 eructantes,
3012 4539 3060 4592 si
3106 4539 3200 4610 qui
3258 4541 3504 4609 loquitur
3541 4543 3686 4598 alius

359 4640 521 4710 τρδς,
560 4661 578 4692 ι
628 4641 725 4694 Ἐκ
763 4637 1001 4708 γαστρὸς
1045 4637 1152 4709 πρὸ
1189 4636 1502 4708 Ἑωσφόρου
1539 4637 1808 4710 ὲγέννησά
1849 4657 1929 4697 σε.
1955 4660 1974 4692 ι

360 4731 507 4785 Ε’τά
533 4747 691 4798 φασι,
709 4727 802 4782 τὸν
825 4729 890 4781 ὲκ
907 4725 1003 4780 τοῦ
1030 4727 1232 4781 οἰκείου
1263 4726 1468 4796 πατρὸς
1494 4725 1571 4780 ἰὸν
1589 4729 1972 4800 ἐρευγόμενον

359 4827 426 4878 Εἰ
461 4826 492 4877 6
519 4821 703 4877 λαλῶν
741 4820 938 4890 ἕτερος
970 4820 1047 4884 ὡς
1085 4818 1223 4890 πρὸς
1269 4818 1360 4872 τὸν
1387 4812 1434 4886 ᾧ
1463 4819 1796 4889 διαλέγεται,
1853 4821 1971 4876 δια-

357 4921 418 4971 λέ
439 4935 592 4986 ίεται
627 4913 685 4968 δὲ
711 4915 798 4968 διά
825 4915 1000 4983 Λόγου
1036 4912 1170 4984 πρὸς
1199 4911 1292 4964 τὸν
1323 4911 1454 4966 Υἱδν
1478 4913 1506 4966 6
1529 4913 1744 4985 Πατὴρ,
1786 4914 1974 4986 ἕτερος

353 5010 476 5077 ἄρα
512 5005 649 5074 παρ’
689 5002 852 5055 αὐτὸν
887 5002 916 5055 6
968 5001 1210 5073 ἔμφυτος
1233 4999 1300 5056 ἀν
1340 5001 1427 5072 εἴη
1449 5001 1638 5071 Λόγος,
1677 5005 1705 5057 6
1730 5005 1790 5056 ὲν
1819 4996 1977 5078 ᾧπερ

351 5099 606 5152 ἐποιεῖτο
637 5095 736 5157 τὰς
764 5093 1032 5159 διαλέξεις
1063 5094 1092 5145 6
1116 5093 1309 5164 Πατήρ
1341 5109 1356 5124 ·
1394 5094 1490 5146 καὶ
1523 5096 1686 5149 πάλιν
1720 5113 1733 5124 ⁸
1765 5097 1828 5150 Εἰ
1862 5099 1966 5151 αύ-

353 5191 454 5253 τός
497 5205 627 5249 που,
682 5186 878 5258 φησὶν,
925 5187 954 5238 6
988 5185 1114 5248 Υἰδς
1152 5187 1341 5256 τηρεῖν
1375 5185 1467 5239 τὸν
1505 5185 1598 5240 τοῦ
1628 5189 1846 5260 Πατρὸς
1883 5189 1974 5244 λό-

354 5301 461 5352 γον
511 5280 914 5352 διισχυρῦσατο,
977 5279 1095 5342 πῶς
1126 5279 1227 5330 οὐκ
1266 5277 1334 5333 ἂν
1376 5277 1565 5351 ἕτερος
1606 5281 1692 5353 εἴη
1740 5281 1930 5337 λοιπὸν
1959 5285 1986 5337 6

351 5373 552 5445 τηρῶν
609 5372 762 5443 παρὰ
803 5371 896 5426 τὸν
943 5371 1324 5444 τηρούμενον;
1383 5373 1528 5446 Πρὸς
1574 5374 1632 5428 δέ
1679 5392 1744 5444 γε
1806 5376 1983 5430 ταῦτα

355 5465 606 5538 χαλεπὸν
640 5463 741 5536 μὲν
787 5462 918 5526 ἴσως
955 5462 1111 5516 οὐδὲν
1139 5461 1446 5531 ἀντιλέγειν
1497 5479 1513 5496 ο
1552 5481 1572 5514 ι
1612 5464 1786 5519 Δώσει
1813 5465 1925 5536 γάρ
1956 5469 1986 5521 6

357 5555 571 5627 Κύριος
601 5555 754 5626 ῥῆμα
783 5555 896 5617 τοῖς
916 5551 1430 5623 εύαγγελιζομὲνοις
1455 5552 1687 5626 δυνάμει
1719 5555 1913 5627 πολλῇ·
1953 5575 1972 5607 ι

358 5649 505 5722 χρῆν
535 5647 597 5701 δέ
630 5663 694 5716 γε
743 5645 870 5711 τοὺς
899 5645 1062 5716 οἷπερ
1104 5646 1211 5698 εἰσὶ
1238 5643 1336 5715 τὴν
1377 5647 1636 5717 τοιαύτην
1688 5647 1975 5713 νοσοῦντες

435 5828 485 5859 ⁸⁸
520 5825 684 5881 Joan.
729 5845 847 5890 vui.
869 5826 935 5884 55'

361 5915 440 5954 an
469 5949 481 5962 ,
519 5901 573 5955 5.
661 5899 705 5928 θ’
749 5899 912 5955 ΜΞςΙι.
953 5918 1048 5966 lll,
1084 5902 1135 5954 9.

2086 4633 2172 4681 est
2207 4627 2278 4682 ab
2304 4641 2370 4682 eo
2398 4627 2488 4682 cui
2520 4627 2788 4698 loquitur,
2825 4627 2990 4686 Pater
3020 4638 3206 4686 autem
3238 4630 3378 4688 Filio
3410 4649 3507 4703 per
3548 4631 3678 4691 Ver-

2087 4721 2215 4775 bum
2272 4720 2556 4795 quuitur,
2614 4720 2764 4776 aliud
2813 4736 2948 4792 ergo
2994 4722 3065 4777 ab
3115 4722 3240 4793 ipso
3288 4725 3396 4778 erit
3449 4725 3680 4781 insitum

2086 4811 2334 4868 Verbum
2370 4812 2506 4868 illud
2544 4813 2600 4866 in
2647 4825 2759 4882 quo
2808 4809 2974 4868 Pater
3007 4813 3364 4883 loquebatur.
3403 4813 3576 4871 Item:
3619 4817 3678 4874 Si

2083 4907 2199 4977 ipse
2227 4905 2432 4961 alicubi
2471 4902 2651 4959 Filius
2680 4919 2741 4959 se
2778 4903 2959 4961 Patris
2989 4906 3225 4961 verbum
3261 4922 3487 4963 servare
3530 4925 3685 4968 asse-

2083 4999 2226 5058 ruit,
2263 4997 2542 5067 quomodo
2577 5012 2684 5051 non
2719 4997 2871 5051 aliud
2909 4997 3130 5053 demum
3168 4999 3276 5070 32
3307 5003 3414 5055 erit
3452 5002 3504 5058 id
3533 5007 3682 5074 quod

2083 5098 2268 5147 servat
2322 5089 2394 5145 ab
2444 5104 2513 5144 eo
2559 5089 2707 5160 quod
2769 5093 3074 5146 servatur?
3112 5091 3239 5148 limo
3281 5095 3534 5154 refellere
3574 5116 3682 5156 non

2081 5183 2191 5239 erit
2246 5181 2433 5237 forsan
2486 5181 2749 5237 dillicile:
2791 5202 2809 5236 ι
2848 5184 3011 5240 Dabit
3055 5187 3205 5240 enim
3245 5186 3513 5248 Dominus
3560 5209 3683 5249 vero

2087 5275 2214 5330 hum
2269 5274 2800 5346 evangelizantibus
2854 5277 3063 5332 virtute
3091 5279 3265 5334 multa
3293 5281 3362 5336 7’.
3394 5302 3411 5334 ι
3453 5283 3684 5340 Deeerct

2083 5376 2270 5422 autem
2305 5384 2402 5425 eos
2451 5369 2549 5439 qui
2591 5377 2745 5424 tanta
2797 5370 3056 5426 laborant
3094 5373 3318 5430 inscitia
3361 5375 3685 5434 meminisse

2080 5461 2322 5518 dicentis
2351 5480 2365 5517 :
2397 5481 2417 5514 ι
2443 5461 2489 5517 Ο
2516 5462 2611 5533 qui
2642 5461 3021 5534 dereliquistis
3054 5465 3174 5522 vias
3207 5476 3387 5522 rectas
3407 5507 3422 5531 ,
3466 5473 3528 5520 ut
3557 5481 3679 5521 am-

2082 5553 2355 5611 bularetis
2412 5554 2469 5610 in
2531 5553 2638 5610 viis
2675 5555 3032 5611 tenebrarum
3069 5557 3146 5610 πε
3185 5577 3203 5607 ι
3251 5557 3426 5613 Nobis
3485 5567 3673 5616 autem

2079 5655 2518 5703 consentaneum
2550 5648 2736 5704 estad
2787 5663 2911 5703 cum
2945 5649 3038 5717 qui
3095 5648 3150 5702 in
3201 5648 3360 5705 caelis
3407 5659 3494 5707 est
3552 5653 3670 5708 cla-
3749 5701 3756 5710 .

1016 5831 1058 5860 ⁵⁵
1086 5829 1240 5885 Joan.
1278 5848 1390 5897 xw,
1423 5835 1509 5888 2.1.
1587 5834 1630 5865 ⁶⁶
1665 5833 1828 5891 Prov;
1864 5851 1993 5890 mn

2097 5877 2098 5883 η
2147 5835 2268 5889 εε²11
2300 5833 2536 5897 Tim.w,
2565 5837 2607 5890 -ἰ,
2680 5835 2928 5900 “"Jercm.
2969 5835 3362 5890 “111316.27.
3439 5835 3672 5891 “lCor.

1217 5904 1260 5934 το
1294 5903 1452 5961 Joau.
1497 5921 1596 5961 ιἰιι
1623 5944 1636 5967 ,
1844 5907 1886 5936 ⁷³
1932 5907 2078 5962 Psal.
2121 5921 2249 5972 ctx,
2290 5908 2341 5962 ’5.

2423 5908 2468 5938 ⁷³
2511 5905 2656 5961 Psal.
2693 5921 2878 5972 um,
2925 5907 3005 5960 12.
3089 5909 3131 5934 ⁷³
3176 5907 3340 5963 Mich.
3379 5921 3480 5970 tu,
3513 5909 3562 5966 6.
