4156 6500
519 434 589 492 59

1508 420 1562 475 S.
1595 414 1877 475 CYRILLI
1920 405 2405 468 εΑιΕιιΑΝυιιιΝι
2427 405 2737 463 ARCIIIEP.

3718 407 3787 463 60

525 570 678 611 mare
724 552 1008 607 doctorem
1038 590 1049 603 .
1105 563 1124 598 ι
1156 544 1357 600 Averte
1381 542 1596 606 oculos,
1629 555 1697 592 ne
1727 538 1949 591 videant
1999 548 2092 587 va-

2205 525 2438 596 άμαθίαν
2486 524 3001 598 ἀναμιμνήσκεσθαι
3058 524 3154 579 τοῦ
3211 523 3464 592 λέγοντος
3497 541 3509 556 ⁸
3545 543 3564 577 ι
3626 525 3692 578 Ὦ
3737 526 3791 576 οἱ

524 646 752 701 nitatem
786 642 852 697 ⁷⁵.
891 660 908 693 ι
941 638 1174 694 Vanitas
1210 634 1358 691 enim
1397 631 1686 704 profecto,
1720 638 1775 684 et
1809 642 1998 697 nugm,
2035 639 2099 678 ac

524 734 660 790 nihil
686 731 834 786 aliud
867 736 998 786 sunt
1046 728 1138 782 illa
1183 740 1306 795 quae
1348 739 1412 780 ex
1464 720 1779 793 ignorantia
1832 732 1931 772 sua
1961 714 2099 770 ell‘u-

522 826 691 879 tiunt.
727 820 848 875 Non
876 819 1023 875 enim
1052 815 1212 886 quasi
1247 813 1486 868 Verbum
1520 809 1721 863 habeat
1757 805 1925 860 ullqu
1951 801 2098 855 aliud

523 918 581 970 in
610 915 795 985 seipso
823 909 1012 966 Patris
1038 908 1234 971 Filius,
1263 905 1403 960 dixit
1434 919 1492 958 se
1516 900 1697 956 Patris
1730 912 1956 954 servare
1988 911 2103 948 ver-

524 1007 653 1063 bum
683 1024 698 1061 :
732 1020 913 1074 neque
964 1001 1033 1056 ad
1083 1016 1184 1056 nos
1230 997 1448 1053 venisse
1500 1006 1747 1063 unquam
1775 987 2101 1051 afﬁrmavit,

408 1084 415 1091 ’
522 1094 683 1165 quasi
736 1094 1094 1164 padagogum
1141 1087 1432 1158 quemdam
1467 1082 1672 1145 ferret,
1707 1079 1805 1138 sed
1838 1088 2099 1148 tanquam

524 1186 683 1241 solus
728 1184 1067 1239 inexsistens
1109 1180 1261 1234 Patri
1292 1176 1597 1233 secundum
1648 1182 1928 1231 naturam.
1964 1182 2018 1226 et
2044 1170 2126 1254 in.

525 1291 587 1333 se
614 1277 863 1331 vicissim
910 1273 1132 1328 Patrem
1168 1272 1376 1327 habens
1410 1269 1689 1333 similiter,
1723 1263 2106 1321 intercedente

526 1368 728 1422 nullo:
759 1364 951 1437 «Ego,
981 1385 1000 1417 ι
1050 1364 1269 1435 inquit,
1322 1380 1341 1413 ι
1374 1362 1428 1416 in
1483 1359 1681 1425 Patre,
1734 1366 1788 1411 et
1844 1355 1999 1411 Pater
2048 1355 2103 1409 in

528 1474 616 1512 me
645 1456 735 1525 7';
769 1476 788 1509 ι
817 1473 924 1511 non
958 1455 1185 1510 insitum
1219 1451 1387 1516 illud,
1423 1466 1603 1519 neque
1637 1448 1787 1502 aliud
1821 1445 2102 1517 quoddam

528 1546 804 1611 Verbum,
840 1548 936 1602 sed
984 1546 1145 1600 Pater
1175 1547 1228 1599 in
1262 1559 1370 1598 me.
1420 1541 1709 1608 Quomodo
1740 1539 1910 1608 igitur
1944 1537 2103 1590 intel-

528 1639 802 1708 ligendum
831 1648 915 1692 est
945 1637 1080 1691 illud
1108 1634 1254 1706 quod
1282 1632 1350 1688 ad
1376 1631 1597 1687 Judmos
1640 1631 1709 1685 ab
1738 1630 1857 1699 ipso
1890 1629 2103 1684 dictum

522 1737 643 1797 est,
672 1737 879 1800 quaeret
908 1728 1108 1797 aliquis
1132 1766 1146 1789 ,
1180 1743 1279 1779 nec
1311 1724 1542 1794 injuria.
1596 1722 1697 1777 Cui
1727 1737 1796 1777 ex
1848 1722 1925 1777 rei
1955 1720 2105 1793 verie

524 1829 639 1875 tate
680 1819 1145 1890 respondebimus
1199 1832 1321 1889 qua:
1365 1817 1525 1872 nobis
1576 1817 1631 1869 in
1670 1824 1904 1871 mentem
1938 1829 2103 1870 vene-

525 1912 659 1965 rint.
696 1910 936 1966 Docebat
967 1909 1222 1963 Salvator
1252 1907 1750 1962 obstinatissimum
1783 1904 2099 1960 Judzeorum

525 2004 809 2073 populum,
840 2011 893 2054 et
920 2000 1181 2070 paulatim
1214 2016 1245 2053 a
1281 1999 1439 2070 legali
1472 1999 1626 2052 cultu
1658 1997 1940 2052 auditores
1969 1995 2104 2051 abs-

526 2095 790 2157 traliens,
852 2093 1052 2162 smpius
1103 2090 1438 2146 inclamabat
1471 2107 1485 2145 :
1519 2108 1538 2141 ι
1578 2088 1687 2159 Ego
1762 2102 1885 2145 sum
1962 2087 2107 2142 veri-

527 2185 726 2249 tas",n
749 2199 884 2255 prop
922 2183 1142 2238 modum
1178 2182 1371 2237 dicens
1401 2200 1413 2236 :
1442 2182 1718 2247 Excutite,
1738 2194 1946 2250 quaeso,
1981 2194 2105 2245 vos,

525 2277 699 2347 legale
725 2276 916 2347 jugum
953 2294 967 2331 :
1010 2275 1393 2329 adorationem
1438 2274 1493 2327 in
1531 2273 1731 2343 spiritu
1784 2271 2051 2342 suscipite
2089 2290 2103 2326 :

524 2368 707 2420 valeat
746 2366 963 2420 tandem
996 2366 1191 2420 umbra
1217 2406 1233 2431 ,
1273 2372 1621 2420 removeatur
1658 2363 1829 2433 figura
1852 2402 1866 2426 ,
1900 2363 2107 2417 veritas

523 2458 726 2513 illuxit.
765 2456 870 2512 Sed
920 2473 1027 2512 non
1074 2458 1336 2511 omnibus
1381 2464 1527 2509 recte
1580 2454 1763 2509 facere
1814 2453 2109 2509 videbatur

524 2551 670 2620 quod
707 2549 946 2605 Mosaica
980 2558 1252 2619 praecepta
1280 2556 1587 2608 everteret.
1621 2547 1730 2601 imo
1758 2537 1887 2602 ver'o
1913 2547 1980 2602 ad
2016 2563 2108 2602 ve-

523 2644 741 2699 ritatem
778 2641 1196 2707 adduceret,ita
1231 2651 1290 2695 ut
1317 2640 1571 2696 nonnulli
1599 2640 1778 2709 palam
1812 2639 2104 2695 dicerent:

528 2752 548 2785 ι
587 2732 642 2787 Si
688 2741 835 2787 esset
887 2733 974 2786 hic
1019 2731 1183 2787 homo
1239 2747 1270 2785 a
1324 2731 1466 2797 Deo,
1524 2746 1635 2786 non
1682 2730 1928 2785 solveret
1972 2729 2109 2786 Sab-

523 2826 649 2882 bata
675 2825 721 2857 ⁷⁷
748 2843 761 2879 :
789 2844 807 2878 ι
831 2825 977 2895 quod
1007 2833 1129 2880 erat
1157 2824 1349 2895 procul
1380 2824 1547 2879 dubio
1577 2823 1949 2878 condemnare
1978 2838 2108 2894 pec-

521 2917 628 2972 cati
656 2930 781 2971 eum
805 2918 897 2986 qui
929 2932 1040 2971 non
1069 2916 1221 2971 novit
1250 2916 1408 2970 illud.
1437 2913 1755 2971 Istiusmodi
1791 2914 2105 2969 Judazorum

522 3006 742 3077 furores
803 3008 989 3078 itaque
1049 3007 1309 3073 diluens,
1366 3023 1584 3063 omnem
1628 3006 1826 3062 fastum
1884 3008 2105 3077 quidem

521 3097 757 3152 orationi
790 3097 1101 3163 subtrahit,
1131 3105 1185 3151 et
1215 3096 1490 3152 submisse
1508 3134 1523 3160 ,
1546 3111 1647 3149 nec
1669 3101 1857 3165 aperte
1879 3095 2109 3149 educere

2202 619 2655 688 ἐγκαταλιπόντες
2700 619 2852 682 ὁδοὺς
2917 616 3133 681 εὐθείας
3192 620 3288 672 τοῦ
3352 617 3678 689 πορεύεσθαι
3727 616 3789 670 έν

2203 712 2343 776 όδοῖς
2379 712 2607 776 σκότους
2630 728 2642 742 ο
2692 730 2711 762 ι
2756 711 2902 781 ἡμᾶς
2924 709 2980 763 δὲ
3005 710 3299 765 ἀκόλουθον
3322 709 3460 782 πρὸς
3482 707 3646 763 τδνὲν
3672 710 3787 773 τοῖς

2201 804 2449 875 οὐρανοῖς
2499 804 2941 873 ἀναφθέγγεσθαι
2992 803 3357 874 μυσταγωγόν
3391 819 3406 835 ν
3444 820 3464 854 ι
3497 802 3787 873 ’Λπόστρε-

2203 896 2303 967 ψον
2339 897 2467 960 τοὺς
2490 896 2803 966 ὀφθαλμοὺς
2824 896 2919 949 τοῦ
2949 895 3023 967 μὴ
3048 896 3175 950 ἰδεῖν
3204 895 3559 967 ματαιότητα.
3605 914 3623 945 ι
3662 896 3777 949 Μα-

2203 986 2424 1057 ταιότης
2470 985 2578 1057 γὰρ
2626 986 2814 1049 ὅντως,
2853 985 3016 1057 λῆρός
3058 1002 3118 1040 τε
3165 987 3260 1040 καὶ
3291 986 3478 1057 ἕτερον
3525 985 3676 1039 οὐδὲν
3718 984 3787 1039 τά

2205 1077 2268 1131 έκ
2297 1076 2393 1146 τῆς
2428 1072 2653 1130 ἐκείνων
2687 1076 3042 1139 ἀπαιδευσίας
3067 1077 3517 1148 κενοφωνούμενα
3544 1093 3560 1108 ο
3591 1077 3653 1130 οὐ
3677 1074 3787 1147 γὰρ

2204 1168 2279 1233 ὠς
2318 1168 2491 1238 Λόγον
2532 1167 2670 1240 ἔχων
2704 1168 2890 1239 ἕτερον
2933 1169 3123 1223 οὐδένα
3148 1171 3205 1223 ὲν
3243 1169 3419 1239 έαυτῷ
3445 1170 3541 1223 τοῦ
3572 1169 3786 1240 Πατρὺς

2204 1263 2233 1315 6
2259 1261 2406 1325 Υἱὸς,
2424 1262 2515 1315 τὸν
2540 1261 2635 1315 τοῦ
2660 1262 2872 1332 [ἰατρὸς
2898 1261 3101 1331 ἔφασκε
3134 1262 3511 1334 λόγοντηρεῑν·
3541 1263 3656 1317 ἀλλ’
3676 1262 3786 1317 οὐδ’

2205 1354 2389 1425 ὥςπερ
2434 1354 2557 1407 τινὰ
2597 1354 2942 1423 παιδαγωγέΝ
2967 1354 3418 1425 ὲπικομιζὸμενος
3452 1354 3587 1427 πρὸς
3639 1356 3787 1425 ἡμᾶς

2206 1447 2434 1518 ἀφῖχθαι
2483 1448 2853 1518 διισχυρίσατό
2886 1464 3037 1513 ποτε,
3070 1448 3147 1512 ὡς
3178 1447 3235 1502 δὲ
3271 1448 3431 1518 μόνος
3464 1447 3787 1520 ἐνυπάρχων

2206 1539 2347 1594 κατὰ
2386 1537 2546 1609 φύσιν
2597 1537 2675 1610 τῷ
2709 1539 2905 1617 Ila-:91,
2929 1539 3068 1610 ἔχων
3104 1556 3163 1593 τε
3195 1536 3263 1594 αὖ
3295 1540 3455 1593 πάλιν
3501 1539 3701 1610 ὁμοίως
3729 1542 3787 1593 ὲν

2207 1632 2383 1703 ἐαυτῷ
2413 1632 2506 1687 τὸν
2555 1632 2798 1704 Πατέρα,
2850 1632 3277 1703 μεσολαϐοὖντος
3314 1634 3501 1704 ἐτέρου
3536 1632 3781 1703 μηδενός·
3894 1649 3915 1657 ’

2213 1743 2232 1776 ι
2293 1723 2455 1793 Ἐγὼ,
2509 1724 2693 1796 φησὶν,
2748 1725 2805 1778 ὲν
2861 1724 2938 1795 τῷ
2993 1725 3191 1795 Πατρί,
3255 1726 3349 1778 καὶ
3408 1725 3437 1777 6
3478 1725 3669 1795 Πατὴρ
3726 1726 3787 1779 ὲν

2210 1812 2353 1883 ἐμοὶ,
2390 1833 2408 1866 ι
2438 1813 2536 1884 οὐχ
2567 1816 2595 1867 6
2626 1812 2884 1884 ἔμφυτος,
2911 1812 3025 1866 ἀλλ’
3050 1814 3171 1867 οὐδὲ
3197 1813 3225 1865 6
3253 1814 3441 1885 ἕτερός
3471 1831 3557 1877 τις
3586 1815 3778 1883 Λόγος,

2209 1905 2322 1959 ἀλλ’
2348 1908 2376 1959 6
2408 1905 2596 1978 Πατὴρ
2619 1908 2678 1959 ὲν
2716 1905 2861 1976 ἐμοί.
2910 1904 3034 1964 Πῶς
3084 1901 3176 1959 οὖν
3231 1905 3339 1975 ἄρα
3387 1905 3576 1976 νοῆσαι
3615 1922 3785 1977 προσ-

2206 1999 2331 2070 ήκοι
2380 1997 2441 2050 τὸ
2492 1999 2622 2070 παρ’
2673 1997 2838 2053 αὐτοῦ
2881 1997 3016 2067 πρὸς
3068 1998 3194 2060 τοὺς
3232 1996 3519 2060 Ἰουδαίους
3559 1998 3787 2068 εἰρημέ-

2207 2107 2318 2155 νον,
2345 2089 2489 2144 εἴποι
2530 2107 2611 2153 τις
2634 2089 2700 2144 ἂν
2724 2092 2879 2159 ἡμῖν,
2918 2090 3013 2144 καὶ
3059 2089 3203 2160 μάλα
3254 2088 3479 2153 εἰκότως
3505 2105 3518 2120 ·
3548 2089 3685 2159 πρὸς
3722 2088 3788 2160 δὴ

2206 2182 2365 2237 τοῦτο
2421 2182 2655 2254 ἐροῦμεν
2709 2181 3065 2255 ἀληθεύοντες
3122 2182 3193 2236 τὰ
3249 2183 3329 2246 εἰς
3375 2181 3501 2236 νοῦν
3564 2181 3789 2236 ἀναϐαί-

2207 2292 2365 2330 νοντα
2407 2274 2498 2328 τὸν
2535 2276 2819 2351 ἡμεέτερον.
2863 2275 3170 2330 Ἐδίδασκεν
3217 2277 3246 2329 6
3286 2274 3477 2345 Σωτὴρ
3522 2274 3614 2328 τδν
3658 2274 3788 2328 δυσ-

2209 2366 2561 2421 πειθέστατον
2590 2366 2698 2422 τῶν
2733 2367 3002 2422 Ἰουδαίων
3039 2367 3185 2423 λαῶν
3204 2367 3319 2441 [γρ.
3341 2366 3515 2439 λαδν],
3539 2368 3634 2423 καὶ
3649 2368 3790 2423 κατὰ

2212 2453 2382 2526 βραχὺ
2419 2453 2521 2525 τῆς
2560 2455 2791 2526 νομικῆς
2822 2455 3057 2523 ἐξέλκων
3105 2455 3357 2528 λατρείας
3401 2456 3527 2519 τοὺς
3582 2457 3791 2525 ἀκροω-

2212 2545 2425 2614 μένους,
2446 2544 2717 2615 ἐπεφώνει
2745 2546 3026 2611 πολλάκις
3059 2566 3077 2597 ι
3115 2546 3257 2616 Ἐγώ
3283 2547 3398 2618 εἰμι
3426 2548 3458 2617 ἡ
3488 2545 3735 2616 ἀλήθεια,
3763 2565 3785 2595 ι

2213 2635 2496 2705 μονονουχὶ
2526 2634 2699 2704 λέγων
2724 2652 2739 2668 ο
2757 2636 3148 2690 ’Λποσείσασθε
3173 2636 3264 2690 τὸν
3293 2636 3537 2708 νομικὸν,
3554 2629 3787 2702 ὧοῦτοι,

2210 2726 2372 2795 ζυγόν
2400 2744 2415 2759 ο
2463 2728 2828 2793 καταδέξασθε
2893 2729 2991 2800 τὴν
3036 2729 3095 2784 ἐν
3144 2730 3418 2801 πνεύματι
3482 2731 3739 2803 λατρείαν
3772 2748 3784 2762 ·

2208 2816 2441 2887 οἰχέσθω
2495 2816 2680 2872 λοιπὸν
2723 2820 2757 2889 ὴ
2806 2817 2956 2881 σκιὰ,
2996 2820 3243 2890 χωρείτω
3283 2820 3501 2892 μακρὰν
3536 2821 3566 2873 6
3598 2821 3788 2886 τύπος,

2211 2906 2530 2978 ἐπέλαμψεν
2567 2908 2601 2979 ἡ
2634 2908 2884 2979 ἀλήθεια.
2919 2896 3060 2962 ’Λλλ’
3093 2910 3155 2963 ού
3201 2912 3367 2965 πᾶσιν
3400 2911 3574 2965 ἐδόκει
3617 2915 3791 2966 ποιεῖν

2210 2998 2414 3071 ὀρθῶς,
2461 3000 2784 3072 ἀνατρέπων
2831 2999 2901 3054 τὰ
2941 3000 3223 3067 Μωσέως,
3282 3004 3489 3075 μᾶλλον
3542 3000 3599 3057 δὲ
3641 3004 3791 3073 ἄγων

2210 3091 2304 3144 ἐπὶ
2337 3089 2398 3144 τὸ
2440 3089 2820 3161 ἀληθέστερον,
2872 3091 2948 3157 ὡς
2990 3092 3083 3146 καί
3127 3110 3279 3158 τινας
3309 3095 3411 3165 ήδη
3444 3094 3575 3166 βοᾷν
3607 3112 3621 3125 ·
3663 3115 3681 3148 ι
3727 3095 3791 3147 Εἰ

521 3190 638 3247 vult
661 3189 806 3259 quod
829 3189 962 3244 nihil
992 3196 1189 3257 praeter
1208 3188 1549 3242 voluntatem
1566 3186 1655 3242 Dei
1677 3202 1741 3241 ac
1761 3185 1939 3243 Patris
1966 3186 2102 3244 fece-

2214 3180 2283 3257 ἦν
2332 3177 2485 3248 οὗτος
2535 3182 2686 3255 παρὰ
2738 3183 2873 3237 Θεοῦ
2921 3183 3228 3256 ἄνθρωπος,
3290 3186 3391 3240 οὐκ
3447 3186 3512 3241 ἂν
3561 3186 3681 3240 ἔλυε
3722 3186 3793 3242 τὰ

521 3282 629 3345 rit,
668 3280 760 3351 qui
788 3294 896 3335 non
927 3279 1078 3334 novit
1100 3287 1383 3347 peccatum
1415 3276 1610 3335 Filius.
1672 3276 1869 3334 Verum
1895 3318 1912 3344 ,
1959 3295 2031 3334 ne
2060 3278 2107 3333 si

522 3371 764 3442 apertius
785 3371 1018 3436 diceret,
1047 3369 1337 3425 Peccatum
1372 3385 1479 3424 non
1511 3369 1658 3434 novi,
1689 3385 1884 3426 rursus
1921 3385 2017 3426 eos
2045 3377 2106 3424 ut

521 3464 577 3520 in
601 3479 662 3519 se
690 3461 966 3533 lapidibus
993 3461 1270 3526 saevirent,
1296 3470 1548 3527 acueret;
1577 3464 1761 3517 statim
1788 3464 1992 3533 quippe
2022 3462 2106 3516 ira

524 3553 722 3609 fervidi
758 3561 814 3609 et
838 3561 1140 3608 aestuantes
1168 3552 1443 3608 dixissent
1473 3571 1486 3608 :
1522 3551 1628 3608 Uni
1674 3552 1781 3609 Deo
1811 3556 2099 3624 proprium

520 3655 609 3705 est
640 3661 752 3702 non
785 3661 1049 3716 peccare,
1085 3654 1141 3700 tu
1175 3653 1355 3701 autem
1388 3645 1558 3700 homo
1589 3661 1712 3700 cum
1750 3648 1827 3702 sis
1848 3688 1861 3710 ,
1896 3648 2008 3703 noli
2042 3662 2105 3703 ea

522 3739 772 3810 proferre
800 3754 922 3809 quae
948 3737 1051 3794 soli
1081 3736 1190 3792 Deo
1218 3737 1579 3793 conveniunt.
1609 3738 1763 3804 Quod
1792 3739 1928 3795 alias
1958 3747 2106 3795 certe

524 3830 809 3892 fecerunt,
852 3830 1097 3884 dicentes
1129 3829 1257 3897 jure
1295 3844 1355 3884 se
1401 3844 1524 3885 eum
1568 3830 1845 3900 lapidibus
1888 3839 2099 3901 petere.

519 3922 628 3992 33
691 3920 861 3991 quod,
916 3935 1044 3976 eum
1110 3928 1259 3976 esset
1332 3921 1532 3988 homo,
1591 3924 1833 3993 seipsum
1896 3924 2104 3981 faceret

520 4005 691 4066 Deum
726 4011 1062 4067 :obscuriu's
1098 4010 1373 4080 Salvator,
1424 4015 1725 4084 praesertim
1770 4030 1895 4070 eum
1940 4016 2102 4071 homo

521 4105 700 4160 factus
730 4112 898 4175 esset,
939 4113 993 4158 et
1043 4112 1302 4175 tanquam
1334 4106 1437 4178 legi
1490 4106 1750 4163 subditus
1782 4122 1910 4162 eum
1964 4108 2101 4177 legis

519 4195 779 4259 subditis,
811 4211 1119 4251 sermonem
1153 4196 1295 4252 dixit
1319 4212 1544 4254 servare
1575 4213 1637 4254 se
1668 4191 1866 4263 Patris,
1900 4213 2099 4269 prope-

519 4287 744 4342 modum
813 4286 1072 4357 inquiens
1120 4308 1134 4343 :
1183 4288 1466 4361 Nusquam
1525 4290 1704 4346 Patris
1755 4290 2097 4346 voluntatem

520 4377 939 4448 praetergrediar
968 4396 984 4445 ;
1039 4388 1322 4450 peceatum
1351 4382 1499 4438 enim
1533 4389 1620 4437 est
1647 4381 1703 4436 in
1734 4380 1937 4436 divina:
1965 4380 2099 4451 legis

519 4469 1004 4539 transgressione;
1038 4487 1139 4544 ego
1172 4489 1300 4529 vero
1326 4490 1435 4529 non
1466 4474 1591 4528 novi
1622 4479 1934 4543 peccatum,
1968 4486 2096 4527 cum

2214 3276 2470 3331 Σάϐϐατα
2504 3293 2518 3308 ο
2571 3295 2590 3329 ι
2656 3277 2793 3349 ὅπερ
2851 3271 2921 3348 ἦν
2974 3277 3235 3349 ἄντικρυς
3287 3278 3563 3350 ἁμαρτίαν
3620 3296 3786 3334 κατα-

2210 3366 2545 3439 ψηφίζεσθαι
2580 3367 2672 3422 τοῦ
2716 3368 2792 3439 μὴ
2848 3368 3049 3431 εἰδότος
3109 3370 3304 3440 αὐτήν.
3353 3370 3498 3438 Πρὸς
3544 3365 3640 3424 οὖν
3690 3371 3794 3435 τὰς

2210 3459 2468 3527 τοιαύτας
2511 3461 2623 3517 τῶν
2675 3462 2944 3518 Ἰουδαίων
2987 3462 3248 3528 ἀπονοίας
3307 3461 3744 3535 ἀπολογούμενος
3772 3504 3791 3526 ,

2211 3550 2387 3606 πάντα
2465 3551 2565 3623 μὲν
2616 3552 2839 3626 ὑφαιρεί
2879 3553 2971 3607 τὸν
3009 3554 3067 3607 ἐν
3123 3557 3235 3619 τοῖς
3279 3554 3487 3628 ῥήμασι
3543 3555 3791 3626 κόμπον,

2210 3643 2519 3715 ὑφειμένως
2566 3643 2643 3710 δὲ,
2685 3645 2780 3699 καὶ
2839 3646 2902 3700 οὐ
2962 3644 3218 3718 τρανῶς,
3268 3646 3608 3702 ἐκδιδάσκειν
3665 3649 3793 3719 βού-

2207 3734 2391 3800 λεται,
2454 3736 2533 3800 ὼς
2578 3737 2677 3790 οὐκ
2733 3736 2797 3791 ἀν
2844 3755 2897 3791 τι
2959 3737 3110 3808 παρὰ
3164 3739 3224 3793 τὸ
3265 3737 3453 3793 δοκοῦν
3500 3740 3798 3812 ἐργάσαιτο

2194 3825 2287 3897 ’τῷ
2343 3826 2465 3898 Θεῷ
2510 3827 2607 3881 καὶ
2669 3826 2845 3899 ﬂat-cpi.
2892 3827 2921 3881 6
2970 3828 3045 3899 μὴ
3098 3829 3257 3893 εἰδὼς
3306 3830 3585 3903 ἁμαρτίαν
3637 3832 3787 3897 Υἱός.

2209 3918 2328 3973 ’Ὶνα
2354 3917 2411 3972 δὲ
2452 3917 2526 3989 μὴ
2574 3921 2907 3991 γυμνότερον
2946 3919 3155 3989 λέγων,
3194 3922 3491 3995 ’Λμαρτίαν
3520 3923 3620 3978 οὐκ
3653 3919 3789 3987 οἶδα,

2207 4008 2521 4082 παροτρύνῃ
2545 4007 2707 4064 πάλιν
2743 4009 2939 4074 αὐτοὺς
2976 4012 3056 4073 εἰς
3072 4011 3133 4065 τὸ
3164 4012 3485 4067 καταλεύειν
3524 4013 3686 4069 αὑτόν
3711 4033 3723 4045 ·
3756 4014 3790 4086 ἢ

2206 4103 2316 4175 γὰρ
2333 4102 2399 4157 ἂν
2417 4103 2578 4166 εὐθὺς
2597 4102 2916 4167 ἀναζέοντες
2932 4104 3011 4169 εἰς
3030 4103 3199 4174 ὀργὰς
3216 4106 3504 4177 ἐπεπήδων
3521 4106 3788 4176 λέγοντεςσ

2206 4193 2326 4265 Θεῷ
2355 4193 2502 4266 μόνῳ
2538 4193 2600 4247 τὸ
2626 4192 2701 4265 μὴ
2724 4195 3062 4266 ἁμαρτάνειν
3083 4196 3304 4252 οἰκεῖοψ
3330 4198 3395 4251 σὺ
3424 4197 3481 4251 δὲ
3506 4197 3791 4270 ἄνθρωπος

2204 4285 2300 4351 ὢν,
2323 4284 2400 4354 μὴ
2421 4283 2653 4340 λάλειτά
2669 4285 2814 4357 μόνῳ
2839 4288 3119 4359 πρέποντα
3131 4288 3269 4360 Θεῷ.
3281 4291 3348 4344 Ὃ
3362 4289 3425 4361 δὴ
3437 4289 3531 4343 καὶ
3565 4289 3790 4362 ἑτέρωθί

2206 4395 2310 4432 που
2355 4377 2696 4449 πεπράχασι,
2741 4377 2992 4447 λέγοντες
3033 4379 3275 4445 λιθάζειν
3328 4380 3494 4435 αὑτὸν
3536 4380 3789 4447 εἰκότως,

2203 4471 2396 4542 ὅτιπερ
2438 4470 2722 4543 ἄνθρωπος
2753 4470 2847 4536 ὣν,
2884 4469 3075 4525 ἑαυτὸν
3102 4473 3243 4526 ποιεῖ
3261 4471 3394 4527 Θεόν
3422 4488 3439 4505 ⁸
3474 4471 3799 4543 περιεσταλ-

520 4562 624 4616 sim
660 4559 805 4618 Deus
864 4538 1169 4621 secundum
1209 4574 1485 4621 naturam.
1519 4538 1710 4635 Itaque
1738 4578 1867 4619 eum
1901 4563 2096 4627 doceo.

2206 4538 2384 4631 μένως
2415 4564 2444 4616 6
2470 4538 2684 4633 Σωτὴρ,
2722 4563 2818 4617 ἀτε
2856 4562 2920 4634 δὴ
2953 4564 3048 4617 καὶ
3086 4562 3372 4635 ἄνθρωπος
3403 4538 3663 4635 γεγονὼς,
3696 4565 3787 4620 καὶ

518 4654 738 4713 Patrem
775 4672 886 4712 non
920 4655 1160 4714 oﬂ'endo.
1207 4657 1481 4715 Caeterum
1527 4669 1691 4711 nemo
1737 4654 2107 4725 reprehendat

518 4763 647 4802 eum
684 4749 780 4819 qui
824 4749 1106 4820 legislater
1150 4748 1373 4820 quidem
1429 4754 1517 4803 est
1568 4734 1766 4800 natura
1822 4758 1961 4807 sua,
2005 4744 2103 4799 sed

519 4850 740 4911 propter
756 4841 1173 4898 similitudinem
1201 4856 1363 4912 quam
1396 4838 1562 4893 habet
1585 4837 1898 4900 nobiscum,
1927 4835 2101 4906 legem

515 4932 793 4987 observat.
821 4932 915 4986 Ait
949 4940 1130 4988 autem
1171 4947 1232 4986 se
1272 4929 1491 4985 Patrem
1522 4942 1713 4993 nosse,
1741 4941 1853 4981 non
1888 4926 2102 4995 simpli-

515 5025 677 5088 citer,
707 5024 874 5079 sicuti
927 5039 1051 5086 nos,
1084 5022 1157 5077 ob
1202 5021 1352 5077 istud
1397 5021 1601 5086 solum,
1645 5020 1794 5090 quod
1823 5019 1969 5076 Deus
1996 5028 2105 5084 est,

515 5115 612 5173 sed
645 5133 711 5171 ex
743 5131 812 5171 eo
853 5115 1001 5186 quod
1035 5116 1151 5185 ipse
1185 5120 1299 5179 est,
1348 5112 1530 5169 Patris
1572 5121 1825 5168 naturam
1864 5112 2010 5169 scire
2036 5128 2099 5170 se

515 5208 823 5262 conﬁrmat.
853 5205 1124 5272 Quoniam
1173 5219 1305 5260 vero
1349 5203 1675 5259 mutationis
1713 5205 1960 5262 nescium
1990 5204 2097 5260 Pa-

517 5307 656 5355 trem
685 5312 810 5354 esse
847 5296 1038 5365 novit,
1084 5296 1192 5353 scit
1229 5295 1396 5351 etiam
1430 5296 1689 5352 nimirum
1737 5313 1797 5354 se
1835 5298 2093 5354 immuta-

517 5391 680 5445 bilem
721 5406 786 5444 ex
823 5387 1151 5444 immutabili
1192 5388 1370 5444 Patre.
1408 5386 1566 5455 Quod
1620 5398 1801 5445 autem
1834 5392 2096 5445 mutatio-

516 5492 640 5533 nem
690 5478 902 5539 neseit,
951 5478 1226 5547 quomodo
1277 5493 1504 5539 peccare
1549 5478 1807 5544 dicetur,
1867 5495 1934 5534 ae
1984 5497 2094 5536 non

519 5567 701 5636 potius
750 5567 808 5621 in
857 5566 1095 5636 propriis
1153 5577 1366 5622 natura:
1397 5568 1620 5625 dotibus
1665 5569 1879 5625 ﬁrmum
1907 5572 2094 5627 cousi-

518 5656 703 5712 stere?
750 5656 898 5713 Vana
929 5667 1015 5713 est
1044 5659 1225 5730 itaque
1255 5658 1570 5717 Judaeorum
1599 5662 1952 5730 obtrectatio,
2001 5665 2092 5735 qui

2202 4651 2278 4714 ὡς
2303 4650 2410 4704 ὑπὸ
2429 4651 2594 4721 νόμον
2626 4652 2766 4723 μετά
2793 4652 2901 4705 τῶν
2928 4652 3034 4707 ὑπὸ
3065 4653 3230 4724 νόμον
3254 4656 3346 4709 τδν
3376 4655 3534 4725 λόγον
3559 4655 3664 4728 ἔφη
3698 4673 3783 4726 τη-

2205 4745 2321 4817 ρετν
2342 4744 2436 4797 τοῦ
2458 4743 2695 4815 Πατρὸς,
2723 4744 3007 4816 μονονουχὶ
3051 4743 3226 4815 λέγων
3251 4762 3266 4778 '
3307 4745 3558 4818 Οὐδαμοῦ
3603 4746 3663 4800 τὸ
3693 4745 3788 4800 τοῦ

2199 4834 2411 4907 Πατρὸς
2438 4833 2651 4907 θέλημα
2678 4837 3120 4911 παρεκδήσομαι.
3148 4838 3239 4893 Ἐν
3270 4838 3377 4910 γὰρ
3407 4837 3486 4909 τῷ
3523 4837 3615 4893 τὸν
3643 4838 3788 4892 θεῖον

2200 4925 2518 4998 ὲξέρχεσθαι
2547 4926 2709 4999 νόμον
2747 4929 2781 5000 ἡ
2813 4929 3057 5001 ἁμαρτία
3080 4929 3291 4998 γίνεται
3313 4945 3327 4960 ο
3356 4928 3469 4999 ἐγὼ
3506 4929 3564 4983 δὲ
3606 4929 3781 5002 ἅμαρο

2201 5016 2321 5071 τίαν
2352 5016 2455 5071 οὐκ
2482 5010 2620 5085 οἶδα,
2678 5018 2820 5073 κατά
2868 5017 3030 5089 φύσιν
3073 5020 3336 5091 ὑπάρχων
3375 5019 3526 5084 Θεός.
3576 5018 3787 5073 Οὐκοῦν

2202 5109 2489 5175 διδάσκων,
2520 5110 2583 5165 οὐ
2624 5110 2779 5165 λυπῶ
2824 5111 2916 5165 τὸν
2964 5110 3208 5183 Πατέρα.
3240 5110 3442 5165 Λοιπὸν
3472 5110 3784 5181 ὲπιτιμάτω

2206 5202 2395 5274 μηδεὶς
2411 5201 2491 5273 τῷ
2516 5203 2658 5258 κατά
2685 5202 2848 5274 φύσιν
2876 5203 2976 5274 μὲν
2999 5202 3288 5275 νομοθέτῃ,
3318 5202 3406 5258 διά
3438 5200 3498 5256 δὲ
3527 5201 3626 5274 τὴν
3651 5201 3784 5273 πρὸς

2201 5296 2351 5368 ἡμᾶς
2378 5295 2639 5366 ὁμοίωσιν
2694 5294 3055 5367 νομοφύλακι.
3102 5293 3310 5349 Εἰδέναι
3337 5294 3395 5348 δὲ
3431 5292 3523 5348 τὸν
3563 5292 3782 5363 Πατέρα

2193 5386 2380 5456 φησιν,
2413 5385 2513 5457 οὐχ
2558 5385 2746 5450 ἁπλῶς
2796 5384 3049 5456 καθάπερ
3091 5385 3274 5456 ἡμεῖς,
3302 5385 3782 5457 ἀπεριεργότερον,

2192 5478 2326 5532 αὐτὸ
2376 5477 2441 5548 δὴ
2479 5477 2640 5531 τοῦτο
2691 5477 2872 5548 μόνον,
2902 5474 3134 5545 ἐπείπερ
3167 5473 3254 5543 είη
3283 5473 3439 5540 Θεὸς,
3468 5472 3585 5528 ἀλλ’
3620 5472 3679 5540 ἐξ
3707 5463 3781 5525 ὧν

2192 5568 2340 5621 ἐστιν
2357 5565 2518 5629 αὐτὸς
2535 5565 2635 5636 τὴν
2661 5565 2755 5618 τοῦ
2783 5564 2996 5635 Πατρὺς
3017 5563 3181 5634 φύσιν
3204 5561 3595 5636 διισχυρίζεται
3616 5561 3778 5616 νοεῖν.

2215 5659 2430 5731 Ἐπειδὴ
2474 5659 2530 5712 δὲ
2571 5657 2706 5711 οἶδεν
2761 5657 3053 5727 ὑπομένειν
3101 5656 3199 5711 οὐκ
3236 5657 3411 5713 εἰδότα
3443 5656 3654 5730 τροπὴν
3689 5656 3780 5710 τὸν

583 5839 634 5875 ⁷³
672 5840 815 5899 Psal.
857 5857 1060 5913 cxvm,
1102 5842 1189 5899 37.
1267 5846 1311 5878 ⁷⁸
1352 5834 1510 5902 ιοοιι.
1552 5862 1585 5901 x
1611 5887 1626 5913 ,
1663 5848 1749 5904 58.
1831 5849 1874 5881 ⁷⁸
1916 5847 2073 5905 Joan.

2205 5867 2231 5915 ·,
2269 5854 2325 5907 σ,
2408 5849 2453 5881 ττ
2497 5839 2659 5898 Joan.
2704 5859 2755 5898 ix
2785 5882 2800 5908 ,
2847 5840 2934 5897 lli.
