4156 6484
367 423 434 479 6|
1441 408 1510 468 IN
1548 408 1834 469 JOANNIS
1863 407 2315 467 EVANGELIUM
2348 409 2481 467 LIB.
2519 410 2560 467 1.
2624 436 2650 459 ο
3596 420 3665 477 69

360 539 737 611 γεννήσαντα,
763 529 876 589 οἶδε
922 534 1190 606 δηλονότι,
1214 528 1219 529 ί
1240 535 1336 588 καὶ
1369 533 1562 589 ἑαυτὸν
1604 533 1875 605 ἄτρεπτον
1908 530 1968 598 ἐξ

2072 547 2103 584 a
2162 530 2341 588 Patris
2391 532 2673 588 voluntate
2725 532 3026 590 dissentire
3080 532 3278 595 Filium
3322 536 3661 594 existimant.

360 633 650 702 ἀτρέπτου
707 627 925 699 Πατρός
948 644 961 657 ·
998 628 1060 680 τὸ
1096 627 1153 680 δὲ
1188 627 1398 699 τροπὴν
1421 629 1523 682 οὐκ
1562 627 1722 691 εἰδὸς,
1757 627 1874 689 πῶς
1903 628 1970 682 ἂν

359 723 585 793 λέγοιτό
612 739 667 775 τι
705 721 804 775 καὶ
824 720 1186 790 ἁμαρτάνειν,
1225 720 1319 774 καὶ
1356 720 1478 791 οὖχί
1508 718 1708 791 μᾶλλον
1737 717 1968 789 ἀκλονή-

359 831 475 876 τως
502 813 564 865 ἐν
585 813 700 874 τοῖς
731 809 886 874 ἰδίοις
910 808 1134 863 ἑστάναι
1168 812 1421 880 φυσικοῖς
1459 809 1970 881 πλεονέκτήμασινς

362 904 597 957 Εἰκαῖον
623 897 719 954 οὖν
747 900 858 972 ἄρα
889 899 1003 954 τῶν
1035 899 1380 954 Ἰουδαίωντδ
1407 898 1792 971 κατηγόρημα,
1818 896 1974 969 παρά

356 994 463 1066 τὴν
485 993 587 1048 τοῦ
618 992 835 1064 Πατρός
871 991 1131 1065 βούλησιν
1160 992 1349 1065 ἕτερόν
1373 1010 1428 1047 τι
1460 994 1680 1066 φρονεῖν
1705 992 1971 1062 οἰομένων

362 1089 457 1143 τὸν
497 1087 654 1141 Υἰόν.
687 1087 861 1158 Τηρεῖ
878 1085 1013 1158 γὰρ,
1043 1085 1119 1150 ὥς
1150 1104 1308 1158 φησι,
1342 1086 1435 1141 τὸν
1460 1086 1621 1154 λόγον
1652 1083 1843 1152 αὑτοῦ,
1874 1084 1972 1139 καὶ

365 1183 551 1251 ἀγνοεῖ
582 1181 645 1235 τὸ
674 1180 1019 1251 ἁμαρτάνειν
1049 1179 1296 1251 φυσικῶς
1322 1195 1336 1211 ’
1364 1174 1473 1233 οἶδε
1500 1181 1610 1248 γὰρ
1633 1178 1725 1232 τὸν
1748 1178 1972 1247 Πατέρα

357 1273 525 1328 τοῦτο
576 1271 774 1326 παθεῖν
826 1271 889 1325 οὒ
924 1270 1246 1342 δυνάμενον,
1289 1264 1444 1342 ᾧπέρ
1498 1272 1646 1324 ἐστιν
1685 1268 1972 1341 ὀμοούσιος

354 1365 440 1429 ὡς
488 1363 622 1428 re;
660 1362 938 1436 ἀληθινός.
983 1363 1206 1434 Ἐπειδὴ
1240 1363 1299 1417 δέ
1347 1361 1487 1434 πρὸς
1524 1360 1685 1415 τοῦτό
1718 1377 1852 1431 φασι
1878 1359 1973 1415 καὶ

354 1455 424 1509 τὸ
462 1455 815 1527 συνημμένον
843 1458 911 1527 τῇ
945 1454 1075 1527 παρ’
1101 1455 1280 1509 αὐτῶν
1317 1453 1590 1509 ἀντιθέσει
1620 1469 1635 1485 υ
1677 1471 1698 1505 ι
1750 1453 1846 1506 Ἐκ
1872 1468 1973 1521 γα-

359 1547 535 1618 στρὸς
594 1546 700 1619 πρὸ
740 1546 1061 1619 Ἑωσφόρου
1122 1546 1452 1617 ἐξεγέννησά
1500 1559 1591 1599 σε·
1643 1563 1663 1598 ι
1719 1543 1854 1616 φέρε
1904 1541 1970 1614 δή

357 1641 563 1708 πάλιν,
594 1640 687 1694 καὶ
716 1640 810 1693 ἐπὶ
827 1639 1004 1711 τούτῳ
1028 1639 1119 1693 τὸν
1147 1639 1248 1710 τῆς
1272 1628 1972 1706 εὐσεϐείαςάναπτύξωμεν

353 1735 548 1805 λόγον.
580 1735 656 1788 Uti
687 1733 799 1807 γὰρ
837 1734 1139 1806 ἐπειδήπερ
1172 1732 1242 1788 τὰ
1269 1733 1497 1788 τοιαῦτά
1533 1749 1668 1804 φησι
1713 1733 1845 1804 πρὸς
1878 1732 1971 1785 τὸν

353 1828 496 1883 Υξδν
524 1827 555 1880 ὀ
580 1826 798 1897 Πατὴρ,
833 1824 925 1880 διὰ
949 1824 1110 1879 τοῦτο
1130 1824 1196 1897 δὴ
1228 1824 1450 1887 πάντως
1471 1824 1679 1879 οἴεσθαι
1715 1822 1845 1895 χρὴ,
1876 1821 1970 1876 Λό-

350 1937 458 1989 γον
481 1918 584 1991 μὲν
611 1919 890 1989 ὑπάρχειν
923 1917 1167 1989 ἔμφυτον
1194 1915 1365 1987 αὐτῷ,
1395 1916 1585 1988 ἕτερον
1611 1914 1669 1968 δέ
1685 1931 1808 1968 τινα
1836 1913 1968 1984 παρ’

350 2011 579 2064 ἐκεῖνον
608 2010 815 2064 ἐννοεῖν
854 2009 946 2064 τὴν
1000 2008 1130 2062 Υἱόν
1150 2026 1163 2039 ·
1200 2008 1337 2061 ἀλλά
1379 2007 1597 2078 πρῶτον
1649 2005 1751 2076 μὲν
1791 2006 1970 2060 ἐκεῖνο

352 2101 486 2155 καθ’
510 2100 746 2164 ἑαυτοὺς
779 2099 1168 2171 ἐνθυμώμεθα,
1200 2099 1285 2153 ὅτι
1308 2099 1597 2170 προφήτης
1615 2099 1672 2151 ἐν
1696 2097 1969 2169 πνεύματι

351 2193 552 2248 λαλεῖν
613 2192 948 2265 μελετήσας,
1004 2190 1302 2262 μυστήρια,
1366 2190 1426 2243 τὸ
1481 2189 1777 2262 πρόσωπον
1835 2190 1969 2260 ήμῖν

351 2282 728 2354 ὑποκρίνεται
760 2279 858 2335 τοῦ
889 2278 1047 2347 Υἱοῦ,
1079 2279 1174 2334 καὶ
1193 2279 1257 2349 δὴ
1293 2279 1388 2333 καὶ
1420 2278 1663 2350 εἰσφέρει
1695 2278 1845 2349 παρὰ
1871 2277 1968 2331 τοῦ

314 2387 323 2393 '
352 2372 583 2447 Πατρδς
607 2372 878 2427 ἀκούοντα
907 2370 1070 2425 αὐτόν
1092 2387 1107 2403 ·
1152 2389 1171 2423 ι
1203 2369 1332 2434 Υἱός
1368 2386 1471 2441 μου
1509 2365 1563 2423 εἰ
1599 2370 1689 2433 σὺ,
1729 2388 1749 2422 ›
1784 2370 1878 2424 καὶ
1896 2369 1967 2422 τὰ

352 2464 576 2530 τούτοις
603 2461 897 2519 ἀκόλουθα.
938 2462 1052 2518 Καὶ
1096 2462 1159 2517 οὐ
1193 2462 1368 2534 δήπου
1419 2461 1695 2533 πάντωςή
1732 2461 1874 2515 κατὰ
1903 2461 1967 2516 τὸ

349 2557 713 2630 ἀνθρώπινον
767 2559 956 2629 σχῆμα
992 2556 1262 2628 γενομένη
1309 2554 1573 2626 διασκευὴ
1615 2553 1709 2608 δύο
1754 2554 1966 2624 Λόγους

350 2650 510 2722 ἡμᾶς
543 2648 854 2719 ἀναγκάσει
904 2648 1072 2713 νοεῖν,
1110 2645 1252 2702 ἀλλά
1278 2648 1393 2712 τοῖς
1447 2645 1740 2718 ἡμετέροις
1786 2644 1967 2698 ἔθεσιν

348 2739 657 2804 ἀναθέντες
688 2739 792 2813 τὴν
822 2738 913 2794 διὰ
939 2736 1051 2793 τῶν
1077 2737 1337 2793 τοιούτων
1355 2737 1734 2810 ἀπαραίτητον
1760 2738 1967 2789 οἰκονο·

353 2832 517 2903 μίαν,
547 2830 922 2904 αἰτιασόμεθα
949 2830 1069 2903 μὲν,
1100 2826 1157 2884 εἰ
1181 2845 1246 2899 γε
1282 2829 1388 2902 μὴν
1408 2830 1742 2902 πράττοιμεν
1765 2829 1963 2900 ὀρθῶς,

357 2923 461 2994 τῆς
489 2922 706 2977 ἐαυτῶν
730 2922 948 2992 φύσεως
973 2921 1073 2994 τήν
1104 2921 1411 2988 ἀσθένειαν,
1436 2918 1561 2976 οὔτε
1591 2920 1778 2991 λόγους
1814 2923 1983 2993 ἐχού-’

349 3031 484 3087 σης,
515 3014 646 3069 οὗτε
689 3014 797 3088 μὴν
829 3013 1067 3087 τρόπους
1107 3013 1485 3086 θεωρημάτων
1515 3015 1642 3078 τοὺς
1673 3016 1788 3079 τοῖς
1821 3015 1965 3086 ὺπέρ

353 3108 512 3178 ἡμᾶς
537 3107 862 3178 μυστηρίοις
877 3105 1119 3177 ἀκριϐῶς
1146 3104 1626 3177 διακονουμένους,
1658 3102 1692 3177 ἢ
1722 3106 1814 3159 καὶ
1837 3107 1967 3173 τοὺς

2080 624 2274 680 Servat
2302 626 2450 682 enim
2481 626 2604 696 ejus
2635 640 2947 693 sermonem
2973 669 2991 694 ,
3020 634 3081 683 ut
3111 628 3223 693 ait,
3253 635 3309 684 et
3335 637 3533 685 natura
3564 645 3663 687 sua

2074 731 2276 786 expers
2305 724 2391 773 est
2437 716 2722 788 peccandi.
2771 718 2888 774 Scit
2937 719 3086 776 enim
3133 721 3285 778 istud
3332 722 3387 777 in
3440 722 3662 778 Patrem

2070 808 2267 864 cadere
2320 823 2431 864 non
2475 824 2677 879 posse,
2731 810 2823 865 cui
2876 811 3379 868 consubstantialis
3416 822 3543 881 est,
3604 813 3663 868 in

2070 907 2340 970 quantum
2382 898 2555 957 Filius
2598 917 2784 959 verus.
2819 901 2941 957 Jam
2989 917 3142 967 vero,
3180 919 3305 960 cum
3356 904 3660 974 objectioni

2071 1005 2187 1047 sua:
2212 998 2458 1048 attexant
2482 993 2634 1060 illud,
2668 1011 2688 1044 ι
2720 993 2797 1048 Ex
2828 1004 2986 1050 utero
3008 1002 3136 1049 ante
3159 993 3473 1050 Luciferum
3497 995 3660 1066 genui

2069 1083 2204 1150 te",
2260 1100 2282 1136 ι
2336 1084 2594 1154 agedum,
2654 1085 2874 1155 pietatis
2926 1085 3237 1141 doctrinam
3298 1085 3389 1139 hic
3439 1100 3660 1140 rursum

2069 1175 2433 1245 explicemus.
2465 1175 2585 1231 Non
2610 1178 2756 1232 enim
2784 1193 2853 1232 ex
2892 1192 2958 1232 eo
3001 1177 3147 1247 quod
3182 1177 3344 1232 Pater
3378 1175 3567 1231 istlttec
3593 1178 3660 1232 ad

2070 1264 2267 1320 Filium
2303 1267 2459 1331 dicit,
2494 1267 2703 1322 idcirco
2747 1268 3049 1338 putandum
3124 1274 3211 1321 est
3255 1266 3506 1319 innatum
3539 1267 3662 1336 qui-

2074 1357 2199 1412 dem
2244 1359 2293 1415 ei
2333 1374 2461 1415 esse
2498 1358 2779 1424 Verbum,
2817 1360 2914 1416 sed
2966 1359 3114 1414 aliud
3154 1357 3415 1428 quiddam
3469 1358 3539 1412 ab
3571 1358 3663 1411 illo

2073 1449 2501 1520 concipiendum
2546 1466 2678 1507 esse
2708 1448 2910 1505 Filium
2948 1468 2962 1505 :
3000 1464 3190 1505 verum
3233 1447 3365 1502 illud
3422 1447 3659 1517 primum

2071 1541 2215 1611 apud
2247 1556 2348 1599 nos
2393 1544 2834 1614 perpendamus,
2875 1542 3021 1613 quod
3056 1555 3182 1597 cum
3222 1539 3502 1610 prophetae
3532 1554 3658 1610 pro—

2072 1632 2314 1702 positum
2347 1641 2497 1688 esset
2529 1634 2585 1687 in
2622 1632 2824 1703 spiritu
2868 1632 3020 1701 loqui
3051 1631 3334 1701 mysteria,
3369 1642 3658 1698 personam

2076 1723 2237 1779 nobis
2283 1724 2440 1795 lingit
2476 1722 2624 1791 Filii,
2662 1723 2909 1794 adeoque
2957 1721 3173 1777 inducit
3226 1722 3405 1792 ipsum
3437 1732 3467 1772 a
3498 1718 3660 1773 Patre

2073 1817 2431 1873 audientem:
2472 1835 2492 1869 ι
2531 1814 2707 1871 Filius
2740 1829 2899 1870 meus
2946 1828 3008 1869 es
3056 1813 3175 1868 tu"
3199 1853 3215 1880 ,
3254 1830 3274 1864 ι
3308 1817 3363 1866 et
3399 1826 3522 1880 qua:
3573 1825 3660 1865 se-

2072 1917 2343 1981 quuntur.
2378 1908 2566 1980 Neque
2596 1921 2726 1963 vero
2757 1906 3000 1962 humano
3030 1920 3187 1961 more
3211 1904 3390 1961 eﬂicta
3424 1904 3656 1969 locutio,

2030 2044 2037 2053 -
2070 2004 2182 2061 duo
2219 2004 2397 2061 Verba
2432 2001 2737 2073 intelligere
2778 2015 2881 2056 nos
2938 1999 3154 2070 adiget,
3187 1997 3287 2055 sed
3315 1996 3385 2052 ad
3413 2005 3658 2052 nostram

2071 2096 2526 2154 consuetudinem
2581 2091 2901 2150 istiusmodi
2972 2090 3353 2147 necessarium
3400 2088 3657 2159 loquendi

2070 2206 2248 2261 genus
2277 2180 2586 2245 referentes
2610 2227 2626 2254 ,
2668 2201 2779 2240 non
2810 2183 3022 2256 injuria
3064 2191 3271 2239 nostrae
3310 2191 3526 2235 natura:
3555 2182 3660 2234 im-

2070 2284 2428 2342 becillitatem
2484 2277 2909 2341 accusabimus.
2969 2276 3060 2332 cui
3109 2275 3313 2331 desunt
3377 2273 3547 2330 verba
3602 2278 3659 2327 et

2068 2372 2598 2443 contemplationes,
2664 2382 2787 2440 qua:
2842 2366 3127 2437 mysteriis
3192 2363 3416 2436 ingenio
3467 2370 3659 2419 nostro

2068 2463 2359 2519 altioribus
2395 2470 2586 2517 exacte
2632 2457 2975 2530 explicandis
3030 2456 3374 2519 inserviant,
3441 2462 3537 2510 aut
3569 2468 3659 2509 rcs

2026 2556 2256 2614 -deitati
2312 2560 2686 2626 congruentes
2764 2553 3043 2623 inculpate
3123 2548 3235 2622 35.
3304 2547 3660 2620 interpretari

2067 2651 2340 2705 valeant:
2388 2646 2485 2703 sed
2533 2654 2794 2700 naturam
2853 2657 3019 2715 porro
3064 2640 3309 2697 divinam
3361 2648 3545 2694 mente
3606 2645 3661 2693 et

2067 2744 2321 2800 oratione
2354 2748 2544 2797 nostra
2584 2738 2930 2809 superiorem
2980 2749 3107 2792 esse
3159 2732 3495 2798 fatebimur,
3548 2744 3660 2785 non

2067 2834 2293 2909 perinde
2333 2841 2497 2903 atque
2544 2830 2825 2890 dicuntur.
2854 2842 2948 2882 res
2997 2824 3219 2881 divinas
3255 2826 3441 2879 animo
3497 2823 3662 2894 plane

2067 2926 2371 2998 capientes,
2403 2923 2501 2979 sed
2540 2928 2704 2991 prout
2743 2919 2848 2990 ipsi
2891 2918 3250 2981 conveniunt,
3290 2929 3500 2984 easque
3538 2914 3657 2969 vult

2068 3034 2100 3075 a
2129 3018 2289 3075 nobis
2325 3010 2738 3085 comprehendi.
2796 3009 3052 3081 Alioqui,
3113 3008 3160 3064 si
3217 3020 3507 3078 perperam
3550 3020 3655 3060 nos

2066 3107 2377 3168 istiusmodi
2402 3106 2548 3162 abuti
2575 3103 2758 3159 verbis
2786 3100 3029 3157 hmretici
3068 3097 3291 3170 quidam
3314 3096 3657 3161 existimant,

349 3197 717 3267 ἀνεγκλήτως
742 3194 1122 3267 διερμηνεύειν
1151 3195 1438 3267 ἰσχύοντας
1469 3196 1537 3251 τά
1558 3194 1963 3269 θεοπρεπέστε-

2067 3212 2122 3263 et
2146 3200 2404 3274 loquendi
2437 3213 2611 3272 genus
2645 3195 2712 3251 ad
2762 3192 3012 3251 nostram
3057 3190 3514 3249 consuetudinem
3569 3204 3661 3249 ac-

351 3307 448 3361 ρα.
471 3289 549 3344 Τὸ
576 3292 736 3362 νικᾷν
761 3289 1007 3344 δὲ’πάλιν
1038 3289 1407 3362 ἐπιτρέψομεν
1432 3292 1497 3363 τῇ
1538 3290 1661 3363 θείᾳ
1684 3291 1845 3362 φύσει
1869 3290 1963 3347 τὸν

350 3383 414 3436 ἐν
449 3383 592 3455 ἡμῖν
623 3382 750 3438 νοῦν
781 3400 843 3437 τε
871 3382 968 3437 καὶ
1007 3382 1166 3452 λόγον
1189 3423 1205 3450 ,
1238 3383 1338 3454 οὐχ
1369 3380 1447 3447 ὡς
1478 3383 1696 3453 λέγεται
1739 3383 1961 3450 πάντως

351 3474 616 3539 νοοῦντες
636 3473 711 3529 τά
751 3474 883 3545 περὶ
932 3470 1129 3546 αὐτῆς,
1172 3473 1287 3529 ἀλλ’
1310 3474 1387 3539 ὡς
1427 3474 1565 3548 αὐτῇ
1607 3475 1829 3549 πρέπει,
1867 3475 1966 3533 καὶ

354 3565 638 3637 βούλεται.
671 3567 745 3621 Ἢ
789 3568 950 3639 εἴπερ
988 3567 1092 3622 οὐκ
1141 3567 1323 3641 ὀρθῶς
1372 3570 1490 3634 τοῖς
1526 3569 1790 3636 τοιούτοις
1813 3572 1966 3642 ἡμᾶς
2006 3588 2009 3591 ·

352 3656 788 3729 ἀποκεχρῆτθαι
818 3657 999 3729 λόγοις
1020 3656 1224 3713 οῐονταί
1255 3675 1400 3724 τινες
1425 3658 1536 3714 τῶν
1559 3660 1793 3716 ἀνοσίων
1814 3665 1965 3735 αἰρε-

351 3745 556 3814 τικῶν,
610 3748 715 3820 τήν
761 3748 820 3803 δέ
848 3749 973 3805 καθ’
1013 3748 1165 3822 ἡμᾶς
1195 3750 1511 3806 ἀναϐαίνειν
1539 3752 1833 3825 συνήθειαν
1863 3754 1965 3810 οὐκ

351 3837 729 3913 ἐπιτρέπουσι
767 3839 830 3894 τὸ
874 3840 1064 3913 σχῆμα
1095 3842 1189 3897 τιιῦ
1230 3841 1415 3912 λόγου,
1446 3842 1670 3909 δικαίως
1699 3844 1965 3905 ἀκούσον-

350 3949 448 3987 ται
471 3946 491 3963 ο
545 3930 778 3986 νοείσθω
845 3933 971 3989 καθ’
1002 3936 1151 4006 ἡμᾶς
1194 3936 1292 3991 καὶ
1347 3937 1554 4008 γεννῶν
1583 3939 1612 3993 ὀ
1640 3938 1853 4012 Πατὴρ,
1886 3943 1963 4015 μή

350 4023 639 4096 ἀρνείσθω
686 4024 932 4097 γαστέρα
974 4025 1072 4081 καὶ
1115 4026 1217 4092 τὰς
1262 4029 1358 4083 ἐπὶ
1398 4028 1478 4102 τῷ
1503 4029 1710 4086 τίκτειν
1738 4031 1956 4099 ὠδῖνας.

354 4135 379 4169 ι
416 4116 520 4171 Ἐκ
546 4117 790 4189 γαστρὸς
817 4136 837 4170 ›
861 4119 973 4191 γὰρ
993 4137 1012 4170 ι
1050 4119 1380 4195 ἐξεγέννησά
1406 4138 1488 4190 σε,
1522 4141 1542 4176 ι
1571 4123 1706 4196 φησί
1728 4124 1807 4196 τῷ
1824 4125 1961 4198 Υἰῷ.

363 4210 519 4263 Ἀλλ’
572 4213 709 4275 ῐσως
764 4213 967 4283 μᾶλλον
1003 4211 1061 4267 δέ
1091 4213 1295 4279 πάντες
1332 4214 1553 4288 ἐροῦσιν
1599 4218 1663 4272 ἐκ
1696 4219 1800 4290 τῆς
1838 4221 1964 4276 καθ’

350 4306 513 4377 ἡμᾶς
553 4302 875 4389 ρμοιότητος
933 4303 1035 4376 τὴν
1067 4306 1153 4377 ἐφ’
1202 4303 1320 4379 Υιῷ
1364 4304 1597 4380 γνησίαν
1644 4310 1811 4367 ὠδῖνα
1862 4328 1965 4384 ση-

2066 3296 2322 3354 commod
2342 3294 2421 3349 ari
2444 3292 2661 3355 nolunt,
2683 3289 2808 3361 jure
2835 3286 3097 3341 audient:
3132 3282 3443 3341 Censeatur
3466 3290 3660 3337 nostro

2065 3403 2289 3462 quoque
2346 3400 2501 3442 more
2553 3382 2717 3438 Pater
2771 3381 3038 3454 gignere;
3100 3387 3293 3432 uterus
3355 3382 3410 3431 et
3460 3382 3649 3444 partus

2065 3482 2290 3539 dolores
2331 3479 2383 3536 ei
2428 3491 2553 3535 esse
2598 3489 2708 3531 non
2762 3483 3052 3544 negentur.
3089 3486 3109 3521 ι
3145 3468 3221 3524 Ex
3261 3474 3421 3522 utero
3451 3485 3468 3518 ι
3511 3465 3658 3520 enim

2070 3571 2293 3645 «genui
2342 3576 2432 3632 te,
2490 3585 2511 3619 ι
2577 3564 2760 3635 inquit
2826 3561 2989 3617 Filio.
3061 3557 3169 3613 Sed
3239 3555 3658 3645 respondebunt

2065 3643 2278 3726 forsan,
2298 3655 2473 3714 nostri
2495 3652 2882 3718 similitudine,
2904 3664 3096 3706 verum
3123 3648 3179 3702 in
3210 3645 3348 3701 Filio
3386 3643 3662 3716 gignendo

2065 3763 2287 3830 partum
2321 3749 2625 3822 significari
2657 3747 2863 3803 Patris.
2902 3743 3092 3815 Itaque
3134 3741 3224 3813 pie
3269 3739 3405 3795 illud
3455 3738 3662 3794 intelli-

2067 3856 2261 3920 gatur,
2312 3842 2530 3907 tametsi
2582 3841 2825 3895 humano
2859 3851 3011 3891 more
3046 3834 3293 3899 dicitur,
3348 3837 3515 3901 atque
3567 3829 3642 3883 ita

2068 3919 2313 3997 solvetur
2367 3933 2571 3990 acerba
2617 3933 2866 4002 ipsorum
2898 3935 2957 3984 et
2994 3926 3161 3997 impia
3193 3922 3455 3993 obiectio.
3498 3919 3659 3974 Sulli-

2066 4037 2255 4089 cerent
2282 4027 2496 4089 isthme,
2526 4032 2586 4078 ut
2621 4032 2770 4077 reor.
2800 4019 2907 4075 Sed
2937 4033 3064 4074 eum
3101 4015 3264 4071 nobis
3309 4012 3657 4084 propositum

2067 4124 2140 4181 sit
2161 4121 2379 4176 illorum
2409 4113 2754 4186 objectiones
2784 4108 2993 4166 nefarie
3028 4104 3297 4162 conﬂatas
3321 4118 3419 4160 ceu
3461 4116 3655 4173 quam-

2066 4214 2193 4271 dam
2239 4211 2481 4267 bostium
2509 4214 2751 4261 turmam
2786 4202 3003 4274 piorum
3037 4198 3357 4269 dogmatum
3420 4194 3662 4252 sinceri-

2067 4313 2182 4364 tate
2205 4299 2595 4373 comprimere,
2642 4292 2901 4366 agedum,
2928 4291 3000 4347 iis
3045 4288 3244 4346 ordine
3278 4287 3480 4358 cuique
3527 4301 3658 4341 con-

352 4376 656 4468 μαίνεσθαι
710 4396 805 4451 τοῦ
868 4376 1118 4471 Πατρός,
1153 4376 1385 4455 οὐκοῦν
1436 4376 1679 4469 εὐσεϐῶς
1736 4376 1966 4462 κάκεῖνο

2067 4395 2310 4457 venienti
2339 4389 2641 4466 propositis
2665 4427 2682 4453 ,
2716 4384 3059 4442 contrarium
3089 4394 3437 4453 Opponamus
3458 4420 3474 4445 ,
3516 4386 3570 4433 ct
3604 4376 3664 4432 in

348 4487 613 4552 νοείσθω,
647 4487 753 4542 κᾶν
777 4487 869 4556 ὡς,
912 4468 1345 4564 ἐν’ἀνθρωπίνῳ
1395 4492 1962 4569 λαλεϊταισχήματι’,

2069 4505 2167 4550 eas
2196 4488 2532 4546 instructam
2569 4479 2827 4537 doctrina
2876 4488 3096 4545 semper
3125 4471 3408 4529 victricem
3459 4468 3661 4524 verita-

347 4581 453 4635 καὶ
475 4578 703 4635 λέλυται
728 4579 790 4634 τὸ
817 4581 1017 4653 πικρὸν
1042 4561 1226 4637 αὐτῶν
1267 4561 1363 4639 καὶ
1390 4584 1606 4641 ἀνόσιον

2067 4592 2174 4640 tem
2197 4590 2467 4654 generosa
2490 4581 2673 4629 mente
2691 4582 2990 4641 armemus.
3016 4564 3232 4620 Rursus
3244 4570 3427 4619 autem
3446 4561 3661 4616 haareti-

364 4672 634 4745 Ὲξήρκει
666 4673 766 4744 μέν
805 4652 1025 4740 οὖν,ὡς
1056 4670 1233 4748 οῐμαι,
1267 4676 1364 4732 καὶ
1404 4677 1600 4734 ταῦτα.
1655 4652 1875 4756 ’ἐπειδή
1903 4683 1964 4739 δέ

2069 4652 2262 4734 eorum
2279 4668 2514 4741 obiectio
2531 4661 2866 4738 syllogismis
2880 4661 3053 4731 ipsam
3071 4656 3410 4713 diluentibus
3424 4652 3663 4725 praemit-

348 4763 565 4835 χρῆναι
597 4762 709 4817 δεῖν
735 4747 1125 4837 ὑπειλήφαμεν
1148 4767 1219 4822 τΞι
1260 4769 1327 4823 ἐκ
1352 4770 1453 4841 τῆς
1484 4770 1711 4827 ἐκείνων
1736 4747 1964 4848 δυστρο-

2071 4778 2239 4836 tetur,
2259 4779 2381 4838 qua
2402 4758 2798 4834 disputationis
2823 4756 3089 4811 rationem
3115 4759 3378 4807 accurato
3401 4747 3661 4818 subjiciat

348 4853 495 4916 πίας
526 4852 891 4926 ἐπινοηθέντα
939 4854 1324 4927 προϐλήματα,
1356 4856 1612 4930 καθάπερ
1635 4858 1761 4914 τινὰ
1797 4860 1958 4915 πολε-

349 4943 506 5015 μίων
531 4943 728 5015 ἐσμὸν,
780 4946 849 5018 τῇ
897 4945 1008 5000 τῶν
1064 4942 1309 5002 εὐσεϐῶν
1358 4946 1646 5020 δογμάτων
1704 4948 1963 5023 ὀρθότητι

2068 4953 2282 5010 animos
2308 4949 2521 5004 alacres
2554 4943 2696 5000 ferat
2725 4939 2793 4997 ad
2844 4935 3227 5011 percipiendas
3253 4930 3659 5006 oppositiones.

347 5035 830 5106 κατακρούεσθαι,
858 5034 1075 5110 φέρεδὴ
1100 5037 1444 5110 παραθέντες
1500 5041 1642 5100 αῢτά
1668 5046 1811 5101 κατά
1862 5044 2020 5119 λόγον
2076 5049 2296 5118 ἑκάστῳ
2350 5041 2704 5104 τδν,δέοντα,
2736 5035 2799 5091 τὸ
2843 5030 3197 5090 ἀντιστατοῢν
3238 5028 3664 5101 ἀντεγείρωμεν,

346 5128 453 5183 καὶ
483 5125 840 5200 θερμοτέροις
871 5132 990 5183 κατ’
1014 5130 1201 5186 αὐτῶν
1226 5128 1601 5205 ἐξοπλίσωμεν
1622 5136 1944 5212 θεωρήμασι
1980 5141 2079 5216 τὴν
2103 5140 2191 5197 ἀεὶ
2219 5136 2457 5194 νικῶσαν
2485 5131 2774 5204 ἀλήθειανο
2801 5127 3098 5201 πρόσλημα
3130 5124 3189 5180 δὲ
3216 5123 3397 5216 πάλιν.
3425 5120 3502 5187 ὡς
3531 5137 3665 5196 παρ’

344 5219 591 5275 ἐκείνων
611 5217 723 5273 τῶν
745 5218 1078 5276 ἐπιλυόντων
1123 5222 1260 5278 αὐτὸ
1303 5223 1703 5299 συλλογισμῶν,
1748 5215 2141 5301 προτετάξεται
2193 5229 2296 5303 τὴν
2315 5227 2409 5282 τοῦ
2439 5224 2602 5296 λόγου
2625 5219 2813 5294 νῆψιν,
2858 5220 2940 5284 εἰς
3000 5215 3403 5295 ἀκριϐεστέραν
3464 5217 3664 5286 χωρεῖν

346 5310 609 5381 ἐρέθιζον
640 5308 898 5380 βάσανον,
927 5312 1023 5366 καὶ
1055 5311 1387 5378 οἰονείτινος
1410 5312 1659 5389 ποταμοῦ
1724 5319 1998 5393 ῥεύματος
2035 5320 2233 5394 φορὰν,
2308 5317 2403 5373 ἐπὶ
2450 5315 2513 5370 τὸ
2554 5311 2764 5387 πρανὲς
2808 5311 2930 5367 ἐκεῖ
2979 5307 3290 5382 καταφέρον
3328 5307 3429 5379 τὴν
3465 5305 3561 5360 ἐπὶ
3601 5306 3663 5361 τὺ

348 5401 657 5477 βούλεσθαι
704 5403 767 5457 τὸ
792 5404 1090 5459 ἀντιτεῖνον
1119 5406 1414 5477 μανθάνειν
1454 5409 1543 5464 ἀεὶ
1575 5408 1695 5466 τῶν,
1715 5412 2120 5486 ἐντευξομένων
2149 5410 2364 5485 ἀγαθὴν
2393 5406 2733 5482 προθυμίαν-

346 5494 713 5564 Πρόσλημα,
743 5492 879 5563 ἦτοι
918 5495 1226 5565 ἀντίθεσις
1259 5498 1342 5566 ὡς
1381 5499 1452 5555 ἐκ
1479 5499 1600 5555 τῶν
1629 5503 1962 5573 αἰρετικῶν.
2291 5500 2591 5573 Oppositio,
2627 5499 2736 5555 sive
2779 5494 3003 5568 objectio
3030 5491 3417 5566 hereticorum.

430 5586 499 5643 Εἰ
530 5586 610 5657 μή
631 5585 844 5658 ἔτερος,
880 5589 1068 5657 φασὶν,
1103 5589 1404 5663 ἐνυπάρχει
1442 5592 1520 5664 τῷ
1561 5593 1684 5666 Θεῷ
1732 5595 1827 5649 καὶ
1857 5597 1968 5652 Πα-

2133 5594 2275 5663 Nisi,
2313 5594 2595 5665 inquiunt,
2626 5591 2683 5647 in
2714 5589 2824 5646 Deo
2850 5597 2908 5645 et
2937 5587 3103 5642 Patre
3135 5579 3371 5638 Verbum
3415 5576 3489 5633 sit
3519 5588 3656 5631 con-

2065 4858 2328 4924 examiui,
2348 4863 2404 4914 et
2430 4855 2605 4923 instar
2620 4849 2794 4922 rapidi
2815 4844 3104 4918 cujusdam
3130 4841 3374 4897 ﬂuminis
3392 4841 3661 4895 lectorum
3750 4870 3755 4873 -

349 5680 454 5753 τρὶ
481 5677 686 5747 Λόγος,
710 5677 977 5751 οὐσιώδης
1003 5697 1064 5734 τε
1108 5681 1206 5736 καὶ
1238 5682 1543 5751 ἐνδιάθετος
1596 5687 1746 5760 παρά
1776 5688 1866 5743 τὸν
1908 5686 1968 5752 ἐξ

2070 5687 2436 5747 substantialc
2465 5694 2520 5743 et
2554 5685 2856 5748 internum,
2894 5678 3043 5735 aliud
3077 5676 3145 5733 ab
3170 5672 3483 5747 ,Unigcnito
3518 5666 3666 5724 Filio
3734 5716 3781 5760 ἶ.

441 5855 489 5892 ⁷⁵
531 5857 681 5916 Psal.
727 5874 834 5922 cxx.
861 5858 913 5914 5.
994 5859 1035 5891 ⁷³
1076 5859 1222 5920 I‘sal.
1259 5876 1321 5929 lt,
1360 5860 1410 5917 7.
