4156 6488
554 412 621 466 6'5
1536 404 1594 461 ὃ.
1630 404 1911 461 (ιγιιιιιι
1952 404 2424 461 ALEXANDRINI
2452 405 2776 464 ABCHIEP.
3734 385 3801 440 65

553 526 645 593 qui
676 540 741 579 es
773 525 891 594 ipso
924 524 1269 609 estnquique
1289 522 1357 578 ad
1381 523 1528 578 illius
1554 523 1918 580 imitationem
1945 538 2114 578 voca-

2229 524 2395 579 αὑτοῦ
2455 528 2720 597 μονογενῆ
2779 525 2927 588 Υὶὸν,
2966 526 3021 589 ὃς
3070 524 3136 597 δὴ
3166 526 3256 581 καὶ
3298 528 3437 581 κατὰ
3463 526 3563 598 τὴν
3591 527 3807 581 ἐκείνου

555 624 645 668 tur
690 612 948 677 Verbum,
997 615 1310 670 absurdius
1344 614 1806 687 indesequetur,
1857 616 2128 687 nobisque

557 715 723 768 recte.
760 716 818 760 ιιι
848 720 946 775 par
982 714 1088 774 est,
1133 706 1498 763 sentientibus
1531 705 1818 763 latendum
1855 716 1943 766 est
1978 708 2127 779 quod

556 800 602 850 si
655 796 802 852 Patri
846 798 1082 854 Verbum
1131 808 1216 854 est
1279 800 1789 865 consubstantiale,
1857 810 1915 856 et
1964 800 2127 856 Pater

557 886 772 948 Verbo,
826 888 964 942 nihil
1010 889 1229 943 demum
1264 889 1484 944 obstare
1531 890 1784 944 videatur
1829 891 2126 960 quominus

552 977 712 1030 Pater
744 977 981 1035 Verbum
1013 980 1103 1046 sit,
1136 987 1190 1035 et
1236 992 1483 1047 vocetur,
1519 989 1646 1052 puta
1676 980 1854 1036 Verbo
1883 982 2123 1038 consub-

553 1064 849 1120 stantialis.

1048 1150 1257 1212 Salutio
1301 1157 1628 1227 objectionis.

623 1247 779 1305 Nulla
806 1250 948 1304 ratio
975 1266 1095 1315 nos,
1121 1265 1155 1306 o
1193 1252 1346 1315 boni,
1375 1260 1533 1322 coget
1566 1252 1846 1318 arbitrari,
1885 1250 2119 1310 Verbum

552 1338 760 1394 idcirco
791 1340 1009 1393 Patrem
1041 1339 1373 1395 censendum
1413 1356 1536 1397 esse
1562 1342 1647 1398 vel
1682 1342 1998 1406 dicendum,
2028 1353 2122 1398 aut

549 1428 904 1492 credendum,
940 1429 1199 1497 quoniam
1243 1437 1328 1484 est
1368 1427 1551 1485 Verbo
1604 1432 2116 1489 consubstantialis.

548 1517 664 1572 Nus
684 1532 827 1585 mam
856 1519 1000 1572 enim
1032 1533 1154 1588 qua:
1175 1518 1591 1587 ejusdem.sunt
1626 1527 1835 1576 natura:
1872 1529 2118 1576 mutuam

549 1609 1032 1680 tnutationem35
1075 1618 1131 1663 et
1173 1610 1582 1680 permistionem
1613 1611 1782 1666 veluti
1824 1612 2116 1681 quamdam

547 1696 772 1751 alterius
805 1697 858 1749 in
894 1697 1123 1751 alterum
1155 1698 1409 1768 capient,
1459 1699 1533 1754 ita
1566 1708 1625 1753 ut
1655 1714 1687 1755 e
1715 1699 2028 1770 pluralitate
2057 1704 2114 1756 in

546 1788 806 1842 unitatem
838 1789 1085 1843 contrahi
1118 1791 1332 1860 possint
1351 1806 1439 1846 res
1462 1790 1805 1861 signiﬁcata,
1831 1800 1925 1846 aut
1950 1792 2114 1848 etiam

2233 615 2464 686 μίμησιν
2505 617 2747 671 καλεῖται
2785 618 2979 686 Λόγος,
3024 617 3224 672 ἄτοπόν
3262 635 3317 671 τι
3343 618 3407 672 τὸ
3434 617 3687 672 ἐντεῦθεν
3715 618 3806 672 ὲκ-

2230 704 2477 776 6ήσεται,
2519 709 2614 760 καὶ
2652 707 2933 778 ὁμολογεῖν
2993 708 3143 778 ἡμᾶς
3185 709 3486 776 ἀναγκαῖον
3516 710 3645 772 τοὺς
3668 707 3805 779 ὀρθά

2228 798 2443 869 φρονεῖν
2470 796 2772 865 οἰομένους,
2795 796 2988 866 ὅτιπερ
3019 798 3069 849 εἰ
3089 795 3373 867 ὀμοοὺσιός
3410 800 3556 850 ἐστιν
3578 797 3608 849 6
3632 795 3804 864 Λόγος

2227 886 2305 957 τῷ
2352 887 2545 957 Πατρὶ,
2578 888 2688 949 καὶ
2732 888 2761 939 6
2814 888 3006 959 Πατὴρ
3035 888 3093 941 δὲ
3138 887 3216 960 τῷ
3241 888 3423 959 Λόγῳ,
3455 889 3605 961 οὐδὲν
3635 886 3716 940 ἔτι
3744 887 3804 939 τὸ

2227 976 2434 1030 κωλύον
2485 978 2700 1047 ὁρᾶται,
2733 977 2904 1047 Λόγον
2965 976 3103 1032 εἷναὶ
3137 996 3196 1032 τε
3238 979 3334 1032 καὶ
3395 976 3682 1032 καλεῖσθαι
3711 977 3802 1030 τὸν

2226 1069 2465 1140 Πατέρα,
2488 1068 2562 1132 ὡς
2588 1068 2871 1139 ὀμοοὺσιον
2900 1068 3077 1136 Λόγῳ.

2716 1158 2868 1228 Πρὸς
2888 1157 3062 1212 τοῦτο
3097 1159 3279 1224 λύσις

2293 1252 2499 1317 Οὐδεὶς,
2533 1243 2577 1304 ὦ
2602 1250 2885 1321 βέλτιστοι,
2911 1251 3109 1322 τρόπος
3132 1251 3279 1322 ἡμᾶς
3302 1247 3604 1318 ἀναγκάσει
3629 1246 3800 1315 Λόγον

2221 1343 2429 1398 οἴεσθαι
2470 1344 2582 1398 δεῖν
2635 1343 2725 1398 τὸν
2757 1342 2974 1412 Πατέρα
3019 1343 3163 1396 νοεῖν
3188 1358 3250 1394 τε
3281 1341 3376 1394 καὶ
3417 1340 3620 1409 λέγειν,
3643 1339 3677 1408 ἢ
3705 1337 3799 1391 καὶ

2220 1429 2360 1488 εἶναι
2397 1432 2665 1489 δύνασθαι
2710 1433 3009 1496 πιστεύειν,
3073 1432 3265 1503 ὄτιπέρ
3319 1434 3467 1486 ἐστιν
3511 1428 3797 1501 ὀμοοὺσιος

2219 1525 2406 1596 Λόγῳ·
2429 1526 2489 1578 οὑ
2524 1524 2633 1595 γάρ
2663 1524 2881 1585 πάντως
2925 1523 2993 1577 τά
3038 1523 3140 1592 τῆς
3183 1523 3355 1594 αὑτῆς
3399 1520 3530 1574 ὄντα
3559 1519 3794 1589 φύσεως,

2218 1618 2316 1690 τὴν
2360 1619 2439 1681 εἰς
2473 1617 2679 1689 ἄλληλα
2716 1618 2956 1688 χωρήσει
2999 1615 3303 1687 μεταϐολὴν
3337 1613 3434 1667 καὶ
3467 1612 3795 1682 ἁνὰκρασιν,

2217 1708 2405 1781 ὥσπερ
2453 1709 2572 1764 τινὰ
2598 1709 2698 1776 τὴν
2740 1708 2799 1775 ἐξ
2828 1708 3017 1779 ἐτέρου
3051 1705 3188 1777 πρὸς
3235 1705 3423 1777 ἕτερον
3471 1702 3795 1769 ὲπιδέξεται,

2216 1798 2293 1863 ὡς
2317 1800 2382 1852 ὲκ
2416 1797 2650 1869 πλήθους
2686 1800 2765 1863 εἰς
2816 1796 2977 1850 ένάδα
3032 1794 3292 1851 δύνασθαι
3346 1792 3679 1856 συσταλῆναι
3728 1792 3797 1845 τά

544 1892 608 1933 ex
624 1877 882 1934 dualitate
898 1879 950 1933 in
968 1858 1254 1934 unitatem.
1272 1878 1388 1933 Non
1407 1858 1552 1935 enim
1576 1896 1640 1935 ex
1662 1883 1881 1951 eoquod
1898 1883 2114 1953 generis

2220 1858 2673 1961 σημαινόμενα,ῠῆ
2708 1858 2802 1945 καὶ
2842 1892 2906 1944 ὲκ
2934 1889 3122 1953 δυάδος
3150 1891 3229 1952 εἰς
3287 1887 3449 1942 ένὰδα
3492 1887 3674 1957 τυχόν.
3719 1886 3795 1939 Οὑ

546 1977 739 2022 auctor
765 1966 936 2022 Adam
969 1978 1103 2024 nato
1131 1986 1194 2025 ex
1229 1985 1287 2025 se
1315 1970 1431 2026 ﬁlio
1453 1972 1942 2028 consubstantialis
1975 1981 2115 2039 erat,

545 2056 756 2113 idcirco
782 2065 936 2128 pater
991 2059 1252 2130 migrabit
1281 2062 1335 2115 in
1383 2060 1576 2128 ﬁlium,
1606 2068 1661 2117 et
1695 2061 1937 2118 vicissim
1970 2064 2116 2122 ﬁlius

544 2148 601 2202 in
644 2157 877 2219 patrem.
925 2148 1032 2206 Sed
1090 2168 1259 2206 unum
1320 2153 1452 2222 quid
1492 2154 1769 2211 exsislens
1810 2170 1933 2209 cum
1971 2157 2113 2227 ipso,

542 2243 691 2296 velut
729 2241 795 2296 ad
829 2242 1096 2298 unitatem
1133 2245 1518 2301 substantialis
1544 2246 1827 2316 qualitatis
1862 2248 2115 2317 proprie-

542 2342 708 2388 tatem
743 2348 899 2390 suam
945 2334 1103 2402 feret,
1168 2342 1225 2390 et
1267 2335 1415 2391 ﬁlius
1448 2337 1670 2407 quidam
1701 2352 1766 2393 ex
1792 2348 1952 2407 patre
1980 2353 2117 2408 quo-

540 2421 665 2475 dum
691 2420 1043 2477 censebitur:
1071 2430 1228 2492 pater
1254 2439 1385 2479 vero
1416 2425 1666 2480 vicissim
1698 2427 1917 2497 genitor
1942 2426 2116 2482 alicu~

535 2512 629 2581 jus
676 2530 803 2571 esse
844 2515 1141 2571 videbitur.
1173 2513 1330 2581 Quod
1362 2516 1409 2571 si
1444 2525 1667 2572 acutum
1720 2517 1982 2589 quiddam
2024 2519 2114 2574 hic

541 2620 640 2661 vos
677 2608 1023 2663 comminisci
1059 2610 1289 2679 putatis,
1324 2618 1379 2666 et
1420 2610 1975 2669 eonsubstantialitas
2008 2614 2114 2668 uti-

538 2711 647 2766 que
714 2706 876 2770 coget
920 2700 1399 2756 consubstantiale
1451 2716 1618 2757 unum
1652 2702 1787 2772 quid
1819 2717 1945 2759 esse
1979 2719 2115 2759 con-

534 2789 911 2857 substantiali,
949 2808 1050 2848 nec
1109 2792 1280 2847 ullum
1330 2792 1631 2849 discrimen
1667 2808 1792 2849 esse
1848 2794 2111 2865 patietur,

538 2880 615 2937 ita
649 2888 707 2934 ut
742 2883 1168 2953 unumquodque
1203 2886 1276 2939 sit
1312 2883 1366 2939 in
1400 2900 1458 2941 se
1488 2893 1547 2940 et
1593 2885 1647 2940 iu
1681 2901 1793 2956 quo
1825 2894 1911 2942 est
1939 2903 1951 2937 :
1981 2885 2112 2958 quid

537 2971 753 3028 induxit
778 2975 1024 3029 omnium
1069 2974 1340 3042 Iudicem,
1384 2986 1444 3032 ut
1493 2985 1704 3048 patrem
1736 2977 1958 3048 quidem
1996 2995 2106 3035 non

534 3061 730 3131 puniat
781 3079 880 3134 pro
941 3064 1079 3129 ﬁlio,
1127 3080 1228 3121 nec
1273 3065 1341 3121 de
1378 3066 1489 3121 tilio
1542 3068 1876 3138 supplicium
1928 3075 2111 3123 sumat

2217 1980 2325 2049 γὰρ
2394 1979 2690 2052 ἐπειδήπερ
2749 1980 3031 2051 όμοούσιος
3101 1981 3343 2050 ὑπῆρχεν
3400 1979 3430 2031 6
3495 1977 3795 2047 προπάτωρ

2231 2070 2401 2142 ’Λδὰμ
2422 2071 2500 2142 τῷ
2556 2071 2617 2137 ἐξ
2646 2072 2813 2126 αὑτοῦ
2848 2070 3007 2142 φύντι
3058 2070 3227 2134 παιδὶ,
3256 2070 3346 2124 διὰ
3374 2068 3531 2123 τοῦτο
3556 2069 3795 2139 χωρήσει

2220 2162 2317 2232 μὲν
2351 2163 2380 2216 6
2412 2161 2594 2235 πατὴρ
2616 2165 2695 2226 εἰς
2726 2163 2863 2228 υἱὸν,
2894 2162 3325 2233 άνταναϐήσεται
3360 2159 3417 2214 δὲ
3441 2154 3598 2227 αὖθις
3624 2161 3653 2212 6
3680 2157 3795 2221 υἱὸς

2216 2253 2297 2318 εἰς
2337 2253 2548 2325 πατέρα
2576 2271 2590 2285 ·
2635 2254 2750 2310 ἀλλ’
2779 2255 2838 2309 ἒν
2878 2254 3124 2326 ὑπάρχον
3164 2253 3305 2327 πρὸς
3344 2252 3527 2315 αὑτὸν,
3550 2251 3627 2314 ὡς
3658 2247 3797 2322 πρὸς

2215 2340 2311 2412 τὴν
2327 2342 2552 2413 ἑνότητα
2565 2342 2665 2413 τῆς
2684 2342 2972 2408 οὑσιὼδους
2998 2345 3281 2413 ποιότητος
3299 2341 3520 2412 φορέσει
3550 2339 3610 2393 τὸ
3638 2338 3789 2402 ἴδιον,

2215 2432 2310 2487 καὶ
2358 2432 2473 2495 υἱὸς
2510 2432 2608 2501 μέν
2664 2450 2747 2496 τις
2798 2435 2826 2487 6
2861 2435 2924 2486 ἐκ
2984 2432 3189 2504 πατρός
3225 2447 3369 2495 τινος
3427 2428 3749 2500 νοηθήσεται
3776 2444 3788 2457 ο

2217 2520 2397 2592 πατὴρ
2432 2521 2488 2575 δὲ
2539 2521 2703 2575 πάλιν
2735 2523 2764 2576 6
2805 2523 3085 2592 γεννήτωρ
3130 2520 3277 2585 τινδς
3323 2517 3790 2588 ἁναδεδειγμένος.

2217 2613 2278 2666 Et
2302 2611 2359 2666 δὲ
2386 2611 2563 2666 οἴεσθε
2617 2614 2779 2682 σοφὸν
2814 2614 2908 2666 ἐπὶ
2938 2611 3114 2682 τούτῳ
3155 2608 3584 2672 κατασκευάζειν
3612 2605 3790 2675 λόγον,

2214 2703 2273 2757 ἓν
2333 2704 2391 2758 δὲ
2434 2698 2576 2757 εἶναι
2639 2704 2858 2768 πάντως
2904 2705 2939 2775 ή
2993 2701 3347 2774 ὁμοουσιότης
3374 2700 3674 2768 ἀναγκάσει
3731 2696 3793 2750 τὸ

2213 2794 2494 2867 ὀμοοὺσιον
2522 2795 2598 2867 τῷ
2627 2795 2919 2868 ὁμοουσεῳ,
2948 2795 3042 2847 καὶ
3070 2792 3354 2864 διαστολὴν
3382 2790 3642 2862 οὐδεμίαν
3675 2790 3792 2843 ὲπιο

2213 2888 2399 2959 τρέψει
2432 2891 2671 2960 κρατεῖν,
2719 2888 2793 2951 ὡς
2825 2887 3053 2940 ἕκαστον
3081 2881 3219 2940 εἶναι
3270 2884 3392 2939 καθ’
3443 2879 3622 2951 ἐαυτῷ
3666 2877 3785 2951 [τον.

2214 2975 2418 3049 norb],
2448 2976 2544 3030 καὶ
2569 2977 2626 3030 ὲν
2654 2967 2807 3046 ᾧπέρ
2836 2977 2950 3028 ἐστι
2973 2990 2987 3004 ·
3033 2974 3085 3027 τε
3111 2972 3175 3026 τὸ
3200 2971 3573 3035 πεπεικδςτὸν
3620 2966 3793 3022 ἁπάν-

2213 3083 2320 3120 των
2354 3066 2570 3137 κριτὴν,
2601 3064 2814 3135 πατέρα
2837 3064 2935 3135 μὲν
2967 3062 3042 3135 μὴ
3067 3062 3316 3128 κολάζειν
3347 3060 3486 3131 ὑπὲρ
3516 3057 3655 3122 υἱοῦ,
3675 3055 3791 3109 υῐδν

534 3167 636 3220 pro
666 3162 823 3224 patre
854 3154 878 3208 Ἰ
909 3173 928 3206 ι
965 3155 1163 3209 Anima
1190 3156 1366 3221 enim,
1412 3176 1431 3210 ι
1462 3157 1667 3228 inquit,
1707 3177 1726 3211 ι
1761 3173 1886 3229 qua:
1920 3174 2114 3229 pecca-

2215 3157 2271 3212 δὲ
2317 3158 2459 3229 ὑπὲρ
2505 3158 2710 3228 πατρὸς
2756 3157 2831 3227 μὴ
2874 3154 3297 3227 εἰσπράττεσθαι
3349 3153 3535 3218 δίκας;
3574 3170 3592 3203 ι
3628 3147 3792 3220 Ψυχὴ

533 3242 698 3308 verit,
728 3245 850 3313 ipsa
892 3247 1163 3301 morietur
1200 3265 1213 3301 :
1253 3246 1397 3304 [llius
1459 3256 1642 3307 autem
1706 3266 1818 3306 non
1882 3249 2117 3320 accipiet

536 3335 880 3405 iniquitatem
918 3339 1114 3407 patris,
1146 3355 1328 3411 neque
1360 3348 1518 3412 pater
1568 3343 1810 3415 accipiet
1844 3344 2114 3414 iniquita-

535 3433 646 3479 tem
684 3425 781 3481 ﬁlii
815 3429 903 3484 sui
936 3429 1003 3482 ⁸ο.
1046 3448 1063 3481 ι
1100 3431 1238 3486 Cum
1281 3449 1412 3490 vero
1446 3435 1988 3492 consubstantialem
2017 3451 2115 3493 ex-

536 3514 822 3572 sistentem
864 3526 1073 3587 patrem
1128 3520 1242 3577 ﬁlio
1288 3522 1428 3592 justi
1492 3522 1706 3581 Judicis
1742 3527 2015 3582 sententia
2057 3525 2112 3582 in

538 3607 822 3664 liliationis
856 3609 1039 3665 locum
1107 3627 1215 3668 non
1248 3612 1528 3681 detrudat,
1572 3631 1752 3686 neque
1781 3631 1910 3671 vero
1942 3615 2113 3673 ﬁlium

535 3697 594 3751 in
630 3699 976 3766 paternitatis
1007 3717 1237 3757 numero
1259 3710 1489 3768 statuat.
1520 3704 1615 3761 sed
1645 3705 1882 3771 seorsim
1904 3716 2114 3761 utrum-

535 3804 643 3856 que
680 3789 853 3857 norit,
878 3806 1057 3861 neque
1086 3792 1190 3849 hoc
1228 3794 1283 3847 in
1318 3793 1452 3848 illud
1477 3792 1739 3865 migrare,
1773 3810 1952 3865 neque
1980 3796 2114 3853 illud

536 3880 591 3934 in
625 3879 728 3934 hoc
784 3881 1050 3947 vicissim,
1108 3884 1241 3939 licet
1280 3898 1386 3938 una
1432 3885 1738 3941 exsistente
1787 3886 1841 3942 in
1877 3895 2115 3959 utroque

535 3968 885 4024 substantia:
919 3971 1276 4029 manifestum
1341 3979 1427 4029 est
1480 3972 1669 4044 utique
1729 3975 1882 4031 nullo
1951 3976 2115 4032 modo

534 4070 786 4116 coactum
811 4062 879 4117 iri
944 4062 1115 4120 Deum
1146 4072 1202 4120 et
1225 4063 1446 4120 Patrem
1487 4072 1547 4120 ut
1580 4065 1654 4122 sit
1688 4066 1955 4133 Verbum,
1985 4085 2114 4140 pro-

536 4160 719 4222 pterea
778 4155 926 4225 quod
976 4165 1061 4213 est
1107 4153 1288 4212 Verbo
1343 4158 1835 4216 consubstantialis
1882 4169 2115 4217 :mauet

534 4246 681 4299 enim
746 4246 907 4316 plane
950 4247 1005 4302 in
1037 4247 1241 4318 seipse,
1279 4247 1382 4303 hoc
1430 4257 1518 4304 est
1549 4249 1736 4315 Pater,
1766 4251 1895 4307 licet
1925 4252 2021 4322 qui
2047 4268 2111 4309 ex

538 4336 660 4405 ipso
687 4339 908 4407 genitus
931 4346 1039 4407 est,
1075 4338 1416 4408 intelligatur
1449 4347 1505 4396 et
1537 4339 1610 4395 sit
1638 4337 1904 4405 Verbum,
1938 4351 2107 4412 atque

539 4428 750 4486 idcirco
780 4429 975 4497 Filius,
1005 4446 1076 4487 ne
1109 4447 1199 4488 res
1232 4430 1433 4488 divinae
1478 4430 1782 4487 deteriores
1817 4433 2113 4491 vidcantur

537 4536 659 4579 esse
681 4536 844 4593 quam
869 4529 1092 4579 nostrae.

603 4695 836 4761 ALIUD,
866 4699 922 4753 in
960 4698 1172 4752 modum
1229 4697 1561 4768 objectionis,
1617 4714 1709 4768 per
1751 4699 2104 4756 reductionem

533 4789 604 4842 ad
640 4791 953 4844 absurdum.
987 4789 1184 4852 Filius,
1214 4798 1477 4859 tanquam
1508 4805 1539 4844 a
1574 4790 1733 4847 Patre
1762 4792 1916 4849 nullo
1946 4794 2107 4849 modo

532 4882 804 4942 diversus.
862 4882 957 4938 sed
1015 4881 1425 4937 absolutissima
1487 4882 1687 4953 imago,
1722 4893 1777 4940 et
1822 4886 2108 4945 character

533 4971 853 5027 substantia:
899 4972 1022 5042 ejus
1083 4973 1385 5033 exsistens.
1443 4973 1563 5029 suis
1610 4973 1901 5046 discipulis
1940 4977 2100 5033 inﬁt:

539 5083 557 5114 σ
592 5063 697 5130 Qui
752 5063 889 5119 vidit
951 5078 1059 5121 me.
1116 5063 1253 5117 vidit
1299 5073 1355 5119 et
1386 5063 1602 5121 Patrem
1632 5067 1699 5121 ⁸¹.
1747 5086 1765 5119 ι
1799 5068 1869 5123 At
1892 5070 1938 5125 si
1978 5086 2101 5126 cum

535 5153 846 5209 istiusmodi
873 5151 970 5220 sit,
1000 5154 1494 5213 consubstantialis
1511 5163 1595 5211 est
1624 5155 1795 5223 Patri,
1830 5158 2105 5217 confusio-

536 5261 658 5300 nem
701 5251 886 5300 autem
934 5244 1078 5300 inter
1117 5260 1178 5301 se
1230 5261 1320 5303 res
1372 5249 1882 5317 consubstantiales
1917 5252 2106 5322 utique

535 5337 862 5409 suscipient,
894 5336 1058 5405 nihil,
1093 5348 1152 5392 ut
1179 5348 1427 5409 apparet,
1450 5342 1775 5413 prohibebit
1815 5344 2113 5412 quominus

538 5428 701 5485 Pater
735 5436 1030 5484 censeatur
1059 5444 1185 5485 esse
1221 5430 1413 5497 Filius,
1451 5441 1644 5503 utpote
1682 5432 1831 5489 Patri
1867 5434 2111 5489 consub-

537 5519 837 5586 stantialis,
877 5518 1083 5589 quique
1112 5520 1222 5591 36
1255 5520 1308 5575 in
1340 5522 1496 5577 illum
1533 5525 1779 5579 transire
1820 5525 1971 5578 nullo
2011 5524 2114 5578 im-

538 5609 792 5678 pediente
845 5608 986 5679 potis
1054 5608 1149 5673 sit,
1208 5610 1476 5680 Siquidem
1519 5611 2113 5669 consubstantialitatis

611 5793 660 5825 ⁸⁰
694 5794 893 5857 Ezech.
934 5817 1065 5858 xvm
1094 5843 1107 5868 ,
1146 5803 1239 5857 20.
1318 5803 1358 5835 θ’
1406 5800 1570 5857 Joan.
1607 5818 1731 5865 xw,
1771 5802 1823 5857 9.

2218 3249 2347 3320 γὰρ,
2381 3267 2400 3300 ι
2447 3248 2632 3318 φησὶν,
2659 3267 2677 3299 ι
2716 3249 2750 3319 ή
2803 3247 3216 3319 ἁμαρτάνουσα,
3255 3245 3392 3316 αὑτὴ
3421 3244 3789 3306 ἀποθανεῖται,

2215 3340 2244 3393 6
2271 3339 2328 3392 δὲ
2360 3339 2472 3402 υἱὸς
2497 3337 2556 3391 οὐ
2585 3336 2814 3409 λήψεται
2840 3338 2936 3406 τὴν
2958 3337 3230 3409 ἁμαρτίαν
3249 3335 3342 3390 τοῦ
3374 3334 3579 3406 πατρὸς
3604 3330 3791 3398 αὑτοῦ,

2215 3429 2334 3484 οὐδὲ
2362 3432 2393 3483 6
2418 3429 2599 3503 πατὴρ
2628 3429 2855 3500 λήψεται
2874 3428 2971 3500 τὴν
2985 3428 3258 3501 ἁμαρτίαν
3282 3427 3377 3482 τοῦ
3408 3425 3526 3481 υἱοῦ
3553 3424 3739 3480 αὑτοῦ.
3765 3443 3787 3477 ι

2228 3522 2444 3593 Ἐπειδὴ
2477 3521 2532 3576 δὲ
2563 3520 2847 3592 ὁμοοὺσιον
2882 3520 3010 3575 ὄντα
3046 3519 3136 3575 τὸν
3182 3519 3396 3591 πατέρα
3436 3517 3514 3589 τῷ
3558 3516 3660 3588 υἰῷ
3692 3517 3793 3570 οὑκ

2219 3614 2299 3677 εἰς
2338 3613 2429 3665 τὸν
2459 3614 2558 3683 τῆς
2579 3612 2824 3684 υἱότητος
2853 3612 3016 3683 τόπον
3041 3612 3071 3665 6
3095 3610 3191 3666 τοῦ
3219 3611 3287 3663 τὰ
3313 3610 3496 3664 δίκαια
3516 3608 3793 3681 κρίνοντος

2216 3705 2515 3775 καταφέρει
2574 3703 2754 3773 λόγος,
2804 3702 2928 3759 οὔτε
2983 3703 3088 3775 μὴν
3114 3702 3403 3774 ἀνατίθησι
3434 3700 3524 3755 τὸν
3565 3700 3681 3753 υἱὸν
3711 3700 3792 3762 εἰς

2217 3794 2314 3865 τὴν
2339 3793 2440 3863 τῆς
2460 3792 2794 3863 πατρότητος
2824 3793 2993 3859 θέσιν,
3021 3792 3134 3849 ἀλλ’
3185 3791 3494 3856 ἰδιαζόντως
3532 3788 3791 3858 ἑκάτεροι

2217 3879 2379 3950 οἶδεν,
2406 3883 2529 3939 οὔτε
2566 3885 2727 3938 τοῦτο
2756 3885 2836 3948 εἰς
2866 3885 3043 3939 έκεῖνο
3071 3881 3303 3956 χωροῦν,
3329 3881 3453 3935 οὔτε
3484 3880 3590 3952 μὴν
3618 3881 3796 3934 ἐκεῖνο

2217 3976 2351 4048 πρὸς
2396 3976 2553 4031 τοῦτο
2610 3975 2846 4047 βαδίζον,
2880 3976 3059 4031 καίτοι
3093 3978 3222 4047 μιᾶς
3274 3973 3443 4046 οὔσης
3480 3974 3568 4026 ἐπ’
3590 3973 3794 4042 ἀμφοῖν

2189 4070 2313 4149 1τῆς
2327 4068 2512 4133 οὐσίας
2531 4084 2545 4100 ⁸
2565 4069 2830 4142 πρόδηλον
2874 4068 3164 4140 δήπουθεν,
3186 4067 3262 4131 ὡς
3292 4065 3467 4128 οὐδεὶς
3487 4060 3790 4133 ἀναγκάσει

2214 4159 2414 4231 τρόπος
2459 4162 2843 4233 μεταχωρῆσαι
2879 4159 3069 4215 λοιπὸν
3120 4159 3200 4223 εἰς
3233 4158 3293 4213 τὸ
3322 4152 3460 4211 εἶναι
3498 4155 3670 4224 Λόγον
3699 4151 3791 4207 τὸν

2215 4251 2346 4307 Θεὸν
2399 4253 2495 4308 καὶ
2522 4254 2764 4327 Πατέρα,
2821 4253 3053 4325 ἐπείπερ
3110 4251 3260 4305 ἐστὶν
3289 4247 3571 4321 ὁμοοὺσιος
3597 4244 3756 4316 Λόγῳ
3777 4261 3788 4272 ·

2217 4347 2366 4417 μένει
2405 4347 2512 4419 γάρ
2528 4347 2744 4411 πάντως
2780 4347 2862 4414 ἐφ’
2899 4343 3103 4414 ἐαυτῷ,
3127 4341 3271 4395 τοῦτ’
3296 4342 3413 4395 ἔστι
3444 4337 3656 4409 Πατὴρ,
3691 4335 3792 4389 κᾶν

2214 4440 2242 4491 6
2273 4437 2331 4503 ἐξ
2366 4435 2533 4491 αὑτοῦ
2557 4435 2835 4507 γεννηθεὶς
2866 4435 3054 4506 νοῆται
3100 4433 3194 4487 καὶ
3224 4432 3442 4503 ὑπάρχῃ
3477 4428 3671 4497 Λόγος,
3701 4429 3796 4480 καὶ

2141 4529 2183 4584 D
2209 4528 2295 4584 διὰ
2316 4527 2469 4582 τοῦτο
2504 4526 2653 4591 Υἱὸς,
2684 4527 2771 4580 ἵνα
2806 4526 2880 4597 μή
2906 4525 2998 4579 καὶ
3023 4527 3079 4578 ἐν
3101 4508 3326 4595 χείροσῖ
3351 4522 3459 4575 τῶν
3490 4518 3614 4574 καθ’
3640 4518 3792 4589 ἡμᾶς

2212 4619 2465 4692 φαίνηται
2496 4617 2565 4672 τά
2592 4616 2759 4671 θειότε
2770 4634 2859 4687 ρα.

2283 4710 2488 4774 ΑΛΛΟ,
2533 4707 2684 4777 πρὸς
2740 4705 2806 4759 τὸ
2841 4701 2981 4759 ἶσον
3008 4704 3081 4772 τῇ
3102 4704 3399 4760 ἀντιθέσει
3435 4701 3666 4771 σχῆμα,
3699 4697 3798 4753 διὰ

2212 4798 2322 4869 τῆς
2376 4800 2462 4863 εις
2510 4796 2738 4851 ἄτοπον
2781 4793 3121 4865 ἀπαγωγῆς.
3180 4796 3269 4857 Ὠς
3323 4791 3582 4862 οὐδεμίαν
3649 4790 3790 4860 ἔχων

2214 4888 2568 4962 παραλλαγὴν
2597 4887 2734 4959 πρὸς
2775 4886 2865 4940 τὸν
2891 4885 3084 4941 ἑαυτοῦ
3116 4885 3336 4956 Πατέρα
3370 4886 3400 4936 6
3437 4882 3587 4946 Υἱὸς,
3626 4877 3795 4933 εἰκὼν

2208 4981 2266 5036 δὲ
2289 4979 2548 5053 ὑπάρχων
2572 4977 2961 5050 ἀκριϐεστάτη,
2990 4977 3084 5031 καὶ
3114 4975 3402 5049 χαρακτὴρ
3424 4974 3523 5044 τῆς
3552 4970 3791 5026 ὑποστάο

2211 5088 2350 5136 σεως
2380 5068 2567 5133 αὑτοῦ,
2620 5069 2757 5140 πρὸς
2786 5069 2910 5133 τοὺς
2950 5066 3145 5122 ἑαυτοῦ
3190 5064 3437 5138 μαθητάς
3479 5063 3793 5133 εὑρίσκεται

2208 5162 2381 5233 λέγων
2410 5180 2422 5195 ·
2459 5182 2476 5215 t
2530 5162 2587 5218 '0
2611 5160 2873 5233 ἑωρακὼς
2904 5160 3027 5232 ἐμὲ,
3057 5159 3269 5230 ἑώρακε
3322 5157 3413 5211 τὸν
3459 5155 3702 5225 Πατέρα.
3769 5174 3788 5207 ι

2223 5253 2360 5308 ’Λλλ⁹
2381 5252 2720 5324 εῐπεροὺτως
2740 5253 2881 5325 ἔχων
2895 5250 3177 5323 ὀμοοὺσιός
3210 5250 3324 5302 ἐστι
3361 5247 3440 5319 τῷ
3463 5245 3665 5315 Πατρὶ,
3686 5243 3789 5312 τὴν

2211 5345 2267 5399 δὲ
2292 5345 2372 5408 εἰς
2400 5342 2607 5415 ἄλληλα
2638 5343 2858 5406 πάντως
2886 5340 3152 5412 ἀνάχυσιν
3183 5336 3491 5403 ὲπιδέξεται
3514 5336 3582 5388 τὰ
3602 5332 3795 5404 ὁμοοὺ-

2215 5452 2324 5502 σια,
2356 5433 2507 5489 οὐδὲν
2552 5433 2785 5488 κωλύσει
2839 5433 2980 5487 κατὰ
3014 5430 3073 5482 τὸ
3107 5428 3251 5492 εἰκὸς
3282 5424 3505 5497 Πατέρα
3560 5422 3795 5478 νοεῖσθαι

2212 5525 2301 5579 τὸν
2327 5524 2473 5589 Υἰὺν,
2499 5523 2574 5588 ὼς
2611 5522 2895 5595 όμοοὺσιον
2940 5521 3145 5591 Πατρὶ,
3193 5518 3287 5572 καὶ
3342 5514 3678 5588 μεταχωρεῖν
3713 5511 3793 5577 εἰς

2215 5618 2387 5672 ἐκεῖνο
2411 5615 2723 5687 δυνάμενον,
2755 5613 2963 5677 οὐδενὸς
3019 5610 3160 5685 πρὸς
3201 5609 3355 5665 τοῦτο
3396 5603 3793 5679 παραποδίζον-
