4156 6490
318 353 390 410 65
1435 336 1498 390 IN
1537 334 1822 390 JOANNIS
1861 331 2311 385 I‘JVAIVGELIUM
2355 330 2483 387 LIB.
2525 334 2563 386 Ι.
3571 338 3638 392 bG

322 483 442 530 τος,
479 464 642 532 εἴπερ
684 459 910 530 ἐξαρκεῖ
961 456 1054 509 τὸν
1094 456 1192 526 τῆς
1239 453 1542 525 ιιεταῦολυῆς
1593 453 1794 522 τρόπον
1823 451 1938 521 ἦτοι

2050 448 2196 502 ratio
2233 451 2727 506 transmutationis
2762 461 2852 506 aut
2883 453 3232 524 migrationis
3259 453 3483 508 modum
3511 471 3625 526 sup-

317 553 721 629 μεταστάσεως
765 553 794 603 6
837 551 942 620 τῆς
999 547 1427 619 όμοουσιότητος
1484 547 1661 613 λόγος.
1723 543 1935 597 Οὐκοῦν

311 647 556 703 νοείσθω
595 645 790 714 Πατὴρ
812 645 841 696 6
870 642 1021 706 Υἱὸς,
1050 640 1257 709 λεγέτω
1277 638 1356 702 δὲ,
1382 638 1458 701 ὡς
1489 637 1648 690 τοῦτο
1674 635 1938 706 ὑπάρχων

309 741 443 816 ἤδη,
489 738 630 809 πρὸς
659 736 752 788 τὸν
783 734 1005 805 ἀληθῶς
1042 733 1171 786 ὅντα
1204 729 1429 802 Πατέρα
1458 746 1470 759 ·
1515 747 1534 780 ι
1574 728 1670 780 Ἐκ
1701 726 1937 796 γαστρὸς

311 834 426 906 πρὸ
477 830 769 901 ὲωσφόρου
819 826 1155 898 ὲξεγέννησά
1207 838 1305 878 σε·
1357 842 1375 875 ι
1415 819 1848 891 άναλαμὸανέτω
1879 817 1938 871 δὲ

308 930 395 990 είς
428 924 631 979 ἑαυτὸν
666 924 760 977 καὶ
809 923 995 974 πᾶσαν
1040 917 1230 981 άπλῶς
1259 916 1362 987 τὴν
1395 915 1573 986 Πατρὶ
1617 913 1939 984 πρέπουσαν

311 1018 534 1088 φωνήν.
596 1011 673 1068 Οὖ
728 1013 794 1084 δὴ
824 1010 1133 1080 γεγονότος,
1173 1008 1236 1060 τὸ
1290 1007 1400 1060 πᾶν
1449 1006 1550 1076 ἤδη
1581 1003 1938 1074 συγκέχυται,

321 1108 420 1162 καὶ
448 1108 510 1160 τὸ
549 1105 640 1159 ἀεὶ
689 1102 956 1166 ὡσαύτως
1001 1101 1146 1171 ἔχον,
1197 1097 1345 1152 τοῦτ’
1385 1096 1558 1159 ἔστιν,
1605 1097 1639 1166 ἠ
1676 1095 1808 1164 ἁγία
1845 1092 1943 1146 καὶ

317 1197 615 1267 όμοούσιος
653 1195 828 1265 Τριὰς
877 1192 1284 1261 συσταλήσεται
1336 1189 1476 1260 πρὸς
1525 1187 1687 1242 ἐνάδα
1729 1185 1940 1252 λοιπὸν,

312 1293 482 1365 εἴπερ
510 1291 574 1343 τὸ
599 1289 822 1358 ἑκάστῳ
878 1286 1086 1356 κυρίως
1114 1302 1176 1338 τε
1224 1284 1322 1338 καὶ
1358 1281 1670 1346 ἰδιαζόντως
1705 1279 1940 1352 προσὸν,

311 1384 398 1456 τῷ
459 1383 565 1454 τῆς
630 1378 1059 1452 όμοουσιότητος
1119 1375 1556 1446 ἀφανισθήσεται
1619 1374 1786 1444 λόγῳ,
1845 1370 1943 1425 καὶ

309 1475 625 1548 ἀνατρέψει
653 1475 753 1544 τὴν
779 1471 892 1525 τῶν
932 1469 1248 1541 προσώπων
1294 1467 1582 1539 διαστολὴν
1624 1468 1660 1539 ἡ
1706 1466 1804 1537 τῆς
1837 1463 1941 1534 φύ-

322 1588 483 1633 σεως
508 1568 799 1636 ταυτότης.
837 1563 1004 1617 Ἀλλὰ
1040 1561 1200 1616 τοῦτο
1248 1561 1471 1616 ἄτοπον.
1501 1561 1616 1615 Οὑκ
1645 1561 1755 1630 ἄρα
1790 1558 1943 1612 ἔσται

309 1659 505 1728 Λόγος
539 1659 568 1710 6
597 1655 809 1726 Πατὴρ,
845 1654 924 1716 ὡς
967 1650 1260 1724 όμοούσιος
1305 1652 1486 1721 Λόγῳ,
1523 1651 1676 1720 μενεῖ
1703 1647 1760 1700 δὲ
1789 1648 1960 1720 ἄτρε-·

317 1768 492 1814 πτος,
520 1746 686 1801 τοῦτο
735 1745 1004 1816 ὑπάρχων
1043 1743 1181 1813 ὅπερ
1219 1741 1364 1806 ἐστὶ,
1399 1740 1502 1794 κᾶν
1546 1738 1648 1812 ἔχῃ
1689 1739 1825 1808 πρὸς
1849 1737 1940 1790 τὸν

2044 537 2280 607 peditat.
2317 538 2507 609 Itaque
2531 549 2829 596 censeatur
2877 543 3039 598 Pater
3067 559 3193 599 esse
3224 543 3420 608 Filirs,
3465 561 3641 612 eoque

2040 632 2270 686 nomine
2328 633 2552 687 demum
2615 634 2682 688 ad
2736 652 2925 691 rerum
2983 636 3204 692 Patrem
3267 639 3462 692 dicat:
3505 656 3525 688 ι
3564 638 3639 691 lix

2039 732 2202 780 utero
2234 734 2364 781 ante
2410 724 2726 781 Luciferum
2757 730 2920 798 genui
2953 737 3008 783 te
3037 731 3104 794 ⁸³,
3137 748 3156 781 ι
3192 731 3409 800 sibique
3433 730 3487 784 in
3519 732 3642 784 uni-

2041 831 2262 872 versum
2298 817 2609 887 quamlibet
2664 835 2855 875 vocem
2914 819 3064 875 Patri
3095 805 3522 876 convenientem
3555 836 3643 874 ar-

2039 917 2217 980 roget.
2251 908 2414 976 Quod
2445 909 2493 965 si
2525 909 2736 965 factum
2792 911 2979 978 fuerit,
3023 913 3208 966 omnia
3259 914 3478 968 demum
3508 927 3642 968 cou-

2041 1000 2364 1067 t‘undentur,
2397 1010 2454 1058 et
2479 1003 2630 1074 quod
2665 1001 2859 1058 eodem
2901 1017 2962 1058 se
2999 1003 3167 1058 modo
3202 1019 3419 1075 semper
3452 1005 3640 1068 habet,

2041 1092 2147 1147 hoc
2185 1101 2272 1148 est
2324 1101 2520 1147 sancta
2577 1099 2632 1146 et
2683 1092 3193 1148 consubstantialis
3242 1093 3506 1159 Trinitas,
3574 1095 3642 1147 ad

2043 1185 2316 1240 unitatem
2390 1184 2781 1253 contrahetur,
2825 1184 2872 1242 si
2910 1184 3059 1254 quod
3087 1185 3388 1258 unicuique
3419 1187 3646 1258 proprie

2041 1285 2096 1332 et
2135 1275 2498 1346 peculiariter
2552 1276 2721 1342 inest,
2769 1276 3383 1334 consubstantialitatis
3427 1279 3646 1334 ratione

2043 1370 2314 1434 deleatur,
2344 1377 2401 1424 et
2435 1385 2805 1440 personarum
2839 1370 3276 1428 distinctionem
3313 1383 3526 1430 evertat
3554 1390 3646 1429 na-

2044 1471 2182 1518 turae
2211 1462 2498 1520 identitas.
2537 1463 2645 1519 Sed
2717 1464 2826 1521 hoc
2885 1465 3195 1522 absurdum
3232 1475 3319 1524 est
3350 1487 3362 1523 :
3401 1485 3507 1524 non
3537 1469 3647 1524 erit

2043 1571 2177 1627 ergo
2201 1554 2447 1611 Verbum
2471 1555 2656 1625 Pater,
2689 1565 2881 1628 utpote
2897 1557 3082 1615 Verbo
3111 1559 3644 1630 consubstantialis;

2045 1648 2143 1703 sed
2204 1647 2572 1705 immutabilis
2634 1650 2904 1716 manebit,
2932 1651 3219 1707 exsistens
3251 1652 3306 1705 id
3339 1653 3487 1722 quod
3535 1666 3645 1721 est,

2044 1740 2178 1795 licet
2206 1754 2333 1795 cum
2375 1754 2479 1794 suo
2501 1737 2686 1795 Verbo
2720 1739 2970 1809 ejusdem
3003 1741 3073 1795 sit
3119 1749 3332 1796 natura:
3361 1743 3480 1798 sire
3512 1745 3645 1798 sub-

312 1843 458 1898 ῐδιον
510 1840 692 1908 Λόγον
742 1836 804 1890 τὸ
836 1836 1080 1907 όμοφυὲς
1118 1835 1237 1906 ἦτοι
1265 1833 1327 1887 τὸ
1359 1831 1666 1904 όμοούσιον.
1698 1832 1810 1885 Καὶ
1851 1829 1938 1884 δέ·

2043 1831 2286 1888 διοηιίαι.
2352 1834 2536 1902 Atque
2597 1831 2672 1885 ita
2732 1831 2956 1887 demum
2996 1847 3139 1887 vana
3172 1847 3296 1890 esse
3328 1833 3646 1890 ostenditur

305 1936 540 1990 δεικται
561 1931 752 1985 λοιπὸν
777 1931 988 1984 εἰκαῖον
1012 1928 1074 1980 τὸ
1105 1927 1334 1980 ἐκείνων
1367 1923 1686 1997 πρόϐλημα.

387 2029 606 2082 ΛΛΛΟ.
645 2027 706 2079 El
737 2026 848 2089 πᾶς
886 2023 1045 2092 λόγος
1088 2020 1233 2084 τινός
1269 2021 1387 2073 ὲστι
1435 2019 1616 2087 λόγος,
1652 2015 1748 2071 τοῦ
1801 2033 1941 2086 προ-

310 2123 542 2192 χέοντος
592 2118 702 2172 ἀπὸ
760 2114 1011 2186 γλώττης
1074 2112 1340 2184 δηλονότι,
1387 2111 1420 2182 ἢ
1466 2111 1562 2166 καὶ
1604 2111 1669 2162 ὲκ
1714 2108 1942 2180 καρδίας

308 2212 696 2286 ὲρευγομένου
753 2209 850 2263 καὶ
904 2205 1274 2276 ἀναφέροντος
1309 2218 1322 2232 ο
1379 2202 1533 2256 ἔσται
1587 2200 1645 2254 δὲ
1695 2201 1866 2268 Λόγος
1913 2200 1943 2252 6

308 2306 538 2378 Πατὴρ,
572 2304 808 2373 ἐπείπερ
829 2299 983 2353 ἐστὶν
1005 2297 1296 2369 όμοούσιος
1323 2295 1482 2365 Λόγῳ
1507 2308 1521 2322 ⁸
1554 2292 1750 2347 ἑαυτοῦ
1767 2292 1942 2360 Λόγος

309 2402 475 2456 ἔσται
528 2398 744 2460 λοιπὸν,
803 2392 1009 2464 μᾶλλον
1073 2390 1132 2443 δὲ
1196 2388 1434 2454 οὐδενὸς,
1465 2388 1499 2458 ἢ
1530 2387 1627 2440 καὶ
1657 2385 1794 2448 ὅλως
1841 2385 1942 2454 οὑχ

311 2493 589 2564 ὑπάρχει.
626 2488 756 2550 Πῶς
787 2485 901 2554 γὰρ
943 2482 1101 2535 ἔσται
1133 2480 1330 2548 Λόγος,
1370 2479 1448 2549 μὴ
1477 2477 1633 2541 ὄντος
1671 2475 1839 2542 τινὸς,
1873 2471 1937 2530 οὗ

309 2583 496 2652 Λόγος
529 2581 717 2646 tactv;
765 2575 931 2630 Ἀ)λὰ
948 2573 1108 2628 τοῦτο
1133 2573 1355 2628 ἄτοπον.
1381 2571 1456 2624 Οὑ
1483 2571 1592 2642 γὰρ
1627 2570 1781 2624 ἔσται
1807 2568 1942 2624 ποτὲ

307 2674 414 2728 τοῦ
447 2673 530 2745 μὴ
581 2667 726 2724 εἶναι
775 2666 1001 2738 δεκτικὴ
1053 2667 1088 2736 ἠ
1151 2664 1274 2718 θεία
1309 2664 1404 2718 καὶ
1433 2663 1715 2734 ἀκήρατος
1751 2661 1938 2730 φύσις,

309 2764 439 2818 οὐδὲ
502 2758 901 2834 μεταχωρήσει
964 2756 1046 2818 εἰς
1106 2753 1286 2822 Λόγον
1343 2753 1472 2806 ποτὲ
1519 2752 1549 2804 6
1587 2751 1800 2822 Πατὴρ,
1835 2751 1942 2805 κᾶν

316 2857 628 2930 δμοούσιος
688 2853 917 2922 ὑπάρχῃ
981 2847 1171 2917 Λόγῳ·
1206 2845 1356 2916 μένει
1409 2844 1465 2898 δὲ
1506 2843 1716 2916 Πατὴρ,
1751 2837 1813 2896 οὗ
1848 2844 1944 2896 καὶ

312 2952 498 3019 Λόγος
529 2946 688 3001 ἐστὶν
709 2947 740 2998 6
763 2943 915 3006 Υἱός.

388 3121 607 3178 ΑΛΛΟ.
661 3119 724 3172 El
783 3116 997 3188 τροπῆς
1053 3113 1272 3184 ἁπάσης
1316 3112 1411 3165 καὶ
1449 3109 1788 3173 ἀλλοιώσεως
1841 3110 1941 3182 τῆς

313 3216 467 3270 κατᾶ
498 3213 595 3266 τὸν
626 3209 730 3280 τῆς
779 3169 1092 3268 οὑσιώσεως
1127 3169 1288 3273 λόγον
1333 3205 1358 3276 ἡ
1391 3201 1513 3257 Θεία
1539 3201 1701 3272 φύσις
1741 3169 1935 3256 άνεπί-
1969 3169 2014 3230 C

309 3314 511 3372 δεκτος
570 3303 716 3359 εἶναι
765 3300 1134 3365 πιστεύεται,
1193 3298 1312 3361 πῶς
1369 3297 1462 3350 τὸν
1519 3298 1717 3350 οίκεῑον
1745 3295 1934 3367 ὥσπερ

311 3404 484 3473 ἀφεὶς
517 3399 708 3462 τόπον,
735 3396 815 3459 εἰς
844 3394 906 3448 τὸ
939 3391 1080 3447 εἶναι
1111 3392 1286 3460 Λόγος
1311 3392 1340 3444 ό
1371 3389 1562 3461 Πατὴρ
1592 3391 1934 3461 μεταστήσε-

312 3515 410 3550 ται
431 3514 447 3562 ;
480 3494 526 3546 Τ
535 3493 710 3564 ροπῆς
733 3489 840 3560 γὰρ
867 3487 1024 3541 ἔσται
1047 3485 1314 3549 δεκτικὸς,
1329 3484 1404 3547 ὡς
1426 3484 1484 3550 ἐξ
1506 3484 1753 3555 ἀνάγκης
1777 3483 1935 3536 τοῦτο

314 3589 542 3649 παθὼν,
560 3589 589 3640 6
620 3585 783 3646 αὐτὸς
810 3581 868 3636 δὲ
895 3581 997 3633 οὑκ
1027 3579 1207 3643 ἔσται,
1229 3579 1304 3648 μὴ
1331 3577 1578 3648 τηρήσας
1607 3577 1746 3646 ὅπερ
1771 3571 1840 3647 ἦν
1871 3575 1929 3642 ἐξ

312 3677 524 3749 ἀρχῆς.
543 3676 609 3728 Εἰ
649 3674 706 3726 δὲ
727 3670 888 3724 τοῦτο
933 3671 1136 3725 ἄτοπον
1165 3684 1181 3701 ·
1211 3668 1273 3721 τὸ
1304 3667 1412 3738 γὰρ
1454 3666 1799 3722 ἀλλοιοῦσθαι
1835 3668 1934 3738 τῆς

315 3771 478 3834 Θείας
509 3767 731 3839 φύσεως
761 3761 1044 3826 παντελῶς
1080 3761 1362 3832 ἀλλότριον
1385 3777 1398 3790 ·
1429 3761 1530 3815 οὑκ
1552 3759 1662 3832 ἄρα
1687 3760 1800 3827 ἔξει
1831 3761 1933 3830 τὴν

317 3861 641 3932 μεταϐολὴν
693 3858 795 3929 τὴν
847 3858 930 3919 είς
963 3855 1138 3923 Λόγον
1170 3856 1200 3907 6
1241 3852 1452 3924 Πατὴρ,
1485 3853 1600 3906 ἀλλ’
1629 3854 1784 3908 ἔσται
1817 3854 1930 3906 Πα-

313 3958 429 4028 τὴρ
483 3955 606 4021 ἀεὶ,
659 3953 722 4006 τὸ
783 3951 1059 4020 ἄτρεπτον
1120 3945 1259 4017 ἔχων
1307 3947 1402 4000 καὶ
1462 3946 1820 4001 ἀναλλοίωτον
1856 3947 1930 4010 ὡς

311 4049 476 4111 Θεός.

391 4138 584 4192 ΑΛΛΟ
633 4135 702 4188 ἐκ
735 4131 844 4188 τοῦ
873 4129 1086 4195 αὐτοῦ,
1126 4128 1589 4200 διηγηματικῶς.
1627 4129 1760 4184 Θεὸν
1792 4128 1929 4201 ἀλη-

314 4231 472 4287 θινὸν
497 4230 566 4282 ὲκ
615 4223 754 4280 Θεοῦ
813 4223 1031 4295 Πατρὸς
1064 4221 1321 4294 ἀληθινοῦ
1354 4222 1633 4292 πεφηνότα
1669 4221 1932 4275 δεικνύων

313 4325 519 4384 ἑαυτὸν
547 4325 577 4377 6
620 4319 918 4394 μονογενὴς
948 4315 1064 4385 ,τοῦ
1123 4315 1262 4370 Θεοῦ
1304 4317 1477 4386 Λόγος
1530 4333 1590 4370 τε
1645 4317 1740 4370 καὶ
1780 4317 1928 4382 Υἱὸς,

320 4440 340 4473 ι
375 4419 592 4481 Πάντα,
633 4435 653 4468 ι
689 4413 880 4485 φησιν,
912 4429 930 4463 ι
970 4412 1073 4466 ὅσα
1097 4410 1212 4482 ἔχει
1236 4411 1507 4481 όΙΙατὴρ,
1547 4409 1660 4480 ἐμά
1685 4410 1869 4462 ἐστιν·
1905 4427 1923 4458 ι

2041 1925 2262 1980 illorum
2303 1923 2562 1994 obiectio.

2113 2015 2346 2072 ALIUD.
2383 2015 2442 2070 Si
2473 2031 2638 2072 omne
2690 2015 2948 2082 verbum,
3005 2017 3244 2088 alicujus
3280 2018 3506 2074 verbum
3534 2029 3641 2085 est,

2041 2108 2164 2179 ejus
2191 2108 2446 2164 videlicet
2473 2109 2566 2180 qui
2613 2109 2799 2180 lingua
2829 2110 2962 2164 illud
2993 2108 3247 2176 eﬂundit,
3281 2119 3374 2166 aut
3407 2128 3436 2168 e
3477 2114 3647 2168 corde

2041 2210 2262 2258 eructat
2283 2217 2346 2256 ac
2376 2201 2610 2272 profert;
2632 2203 2797 2256 Pater
2820 2211 3000 2258 autem
3019 2203 3264 2258 futurum
3285 2213 3369 2259 est
3385 2202 3644 2268 Verbum,

2043 2294 2309 2363 quoniam
2343 2290 2591 2362 ejusdem
2653 2299 2738 2346 est
2779 2306 2904 2346 cum
2935 2291 3120 2348 Verbo
3149 2292 3478 2347 substantia:
3507 2306 3521 2342 :
3559 2293 3646 2345 sui

2043 2384 2224 2456 ipsius
2243 2384 2484 2441 Verbum
2509 2384 2638 2448 erit,
2668 2384 2779 2438 imo
2813 2399 2943 2440 vero
2959 2385 3186 2450 nullius,
3215 2385 3386 2438 autin
3425 2386 3648 2440 univcr—

2043 2493 2166 2534 sum
2196 2491 2309 2532 non
2339 2476 2583 2533 exsistit.
2618 2476 2911 2543 Quomodo
2943 2478 3091 2532 enim
3130 2476 3368 2532 Verbum
3401 2477 3508 2531 erit
3537 2477 3646 2533 nisi

2045 2571 2120 2625 sit
2152 2569 2367 2640 aliquid
2401 2569 2568 2641 cujus
2599 2571 2670 2625 sit
2709 2569 2985 2624 Verbum?
3032 2570 3141 2626 Sed
3179 2570 3283 2625 hoc
3317 2571 3642 2626 absurdmu.

2043 2661 2194 2718 Fieri
2225 2663 2373 2718 enim
2407 2662 2602 2732 nequit
2643 2668 2704 2716 ut
2739 2660 2927 2716 divina
2959 2669 3014 2716 et
3064 2661 3400 2717 immortalis
3441 2670 3646 2716 natura

2043 2771 2155 2810 non
2187 2755 2450 2820 exsistat,
2489 2768 2591 2808 nec
2651 2753 2705 2807 in
2747 2751 2992 2809 Verbum
3029 2756 3374 2810 transiturus
3405 2760 3493 2810 est
3534 2771 3648 2808 un-

2043 2863 2208 2919 quam
2240 2846 2430 2910 Pater,
2457 2846 2587 2901 licet
2637 2845 2889 2916 ejusdem
2921 2845 3142 2901 sitcum
3170 2845 3354 2902 Verbo
3395 2846 3649 2902 substan-

2044 2942 2133 2994 tiae
2165 2958 2178 2992 :
2211 2938 2309 2995 sed
2342 2939 2464 3009 ejus
2496 2935 2663 2992 Pater
2693 2936 2938 2991 manebit
2965 2976 2979 3001 ,
3017 2937 3176 3008 cujus
3203 2946 3257 2993 et
3293 2936 3534 2993 Verbum
3560 2945 3648 2993 est

2046 3032 2240 3087 Filius.

2119 3123 2350 3181 ALIUD.
2381 3123 2438 3178 Si
2464 3122 2648 3178 omnis
2673 3121 2999 3177 mutationis
3024 3130 3076 3176 et
3101 3120 3446 3177 alteratiunis
3465 3122 3645 3192 quoad

2044 3217 2466 3274 substantialem
2563 3215 2830 3269 rationem
2913 3229 3114 3284 expers
3207 3222 3403 3269 natura
3461 3215 3648 3269 divina

2043 3310 2316 3373 creditur,
2357 3307 2640 3379 quomodo
2703 3306 2930 3377 proprio
2980 3305 3149 3360 veluti
3194 3306 3315 3362 loco
3364 3307 3558 3362 relicto
3592 3308 3646 3362 in

2044 3400 2210 3457 Verbi
2241 3410 2499 3455 naturam
2551 3397 2716 3452 Pater
2766 3398 3069 3467 migrabit?
3103 3397 3158 3452 Si
3191 3399 3339 3454 enim
3381 3399 3432 3454 id
3465 3399 3514 3453 ei
3550 3415 3645 3452 ae-

2042 3493 2260 3555 ciderit,
2291 3492 2655 3547 mutationem
2671 3491 2863 3560 utique
2883 3492 3208 3547 necessario
3233 3491 3436 3561 capiet,
3469 3508 3649 3562 neque

2043 3587 2184 3642 idem
2217 3585 2346 3647 erit,
2379 3599 2486 3638 non
2512 3593 2730 3638 servato
2759 3598 2828 3638 eo
2869 3584 3015 3653 quod
3047 3591 3168 3638 erat
3195 3581 3356 3639 initio
3407 3584 3566 3650 Quod
3599 3585 3646 3640 si

2041 3679 2344 3736 absurdum
2372 3685 2454 3734 est
2484 3677 2741 3749 (mutatio
2775 3676 2922 3732 enim
2957 3692 2986 3731 a
3024 3689 3227 3731 natura
3269 3676 3453 3731 divina
3496 3694 3648 3747 pror-

2043 3788 2139 3827 sus
2159 3779 2245 3826 est
2269 3769 2494 3835 aliena),
2521 3783 2626 3823 non
2649 3783 2780 3838 ergo
2806 3767 3114 3822 mutabitur
3133 3767 3186 3822 in
3207 3765 3447 3822 Verbqu
3465 3765 3646 3834 Pater,

2041 3867 2137 3919 sed
2173 3862 2278 3918 erit
2304 3877 2522 3931 semper
2554 3859 2739 3923 Pater,
2781 3861 3109 3916 mutationis
3141 3860 3324 3917 omnis
3364 3868 3416 3915 et
3446 3862 3642 3917 altera.

2043 3956 2212 4012 tionis
2243 3969 2465 4025 expers,
2497 3970 2606 4024 qua
2643 3952 2809 4009 Deus.

2109 4133 2325 4190 ALIUD
2399 4147 2465 4187 ea:
2535 4134 2738 4198 eodem,
2782 4134 3143 4202 explanatius.
3216 4133 3386 4189 Deum
3457 4150 3644 4191 verum

2039 4227 2108 4284 de
2164 4227 2274 4282 Deo
2317 4225 2486 4281 Patre
2539 4241 2674 4282 vero
2709 4225 2988 4283 ell‘ulsisse
3042 4227 3290 4296 seipsum
3341 4227 3644 4284 ostendens

2045 4319 2394 4388 unigenitum
2459 4317 2558 4375 Dei
2614 4317 2880 4383 Verbum,
2922 4326 2978 4375 et
3028 4319 3222 4383 Filius,
3270 4337 3288 4371 ι
3348 4319 3569 4388 Omnia,
3617 4341 3637 4373 ι

2040 4413 2246 4484 inquit,
2286 4432 2305 4465 ι
2341 4427 2690 4484 quaecunque
2740 4412 2907 4467 habet
2967 4411 3155 4478 Pater,
3203 4427 3324 4468 mea
3364 4422 3496 4468 sunt
3529 4415 3594 4469 ⁸³.
3619 4435 3638 4467 ι

313 4509 462 4565 ἀλλὰ
484 4507 584 4562 καὶ
609 4507 833 4563 πάντων
853 4503 973 4557 ἐστὶ
983 4502 1094 4556 τῶν
1114 4503 1345 4556 ἐνόντων
1370 4501 1450 4572 τῷ
1477 4501 1654 4572 Πατρὶ
1683 4501 1931 4570 φυσικῶς

2040 4505 2216 4561 Porro
2268 4507 2516 4562 omnium
2585 4520 2931 4575 quaecunque
2999 4506 3194 4561 insunt
3239 4503 3394 4560 Patri
3445 4514 3645 4562 natura

317 4601 643 4671 ίδιωμάτων
704 4596 1047 4667 κληρονόμος
1091 4596 1120 4648 6
1177 4593 1328 4657 Υίὺς,
1365 4593 1459 4646 καὶ
1489 4591 1551 4658 ἐξ
1593 4593 1758 4646 αὑτοῦ
1785 4591 1929 4647 κατὰ

314 4696 490 4766 φύσιν
543 4691 847 4760 ὑπάρχωνο
904 4687 1044 4742 ἀλλά
1099 4705 1164 4758 γε
1197 4687 1260 4741 τὸ
1291 4682 1434 4741 εἶναι
1469 4686 1660 4757 Πατὴρ
1691 4686 1790 4758 οὑχ
1817 4685 1928 4751 ἕξει

312 4785 456 4839 ποτέ
485 4800 499 4812 ·
520 4783 621 4836 καὶ
639 4780 798 4834 τοῦτο
829 4777 940 4850 γὰρ
965 4778 1023 4830 ἓν
1046 4778 1156 4832 τῶν
1172 4777 1486 4849 προσόντων
1509 4774 1588 4846 τῷ
1605 4777 1889 4848 γεννήτορι
1910 4791 1923 4804 °

315 4879 484 4952 μενεῖ
512 4875 571 4928 δὲ
593 4875 623 4927 6
647 4873 777 4935 Υἱὸς
800 4871 1016 4934 οὐδενὸς
1059 4868 1536 4940 ἀποστερούμενος
1565 4866 1673 4922 τῶν
1704 4869 1936 4922 ἐνόντων

310 4973 397 5044 τῷ
434 4969 643 5040 Πατρὶ,
669 4967 776 5020 κᾶν
810 4965 888 5036 μὴ
917 4966 1109 5035 νοῆται
1165 4961 1379 5032 Πατὴρ,
1408 4961 1588 5015 πάντα
1619 4961 1676 5015 δὲ
1705 4959 1846 5031 ἔχων
1879 4962 1938 5014 ἒν

312 5061 510 5132 ἑαυτῷ
543 5058 775 5120 τελείως
819 5057 889 5109 τὰ
932 5054 1034 5125 τῆς
1066 5051 1162 5106 τοῦ
1210 5051 1424 5123 Πατρὸς
1464 5051 1656 5115 οὐσίας
1696 5051 1804 5105 ῐδια
1843 5051 1939 5104 καὶ

311 5156 607 5227 ἐξαίρετα.
652 5150 759 5204 Τὸν
802 5149 966 5204 αὑτὸν
1013 5147 1082 5219 δὴ
1123 5144 1314 5200 τοῦτον
1359 5145 1654 5217 τοιγαροῦν
1713 5145 1808 5199 καὶ
1862 5143 1940 5216 τῷ

313 5245 612 5322 προσώπῳ
640 5241 738 5297 τοῦ
801 5240 1020 5310 Πατρὸς
1067 5237 1484 5308 ἑφαρμόσαντες
1525 5236 1685 5305 λόγον
1707 5276 1722 5302 ,
1755 5235 1936 5289 πάντα

314 5345 425 5415 μὲν
456 5340 546 5410 ἔχε
559 5357 607 5391 ιν
632 5335 796 5390 αὑτὸν
823 5334 893 5388 τὰ
913 5331 1008 5384 τοῦ
1036 5330 1166 5385 me
1204 5346 1387 5401 φαμεν
1418 5328 1684 5400 φυσικῶς,
1727 5328 1803 5400 μὴ
1829 5329 1936 5401 μὴν

309 5429 592 5490 δύνασθαί
615 5445 771 5492 ποτε,
805 5427 902 5480 καὶ
934 5426 1014 5488 είς
1046 5423 1294 5491 υἱότητα,
1349 5423 1443 5475 καὶ
1473 5424 1554 5486 είς
1577 5421 1637 5474 τὸ
1665 5417 1804 5475 εῖναι
1832 5421 1936 5475 A6-

310 5546 416 5598 γον
452 5523 821 5597 μεταχωρεῖν,
853 5519 930 5583 ὡς
983 5517 1042 5571 δὲ
1103 5515 1375 5587 ἄτρεπτον
1411 5515 1546 5580 ⁴ὅντα
1584 5513 1730 5570 κατὰ
1773 5516 1936 5586 φύσιν

310 5618 485 5673 τοῦτο
543 5614 730 5686 μένειν
780 5613 916 5684 ὅπερ
974 5609 1146 5674 ἐστὶν,
1180 5609 1268 5662 ἵνα
1320 5607 1456 5680 πρὸς
1495 5605 1740 5680 τῷεἷναι
1779 5610 1934 5673 Θεὸς,

383 5827 436 5858 ⁸³
483 5819 636 5879 Psal.
681 5831 804 5888 cu,
843 5820 897 5873 5.
975 5818 1021 5848 ⁸³
1061 5816 1222 5873 Joan.
1266 5830 1401 5881 xvr,
1445 5812 1532 5868 I5.

2035 4599 2434 4670 proprietatum
2475 4598 2660 4655 haeres
2720 4605 2806 4654 est
2835 4596 3034 4663 Filius,
3081 4607 3135 4654 et
3165 4599 3258 4669 qui
3294 4615 3362 4654 ex
3396 4599 3518 4670 ipso
3553 4615 3644 4656 se-

2035 4690 2281 4744 cundum
2313 4700 2570 4745 naturam
2622 4690 2880 4755 exsistit;
2913 4697 3300 4746 verumtamen
3357 4706 3642 4762 nunquam

2033 4783 2142 4854 37
2177 4781 2341 4838 Pater
2369 4797 2493 4838 esse
2533 4783 2736 4852 poterit
2768 4782 2911 4853 (hoc
2943 4782 3094 4837 enim
3129 4796 3322 4836 eorum
3353 4798 3525 4837 unum
3558 4792 3645 4840 est

2035 4891 2158 4946 qua:
2206 4876 2452 4948 genitori
2481 4875 2724 4944 insunt),
2747 4874 2844 4931 sed
2873 4874 3181 4930 remanebit
3207 4873 3402 4942 Filius,
3437 4876 3644 4935 nullius

2034 4983 2234 5040 expers
2268 4984 2464 5024 eorum
2502 4984 2628 5041 quae
2677 4969 2830 5024 Patri
2881 4969 3110 5037 insunt,
3159 4969 3290 5027 licet
3329 4987 3444 5029 non
3479 4971 3646 5029 intel-

2035 5061 2241 5134 ligatur
2267 5061 2436 5117 Pater
2456 5102 2471 5127 ,
2503 5062 2807 5133 omniaque
2841 5061 3053 5119 habens
3099 5064 3154 5118 in
3186 5064 3372 5136 seipso
3399 5066 3646 5137 perfecte

2036 5168 2162 5223 qua:
2187 5153 2410 5224 propria
2459 5161 2516 5208 et
2561 5154 2862 5224 peculiaria
2904 5162 3032 5210 sunt
3075 5153 3259 5211 Patris
3292 5156 3641 5212 substantiae.

2038 5244 2288 5315 Idipsum
2341 5245 2512 5316 igitur
2549 5245 2618 5302 de
2662 5246 2822 5302 l'atre
2853 5247 3142 5316 dicentes,
3176 5251 3378 5306 habere
3415 5252 3641 5322 quidem

2038 5338 2224 5408 Ipsum
2253 5338 2438 5391 omnia
2467 5353 2591 5409 quae
2619 5347 2750 5395 sunt
2771 5338 2896 5396 Filii
2920 5383 2934 5409 ,
2970 5343 3322 5410 naturaliter,
3358 5359 3642 5414 nunquam

2041 5435 2229 5482 tamen
2273 5426 2478 5483 Filium
2528 5445 2656 5488 esse
2700 5447 2904 5500 posse,
2951 5449 3054 5490 nec
3097 5435 3151 5488 in
3188 5435 3349 5490 Verbi
3383 5443 3641 5488 naturam

2041 5519 2283 5590 migrare
2317 5523 2624 5581 asserimus
2650 5565 2664 5589 ,
2704 5525 2822 5590 sed,
2866 5525 3238 5581 immutabilis
3276 5540 3400 5579 cum
3436 5525 3508 5580 sit
3539 5538 3640 5578 na-

2043 5619 2166 5666 tura
2199 5628 2322 5680 sua,
2351 5630 2576 5672 manere
2607 5616 2658 5672 id
2687 5619 2834 5688 quod
2868 5624 2975 5684 cst,
3010 5626 3067 5672 ut
3094 5625 3460 5687 praeterquam
3493 5615 3638 5687 quod
