4156 6486
547 338 614 392 67
1541 333 1598 388 S.
1621 331 1896 391 CYRILLI
1918 330 2390 389 ALEXANDRINI
2416 335 2743 394 ARCHIEP.
3739 344 3812 399 (ιιι

549 468 634 516 est
672 459 853 524 Deus,
893 459 1060 514 etiam
1107 458 1266 512 Pater
1318 458 1580 523 exsistat,
1626 469 1682 515 et
1731 455 2126 519 immutabilis,

2237 458 2328 509 καὶ
2377 458 2570 528 Πατὴρ
2611 458 2859 530 ὑπάρχῃ,
2909 459 3002 512 καὶ
3041 424 3421 527 ἀναλλοίωτος,
3457 460 3813 516 ἀναλλοίωτον

553 551 898 614 immutabile
944 552 998 605 in
1044 551 1230 619 seipso
1274 549 1485 603 habens
1529 549 1676 620 quod
1723 566 1789 606 ex
1838 550 1960 620 ipso
2002 563 2132 617 pro-

550 645 720 697 cessit
752 640 996 696 Verbum
1022 681 1037 704 ,
1082 640 1184 694 hoc
1216 647 1301 694 est
1333 639 1555 695 Filium.

621 733 852 789 ALIUD.
887 732 1048 802 Legis
1080 741 1276 786 auctor
1308 731 1450 787 Deus
1473 771 1488 796 ,
1523 747 1622 804 per
1646 737 1870 788 sanctos
1896 730 2133 802 prophe-

552 833 635 879 tas
669 825 932 894 arguebat
979 825 1276 879 nonnullos
1315 825 1508 880 dicens
1550 843 1564 878 :
1621 842 1639 874 ι
1680 823 1827 878 Inter
1876 830 2129 880 sanctum

549 924 604 971 et
636 915 926 986 profanum
965 932 1078 972 non
1121 917 1537 988 distinguebant
1559 916 1626 968 ⁸⁸.
1667 935 1686 969 ι
1728 916 1960 972 Maxima
1985 919 2131 972 enim

549 1008 800 1079 profecto
854 1009 911 1064 in
964 1009 1051 1066 his
1091 1024 1307 1064 morum
1347 1009 1655 1066 differentia
1699 1009 1982 1076 cernitur,
2039 1019 2135 1063 aut

549 1100 918 1156 contrarietas
945 1142 960 1168 ,
1011 1103 1156 1172 apud
1195 1116 1292 1156 eos
1322 1102 1415 1172 qui
1464 1109 1616 1156 recte
1641 1101 1914 1171 judicant.
1947 1101 2052 1157 Sed
2086 1104 2133 1156 si

548 1191 667 1248 ﬁeri
703 1198 882 1261 potest
918 1199 979 1246 ut
1003 1208 1196 1248 eorum
1225 1209 1350 1264 qum
1383 1203 1511 1249 sunt
1533 1194 1780 1264 ejusdem
1813 1195 2136 1251 substantiae

549 1290 746 1337 natura
782 1284 834 1337 in
867 1299 928 1340 se
957 1285 1334 1340 confundatur
1358 1325 1374 1351 ,
1407 1296 1462 1342 et
1505 1286 1818 1358 singulares
1859 1296 2024 1356 atque
2055 1286 2136 1340 in-

548 1375 790 1431 dividuae
823 1377 1150 1449 hypostases
1194 1378 1262 1433 ad
1304 1377 1452 1433 aliud
1501 1379 1874 1449 quodcunque
1916 1380 2133 1450 generis

547 1468 794 1537 ejusdem
845 1479 939 1523 aut
988 1471 1192 1541 speciei
1247 1472 1638 1542 commigrent,
1694 1487 1946 1542 quaenam
1990 1474 2134 1527 ratio

549 1561 768 1616 tandem
801 1562 1092 1632 profanum
1118 1580 1148 1617 a
1179 1565 1389 1619 sanctis
1416 1573 1688 1628 secernet,
1720 1565 1767 1620 si
1797 1565 1936 1620 nihil
1962 1566 2136 1621 inter-

547 1652 621 1708 sit
657 1654 923 1722 quidnam
957 1655 1030 1710 sit
1067 1656 1274 1726 aliqnid
1297 1695 1311 1720 ,
1341 1670 1410 1710 an
1445 1657 1668 1726 proprie
1703 1665 1758 1711 et
1786 1657 2134 1728 hypostatice

545 1745 801 1807 exsistat,
822 1745 916 1800 sed
937 1754 1160 1817 propter
1183 1746 1529 1802 identitatem
1550 1747 1876 1804 substantia:
1899 1749 2128 1804 alterum

545 1835 617 1890 sit
655 1835 709 1889 in
757 1833 970 1891 altero?
1009 1837 1186 1892 Erunt
1228 1854 1394 1910 ergo,
1441 1855 1568 1894 cum
1610 1839 1741 1895 hinc
1788 1855 1896 1896 uno
1937 1842 2132 1898 ordine

546 1943 738 1984 omnes
770 1930 1076 1986 habeamus
1107 1972 1120 1994 ,
1165 1932 1220 1986 in
1251 1932 1512 1988 omnibus
1547 1932 1734 1988 omnia
1774 1933 2004 1988 confusa
2035 1953 2047 1989 :
2079 1943 2133 1990 et

548 2021 800 2090 proditor
833 2023 1054 2091 quidem
1085 2021 1254 2080 Judas
1274 2025 1501 2094 perinde
1528 2026 1690 2081 nobis
1717 2026 1824 2080 erit
1852 2041 1917 2080 ac
1935 2026 2132 2084 Petrus

547 2121 642 2165 aut
682 2110 916 2179 Paulus,
953 2120 1081 2182 puta
1115 2115 1261 2184 quod
1301 2116 1374 2172 sit
1413 2117 1574 2173 Petro
1608 2125 1662 2173 et
1689 2117 1859 2173 Paulo
1892 2119 2128 2174 consub-

548 2203 861 2259 stantialis:
901 2213 953 2258 et
983 2205 1255 2271 vicissim,
1286 2205 1503 2274 Petrus,
1540 2215 1635 2263 aut
1680 2207 1905 2273 Paulus,
1936 2206 2128 2274 Iudas,

548 2298 788 2352 maxime
834 2314 961 2352 cum
1012 2299 1124 2355 sint
1167 2299 1414 2369 ejusdem
1467 2315 1590 2356 cum
1641 2302 1739 2357 illo
1781 2301 2130 2360 substantias.

547 2387 712 2458 Atqui
744 2389 826 2445 sic
859 2390 1068 2446 sentire
1105 2398 1190 2446 cst
1234 2392 1704 2449 absurdissimum
1739 2412 1752 2448 :
1795 2409 1974 2464 neque
1999 2409 2132 2449 vero

549 2475 799 2532 funditus
834 2477 1060 2533 tolletur
1083 2493 1277 2534 eorum
1311 2495 1433 2550 qua:
1466 2488 1597 2535 sunt
1628 2479 1879 2550 ejusdem
1913 2482 2132 2552 generis

545 2573 642 2619 aut
684 2566 887 2637 speciei
927 2567 1240 2624 diﬂ‘ercntia
1265 2612 1279 2635 ,
1331 2586 1397 2624 ex
1439 2586 1508 2627 eo
1549 2572 1692 2642 quod
1722 2572 1972 2643 ejusdem
2002 2582 2133 2629 sunt

546 2655 662 2726 ipsa
711 2659 1061 2715 substantiae.
1112 2659 1313 2715 Nostra
1350 2676 1480 2731 ergo
1527 2661 1822 2718 inﬁrmitas
1865 2663 2132 2719 adversus

546 2745 790 2801 divinam
837 2749 1137 2804 essentiam
1172 2765 1281 2805 non
1321 2758 1537 2806 tantum
1574 2751 1833 2816 audebit,
1869 2760 1928 2807 ut
1971 2761 2132 2824 cogat

551 2835 785 2894 Verbum
816 2855 941 2895 esse
969 2856 1032 2895 ac
1063 2844 1249 2896 vocari
1281 2841 1454 2897 Deum
1482 2853 1536 2898 et
1568 2842 1812 2907 Patrem,
1842 2855 2131 2914 proptcrra

543 2930 688 3001 quod
735 2931 979 3002 ejusdem
1025 2942 1109 2988 est
1157 2950 1281 2988 cum
1332 2934 1514 2989 Verbo
1556 2936 1905 2992 substantiae.
1953 2936 2133 2993 Manet

541 3021 690 3075 enim
724 3037 942 3092 semper
971 3021 1136 3076 Pater
1155 3064 1170 3089 ,
1197 3021 1506 3080 diﬂ'erentia
1533 3026 1819 3081 essentiali
1852 3027 2134 3082 nihilomi-

2234 547 2374 618 ἔχων
2403 550 2462 602 tv
2501 549 2682 620 ἐαυτῷ
2699 550 2791 602 τὸν
2815 548 2878 615 ἐξ
2922 549 3089 605 αὐτοῦ
3117 551 3400 623 πεφηνότα
3439 551 3635 621 Λόγον,
3668 551 3813 608 τοῦτ’

2233 638 2371 702 ἐστι,
2394 640 2487 692 τὸν
2517 641 2664 694 Tia").

2303 728 2508 782 ΑΛΛΟ.
2565 729 2876 798 Κατῃτιᾶτό
2914 746 3067 793 τινας
3119 733 3149 784 ὁ
3199 731 3515 804 Νομοθέτης
3571 733 3660 788 διὰ
3706 733 3815 790 τῶν

2233 817 2409 886 ἁγίων
2431 819 2748 891 προφητῶν,
2769 820 2866 874 καὶ
2877 821 3010 884 Θεὸς
3028 822 3223 890 λέγων’
3248 841 3268 874 ι
3305 824 3432 878 Ἀνὰ
3472 827 3636 894 μέσον
3659 825 3813 895 ἁγίου

2237 911 2332 963 καὶ
2387 910 2618 981 βεὸήλου
2658 912 2721 964 οὐ
2756 913 3078 969 διέστελλον.
3115 933 3134 966 ι
3183 915 3361 988 Πολλὴ
3400 916 3511 988 γὰρ
3541 918 3712 981 δντως
3757 921 3814 972 ἐν

2233 1005 2446 1067 τούτοις
2492 1009 2688 1078 ὁρᾶται
2744 1009 2961 1080 τρόπων
3003 1010 3268 1081 διαφορὰ,
3315 1012 3434 1082 ἦτοι
3481 1013 3813 1083 ἐναντιότης,

2236 1097 2386 1168 παρὰ
2405 1101 2517 1162 τοῖς
2537 1099 2781 1154 ἐθέλουσι
2809 1101 3155 1172 φιλοκρινεῖν.
3189 1102 3328 1155 Ἀλλ’
3364 1103 3522 1174 εἰπερ
3543 1103 3816 1176 ἐνδέχεται

2234 1189 2336 1260 τὴν
2368 1191 2477 1242 τῶν
2515 1191 2816 1260 ὀμοουσίων
2849 1193 2931 1256 είς
2960 1193 3160 1265 ἑαυτὴν
3203 1194 3597 1264 ἀνακιρνᾶσθαι
3629 1196 3812 1266 φύσιν,

2236 1284 2330 1336 καὶ
2380 1283 2449 1336 τὰ
2483 1285 2541 1337 ἐν
2578 1283 2908 1348 ἰδιαζούσαις
2955 1302 3012 1337 τε
3062 1285 3157 1338 καὶ
3189 1287 3413 1356 ἀτόμοις
3452 1288 3814 1343 ὑποστάσεσιν

2234 1371 2364 1424 δντα
2407 1372 2769 1441 δραπετεύσει
2814 1374 2952 1445 πρὸς
2980 1375 3118 1444 ὅπερ
3144 1375 3210 1428 ἂν
3243 1375 3504 1446 βούληται
3544 1377 3655 1431 τῶν
3683 1379 3814 1449 δμο-

2234 1461 2429 1532 γενῶν,
2463 1463 2497 1534 η
2522 1464 2786 1534 ὁμοειδῶν
2808 1481 2822 1497 ο
2859 1468 3010 1530 ποῖος
3041 1468 3173 1536 ἡμῖν
3199 1467 3307 1538 ἄρα
3339 1467 3638 1523 διαστέλλει
3658 1469 3814 1539 λόγος

2232 1555 2343 1610 τῶν
2392 1555 2565 1624 ἁγίων
2603 1556 2698 1610 τὸν
2733 1556 2993 1628 βέϐηλον,
3037 1559 3087 1610 εί
3135 1557 3446 1628 μηδαμόθεν
3475 1561 3667 1628 ὁρᾶται
3719 1562 3814 1616 τοῦ

2238 1647 2383 1712 ἰδίως
2429 1648 2580 1711 δντος
2611 1650 2644 1720 ἠ
2671 1649 2763 1701 τοῦ
2798 1649 2883 1713 τίς
2910 1651 3024 1702 ἐστι
3053 1649 3308 1722 διαφορὰ,
3337 1650 3426 1704 διὰ
3459 1651 3518 1704 δὲ
3555 1651 3654 1723 τὴν
3685 1670 3816 1707 ταυ-

2234 1739 2437 1807 τότητα
2485 1741 2586 1809 τῆς
2627 1738 2814 1802 οὐσίας
2857 1739 2914 1791 ἐν
2942 1738 3023 1809 τῷ
3061 1738 3234 1810 ἑτέρῳ
3287 1741 3464 1795 κεῖται
3495 1741 3558 1794 τὸ
3589 1741 3812 1813 ἓτερονς

2238 1830 2420 1882 Ἔστω
2449 1830 2630 1882 τοίνυν
2656 1831 2820 1901 ἡμῖν,
2871 1829 3274 1901 ἀδιαφορούσης
3307 1830 3560 1886 ἐντεῦθεν
3604 1833 3705 1902 τῆς
3729 1836 3816 1904 ἐφ’

2235 1922 2452 1993 ἑκάστῳ
2511 1921 2804 1991 γνώσεως,
2863 1924 3252 1994 συγκεχυμένα
3315 1923 3386 1978 τὰ
3461 1925 3681 1980 πάντων
3733 1929 3814 1992 εἰς

2233 2013 2446 2067 πάντα·
2481 2013 2578 2066 καὶ
2619 2015 2650 2067 ὁ
2697 2014 2796 2084 μὲν
2845 2013 3114 2085 προδότης
3155 2013 3388 2080 Ἰούδας,
3425 2015 3502 2080 ῶς
3534 2017 3741 2088 Πέτρος
3779 2017 3813 2089 ἢ

2233 2103 2445 2168 Παῦλος
2467 2143 2482 2168 ,
2530 2105 2606 2168 ὡς
2635 2105 2924 2175 δμοούσιος
2962 2105 3156 2176 Πέτρῳ
3201 2107 3299 2162 καὶ
3343 2108 3578 2180 Παύλῳ⁶
3611 2110 3815 2181 Πέτρος

2238 2191 2286 2246 δ’
2331 2189 2399 2247 αῦ
2454 2193 2619 2248 πάλιν
2652 2194 2686 2266 ἢ
2721 2195 2956 2259 Παῦλος,
3005 2195 3228 2261 Ἰούδας,
3259 2197 3353 2251 ἆτε
3381 2197 3446 2268 δὴ
3481 2199 3617 2269 πρὸς
3654 2199 3815 2254 αὐτὸν

2232 2285 2386 2350 ὄντες
2415 2287 2712 2358 όμοούσιοι.
2769 2288 2911 2341 Ἀλλ’
2941 2286 3058 2342 ἐστι
3086 2289 3147 2342 τὸ
3172 2289 3314 2345 οὕτω
3351 2295 3570 2363 φρονεῖν
3603 2291 3815 2361 ἀλογώ-

2232 2395 2415 2444 τατον,
2449 2379 2542 2432 καὶ
2574 2380 2676 2433 οὐκ
2705 2380 2992 2450 ἀναιρήσει
3041 2381 3258 2446 πάντως
3298 2383 3398 2454 τὴν
3444 2385 3586 2440 κατά
3623 2402 3676 2440 τι
3707 2386 3816 2441 τῶν

2231 2470 2532 2542 ὁμογενῶν,
2561 2471 2594 2543 ἢ
2621 2471 2884 2542 ὁμοειδῶν
2904 2471 3039 2542 πρὸς
3069 2473 3274 2545 ἄλληλα
3302 2475 3568 2546 διαφορὰν
3590 2477 3652 2532 τὸ
3676 2474 3815 2534 εῖναι

2232 2563 2331 2633 τῆς
2364 2562 2536 2634 αὐτῆς
2573 2564 2764 2627 οὐσίας
2810 2563 2970 2620 αὐτά.
3010 2566 3124 2619 Οὐκ
3162 2567 3272 2638 ἄρα
3311 2569 3408 2622 καὶ
3435 2568 3502 2621 τὸ
3543 2570 3630 2640 ἐφ’
3657 2571 3816 2642 ἡμῶν

2231 2652 2491 2707 ἀσθενοῦν
2519 2655 2662 2708 κατά
2687 2655 2787 2725 τῆς
2809 2656 2960 2721 Θείας
2989 2657 3179 2719 οὐσίας
3221 2659 3476 2714 τοσοῦτον
3509 2661 3818 2717 ἐκνεανιεύ-

2235 2758 2410 2808 σεται,
2437 2742 2512 2807 ὡς
2541 2744 2922 2814 ἐπαναγκάσαι
2950 2747 3122 2816 Λόγον
3150 2743 3291 2802 εἶναί
3326 2766 3386 2803 τε
3415 2751 3510 2804 καὶ
3534 2751 3818 2807 καλεῖσθαι

2233 2835 2326 2890 τὸν
2369 2837 2502 2892 Θεὸν
2553 2839 2647 2891 καὶ⁷
2695 2840 2952 2911 Πατέρα,
2993 2841 3290 2912 ἐπειδήπερ
3334 2843 3482 2896 ἐστὶν
3532 2843 3819 2916 δμοούσιος

2232 2930 2408 3001 Λόγῳ.
2445 2932 2611 2984 Μένει
2637 2930 2748 3002 γὰρ
2786 2932 2872 2985 ἀεὶ
2902 2932 3113 3004 Πατὴρ,
3154 2935 3254 3004 τὴν
3285 2935 3380 2988 τοῦ
3424 2934 3477 2988 τί
3516 2937 3634 2990 ἐστι
3678 2939 3819 2993 κατά

2231 3021 2391 3075 τοῦτο
2443 3022 2710 3092 διαφορὰν
2762 3024 3064 3094 οὐδαμόθεν
3107 3023 3437 3094 ζημιοῦσθαι
3486 3027 3815 3098 δυνάμενος·

545 3130 648 3170 nus
678 3115 829 3169 omni
868 3131 932 3170 cx
965 3123 1126 3185 parte
1160 3116 1425 3170 incolumi
1453 3132 1467 3168 :
1504 3115 1601 3172 sed
1642 3133 1822 3187 neque
1852 3117 2130 3173 identitati

2237 3112 2350 3165 ἀλλ’
2399 3113 2520 3166 οὐδὲ
2553 3117 2619 3184 τῇ
2650 3115 2944 3185 ταυτότητι
2996 3118 3096 3186 τῆς
3145 3103 3332 3179 οὐσίας
3379 3117 3441 3170 τὸ
3475 3119 3641 3189 μηδὲν
3676 3119 3821 3182 ἰδίως

545 3207 866 3262 substantia:
899 3207 1040 3261 nihil
1068 3207 1351 3277 peculiare
1383 3208 1669 3279 relinquit,
1697 3217 1753 3264 et
1783 3223 2132 3278 nequaquam

544 3296 743 3352 Filium
780 3297 995 3353 idcirco
1020 3300 1322 3369 superabit,
1360 3299 1455 3356 sed
1490 3315 1681 3356 verum
1713 3315 1777 3355 ac
1811 3314 2134 3368 germanum

545 3388 698 3444 illum
738 3405 864 3444 esse
897 3390 1189 3457 ostendet,
1239 3401 1296 3445 et
1342 3407 1406 3446 ex
1452 3392 1576 3462 ipso
1617 3391 1926 3448 secundum
1977 3399 2138 3445 natu-

547 3497 663 3535 ram
714 3481 924 3537 habere
969 3482 1472 3538 immutabilitatem
1531 3483 1820 3554 genitore,
1865 3490 1920 3536 et
1964 3497 2030 3537 ex
2069 3495 2138 3537 eo

546 3574 696 3644 quod
723 3575 890 3629 etiam
927 3573 1042 3643 ipse
1079 3575 1304 3646 proprie
1341 3583 1395 3630 et
1430 3576 1784 3645 peculiariter
1816 3573 1992 3631 Filius
2022 3585 2134 3639 ρει,

552 3667 606 3720 in
635 3666 748 3737 38
770 3665 984 3720 Patrem
1018 3681 1243 3736 quoque
1273 3682 1384 3722 non
1414 3667 1640 3731 mutari,
1670 3665 2135 3736 quemadmodum

551 3771 729 3825 neque
759 3754 976 3811 Patrem
1014 3756 1068 3810 in
1086 3755 1322 3828 .Filium.
1826 3793 1832 3804 ι
1999 3755 2004 3757 ’

691 3849 960 3917 Oppositio
981 3889 996 3914 ,
1039 3851 1146 3906 sive
1175 3851 1402 3921 objectio
1431 3850 1545 3903 alia
1581 3849 1974 3906 hwreticorum.

618 4003 736 4059 Non
767 4003 908 4074 jure,
942 4007 1225 4078 inquiunt,
1260 4007 1314 4060 in
1345 3991 1453 4062 nos
1485 4016 1744 4077 tanquam
1775 4011 1959 4066 minus
1991 4019 2137 4066 recte

549 4099 848 4155 sentientes
876 4099 1198 4156 invehimini
1219 4140 1233 4166 ,
1267 4101 1362 4170 qui
1398 4099 1640 4156 dicimus
1665 4102 1894 4156 insitum
1934 4102 2044 4159 Deo
2071 4120 2136 4161 ac

551 4188 696 4243 Patri
745 4191 971 4244 verbum
1020 4192 1168 4244 aliud
1223 4206 1346 4246 esse
1395 4206 1425 4244 a
1469 4189 1644 4257 Filio,
1690 4209 1813 4248 cum
1855 4195 2035 4264 ipsum
2079 4198 2136 4252 in

550 4281 864 4351 Evangeliis
905 4283 1056 4336 clare
1102 4284 1381 4337 dicentem
1420 4285 1704 4339 audiatis:
1750 4305 1768 4335 ι
1810 4285 1939 4341 Scio
1972 4304 2134 4354 eum,

555 4384 609 4428 ct
640 4375 867 4428 verbum
909 4376 1032 4445 ejus
1073 4390 1234 4428 servo
1260 4375 1327 4431 ⁸⁸.
1361 4394 1380 4426 ι
1416 4375 1572 4440 Quod
1607 4376 1653 4430 si
1690 4386 1748 4429 ut
1781 4378 1900 4446 ipse
1931 4379 2136 4434 conﬁr-

2237 3202 2538 3272 κεκτῆσθαι
2573 3204 2948 3274 παραχωρῶν,
2981 3207 3077 3260 καὶ
3111 3207 3495 3277 πλεονεκτήσει
3538 3209 3634 3278 μὲν
3663 3208 3820 3262 οὐδαι

2240 3295 2356 3364 μῶς
2387 3295 2529 3348 κατά
2557 3294 2716 3348 τοῦτο
2736 3295 2827 3348 τὸν
2854 3295 3005 3362 Υἰὺν,
3033 3298 3256 3367 γνήσιον
3283 3298 3339 3351 δὲ
3372 3299 3572 3369 μᾶλλον
3603 3300 3822 3354 ἀποδεί-

2247 3381 2345 3447 ξει,
2396 3383 2492 3436 καὶ
2532 3382 2592 3447 ἐξ
2629 3383 2797 3437 αὐτοῦ
2837 3387 2978 3440 κατά
3012 3385 3174 3456 φύσιν
3218 3388 3410 3458 ἔχοντα
3447 3388 3508 3442 τὸ
3553 3389 3826 3462 ἄτρεπτον

2237 3472 2332 3526 καὶ
2360 3471 2717 3528 ἀναλλοίωτον
2743 3474 2837 3528 τοῦ
2862 3477 3245 3548 γεννήσαντος,
3274 3479 3365 3532 καὶ
3383 3479 3472 3534 διά
3498 3479 3592 3533 τοῦ
3626 3482 3825 3551 κεκτῆ-

2240 3566 2364 3620 σθαι
2397 3568 2492 3621 καὶ
2517 3568 2680 3622 αὐτὸν
2716 3569 2861 3634 ἰδίως
2913 3572 3008 3624 καὶ
3057 3572 3234 3641 μόνως
3281 3571 3379 3642 τὴν
3425 3573 3682 3644 υἰότητα,
3727 3576 3825 3629 καὶ

2237 3659 2317 3721 εἰς
2364 3660 2582 3729 Πατέρα
2632 3660 2706 3731 μὴ
2766 3661 3238 3732 μεταϐάλλεσθαι,
3297 3663 3486 3733 ὥσπερ
3545 3660 3636 3719 οὖν
3699 3666 3822 3720 οὐδὲ

2237 3751 2414 3804 ἐκεῖνο
2461 3749 2567 3822 [ίσ.
2603 3752 2845 3825 ἐκεῖνον]
2881 3754 2960 3817 εἰς
3001 3753 3146 3810 Υίόν.

2237 3842 2594 3912 Πρόϐλημα,
2647 3844 2779 3914 ἢτοι
2830 3846 3137 3968 ἁφὶτίθεσές
3173 3847 3345 3916 ἑτέρα
3381 3849 3462 3915 ὡς
3511 3849 3670 3918 παρὰ
3704 3849 3828 3904 τῶν

2840 3931 2878 3967 a
2903 3933 3172 3968 οετικων.

2840 3931 3172 3984 αιρετικων.

2311 4003 2428 4056 Οὐκ
2466 4004 2723 4074 εὐλόγως,
2757 4008 2944 4075 φασὶν,
2977 4007 3051 4071 ὡς
3080 4008 3142 4060 οὐ
3170 4007 3459 4077 φρονοῦσιν
3486 4010 3664 4083 ὀρθῶς
3697 4013 3825 4065 ἐπι-

2241 4097 2541 4164 σκήπτετε,
2575 4100 2689 4161 τοῖς
2723 4099 2909 4173 ἓτερον
2952 4095 3092 4154 εἶναι
3122 4100 3340 4171 λέγουσι
3375 4103 3465 4156 τὸν
3487 4103 3726 4174 ἔμφυτον
3763 4107 3826 4158 tv

2237 4187 2316 4259 τῷ
2353 4189 2473 4260 Θεῷ
2511 4192 2605 4245 καὶ
2655 4193 2834 4265 Πατρὶ
2885 4194 3043 4263 λόγον
3092 4195 3247 4267 παρά
3291 4196 3385 4250 τὸν
3415 4197 3545 4250 Υἱὺν
3575 4237 3590 4261 ,
3638 4197 3819 4252 καίτοι

2239 4282 2431 4348 σαφῶς
2479 4283 2645 4336 αὐτοῦ
2683 4284 2937 4353 λέγοντος
2978 4287 3265 4351 ἀκούοντες
3301 4289 3361 4341 ἐν
3385 4291 3507 4352 ταῖς
3539 4287 3828 4358 εὐαγγελι-

2242 4377 2368 4438 καῖς
2411 4372 2738 4446 ἐξηγήσεσιν
2771 4417 2784 4442 ,
2832 4378 2916 4431 ὅτι
2965 4395 2985 4428 ι
3015 4374 3150 4433 Οἶδα
3187 4379 3278 4433 τὸν
3318 4380 3537 4450 Πατέρα
3559 4419 3573 4444 ,
3608 4381 3825 4434 καὶτὸν

550 4465 762 4530 mavit,
806 4466 1032 4520 verbum
1080 4464 1258 4521 Patris
1306 4477 1524 4532 servat,
1576 4473 1890 4524 necessario
1947 4473 2133 4542 utique

2246 4465 2402 4533 λόγον
2444 4468 2611 4521 αὐτοῦ
2654 4468 2830 4539 τηρῶ.
2860 4489 2886 4520 μ»
2920 4471 2982 4523 Εἰ
3013 4470 3069 4524 δὲ
3090 4510 3105 4536 ,
3139 4471 3391 4543 καθάπερ
3423 4472 3586 4536 αὐτὸς
3618 4472 3827 4543 διισχυο

550 4557 696 4614 alius
725 4559 792 4613 ab
824 4559 948 4628 ipso
977 4561 1106 4622 erit,
1141 4558 1591 4628 quandoquidem
1623 4575 1850 4617 necesse
1875 4572 1951 4617 cst
1987 4565 2136 4621 aliud

549 4665 674 4706 esse
703 4651 848 4723 quod
883 4663 1064 4708 servat
1094 4652 1163 4707 ab
1190 4667 1256 4707 eo
1279 4653 1422 4722 quod
1456 4661 1735 4708 servatur.

562 4916 739 4972 Varia:
774 4917 1059 4972 solutiones
1085 4957 1098 4977 ,
1140 4917 1330 4984 quibus
1369 4917 1510 4972 clare
1555 4919 1851 4975 ostenditur
1903 4922 2128 4978 Verbum

920 5003 1032 5040 esse
1068 4986 1161 5040 Dei
1200 5004 1261 5039 ac
1297 4987 1478 5041 Patris
1524 4988 1746 5045 Filium.

623 5077 740 5134 Nisi
778 5079 896 5148 ipse
926 5079 1244 5147 unigenitus
1292 5077 1462 5134 Filius
1498 5077 1594 5134 Dei
1645 5095 1708 5135 ac
1742 5081 1958 5147 Patris,
1992 5083 2134 5138 Ver-

559 5171 682 5223 bum
711 5179 794 5224 est
822 5170 971 5239 ejus;
1006 5171 1098 5223 sed
1129 5169 1280 5224 aliud
1316 5171 1594 5240 quoddam
1623 5173 1768 5228 inest
1797 5175 1906 5231 Deo
1938 5185 2136 5245 praeter

557 5265 736 5333 ipsum
761 5303 777 5326 ,
808 5264 951 5332 quod
987 5264 1263 5318 internum
1297 5266 1627 5331 nominant,
1675 5269 1768 5338 qui
1797 5271 2137 5327 contrariam

556 5357 857 5411 ostendunt
899 5354 1250 5420 sententiam,
1303 5357 1495 5412 dicant
1543 5360 1706 5416 nobis
1767 5369 1953 5416 utrum
1998 5361 2139 5420 illud

556 5439 700 5509 quod
756 5439 922 5494 stulte
970 5441 1471 5498 comminiscuntur
1511 5444 1764 5506 verbum,
1789 5445 2136 5516 hypostatice

555 5533 813 5598 exsistat,
844 5549 911 5587 an
957 5549 1090 5588 non.
1127 5531 1260 5588 Nam
1293 5537 1340 5591 si
1380 5550 1481 5605 per
1513 5551 1574 5592 se
1611 5536 1666 5591 in
1706 5539 1929 5616 prOpria
1962 5540 2140 5612 hypo~

557 5624 691 5678 stasi
733 5625 921 5680 dicent
961 5627 1304 5694 subsistere,
1345 5627 1489 5683 duos
1536 5627 1765 5684 omnino
1814 5629 2140 5690 fatebuntur

625 5787 669 5817 ⁸⁸⁵
713 5785 906 5842 Ezech.
947 5802 1058 5841 χχιι
1085 5826 1099 5852 ,
1133 5786 1224 5840 26.
1306 5785 1349 5817 ⁸⁵
1380 5783 1539 5840 Joan.
1565 5801 1682 5856 vni,

2245 4557 2452 4627 ρίσατο,
2484 4559 2574 4612 τὸν
2615 4559 2708 4613 τοῦ
2741 4561 2954 4632 Πατρδς
2989 4565 3147 4632 τηρεῖ
3191 4563 3380 4631 λόγον,
3411 4563 3596 4635 ἕτερος
3628 4565 3694 4617 ἂν
3736 4567 3824 4634 εἴη

2241 4651 2458 4714 πάντως
2501 4652 2710 4722 δήπου,
2768 4653 2864 4706 καὶ
2910 4653 3261 4721 ἀναγκαίως,
3315 4655 3392 4719 ὡς
3443 4656 3577 4728 πρὸς
3635 4656 3822 4722 αὐτὸν,

2242 4743 2545 4813 ἐπειδήπερ
2571 4742 2786 4812 ἀνάγκη
2815 4742 2916 4814 τὴν
2943 4746 3043 4814 τῆς
3068 4745 3382 4816 ἑτερότητος
3408 4745 3678 4811 σώζεσθαι
3708 4745 3826 4802 διαο

2243 4834 2416 4905 φορὰν
2441 4834 2519 4903 τῷ
2559 4833 2813 4905 τηροῦντι
2847 4836 2982 4906 πρὸς
3015 4838 3076 4890 τὸ
3113 4839 3466 4910 τηρούμενον.

2243 4928 2469 5003 Δύο-εις
2497 4927 2728 5003 ἐφεξῆς,
2761 4929 3444 5003 διάφοροι-δεικνύουσαι
3472 4933 3706 5003 σαφῶς,
3737 4934 3826 4988 ὅτι

2327 4999 2360 5050 ό
2385 5000 2575 5065 Λόγος
2603 4998 2734 5051 ἐστὶ
2775 4999 2880 5054 τοῦ
2910 5001 3060 5055 Θεοῦ
3088 5001 3186 5055 καί
3216 5004 3449 5071 Πατρός
3491 5007 3524 5058 ό
3559 4998 3724 5070 γεὸς.

2323 5087 2386 5138 Εἰ
2425 5087 2500 5157 μὴ
2549 5087 2711 5153 αὐτός
2771 5092 2918 5145 ἐστιν
2954 5093 2984 5145 ὁ
3040 5093 3333 5165 μονογενὴς
3377 5095 3506 5160 Υἱὸς
3551 5095 3644 5149 τοῦ
3690 5093 3826 5150 Θεοῦ

2247 5179 2342 5231 καὶ
2372 5180 2586 5250 Πατρὸς
2617 5183 2645 5234 ὁ
2678 5183 2852 5250 Λόγος
2889 5185 3052 5239 αὐτοῦ
3073 5225 3088 5249 ,
3117 5187 3304 5257 ἕτερος
3330 5187 3386 5239 δέ
3415 5205 3499 5252 τις
3530 5189 3828 5260 ἐνυπάρχει

2247 5265 2324 5337 τῷ
2352 5267 2471 5339 Θεῷ
2496 5271 2627 5338 παρ’
2674 5272 2856 5338 αὐτὸν,
2896 5273 2955 5328 ὃν
2995 5275 3299 5330 ἐνδιάθετον
3327 5277 3687 5349 ὀνομάζουσιν
3709 5321 3724 5345 ,
3777 5281 3827 5333 οἰ

2247 5359 2346 5428 τὴν
2392 5363 2644 5418 ἐναντίαν
2675 5367 3057 5437 προϊσχόμενοι
3110 5368 3268 5433 δόξαν
3313 5370 3624 5440 λεγέτωσαν
3672 5373 3826 5442 ἡμῖν,

2251 5451 2479 5525 πότερόν
2511 5474 2641 5511 ποτε
2667 5461 2696 5512 ὁ
2721 5458 2810 5512 διὰ
2832 5461 2931 5530 τῆς
2963 5463 3142 5516 αὐτῶν
3167 5463 3410 5534 ἀμαθίας
3445 5466 3829 5536 ἐπινοούμενος

2248 5545 2418 5614 Λόγος
2441 5549 2805 5615 ἑνυπόστατός
2835 5552 3002 5618 ἐστιν,
3032 5555 3065 5623 ἢ
3098 5556 3235 5625 οὐχί.
3259 5555 3322 5609 Εἰ
3349 5557 3446 5628 μὲν
3477 5559 3585 5628 γὰρ
3610 5557 3828 5628 ἐροῦσιν

2247 5636 2548 5706 ὑφεστάναι
2582 5640 2704 5695 καθ’
2737 5642 2931 5698 ἑαυτὸν
2981 5646 3041 5700 ἐν
3087 5647 3318 5721 ὑπάρξει
3355 5649 3647 5723 νοούμενον
3697 5649 3854 5727 ἰδίᾳ,
