4156 6494
392 324 463 382 69
1483 321 1549 376 IN
1587 321 1875 379 JUANNIS
1909 321 2356 378 EVANGELIUM
2397 321 2524 378 LIB.
2567 320 2606 376 l.
3618 324 3683 378 70

391 443 490 496 δύο
531 441 600 514 δὴ
647 441 869 506 πάντως
915 441 1344 512 ὁμολογήσουσιν
1400 441 1564 505 Υἱοὺς
1623 437 1784 498 εἶναι.
1839 445 1898 496 Εἰ
1932 442 1986 496 δὲ

2092 457 2216 497 eSse
2268 441 2458 497 Filios.
2515 441 2613 496 Sin
2670 451 2853 496 autem
2913 442 3196 513 liypostasi
3240 442 3457 514 propria
3497 459 3686 499 carere

390 537 776 592 ἀνυπόστατον
823 536 1044 607 ἐροῦσιν
1071 536 1270 599 αὑτὸν,
1304 536 1516 600 οὐδενὸς
1563 537 1993 606 μεσολαϐοῦντος

391 627 478 680 ἔτι
524 627 622 680 καὶ
655 626 1074 696 διατειχίζοντος
1119 627 1212 681 τὸν
1253 627 1413 689 Υἱὺν,
1445 628 1565 690 πῶς
1622 628 1775 682 ἔσται
1811 629 1994 701 τρίτος

390 723 458 773 ἐκ
489 721 730 792 Πατρός,
753 720 852 775 καὶ
876 720 999 791 οὐχὶ
1031 721 1233 791 μᾶλλον
1259 721 1567 792 προσεχιῑκ,
1594 721 1670 786 ὡς
1701 722 1828 786 Υἱὸς
1855 723 1994 794 πρὸς

395 811 622 880 Πατέρα
648 828 663 876 ;

461 906 657 957 ΛΛΛΟ
689 904 788 957 διὰ
830 902 952 956 τῶν
982 903 1184 957 αὐτῶν
1219 903 1636 974 θεωρημάτων.
1682 905 1857 974 Λόγον
1891 906 1992 976 μὲν

391 993 669 1064 ὑπάρχειν
743 993 824 1064 τῷ
869 991 992 1062 Θεῷ
1048 991 1145 1045 καὶ
1210 993 1385 1063 Πατρ)⁸
1439 993 1534 1046 τὸν
1585 992 1889 1046 ἐνδιάθετον
1940 993 1990 1045 oi

394 1085 458 1138 δι’
485 1085 746 1148 ἐναντίας
761 1079 1056 1156 ὁρίζονται,
1089 1085 1160 1138 δι’
1182 1079 1269 1150 οῦ,
1303 1085 1448 1140 κατά
1473 1085 1574 1156 τὴν
1607 1084 1788 1139 αὐτῶν
1821 1085 1992 1145 ἀκαλ-

397 1180 670 1250 λεστάτην
696 1178 979 1244 ὑπόνοιαν,
1010 1178 1112 1249 τὴν
1138 1178 1231 1231 τοῦ
1261 1178 1477 1249 Πατρὸς
1507 1178 1762 1250 βούλησιν
1797 1180 1826 1232 ό
1863 1178 1992 1242 Υἱὸς

397 1269 791 1324 ἐκδιδάσκεται
812 1285 826 1300 ·
858 1268 975 1322 ἀλλ’
1011 1269 1146 1339 ὅσην
1178 1269 1291 1340 ἔχει
1333 1271 1546 1342 μωρίαν
1589 1270 1774 1332 αὐτοῖς
1799 1269 1860 1323 τὸ
1898 1270 1992 1322 ἐπὶ

388 1361 573 1432 τούτῳ
595 1361 801 1429 δόγμα,
821 1358 1048 1431 θεωρεῖν
1073 1361 1392 1428 ἀναγκαῖον.
1431 1360 1715 1430 Ἐννοῆσαι
1730 1360 1785 1414 δὲ
1803 1360 1990 1422 τοιῶς-

388 1453 450 1504 δε
517 1452 788 1523 προσήκει
833 1449 926 1503 τὸν
974 1451 1068 1504 ἐπὶ
1104 1450 1184 1515 τῷ
1237 1451 1528 1520 πράγματι
1579 1450 1880 1521 λογισμόν·
1917 1450 1991 1502 Τὸ

391 1545 596 1615 Πατὴρ
639 1543 812 1613 ὄνομα
848 1541 924 1605 ὡς
954 1541 1089 1613 πρὸς
1111 1542 1202 1594 τὸν
1229 1542 1358 1596 Υίὸν
1385 1543 1540 1596 οὐδὲν
1569 1543 1682 1612 ἔχει
1711 1543 1772 1596 τὸ
1800 1543 1986 1614 μέσον,

385 1637 472 1699 ὡς
522 1636 581 1702 ἐξ
633 1633 882 1705 ἀνάγκης
954 1633 1245 1688 εἰσόαἴνον.
1309 1635 1375 1686 Τί
1445 1634 1555 1704 γάρ
1604 1634 1758 1687 ἔσται
1825 1635 1988 1705 μέσον

391 1731 617 1801 Πατρὸς
656 1729 793 1800 πρὸς
829 1728 960 1782 Υἱδν
987 1768 1002 1791 ,
1048 1727 1082 1799 ἢ
1111 1724 1180 1782 αὖ
1211 1728 1376 1782 πάλιν
1407 1727 1540 1780 Υἱοῦ
1568 1729 1703 1796 πρὸς
1733 1727 1984 1797 Πατέρα;

2098 536 2281 605 ipsum
2314 535 2545 600 dicent,
2599 550 2722 594 cum
2763 536 2896 588 nihil
2941 537 3010 590 sit
3042 533 3188 605 quod
3228 533 3423 590 Filium
3463 551 3491 589 a
3524 535 3686 591 Patre

2093 626 2378 696 dispescat
2402 669 2416 693 ,
2463 627 2741 698 quomodo
2787 628 2982 684 tertius
3013 627 3118 684 crit
3159 643 3189 682 a
3223 626 3387 683 Patre
3417 670 3432 694 ,
3468 644 3532 683 ac
3573 646 3684 685 non

2095 720 2282 790 potius
2312 720 2562 790 proxime
2594 731 2650 776 et
2680 719 3017 783 immediate,
3056 727 3113 774 ut
3145 718 3319 776 Filius
3355 720 3544 776 Patri?

2164 894 2377 950 ALIUD
2399 937 2414 960 ,
2447 897 2501 950 in
2541 895 2777 950 eamdem
2809 896 3148 961 sententiam.
3185 897 3425 953 Verbum
3459 898 3681 968 quidem

2094 991 2279 1046 inesse
2329 988 2440 1044 Deo
2491 1005 2554 1044 ac
2613 988 2764 1042 Patri
2813 989 3092 1042 internum
3145 989 3323 1055 illud,
3373 989 3683 1045 adversarii

2095 1089 2371 1146 statuunt,
2409 1095 2503 1150 per
2539 1079 2708 1150 quod,
2735 1089 2792 1133 ut
2822 1080 2923 1150 ipsi
2957 1080 3281 1137 stultissime
3307 1082 3680 1152 suspicantur,

2093 1176 2435 1232 voluntatem
2482 1174 2666 1230 Patris
2711 1173 2888 1228 Filius
2941 1174 3206 1230 edocetur
3258 1193 3272 1229 :
3331 1175 3426 1230 sed
3477 1186 3683 1246 quanta

2093 1265 2306 1320 insania
2355 1264 2569 1318 laboret
2607 1263 2754 1318 istud
2809 1280 3000 1319 eorum
3045 1264 3276 1336 dogma,
3331 1266 3686 1320 considerare

2101 1368 2185 1414 est
2225 1372 2407 1426 opera:
2461 1357 2722 1427 pretium.
2761 1355 2875 1410 lloe
2905 1365 3085 1410 autem
3131 1365 3292 1427 pacto
3345 1355 3400 1410 in
3440 1371 3499 1411 re
3543 1370 3684 1426 prze-
3726 1385 3738 1392 -

2093 1453 2236 1508 senti
2271 1452 2779 1522 philosophandum
2813 1452 2972 1507 nobis
3008 1459 3115 1506 est.
3152 1450 3286 1504 Illud
3320 1463 3539 1512 nomen,
3580 1444 3684 1502 Pa-

2093 1553 2195 1608 ter,
2227 1545 2294 1598 ad
2336 1544 2535 1599 Filium
2571 1545 2840 1610 relatum,
2881 1546 3021 1599 nihil
3059 1546 3378 1601 necessario
3415 1543 3562 1613 capit
3593 1543 3681 1596 in-

2091 1639 2363 1692 termedii.
2417 1625 2556 1704 Quid
2604 1638 2751 1692 enim
2792 1638 3101 1693 intercedet
3145 1637 3299 1697 Patri
3339 1653 3464 1692 cum
3506 1635 3680 1700 Filio,

2092 1737 2186 1783 aut
2235 1729 2482 1784 vicissim
2515 1729 2654 1784 Filio
2683 1745 2808 1783 cum
2845 1730 3052 1785 Patre?
3093 1730 3162 1782 At
3200 1730 3246 1784 si
3273 1769 3288 1791 ,
3319 1729 3682 1799 quemadmo-

397 1823 548 1876 Ἀλλ’
601 1822 762 1894 εἴπερ
810 1821 955 1875 κατά
996 1820 1096 1892 τὴν
1137 1820 1364 1874 ἐκείνων
1392 1821 1633 1890 ἀμαθίαν
1665 1821 1982 1890 διαί-τειχίζει

2092 1819 2214 1873 dum
2247 1821 2326 1874 illi
2355 1820 2523 1876 stulte
2559 1821 2802 1875 sentiunt
2827 1861 2840 1886 ,
2894 1818 3113 1874 Patrem
3159 1834 3187 1873 a
3233 1817 3373 1874 Filio
3412 1819 3682 1889 dispescit

379 1916 484 1969 τοῦ
522 1915 740 1985 Πατρὸς
785 1914 879 1966 τὸν
936 1913 1065 1966 Υἱὸν
1126 1912 1502 1984 μεσολαϐοῦσα
1560 1912 1845 1984 βούλησις,
1892 1913 1987 1967 καὶ

380 2011 567 2078 Λόγος
605 2007 933 2069 ἐνδιάθετος,
985 2007 1044 2060 ὃν
1071 2006 1167 2060 καὶ
1199 2005 1404 2076 ταύτης
1459 1999 1600 2059 εἷναί
1631 2021 1794 2074 φασιν
1819 2005 1989 2076 ἑρμη-

382 2101 673 2163 νευτικὸν,
717 2100 819 2153 οὐκ
867 2099 942 2152 ἐτ’
992 2099 1058 2153 ἂν
1105 2100 1280 2153 νοοῖτο
1312 2097 1504 2167 Πατὴρ
1536 2096 1675 2160 ὅλως
1715 2099 1744 2150 ὁ
1772 2095 1984 2167 Πατὴρ,

379 2196 505 2249 ἀλλ’
545 2193 669 2248 οἱ)δέ
702 2192 830 2255 Υἱὸς
860 2193 889 2245 ὁ
923 2192 1054 2256 Υἱὸς
1080 2233 1095 2256 ,
1131 2190 1294 2260 εἰπερ
1334 2191 1392 2243 ἐν
1441 2189 1600 2252 ίδίαις
1650 2189 1986 2243 ὑποστάσεσι

381 2287 610 2342 κεῖσθαι
635 2287 924 2357 νοήσομεν,
957 2285 1058 2354 τήν
1086 2301 1144 2336 τε
1181 2282 1438 2353 βούλησιν
1469 2281 1565 2336 τοῦ
1589 2281 1732 2336 Θεοῦ
1772 2282 1868 2336 καὶ
1893 2281 1987 2336 τὸν

375 2378 599 2450 ταύτην
658 2375 1091 2447 διερμηνεύοντα
1145 2374 1341 2444 Λόγον.
1400 2375 1465 2427 Εί
1526 2373 1585 2428 δὲ
1633 2373 1988 2427 ἀνυπόστατα

376 2469 639 2540 δώσομεν
670 2467 940 2539 ὑπάρχειν
967 2466 1130 2529 αὐτὰ,
1163 2465 1389 2536 ἀμέσως
1429 2465 1539 2536 ἄρα
1573 2465 1670 2519 καὶ
1700 2465 1987 2536 πρωεχῶς

377 2564 413 2618 ὁ
454 2562 592 2624 Υἱός
637 2562 790 2615 ἐστιν
819 2563 879 2614 ἐν
916 2559 1038 2630 Θεῷ
1073 2559 1170 2612 καὶ
1199 2557 1377 2630 Πατρί
1402 2574 1416 2590 ο
1446 2559 1540 2611 ποῖ
1564 2557 1630 2630 δὴ
1658 2559 1767 2628 ἄρα
1796 2557 1987 2625 λοιπόν

376 2658 409 2709 ό
455 2652 769 2715 ἐνδιάθετος
808 2651 1053 2722 χωρήσει
1114 2649 1320 2719 Λόγος,
1379 2649 1413 2720 ἦ
1453 2651 1605 2704 ποῖον
1647 2650 1760 2714 ἕξει
1820 2649 1988 2706 τόπον

374 2750 413 2817 ἡ
445 2745 731 2816 βούλησις,
765 2743 930 2812 ἑτέρα
965 2741 1233 2813 νοουμένη
1274 2741 1428 2812 παρὰ
1456 2741 1549 2794 τὸν
1575 2741 1734 2810 Υίόν;

453 2927 651 2982 ΔΛΛΟ
684 2923 784 2978 διὰ
809 2921 921 2992 τῆς
955 2925 1043 2988 είς
1082 2920 1314 2975 ἄτοπον
1356 2918 1702 2991 ἀπαγωγῆς.
1755 2917 1984 2990 Ὀμοού-

376 3037 505 3075 σιον
555 3017 700 3071 εἶναι
736 3015 1069 3086 πιστεύομεν
1113 3014 1214 3086 τὴν
1251 3013 1414 3083 ἁγίαν
1452 3013 1548 3067 καὶ
1575 3010 1986 3083 προσκυνουμέ-

375 3129 485 3184 νην
509 3111 742 3184 Τριάδα,
768 3108 871 3163 κᾶν
895 3110 930 3179 ἡ
951 3107 1060 3162 τῶν
1082 3105 1376 3177 αἱρετικῶν
1403 3103 1568 3175 μανία
1597 3101 1673 3174 μὴ
1702 3101 1980 3172 βούληται·

379 3205 508 3259 ἀλλ’
543 3198 704 3274 οἶμαι
740 3202 1040 3273 προσήκειν
1083 3199 1176 3252 ἐπὶ
1206 3197 1315 3251 τῶν
1348 3194 1652 3267 όμοουσίων
1690 3193 1986 3266 παραδέχε-

381 3298 516 3352 σθαι
559 3299 657 3350 καὶ
711 3296 773 3348 τὸ
820 3293 1072 3364 ἀλλήλοις
1105 3290 1245 3344 αὐτὰ
1281 3287 1424 3343 κατὰ
1458 3287 1636 3342 πάντα
1667 3285 1985 3359 προσεοικέ-

380 3408 518 3455 ναι,
554 3387 704 3443 κατά
758 3404 823 3456 γε
873 3385 967 3439 τὸν
1014 3383 1122 3438 τῶν
1174 3380 1422 3451 φυσικῶν
1471 3379 1775 3451 ἰδιωμάτων
1803 3377 1984 3447 λόγον.

385 3483 566 3553 Εἷπερ
618 3477 712 3534 οὖν
749 3479 893 3534 κατά
925 3479 1026 3548 τήν
1067 3492 1230 3530 τινων
1264 3473 1522 3528 ἀϐουλίαν
1560 3471 1858 3542 ἐνυπάρχει
1908 3469 1986 3540 τῷ

382 3574 508 3646 Θεῴ
543 3573 639 3626 καὶ
683 3570 863 3641 Πατρὶ
906 3569 1078 3637 Λόγος
1123 3584 1209 3629 τις
1255 3565 1443 3636 ἕτερος
1489 3563 1798 3625 ἐνδιάθετος
1835 3561 1989 3634 ποιρά

381 3668 480 3720 τὸν
511 3665 644 3719 Υίὺν
667 3704 682 3729 ,
719 3663 830 3728 ἕξει
882 3661 1100 3723 πάντως
1135 3659 1228 3712 καὶ
1259 3659 1288 3711 ὁ
1325 3657 1452 3720 Υἱὸς
1477 3655 1650 3724 Λόγον
1681 3652 1987 3708 ἐνδιάθετον

384 3763 446 3813 ἐν
473 3758 660 3828 ἐαυτῷ
686 3798 702 3822 ,
731 3757 807 3819 ὼς
842 3754 1009 3809 εἰκὼν
1043 3751 1209 3806 αὑτοῦ
1238 3792 1254 3816 ,
1288 3750 1382 3804 καὶ
1423 3746 1846 3820 ἀπαράλλακτος
1886 3745 1988 3815 τῆς

385 3852 751 3911 ὑποστάσεως
784 3844 1075 3918 χαρακτὴρ
1099 3885 1114 3909 ,
1159 3841 1342 3904 καθὼς
1393 3841 1705 3911 γέγραπται
1733 3855 1744 3866 ·
1777 3837 1888 3903 ἕξει
1931 3835 1989 3890 δὲ

384 3944 596 4014 ὁμοίως
627 3939 777 4010 αύτῷ
805 3939 900 3992 καὶ
939 3937 1001 3989 τὸ
1027 3935 1255 4006 Πνεῦμα
1281 3933 1342 3988 τὸ
1368 3933 1544 4002 ἅγιον,
1569 3930 1712 3985 κατὰ
1739 3931 1838 4002 τὴν
1867 3931 1990 4000 ἴσην

379 4037 501 4092 τῶν
535 4035 828 4103 νοημάτων
859 4027 1174 4098 ἀναλογίαν.
1205 4027 1434 4096 Γέγονεν
1460 4020 1552 4080 οὖν
1589 4025 1723 4094 ἡμῖν
1755 4025 1788 4094 ἡ
1819 4021 1989 4094 Τριάς

381 4125 449 4177 ἐν
485 4119 666 4190 διπλῷ
692 4161 707 4182 ,
737 4120 834 4172 καὶ
889 4119 948 4171 ὲν
977 4116 1228 4172 συνθέσει
1279 4114 1465 4168 λοιπὸν
1514 4115 1548 4184 ἡ
1595 4113 1713 4166 θεία
1741 4112 1990 4182 φαίνεται

381 4215 576 4285 φύσις.
597 4213 758 4266 Ἀλλά
786 4211 946 4265 τοῦτο
971 4209 1191 4264 ἄτοπον·
1221 4208 1278 4261 ἐν
1299 4207 1356 4262 δέ
1379 4208 1498 4271 ταῖς
1537 4206 1733 4270 ἁπλαῖς
1752 4205 1987 4270 οὐσίαις,

379 4306 548 4361 οὐδὲν
572 4304 763 4376 ἕτερόν
791 4304 912 4356 ἐστι
941 4301 1004 4354 τὸ
1030 4301 1162 4371 παρ’
1195 4299 1366 4363 αὐτάς
1386 4315 1400 4330 ο
1438 4298 1591 4352 οὐδὲν
1634 4296 1745 4367 ἄρα
1788 4297 1990 4350 διακω-

381 4399 550 4453 λύσει
594 4397 694 4468 τὴν
734 4395 898 4464 ἀγίαν
955 4394 1053 4448 καὶ
1099 4391 1387 4464 όμοούσιον
1445 4391 1653 4462 Τριάδα
1704 4389 1990 4462 προσεχῶς

382 4489 673 4560 συνῆφθαι
687 4527 704 4551 ,
736 4484 1165 4558 μεσολαϐοῦντος
1186 4483 1420 4546 οὐδενός.

461 4581 658 4636 ΑΛΛΟ
697 4574 1160 4646 διηγηματικῶς.
1191 4576 1320 4627 Ὅτε
1366 4571 1435 4627 τὰ
1467 4571 1709 4642 ὀνόματα
1752 4587 1989 4643 προτατ-

381 4673 637 4745 τομένων
675 4670 784 4724 τῶν
817 4667 1037 4741 ἄρθρων
1063 4669 1097 4739 ἡ
1135 4665 1258 4720 θεία
1284 4665 1466 4735 τίθησι
1489 4664 1680 4736 Γραφὴ
1702 4703 1715 4724 ,
1740 4663 1861 4717 τότε
1896 4664 1992 4719 καὶ

381 4762 448 4814 ἓν
479 4777 535 4814 τι
566 4756 856 4828 σημαίνει,
886 4756 914 4808 ὃ
945 4757 1106 4827 μόνον
1137 4755 1256 4808 ἐστὶ
1293 4753 1498 4824 κυρίως
1547 4754 1641 4806 καὶ
1695 4752 1989 4824 ἀληθινῶς,

333 4869 336 4872 ’
380 4852 581 4905 ὁποῖον
612 4843 760 4900 εἶναι
789 4844 1044 4912 λέγεται·
1087 4842 1290 4915 ἄρθρον
1337 4842 1393 4896 δὲ
1432 4842 1492 4895 οὐ
1527 4840 1827 4912 προσθεῖσα
1858 4840 1878 4913 [
1904 4840 1991 4896 Io‘.

382 4938 741 5013 προθεῖσα],
783 4937 1153 5007 γενικωτέραν
1189 4935 1426 4988 ποιεῖται
1470 4933 1612 4988 κατά
1664 4934 1866 4997 παντὸς
1896 4932 1989 4986 τοῦ

383 5030 812 5103 σημαινομένου
852 5029 949 5100 τὴν
974 5028 1245 5100 δήλωσιν,
1291 5020 1402 5079 οἷον
1439 5026 1582 5098 (ἥξει
1627 5027 1735 5098 γὰρ
1781 5027 1808 5079 ὁ
1835 5027 1991 5095 λόγος

379 5128 486 5181 καὶ
512 5123 584 5177 δι’
610 5120 876 5193 ἐναργοῦς
902 5119 1254 5188 ἀποδείξεως)
1289 5118 1476 5171 πολλοὶ
1522 5118 1812 5173 καλοῦνται
1843 5117 1988 5172 θεοί·

2092 1910 2344 1964 voluntas
2383 1908 2708 1963 iutcrmcdia
2734 1951 2748 1975 ,
2788 1917 2844 1963 et
2878 1909 3105 1962 verbum
3156 1909 3432 1963 internum
3465 1947 3480 1973 ,
3528 1907 3680 1978 quod

2087 2003 2252 2056 etiam
2288 2002 2391 2073 ipsi
2427 2002 2735 2056 voluntatis
2772 2002 2933 2056 istius
2978 2001 3252 2071 interpres
3283 2015 3406 2056 esse
3445 1999 3678 2064 dicunt,

2090 2106 2198 2144 non
2243 2090 2355 2160 jam
2403 2089 2571 2144 Pater
2604 2092 2793 2161 utique
2834 2090 3157 2145 censebitur
3187 2105 3309 2145 esse
3347 2090 3506 2145 Pater
3529 2131 3545 2159 ,
3582 2092 3678 2147 sed

2089 2199 2264 2254 neque
2284 2181 2456 2238 Filius
2485 2182 2659 2238 Filius
2679 2225 2692 2249 ,
2733 2183 3010 2253 siquidem
3043 2183 3097 2236 in
3140 2183 3383 2254 propriis
3414 2183 3680 2254 hyposta-

2089 2275 2239 2330 sibus
2287 2276 2560 2331 exsistere
2604 2275 2965 2332 censebimus
2998 2274 3179 2330 Patris
3210 2276 3548 2331 voluntatem
3574 2316 3590 2342 ,
3625 2283 3681 2330 et

2088 2368 2235 2439 quod
2265 2383 2384 2423 eam
2433 2369 2832 2440 interpretatur
2857 2368 2969 2440 39
2995 2369 3244 2424 verbum.
3277 2367 3376 2423 Sin
3408 2376 3590 2422 autem
3615 2384 3678 2423 ea

2089 2461 2316 2531 propria
2373 2461 2661 2532 liypostasi
2713 2477 2904 2517 carere
2962 2461 3295 2524 fatebimur,
3363 2461 3681 2517 immediate

2088 2567 2242 2622 ergo,
2273 2563 2327 2608 et
2356 2555 2607 2624 proxime
2641 2565 2728 2610 est
2761 2554 2814 2609 in
2854 2553 2962 2610 Deo
2999 2569 3062 2608 ac
3100 2553 3265 2610 Patre
3294 2553 3497 2621 Filius;
3537 2568 3678 2625 quo-

2089 2657 2217 2696 nam
2252 2642 2666 2714 igiturdemum
2701 2646 2897 2701 evadet
2933 2647 3217 2702 internum
3259 2646 3396 2701 illud
3423 2647 3679 2710 verbum,

2087 2741 2184 2788 aut
2211 2749 2374 2804 quem
2407 2735 2589 2790 locum
2623 2737 2880 2793 voluntas
2923 2737 3187 2794 habitura
3236 2745 3324 2794 est
3349 2779 3364 2805 ,
3416 2753 3540 2809 quae
3572 2739 3680 2792 alia

2089 2836 2346 2880 censetur
2387 2841 2511 2883 esse
2549 2843 2578 2881 a
2608 2827 2795 2883 Filio?

2159 2914 2396 2983 ALIUD,
2436 2933 2528 2988 per
2573 2918 2932 2973 reductionem
2964 2919 3034 2972 ad
3065 2918 3376 2974 absurdum.
3425 2918 3681 2975 Consub—

2089 3009 2402 3064 stantialem
2448 3025 2572 3066 esse
2625 3011 2903 3065 credimus
2952 3019 3200 3065 sanctam
3250 3019 3306 3066 et
3344 3009 3679 3066 adorandatn

2089 3094 2443 3164 Trinitatem,
2476 3098 2603 3153 licet
2644 3099 3035 3154 haereticorum
3073 3100 3227 3155 furor
3261 3099 3314 3154 id
3351 3116 3461 3156 non
3505 3102 3682 3171 patia-

2091 3199 2199 3245 tur.
2248 3189 2353 3245 Sed
2400 3189 2678 3246 fatendum
2722 3201 2824 3259 est,
2862 3193 3081 3263 Opinor,
3114 3207 3181 3247 ea
3212 3207 3333 3263 quae
3366 3201 3497 3248 sunt
3531 3193 3683 3264 ejus-

2089 3285 2210 3340 dem
2237 3285 2568 3340 substantia:
2595 3285 2738 3341 inter
2769 3301 2827 3341 se
2856 3285 3070 3343 ratione
3095 3287 3492 3358 proprietatum
3520 3295 3681 3340 natu-

2089 3379 2288 3454 ralium
2322 3379 2482 3450 plane
2516 3379 2833 3434 convenire.
2884 3378 2941 3433 Si
2973 3395 3141 3450 ergo,
3189 3388 3250 3435 ut
3302 3389 3507 3435 temere
3541 3396 3684 3434 non-

2091 3471 2228 3525 nulli
2273 3470 2514 3538 docent,
2551 3471 2696 3526 inest
2745 3471 2854 3527 Deo
2892 3488 2954 3527 ac
2985 3470 3140 3526 Patri
3186 3472 3415 3527 verbum
3457 3472 3683 3543 aliquod

2092 3563 2372 3616 internum
2409 3562 2691 3618 diversum
2741 3578 2771 3616 a
2809 3561 2969 3628 Filio,
3019 3563 3248 3619 habebit
3283 3564 3474 3634 utique
3507 3563 3684 3620 Filius

2089 3654 2320 3708 verbum
2369 3654 2650 3709 internum
2685 3671 2907 3726 quoque
2950 3657 3004 3710 in
3038 3659 3245 3728 seipso,
3273 3667 3467 3729 utpote
3500 3661 3684 3734 imago

2091 3747 2229 3816 ejus,
2285 3754 2337 3801 et
2376 3747 2574 3802 similis
2617 3765 2713 3819 per
2754 3750 2940 3803 omnia
2989 3751 3318 3806 substantia:
3368 3753 3679 3823 character,

2091 3839 2236 3893 sicut
2275 3839 2547 3909 scriptum
2580 3849 2666 3893 est
2697 3839 2764 3891 ⁸⁸.
2800 3837 2904 3893 Sed
2933 3848 2985 3894 ct
3012 3840 3237 3896 habebit
3265 3845 3494 3915 perinde
3518 3856 3682 3917 atque

2092 3930 2208 4000 ipse
2239 3937 2469 3984 sanctus
2498 3945 2722 4000 quoque
2776 3929 3043 4000 Spiritus,
3093 3934 3281 3989 eadem
3328 3951 3559 4006 prorsus
3589 3954 3679 3992 ra-

2093 4022 2261 4076 tionis
2289 4018 2710 4076 conscCutione.
2745 4022 2840 4076 Est
2874 4023 3043 4093 igitur
3069 4025 3181 4092 jam
3217 4025 3379 4082 nobis
3405 4028 3682 4098 duplicata

2093 4114 2375 4178 Trinitas,
2439 4124 2492 4168 et
2545 4115 2854 4182 composita
2918 4117 3140 4169 demum
3199 4126 3428 4188 apparet
3484 4131 3682 4177 natura

2093 4208 2302 4262 divina.
2348 4205 2456 4261 Sed
2485 4206 2588 4260 hoc
2626 4206 2952 4261 absurdum.
2999 4206 3056 4261 lu
3097 4209 3441 4278 simplicibus
3477 4214 3683 4286 quippe

2093 4297 2428 4356 substantiis
2465 4298 2604 4352 nihil
2638 4307 2722 4352 cst
2751 4309 2949 4368 prtrter
2982 4300 3150 4370 ipsas.
3196 4301 3342 4357 Nihil
3383 4320 3513 4376 ergo
3555 4323 3683 4378 pro-

2095 4391 2303 4447 hibcbit
2335 4392 2636 4461 quominus
2672 4403 2862 4448 sancta
2891 4401 2947 4448 et
2975 4395 3471 4453 consubstantialis
3499 4399 3684 4457 T-rinio

2025 4505 2066 4560 ῃ
2098 4494 2182 4540 tas
2211 4485 2461 4554 proxime
2486 4493 2541 4538 ct
2571 4483 2887 4541 immediate
2918 4485 3085 4541 simul
3119 4489 3410 4558 conjuncta
3445 4493 3536 4546 sit.

2170 4568 2422 4636 ALIUD,
2488 4571 2846 4640 explanatius.
2914 4574 3048 4629 Cum
3112 4578 3436 4635 nctuinibus
3493 4582 3683 4638 divina

2099 4659 2382 4739 Scriptura
2413 4661 2681 4731 przeponit
2708 4662 3000 4728 articulos,
3044 4673 3177 4722 tunc
3216 4683 3384 4721 unum
3419 4671 3685 4739 quiddam

2097 4724 2396 4822 significat,
2432 4752 2577 4822 quod
2611 4753 2786 4807 solum
2835 4754 3056 4824 proprie
3103 4770 3169 4809 ac
3201 4772 3328 4812 vere
3360 4767 3464 4826 est,
3500 4761 3687 4830 cujus.

2095 4845 2245 4899 modi
2274 4860 2396 4899 esse
2420 4845 2645 4898 dicitur.
2695 4844 2835 4901 Cum
2868 4854 3051 4900 autem
3087 4841 3382 4904 articulum
3417 4868 3523 4906 non
3555 4870 3688 4924 prae.

2095 4937 2283 5007 ponit,
2331 4936 2649 5007 generalius
2701 4935 2924 5006 quidvis
2973 4937 3226 5009 designat
3265 4959 3277 4996 :
3310 4943 3461 4997 verbi
3508 4949 3690 5017 gratia

2098 5028 2191 5100 (id
2241 5027 2385 5082 enim
2435 5027 2777 5097 propositum
2823 5044 3042 5099 quoque
3096 5031 3255 5087 nobis
3294 5042 3374 5088 est
3416 5037 3563 5093 clare
3594 5039 3688 5095 de-

2100 5118 2470 5188 monstrare),
2506 5119 2769 5175 dicuntur
2800 5120 2987 5175 πολλοὶ
3021 5123 3154 5178 θεοί.
3183 5123 3288 5181 Sed
3317 5131 3536 5198 quando
3562 5147 3688 5187 cum

380 5215 510 5270 ἀλλ’
541 5215 676 5267 ὅταν
704 5213 845 5283 μετά
867 5211 959 5266 τοῦ
985 5209 1192 5283 ἄρθρου
1221 5208 1450 5281 λέγηται
1474 5212 1506 5264 o’
1525 5211 1692 5278 Θεὸς,
1708 5210 1798 5264 τὸν
1833 5210 1988 5281 μόνον

2092 5211 2328 5266 articulo
2386 5212 2593 5266 dicitur
2652 5214 2680 5266 ό
2734 5213 2907 5280 Θεός,
2973 5216 3127 5272 solus
3183 5234 3328 5286 esse,
3372 5231 3425 5276 et
3469 5226 3690 5294 proprie

380 5310 526 5362 ὅντα
581 5305 678 5358 καὶ
736 5303 945 5374 κυρίως
999 5302 1294 5374 σημαίνειο
1341 5301 1712 5372 ἁπλούστερον
1768 5301 1864 5366 δὲ,
1902 5303 1988 5356 καὶ

2092 5301 2435 5372 signiﬁcatur
2471 5323 2483 5358 :
2519 5312 2574 5358 at
2605 5319 2729 5360 cum
2773 5307 3122 5378 simplicius,
3170 5318 3224 5364 et
3267 5311 3390 5367 sine
3425 5315 3686 5380 articulo,

379 5401 604 5473 ἄρθρου
641 5398 844 5469 χωρὶς,
877 5397 971 5449 ἕνα
1001 5397 1162 5466 τυχὸν
1201 5395 1310 5449 τῶν
1347 5397 1427 5459 εἰς
1467 5396 1624 5450 τοῦτο
1659 5395 1801 5449 κατά
1835 5395 1988 5467 χάριν

2092 5395 2220 5459 Θεὸς
2281 5391 2542 5461 ,dicitur,
2598 5411 2768 5452 unum
2823 5397 2964 5455 forte
3015 5399 3288 5471 signiﬁcat
3350 5419 3414 5458 ex
3477 5404 3544 5458 iis
3593 5407 3689 5475 qui

379 5487 776 5558 κεκλημένων.
809 5486 919 5538 Καὶ
940 5485 1101 5538 πάλιν
1128 5485 1450 5551 Ἄνθρωποι
1479 5485 1704 5538 πολλοί
1723 5505 1730 5513 ·
1767 5485 1883 5538 ἀλλ’
1909 5485 1988 5537 ὅτε

2093 5501 2190 5556 per
2222 5487 2454 5557 gratiam
2493 5488 2674 5542 vocati
2707 5496 2838 5544 sunt
2877 5488 2973 5543 dii.
3016 5489 3163 5546 Idem
3208 5491 3545 5547 censendum
3578 5503 3686 5561 est,

383 5585 537 5653 μετὰ
568 5578 664 5631 τοῦ
697 5576 902 5648 ἄρθρου
931 5577 1094 5647 φησὶν
1115 5577 1142 5629 ό
1165 5575 1371 5647 Σωτὴρ,
1400 5576 1452 5627 Ὀ
1484 5575 1613 5641 Υἱὸς
1637 5576 1744 5632 τοῦ
1766 5577 1988 5645 ἀνθρώ-

2102 5593 2256 5639 cum,
2306 5579 2539 5650 exempli
2597 5580 2794 5651 gratia.
2857 5580 3135 5652 ἄνθρωποι
3181 5583 3364 5636 πολλοὶ
3426 5583 3685 5642 dicimus.

464 5780 512 5812 ⁸⁸
551 5775 718 5833 llebr.
749 5792 787 5839 ι,
