4156 6552
529 361 588 415 Ἠ
869 411 873 414 .
1561 361 1616 412 S.
1654 358 1936 415 CYR‘ILLI
1962 361 2444 422 ALEXANDRINI
2478 368 2802 427 ARCHIEP.
3725 395 3792 446 τε

524 495 632 552 Sed
666 510 791 550 cum
835 493 1088 549 Salvator
1117 494 1404 564 prmmisso
1463 495 1696 550 articulo
1738 498 1895 565 dicit,
1926 502 1953 552 6
1979 500 2067 552 TR

2171 532 2180 559 λ
2212 496 2350 546 που,
2378 483 2450 545 ὡς
2481 484 2927 558 ὲκλελοχισμένον
2958 491 3066 544 ἀπὸ
3102 495 3378 565 μυριάδων
3405 498 3597 557 ἑαυτὸν
3629 523 3798 560 κατα-

524 588 619 640 τοῦ
665 587 977 657 ἀνθρώπου,
1008 589 1156 641 velut
1197 587 1427 642 electum
1469 600 1536 642 ex
1580 589 1823 645 millibus
1865 591 2105 661 seipsum

526 679 822 746 significat.
864 679 1000 732 Cum
1047 677 1274 732 nomina
1316 678 1457 731 hanc
1487 688 1674 732 notam
1713 679 1769 734 in
1817 680 2104 752 Scriptura

523 767 704 819 divina
741 767 999 831 habeant,
1039 783 1147 836 quo
1202 775 1364 836 pacto
1415 767 1634 822 demum
1682 769 2103 839 intelligendum

523 865 606 911 est
639 859 796 920 illud,
833 877 851 908 ι
889 857 946 912 In
983 859 1256 928 principio
1305 867 1426 913 erat
1471 858 1755 914 Verbum?
1795 880 1813 911 ι
1852 859 1908 916 Si
1955 864 2102 917 enim

522 949 893 1020 quodcunque
929 952 1019 1004 Dei
1074 949 1314 1005 Verbum
1353 951 1698 1022 significatur
1731 954 1783 1008 in
1830 955 2104 1026 principio

519 1039 809 1104 exsistere,
841 1041 1077 1094 doceant
1110 1040 1238 1108 ipsi,
1274 1049 1328 1094 et
1376 1057 1476 1096 nos
1512 1057 1788 1111 iungamur
1827 1062 1839 1097 :
1883 1045 1969 1099 sin
2001 1059 2102 1100 au-

519 1141 626 1185 tem
664 1131 948 1200 praantisso
994 1131 1228 1185 articulo
1274 1133 1608 1202 evangelista
1666 1150 1831 1188 unum
1865 1143 1919 1190 et
1962 1152 2094 1206 pro-

517 1221 633 1288 prie
661 1220 933 1275 exsistens
961 1219 1254 1291 significat,
1276 1237 1400 1275 cum
1433 1223 1633 1277 clamat
1659 1241 1672 1277 :
1702 1242 1720 1276 ι
1743 1225 1801 1280 1η
1830 1226 2100 1298 principio

515 1321 634 1367 erat
686 1312 922 1367 Verbum
950 1351 965 1375 ,
1016 1314 1044 1365 6
1100 1314 1300 1382 Λόγος,
1347 1314 1476 1384 quid
1506 1315 1708 1370 frustra
1741 1319 2098 1388 contendunt,

513 1404 624 1474 40
670 1404 817 1457 aliud
875 1403 1237 1468 inducentes,
1299 1406 1476 1460 solum
1532 1415 1592 1461 ut
1657 1407 1726 1461 de
1787 1409 2098 1466 substantia

515 1492 695 1548 Patris
744 1493 944 1547 Filium
979 1494 1287 1564 dcjiciant?
1334 1498 1404 1549 At
1450 1499 1644 1551 horum
1696 1499 2097 1557 absurditatem

511 1574 876 1640 observantes
906 1585 1291 1640 haereticorum
1333 1590 1697 1643 temeritatem
1727 1592 1982 1646 aversari
2010 1593 2098 1648 de-

511 1677 664 1732 bent.

575 1785 821 1850 ALIUD,
863 1787 1140 1842 ostendens
1185 1786 1390 1842 Filium
1442 1789 1511 1842 ad
1559 1790 1823 1845 internum
1867 1792 2086 1847 Verbum

505 1896 609 1933 uon
635 1881 884 1950 formari,
908 1889 966 1932 ut
998 1880 1081 1933 illi
1118 1881 1304 1938 aiunt:
1339 1881 1430 1935 sed
1460 1882 1747 1952 imaginem
1779 1901 1893 1937 esse
1919 1885 2084 1950 ipsius

508 1972 712 2026 Patris.
760 1973 818 2026 Si
865 1973 1188 2044 unigenitus
1225 1972 1320 2029 Dei
1371 1973 1542 2030 Filius
1591 1974 1800 2032 idcirco
1844 1975 2085 2033 Verbum

504 2073 588 2116 est
622 2077 687 2116 ac
726 2071 977 2127 vocatur,
1016 2073 1074 2116 ut
1116 2063 1194 2116 illi
1245 2064 1472 2127 volunt,
1507 2065 1766 2134 quoniam
1809 2067 2084 2121 internum

505 2153 683 2209 Patris
726 2152 966 2209 Verbum
1017 2155 1330 2224 suscipiens
1374 2156 1441 2209 ad
1496 2156 1629 2210 illud
1680 2157 2087 2226 quodammodo

502 2244 790 2311 formatur,
833 2246 1025 2316 quidni
1075 2245 1260 2302 dicere
1300 2247 1514 2301 videtur
1570 2247 1691 2303 suis
1739 2249 2078 2319 discipulis:

501 2333 613 2405 Ego
642 2345 697 2389 et
729 2333 971 2390 Verbum
996 2335 1182 2390 Patris
1215 2351 1384 2390 unum
1415 2351 1610 2392 sumus
1636 2356 1648 2392 :
1677 2335 1782 2403 Qui
1812 2337 1950 2392 vidit
1972 2354 2079 2406 me,

498 2426 635 2479 vidit
685 2425 920 2482 Verbum
968 2425 1196 2482 Patris?
1242 2427 1378 2482 Cum
1437 2437 1620 2483 autem
1654 2437 2082 2501 praetergressus

496 2515 683 2571 omnia
739 2518 982 2588 scipsum
1035 2519 1187 2574 solus
1236 2519 1338 2574 soli
1399 2518 1547 2573 Patri
1601 2521 1894 2590 assimilet,
1929 2523 2081 2580 nullo

495 2611 661 2679 igitur
701 2611 1029 2666 intermedio
1061 2611 1164 2682 ipsi
1199 2612 1472 2683 genitori,
1508 2621 1563 2668 et
1605 2628 1715 2669 non
1745 2615 1836 2671 alii
1857 2615 2078 2672 cuidam

492 2704 562 2758 ab
593 2704 713 2774 ipso
746 2704 943 2760 similis
972 2703 1148 2761 Filius
1185 2719 1311 2760 esse
1342 2705 1681 2761 censebitur.

773 2960 1015 3031 Objeclio
1047 2976 1111 3015 ea:
1140 2961 1298 3014 dictis
1328 2961 1780 3018 adversariorum.

555 3055 735 3109 Alium
769 3070 892 3109 esse
925 3055 1321 3123 comperimus,
1354 3055 1634 3125 inquiunt,
1666 3053 1863 3110 Filium
1895 3055 1964 3110 ab
1993 3057 2075 3111 iu-

2214 574 2490 643 σημαίνει.
2521 577 2722 632 Τοῦτον
2759 581 2994 650 ἑχόντων
3024 585 3132 637 τῶν
3179 588 3458 658 ὀνομάτων
3491 595 3581 646 τὸν
3627 597 3796 655 τύπον

2211 665 2362 734 παρὰ
2398 668 2464 736 τῇ
2493 667 2613 755 θείᾳ
2641 669 2831 742 Γραφῇ
2859 715 2873 738 ,
2907 673 3024 737 πῶς
3047 676 3154 746 ἄρα
3187 681 3455 752 προσήκει
3483 688 3668 755 νοῆσαι
3710 690 3793 755 τὺ,

2214 772 2232 804 ι
2275 755 2362 808 Ἐν
2395 757 2538 828 ἀρχῇ
2561 753 2629 829 ἦν
2656 762 2686 812 6
2708 762 2883 831 Λόγος
2907 779 2922 828 ;
2949 782 2968 814 ι
3003 766 3068 818 Εἰ
3100 767 3199 836 μὲν
3231 769 3339 840 γὰρ
3368 773 3474 834 πᾶς
3502 753 3661 843 λόγος
3697 753 3792 832 τοῦ

2207 846 2342 900 Θεοῦ
2368 847 2458 900 διὰ
2503 849 2696 903 τούτου
2728 853 3088 924 σημαίνεται,
3121 857 3198 922 ὡς
3239 861 3499 932 ὑπάρχων
3536 867 3594 918 ὲν
3623 870 3787 939 ἀρχῇ,

2205 936 2571 994 δεικνύτωσαν
2600 943 2776 1008 αὐτοὶ,
2811 946 2906 999 καὶ
2941 947 3217 1020 ληροῦμεν
3238 954 3402 1023 ἡμεῖς
3425 972 3437 984 ·
3479 959 3527 1010 εἰ
3561 958 3617 1012 δὲ

2204 1029 2376 1121 τάξας
2401 1031 2464 1084 τὸ
2489 1031 2692 1104 ἄρθρον
2721 1036 2751 1087 6
2776 1037 3195 1112 εὑαγγελιστὴς,
3228 1045 3304 1106 ῶς
3340 1046 3434 1098 ἕνα
3463 1049 3555 1100 καὶ
3584 1029 3788 1121 κυρίως

2203 1120 2334 1175 ὄντα
2383 1124 2678 1194 σημαίνει,
2727 1127 2867 1197 βοιῖιν
2909 1151 2929 1182 ‹
2968 1132 3055 1185 Ἐν
3087 1135 3228 1207 ἀρχῇ
3273 1133 3340 1208 ἦν
3385 1120 3701 1208 ὄΛόγοςί
3732 1145 3786 1196 τί

2206 1213 2386 1282 μάτην
2411 1214 2809 1283 φιλονεικοῦσιν
2852 1220 3038 1293 ἕτερον
3068 1226 3486 1299 ἐπεισφέροντες
3509 1273 3524 1297 ,
3567 1234 3653 1287 ἵνα
3685 1236 3785 1305 μό-

2203 1320 2292 1356 νον
2337 1305 2668 1376 ἐκπέμπωσι
2714 1313 2814 1382 τῆς
2845 1313 3032 1377 οὐσίας
3079 1315 3174 1370 τοῦ
3224 1320 3437 1390 Πατρὸς
3483 1323 3577 1377 τὸν
3606 1324 3779 1391 Υἱόν;

2214 1396 2562 1464 Ἐννοοῦντας
2598 1401 2656 1454 δὲ
2694 1403 2757 1455 τὺ
2801 1406 2893 1457 ἐπὶ
2920 1406 3133 1471 τούτοις
3160 1410 3361 1464 ἄτοπον
3397 1417 3781 1484 παραιτεῖσθαι

2200 1490 2468 1560 προσήκει
2499 1491 2599 1564 τὴν
2631 1495 2738 1548 τῶν
2771 1496 3220 1568 ὲτεροδοξούντων
3252 1503 3528 1560 ἀϐουλίαν.

2265 1749 2468 1815 ΛΛΛΟ,
2495 1750 2775 1808 δεικνύω·
2794 1754 2995 1828 ὅτιπερ
3021 1763 3094 1814 οὺ
3125 1762 3277 1816 κατὰ
3302 1764 3409 1818 τὸν
3431 1766 3771 1825 ἐνδιάθετον

2121 1854 2159 1907 Β
2191 1839 2404 1906 Λόγον,
2433 1841 2517 1905 ὡς
2547 1843 2769 1898 ἐκεῖνοί
2805 1863 2988 1914 φασι,
3013 1851 3344 1920 μορφοῦται
3371 1858 3403 1908 ὀ
3439 1857 3600 1923 Υἱὸς,
3635 1861 3768 1915 ἀλλ’

2191 1929 2367 1984 εἰκών
2394 1932 2565 1985 ἐστιν
2602 1937 2790 1991 αὑτοῦ
2823 1939 2931 1993 τοῦ
2961 1944 3212 2008 Πατρός.
3255 1945 3315 1998 Ei
3353 1945 3441 1999 διά
3471 1948 3628 2003 τοῦτο
3667 1954 3770 2004 Λό-

2191 2037 2282 2088 γος
2306 2022 2423 2075 ἐστί
2466 2041 2525 2076 τε
2577 2027 2670 2080 καὶ
2699 2028 3030 2098 ὀνομάζεται
3072 2038 3192 2088 κατ’
3217 2037 3459 2105 ἐκείνους
3484 2043 3512 2093 ὁ
3545 2060 3770 2114 μονογε-

2190 2117 2285 2180 νὴς
2315 2114 2442 2177 Υἱὸς
2461 2117 2556 2170 τοῦ
2587 2118 2742 2184 Θεοῦ,
2775 2123 2859 2176 ὅτι
2881 2123 2945 2194 δὴ
2980 2125 3070 2179 τὸν
3101 2128 3403 2184 ἐνδιάθετον
3434 2133 3527 2186 τοῦ
3555 2137 3768 2208 Πατρὸς

2185 2201 2476 2272 δεχόμενος
2505 2206 2698 2276 Λόγον,
2726 2212 2890 2264 οἱονεὶ
2922 2216 3223 2285 μορφοῦται
3257 2221 3394 2292 πρὸς
3432 2226 3638 2278 ἐκεῖνον
3656 2201 3689 2290 ,’
3716 2201 3768 2282 τί

2187 2294 2265 2390 μη
2314 2294 2492 2364 λέγων
2529 2301 2722 2372 ὁρᾶται
2755 2303 2894 2375 πρὸς
2926 2308 3051 2371 τοὺς
3079 2311 3273 2364 ἑαυτοῦ
3305 2315 3576 2386 μαθητάς·
3627 2322 3767 2390 Ἐγὼ

2186 2387 2278 2484 καὶ
2306 2389 2336 2442 6
2377 2389 2552 2458 Λόγος
2583 2392 2678 2445 τοῦ
2716 2395 2927 2467 Πατρὸς
2949 2397 3006 2451 ἕν
3037 2400 3203 2470 ἐσμεν
3223 2442 3238 2466 ,
3290 2406 3318 2458 6
3349 2407 3610 2478 ἑωρακὼς
3642 2387 3761 2484 ἐμὲ,

2183 2476 2396 2570 έὼρακε
2445 2482 2538 2536 τὸν
2571 2485 2744 2553 Λόγον
2792 2489 2885 2541 τοῦ
2921 2491 3171 2561 Πατρός;
3217 2476 3436 2570 Ἐπειδῆ
3480 2501 3537 2554 δὲ
3589 2476 3764 2560 πάντα

2185 2569 2427 2665 δπερϐὰς
2453 2575 2646 2629 ἑαυτὸν
2669 2576 2909 2649 ἐξομοιοῖ
2944 2584 3089 2652 μόνῳ
3121 2585 3280 2654 μόνος
3318 2589 3396 2659 τῷ
3435 2592 3638 2665 Πατρὶ,
3673 2599 3762 2650 οὺ-

2179 2661 2332 2762 δενὸς
2358 2665 2466 2734 ἄρα
2505 2667 2674 2762 μέσου
2706 2672 3008 2741 χωροῦντος
3043 2675 3141 2746 τὴν
3174 2679 3434 2748 ὁμοίωσιν
3455 2725 3470 2749 ,
3508 2661 3655 2758 αύτῷ
3682 2691 3762 2762 τῷ

2177 2755 2486 2826 γεννητορι,
2513 2757 2609 2811 καὶ
2638 2759 2734 2829 οὐχ
2757 2761 2929 2833 ἑτέρῳ
2956 2765 3060 2818 τινὶ
3088 2769 3215 2838 παρ’
3241 2771 3404 2826 αὑτὸν
3429 2755 3758 2846 προσεοικὼς

2177 2847 2206 2897 6
2243 2846 2369 2911 Υἱὸς
2393 2848 2739 2920 νοηθήσεται.

2402 2940 2756 3009 Ἆντίθεσις,
2795 2945 2877 3010 ὡς
2901 2949 2970 3001 ἐκ
2999 2949 3117 3003 τῶν
3134 2952 3209 3007 δι’
3243 2957 3543 3028 ἐναντίας.

2250 3032 2476 3103 Ἕτερον
2510 3034 2658 3098 ὄντα,
2688 3037 2846 3107 φησὶ,
2884 3040 2973 3094 τὸν
3010 3042 3136 3099 Υίὸν
3163 3048 3311 3118 παρὰ
3337 3051 3427 3105 τὸν
3451 3054 3752 3112 ἐνδιάθετον

487 3153 647 3202 terno
679 3144 771 3198 Dei
806 3144 994 3208 verbo,
1027 3159 1137 3198 non
1170 3152 1364 3199 nostro
1401 3161 1566 3200 sensu
1599 3160 1664 3200 eo
1697 3145 1942 3210 adducti,
1973 3146 2067 3201 sed

2172 3123 2267 3178 τοῦ
2297 3125 2434 3178 Θεοῦ
2461 3127 2632 3196 Λόγον
2655 3129 3003 3202 εὑρίσκομεν,
3037 3137 3098 3189 οὑ
3129 3143 3249 3204 ταῖς
3279 3143 3487 3198 ἑαυτῶν
3525 3147 3751 3213 ἐννοίαις

483 3237 684 3291 divinae
708 3235 1005 3304 Scripturae
1035 3235 1520 3292 observationibus
1549 3254 1562 3291 :
1593 3236 1726 3307 quid
1750 3235 1898 3291 enim
1921 3237 2070 3291 dice-

484 3343 607 3382 mus
637 3342 761 3381 cum
799 3325 997 3380 Filium
1043 3326 1112 3381 ad
1152 3326 1372 3382 Patrem
1413 3327 1685 3382 dicentem
1734 3328 2067 3383 audiemus:

485 3436 505 3470 ι
541 3418 798 3472 Claritica
840 3415 1038 3470 Filium
1089 3427 1282 3483 tuum;
1334 3435 1353 3468 ι
1389 3417 1608 3472 Patrem
1659 3432 1790 3472 vero
1834 3431 2070 3488 respon-

481 3510 722 3570 dentem,
753 3523 817 3560 ac
861 3508 1180 3563 dicentem:
1217 3527 1234 3559 ι
1274 3510 1340 3563 Ει
1365 3501 1667 3563 elariﬁcavi
1693 3549 1706 3572 ,
1763 3515 1818 3563 et
1863 3508 2066 3562 iterum

479 3602 794 3657 clariﬁcabo
827 3602 926 3655 ⁸⁷.»
965 3602 1044 3655 An
1075 3617 1185 3656 non
1237 3604 1397 3671 plane
1432 3600 1728 3656 fatebimur
1756 3598 1973 3655 Patrem
2011 3600 2067 3655 in

481 3697 646 3751 verbo
686 3693 1018 3765 respondere
1059 3691 1238 3749 Filio?
1264 3691 1554 3760 Quomodo
1595 3705 1728 3760 ergo
1776 3705 1885 3744 non
1917 3689 2063 3753 aliud

475 3797 557 3844 est
598 3803 626 3840 a
655 3786 820 3853 Filio,
853 3787 908 3841 id
942 3801 1041 3856 per
1071 3787 1218 3857 quod
1244 3786 1408 3840 Pater
1437 3783 1575 3838 Filio
1609 3782 1944 3854 respondet?

734 3961 907 4018 Varia:
936 3963 1227 4017 solutiones
1260 3961 1418 4016 istius
1451 3959 1780 4030 objectionis.

543 4055 952 4117 Admiratione,
1017 4056 1128 4109 imo
1170 4053 1655 4108 commiseratione
1708 4053 1861 4124 digni
1927 4062 2057 4110 sunt

469 4149 624 4217 impii
676 4147 940 4211 haeretici,
988 4146 1235 4216 illudque
1275 4143 1655 4214 preplieticum
1690 4145 1744 4198 in
1773 4145 1922 4215 ipsos
1963 4161 2055 4200 ca-

465 4237 546 4291 dit
571 4256 584 4291 :
619 4255 638 4289 ι
671 4237 846 4292 Nolite
869 4236 998 4291 ﬂere
1027 4245 1326 4297 mortuum,
1355 4249 1454 4290 nec
1483 4235 1697 4304 plorate
1723 4235 1907 4304 ipsum
1933 4235 2001 4290 ⁸³.
2027 4254 2046 4287 ι

468 4328 618 4385 Flete
651 4341 700 4384 et
731 4330 944 4399 plorate
977 4343 1102 4383 eum
1128 4326 1221 4397 qui
1267 4327 1397 4379 talia
1421 4327 1488 4380 de
1541 4325 1837 4395 Unigenito
1885 4327 2052 4381 sentit

466 4437 530 4474 ac
565 4421 720 4475 dicit.
755 4419 895 4486 Quid
927 4419 1074 4474 enim
1115 4425 1200 4474 est
1246 4418 1333 4473 his
1363 4418 1760 4483 miserabilius,
1809 4419 1854 4472 si
1905 4419 2047 4474 hanc

2171 3217 2250 3278 είς
2277 3215 2436 3269 τοῦτο
2461 3219 2847 3294 προσέχοντες,
2877 3225 3013 3280 ἀλλὰ
3040 3232 3153 3293 τοῖς
3178 3231 3286 3285 ἀπὸ
3309 3234 3408 3303 τῆς
3436 3236 3582 3301 θείας
3607 3240 3748 3310 Γρα-

2171 3307 2280 3401 ξρῇς
2313 3308 2674 3379 θεωρήμασι’
2727 3312 2780 3364 τί
2830 3315 2938 3384 γὰρ
2986 3319 3220 3390 ἐροῦμεν
3264 3325 3394 3378 ὅταν
3427 3307 3748 3401 ἀκούσωμεν

2168 3396 2419 3464 λέγοντος
2447 3401 2540 3454 τοῦ
2581 3405 2710 3459 Υίοῦ
2755 3406 2890 3474 πρὸς
2918 3408 3007 3462 τὸν
3034 3413 3270 3483 Πατέραο
3333 3434 3354 3468 ι
3388 3418 3621 3484 Δόξασόν
3649 3396 3749 3477 σου

2167 3487 2257 3580 τὸν
2289 3488 2416 3544 Υίόν
2442 3509 2455 3522 ·
2489 3509 2508 3543 ι
2541 3494 2636 3547 τοῦ
2658 3497 2716 3548 δὲ
2744 3499 2954 3570 Πατρὸς
2982 3497 3050 3554 αὖ
3093 3502 3254 3559 πάλιν
3287 3506 3743 3580 ἀποκρινομένου,

2167 3579 2261 3668 καὶ
2311 3580 2560 3650 λέγοντος
2583 3601 2600 3616 ⁶
2643 3590 2786 3642 «Καὶ
2818 3592 3046 3656 ἐδόξασα
3070 3631 3084 3656 ,
3120 3594 3215 3649 καὶ⁸
3248 3595 3409 3650 πάλιν
3436 3599 3644 3663 δοξάσω
3670 3619 3684 3668 ;
3719 3622 3738 3654 ι

2165 3665 2308 3742 ’Λρα
2342 3675 2464 3746 οὐχὶ
2515 3678 2733 3745 πάντως
2777 3683 2835 3736 ἐν
2863 3683 3023 3755 Λόγῳ
3067 3685 3311 3757 δώσομεν
3360 3665 3745 3760 ἀπολογεῖσθαι

2161 3766 2239 3836 τῷ
2273 3769 2382 3839 Υίῷ
2419 3769 2510 3825 τὸν
2538 3775 2794 3847 Πατέρα;
2841 3777 2966 3842 Πιῖις
2992 3773 3084 3834 οῦν
3114 3780 3217 3851 οὐχ
3255 3781 3441 3855 ἕτερος
3469 3787 3617 3858 παρὰ
3648 3788 3741 3844 τὸν

2167 3858 2293 3913 Υἱὸν
2327 3863 2356 3914 6
2385 3862 2451 3915 δι’
2481 3857 2542 3917 οῦ
2575 3867 2711 3936 πρὸς
2738 3869 2902 3923 αὐτὸν
2936 3873 2965 3923 6
3000 3872 3189 3944 Πατὴρ
3223 3857 3640 3946 ἀντιφθέγγεται
3672 3899 3686 3945 ;

2359 3957 2516 4022 Πρὸς
2539 3958 2716 4012 τοῦτο
2744 3961 2954 4028 λύσεις
2984 3963 3207 4033 ἐφεξῆς
3235 3966 3521 4037 διάφσροι.

2241 4045 2676 4119 ’Λποθαυμὰζειν
2709 4053 2858 4119 ἄξιον
2879 4093 2896 4118 ,
2946 4055 3145 4125 μᾶλλον
3173 4057 3229 4110 δὲ
3274 4060 3374 4131 ἥδη
3422 4063 3516 4114 καὶ
3543 4063 3734 4134 ὀλοφύ-

2160 4134 2350 4206 ρεσθαι
2381 4139 2508 4204 τοὺς
2544 4143 2796 4207 ἀνοσίους
2834 4147 3147 4216 αἱρετικοὺς
3169 4188 3184 4213 ,
3229 4151 3324 4204 καὶ
3354 4153 3416 4222 δὴ
3469 4153 3480 4225 |
3509 4154 3580 4208 al.
3613 4156 3731 4230 δεῖ]

2153 4230 2376 4282 κάκεῖνο
2406 4230 2584 4300 λέγειν
2625 4234 2712 4288 ἐπ’
2752 4235 2935 4302 αὐτοῖς
2979 4238 3040 4292 τὸ
3077 4241 3134 4292 ὲν
3172 4244 3422 4316 προφήτῃ
3467 4244 3732 4318 λαλούμε-

2152 4337 2278 4374 νον·
2335 4340 2354 4372 ι
2380 4323 2470 4394 Μὴ
2520 4325 2733 4380 κλαίετε
2789 4328 2879 4380 τὸν
2927 4329 3266 4401 τεθνηκότα,
3308 4335 3442 4405 μηδὲ
3483 4335 3729 4408 θρηνεῖτε

2149 4411 2332 4465 αὐτόν.
2374 4430 2396 4464 ι
2459 4413 2747 4471 Κλαύσατε
2798 4418 3061 4490 κλαυθμῷ
3096 4421 3188 4475 τὸν
3227 4423 3296 4477 τὰ
3339 4426 3560 4481 τοιαῦτα
3601 4433 3729 4499 περὶ

463 4527 588 4567 esse
648 4511 871 4581 proprie
923 4517 979 4564 et
1037 4524 1167 4563 vere
1225 4506 1407 4562 Patris
1460 4522 1651 4562 vocem
1703 4509 2040 4576 existiment,

2171 4503 2241 4556 τοῦ
2280 4505 2619 4574 Μονογενοῦς
2682 4512 2984 4581 φρονοῦντα
3046 4515 3142 4568 καὶ
3195 4516 3423 4585 λέγοντα
3451 4536 3466 4551 ·
3512 4521 3566 4574 τί
3620 4524 3724 4593 γάρ

461 4618 627 4673 qiuam
681 4617 790 4658 non
853 4601 1031 4656 solum
1087 4598 1367 4668 Salvator,
1401 4600 1494 4655 sed
1542 4609 1597 4655 et
1644 4600 1764 4670 ipsa
1801 4601 2044 4656 circum-

460 4695 721 4750 stantium
764 4692 1075 4749 Judteorum
1103 4692 1424 4757 multitudo,
1461 4691 1706 4762 adeoque
1737 4691 2041 4764 discipulo-

461 4801 580 4839 rum
642 4785 849 4840 chorus
879 4782 1098 4837 audiit?
1158 4781 1452 4836 Prazstaret
1515 4782 1660 4834 enim
1709 4797 1804 4837 eos
1871 4784 2033 4840 aliter

457 4877 526 4932 de
556 4877 759 4930 divinis
822 4872 1200 4944 prwrogativis
1261 4869 1621 4937 ratiocinari,
1675 4886 1854 4943 neque
1924 4888 2026 4927 no-

455 4969 587 5024 stris
619 4983 684 5022 ea
726 4967 1000 5035 subjicere
1041 4963 1293 5033 legibus,
1335 4978 1458 5034 quae
1515 4977 1681 5032 supra
1727 4977 1829 5018 nos
1881 4972 2033 5020 sunt.

453 5059 716 5129 Corporis
745 5058 886 5114 enim
920 5057 1166 5111 auditum
1205 5071 1467 5126 corporea
1499 5073 1600 5108 vox
1629 5054 1734 5127 41
1769 5056 1950 5126 pulsat
1980 5065 2035 5112 et

454 5151 722 5205 labiorum
794 5165 966 5204 sonus
1025 5165 1324 5220 erumpens
1369 5151 1432 5214 in
1491 5164 1706 5213 aerem,
1766 5158 1860 5202 aut
1923 5148 2032 5204 alio

451 5243 690 5314 quodam
746 5242 1116 5296 instrumento
1175 5241 1374 5297 editus.
1429 5239 1609 5295 Patris
1691 5250 1875 5295 autem
1930 5255 2027 5295 vo-

453 5335 715 5387 luntatem
761 5347 882 5401 quae
919 5331 974 5385 in
1027 5332 1258 5386 vocibus
1308 5329 1676 5386 inet'i'abilibus
1730 5331 1931 5386 leniter
1964 5346 2028 5386 ac

448 5421 596 5474 velut
627 5421 680 5474 iu
716 5431 896 5475 mente
929 5434 1211 5486 versatur,
1261 5422 1414 5476 solus
1441 5421 1596 5476 novit
1625 5420 1680 5473 in
1715 5419 1834 5491 ipso
1863 5430 2025 5477 natu-

450 5513 635 5567 raliter
675 5513 948 5570 exsistens
989 5513 1190 5580 Filius,
1250 5521 1439 5583 utpote
1489 5513 1758 5582 sapientia
1805 5511 1928 5582 ejus
1951 5515 2021 5570 ".

453 5603 594 5660 Voce
628 5621 753 5661 vero
776 5607 888 5661 ictu
918 5607 1060 5663 aeris
1087 5605 1428 5662 conformata
1452 5603 1681 5658 credere
1717 5602 1884 5658 Deum
1920 5605 2018 5668 uti,

546 5807 590 5840 ⁸⁷
618 5807 776 5865 Joan.
816 5825 913 5867 xu.
946 5812 1034 5866 28.

1145 5811 1192 5841 ⁸⁸
1221 5807 1330 5863 Jcr.
1366 5822 1498 5872 χιιι,
1535 5805 1627 5873 l0._
1681 5805 1763 5860 "l
1789 5807 1918 5866 Cor.
1952 5823 1990 5880 ι,
2022 5808 2112 5866 il.

2149 4594 2216 4649 ἂν
2245 4597 2456 4666 γένοιτο
2495 4600 2606 4654 τῶν
2645 4602 2899 4657 τοιούτων
2935 4603 3285 4673 ἀθλιώτερον,
3334 4607 3390 4660 εί
3415 4625 3478 4678 γε
3520 4612 3724 4681 κυρίως

2144 4705 2215 4742 τεε
2235 4691 2330 4744 καὶ
2363 4691 2579 4761 ἀληθῶς
2603 4693 2807 4763 ταύτην
2835 4689 2972 4748 εἶναι
3000 4697 3093 4749 τοῦ
3141 4699 3351 4770 Πατρὸς
3378 4702 3722 4758 ὑπετόπασαν

2141 4781 2239 4852 τὴν
2273 4782 2456 4853 φωνὴν
2481 4822 2494 4846 ,
2529 4777 2598 4853 ἦς
2629 4783 2692 4836 οὒ
2747 4785 2904 4853 μόνος
2935 4787 3242 4858 ἐπήκουσεν
3275 4793 3302 4845 ὁ
3327 4793 3518 4864 Σωτὴρ
3537 4833 3552 4857 ,
3583 4793 3723 4847 ἀλλὰ

2141 4873 2237 4926 καὶ
2267 4872 2404 4943 αὐτὴ
2429 4873 2538 4928 τῶν
2580 4873 2846 4928 Ἰουδαίων
2877 4877 2909 4946 ἡ
2939 4881 3283 4950 περιεστῶτα
3310 4882 3541 4954 πληθὺς,
3579 4885 3720 4955 μᾶλ-

2143 4962 2235 5015 λον
2278 4962 2335 5015 δὲ
2387 4963 2496 5016 τῶν
2545 4964 2717 5032 ἁγίων
2779 4967 3037 5040 μαθητῶν
3093 4972 3122 5024 6
3168 4971 3361 5043 χορός;
3415 4975 3560 5028 Ἔδει
3610 4977 3730 5048 γὰρ

2145 5053 2349 5123 μᾶλλον
2377 5053 2575 5117 αὐτοὺς
2596 5053 2664 5108 τὰ
2695 5055 2973 5128 θεοπρεπῆ
3004 5061 3368 5127 φαντάζεσθαι
3401 5063 3726 5136 πλεονεκτή-

2144 5161 2311 5215 ματα,
2346 5146 2442 5199 καὶ
2482 5146 2555 5217 μὴ
2583 5149 2695 5211 τοῖς
2723 5149 2843 5202 καθ’
2869 5152 3018 5221 ἡμᾶς
3044 5151 3230 5222 νόμοις
3259 5153 3488 5222 ὑπάγειν
3519 5158 3714 5226 πειρᾶ-

2140 5235 2266 5290 σθαι
2311 5235 2379 5290 τὰ
2414 5237 2553 5310 ὑπὲρ
2599 5241 2767 5311 ἡμᾶς.
2799 5241 2912 5313 Τὴν
2966 5243 3066 5314 μὲν
3095 5243 3204 5315 γὰρ
3243 5244 3496 5316 σώματος
3543 5249 3714 5320 ἀκοὴν

2138 5328 2426 5412 σωματικὴ
2487 5331 2860 5402 προσαράσσει
2899 5335 3086 5406 φωνὴ,
3135 5337 3228 5389 καὶ
3283 5338 3489 5401 κτύπος
3545 5342 3575 5393 6
3624 5341 3713 5393 διὰ

2135 5419 2358 5488 χειλέων
2399 5423 2479 5485 εἰς
2517 5422 2656 5494 ἀέρα
2691 5425 3018 5496 προκύψας,
3063 5427 3096 5498 ἢ
3153 5428 3241 5482 διά
3285 5445 3428 5493 τινος
3466 5431 3710 5502 μηχανῆς

2133 5513 2329 5585 ἑτέρας
2352 5517 2677 5587 ὲπινοηθείς.
2705 5517 2816 5588 Τὴν
2839 5519 2895 5572 δὲ
2919 5521 2976 5574 ὲν
2998 5520 3257 5592 ἀρρήτοις
3279 5525 3481 5592 φωναῖς
3501 5523 3708 5595 ἡρέμα,

2131 5606 2224 5659 καὶ
2263 5607 2420 5661 οἱονεὶ
2476 5610 2617 5662 κατὰ
2681 5609 2806 5663 νοῦν
2869 5613 3245 5684 στρεφομένην
3306 5615 3559 5686 βούλησ.ν
3611 5615 3705 5670 τοῦ
