4156 6490
401 241 478 298 73
1507 234 1575 291 IN
1606 234 1890 292 JOAN‘NIS
1931 234 2384 293 EVANGELIUM
2421 237 2550 293 LIB.
2582 237 2627 292 Ι.
3645 240 3713 298 74

395 355 660 428 Πατρὶς,
698 351 863 426 μόνος
905 346 1048 405 οἶδεν
1100 351 1160 405 tv
1189 349 1343 422 αύτῷ
1376 350 1625 420 φυσικῶς
1681 349 1948 422 ὑπάρχων
1978 351 2008 403 6

2115 349 2414 405 absurdum
2455 351 2616 421 plane
2652 360 2768 416 est,
2819 335 3095 426 siquidem
3145 361 3405 424 putamus
3440 371 3713 429 supremae

395 447 534 510 Υίὸς
558 443 638 508 ὡς
669 443 835 514 σοφία
873 441 1065 497 αὑτοῦ.
1089 442 1246 513 Φωνῇ
1277 441 1336 495 δὲ
1361 445 1427 513 τῇ
1455 441 1543 495 διὰ
1569 439 1778 494 κτύπου
1810 440 2011 512 κεχρῆ-

393 541 529 594 σθαι
584 538 680 592 τὸν
727 535 862 590 Θεὸν
915 533 1357 607 ύπολαμόάνειν,
1386 533 1669 600 παντελῶς
1717 534 2008 597 ἀπίθανον,

389 633 560 706 εἴπερ
595 629 825 701 οἰόμεθα
866 629 979 683 δεῖν
1005 627 1312 693 ἀποσώζειν
1354 630 1423 700 τῇ
1453 627 1594 700 ὑπὲρ
1625 627 1804 684 πάντα
1847 625 2009 696 φύσει

385 725 465 780 τὰ
501 724 650 796 ὑπὲρ
684 721 788 794 τὴν
820 721 1023 776 κτίσιν.
1066 721 1278 784 ’Δλλως
1308 738 1370 774 τε
1410 720 1504 775 καὶ
1541 719 1706 784 αὐτὸς
1743 721 1772 772 6
1803 719 2010 785 Κύριος

386 817 560 891 ἡμῶν
609 815 824 888 Ἰησοῦς
854 819 882 869 6
911 815 1147 886 Χριστὸς
1180 815 1283 868 οὐκ
1312 813 1420 885 ἔφη
1450 813 1622 886 αὐτὴν
1652 814 1836 884 φωνὴν
1870 808 2009 866 εἶναι

383 911 490 966 τοῦ
538 908 682 966 Θεοῦ
753 910 850 963 καὶ
907 908 1159 980 Πατρὸς,
1202 908 1319 962 ἀλλ’
1351 904 1474 962 οὐδὲ
1512 906 1612 977 τῆς
1656 908 1790 978 παρ’
1819 905 2008 977 ἑτέρου

385 1003 658 1075 δεόμενον
701 1001 1008 1074 ἑρμηνείας
1066 1000 1204 1072 πρὸς
1257 1000 1319 1054 τὸ
1365 999 1630 1054 δύνασθαι
1679 998 1872 1068 μαθεῖν
1908 997 2010 1069 τὴν

393 1096 494 1151 τοῦ
527 1096 752 1168 Πατρός
789 1093 1052 1166 βούλησιν
1078 1093 1272 1147 ἑαυτὸν
1305 1092 1640 1147 ἐπιδεικνύει
1671 1092 1867 1161 λέγων·
1901 1091 2005 1144 (ού

392 1189 464 1242 δι’
499 1187 605 1260 ἐμὲ
651 1187 685 1258 η
723 1186 880 1257 φωνὴ
911 1185 1052 1257 α’ύτη
1076 1183 1294 1254 γέγονε,
1323 1183 1461 1238 ἀλλὰ
1485 1184 1551 1236 δι’
1583 1182 1730 1254 ὑμᾶς
1758 1197 1770 1211 ·
1811 1201 1828 1234 ι
1869 1181 2010 1252 χρῆν

386 1281 450 1336 δέ
472 1297 565 1351 γε,
601 1274 648 1335 ὧ
680 1279 979 1350 βέλτιστοι,
1015 1276 1218 1348 μᾶλλον
1273 1277 1484 1339 εἰπεῖν,
1535 1275 1589 1329 εἴ
1633 1292 1694 1344 γε
1719 1273 1902 1339 καλῶς
1939 1272 2008 1326 τὰ

386 1370 632 1424 τοιαῦτα
660 1369 790 1442 περὶ
822 1368 960 1421 Θεοῦ
994 1367 1248 1434 δοξάζετε
1270 1386 1284 1400 ·
1327 1388 1346 1420 ‹
1385 1365 1688 1420 Ἠκούσατε
1723 1367 1840 1437 μετ’
1869 1363 2007 1434 ἐμοῦ

387 1465 502 1535 τῆς
531 1464 718 1534 φωνῆς
742 1462 834 1516 τοῦ
873 1463 1086 1532 Πατρός
1112 1479 1125 1490 ·
1153 1482 1171 1514 ι
1205 1461 1325 1515 νυνὶ
1349 1461 1403 1514 δὲ
1434 1462 1514 1522 εἰς
1549 1461 1658 1513 πᾶν
1697 1459 2009 1513 τούναντίον

389 1555 741 1627 περιτρέψας
771 1555 831 1608 τὸ
859 1555 1196 1626 δηλούμενον
1221 1595 1236 1617 ,
1271 1552 1398 1605 οὔτε
1448 1555 1636 1624 φωνῆς
1679 1550 1872 1604 ἑαυτὸν
1916 1550 2007 1604 δε-

387 1647 632 1719 δεῆσθαι
666 1647 1095 1719 προσομολογεῖ,
1127 1644 1460 1717 γεγενῆσθαι
1495 1644 1552 1698 δὲ
1610 1643 1810 1714 μᾶλλον
1845 1642 2008 1696 αὐτὸν

2110 440 2362 493 omnium
2405 449 2618 496 natura:
2657 456 2722 497 ea
2753 443 3022 498 servanda
3063 458 3188 499 esse
3224 460 3346 514 quas
3382 457 3512 501 sunt
3545 463 3711 518 supra

2113 541 2452 590 creaturam.
2491 535 2752 604 Alioquin
2805 535 2922 606 ipse
2954 551 3177 606 quoque
3222 534 3489 594 Dominus
3524 549 3715 595 uoster

2108 623 2273 682 Jcsus
2298 623 2557 680 Christus
2602 642 2710 681 non
2742 627 2880 682 dixit
2916 628 3092 698 ipsam
3130 643 3319 683 vocem
3351 645 3477 686 esse
3522 629 3616 686 Dei
3647 646 3712 685 ac

2111 715 2318 782 Patris,
2352 719 2448 772 sed
2483 733 2660 788 neque
2685 720 2913 774 alterius
2947 721 3400 793 interpretatione
3431 723 3536 778 sibi
3569 739 3712 796 Opus

2108 826 2234 866 esse
2281 809 2348 866 ad
2403 810 2813 882 percipiendam
2852 811 3034 870 l’atris
3073 816 3406 872 voluntatem
3443 819 3711 883 ostendit,

2109 903 2300 978 dicens
2331 921 2342 957 :
2384 921 2402 953 ι
2436 901 2556 958 Non
2591 913 2814 976 propter
2846 922 2931 962 me
2958 907 3074 962 hanc
3108 924 3208 962 vox
3251 909 3420 976 venit,
3455 910 3551 965 sed
3585 926 3714 980 pro-

2111 1005 2234 1066 pter
2266 1012 2367 1052 vos
2389 998 2456 1051 ".
2486 1017 2504 1049 ι
2529 997 2721 1053 Dicere
2755 999 2960 1070 quippe
2989 999 3214 1055 deberet
3242 1003 3455 1070 potius,
3495 1021 3530 1057 υ
3557 1003 3711 1065 boni.

2111 1087 2158 1143 si
2189 1097 2339 1144 recta
2370 1098 2455 1145 est
2489 1090 2580 1144 illa
2611 1100 2794 1146 vestra
2831 1093 2898 1147 de
2922 1091 3031 1147 Deo
3061 1095 3336 1148 sententia
3364 1111 3376 1146 τ
3407 1110 3428 1147 ε
3459 1095 3712 1151 Audistis

2110 1195 2325 1236 mecum
2374 1197 2567 1237 vocem
2607 1181 2822 1251 Patris;
2864 1204 2882 1237 ι
2940 1201 3088 1240 ηιιηε
3134 1197 3315 1241 autem
3369 1189 3710 1244 contrarium

2110 1273 2274 1344 plane
2297 1273 2642 1346 signiﬁcans,
2675 1293 2853 1347 neque
2885 1278 2990 1333 sibi
3019 1294 3159 1349 opus
3191 1279 3362 1336 fuisse
3389 1295 3522 1335 voce
3542 1289 3714 1336 testa-

2110 1376 2240 1436 tur,
2275 1369 2373 1424 sed
2401 1384 2520 1424 eam
2552 1371 2737 1441 potius
2780 1379 3003 1444 propter
3035 1373 3159 1430 illos
3197 1374 3398 1429 factam
3431 1391 3555 1431 esse
3577 1391 3712 1430 cou-

2113 1461 2331 1530 ﬁrmat,
2390 1480 2501 1519 non
2532 1465 2801 1536 prolatam
2859 1469 3029 1522 fuisse
3064 1483 3094 1522 a
3127 1467 3321 1537 Patre,
3379 1467 3477 1524 sed
3513 1468 3715 1523 fati-tam

2109 1569 2235 1611 esse
2265 1557 2432 1610 etiam
2471 1567 2697 1628 propter
2729 1558 2872 1615 illos.
2931 1559 3088 1625 Quod
3112 1560 3156 1615 si
3181 1562 3368 1616 omnia
3405 1577 3502 1632 per
3533 1561 3716 1632 ipsum

2110 1658 2373 1718 operatur
2393 1647 2538 1704 Deus
2577 1665 2640 1704 ac
2666 1649 2830 1705 Pater
2851 1651 2919 1717 ³⁸,
2960 1667 3056 1724 ρει·
3084 1651 3264 1724 ipsum
3301 1653 3516 1724 utique,
3549 1655 3714 1708 etiam

385 1714 522 1814 [τά.
557 1714 768 1813 αὐτὴν]
800 1714 868 1792 δι’
924 1714 1171 1804 ἐκείνους
1204 1714 1636 1811 διισχυρίζεται,
1684 1737 1784 1788 ούκ
1837 1737 2006 1789 ἐκπε-

2115 1740 2263 1796 istud
2297 1739 2504 1796 factum
2541 1749 2663 1808 est,
2700 1743 2812 1799 imo
2842 1759 2975 1797 vero
3005 1745 3123 1815 ipse
3153 1761 3255 1799 vox
3287 1753 3440 1812 erat,
3466 1757 3574 1800 non
3609 1745 3715 1798 sibi

386 1832 686 1902 φωνῆσθαι
716 1833 872 1906 παρὰ
919 1832 1015 1886 τοῦ
1061 1831 1278 1902 Πατρός
1301 1873 1316 1896 ,
1343 1831 1479 1884 ἀλλὰ
1518 1829 1774 1899 γενέσθαι
1814 1831 1908 1882 καὶ
1938 1829 2008 1882 δι’

388 1926 662 1990 ἐκείνους.
699 1927 814 1980 Καὶ
849 1927 898 1979 εἰ
933 1925 1111 1979 πάντα
1142 1926 1211 1978 δι’
1238 1923 1405 1978 αὑτοῦ
1434 1925 1462 1977 6
1487 1924 1622 1988 Θεὸς
1667 1925 1762 1976 καὶ
1812 1925 2006 1995 Πατὴρ

2113 1833 2382 1906 genitoris
2416 1834 2756 1890 voluntatem
2785 1836 3040 1906 aperiens
3076 1837 3279 1908 (norat
3312 1839 3459 1894 enim
3488 1853 3597 1908 qua
3629 1835 3718 1890 Fi-

2113 1925 2270 1996 lius),
2294 1926 2390 1982 sed
2419 1928 2901 1982 circumstantium
2932 1929 3164 1986 auribus
3186 1971 3202 1995 ,
3238 1940 3297 1985 ut
3329 1931 3642 1986 crederent.

394 2019 718 2090 ὲργάζεται,
743 2019 812 2072 δι’
844 2017 1011 2072 αὑτοῦ
1041 2016 1106 2088 δὴ
1139 2018 1360 2082 πάντως
1393 2017 1691 2082 καὶτοῦτο,
1721 2016 1921 2091 μᾶλλον
1944 2016 2002 2070 δὲ
2042 2018 2209 2082 αὐτὸς
2240 2015 2308 2090 ἦν
2347 2021 2380 2090 ἡ
2429 2019 2583 2091 φωνὴ
2609 2061 2622 2085 ,
2691 2021 2791 2094 οὑχ
2836 2021 3016 2094 ἐαυτῷ
3058 2021 3156 2094 τὴν
3192 2022 3288 2077 τοῦ
3354 2025 3718 2097 γεννήσαντος

391 2111 723 2184 ἑρμηνεύων
753 2112 1028 2167 διάθεσινο
1073 2111 1188 2182 ᾔδει
1240 2111 1348 2184 γὰρ
1394 2110 1471 2175 ὡς
1512 2111 1640 2175 Υἱός
1667 2128 1681 2140 ’
1713 2110 1852 2162 ἀλλὰ
1883 2113 2004 2175 ταῖς
2044 2110 2153 2165 τῶν
2181 2110 2568 2184 περιεστώτων
2599 2113 2826 2179 ἀκοαῖς,
2860 2114 2948 2168 ἴνα
2999 2114 3389 2171 πιστεύσωσιν.

459 2209 678 2260 AAAO.
729 2207 795 2261 Εί
833 2205 1009 2272 Λόγου
1053 2206 1203 2268 τινὸς
1256 2203 1504 2274 ἐμφύτου
1539 2202 1824 2274 δεδεῆσθαι
1873 2220 2008 2272 φασι

384 2299 486 2352 τὸν
515 2298 647 2350 Υἱδν
673 2339 688 2364 ,
723 2297 814 2351 ῖνα
863 2297 1190 2367 διδάσκηται
1221 2297 1351 2368 παρ’
1404 2294 1570 2350 αὑτοῦ
1611 2297 1710 2367 τὴν
1749 2294 2009 2367 βούλησιν

382 2391 488 2445 τοῦ
512 2389 653 2443 Θεοῦ
687 2389 784 2444 καὶ⁵
817 2389 1033 2460 Πατρός
1053 2405 1070 2422 ο
1105 2391 1198 2443 ποῖ
1229 2405 1360 2443 ποτε
1412 2389 1519 2462 ἄρα
1551 2391 1796 2462 χωρήσει
1833 2389 2010 2461 λέγων

381 2486 417 2538 ὁ
443 2484 687 2547 Παῦλος,
729 2501 748 2534 ι
781 2481 1020 2554 Χριστὸς
1051 2482 1189 2542 Θεοῦ
1213 2481 1468 2553 δύναμις,
1499 2484 1594 2536 καὶ
1609 2481 1747 2536 Θεοῦ
1785 2481 2003 2552 σοφία;ι

386 2577 522 2642 Πῶς
557 2576 672 2648 γάρ
715 2577 834 2628 ἐστι
871 2574 1036 2644 σοφία
1067 2573 1162 2628 τοῦ
1205 2575 1419 2644 Πατρὸς
1469 2575 1498 2627 6
1528 2574 1654 2640 Υἱὸς
1678 2616 1693 2641 ,
1733 2576 1782 2628 εί
1820 2572 2016 2646 σοφίας

386 2671 666 2741 ὑπάρχων
702 2668 951 2739 ἐπιδεὴς,
992 2667 1054 2720 τὸ
1077 2667 1282 2721 τέλειον
1313 2669 1444 2738 παρ’
1475 2667 1666 2739 ἑτέρου
1699 2665 2010 2737 κομίζεται,

385 2763 480 2824 διὰ
524 2761 623 2817 τοῦ
652 2761 996 2834 μανθάνειν,
1033 2760 1178 2833 άπερ
1231 2761 1333 2814 οὐκ
1378 2755 1485 2814 οἶδε
1515 2760 1753 2832 δηλαδή;
1792 2762 1863 2816 Ἢ
1895 2760 2013 2824 πῶς

394 2859 506 2914 οὐκ
549 2856 772 2926 ἀνάγκη
799 2854 1018 2923 λέγειν,
1050 2853 1154 2906 οὐκ
1195 2848 1336 2906 εἶναι
1366 2852 1579 2906 τελείαν
1621 2853 1682 2906 ὲν
1724 2853 1803 2924 τῷ
1834 2851 2013 2925 Πατρὶ

388 2952 498 3024 τὴν
531 2950 731 3019 σοφίαν
760 2947 962 3016 αὑτοῦ;
997 2947 1108 3002 Καὶ
1149 2948 1198 2999 εί
1232 2946 1398 3016 σοφία
1433 2945 1529 3000 τοῦ
1560 2947 1776 3020 Πατρός
1802 2947 1951 3000 ἐστιν
1978 2949 2008 3001 6

382 3043 560 3109 Υἱὸς,
586 3041 707 3105 πῶς
739 3041 807 3095 ἂν
844 3040 1011 3109 ἑτέρα
1043 3041 1218 3094 νοοῖτο
1265 3038 1398 3110 παρ’
1429 3039 1594 3092 αὐτὸν
1631 3040 1666 3109 ή
1705 3037 1961 3110 βούλησις
1990 3054 2006 3104 ;

2187 2203 2419 2259 ALlUD.
2465 2205 2521 2261 Si
2556 2203 2736 2262 Verbo
2772 2207 3010 2278 quodam
3045 2209 3211 2264 insito
3241 2209 3487 2282 indigere
3515 2210 3714 2266 Filium

2115 2307 2413 2364 asserunt,
2463 2308 2522 2352 ut
2552 2300 2621 2354 ab
2653 2300 2775 2371 ipso
2807 2301 3142 2355 voluntatem
3182 2300 3276 2358 Dei
3317 2318 3380 2356 ac
3410 2302 3590 2359 Patris
3615 2305 3717 2360 do-

2115 2401 2343 2459 ceatur,
2411 2409 2652 2464 quonam
2703 2393 2926 2449 demum
2976 2393 3175 2450 evadet
3220 2393 3426 2451 Paulus
3478 2397 3714 2461 dicens,

2121 2497 2143 2536 ι
2163 2481 2445 2542 Christum
2470 2502 2594 2542 esse
2617 2483 2710 2541 Dei
2744 2487 3001 2542 virtutem
3027 2493 3082 2542 et
3101 2486 3192 2542 Dei
3222 2487 3554 2558 sapientiam
3578 2489 3668 2545 "3
3692 2510 3710 2542 ι

2115 2576 2406 2648 Quomodo
2445 2580 2592 2634 enim
2619 2587 2705 2634 est
2745 2577 3019 2648 sapientia
3065 2577 3248 2634 Patris
3286 2578 3495 2642 Filius.
3550 2580 3596 2635 si
3629 2595 3719 2635 sa-

2115 2670 2336 2744 pientiae
2369 2687 2569 2743 expers
2595 2670 2985 2742 perfectionem
3014 2673 3219 2743 accipit
3260 2673 3330 2728 ab
3363 2673 3472 2730 alio
3495 2715 3510 2740 ,
3539 2690 3604 2731 ea
3633 2674 3718 2731 di-

2113 2766 2342 2831 scendo,
2379 2766 2675 2831 nimirum,
2728 2782 2854 2838 qua:
2900 2781 3008 2822 non
3059 2765 3253 2821 novit?
3301 2775 3396 2822 aut
3439 2769 3719 2839 quomodo

2115 2860 2438 2918 necessario
2459 2859 2755 2917 dicendum
2783 2875 2892 2915 non
2915 2870 3023 2923 est,
3048 2860 3374 2930 sapientiam
3397 2859 3578 2918 Patris
3606 2877 3718 2918 non

2114 2964 2239 3006 esse
2269 2950 2324 3004 iu
2353 2948 2515 3006 Patre
2537 2948 3015 3021 perfectamUam
3048 2951 3092 3007 si
3123 2951 3305 3007 Patris
3342 2952 3612 3023 sapientia
3632 2960 3720 3008 est

2116 3039 2321 3106 Filius,
2371 3043 2650 3112 quomodo
2683 3043 2790 3096 alia
2820 3043 3142 3099 censebitur
3173 3044 3429 3100 voluntas
3460 3045 3530 3101 ab
3557 3045 3722 3116 ipso?

376 3135 520 3208 ὥρα
561 3134 674 3206 γὰρ
695 3132 878 3202 λέγειν
904 3133 979 3204 μὴ
1004 3133 1062 3186 ὲν
1098 3131 1265 3202 σοφίᾳ
1302 3131 1576 3185 τελεῖσθαι
1607 3131 1709 3201 τὴν
1749 3129 2009 3203 βούλησιν

2117 3133 2380 3206 Sequitur
2419 3136 2570 3191 enim
2601 3135 2899 3191 dicendum
2952 3152 3061 3190 non
3116 3136 3172 3192 in
3211 3137 3483 3207 sapientia
3526 3138 3716 3208 perlici

377 3221 493 3282 τοῦ
537 3226 676 3280 Θεοῦ
705 3227 802 3279 καὶ
837 3224 1076 3292 Πατρός.
1117 3223 1280 3278 Ἀλλὰ
1323 3222 1493 3296 πολλή
1537 3224 1622 3288 τίς
1667 3225 1815 3279 ἐστιν
1866 3225 1900 3295 ἡ
1950 3224 2008 3277 ὲν

379 3320 615 3384 τούτοις
643 3317 894 3381 ἀσέϐεια,
933 3318 1031 3380 καὶ
1061 3317 1406 3387 πανταχόθεν
1433 3319 1462 3371 6
1509 3315 1671 3385 λόγος
1712 3314 1775 3369 τὸ
1800 3314 2009 3386 δύσφη-

385 3431 500 3486 μον
530 3413 668 3484 ἔχει.
697 3413 813 3465 υύκ
857 3411 968 3478 ἄρα
1009 3410 1113 3480 τῆς
1147 3412 1280 3482 παρ’
1305 3410 1498 3483 ἑτέρου
1542 3408 1846 3482 μαθητεὶας
1875 3409 2007 3480 μέτ-

379 3525 522 3579 οχος
552 3504 634 3559 ὢν
657 3507 688 3559 6
721 3505 853 3569 Υἱὸς
880 3503 991 3560 οἶδε
1019 3505 1090 3559 τὰ
1125 3505 1183 3557 ὲν
1214 3502 1295 3575 τῷ
1327 3503 1443 3574 ίδίῳ
1465 3503 1642 3573 Πατρὶ
1665 3543 1680 3564 ,
1709 3501 1825 3554 ἀλλ’
1847 3501 2010 3566 αὐτὸς

389 3598 475 3654 ὢν
515 3600 545 3652 6
576 3599 789 3667 Λόγος,
834 3599 928 3652 καὶ
957 3597 990 3668 ἠ
1021 3595 1208 3665 σοφία,
1249 3593 1345 3648 καὶ
1383 3595 1418 3666 ὴ
1449 3592 1726 3664 βούλησις,
1769 3612 1788 3644 ‹
1821 3592 2010 3648 Πάντα

392 3693 626 3764 ἐρευνᾷ,
654 3693 748 3746 καὶ
784 3691 853 3744 τὰ
872 3689 1012 3761 βάθη
1037 3688 1133 3742 τοῦ
1163 3687 1322 3754 Θεοῦ,
1348 3707 1367 3740 ι
1397 3685 1542 3742 καθά
1561 3685 1874 3758 γέγραπταί
1905 3702 2007 3742 που

388 3788 494 3842 καὶ
522 3783 776 3858 περὶτοῦ
807 3784 1150 3854 Πνεύματος.

463 3877 683 3934 ΑΔΛΟ.
729 3876 820 3940 Ὠς
853 3875 1080 3941 εἰκόνα,
1130 3874 1228 3928 καὶ
1273 3872 1603 3944 χαρακτῆρα
1652 3868 1748 3926 τοῦ
1792 3869 2010 3940 Πατρὸς

385 3970 830 4044 ἀπαράλλακτον
884 3968 1234 4038 εἰσφέρουσιν
1273 3967 1406 4037 ἡμῖν
1457 3965 1552 4020 τὸν
1603 3964 1730 4019 Υἱὸν
1778 3964 1836 4018 αἱ
1868 3962 2010 4020 θεῖαι

390 4059 624 4134 Γραφαί
652 4077 666 4090 ⁸
701 4059 796 4114 καὶ
847 4057 1014 4121 αὐτὸς
1065 4057 1123 4110 δέ
1165 4055 1272 4110 πού
1331 4073 1501 4126 φησιν
1552 4056 1582 4110 6
1625 4055 1851 4127 Σωτήρο
1897 4073 1916 4104 ι
1951 4053 2010 4108 '0

396 4152 676 4226 ἑωρακὼς
725 4151 825 4224 ἐμὲ
845 4192 860 4216 ,
913 4151 1130 4222 ἑώρακε
1182 4149 1275 4204 τὸν
1326 4148 1568 4222 Πατέρα.
1597 4167 1615 4201 ι
1665 4148 1804 4206 Ἀλλ’
1851 4147 2012 4218 εἴπερ

389 4245 544 4320 ἔχων
573 4245 750 4308 οὕτως
779 4243 1101 4315 ὁμοιότητος
1127 4243 1262 4314 πρὸς
1287 4242 1453 4296 αὐτὸν
1489 4243 1590 4302 οὐκ
1614 4237 1756 4298 οἶδεν
1791 4240 1852 4308 ἐξ
1884 4242 2011 4296 ἑαυ-

388 4337 493 4392 τοῦ
543 4336 614 4389 τὰ
660 4337 718 4388 ὲν
762 4331 914 4404 αύτῷ
934 4377 946 4399 ,
1002 4333 1176 4386 δεῖται
1208 4332 1266 4386 δὲ
1296 4331 1486 4402 ὥσπερ
1513 4330 1624 4384 τῶν
1658 4332 1790 4403 παρ’
1821 4330 2009 4402 ἐτέρου

387 4431 768 4502 διηγημάτων
794 4427 876 4494 εἰς
901 4429 960 4483 τὸ
991 4427 1188 4496 μαθεῖν
1211 4443 1224 4455 ·
1255 4425 1375 4497 ὥρα
1403 4426 1499 4479 καὶ
1523 4425 1688 4478 αὑτὸν
1720 4425 1778 4478 ὲν
1800 4423 2012 4488 τούτοις

2118 3229 2460 3296 voluntatem
2496 3229 2594 3285 Dei
2624 3245 2689 3286 ac
2713 3229 2890 3286 Patris
2925 3248 2938 3284 :
2973 3245 3096 3301 qua:
3139 3244 3394 3302 magnam
3430 3239 3582 3287 certe
3615 3231 3720 3288 im-

2117 3321 2380 3391 pietatem
2428 3323 2577 3377 omni
2615 3339 2682 3378 cx
2721 3330 2877 3394 parte
2910 3323 3222 3388 continent,
3255 3313 3422 3394 atque
3461 3324 3720 3397 blasphe-

2117 3415 2309 3470 miam.
2363 3413 2484 3471 Non
2525 3431 2658 3486 ergo
2701 3415 2769 3470 al)
2801 3416 2910 3471 alio
2948 3416 3181 3473 edoctus
3231 3415 3412 3472 Patris
3464 3418 3717 3472 volunta—

2119 3515 2228 3576 tem
2253 3508 2406 3564 novit
2437 3506 2612 3566 Filius
2632 3549 2647 3572 ,
2680 3509 2777 3566 sed
2805 3509 2922 3580 ipse
2948 3525 3072 3565 cum
3107 3510 3179 3565 sit
3201 3508 3467 3573 Verbum,
3499 3511 3720 3582 sapien-

2118 3601 2194 3654 tia
2219 3608 2274 3655 et
2289 3601 2568 3668 voluntas,
2599 3621 2617 3652 ε
2640 3602 2825 3657 omnia
2851 3608 3238 3673 perscrutatur
3255 3606 3419 3657 etiam
3443 3602 3718 3673 profunda

2119 3691 2272 3760 Dei,»
2295 3693 2460 3760 sicuti
2487 3695 2758 3766 scriptum
2785 3702 2869 3750 est
2895 3695 3097 3751 alicubi
3114 3695 3176 3729 ”'
3205 3695 3372 3751 etiam
3397 3693 3468 3752 de
3485 3693 3716 3766 Spiritu.

2189 3872 2426 3930 ALIUD.
2468 3873 2757 3945 Tanquam
2795 3876 3092 3946 imaginem
3123 3883 3178 3932 et
3206 3876 3585 3934 characterem
3617 3876 3720 3932 Pa-

2118 3967 2221 4022 tris
2253 3981 2350 4036 per
2388 3968 2575 4022 omnia
2629 3967 2866 4024 similem
2921 3968 3123 4024 divinat
3169 3967 3470 4040 Scriptura:
3517 3969 3716 4024 Filium

2118 4061 2280 4117 nobis
2315 4059 2606 4115 inducunt.
2637 4057 2843 4129 Ebipse
2868 4059 3069 4115 alicubi
3093 4058 3380 4115 Salvator:
3411 4079 3430 4112 ‹
3455 4060 3560 4128 Qui
3581 4062 3720 4116 vidit

2118 4168 2230 4220 me,
2254 4151 2392 4212 vidit
2419 4149 2716 4218 eLPatrem
2739 4149 2808 4204 “.
2836 4171 2856 4203 ι
2909 4153 2982 4212 At
3007 4151 3054 4206 si
3094 4159 3301 4222 tantam
3339 4152 3550 4227 habens
3588 4169 3715 4207 eum

2121 4245 2239 4316 ipso
2289 4244 2709 4310 similitudinem
2757 4261 2826 4308 ex
2863 4245 3048 4315 seipse
3082 4259 3192 4308 non
3240 4245 3393 4300 novit
3427 4261 3550 4316 quae
3586 4255 3718 4302 sunt

2123 4335 2321 4404 Patris,
2367 4336 2466 4404 sed.
2507 4337 2576 4402 ad
2609 4353 2673 4403 ea
2704 4337 3088 4409 cognoscenda
3133 4336 3364 4410 alterius
3398 4337 3717 4410 interpretis

2123 4429 2533 4500 quodammodo
2561 4429 2769 4501 indiget
2796 4445 2996 4502 opera,
3020 4428 3132 4503 ιε
3163 4439 3598 4488 consentaneum
3634 4441 3721 4488 est

389 4518 543 4578 εῖναι
575 4523 670 4578 τὸν
702 4521 926 4593 Πατέρα
959 4519 1226 4600 νομίζειν.
1263 4518 1437 4589 Εῖπερ
1466 4517 1616 4570 ἱστὶν
1645 4517 1704 4570 ὲν
1729 4515 2009 4588 ὁμοιότητι

2117 4523 2358 4594 idipsutn
2385 4538 2607 4602 quoque
2630 4523 2698 4579 de
2715 4522 2878 4590 Patre
2896 4523 3122 4593 sentire.
3153 4523 3375 4596 Sienim
3401 4525 3718 4580 similitudi-

388 4620 464 4690 τῇ
500 4616 646 4688 πρὸς
679 4615 772 4668 τὸν
793 4614 944 4678 Υίὸν,
980 4612 1234 4685 δεήσεται
1256 4611 1313 4665 δὲ
1348 4611 1441 4666 καὶ
1463 4609 1626 4673 αὐτὸς
1656 4608 1751 4662 τοῦ
1781 4609 2011 4682 διερμη-

391 4709 659 4772 νεύοντος
692 4707 763 4762 τὰ
795 4709 855 4762 ὲν
896 4706 977 4778 τῷ
1014 4707 1320 4778 γεννήματι
1357 4703 1497 4769 κατὰ
1547 4703 1609 4756 τὸ
1636 4701 1842 4773 ἀφανὲς
1891 4699 2008 4755 κεί-

402 4818 576 4874 μενα.
615 4800 727 4856 Καὶ
756 4800 981 4870 γέγονεν
1009 4802 1142 4870 ἡμῖν
1182 4799 1319 4871 πρὸς
1350 4802 1463 4864 τοῖς
1496 4795 1747 4859 ἐντεῦθεν
1785 4796 2012 4860 ἀτόποις

397 4896 438 4966 ἡ
485 4892 614 4947 θεία
647 4890 845 4962 φύσις,
878 4891 972 4945 καὶ⁵
1017 4891 1245 4960 ἀγνοίας
1300 4889 1546 4962 δεκτική.
1594 4888 1815 4961 Ἐπειδὴ
1861 4887 1917 4942 δὲ
1950 4886 2012 4942 τὸ

387 4987 552 5042 οὕτω
590 4988 812 5058 φρονεῖν
862 4985 1061 5049 ἀσεϐὲς
1087 5024 1102 5048 ,
1144 4986 1426 5058 χωρητέον
1461 4986 1552 5037 ἐπὶ
1603 4983 1673 5051 τὰ
1728 4980 2008 5055 πρεπωδέ-

390 5095 622 5152 στερα·
679 5077 840 5132 τοῦτο
887 5079 998 5152 γάρ
1041 5077 1104 5131 τὸ
1147 5077 1429 5149 συμφέρον
1479 5076 1675 5148 ὁρᾶται
1736 5075 1832 5139 καὶ
1875 5073 2013 5146 χρή-

392 5191 596 5245 σιμον.

475 5265 692 5321 ΑΛΛΟ.
730 5285 747 5317 ι
778 5263 995 5328 Πάντα,
1051 5282 1070 5316 ι
1117 5263 1284 5334 φησὶν
1308 5264 1336 5316 ὁ
1366 5261 1639 5334 μακάριος
1674 5259 1888 5323 Παῦλος
1909 5300 1924 5325 ,
1953 5258 2016 5313 τὸ

390 5357 640 5428 Πνεῦμα
679 5375 695 5408 ι
728 5358 928 5429 ἐρευνᾷ
958 5398 972 5423 ,
1003 5356 1098 5410 καὶ
1137 5356 1206 5410 τά
1245 5355 1386 5428 βάθη
1405 5355 1502 5411 τοῦ
1532 5354 1690 5422 Θεοῦ.
1724 5373 1742 5406 ι
1785 5354 1928 5426 Πρὸς
1952 5352 2008 5406 δέ

399 5469 463 5526 τε
485 5451 671 5520 τούτῳ
691 5467 705 5481 ·
759 5467 777 5501 t
806 5449 900 5513 Τίς
933 5449 1044 5520 γὰρ
1077 5447 1218 5503 οἶδεν
1251 5447 1556 5520 ἀνθρώπων
1576 5448 1646 5502 τὰ
1673 5447 1766 5500 τοῦ
1793 5444 2010 5518 ἀνθρώ-

388 5560 507 5598 που
532 5583 552 5611 ,
585 5543 637 5595 εί
676 5539 754 5614 μὴ
782 5539 846 5594 τὸ
889 5540 1108 5613 πνεῦμα
1150 5539 1244 5594 τοῦ
1286 5539 1580 5612 ἀνθρώπου
1622 5538 1684 5591 τὸ
1722 5539 1780 5591 ὲν
1821 5535 2008 5608 αὺτῷ;

2118 4631 2241 4680 nem
2267 4615 2431 4682 habet
2458 4631 2588 4682 cum
2620 4613 2781 4684 Filio,
2809 4615 2926 4686 ipse
2949 4630 3168 4688 quoque
3207 4629 3348 4690 opus
3379 4614 3604 4671 habebit
3637 4615 3720 4670 in-

2117 4711 2391 4775 terprete,
2429 4720 2524 4774 per
2557 4719 2720 4775 quem
2757 4719 2822 4777 ea
2855 4704 3037 4778 discat
3071 4720 3194 4776 quae
3228 4706 3464 4760 obseura
3500 4714 3630 4760 sunt
3663 4707 3716 4760 in

2117 4793 2258 4851 Filio
2292 4813 2304 4850 :
2343 4795 2596 4866 adeoque
2629 4805 2828 4864 praeter
2863 4793 3237 4852 absurditates
3264 4811 3388 4865 quae
3423 4795 3550 4849 hinc
3581 4809 3719 4850 con-

2119 4897 2448 4960 sequuntur,
2482 4888 2537 4942 in
2571 4886 2814 4942 divinam
2851 4887 3017 4941 etiam
3048 4893 3304 4958 naturam
3355 4885 3503 4940 cadit
3557 4886 3717 4949 igneo

2117 4983 2283 5038 ratio.
2314 4982 2470 5049 Quod
2503 4981 2710 5046 sentire
2750 4996 2874 5034 cum
2912 4980 2982 5034 sit
3011 4979 3272 5050 itnpium,
3305 4979 3374 5034 ad
3408 4980 3719 5035 doctrinam

2119 5075 2295 5148 magis
2324 5085 2755 5148 consentaneam
2798 5089 2899 5130 nos
2943 5073 3277 5145 recipiamus
3309 5082 3547 5144 Oportet.
3607 5073 3722 5130 Hoc

2115 5155 2262 5232 enim
2295 5175 2559 5239 praestare
2591 5165 2807 5234 videtur
2834 5175 2888 5223 et
2915 5183 3040 5222 cum
3068 5167 3306 5224 utilitate
3334 5168 3718 5237 coniunctum.

2187 5259 2421 5316 ALIUD.
2459 5257 2721 5332 Spiritus,
2753 5261 2932 5330 inquit
2969 5259 3164 5316 beatus
3193 5259 3420 5326 Paulus,
3475 5278 3494 5310 ε
3533 5258 3721 5314 omnia

2118 5361 2425 5420 scrutatur,
2454 5356 2620 5410 etiam
2647 5353 2919 5426 profunda
2959 5352 3073 5410 Dei.
3108 5372 3126 5406 ι
3173 5352 3484 5408 Praeterea:
3527 5368 3544 5402 ι
3583 5348 3720 5417 Quis

2117 5445 2265 5501 enim
2293 5445 2574 5501 hominum
2611 5446 2717 5502 scit
2747 5460 2870 5516 quae
2899 5454 3027 5500 sunt
3060 5443 3320 5508 hominis,
3353 5442 3459 5496 nisi
3492 5439 3719 5512 spiritus

2119 5537 2382 5604 hominis,
2413 5539 2508 5609 qui
2534 5539 2588 5595 in
2626 5539 2746 5620 ipso
2775 5537 2899 5606 est?
2927 5537 3007 5592 Ita
3037 5545 3090 5592 et
3116 5551 3239 5610 quae
3268 5534 3360 5590 Dei
3394 5539 3522 5588 sunt
3555 5545 3718 5588 nemo

468 5722 518 5757 ”
556 5719 724 5777 Joan.
756 5732 876 5785 xu,
907 5716 998 5774 50.
1077 5719 1124 5752 "
1165 5717 1286 5775 Col.
1327 5732 1378 5782 ι,
1415 5717 1506 5773 l6.
1583 5716 1630 5751 ”
1671 5715 1845 5774 lCor.
1882 5729 1936 5786 ι,
1971 5713 2063 5772 24.
2140 5715 2212 5749 ⁸³⁸
2241 5713 2262 5771 ι
2292 5712 2421 5772 Cor.
2459 5730 2518 5783 tt,
2558 5713 2643 5770 lo.
2722 5715 2767 5746 "'
2807 5711 2967 5769 Joan.
3003 5729 3130 5780 xiv,
3167 5711 3221 5770 9.

692 5815 970 5878 Puncta.
1021 5814 1139 5878 3n.
1193 5812 1476 5878 LXXIII.

3429 5804 3465 5864 3
