4156 6492
485 292 555 352 75
1474 286 1530 343 δ.
1567 282 1846 343 CYRIIJJ
1890 278 2363 338 ALEXANDIUNI
2401 278 2728 339 ARClllEl’.
3702 250 3770 336 τε

484 407 761 482 cognovit,
792 405 896 461 nisi
926 403 1163 476 Spiritus
1184 399 1297 467 Dei,
1328 400 1423 472 qui
1450 400 1504 453 in
1539 399 1662 471 ipso
1688 408 1775 455 est
1793 400 1861 452 ”.
1892 418 1914 451 ο
1936 398 2072 453 Cum

2177 395 2335 449 Οῦτω
2370 396 2463 450 καὶ
2515 394 2583 448 τὰ
2610 392 2702 447 τοῦ
2749 389 2883 447 Θεοῦ
2935 391 3110 456 οὐδεὶς
3156 392 3434 462 ἔγνωκεν,
3490 393 3539 447 sl
3589 392 3665 466 μὴ
3712 397 3773 447 τὸ

483 519 614 562 eruo
654 508 879 556 sanctus
908 497 1148 568 Spiritus
1189 495 1280 567 qui
1314 493 1497 549 omnia
1534 498 1916 562 perscrutatur
1964 503 2072 544 non

2175 486 2404 559 Πνεῦμα
2429 486 2524 540 τοῦ
2547 482 2682 541 Θεοῦ
2715 485 2776 539 τὸ
2802 487 2866 538 ἐν
2889 483 3059 554 αὐτῷ.
3098 485 3258 538 »Ὅτε
3291 484 3471 539 τοίνυν
3493 486 3554 538 τὺ
3594 486 3772 539 πάντα

484 591 660 648 solum
695 588 872 644 Patris
912 590 1004 652 sit,
1055 588 1148 643 sed
1179 586 1344 640 etiam
1378 584 1521 651 Filii,
1548 582 1826 655 quomodo
1851 581 2071 638 demum

2177 578 2504 653 ἐξακριϐοῦν
2527 578 2683 649 ἅγιον
2699 575 2945 647 Πνεῦμα.
2973 577 3036 631 οὗ
3065 576 3226 647 μόνον
3249 575 3343 630 τοῦ
3362 574 3577 648 Πατρός
3600 580 3770 643 ἐστιν,

482 684 687 754 aliquid
723 698 914 739 eorum
951 696 1072 753 quae
1106 690 1234 736 sunt
1286 674 1534 742 imPatre
1564 673 1736 731 Filius
1778 671 2074 745 ignorabit,

486 776 749 850 Spiritum
804 775 1013 830 habens
1062 771 1116 827 in
1160 773 1347 841 seipso
1386 768 1712 824 naturaliter
1752 765 1846 837 qui
1885 763 2074 820 omnia

486 868 675 928 novit?
718 867 889 940 Igitur
940 868 1103 920 inane
1156 865 1377 920 demum
1428 861 1705 916 videbitur
1755 857 2075 913 existimare

485 960 679 1020 Filium
711 960 890 1017 Patris
917 962 1255 1015 voluntatem
1299 958 1369 1011 ab
1402 956 1510 1010 alio
1539 954 1786 1019 diSCere,
1843 948 1897 1005 et
1934 964 2073 1003 vana

484 1070 712 1129 prorsus
759 1055 864 1108 erit.
904 1066 1073 1124 opera
1102 1046 1266 1104 Verbi
1308 1048 1457 1101 illius
1482 1062 1548 1100 ex
1580 1058 1770 1099 eorum
1804 1041 2074 1097 sententia

484 1152 686 1207 l'rustra
713 1144 1128 1203 intercedentis.
1155 1141 1350 1198 Omnia
1385 1140 1587 1210 quippe
1616 1136 1766 1191 novit
1801 1133 1973 1190 Filius
2009 1150 2075 1189 ex

485 1241 685 1310 seipse.

551 1331 789 1388 ALIUD.
834 1329 939 1395 Qui
970 1324 1249 1398 Unigeniti
1277 1319 1598 1378 substantiae
1629 1316 1953 1377 detrahunt,
1995 1312 2077 1368 di-

485 1429 657 1484 cendo
687 1427 868 1494 ipsum
918 1424 1173 1493 ignorare
1206 1416 1385 1471 Patris
1416 1414 1794 1477 voluntatem,
1842 1408 1935 1464 sed
1967 1408 2075 1462 alio

485 1521 747 1590 magistro
781 1517 858 1571 uti
887 1508 1288 1585 quodammodo
1310 1509 1376 1561 ad
1405 1522 1523 1562 eam
1546 1501 1981 1576 percipiendam,
2009 1515 2075 1554 eo

468 1614 743 1669 nimirum
777 1610 919 1680 quod
955 1605 1057 1675 ipsi
1094 1601 1593 1659 comminiscuntur
1625 1595 1805 1651 Verbo
1836 1595 2071 1658 interno,

484 1708 670 1763 llicnnt
709 1703 899 1766 nobis,
946 1699 990 1755 si
1035 1712 1189 1753 suam
1224 1692 1548 1749 sententiam
1581 1688 1918 1762 sequendam
1953 1701 2077 1742 esse

482 1806 694 1869 putant,
736 1803 917 1848 utrum
953 1790 1163 1860 aequale
1204 1783 1508 1842 secundum
1541 1792 1795 1838 naturam
1830 1778 2073 1837 Verbum

482 1890 615 1947 illud
640 1891 915 1944 internum
945 1884 999 1938 in
1032 1881 1172 1937 Filio
1196 1880 1382 1934 dicent
1402 1877 1671 1933 exsistere
1692 1873 2075 1945 (supponimus

481 1986 625 2040 enim
679 1982 855 2052 ipsum
896 1992 992 2048 per
1025 1990 1091 2031 se
1124 1971 1467 2045 bypostatice
1505 1964 1815 2037 exsistere),
1850 1972 1944 2019 aut
1966 1979 2074 2019 non

480 2075 690 2146 zequale
733 2072 986 2143 quidem,
1047 2064 1143 2122 sed
1194 2062 1439 2120 deterius
1485 2053 1920 2130 quodammodo,
1982 2059 2076 2108 aut

481 2176 632 2223 certe
671 2163 947 2235 superius.
1005 2158 1061 2214 Si
1110 2171 1242 2226 ergo
1274 2153 1464 2208 minus
1512 2150 1692 2220 ipsum
1739 2160 1863 2203 esse
1914 2152 2075 2216 puta-

481 2258 642 2320 bunt,
671 2256 724 2309 in
749 2255 926 2324 ipsum
953 2250 1123 2306 etiam
1154 2244 1374 2300 Patrem
1390 2240 1563 2312 impie
1591 2237 1900 2310 peccabunt
1933 2251 1947 2287 :
1972 2238 2079 2290 erit

478 2347 627 2403 enim
664 2342 926 2416 utiquein
960 2341 1082 2411 ipso
1115 2335 1318 2408 aliquid
1349 2334 1532 2387 minus
1573 2330 1725 2401 ipso,
1751 2336 1803 2383 et
1832 2327 1980 2382 aliud
2008 2327 2077 2383 ab

482 2440 605 2512 ipso
624 2477 642 2501 ,
668 2437 773 2497 hoc
805 2442 922 2498 est,
966 2432 1242 2486 internum
1273 2422 1407 2480 illud
1436 2418 1706 2479 Verbum.
1763 2419 1862 2474 Sin
1891 2426 2075 2505 autem

482 2509 727 2586 deterius
756 2525 978 2598 quidem
1013 2537 1138 2578 esse
1171 2535 1277 2574 non
1309 2518 1511 2581 dicent,
1546 2513 1640 2570 sed
1672 2509 2078 2585 praestantioris

484 2630 666 2678 status
695 2611 1100 2690 quam'Filium,
1125 2609 1376 2666 bifariam
1403 2607 1565 2663 Pater
1591 2605 1819 2661 laedetur
1841 2602 1894 2658 in
1912 2600 2066 2660 Filio.

482 2712 730 2768 Primum
764 2707 910 2764 enim
950 2705 1219 2765 minorem
1260 2715 1320 2757 se
1352 2697 1551 2753 Filium
1591 2696 1848 2768 genuisse
1883 2692 2078 2764 depre-

409 2781 413 2785 ν
488 2802 758 2859 bendetur
782 2818 794 2853 :
819 2793 1292 2863 deinde'superius
1318 2803 1377 2845 se
1393 2786 1683 2842 habiturus
1704 2785 2075 2840 estinternnm

493 2894 762 2957 Verbum,
806 2889 851 2946 si
884 2887 1048 2942 Pater
1085 2892 1171 2939 est
1223 2876 1713 2937 consubstantialis
1755 2870 1934 2939 Filio,
1981 2873 2076 2945 qui

483 2997 672 3037 eorum
704 2977 974 3036 sententia
1003 2976 1181 3030 minor
1206 2980 1290 3027 est
1320 2969 1518 3026 Verbo.
1555 2967 1665 3024 Sed
1696 2965 1927 3038 fugient,
1958 2963 2078 3036 opi-

2173 670 2312 728 ἀλλὰ
2342 672 2435 726 καὶ
2467 670 2563 726 τοῦ
2606 668 2769 734 Υῐοῦ,
2810 668 2926 732 πῶς
2953 668 3033 722 ἔτι
3061 669 3248 723 λοιπὸν
3273 670 3540 739 ἀγνοῆσαι
3571 688 3624 724 τι
3662 670 3774 724 τῶν

2175 766 2233 819 ἐν
2251 765 2329 837 τῷ
2354 765 2705 837 γεγεννηκότι
2731 762 2792 817 τὸ
2814 761 3036 833 Πνεῦμα
3063 759 3203 833 ἔχων
3226 762 3284 815 ἐν
3315 760 3496 832 ἐαυτῷ
3523 760 3773 831 φυσικῶς

2173 855 2235 909 τὺ
2289 857 2468 911 πάντα
2517 855 2694 921 ειδόςς
2737 854 2947 911 Ούκοῦν
2985 853 3243 925 περιττὸν
3276 853 3378 924 ἤδη
3418 857 3666 922 φανεῖται
3711 855 3774 907 τὸ

2175 948 2243 1002 δι’
2280 949 2467 1019 ἐτέρου
2519 948 2811 1020 μανθάνειν
2845 945 3055 1001 οἴεσθαι
3086 947 3178 1000 τὸν
3215 945 3348 1000 Υἰδν
3384 946 3483 1019 τὴν
3509 947 3604 1000 τοῦ
3654 948 3769 1000 Πα-

2174 1039 2303 1112 τρδς
2334 1039 2575 1111 θέλησιν,
2604 1040 2834 1110 ἀργήσει
2860 1038 2918 1093 δὲ
2955 1037 3175 1103 πάντως
3197 1039 3230 1109 ή
3256 1039 3414 1110 χρεία
3451 1036 3545 1092 τοῦ
3590 1036 3769 1110 μάτην

2180 1127 2557 1201 μεσιτεύοντος
2579 1130 2752 1198 Λόγου
2774 1170 2788 1194 ,
2822 1131 2966 1182 κατὰ
2997 1129 3097 1201 τὴν
3131 1127 3355 1183 ἐκείνων
3386 1130 3768 1185 ἀπαιδευσίαν.

2178 1224 2365 1278 Πάντα
2404 1223 2513 1294 γάρ
2538 1221 2676 1277 οἶδεν
2712 1225 2740 1277 ὁ
2770 1223 2896 1287 Υἱὸς
2926 1222 2984 1291 ἐξ
3014 1224 3231 1278 ἑαυτοῦ.

2246 1314 2453 1367 ΑΛΛΟ.
2487 1314 2551 1367 Οἱ
2575 1313 2674 1381 τῆς
2693 1313 2787 1367 τοῦ
2825 1314 3166 1382 Μονογενοῦς
3209 1313 3649 1387 κατηγοροῦντες
3681 1300 3774 1368 οὗ·

2177 1405 2320 1468 σίας,
2354 1403 2441 1459 διὰ
2468 1404 2563 1458 τοῦ
2594 1405 2668 1476 μὴ
2700 1404 2897 1458 εἰδέναι
2934 1406 3116 1473 λέγειν
3151 1406 3314 1462 αὐτὸν
3346 1409 3408 1461 τὸ
3429 1406 3521 1461 τοῦ
3552 1405 3770 1479 Πατρός

2177 1491 2423 1564 θέλημα,
2455 1492 2764 1563 διδασκάλῳ
2802 1493 2857 1547 δὲ
2890 1493 3080 1567 ὥσπερ
3108 1495 3520 1568 ἀποκεχρῆσθαι
3549 1495 3685 1568 πρὸς
3708 1497 3771 1551 τδ

2180 1585 2396 1654 μαθεῖν,
2429 1585 2600 1657 ἑτέρῳ
2635 1585 2711 1657 τῷ
2738 1585 2869 1656 σταρ⁹
2901 1587 3085 1640 αὐτῶν
3109 1588 3452 1659 ἐπινοηθέντι
3482 1589 3641 1661 Λόγῳ
3665 1631 3680 1656 ,
3707 1589 3769 1644 ὃν

2176 1673 2241 1746 δὴ
2277 1675 2373 1728 καὶ
2414 1676 2718 1730 ἐνδιάθετον
2754 1676 3113 1748 ὀνομάζουσι,
3142 1679 3455 1748 λεγέτωσαν
3492 1684 3661 1753 ἡμῖν,
3689 1686 3766 1737 εί-

2178 1784 2283 1839 περ
2305 1768 2503 1822 οἴονται
2527 1769 2637 1822 δεῖν
2665 1765 2761 1841 τὴν
2788 1769 2993 1823 οἰκείαν
3020 1770 3316 1842 κρατύνειν
3338 1772 3517 1839 δόξαν,
3543 1773 3769 1846 πότερόν

2176 1872 2307 1919 ποτε
2345 1858 2487 1911 κατὰ
2520 1858 2683 1927 φύσιν
2706 1854 2826 1913 ἴσον
2864 1859 3083 1931 ἐροῦσιν
3112 1860 3382 1934 ὑπάρχειν
3421 1864 3501 1934 τῷ
3532 1864 3646 1934 Υίῷ
3677 1865 3768 1918 τὸν

2176 1950 2483 2005 ἐνδιάθετον
2521 1952 2693 2020 Λόγον
2730 1950 3078 2023 (ὑποκείσθω
3119 1952 3228 2024 γὰρ
3257 1952 3332 2018 ὡς
3378 1957 3475 2008 καὶ
3519 1956 3767 2026 ὑφεστιὶς

2176 2042 2279 2113 ἤδη
2302 2040 2424 2095 καθ’
2464 2042 2678 2111 ἑαυτόν)
2705 2059 2719 2071 ·
2747 2041 2781 2114 ἢ
2824 2041 2926 2096 οὐκ
2964 2038 3083 2097 ἴσον
3132 2042 3255 2114 μὲν,
3290 2044 3512 2117 χείρονα
3539 2045 3597 2099 δὲ
3625 2064 3764 2111 πως.

2176 2134 2209 2205 ἢ
2240 2135 2334 2188 καὶ
2354 2134 2600 2206 ἀμείνω;
2634 2135 2696 2187 El
2734 2134 2832 2206 μὲν
2856 2132 2949 2189 οὖν
2972 2135 3231 2190 ἐλάττονα
3260 2136 3541 2209 νομιοῦσιν
3582 2138 3763 2202 αὐτὸν,

2176 2224 2272 2280 καὶ
2301 2226 2384 2291 είς
2412 2224 2575 2280 αὑτὸν
2605 2226 2942 2297 ἀσεϐήσουσι
2968 2225 3061 2279 τὸν
3091 2226 3311 2298 Πατέρα
3334 2244 3348 2258 ·
3380 2227 3678 2301 ἔσται’γάρ
3710 2248 3766 2283 τι

2179 2317 2399 2383 πάντως
2431 2320 2491 2373 ἐν
2529 2319 2679 2390 αὐτῷ
2725 2317 2786 2372 τὸ
2824 2321 3006 2391 χεῖρον
3044 2318 3240 2386 αὑτοῦ,
3274 2321 3369 2374 καί¹
3410 2321 3597 2391 ἕτερον
3634 2323 3768 2393 παρ’

2178 2409 2341 2466 αὑτὸν
2361 2449 2375 2475 ,
2408 2410 2553 2464 τοῦτ’
2583 2410 2754 2474 ἐστιν,
2790 2413 2819 2464 ὁ
2873 2411 3180 2476 ἐνδιάθετος
3210 2412 3403 2482 Λόγος,
3475 2413 3538 2467 El
3566 2413 3624 2468 δὲ
3651 2415 3760 2485 χεί-

2181 2517 2313 2570 ρονα
2360 2500 2458 2572 μὲν
2516 2501 2617 2556 ούιι
2660 2501 2876 2573 ἐροῦσιν
2902 2542 2917 2565 ,
2969 2503 3322 2574 ἐπιτρέψουσι
3351 2503 3408 2558 δὲ
3436 2503 3585 2577 αὐτῷ
3617 2504 3679 2558 τὸ
3708 2506 3769 2559 ἐν

2178 2591 2430 2664 ἀμείνοσι
2450 2592 2664 2647 κεῖσθαι
2696 2593 2850 2664 παρὰ
2882 2593 2973 2647 τὸν
3004 2592 3150 2657 Υἰὸν,
3184 2594 3406 2649 διπλοῦν
3440 2594 3596 2650 ἔσται
3630 2596 3769 2650 πάν-

2175 2697 2285 2748 τως
2310 2683 2448 2738 κατά
2479 2682 2573 2738 τοῦ
2602 2684 2816 2756 Πατρὸς
2843 2685 2905 2738 τὸ
2934 2687 3019 2755 ἐφ’
3053 2685 3168 2759 Υίῴ
3197 2688 3584 2760 κατηγόρημα.
3610 2689 3769 2761 Πρῶ-

2178 2791 2270 2829 τον
2307 2773 2407 2846 μὲν
2444 2775 2555 2848 γὰρ
2588 2777 2857 2848 γεννήσας
2892 2777 3160 2831 ἁλώσεται
3199 2777 3262 2832 τὸ
3304 2782 3483 2851 χεῖρον
3520 2778 3554 2851 ἢ
3590 2780 3649 2833 ἐν
3685 2775 3775 2839 οἷς

2178 2869 2327 2921 ἐστιν
2353 2867 2535 2931 αὑτός.
2569 2864 2702 2923 Εἶτα
2737 2869 2875 2940 πρὸς
2907 2869 3080 2942 τούτῳ
3121 2873 3215 2926 καὶ⁴
3239 2873 3403 2936 αὐτὸς
3444 2871 3556 2938 ἕξει
3586 2871 3771 2946 κρείτ.

2178 2972 2307 3011 τονα
2343 2961 2437 3011 τον
2489 2958 2793 3014 ἐνδιάθετον
2840 2961 3053 3029 Λόγον,
3097 2964 3254 3037 εἷπερ
3303 2965 3457 3021 ἐστὶν
3502 2967 3531 3019 ό
3577 2966 3765 3039 Πατὴρ

434 3076 439 3081 ⁴
484 3090 587 3129 ιιοι·
609 3115 625 3139 ,
669 3068 968 3127 adversarii
1003 3074 1294 3135 utramque
1330 3060 1752 3133 blasphemiam,
1781 3065 1834 3114 et
1864 3057 2073 3129 aequale

2180 3049 2467 3147 όμοούσιος
2494 3049 2572 3121 τῷ
2604 3051 2719 3124 Υἱῷ
2760 3050 2837 3124 τῷ
2868 3056 2989 3109 κατ’
3014 3054 3257 3121 ἐκείνους
3285 3057 3346 3110 τὸ
3372 3056 3593 3112 ἔλαττον
3628 3061 3767 3113 ἀπο-

485 3165 789 3223 secundum
829 3159 1194 3217 substantiam
1224 3168 1349 3210 esse
1390 3153 1573 3207 dicent
1609 3148 1749 3206 Filio
1793 3151 2072 3205 internum

2181 3140 2489 3213 φερομένῳ.
2534 3143 2674 3196 Ἀλλ’
2699 3146 2846 3211 εἰκός
2878 3164 2943 3215 γε
2984 3148 3157 3220 δήπου
3182 3149 3283 3220 τῆς
3316 3150 3404 3204 ἐπ’
3444 3152 3612 3222 ἄμφω
3638 3151 3769 3205 δυσ-

476 3260 669 3314 Patris
684 3254 948 3311 Verbum.
1000 3249 1171 3321 Igitur
1194 3248 1373 3302 soluta
1396 3252 1479 3300 est
1506 3243 1758 3314 quaestio.
1786 3239 2076 3329 Quomodo

485 3350 631 3405 enim
686 3347 825 3400 alter
868 3343 1100 3399 alterum
1132 3338 1384 3402 docebit,
1433 3334 1592 3406 quasi
1624 3328 1929 3405 cognoscat
1947 3348 2071 3389 eum

472 3458 515 3492 ιιι
563 3452 673 3509 quo
721 3434 1038 3505 ignoratur.
1090 3427 1135 3484 si
1182 3424 1418 3495 aequales
1459 3429 1589 3478 sunt
1626 3421 1787 3477 ambo
1828 3416 2074 3474 natura?

621 3527 757 3581 Cum
789 3536 919 3592 ergo
950 3519 1165 3574 illorum
1199 3513 1346 3570 omni
1376 3527 1442 3567 ex
1467 3519 1621 3582 parte
1646 3508 1790 3562 ratio
1837 3505 2071 3609 laboret,

489 3597 958 3689 supervacaneum
979 3610 1197 3665 tandem
1220 3609 1328 3662 erit
1356 3604 1673 3660 existimare
1692 3601 1838 3656 inter
1856 3597 2071 3652 Patrem

487 3722 540 3767 et
562 3708 769 3765 Filium
789 3701 995 3776 aliquid
1021 3699 1382 3763 intercedere,
1413 3710 1478 3751 ac
1501 3708 1610 3749 non
1638 3693 1821 3763 potius
1847 3690 2075 3744 credere

490 3804 668 3871 ipsum
703 3812 827 3853 esse
863 3796 922 3849 in
951 3792 1059 3849 Deo
1089 3791 1249 3846 Patre
1281 3789 1451 3845 Deum
1481 3785 1744 3852 Verbum,
1775 3781 1922 3855 quod
1956 3786 2074 3836 erat

487 3897 542 3950 in
571 3890 862 3967 principio.

558 4153 786 4212 ALIUD.
826 4152 1031 4209 Beatus
1069 4149 1275 4207 Paulus
1317 4147 1391 4202 ait
1428 4144 1483 4200 in
1530 4142 1669 4199 Filio
1714 4140 2075 4199 absconditos

484 4263 609 4304 esse
635 4258 825 4300 omnes
860 4242 1152 4299 thesauros
1195 4234 1484 4308 sapientiai
1518 4240 1575 4288 et
1623 4233 1871 4288 scientiae
1887 4230 1956 4286 “.
2007 4229 2076 4283 At

2177 3230 2391 3303 φημίας
2443 3231 2731 3304 ἀποπηδᾷν
2788 3234 2916 3300 τοὺς
2968 3235 3034 3289 δι’
3070 3238 3315 3302 ἐναντίας
3340 3254 3354 3269 ⁵
3391 3233 3509 3293 ἶσον
3550 3240 3607 3293 δὲ
3650 3242 3772 3295 κατ’

2175 3323 2365 3378 οὐσίαν
2410 3324 2679 3396 ὑπάρχειν
2706 3324 2893 3398 ἐροῦσι
2938 3328 3016 3398 τῷ
3048 3329 3164 3400 Υίῷ
3207 3330 3300 3383 τὸν
3334 3330 3639 3386 ἐνδιάθετον
3674 3333 3771 3387 τοῦ

2176 3409 2393 3485 Πατρὸς
2420 3415 2611 3485 Λόγον,
2641 3414 2853 3471 Οὐκοῦν
2883 3417 3101 3473 λέλυται
3144 3421 3206 3474 τὸ
3258 3421 3612 3494 ζητούμενον.
3647 3423 3774 3487 Πῶς

2178 3503 2287 3576 γάρ
2318 3504 2348 3557 ό
2374 3500 2455 3569 εἷς
2482 3504 2683 3573 διδάξει
2721 3508 2813 3561 τὸν
2845 3507 3054 3579 ἕτερον,
3082 3508 3157 3572 ὡς
3186 3509 3343 3573 εἰδὼς
3370 3512 3446 3583 μὴ
3475 3511 3775 3580 γινώσκον-

2179 3612 2270 3661 τα,
2304 3597 2460 3670 εῐπερ
2501 3597 2605 3652 [σοι
2652 3600 2795 3653 κατὰ
2822 3598 2987 3669 φύσιν
3020 3602 3158 3655 εἰσὶν
3192 3602 3530 3674 ﬁtted-rapat;
3561 3607 3775 3659 Παντα-

2176 3690 2333 3762 χόθεν
2381 3690 2671 3762 τοιγαροῦν
2714 3692 3067 3757 ἀσθενοῦντος
3108 3693 3203 3746 τοῦ
3247 3694 3379 3766 παρ’
3418 3696 3647 3760 ἐκείνοις
3680 3697 3774 3751 M-

2176 3798 2312 3851 γου,
2365 3782 2640 3856 παρέλκον
2690 3782 2757 3837 ἂν
2821 3784 2905 3854 εἴη
2955 3785 3140 3838 λοιπὸν
3184 3786 3571 3857 μεσιτεύεσθαι
3620 3791 3777 3862 παρά

2174 3891 2319 3940 τινος
2343 3875 2594 3929 ὓπονοεῖν
2626 3875 2718 3928 τὸν
2749 3875 2901 3939 Υἱδν,
2941 3877 3035 3929 καὶ
3062 3876 3182 3948 οὐχὶ
3215 3879 3414 3949 μᾶλλον
3443 3880 3604 3934 αὐτὸν
3634 3877 3774 3934 εἶναι

2178 3968 2456 4022 πιστεύειν
2501 3968 2594 4023 τὸν
2624 3970 2683 4021 ἐν
2720 3967 2848 4040 Θεῷ
2888 3970 3064 4042 Πατρὶ
3100 3971 3234 4027 Θεὸν
3274 3973 3477 4043 Λόγον,
3528 3973 3588 4039 ὃς
3615 3969 3684 4046 ἦν
3715 3976 3773 4028 ἐν

2176 4062 2341 4115 ἀργῆ.

2217 4060 2453 4207 pii/t0.
2506 4152 2595 4207 Ἐν
2624 4152 2739 4223 Υίῷ
2790 4171 2954 4225 φησιν
2996 4158 3023 4210 ὁ
3061 4156 3332 4229 μακάριος
3378 4159 3591 4223 Παῦλος
3640 4159 3773 4223 τοὺς

2130 4278 2133 4281 -
2180 4245 2402 4318 ἀπάσης
2442 4244 2635 4315 σοφίας
2692 4247 2789 4300 καὶ
2837 4250 3017 4320 πάσης
3051 4248 3306 4317 γνώσεως
3351 4252 3773 4324 ἀποκεκρύφθαι

481 4340 533 4397 si
567 4340 685 4394 haec
715 4353 841 4393 vere
866 4336 1024 4402 dicit,
1062 4331 1339 4405 quomodo
1368 4327 1600 4382 alterius
1628 4323 1874 4380 doctoris
1906 4337 2074 4394 opera

2180 4336 2492 4409 θησαυρούς
2512 4353 2529 4370 ο
2574 4335 2690 4390 ἀλλ’
2723 4338 2881 4411 εἴπερ
2925 4341 3044 4394 ἐστὶ
3077 4340 3250 4409 λέγων
3278 4343 3349 4396 τὰ
3374 4323 3611 4409 ,τοιαῦτα
3636 4346 3771 4415 άλη-

478 4431 668 4502 ipsum
711 4429 961 4501 indigere
995 4424 1340 4499 putabimus,
1369 4422 1465 4472 aut
1500 4417 1557 4472 in
1579 4428 1820 4487 quonam
1854 4412 2074 4469 demum

2182 4430 2301 4500 θὴς,
2335 4429 2450 4493 πῶς
2484 4428 2548 4482 ἂν
2582 4428 2664 4483 ἔτι
2694 4430 2795 4500 τῆς
2825 4433 2950 4504 παρ’
2984 4433 3172 4504 ἐτέρου
3198 4433 3482 4505 δεδεῆσθαι
3517 4412 3773 4490 διδασκαο

485 4524 734 4579 scientia:
774 4520 1174 4592 perfectionem
1243 4512 1630 4582 requiremus,
1696 4507 1743 4562 si
1799 4505 1900 4577 qui
1951 4518 2073 4559 eam

2182 4517 2303 4582 λίας
2342 4517 2743 4591 ύπονοήσαιμεν
2786 4522 2982 4586 αὐτὸν,
3036 4522 3069 4593 ἧ
3122 4523 3180 4578 ἐν
3226 4523 3329 4577 τίνι
3381 4523 3568 4579 λοιπὸν
3611 4526 3672 4579 τὸ
3714 4530 3772 4580 ἐν

484 4633 706 4671 munem
760 4615 927 4670 habet
984 4612 1055 4667 ab
1106 4608 1217 4664 alio
1266 4600 1551 4660 docetur?
1604 4596 1911 4671 quomodo
1944 4610 2074 4653 vero

2182 4610 2383 4680 γνώσει
2422 4610 2626 4665 τέλειον
2672 4615 3099 4685 ἐπιζητήσομεν,
3148 4616 3307 4688 εἴπερ
3339 4619 3367 4670 ό
3409 4619 3590 4671 πᾶσαν
3632 4619 3771 4689 ἔχων

486 4708 757 4780 sapientia
792 4704 927 4760 illud
963 4709 1049 4758 est
1089 4698 1238 4771 quod
1281 4695 1346 4750 ad
1393 4693 1723 4763 sapientiam
1782 4690 2074 4747 eruditur?

2182 4703 2352 4773 αὐτὴν
2382 4704 2510 4775 παρ’
2544 4704 2733 4776 ἐτέρου
2777 4707 3062 4775 σοφοῦται;
3112 4707 3231 4773 πῶς
3262 4708 3318 4761 δὲ
3347 4709 3481 4776 ὅλως
3515 4711 3674 4781 σοφία
3712 4712 3776 4763 τὸ

486 4801 624 4853 Cum
652 4810 830 4853 autem
866 4808 974 4851 non
998 4793 1223 4848 illorum
1249 4787 1435 4857 nugis,
1453 4784 1552 4840 sed
1586 4782 1832 4853 Spiritus
1855 4796 2074 4838 sermo-

2183 4795 2541 4867 σοςρούμενον;
2590 4797 2810 4868 Ἐπειδὴ
2836 4798 2894 4851 δέ
2926 4800 2986 4851 ού
3013 4803 3124 4865 τοῖς
3155 4803 3286 4872 παρ’
3308 4803 3534 4855 ἐκείνων
3569 4802 3770 4872 λόγοις,

487 4892 651 4946 nibus
681 4886 1076 4945 attendendum
1106 4881 1267 4937 nobis
1298 4880 1392 4943 sit,
1419 4875 1841 4946 habeatqueyut
1871 4875 2073 4931 Paulus

2177 4888 2315 4943 ἀλλὰ
2348 4892 2462 4954 τοῖς
2495 4890 2584 4945 διά
2618 4891 2710 4945 τοῦ
2746 4890 3063 4962 Πνεύματος
3093 4895 3383 4965 προσέχειν
3425 4896 3571 4965 ἡμᾶς
3604 4896 3772 4963 ἀναγ-

488 4986 586 5048 ait,
621 4981 911 5053 sapientize
937 4986 991 5033 et
1025 4974 1210 5031 omnis
1242 4970 1490 5028 scientiae
1523 4970 1578 5023 in
1620 4968 1809 5041 seipso
1849 4971 2076 5025 thesau-

492 5092 587 5132 ros
630 5076 840 5139 Filius,
896 5088 1006 5128 non
1056 5070 1124 5124 ab
1170 5068 1280 5121 alio
1336 5064 1579 5135 quodam
1625 5080 1690 5121 ea
1744 5066 1946 5138 accipit
1980 5083 2075 5139 per

490 5177 611 5238 Quae
640 5178 724 5225 est
753 5165 1049 5238 sapientia,
1093 5159 1213 5227 sed,
1255 5159 1533 5214 exsislens
1572 5158 1629 5212 in
1664 5158 1848 5225 Patre,
1889 5161 2073 5217 omnia

490 5280 611 5331 qua:
638 5270 766 5318 sunt
813 5259 990 5316 Patris
1019 5252 1290 5325 agnoscit,
1324 5261 1513 5321 utpote
1553 5253 1824 5323 sapientia
1857 5254 1996 5327 ejus.

560 5524 603 5555 ⁸⁵
649 5525 663 5580 l
699 5523 828 5580 Cor.
868 5537 943 5585 ιι,
977 5520 1161 5578 l0-l2.
1246 5521 1293 5554 "
1329 5520 1450 5578 Col.
1483 5536 1559 5588 ιι,
1590 5523 1643 5578 3.

2178 4985 2351 5046 καῖον,
2388 4982 2502 5053 ἔχει
2546 4983 2624 5051 δὲ,
2652 4985 2727 5049 ὡς
2756 4987 2783 5038 ὁ
2816 4984 3024 5048 Παῦλός
3060 5003 3245 5057 φησιν,
3282 4989 3310 5039 ὀ
3343 4986 3468 5051 Υἱὸς
3516 4990 3643 5052 τοὺς
3672 4987 3772 5057 τῆς

2180 5075 2374 5143 σοφίας
2420 5077 2515 5129 καὶ
2554 5076 2735 5148 πάσης
2769 5076 3020 5145 γνώσεως,
3058 5080 3115 5131 ἐν
3147 5077 3326 5148 ἑαυτῷ
3356 5077 3686 5149 θησαυροὺς,
3713 5081 3774 5132 οὔ

2180 5169 2332 5239 παρά
2364 5186 2507 5233 τινος
2543 5170 2733 5240 ἐτέρου
2782 5170 2853 5223 τὰ
2896 5170 2967 5224 δι’
3015 5165 3091 5225 ὧν
3136 5173 3253 5225 ἐστι
3288 5171 3450 5241 σοφία
3493 5172 3770 5240 γνώσειιις,

2178 5260 2316 5315 ἀλλὰ
2347 5261 2609 5333 ὑπάρχων
2638 5265 2694 5315 ἐν
2727 5264 2902 5333 Hatth
2938 5265 3112 5319 πάντα
3146 5264 3403 5333 γινώσκει
3441 5264 3507 5321 τὰ
3539 5263 3629 5317 τοῦ
3661 5265 3772 5320 Πα-

2186 5352 2333 5423 τρδς,
2367 5351 2439 5417 ὡς
2470 5353 2628 5423 σοφία
2665 5354 2879 5423 αὐτοῦ..
