4156 6506
385 339 466 394 71
1506 331 1574 385 lN
1614 329 1904 390 JOANNIS
1943 329 2397 388 EVANGELIUM
2433 329 2564 386 LIB.
2605 329 2648 385 1.
3641 341 3709 394 78

1020 449 1274 504 ΚΕΦΑΛ.
1309 447 1383 504 Ε’.

386 546 530 623 Ὀτι
564 540 939 623 θιατὰφύσιν
965 540 1325 623 δημιουργός
1352 545 1386 596 ό
1421 542 1552 623 ridg-
1566 542 2000 623 μετὰῌατρὸς,

463 616 551 680 ὡς
580 614 651 666 ἐκ
682 611 793 680 τῆς
833 612 1054 678 οὐσίας
1088 611 1376 680 ὑπάρχων
1405 613 1616 679 αὑτοῦ,
1651 615 1748 667 καὶ
1779 615 1894 682 οὺχ
1924 613 2002 678 ὠς

465 683 780 753 ὑπυιφγὸς
804 684 1444 752 παραλαμϐανόμενος.

468 775 682 832 Πάντα
735 774 810 828 δι’
853 773 1042 829 αὑτοῦ
1090 774 1371 846 ἐγένετο,
1429 775 1529 830 καί
1590 775 1772 846 χωρίς
1817 772 2006 829 αὐτοῦ

375 871 640 942 ἐγένετο
669 868 814 924 οὐδὲ
841 867 931 921 ἓν.

464 963 550 1015 Τά
583 959 908 1014 πολύπλοκα
937 959 1048 1013 τῶν
1079 959 1309 1014 ἀνοσίων
1354 960 1650 1032 αἱρετικῶν
1697 958 2008 1032 ἀνατρέψας

388 1051 795 1123 προϐλήματα,
822 1051 916 1104 καὶ
944 1050 1140 1104 λεπτὸν
1161 1053 1292 1122 ἡμῖν
1345 1052 1438 1104 καὶ
1461 1051 1854 1122 ἀκριϐέστατον
1880 1052 2009 1123 περὶ

373 1147 494 1200 -τοῦ
521 1145 876 1216 Μονογενοῦς
898 1147 1174 1217 ὲξυφήνας
1203 1145 1294 1199 τὸν
1316 1146 1475 1216 λόγον
1499 1149 1526 1199 ό
1549 1148 1821 1218 μακάριος
1846 1147 2010 1215 εύατ-

396 1237 698 1307 τελιστὴς,
754 1237 842 1306 ἐφ’
878 1237 1074 1309 ἑτέραν
1108 1236 1328 1308 ἔρχεται
1363 1237 1458 1290 τοῦ
1507 1237 1754 1291 διαϐόλου
1807 1235 2010 1305 παγίδα

393 1326 888 1398 συμπεπηγμένην
915 1327 977 1391 ἐξ
1007 1327 1242 1398 ἀρχαίας
1286 1328 1522 1399 ἀπάτης,
1573 1329 1668 1381 καὶ
1713 1330 1812 1398 τῆς
1847 1327 2012 1384 πολυ-

389 1420 528 1474 θέον
564 1420 777 1491 πλάνης
807 1422 869 1474 τὸ
908 1420 1136 1492 κέντρον
1164 1422 1298 1491 ἡμῖν
1343 1421 1750 1485 ἀνατείνουσαν,
1794 1422 1828 1492 ἢ
1877 1421 2010 1473 πολ-

392 1513 530 1576 λοὺς
555 1514 655 1584 μὲν
682 1512 945 1584 τρώσασα
973 1512 1376 1582 καταϐέόληκε,
1399 1514 1500 1584 τὴν
1521 1513 1578 1566 δὲ
1604 1514 1706 1583 τῆς
1734 1513 2013 1576 ἀπωλείας

392 1604 526 1658 ὐδδν
552 1604 880 1674 ἀνευροῦσα,
918 1605 1013 1656 καὶ
1047 1604 1147 1675 τὴν
1177 1605 1438 1658 πλατεῖαν
1472 1622 1532 1657 τε
1573 1604 1667 1659 καὶ
1701 1604 2013 1676 εὐρύχωρον

393 1692 760 1744 ἐκπετάσασα
789 1691 888 1746 τοῦ
925 1691 1158 1746 Θανάτου
1217 1692 1414 1764 πύλην,
1465 1694 1728 1764 ἀγεληδὸν
1782 1697 1881 1766 μὲν
1929 1697 2011 1760 είς

389 1783 532 1855 ᾅδου
553 1782 654 1846 τὰς
679 1784 786 1836 τῶν
813 1782 1122 1852 ἀνθρώπων
1151 1783 1492 1855 συνεσὼρευε
1514 1784 1714 1854 ψυχὰς,
1747 1784 2010 1838 πλουσίαν

386 1877 451 1930 δὲ
508 1875 705 1947 ὥσπερ
728 1875 806 1945 τῷ
833 1874 1069 1946 διαϐόλῳ
1095 1875 1380 1944 παρετίθει
1408 1876 1634 1948 τροφὴν,
1663 1875 1844 1931 καὶτὰ
1868 1873 2010 1946 βρώ-

396 1986 553 2040 ματα
585 1967 741 2038 αύτῷ
772 1968 1054 2037 προσῆγεν
1084 1967 1342 2024 ἐκλεκτά.
1391 1969 1611 2039 Ἐπειδὴ
1661 1968 1771 2040 γὰρ
1817 1968 2012 2040 Ἐλλή-

399 2081 516 2116 νων
545 2061 733 2125 παῖδες
777 2063 843 2132 τῇ
877 2060 970 2114 τοῦ
1016 2061 1225 2132 κόσμου
1258 2061 1422 2133 σοφία
1451 2062 1871 2133 προσκείμενοι,
1917 2063 2013 2116 καὶ

400 2154 465 2208 τὸ
491 2156 713 2225 πνεῦμα
748 2153 844 2208 τοῦ
876 2155 1138 2226 ἄρχοντος
1170 2155 1264 2208 τοῦ
1295 2155 1492 2218 αἰῶνος
1525 2155 1716 2208 τούτου
1740 2155 2013 2219 πλουσίως

391 2248 617 2318 ἔχοντες
647 2248 728 2308 εἰς
761 2245 909 2307 νοῦν,
946 2247 1029 2307 είς
1062 2245 1326 2299 πολύθεον
1369 2247 1738 2318 κατεφέροντο
1776 2247 2010 2319 πλάνην,

388 2342 494 2394 καὶ
527 2340 591 2392 τὸ
628 2339 729 2410 μὲν
760 2338 864 2409 τῆς
898 2337 1160 2405 ἀληθείας
1193 2338 1392 2401 κάλλος
1427 2339 1857 2410 ἀπεστρέφοντο,
1897 2344 2013 2408 τοῖς

385 2433 450 2486 δὲ
478 2435 541 2485 ὲν
571 2429 735 2501 ἀχλύῖ
771 2431 866 2483 καὶ
904 2429 1080 2499 σκότῳ
1113 2429 1387 2500 βαδίζουσι
1417 2432 1814 2502 παραπλήσιοι,
1875 2433 2014 2504 πρὸς

384 2525 486 2578 τὸν
512 2526 583 2576 ὲκ
610 2524 714 2592 τῆς
739 2521 952 2584 οἰκείας
981 2520 1226 2592 ἀμαθίας
1257 2522 1568 2594 κατῴχοντο
1606 2523 1818 2596 βόθρον,
1853 2524 2012 2578 είδώο

385 2618 511 2679 λοις
543 2615 780 2686 ἀψύχοις
799 2612 1179 2686 λατρεύοντες,
1212 2616 1307 2668 καὶ
1335 2615 1415 2686 τῷ
1447 2617 1544 2686 μὲν
1571 2615 1713 2688 ξύλῳ
1736 2617 2013 2687 λέγοντες·

387 2729 415 2760 ς
442 2708 584 2772 Θεός
615 2725 720 2779 μου
754 2703 806 2761 εἷ
836 2708 958 2767 σὺ»
993 2705 1072 2777 τῷ
1096 2706 1150 2759 δὲ
1177 2706 1332 2778 λίθῳ,
1368 2727 1386 2758 ι
1412 2709 1483 2761 Σὺ
1515 2709 1810 2780 ἐγέννησας
1846 2726 1912 2780 με
1939 2728 1951 2740 -
1989 2729 2010 2764 ι

384 2803 578 2874 ῑτεροι
640 2801 700 2854 δὲ
761 2799 928 2853 πάλιν
977 2799 1426 2871 πλημμελοῦντες
1489 2801 1558 2853 τὰ
1617 2802 1860 2871 συγγενῆ
1916 2803 2014 2870 μὲν

397 2896 631 2959 ἐκείνοις
653 2935 670 2960 ,
723 2891 1082 2962 ἀστειοτέραν
1139 2891 1184 2944 δ’
1231 2887 1324 2946 οὖν
1389 2893 1537 2963 ὅμως
1602 2893 2016 2962 ἐπιτηδεύοντες

398 2989 637 3057 πλάνην,
659 2988 728 3057 τῇ
766 2985 946 3038 κτίσει
979 2984 1267 3054 λατρεύειν
1298 2985 1472 3055 ᾣοντο
1502 2987 1698 3056 χρῆναι
1730 2985 1882 3055 παρὰ
1921 2984 2014 3039 τὸν

385 3081 690 3143 κτίσαντα,
725 3079 822 3133 καὶ
870 3079 969 3150 τὴν
1025 3081 1161 3151 μόνῃ
1217 3078 1538 3148 πρέπουσαν
1586 3077 1746 3143 δόξαν
1789 3079 1856 3147 τῇ
1894 3075 2016 3147 Θείᾳ

2760 446 2916 504 CAP.
2953 445 3018 502 V.
3089 503 3092 506 .

2109 539 2264 607 Quod
2311 550 2509 593 natura
2559 557 2660 594 sua
2700 551 2912 594 creator
2953 541 3023 594 sit
3078 540 3252 594 Filius
3291 558 3413 594 cum
3461 541 3622 596 Patre
3648 553 3706 597 ut

2176 611 2268 680 qui
2304 628 2369 674 ea:
2391 610 2506 678 ejus
2557 621 2635 664 est
2670 611 2995 680 substantia,
3033 621 3082 666 et
3114 629 3216 666 non
3250 623 3505 679 tanquam
3546 617 3708 666 mini-

2179 691 2288 735 ster
2310 681 2380 735 ad
2412 681 2468 735 id
2490 693 2816 750 assumptus.

2182 773 2222 836 Ι,
2258 775 2311 829 5.
2363 775 2560 829 Omnia
2608 789 2701 842 per
2750 775 2922 845 ipsum
2956 775 3104 845 facta
3148 786 3303 833 sunt.
3356 785 3406 831 et
3441 777 3555 832 sine
3593 777 3706 846 ipso

2108 865 2316 936 factum
2353 877 2431 922 est
2465 868 2621 921 nihil.
3285 881 3291 886 '

2186 958 2414 1016 Eversis
2454 959 2754 1031 impiorum
2818 959 3207 1015 bmretirorum
3261 963 3506 1016 versutis
3550 963 3706 1034 obje-

2111 1053 2393 1108 ctionibus
2449 1061 2506 1107 et
2548 1053 2736 1108 subtili
2781 1061 2952 1122 atque
2985 1054 3412 1109 accuratissima
3450 1055 3610 1110 nobis
3641 1057 3708 1109 dc

2116 1145 2418 1218 Unigenito
2457 1147 2712 1202 doctrina
2754 1155 3017 1202 contexta
3045 1187 3059 1211 ,
3110 1147 3310 1204 beatus
3364 1149 3707 1218 evangelista

2108 1239 2226 1309 jam
2273 1241 2340 1295 ad
2407 1241 2822 1296 dissolvendum
2892 1241 3128 1295 alterum
3179 1240 3386 1296 diaboli
3447 1241 3704 1309 laqueum

2113 1333 2367 1396 accedit,
2412 1349 2482 1388 ex
2513 1335 2689 1389 veteri
2743 1333 2934 1388 l'raude
2977 1341 3327 1403 compactum
3357 1374 3371 1396 ,
3411 1343 3467 1388 et
3515 1348 3708 1387 errore

2113 1425 2504 1495 multiplicium
2539 1425 2771 1480 deorum
2819 1426 2914 1495 qui
2961 1425 3123 1479 nobis
3150 1426 3401 1479 aculeum
3447 1425 3706 1480 intentat.

2114 1533 2229 1587 quo
2257 1518 2484 1587 disjecti
2511 1527 2645 1573 sunt
2687 1519 2845 1572 multi
2878 1517 3178 1582 vulnerati,
3219 1526 3273 1572 et
3309 1518 3549 1593 invento
3581 1533 3713 1588 ιιι-νη

2115 1607 2349 1662 ditionis
2387 1608 2610 1672 itinere,
2655 1608 2877 1677 lataque
2905 1615 2959 1661 et
2991 1608 3236 1676 spatiosa
3289 1609 3485 1661 mortis
3520 1617 3711 1675 aperta

2114 1700 2305 1771 ianua,
2330 1699 2620 1752 hominum
2650 1699 2869 1754 animas
2907 1700 2960 1753 in
2997 1691 3276 1754 infernum
3318 1701 3588 1770 gregatim
3617 1700 3712 1753 de—

2042 1794 2275 1873 Bjeeit,
2329 1794 2626 1861 lautusque
2689 1792 2840 1846 velut
2887 1793 3083 1862 epulas
3138 1793 3366 1847 diabolo
3430 1793 3709 1863 apposuit,

2119 1887 2282 1955 eique
2315 1885 2472 1939 cibos
2515 1885 2725 1939 obtulit
2760 1885 3016 1939 eximios.
3047 1883 3182 1937 Nam
3229 1901 3352 1938 cum
3385 1883 3708 1940 Gram-orum

2119 1980 2299 2050 pueri,
2367 1979 2664 2033 mundanae
2715 1978 2922 2032 addicti
2984 1979 3297 2048 sapientiae,
3327 1988 3383 2033 et
3451 1980 3710 2049 spiritum

2113 2073 2388 2144 principis
2418 2072 2608 2128 saeculi
2642 2072 2808 2141 hujus
2843 2079 2959 2125 tota
3015 2072 3183 2125 veluti
3232 2079 3418 2127 mente
3449 2072 3715 2126 haurit-nu

2109 2175 2218 2231 tes,
2251 2166 2316 2219 ad
2342 2165 2552 2220 cultum
2588 2164 2890 2218 multorum
2923 2163 3158 2217 deorum
3193 2163 3360 2216 delati
3416 2171 3627 2226 essent,
3660 2175 3714 2216 ct

2115 2259 2368 2314 veritatis
2431 2259 2656 2327 quidem
2709 2254 3182 2327 pulchritudinem
3231 2255 3494 2319 aversati,
3533 2254 3714 2324 iisque

2113 2351 2328 2406 similes
2368 2352 2462 2420 qui
2517 2351 2571 2404 in
2603 2351 2848 2405 tenebris
2899 2349 3224 2413 ambulant,
3281 2349 3337 2401 in
3390 2348 3714 2417 ignorantiae

2119 2457 2237 2499 sum
2270 2442 2483 2497 foveam
2518 2442 2879 2508 decidissent,
2909 2441 3056 2495 idola
3103 2441 3407 2495 inanimata
3438 2441 3709 2499 colentes.

2114 2543 2168 2589 et
2210 2534 2363 2604 ligno
2399 2533 2621 2605 quidem
2668 2533 2918 2589 dicentes
2958 2533 3049 2587 ":
3094 2551 3112 2584 ι
3153 2531 3296 2587 Deus
3327 2548 3482 2588 meus
3517 2548 3576 2587 es
3614 2544 3712 2600 tu;

2113 2633 2169 2680 et
2207 2625 2377 2695 lapidi
2427 2644 2440 2677 :
2483 2623 2565 2679 Tu
2614 2624 2856 2696 genuisti
2904 2639 3024 2690 me;
3068 2643 3086 2676 ι
3123 2623 3234 2696 44
3272 2625 3480 2694 aliique
3521 2625 3710 2679 eadem

2117 2728 2432 2786 peccantes,
2474 2717 2570 2771 sed
2613 2717 2964 2771 urhaniorem
3012 2733 3127 2786 prae
3176 2733 3236 2771 se
3275 2717 3522 2772 ferentes
3555 2734 3710 2779 errof

2116 2823 2264 2873 rem,
2305 2815 2621 2861 creaturam
2655 2808 2941 2862 colendam
2973 2823 3096 2862 esse
3111 2823 3222 2877 prae
3245 2809 3512 2864 Creatore
3547 2819 3711 2878 puta-

2116 2905 2261 2960 rent,
2288 2903 2344 2950 et
2382 2897 2484 2950 soli
2522 2905 2737 2950 naturae
2776 2897 2980 2951 divinae
3018 2899 3249 2966 gloriam
3288 2899 3711 2954 convenientem

2115 2984 2320 3038 creatis
2355 2984 2428 3037 ab
2479 2985 2596 3052 ipsa
2649 2985 2939 3040 elementis
2995 2985 3330 3051 tribuerent,
3393 2988 3712 3042 necessario

2118 3076 2281 3131 nobis
2309 3075 2626 3146 Theologus
2653 3076 2907 3146 opiﬁcem
2943 3076 3247 3131 secundum
3269 3085 3526 3131 naturam
3552 3093 3708 3134 suam

383 3173 607 3244 φύσει,
659 3175 774 3235 τοῖς
827 3170 962 3242 παρ’
1007 3171 1193 3234 αὐτοῖς
1241 3168 1666 3239 γεγεννημένοις
1712 3167 1844 3241 [τα.
1881 3169 2010 3240 παρ’

2115 3184 2241 3225 esse
2287 3171 2587 3239 persuadet
2640 3169 3034 3239 Uniqenitum,
3086 3169 3320 3232 dicens,
3376 3173 3564 3226 omnia
3614 3188 3712 3242 per

384 3266 578 3337 αὐτῆς
619 3266 1048 3339 γεγενημένοις]
1115 3265 1436 3337 ἐχαρίζοντο
1487 3262 1804 3333 στοιχείοις,
1845 3262 2015 3330 ἀναγ-

387 3361 577 3423 καίως
604 3362 743 3432 ἡμῖν
775 3362 806 3414 ό
837 3360 1103 3429 Θεολόγος
1133 3359 1363 3430 ποιητὴν
1397 3357 1527 3411 ὄντα
1556 3357 1650 3409 καὶ
1682 3355 2015 3427 δημιουργὸν

388 3454 548 3506 κατὰ
581 3452 747 3521 φύσιν
784 3453 1030 3525 εἰσφέρει
1057 3452 1151 3506 τὸν
1193 3452 1496 3521 Μονογενῆ,
1538 3448 1716 3502 πάντα
1747 3446 1920 3516 λέγων
1946 3446 2014 3500 δι’

392 3543 570 3599 αὐτοῦ
625 3545 984 3614 γεγενῆσθαι,
1021 3545 1119 3597 καὶ
1170 3542 1341 3614 χωρὶς
1390 3539 1558 3595 αὐτοῦ
1611 3538 1777 3610 μηδὲν
1823 3539 1903 3601 είς
1952 3537 2016 3592 τὸ

392 3633 546 3692 εἶναι
592 3637 928 3708 παρελθεῖν,
995 3636 1081 3689 ἵνα
1132 3639 1252 3699 ταῖς
1317 3633 1450 3702 παρ’
1500 3631 1726 3685 ἐκείνων
1777 3630 2015 3694 ἀπάταις

392 3728 716 3802 ἀπσκλείσῃ
759 3729 859 3800 τὴν
888 3730 968 3792 εἰς
995 3728 1056 3781 τὸ
1086 3728 1277 3800 πρόσω
1309 3725 1562 3797 πάροδον,
1601 3722 1696 3776 καὶ
1728 3721 1879 3795 δείξῃ
1914 3721 2012 3793 μὲν

393 3827 518 3885 τοῖς
557 3823 664 3875 ούκ
695 3822 863 3875 εἰδόσι
889 3822 982 3875 τὸν
1019 3821 1277 3874 ἁπάντων
1306 3817 1715 3886 γενεσιουργὸν,
1758 3816 1824 3869 δι’
1851 3810 1927 3868 ὧν
1957 3814 2014 3868 δὲ

394 3916 501 3986 τὴν
540 3915 725 3969 κτίσιν
760 3914 1096 3984 πεποιῆσθαί
1127 3930 1284 3984 φησι,
1313 3911 1403 3966 διὰ
1436 3910 1640 3964 τούτων
1669 3910 1848 3965 αὐτῶν
1877 3908 2017 3962 ἐκδι-

394 4008 582 4080 δάσκῃ
633 4007 858 4078 σαφῶς,
907 4009 1102 4078 ὅτιπερ
1153 4004 1341 4073 ἕτερός
1384 4005 1501 4056 ἐστι
1544 4003 1676 4074 παρ’
1723 4001 1941 4073 ἐκείνην
1985 4000 2017 4053 ὁ

398 4103 547 4173 πρὸς
579 4102 646 4154 τὸ
682 4096 825 4154 εἶναι
857 4099 1064 4164 καλῶν,
1101 4101 1194 4152 καὶ
1229 4098 1454 4169 ἀρρήτῳ
1485 4096 1717 4167 δυνάμει
1743 4111 2016 4166 παρενεγ-

399 4195 522 4249 κὼν
557 4195 624 4246 ἐκ
669 4193 745 4264 μὴ
789 4192 962 4246 ὄντων
1008 4191 1078 4244 τά
1121 4190 1252 4244 ὄντα
1302 4189 1440 4260 πρὸς
1485 4188 1720 4258 γένεσιν.
1757 4183 1866 4240 *Ην
1907 4186 2018 4258 γὰρ

395 4289 554 4345 οὕτω
584 4287 774 4342 λοιπὸν
805 4288 916 4341 ἀπὸ
945 4287 1215 4356 καλλονῆς
1247 4285 1569 4356 κτισμάτων
1615 4285 1898 4352 ἀναλόγως
1924 4283 2018 4338 τὸν

397 4383 666 4453 τεχνίτην
694 4383 852 4452 ὁρᾷν,
892 4382 987 4434 καὶ
1021 4381 1112 4434 τὸν
1145 4379 1278 4432 ὄντα
1315 4377 1436 4431 κατ’
1470 4379 1732 4448 ἀλήθειαν
1763 4373 2018 4444 ἐπιγινώ-

401 4492 568 4529 σκειν
599 4474 758 4535 Θεὸν,
809 4473 875 4526 δι’
909 4465 972 4525 οῦ
1005 4473 1073 4523 τὰ
1104 4473 1284 4526 πάντα
1317 4472 1508 4540 γέγονὲ
1543 4489 1602 4524 τε
1633 4472 1755 4541 ἤδη,
1795 4467 1889 4520 καὶ
1922 4481 2016 4534 γε-

396 4567 610 4636 γονότα
664 4565 918 4630 σώζεται.
978 4566 1110 4628 Ταῖς
1158 4565 1257 4634 μὲν
1293 4560 1387 4616 οὖν
1441 4563 1712 4633 Ἑλλήνων
1753 4559 2016 4630 ψευδολαι-

396 4661 610 4731 τρίαις,
636 4659 812 4722 οῦτως
842 4659 908 4712 ἂν
939 4655 1090 4728 οἶμαι
1125 4659 1309 4722 καλῶς
1329 4659 1429 4713 τὸν
1456 4658 1810 4727 εὐαγγελικὺν
1840 4675 2016 4728 παρα-

396 4753 681 4818 τάξασθαι
713 4752 891 4820 λόγον,
924 4751 1126 4822 ταύτης
1156 4770 1214 4805 τε
1250 4752 1413 4806 ἕνεκα
1441 4753 1542 4823 τῆς
1576 4751 1756 4814 αἰτίας
1786 4750 2016 4821 ποιητὴν

397 4845 668 4916 εἰσῆχθαι
729 4847 827 4900 καὶ
857 4846 1213 4918 δημιουργὸν,
1247 4846 1337 4900 διά
1371 4847 1472 4914 τῆς
1506 4845 1602 4900 τοῦ
1633 4846 1792 4914 ἁγίου
1834 4845 2018 4914 φωνῆς

2117 3259 2301 3330 ipsum
2339 3258 2484 3314 facta
2525 3276 2676 3323 esse,
2706 3271 2762 3315 et
2809 3259 2934 3316 sine
2975 3261 3096 3331 ipso
3137 3261 3271 3315 nihil
3305 3265 3371 3317 ad
3414 3278 3541 3318 esse
3581 3280 3711 3334 pro—

2115 3351 2344 3406 ductnm
2371 3389 2386 3415 ,
2419 3360 2478 3405 ut
2520 3367 2714 3406 eorum
2765 3351 2992 3408 fraudes
3034 3353 3394 3418 retunderet.
3431 3364 3488 3410 et
3527 3370 3710 3411 rerum

2114 3444 2366 3497 omnium
2399 3451 2688 3499 auctorem
2722 3444 2934 3514 ignaris
2983 3446 3328 3513 ostenderet,
3366 3457 3420 3501 et
3465 3463 3564 3516 per
3591 3465 3716 3517 quae

2118 3535 2324 3590 factam
2361 3553 2488 3592 esse
2531 3546 2848 3592 creaturam
2896 3539 3014 3602 ait,
3071 3554 3167 3609 per
3225 3539 3341 3594 haec
3392 3539 3510 3609 ipsa
3565 3541 3715 3595 ciare

2115 3627 2347 3682 doceret
2378 3629 2549 3682 alium
2576 3645 2701 3684 esse
2731 3631 2800 3683 ab
2827 3630 2945 3699 ipsa
2979 3645 3107 3685 eum
3143 3630 3235 3701 qui
3271 3631 3337 3685 ad
3369 3647 3493 3686 esse
3529 3643 3710 3696 vmat,

2115 3730 2175 3776 et
2209 3721 2477 3776 ineffabili
2501 3722 2708 3776 virtute
2735 3739 2824 3777 res
2859 3739 2889 3777 e
2912 3724 3088 3778 nihilo
3119 3725 3376 3795 producit
3409 3725 3463 3778 in
3499 3734 3710 3778 ortum.

2120 3812 2236 3869 Hoc
2290 3814 2438 3869 enim
2498 3824 2658 3884 pacto
2724 3830 2788 3870 ex
2866 3815 3283 3885 pulchritudine
3325 3827 3712 3873 creaturarmn

2116 3908 2373 3977 opiﬁcem
2429 3909 2803 3964 similitudine
2850 3911 3092 3979 quadam
3143 3926 3379 3967 eernere
3441 3912 3606 3973 licet,
3659 3920 3713 3965 et

2119 4018 2310 4057 revera
2369 4002 2728 4058 exsistentem
2780 4003 2949 4058 Deum
3005 4020 3342 4074 agnoscere,
3411 4021 3506 4075 per
3553 4021 3712 4073 quem

2118 4095 2304 4150 omnia
2339 4094 2483 4150 facta
2524 4106 2690 4162 sunt,
2727 4105 2782 4151 et
2814 4097 3010 4151 ‘creata
3047 4107 3476 4152 conservantur.
3507 4098 3717 4151 Adver-

2119 4205 2218 4246 sus
2253 4189 2573 4245 Graecorum
2614 4191 2782 4260 igitur
2815 4191 3184 4245 idololatrian]
3221 4199 3370 4246 recte
3417 4192 3520 4245 hoc
3556 4199 3717 4260 pacto

2119 4298 2436 4338 sermonem
2485 4284 2865 4353 evangelicum
2923 4284 3074 4337 velut
3126 4283 3197 4337 in.
3235 4284 3409 4339 aciem
3455 4283 3717 4338 eduxisse

2121 4377 2386 4440 arbitror,
2422 4391 2656 4446 eamque
2693 4379 2761 4429 ob
2800 4391 3032 4430 causam,
3060 4377 3326 4432 factorem
3364 4390 3418 4431 ct
3457 4378 3710 4446 opiﬁcem

2123 4478 2402 4526 assertum
2453 4485 2577 4526 esse
2607 4471 2787 4526 sancti
2833 4485 2969 4524 voce
3010 4471 3295 4525 credimus
3337 4469 3714 4539 Unigenitum.

2122 4563 2588 4632 Quandoquidem
2642 4579 2772 4618 vero
2821 4570 3254 4617 consentaneum
3299 4572 3386 4616 est
3429 4556 3718 4616 ἥξει-σείων·

2124 4673 2246 4712 rum
2277 4671 2538 4728 perversa
2567 4665 2877 4710 commenta
2917 4657 3081 4710 etiam
3130 4655 3468 4724 intelligere,
3510 4654 3712 4720 opinor

2127 4751 2192 4804 ad
2225 4749 2444 4805 illorum
2477 4764 2664 4803 mores
2691 4748 3047 4820 respiciendo
3079 4747 3280 4818 subjici
3316 4762 3493 4815 pauca
3520 4762 3720 4801 rursus

2125 4849 2404 4910 oportere.
3348 4835 3350 4837 ’

396 4943 494 4996 τὸν
526 4942 814 5013 Μονογενῆ
844 4941 1195 5011 πιστεύομεν.
1244 4941 1461 5012 Ἐπειδὴ
1533 4941 1590 4994 δὲ
1631 4940 1927 4995 ἀκόλουθον
1995 4939 2198 4990 ὲννοεῐν
2245 4935 2341 4989 καὶ
2408 4934 2507 4998 τὰς
2573 4933 2682 4987 τῶν
2728 4932 3023 5004 αἱρετικῶν
3069 4928 3402 5002 δυστρόπους
3446 4928 3721 5000 εὑρεσιλο-

394 5039 557 5107 γίας,
594 5039 894 5108 προσήκειν
932 5036 1176 5107 ἡγοῦμαι
1217 5038 1314 5091 καὶ
1352 5039 1490 5109 πρὸς
1521 5038 1590 5092 τὰ
1622 5038 1848 5091 ἐκείνων
1873 5032 2285 5096 ἀποϐλέποντας
2320 5031 2416 5102 ἔθη
2457 5030 2629 5101 μικρὰ
2660 5029 3054 5084 πάλινείπεῖν.

477 5129 714 5194 Πάντα,
763 5130 918 5198 φησι,
961 5129 1035 5181 δι’
1060 5128 1249 5185 αὐτοῦ
1276 5127 1537 5198 ἐγένετο,
1579 5129 1677 5184 καὶ
1705 5128 1884 5198 χωρὶς
1907 5127 2017 5180 αὐ-

392 5222 514 5276 τοῦ
540 5215 788 5290 ἐγένετο
817 5219 961 5275 οὐδὲ
995 5221 1083 5274 ἓν.

479 5315 806 5385 Θεοπρεπὲς
856 5315 951 5367 καὶ
1002 5312 1164 5367 τοῦτο
1216 5313 1528 5386 περιτίθησι
1569 5312 1630 5366 τὸ
1670 5313 1890 5385 ἀξίωμα
1936 5313 2015 5385 τῷ

396 5405 547 5475 Titi),
584 5406 681 5458 καὶ
709 5405 1049 5476 πανταχόθεν
1087 5407 1372 5478 ὀμοούσιον
1402 5406 1532 5460 ὅντα
1559 5406 1821 5460 δεικνύων
1854 5407 2017 5461 αὐτὸν

397 5499 485 5569 τῷ
526 5499 827 5568 Γεννήτορι
876 5497 1018 5568 Θεῷ,
1059 5499 1154 5551 καὶ.
1197 5498 1376 5553 πάντα
1412 5498 1481 5552 τὰ
1519 5498 1715 5569 ἐκείνῳ
1747 5501 2017 5570 προσόντα

400 5591 664 5661 φυσικῶς
699 5591 1030 5660 ἐνυπάρχειν
1074 5592 1152 5662 τῷ
1179 5593 1478 5663 γεννήματι
1508 5591 1682 5659 λέγων
1709 5605 1722 5619 ⁸
1773 5593 1860 5647 ἵνα
1883 5592 2017 5657 Θεὸς

400 5688 474 5739 ἐκ
519 5683 660 5736 Θεοῦ
711 5683 896 5754 νοῆται
947 5684 1088 5737 κατὰ
1118 5684 1397 5756 ἀλήθειαν,
1451 5685 1512 5738 ού
1561 5683 1812 5756 καθάπερ
1857 5687 2018 5758 ἡμεῖς

475 5844 528 5879 ’⁷
557 5842 770 5902 Jerem.
807 5859 883 5912 ιι,
910 5844 1003 5898 27.

2201 5124 2416 5186 Omnia,
2454 5122 2656 5191 inquit,
2692 5137 2784 5189 per
2815 5123 2988 5190 ipsum
3019 5124 3167 5190 facta
3200 5127 3346 5186 sunt,
3375 5129 3424 5174 et
3449 5121 3564 5175 sine
3603 5121 3721 5191 ipso

2126 5220 2328 5288 factum
2354 5225 2432 5269 est
2462 5214 2615 5268 nihil.

2197 5310 2448 5364 Divinam
2482 5308 2626 5362 hanc
2663 5320 2889 5375 quoque
2925 5304 3253 5374 dignitatem
3308 5303 3452 5358 Filio
3502 5305 3716 5365 tribuit,

2125 5415 2250 5458 eum
2304 5403 2492 5473 ipsum
2538 5399 2691 5454 omni
2722 5413 2787 5454 ex
2829 5408 2987 5468 parte
3024 5399 3220 5452 consul
3244 5395 3560 5450 stantialcm
3595 5410 3717 5450 essu

2125 5496 2234 5551 Deo
2265 5495 2413 5550 Patri
2444 5495 2763 5556 ostendens,
2815 5499 2932 5544 tum
2963 5491 3146 5543 omnia
3181 5489 3450 5541 exsistere
3484 5485 3534 5536 in
3565 5486 3718 5553 geni-

2126 5591 2272 5644 mine
2307 5601 2566 5644 asserens
2593 5627 2606 5651 ,
2651 5599 2996 5656 qmecunque
3030 5581 3176 5636 Patri
3226 5581 3420 5632 insunt
3467 5586 3667 5630 natura
3699 5593 3712 5630 :

2126 5692 2188 5739 ut
2216 5682 2357 5738 Deus
2389 5682 2456 5738 de
2485 5681 2598 5736 Deo
2624 5677 2964 5750 intelligatur
2996 5689 3121 5730 esse
3153 5684 3368 5737 revera,
3399 5683 3508 5725 non
3548 5668 3694 5725 sicut
