4156 6516
368 525 436 582 81
1451 520 1517 577 IN
1560 519 1850 576 JOANNIS
1885 517 2336 576 EVANGELIUM
2371 519 2497 576 LIB.
2542 518 2582 574 1.

3603 508 3691 579 εί.

369 649 563 722 εργεῖν
596 663 648 702 τι
674 647 805 720 περὶ
831 647 903 702 τὰ
943 648 1074 702 ὄντα
1113 648 1202 702 τὸν
1232 646 1365 702 θεὸν
1425 647 1522 702 καὶ
1554 645 1776 717 Πατέρα
1809 643 1966 716 φησιν

2078 640 2190 715 ω
2220 640 2417 709 Filius,
2451 654 2506 701 et
2531 643 2776 714 seipsum
2811 643 3064 703 vicissim
3091 645 3306 716 cperari
3338 646 3461 702 sine
3485 645 3671 712 Patre.

367 744 398 795 ὁ
445 740 600 805 Υίδς,
647 740 841 794 ἑαυτὸν
886 739 946 794 δὲ
993 739 1158 794 πάλιν
1201 739 1403 811 ὁμοίως
1449 737 1779 811 ἐργάζεσθαι
1823 736 1974 804 λέγει

366 832 498 904 δίχα
531 831 626 886 τοῦ
660 832 899 903 Πατρὸς,
945 833 1040 886 καὶ
1071 831 1425 904 ἀτρεμούσης
1464 830 1665 902 τρόπον
1707 829 1830 884 τινὰ
1873 828 1976 899 τῆς

365 927 466 993 ἀφ’
491 920 564 997 ἦς
585 927 735 978 ἐστιν
756 924 946 988 οὐσίας
967 940 984 956 ο
1020 920 1130 984 εἷεν
1154 924 1264 995 γάρ
1291 924 1357 978 ἂν
1376 922 1520 978 οὓτω
1539 922 1632 977 δύο
1649 921 1714 994 δὴ
1735 921 1976 987 πάντως,

369 1017 466 1074 καὶ
493 1016 597 1085 οὐχ
627 1009 710 1079 εἷς
738 1017 769 1070 ό
799 1014 1150 1087 δημιουργὸς,
1175 1015 1336 1086 εἴπερ
1381 1014 1488 1068 άνὰ
1523 1013 1687 1084 μέρος
1719 1013 1978 1082 ἑκάτερος

374 1110 472 1164 καὶ
531 1107 966 1180 κεχωρισμένως
1020 1107 1313 1179 ἐργάζεται
1337 1146 1354 1171 ,
1422 1103 1730 1170 ἐπιδέξεται
1781 1101 1839 1155 δὲ
1883 1100 1979 1155 καὶ

377 1204 578 1275 ἑτέρως
605 1202 671 1256 τὸ
695 1199 958 1255 δύνασθαι
990 1199 1067 1272 μὴ
1092 1199 1238 1271 ἔχειν
1262 1199 1436 1253 εἰσαεὶ
1459 1197 1549 1250 τὸν
1575 1196 1703 1251 Υίδν
1726 1196 1756 1248 ὁ
1784 1195 1978 1265 Πατὴρ

369 1297 430 1348 ἑν
463 1293 670 1366 ἐαυτῷ,
707 1293 806 1348 καὶ
847 1294 877 1346 ό
923 1292 1054 1357 Υἱδς
1099 1291 1302 1363 ὁμοίως
1349 1291 1452 1345 οὐκ
1497 1290 1586 1344 ἀεὶ
1634 1288 1725 1343 τὸν
1756 1285 1979 1356 Πατέρα

365 1388 514 1458 ἔχων
539 1388 602 1441 ὲν
630 1384 812 1455 ἑαυτῷ
833 1383 1154 1453 ὀφθήσεται,
1189 1385 1350 1454 εἴπερ
1381 1382 1520 1445 ὅλως
1547 1380 1823 1451 ἐνδέχεται
1849 1377 1978 1446 περί

364 1493 424 1530 τι
450 1476 563 1531 τῶν
586 1475 759 1531 ὄντων
784 1478 1033 1547 ἐνεργεῖν
1081 1473 1188 1530 ἀνὰ
1219 1474 1388 1546 μέρος
1427 1474 1524 1528 καὶ
1551 1469 1976 1544 κεχωρισμένως

366 1571 664 1643 ἑκάτερον,
691 1568 946 1640 καθάπερ
973 1569 1082 1640 ήδη
1107 1568 1469 1639 προείπομεν
1509 1565 1606 1624 καὶ
1645 1565 1711 1620 οὐ
1755 1563 1976 1626 πάντως

367 1660 676 1733 ἀληθεύσει
705 1661 880 1732 λέγων
903 1661 933 1714 ὁ
962 1660 1118 1725 Υἱός·
1163 1678 1183 1713 ι
1217 1657 1360 1728 Ἐγὼ
1386 1659 1446 1714 ὲν
1477 1657 1557 1728 τῷ
1590 1655 1785 1728 Πατρὶ,
1820 1653 1918 1708 καὶ
1947 1654 1976 1709 ὁ

364 1753 572 1825 Πατὴρ
614 1753 675 1808 έν
720 1753 868 1824 ἐμοί.
906 1771 927 1805 ι
987 1751 1063 1807 οὐ
1096 1750 1206 1824 γὰρ
1244 1750 1420 1819 δήπου
1470 1747 1616 1804 κατὰ
1663 1747 1834 1819 μόνην
1873 1743 1976 1816 τὴν

359 1843 673 1914 ὁμοιότητα
724 1844 825 1916 τῆς
868 1842 1093 1908 οὐσίας,
1145 1842 1224 1906 ὡς
1255 1839 1584 1913 χαρακτῆρα
1613 1839 1704 1896 τὸν
1753 1838 1882 1893 Υίὸν
1913 1838 1975 1893 έν

362 1936 544 2007 [la-:91
591 1935 980 2007 θεωρήσομεν,
1023 1933 1058 2005 ἢ
1101 1928 1168 1989 αῦ
1221 1931 1385 1990 πάλιν
1431 1932 1509 1997 ὼς
1560 1931 1870 2003 ἀρχέτυπον
1913 1929 1974 1984 έν

363 2026 488 2098 Υίῷ
528 2027 621 2081 τὸν
651 2025 899 2098 Πατέρα,
949 2025 1064 2080 ἀλλ’
1108 2024 1238 2081 Υιδν
1270 2023 1372 2098 μὲν
1409 2023 1476 2078 ἑκ
1500 2021 1599 2094 τῆς
1631 2019 1726 2074 τοῦ
1757 2019 1970 2092 Πατρος

368 2117 558 2183 οὐσίας
587 2116 872 2189 γεῊητῶς
918 2117 1294 2189 ἐκλάμποντα,
1345 2116 1442 2171 καὶ
1481 2116 1540 2170 ἐν
1585 2115 1751 2186 αὐτῇ,
1781 2112 1878 2168 καὶ
1909 2114 1968 2182 ἐξ

362 2210 540 2281 αὐτῆς
581 2210 973 2276 ίόιοσυστάτως
1013 2210 1350 2282 ὑπάρχοντα,
1394 2208 1488 2263 καὶ
1517 2206 1808 2277 ὑφεστῶτα
1833 2204 1968 2260 Θεὸν

358 2304 540 2372 Λόγον
567 2303 995 2375 παραδεξόμεθα
1019 2319 1033 2334 ο
1079 2302 1296 2374 Πατέρα
1323 2301 1381 2355 δὲ
1411 2299 1574 2355 πάλιν
1612 2300 1672 2354 ἐν
1712 2297 1848 2371 Υίῷ,
1890 2296 1968 2364 ὡς

353 2399 418 2450 ἐν
442 2397 724 2468 όμοουσίῳ
751 2398 1078 2469 γεννήματι,
1107 2392 1372 2467 συμφυῶς
1401 2392 1520 2464 μὲν,
1546 2392 1686 2446 κατὰ
1712 2392 1769 2446 δὲ
1796 2391 1969 2464 μόνην

352 2489 460 2559 τὴν
506 2488 810 2560 ἑτερότητα
857 2482 1022 2554 εῖναι,
1061 2487 1158 2541 καὶ
1199 2484 1442 2540 νοεῖσθαι
1480 2483 1629 2536 τοῦθ’
1671 2486 1811 2556 ὅπερ
1848 2483 1968 2540 ἐστὶ

355 2581 814 2653 μεμερισμένως.
859 2581 1030 2635 Μένει
1071 2579 1182 2652 γὰρ
1209 2583 1238 2636 ὁ
1268 2582 1459 2654 Πατὴρ
1483 2576 1632 2635 τοῦθ’
1659 2579 1796 2652 ὅπερ
1824 2578 1963 2644 ἐστὶ,

351 2674 462 2730 κᾶν
495 2675 727 2750 ὐπάρχῃ
765 2676 1034 2746 συμφυῶς
1071 2678 1131 2730 ὲν
1162 2675 1299 2746 Υίῷ,
1330 2675 1585 2747 καθάπερ
1611 2670 1752 2728 εἶναι
1781 2662 1966 2744 φαμεν

353 2771 416 2822 ‘sv
445 2767 530 2839 τῷ
555 2769 962 2839 ἀπαυγάσματι
992 2768 1084 2822 τὸν
1112 2767 1286 2839 ἥλιον.
1319 2768 1428 2822 Καὶ
1458 2767 1624 2822 πάλιν
1651 2767 1682 2821 ὁ
1709 2764 1841 2829 Υίὸς
1866 2765 1966 2836 οὐχ

355 2862 548 2932 ἕτερόν
598 2878 657 2915 τι
707 2861 838 2932 παρ’
874 2861 1012 2934 ὅπερ
1050 2861 1170 2914 ἐστὶ
1199 2861 1549 2932 νοηθὴσεται,
1596 2858 1702 2914 κὸν
1738 2857 1966 2933 ὑπάρχῃ

363 2954 632 3026 συμφυῶς
668 2954 729 3008 ιν
759 2953 959 3024 Πατρὶ,
989 2952 1243 3024 καθάπερ
1276 2954 1334 3005 ἐν
1363 2951 1501 3023 ἡλίῳ
1526 2950 1590 3004 τὸ
1619 2949 1968 3022 ἀπαύγασμα

348 3045 550 3099 αὐτοῦ.
600 3043 763 3100 Οὕτω
806 3045 940 3117 γὰρ,
974 3045 1189 3118 Πατρός
1231 3044 1330 3116 μὲν
1375 3045 1494 3098 κατ’
1525 3042 1784 3116 ἀλήθειαν
1812 3058 1965 3098 νοου-

348 3135 556 3206 μένου,
579 3137 676 3192 καὶ
702 3137 856 3202 ὄντος
876 3137 970 3191 τοῦ
999 3136 1237 3208 Πατρδς.
1267 3135 1400 3190 Tia-3
1428 3136 1485 3190 δὲ
1516 3136 1678 3191 πάλιν
1703 3135 1858 3198 ὄντος
1881 3152 1944 3189 τε

344 3230 456 3286 καὶ
481 3229 776 3300 νοουμένου
803 3230 900 3285 τοῦ
937 3230 1092 3296 Υίοῦ,
1135 3228 1598 3294 συνεισσαίνοντος
1629 3227 1837 3301 δηλαδὴ
1867 3227 1962 3283 τοῦ

342 3323 521 3393 ἁγίου
556 3323 895 3394 Πνεύματος,
936 3324 965 3377 ὁ
1003 3325 1103 3394 τῆς
1140 3321 1302 3416 ἁγίας
1335 3321 1564 3416 Τριάδος
1606 3320 1840 3416 ἀριθμός
1883 3321 1964 3416 εἰς
1988 3356 2034 3416 C

349 3417 492 3488 μίαν
536 3415 632 3470 καὶ
659 3416 762 3484 τὴν
801 3415 973 3487 αὐτὴν
1017 3414 1302 3470 ἀναϐαίνει
1369 3413 1622 3484 θεότητα.
1665 3412 1817 3467 Ἐπεὶ
1844 3411 1964 3479 πῶς

345 3512 420 3564 ἂν
447 3509 592 3574 ὅλως
623 3507 717 3562 καὶ
746 3503 827 3572 εἷς
861 3508 1129 3579 ὑπάρχειν
1159 3509 1332 3562 νοοῖτο
1354 3507 1510 3572 Θεὸς,
1533 3508 1692 3577 εἴπερ
1732 3505 1964 3560 ἕκαστον

348 3601 466 3655 τῶν
520 3598 948 3672 σημαινομένων
1011 3599 1362 3671 ἀναχωρήσει
1423 3599 1524 3668 μὲν
1584 3598 1665 3662 είς
1721 3596 1963 3670 ἰδιότητα

349 3693 625 3763 παντελῆ,
653 3692 966 3763 ὁλοκλήρως
1001 3691 1058 3745 δὲ
1081 3692 1191 3762 τῆς
1212 3691 1349 3762 πρὸς
1385 3691 1447 3744 τὸ
1472 3689 1660 3761 ἕτερον
1683 3690 1962 3760 συμφυΐας

349 3803 409 3840 τε
441 3785 542 3838 καὶ
571 3785 814 3856 σχέσεως
841 3782 1138 3848 οὐσιώδους
1172 3782 1614 3853 ἀπενηνεγμένον
1643 3780 1963 3852 ὀνομάζοιτο

344 3877 526 3942 θεόςς
579 3875 794 3931 Οὐκοῦν
823 3874 968 3930 κατὰ
1001 3874 1101 3946 μὲν
1138 3874 1232 3928 τὸν
1262 3874 1420 3943 λόγον
1454 3873 1550 3928 τοῦ
1581 3871 1723 3930 εἶναι
1764 3873 1962 3927 ίδιοσυ-

347 3970 593 4034 στάτως,
621 3969 718 4024 καὶ
749 3967 842 4022 τὸν
864 3967 1108 4039 Πατέρα,
1134 3967 1338 4022 καὶτὸν
1363 3965 1512 4030 Υίδν,
1540 3966 1634 4020 καὶ
1654 3966 1714 4021 τὸ
1734 3965 1962 4037 Πνεῦμα

344 4065 680 4135 νοήσαιμεν,
706 4061 808 4114 οὐκ
836 4060 1233 4132 ἀναμίσγοντες
1268 4062 1348 4124 εἰς
1371 4059 1470 4132 τὴν
1491 4061 1628 4130 ὅπερ
1653 4059 1800 4113 ἐστὶν
1823 4059 1956 4113 ἕκα-

342 4173 478 4210 στον
512 4155 689 4220 θέσιν,
721 4154 820 4226 τὴν
850 4155 960 4210 τῶν
1003 4153 1346 4228 προσώπων,
1381 4154 1500 4226 ἦτοι
1535 4152 1645 4207 τῶν
1676 4152 1961 4224 ὀνομάτων

340 4248 663 4319 διαφοράνσ
703 4247 843 4302 ἀλλὰ
887 4248 1183 4320 τηροῦντες
1233 4248 1333 4320 μὲν
1379 4245 1694 4312 ἰδιαζόντως
1741 4245 1960 4316 ἑκάστῳ

342 4341 411 4396 τὸ
443 4335 616 4403 εἶναι,
650 4339 746 4392 καὶ
781 4339 1036 4408 λέγεσθαι
1056 4339 1202 4394 τοῦθ’
1231 4340 1370 4412 ὅπερ
1394 4337 1536 4401 ἐστὶ,
1577 4338 1671 4392 καὶ
1696 4337 1839 4391 οὕτω
1877 4354 1958 4390 πι-

341 4431 665 4495 στεύοντες
707 4432 788 4494 εἰς
828 4430 959 4502 μίαν
995 4431 1040 4484 δ’
1087 4428 1182 4486 οῦν
1231 4432 1380 4503 ὅμως
1428 4430 1662 4500 θεότητα
1711 4431 1959 4500 φυσικῶς

333 4524 727 4596 ἀναφέροντες
778 4525 919 4578 αὐτὰ
943 4566 958 4587 ,
1025 4525 1120 4578 καὶ¹
1169 4524 1231 4578 τὸ
1286 4524 1466 4595 πάντη
1521 4523 1958 4596 διενηνεγμένως

334 4614 514 4683 εἶναι,
550 4620 694 4672 νοεῖν
721 4617 1170 4689 παραιτούμενοι,
1193 4615 1282 4670 διὰ
1304 4616 1366 4670 τὸ
1391 4617 1587 4686 Λόγον,
1614 4616 1710 4671 καὶ
1740 4616 1953 4687 σοφίαν,

2077 741 2133 788 et
2161 748 2227 790 ea
2266 734 2680 804 quodammodo
2737 745 3001 795 cessante
3054 738 3374 795 substantia
3440 755 3507 795 ex
3557 756 3671 811 qua

2079 827 2348 898 procedit.
2379 827 2477 885 Sic
2501 829 2649 886 enim
2691 829 2805 885 duo
2839 840 3027 899 erunt,
3059 846 3170 888 non
3203 848 3352 890 unus
3385 833 3594 904 opifex,
3626 835 3672 889 si

2079 921 2322 977 vicissim
2347 937 2414 978 ac
2442 922 2680 978 seorsim
2716 931 2981 993 operatur
3009 931 3260 995 uterque,
3308 941 3375 980 ac
3405 935 3672 997 prater-ea

2078 1013 2199 1070 fieri
2223 1015 2424 1086 poterit
2459 1024 2520 1070 ut
2551 1013 2719 1071 Pater
2750 1013 2946 1071 Filium
2989 1031 3100 1072 non
3141 1033 3357 1090 semper
3384 1019 3587 1075 habeat
3614 1021 3671 1075 in

2079 1105 2284 1177 seipse,
2321 1114 2377 1163 et
2415 1105 2592 1162 Filius
2644 1107 2903 1164 similiter
2958 1122 3072 1166 non
3124 1123 3344 1181 semper
3388 1110 3445 1165 in
3486 1112 3671 1182 seipse

2078 1197 2300 1254 Patrem
2355 1198 2561 1255 habere
2616 1199 2938 1270 videbitur,
3004 1200 3052 1256 si
3102 1204 3331 1257 omnino
3400 1203 3672 1274 contingit

2079 1286 2228 1340 circa
2276 1301 2365 1344 res
2397 1288 2615 1358 operari
2673 1287 2918 1346 vicissim
2968 1305 3034 1346 ac
3065 1290 3303 1347 seorsim
3349 1300 3670 1364 utrumque,

2078 1377 2240 1433 sicuti
2295 1377 2412 1449 jam
2476 1389 2640 1436 antea
2691 1380 2978 1452 diximus;
3040 1384 3449 1456 mentieturque
3495 1384 3672 1446 Filius

2077 1465 2315 1524 dicens:
2355 1486 2374 1520 ι
2409 1467 2525 1540 Εκο
2578 1469 2634 1525 in
2665 1468 2850 1540 Patre,
2886 1480 2941 1532 et
2986 1470 3149 1531 Pater
3200 1475 3257 1530 in
3314 1479 3457 1534 me’.
3489 1496 3508 1530 ι
3547 1476 3670 1533 Non

2077 1560 2224 1617 enim
2278 1561 2586 1618 secundum
2639 1565 2814 1620 solam
2863 1565 3286 1624 similitudinem
3339 1570 3672 1628 substantiae

2079 1661 2343 1726 tanquam
2379 1655 2760 1714 characterem
2791 1658 2996 1717 Filium
3040 1659 3097 1716 in
3127 1659 3292 1719 Patre
3323 1664 3670 1734 contempla-

2077 1746 2300 1812 bimur,
2353 1756 2448 1805 aut
2501 1749 2750 1810 vicissim
2803 1750 2952 1807 velut
3001 1752 3366 1825 archetypum
3419 1754 3475 1810 in
3529 1754 3670 1813 Filio

2077 1838 2336 1910 Patrem,
2388 1841 2484 1900 sed
2529 1841 2727 1899 Filium
2773 1845 2996 1915 quidem
3023 1861 3089 1903 ex
3122 1844 3306 1904 Patris
3351 1847 3668 1911 substantia

2076 1948 2175 2004 per
2203 1934 2624 2006 generationem
2654 1934 3031 2008 effulgentem,
3073 1946 3129 1995 et
3170 1939 3224 1994 in
3253 1940 3372 2010 ipsa
3404 1948 3570 2012 atque
3595 1956 3666 1997 ex

2076 2026 2196 2096 ipsa
2277 2025 2626 2098 hypostatice
2722 2028 3085 2086 exsistentem
3158 2029 3668 2102 subsistentemque

2071 2114 2245 2176 Deum
2281 2117 2523 2174 Verbum
2552 2119 2983 2188 confitebimur;
3029 2119 3247 2176 Patrem
3279 2131 3462 2178 autem
3495 2123 3666 2180 vicis-

2071 2210 2178 2266 sim
2205 2209 2263 2266 in
2283 2208 2447 2279 Filio,
2479 2219 2741 2284 tanquam
2777 2214 2830 2268 in
2863 2213 3330 2271 consubstantiali
3358 2217 3662 2288 genimine,

2069 2303 2513 2365 connaturaliter
2540 2304 2786 2378 quidem,
2830 2305 2926 2362 sed
2957 2307 3076 2363 sola
3117 2308 3331 2365 ratione
3369 2325 3477 2380 qua
3505 2309 3666 2366 Pater

2067 2402 2156 2454 est
2211 2403 2270 2452 et
2301 2396 2649 2469 intelligitur,
2683 2397 3033 2454 distinctum.
3089 2397 3272 2456 Manet
3321 2402 3471 2456 enim
3505 2400 3665 2458 Pater

2069 2489 2125 2546 id
2173 2489 2322 2562 quod
2351 2497 2459 2556 est,
2495 2491 2621 2548 licet
2668 2493 3105 2549 connaturaliter
3133 2496 3367 2550 exsistat
3402 2497 3454 2551 in
3504 2495 3662 2564 Filio,

2066 2579 2537 2652 quemadmodum
2569 2597 2694 2640 esse
2738 2583 2979 2640 dicimus
3014 2585 3067 2639 in
3123 2585 3421 2657 splendore
3463 2588 3662 2645 solem.

2068 2672 2286 2734 Rursus
2325 2684 2510 2732 autem
2554 2674 2731 2734 Filius
2789 2694 2900 2736 non
2953 2680 3106 2736 aliud
3155 2682 3420 2753 quiddam
3473 2683 3543 2747 ah
3597 2699 3664 2738 eo

2066 2765 2216 2836 quod
2247 2774 2332 2823 est
2362 2768 2686 2825 censebitur
2710 2811 2725 2838 ,
2766 2770 2897 2826 licet
2941 2772 3178 2830 exsistat
3229 2776 3559 2831 naturaliter
3607 2777 3662 2832 in

2066 2853 2257 2925 Patre,
2287 2858 2757 2930 quemadmodum
2793 2865 2849 2918 in
2895 2863 3012 2921 sole
3041 2865 3322 2935 splendor.
3355 2865 3471 2925 Hoc
3505 2877 3663 2937 pacto

2065 2949 2216 3004 enim
2257 2963 2386 3004 cum
2422 2946 2584 3006 Pater
2626 2966 2820 3008 revera
2874 2953 3216 3026 intelligatur
3270 2965 3326 3017 et
3363 2958 3436 3013 sit
3477 2957 3661 3024 Pater,

2066 3035 2355 3110 Filiusque
2403 3041 2652 3100 vicissim
2698 3043 3036 3116 intelligatur
3088 3054 3144 3106 et
3184 3048 3255 3106 sit
3293 3046 3505 3117 Filius,
3553 3067 3660 3106 una

2065 3128 2324 3186 videlicet
2367 3146 2492 3188 cum
2548 3145 2744 3192 sancto
2805 3134 3055 3207 Spiritu,
3113 3148 3320 3198 saneta
3371 3140 3660 3200 Trinitatis

2067 3235 2334 3282 numerus
2369 3223 2426 3282 in
2472 3240 2641 3281 unam
2676 3235 2732 3283 et
2775 3229 3026 3285 eamdem
3080 3230 3338 3289 deitatem
3374 3236 3656 3295 coalescit.

2066 3314 2202 3372 Nam
2231 3317 2513 3390 quomodo
2542 3335 2686 3378 unus
2717 3336 2938 3393 quoque
2973 3321 3118 3380 Deus
3151 3326 3426 3384 exsistere
3464 3343 3660 3388 censo-

2064 3407 2246 3478 bitur,
2289 3409 2338 3468 si
2386 3427 2730 3484 unaquaeque
2779 3413 3071 3472 Trinitatis
3106 3431 3342 3488 persona
3385 3421 3452 3476 ad
3493 3437 3655 3491 pecu-

2066 3493 2258 3551 liarem
2294 3505 2351 3553 et
2380 3496 2678 3568 perfectam
2712 3500 3108 3572 proprietatem
3157 3519 3219 3559 se
3264 3507 3514 3577 recipiet,
3548 3517 3602 3562 et
3628 3524 3660 3562 a

2066 3591 2307 3648 naturali
2361 3603 2528 3664 atque
2575 3595 2928 3652 substantiali
2978 3597 3374 3669 conjunctione
3405 3613 3658 3673 separata

2065 3682 2211 3742 Deus
2277 3685 2734 3757 nuncupabitur?
2799 3688 2991 3759 Itaque
3066 3691 3211 3761 quod
3268 3692 3334 3747 ad
3387 3695 3658 3750 rationem

2065 3777 2288 3847 proprie
2318 3792 2386 3833 ac
2421 3793 2520 3849 per
2567 3794 2628 3836 se
2663 3779 3002 3843 subsistendi
3041 3783 3270 3851 attinet,
3329 3793 3383 3839 et
3413 3779 3658 3851 Patrem,

2063 3877 2118 3924 et
2155 3868 2356 3927 Filium
2383 3910 2399 3938 ,
2438 3879 2494 3928 et
2523 3870 2788 3943 Spiritum
2831 3874 3242 3947 intelligamus,
3277 3893 3386 3934 non
3421 3879 3660 3935 confun-

2062 3959 2259 4018 dentes
2290 3976 2416 4016 cum
2441 3970 2638 4022 natura
2670 3964 2939 4037 cujusque
2968 3982 3336 4037 personarum
3357 3978 3453 4024 aut
3479 3969 3659 4024 nomi-

2063 4069 2196 4110 num
2237 4051 2627 4122 dili‘erentiam,
2661 4057 2757 4112 sed
2795 4057 3100 4114 tribuentes
3149 4061 3451 4132 unicuique
3487 4077 3656 4129 pecu-

2063 4143 2280 4200 liariter
2311 4144 2363 4200 id
2392 4145 2540 4216 quod
2575 4152 2662 4202 est
2694 4161 2758 4200 ac
2790 4146 3019 4216 dicitur,
3047 4157 3213 4220 atque
3246 4149 3318 4205 ita
3340 4150 3659 4217 credentes,

2063 4244 2449 4294 verumtamen
2520 4237 2573 4291 in
2632 4251 2798 4291 unam
2872 4237 3137 4294 deitatem
3199 4241 3530 4298 naturaliter
3593 4260 3659 4297 ea

2064 4329 2391 4395 referentes,
2425 4344 2524 4385 nec
2553 4329 2607 4385 in
2638 4331 2886 4385 animum
2929 4331 3256 4388 indecentes
3302 4350 3400 4389 eos
3426 4350 3657 4407 prorsus

2064 4419 2210 4475 inter
2279 4437 2340 4478 se
2385 4421 2694 4495 distingui,
2753 4429 3044 4494 propterea
3103 4425 3248 4498 quod
3305 4424 3544 4482 Verbum
3603 4439 3658 4482 et

2063 4515 2336 4586 sapientia
2388 4523 2442 4571 et
2481 4516 2777 4588 splendor,
2840 4529 2894 4572 et
2936 4517 3228 4574 character
3275 4527 3442 4592 atque
3478 4521 3658 4576 virtus

2061 4604 2264 4672 Patris,
2298 4606 2472 4665 Filius
2506 4610 2881 4680 appellatur’.
2921 4609 3162 4668 Verbum
3203 4613 3409 4684 quippe
3460 4621 3515 4669 et
3563 4631 3656 4669 sa-

336 4711 444 4764 καὶ
492 4709 866 4781 ἀπαύγασμα,
915 4710 1008 4762 καὶ
1055 4711 1406 4780 χαρακτῆρα,
1461 4708 1555 4762 καὶ
1583 4707 1814 4779 δύναμιν
1854 4706 1948 4761 τοῦ

2067 4701 2264 4770 pientia
2341 4701 2597 4768 dicitur,
2675 4713 2968 4775 propterea
3041 4708 3188 4776 quod
3291 4723 3357 4763 ex
3443 4718 3653 4770 mente.

337 4803 570 4874 Πατρδς
633 4801 1031 4856 ἀποκαλεῖσθαι
1083 4801 1176 4854 τὸν
1236 4801 1385 4856 Υίὸν.
1460 4802 1633 4871 Λόγος
1685 4800 1790 4872 μὲν
1848 4801 1959 4874 γὰρ

2067 4792 2166 4866 ΕῚ
2210 4803 2263 4850 et
2301 4795 2356 4850 in
2383 4805 2568 4852 mente
2600 4805 2688 4853 est
2712 4798 2958 4868 proxime
2988 4805 3042 4853 et
3083 4799 3358 4855 indivulse
3380 4839 3395 4861 .
3426 4810 3481 4855 et
3511 4817 3641 4870 pro-

333 4896 443 4949 καὶ
503 4894 709 4965 σοφία,
753 4894 842 4947 διὰ
886 4893 949 4947 τὸ
988 4896 1054 4947 ὲκ
1105 4891 1234 4955 νοῦ,
1283 4895 1378 4948 καὶ
1418 4895 1477 4947 ἐν
1519 4893 1596 4965 νῷ
1649 4894 1958 4968 προσεχῶς,

331 4988 441 5041 καὶ
468 4987 818 5050 άδιαστάτως
837 5025 853 5048 ,
885 4988 981 5040 καὶ
1007 4985 1107 5058 τὴν
1135 4987 1217 5050 εἰς
1248 4985 1455 5056 ἄλληλα
1485 4980 1594 5039 τῶν
1622 4988 1960 5058 σημαινομέ-

327 5095 474 5142 νων,
496 5075 579 5140 ὠς
606 5074 675 5130 ἄν
699 5077 845 5129 εἴποι
873 5092 977 5140 τις,
1008 5074 1372 5146 ἁντεμϐολήν.
1395 5074 1538 5139 Νοῦς
1563 5076 1670 5146 γὰρ
1706 5077 1765 5130 ἐν
1794 5076 1960 5149 λόγῳ,

327 5169 436 5222 καὶ
476 5166 648 5236 σοφία
680 5165 774 5218 καὶ
824 5164 981 5235 λόγος
1009 5165 1090 5230 εἰς
1123 5165 1250 5218 νοῦν
1273 5166 1570 5236 ἀμοιϐαδὸν
1602 5166 1953 5240 ὀφθήσονται,

327 5263 438 5316 καὶ
473 5261 541 5315 τὸ
579 5257 921 5330 μεσολαϐοῦν
945 5259 1118 5323 οὐδὲν,
1167 5259 1468 5332 ἢχωρίζον
1522 5261 1616 5314 τοῦ
1665 5261 1959 5334 ἑτέρουτδ

323 5358 556 5426 ἕτερον.
598 5351 848 5424 Δύναμις
879 5352 937 5407 δὲ
965 5353 1150 5418 πάλιν,
1187 5354 1264 5417 ὡς
1307 5354 1645 5419 ἁδιαστάτως
1667 5359 1777 5421 τοῖς
1810 5356 1958 5428 ἔχειν

325 5445 519 5518 αὐτὴν
541 5444 849 5514 πεφυκόσιν
872 5444 1284 5516 ἐνυπάρχουσα,
1315 5446 1411 5500 καὶ
1433 5446 1748 5519 μηδαμόθεν
1773 5445 1958 5503 αὐτῶν

326 5539 408 5601 ὡς
445 5539 509 5590 ἐν
531 5534 690 5600 τάξει
715 5533 1131 5606 συμϐεϐηκότος
1157 5535 1431 5607 δυναμένη
1465 5536 1796 5609 χωρίζεσθαι
1829 5539 1951 5612 δίχα

326 5632 436 5700 τῆς
485 5628 586 5681 τοῦ
636 5628 1002 5699 ὑποκειμένου
1050 5627 1298 5700 φθορᾶς·
1338 5629 1622 5702 χαρακτὴρ
1655 5630 1717 5686 δὲ
1765 5632 1984 5702 πάλιν,’

324 5722 410 5787 ὡς
444 5720 537 5774 ἀεὶ
569 5718 953 5791 συμπεφυκὼς
977 5761 992 5780 .
1029 5721 1124 5774 καὶ
1169 5720 1500 5793 χωρίζεσθαι
1545 5724 1622 5795 μὴ
1651 5723 1950 5798 δυνάμενος

327 5814 435 5887 τῆς
470 5812 689 5878 οὐσίας,
729 5807 798 5884 ἧς
849 5814 964 5867 ἐστι
1009 5815 1324 5886 χαρακτήρ.
1371 5815 1614 5879 Οὐκοῦν,
1648 5817 1948 5893 ἐπειδήπερ

406 5989 429 6019 ³
471 6000 639 6057 han.
680 6015 749 6066 ι,
784 5998 876 6055 38.
955 6000 974 6032 ³
1017 5999 1033 6054 ι
1071 5997 1198 6053 Cor.
1241 6011 1294 6056 r.
1333 5998 1444 6068 24,
1487 5998 1655 6059 llcbr.
1693 6018 1742 6062 l.
1779 6003 1832 6057 5.

2060 4899 2182 4956 pter
2222 4895 2504 4954 mutuam,
2533 4896 2594 4944 ut
2645 4889 2720 4943 ita
2747 4889 2928 4946 dicam
2952 4930 2966 4954 ,
3003 4906 3194 4947 eorum
3231 4890 3652 4950 irimiissioucm.

2060 4979 2214 5036 Mens
2245 4981 2392 5035 enim
2443 4981 2498 5036 in
2535 4983 2729 5048 verbo,
2777 4991 2832 5040 et
2879 4984 3183 5056 sapientia,
3228 4995 3283 5042 et
3325 4988 3549 5044 verbum
3601 4990 3655 5045 in

2061 5079 2247 5126 tuente
2285 5071 2531 5128 vicissim
2567 5083 2895 5142 cernuntur,
2933 5076 3188 5150 nihilque
3244 5079 3530 5151 interjacet
3563 5092 3656 5137 aut

2061 5165 2296 5219 alterum
2332 5165 2402 5222 ab
2431 5165 2606 5221 altero
2635 5176 2878 5240 separat.
2909 5167 3101 5226 Virtus
3124 5179 3307 5228 autem
3329 5211 3348 5238 ,
3383 5183 3656 5246 quatenus

2063 5256 2338 5314 indivulse
2386 5259 2529 5316 inest
2577 5261 2643 5316 iis
2696 5277 2817 5333 qui?
2853 5271 3049 5320 natura
3104 5282 3204 5320 sua
3252 5281 3373 5321 eam
3413 5267 3653 5334 habent,

2063 5362 2165 5402 nec
2198 5348 2476 5406 ullatenus
2525 5352 2593 5408 ab
2629 5351 2697 5408 iis
2723 5353 2898 5412 instar
2928 5353 3230 5410 accidentis
3276 5356 3489 5425 absque
3522 5359 3655 5411 suh-

2059 5439 2190 5511 iecti
2242 5441 2471 5499 interitu
2531 5445 2776 5516 separari
2839 5455 3040 5516 potest.
3099 5448 3402 5503 Character
3463 5465 3649 5520 porro,

2063 5543 2197 5606 puta
2250 5536 2397 5610 quod
2457 5538 2625 5598 simul
2675 5556 2893 5612 seraper
2936 5541 3154 5598 exsistit
3183 5551 3412 5607 natura,
3468 5559 3566 5597 nec
3623 5558 3653 5596 a

2061 5631 2382 5688 substantia
2419 5635 2666 5706 separari
2710 5642 2932 5707 potest,
2984 5633 3146 5703 cujus
3198 5641 3284 5688 est
3338 5633 3650 5690 character.

2058 5723 2230 5796 Igitur
2257 5743 2380 5783 cum
2409 5729 2547 5784 alter
2580 5729 2632 5785 in
2663 5732 2839 5787 altero
2881 5730 3211 5785 naturaliter
3235 5744 3300 5784 ac
3336 5745 3654 5787 necessario

2061 5819 2228 5880 insit.
2283 5821 2475 5892 utique
2537 5823 2698 5877 Patre
2755 5831 3050 5894 operante,
3122 5820 3295 5878 Filius
3368 5833 3650 5894 operatur,
