4156 6474
494 515 565 571 ὦ
1486 515 1544 571 S.
1587 514 1868 571 CYBILLI
1907 510 2383 568 ALEXANDIHN!
2419 511 2752 568 ARCilli‘IP.
3695 522 3765 578 ει

492 640 749 698 tanquam
777 628 1044 683 naturalis
1071 636 1125 684 et
1150 629 1644 685 consubstantialis
1671 646 1733 685 ac
1757 630 2034 686 subsisten

2173 626 2436 697 ἑκάτερος
2456 629 2516 680 ἐν
2541 627 2791 699 ἐκατέρῳ
2813 629 3058 696 φυσικῶς
3081 631 3140 684 τέ
3175 632 3292 685 ἐστι
3316 632 3408 686 καὶ
3432 636 3764 707 ἀναγκαίως,

489 724 666 776 virtus
694 722 838 789 ejus.
877 721 1142 777 Similiter
1173 731 1437 792 operante
1489 722 1850 790 Filio,-Pater
1897 725 2064 778 etiam

489 823 768 883 operatur,
827 822 886 867 ut
932 814 1216 886 cperantis
1249 812 1417 871 V’erhi
1454 815 1614 882 fons,
1652 818 1876 887 proprio
1907 817 2062 888 geni-

487 902 619 956 mini
661 902 988 956 naturaliter
1029 903 1396 967 inexsistens,
1451 905 1615 958 sicuti
1662 920 1884 974 quoque
1922 905 2066 974 ignis

485 994 656 1048 calori
706 1009 871 1066 quem
909 1010 974 1049 ex
1021 1010 1082 1049 se
1129 995 1330 1050 fundit.
1382 995 1614 1052 Constat
1667 997 1834 1067 igitur
1866 1012 2064 1051 vanam

483 1102 608 1140 esse
664 1086 1051 1141 bterctiCOrum
1111 1087 1377 1143 adversus
1439 1087 1791 1158 Unigenitum
1853 1089 2064 1141 calum-

484 1179 631 1232 niam
657 1217 672 1243 ,
705 1179 799 1247 qui
831 1178 1122 1249 disciplina
1164 1180 1380 1250 quidem
1418 1179 1596 1249 ipsum
1629 1180 1911 1249 Opiﬁcem,
1951 1180 2063 1232 imo

484 1285 617 1326 vero
645 1271 966 1325 ministrum
994 1271 1184 1335 aiunt,
1211 1286 1279 1326 ex
1308 1286 1376 1325 eo
1413 1272 1557 1340 quod
1603 1271 1830 1340 scripsit
1864 1271 2062 1326 beatus

478 1364 818 1434 evangelista
845 1381 856 1416 :
895 1381 913 1414 ι
945 1361 1143 1417 Omnia
1175 1378 1272 1434 per
1304 1364 1481 1432 ipsum
1509 1362 1652 1416 facta
1685 1370 1836 1428 sunt,
1863 1371 1921 1417 et
1941 1362 2061 1418 sine

482 1456 600 1524 ipso
649 1454 853 1508 factum
904 1464 988 1508 est
1037 1453 1192 1508 nihil.
1235 1453 1387 1523 iEgo
1433 1463 1616 1507 autem
1673 1468 1782 1507 non
1831 1468 2058 1524 possum

479 1546 615 1599 satis
665 1545 882 1599 illorum
932 1544 1330 1614 impudentiam
1365 1543 1650 1598 admirari.
1702 1543 2060 1614 Quaecunque

476 1637 620 1689 enim
657 1636 724 1689 ad
761 1647 914 1690 suam
957 1644 1194 1691 mentem
1251 1634 1434 1689 facere
1470 1635 1750 1703 videntur,
1776 1645 1830 1690 et
1875 1635 2058 1708 digni—

474 1737 640 1780 tatem
676 1725 952 1797 Unigenili
989 1727 1378 1797 quoquomodo
1407 1736 1674 1791 evertere,
1708 1727 2057 1798 eumquein-

472 1820 557 1872 Ira
589 1817 909 1872 Genitorem
956 1819 1253 1883 collocare,
1291 1833 1354 1873 ea
1404 1818 1696 1873 confestim
1747 1817 2052 1889 arripiunt,

471 1920 524 1964 et
569 1911 816 1980 undique
875 1925 990 1965 sua:
1045 1899 1419 1980 improbitatis
1470 1925 1682 1964 venena
1745 1911 2051 1982 colligunt:

2174 718 2547 788 ἐργαζομένου
2582 719 2829 791 δηλονότι
2857 717 2956 772 τοῦ
2984 722 3198 792 Πατρὺς
3228 725 3259 778 6
3285 725 3408 789 Υἱὸς
3446 727 3761 798 ἐργάζεται,

2173 806 2248 870 ὡς
2267 806 2500 878 δύναμις
2529 810 2736 880 φυσική
2765 825 2827 862 τε
2856 809 2950 862 καὶ
2980 811 3245 882 οὺσιώδης
3286 815 3377 866 καὶ
3403 817 3765 884 ἐνυπύστατος

2172 899 2338 952 αὐτοῦ
2374 915 2388 931 ο
2420 901 2787 971 ἐργαζομένου
2814 900 2873 954 δὲ
2909 901 3116 970 ὁμοίως
3145 903 3240 956 τοῦ
3276 905 3439 970 Υἰοῦ,
3471 909 3565 961 καὶ
3593 912 3620 962 6
3651 912 3761 964 Πα-

2169 991 2276 1060 τὴρ
2301 991 2597 1061 ἐργάζεται
2615 1032 2629 1056 ,
2655 992 2732 1055 ὡς
2771 991 2926 1063 πηγὴ
2960 993 3054 1046 τοῦ
3080 993 3542 1066 δημιουργοῦντος
3561 1001 3759 1069 Λόγου,

2170 1082 2552 1153 ἐνυπάρχουσα
2589 1085 2833 1151 φυσικῶς
2886 1083 2971 1153 τῷ
3013 1085 3133 1155 ἰδίῳ
3181 1089 3513 1160 γεννήματι,
3543 1075 3792 1162 ὠσπερ-ι’

2167 1173 2286 1224 avsi
2325 1175 2419 1225 καὶ
2448 1174 2510 1226 τὸ
2547 1172 2660 1246 πῦρ
2707 1177 2772 1244 τῇ
2811 1173 2872 1238 ἐξ
2919 1174 3084 1228 αὐτοῦ
3131 1177 3394 1250 προῖούσῃ
3441 1179 3757 1250 θερμότητι.

2168 1262 2443 1334 Πρόδηλον
2475 1262 2590 1328 οὖν,
2622 1267 2704 1318 ὃτι
2754 1267 2985 1335 μάταιον
3028 1265 3375 1337 ἀναπέφαται
3403 1270 3462 1322 τὸ
3496 1273 3642 1324 κατὰ
3660 1273 3758 1326 τοῦ

2167 1356 2505 1424 Μονογενοῦς
2547 1357 2656 1410 τῶν
2685 1357 2754 1410 δι’
2799 1359 3051 1422 ἐναντίας
3079 1361 3466 1433 κατηγόρημα,
3491 1364 3755 1437 δημιουρ-

2165 1446 2264 1515 γὸν
2302 1449 2366 1499 ἐκ
2402 1447 2714 1518 μαθήσεως,
2743 1448 2944 1517 μᾶλλον
2972 1449 3030 1504 δὲ
3055 1451 3155 1521 ἤδη
3199 1453 3296 1506 καὶ
3335 1455 3611 1526 ὑπουργὸν
3641 1459 3757 1510 εἰσ-

2165 1537 2441 1608 φερόντων
2498 1539 2635 1608 ήμῐν
2689 1538 2870 1603 αὐτὸν,
2914 1538 3004 1592 διὰ
3056 1540 3120 1593 τὸ
3158 1541 3324 1608 φάναι
3353 1543 3444 1597 τὸν
3482 1548 3755 1616 μακάριον

2163 1629 2582 1702 εὐαγγελιστήνο
2619 1649 2639 1683 ι
2681 1631 2868 1684 Πάντα
2893 1633 2962 1685 δι“
2983 1631 3149 1685 αὑτοῦ
3195 1635 3431 1703 ἐγένετο,
3459 1637 3553 1689 καὶ
3581 1640 3752 1710 χωρὶς

2163 1723 2326 1776 αὐτοῦ
2361 1722 2579 1792 ἐγένετο
2606 1722 2726 1775 οὐδὲ
2755 1723 2836 1778 ἐν.
2887 1741 2907 1774 ι
2941 1723 3251 1794 Θαυμαζειν
3281 1726 3339 1779 δέ,
3369 1745 3460 1797 μοι
3489 1729 3587 1782 καὶ
3631 1730 3751 1785 λίαν

2163 1814 2455 1885 ἐπέρχεται
2503 1815 2630 1878 τοὺς
2676 1814 2927 1880 ἀνοσίους
2973 1816 3306 1887 αἱρετικούς.
3339 1819 3382 1872 Τ
3387 1820 3420 1872 ὰ
3474 1821 3574 1890 μὲν
3614 1823 3749 1894 γὰρ,

2161 1905 2262 1958 ὅσα
2302 1905 2613 1976 παραλύειν
2651 1907 2800 1961 δοκεῖ
2827 1922 2945 1968 πως
2973 1906 3156 1970 αὐτοῖς
3191 1907 3286 1961 τοῦ
3317 1910 3658 1976 Μονογενοῦς
3686 1912 3752 1965 τὸ

470 2018 596 2069 qum
629 2018 757 2055 vero
792 2011 937 2056 recte
964 2010 1019 2055 et
1055 2000 1275 2056 sincere
1319 1999 1529 2070 scripta
1563 2008 1725 2064 sunt,
1767 2008 1824 2053 et
1852 2000 1921 2054 ad
1951 1999 2043 2054 Pa-

2156 1997 2395 2068 ἀξίωμα,
2424 1999 2517 2052 καὶ
2554 1999 2806 2069 δεύτερον
2860 1996 3027 2051 αὑτὸν
3075 1999 3404 2070 ἀποφαίνειν
3432 2001 3528 2054 τοῦ
3555 2006 3750 2076 γεννηο

469 2097 573 2152 tris
605 2095 835 2167 gloriam
869 2093 1071 2148 Filium
1104 2093 1410 2158 deducunt,
1455 2107 1521 2148 ea
1569 2100 1721 2148 certe
1768 2093 1878 2146 alto
1913 2107 2054 2164 quo-

469 2191 593 2242 alam
625 2187 867 2241 ohruunt
933 2186 1176 2249 silentio,
1210 2185 1415 2256 quippe
1455 2185 1550 2255 qui
1595 2199 1767 2240 unum
1813 2185 1917 2240 hoc
1947 2185 2052 2241 sibi

468 2279 811 2347 propositum
864 2276 1090 2340 habent,
1142 2275 1193 2331 ei
1242 2275 1566 2342 detrahere,
1629 2290 1794 2346 quem
1859 2291 2051 2332 omnes

465 2371 779 2425 cullaudant
810 2377 1098 2424 creaturas.
1129 2369 1433 2423 Audientes
1463 2371 1612 2423 enim
1651 2369 1722 2422 ab
1749 2368 1870 2438 ipso
1903 2367 2048 2423 facta

464 2478 590 2517 esse
618 2462 826 2526 omnia,
859 2460 1292 2516 ministrationis
1317 2475 1517 2516 nomen
1546 2460 1698 2514 illico
1720 2459 2047 2530 subjiciunt,

464 2570 682 2607 servum
706 2570 807 2624 pro
839 2554 1037 2618 libero,
1071 2561 1126 2609 et
1149 2552 1417 2608 famulum
1457 2554 1641 2624 potius
1671 2569 1838 2624 quam
1866 2555 2048 2609 domi-

462 2662 592 2700 num
639 2646 810 2700 filium
863 2648 1226 2701 somniantes.
1253 2645 1468 2700 Rursus
1515 2661 1664 2712 vero,
1723 2661 1849 2700 cum
1897 2647 2046 2702 acci-

460 2741 618 2810 piunt
665 2738 802 2792 nihil
865 2738 986 2794 sine
1031 2738 1158 2808 ipso
1205 2737 1414 2792 factum
1451 2752 1611 2804 esse,
1671 2753 1782 2792 non
1829 2738 1893 2793 ad
1936 2752 2046 2792 ma-

461 2846 630 2900 gnum
685 2831 949 2900 quiddam
1002 2841 1056 2886 et
1104 2830 1433 2886 admirabile
1486 2831 1556 2887 de
1611 2831 1734 2901 ipso
1793 2833 2046 2902 cogitan-

459 2925 588 2977 dum
641 2926 888 2978 animum
936 2921 1198 2977 evehunt.
1249 2920 1599 2992 Evangeiista
1639 2921 1847 2993 quippe
1906 2921 2043 2977 nihil

457 3020 577 3071 sine
607 3017 730 3086 ipso
761 3015 967 3070 factum
1027 3014 1292 3077 esseait,
1337 3014 1601 3085 quoniam
1653 3015 1815 3069 aliter
1850 3029 2044 3071 creare

455 3125 567 3163 non
595 3117 777 3178 potest
816 3109 962 3164 Deus
995 3121 1059 3162 ac
1089 3107 1254 3163 Pater
1292 3121 1459 3176 quam
1491 3121 1593 3177 per
1623 3122 1785 3162 suum
1809 3103 2040 3173 Filium,

454 3201 552 3271 qui
590 3201 862 3269 sapientia
901 3208 955 3254 et
991 3200 1177 3256 virtus
1204 3210 1289 3256 est
1331 3199 1472 3269 ejus.
1503 3198 1718 3254 Idcirco
1745 3199 1894 3255 enim
1920 3198 2040 3269 glo-

455 3295 539 3350 ria
576 3293 669 3349 Dei
699 3309 762 3348 ac
795 3292 975 3348 Patris
1000 3301 1088 3347 est
1115 3292 1445 3364 Unigenitus
1470 3312 1484 3347 :
1510 3292 1862 3364 gloriﬁcatur
1889 3290 2037 3354 enim

455 3397 516 3441 ut
554 3396 772 3442 creator
795 3385 982 3449 Pater,
1010 3401 1106 3454 per
1144 3386 1344 3442 Filiqu
1386 3387 1648 3442 universa
1681 3399 1943 3456 operans,
1986 3393 2040 3438 et

453 3497 517 3534 ex
559 3479 731 3532 nihilo
771 3478 838 3533 ad
863 3494 986 3535 esse
1020 3493 1109 3534 res
1138 3480 1476 3545 producens.
1501 3477 1613 3551 48
1644 3477 1755 3533 Sed
1789 3484 1846 3531 et
1877 3473 2035 3541 illud,

460 3591 479 3625 ι
519 3571 650 3625 Sine
681 3571 804 3642 ipso
848 3570 1056 3630 factum
1091 3579 1175 3626 est
1221 3570 1377 3636 nihil,
1415 3590 1433 3623 ι
1474 3571 1543 3626 de
1578 3569 1820 3624 hominis
1861 3566 2037 3624 fabri-

461 3663 683 3716 catione
724 3671 872 3717 recte
917 3661 1186 3731 accipies,
1222 3661 1366 3731 apud
1399 3669 1451 3716 te
1488 3653 1612 3714 haec
1648 3658 2034 3730 perpendens:

461 3772 481 3805 α
523 3751 816 3807 Faciamus
861 3752 1139 3806 hominem
1179 3751 1245 3805 ad
1296 3751 1595 3820 imaginem
1649 3756 1933 3811 nostram,
1984 3755 2041 3802 et

454 3846 876 3900 similitudinem
906 3845 981 3900 ⁸.»
1012 3843 1109 3898 Hic
1131 3844 1278 3899 enim
1308 3843 1464 3898 clare
1484 3840 1852 3910 contemplari
1885 3839 2035 3904 licet,

450 3939 590 3992 nihil
633 3953 756 3993 esse
811 3939 867 3990 in
900 3935 1039 3990 Filio
1085 3936 1295 3990 humile
1327 3942 1593 4002 tanquam
1643 3932 1699 3986 in
1742 3931 2036 3995 ministro,

450 4039 514 4084 nt
591 4029 669 4083 illi
728 4029 922 4083 volunt
979 4027 1140 4082 :Non
1201 4027 1350 4082 enim
1408 4024 1732 4094 imperando
1795 4023 2039 4094 loquitur

451 4121 637 4177 Verbo
713 4119 860 4176 Deus
941 4134 1006 4175 ac
1074 4119 1238 4172 Pater
1307 4135 1320 4171 :
1388 4113 1494 4175 Fac
1547 4114 1870 4182 hominem,
1940 4114 2037 4170 sed

452 4225 719 4285 tanquam
777 4214 870 4285 qui
920 4212 1224 4268 coexsistat
1280 4210 1583 4265 secundum
1644 4219 1938 4276 naturam,
1982 4215 2038 4263 et

453 4309 731 4363 indivulse
780 4307 914 4362 insit
960 4313 1316 4376 cooperator,
1358 4311 1418 4357 ut
1463 4303 1804 4373 operationis
1845 4301 1926 4356 sic
1982 4309 2038 4356 et

451 4398 868 4453 deliberationis
915 4398 1037 4452 vult
1115 4411 1239 4450 esse
1291 4395 1648 4465 participem,
1701 4393 2038 4463 cogitatione

449 4487 673 4555 quidem
732 4485 861 4540 Filii
916 4485 1287 4557 cognitionem
1350 4499 1461 4538 non
1515 4483 1893 4553 pr2eveniens,
1937 4483 2035 4538 sed

449 4589 713 4650 tanquam
742 4594 897 4633 mens
939 4575 1215 4632 indtvulse
1248 4576 1396 4631 etab
1430 4583 1637 4629 merito
1674 4574 1944 4644 impresso
1979 4581 2035 4628 et

2153 2111 2332 2166 τορος,
2360 2096 2503 2150 κατά
2534 2112 2596 2164 γε
2617 2095 2709 2148 τὸν
2732 2093 2958 2148 ἐκείνων
2985 2093 3115 2148 ὅντα
3149 2097 3372 2161 σκοπὸν,
3403 2098 3577 2150 ταῦτα
3607 2099 3748 2168 μετὰ

2153 2186 2354 2257 πολλῆς
2392 2205 2538 2250 τινος
2585 2187 2859 2259 θηρῶνται
2889 2191 3146 2259 σπουδῆς,
3187 2189 3280 2243 καὶ
3315 2191 3649 2260 πανταχόθεν
3673 2191 3746 2245 τὰ

2150 2276 2250 2348 τῆς
2298 2279 2508 2332 ἑαυτῶν
2550 2279 2878 2349 δυστροπίας
2936 2281 3270 2352 ἐρανίζονται
3324 2281 3589 2351 φάρμακα
3629 2296 3643 2311 ·
3673 2283 3746 2336 τα

2149 2369 2207 2422 δὲ
2251 2371 2352 2423 ὅσα
2387 2372 2548 2424 πάλιν
2603 2373 2750 2425 ἐστὶν
2785 2373 2954 2440 ὑγιῶς
3009 2391 3068 2428 τε
3103 2375 3194 2426 καὶ
3227 2373 3402 2444 ὀρθῶς
3452 2375 3742 2443 εἰρημένα,

2150 2463 2243 2515 καὶ
2275 2463 2356 2526 εἰς
2389 2462 2488 2534 τὴν
2520 2463 2617 2515 τοῦ
2662 2464 2877 2536 Πατρὺς
2908 2466 3250 2537 ἀναφέροντα
3275 2465 3457 2530 δόξαν,
3492 2465 3555 2517 τὸ
3590 2466 3742 2531 Υἰδν,

2150 2552 2325 2606 ταῦτα
2353 2553 2419 2625 δὴ
2443 2554 2536 2607 καὶ
2569 2555 2719 2624 μάλα
2742 2555 2988 2625 βαθείαις
3017 2557 3452 2627 καταχωννύουσι
3483 2559 3739 2621 σιωπαῖς,

2147 2642 2336 2713 ὥσπερ
2387 2645 2483 2699 ἕνα
2537 2647 2632 2699 καὶ
2712 2648 2871 2716 μόνον
2919 2647 3133 2718 ἔχοντες
3181 2648 3380 2701 σκοπὸν
3429 2647 3494 2700 τὺ
3541 2647 3740 2700 διαλοι-

2145 2735 2422 2807 δορέεσθαι
2461 2738 2640 2808 μάτην
2674 2737 2752 2808 τῷ
2787 2739 2938 2809 παρὰ
2966 2740 3147 2811 πάσης
3175 2738 3613 2809 δοξολογουμὲνῳ
3639 2738 3744 2808 τῆς

2146 2827 2399 2891 κτίσεως.
2447 2828 2761 2893 Ἀκούοντες
2795 2830 2898 2900 μὲν
2936 2831 3065 2901 γὰρ,
3113 2833 3197 2885 ὅτι
3246 2830 3426 2884 πάντα
3475 2831 3542 2884 δι’
3569 2830 3739 2885 αὐτοῦ

2146 2918 2383 2987 ἐγένετο,
2401 2919 2462 2973 τὸ
2483 2921 2582 2990 τῆς
2607 2921 2914 2992 ὑπουργίας
2943 2923 3114 2992 δνομα
3145 2922 3368 2994 θερμῶς
3393 2923 3739 2993 ἐπιφέρουσι,

2143 3011 2333 3066 δοῦλον
2376 3013 2492 3068 ἀντ’
2517 3013 2835 3086 ἐλευθέρου,
2861 3015 2956 3067 καὶ
2989 3015 3355 3088 θεραπευτὴν,
3387 3017 3421 3087 ἢ
3472 3015 3740 3085 δεσπότην

2143 3104 2620 3177 ὀνειροπολοῦντες
2658 3107 2753 3160 τὸν
2799 3108 2947 3162 Υἰόν.
3012 3107 3398 3172 Μανθάνοντες
3447 3107 3502 3162 δὲ
3548 3107 3734 3173 πάλιν,

2143 3197 2227 3250 ὅτι
2255 3198 2424 3268 χωρὶς
2456 3197 2622 3251 αὐτοῦ
2657 3199 2876 3266 ἐγένετο
2913 3198 3034 3252 οὐδὲ
3078 3199 3158 3264 ἐν,
3185 3199 3278 3252 ἐπὶ
3320 3200 3380 3252 τὸ
3405 3202 3625 3270 φρονεῖν
3649 3199 3738 3251 ἐπ’

2143 3289 2292 3360 αὐτῷ
2322 3289 2464 3359 μέγα
2510 3307 2562 3343 τι
2600 3291 2695 3342 καὶ
2725 3290 3056 3360 ἀξιάγαστον
3090 3293 3191 3345 οὐκ
3220 3292 3619 3345 ἀναϐαίνουσιν.
3651 3292 3739 3355 Ὠς

2142 3381 2252 3453 γὰρ
2287 3381 2489 3453 ἑτέρως
2519 3383 2580 3436 οὐ
2615 3383 2929 3452 πεφυκότος
2950 3382 3307 3454 δημιουργεῖν
3336 3384 3430 3437 τοῦ
3457 3383 3594 3436 Θεοῦ
3638 3384 3737 3438 καὶ

2142 3475 2398 3545 Πατρὸς,
2428 3475 2478 3527 εἰ
2523 3474 2598 3548 μὴ
2631 3475 2720 3529 διὰ
2759 3474 2851 3528 τοῦ
2896 3474 3030 3532 ἰδίου
3076 3479 3415 3547 γεννήματος
3437 3519 3450 3539 ,
3486 3479 3546 3539 ὃς
3590 3480 3739 3532 ἐστιν

2141 3566 2293 3638 αὐτῷ
2345 3567 2505 3636 σοφία
2551 3567 2646 3620 καὶ
2677 3567 2939 3637 δύναμις,
2969 3569 3122 3622 οὐδὲν
3173 3569 3312 3627 ὅλως
3358 3571 3528 3642 χωρὶς
3558 3568 3728 3622 αὑτοῦ

2140 3657 2466 3726 γεγενῆσθαί
2503 3675 2666 3728 φησιν
2693 3658 2721 3710 6
2750 3659 3166 3728 εὐαγγελιστής·
3190 3659 3278 3712 διὰ
3309 3659 3422 3730 γὰρ
3436 3659 3596 3712 τοῦτο
3625 3660 3723 3712 καὶ

2139 3749 2266 3814 δόξα
2296 3748 2393 3801 τοῦ
2418 3749 2552 3802 Θεοῦ
2597 3749 2689 3802 καὶ
2724 3750 2938 3822 Πατρός
2973 3754 3122 3804 ἐστιν
3151 3754 3179 3804 6
3208 3753 3550 3821 Μονογενήςο
3583 3751 3738 3817 δοξά-

2141 3839 2295 3904 ζεται
2322 3839 2432 3911 γὰρ
2456 3840 2532 3902 ὡς
2560 3841 2912 3912 δημιουργὸς,
2937 3841 3002 3894 δι’
3027 3836 3088 3895 οῦ
3125 3843 3233 3914 [Ion
3263 3841 3419 3915 Υἰοῦ]
3453 3842 3521 3895 τὰ
3557 3844 3738 3896 πάντα

2140 3931 2401 4003 ἐνεργῶν,
2434 3932 2528 3984 καὶ
2559 3932 2639 3996 εἰς
2684 3932 2746 3984 τὸ
2781 3927 2922 3985 εἶναι
2967 3932 3038 3985 τὰ
3071 3934 3145 4003 μὴ
3194 3933 3324 3986 ὄντα
3371 3933 3736 4005 παραφέρων.

2139 4022 2350 4094 Νοήσαι
2378 4024 2420 4076 δ’
2437 4023 2503 4077 ἄν
2529 4041 2612 4088 τις
2637 4023 2818 4085 καλῶς
2841 4025 2925 4086 τὸ,
2957 4045 2974 4076 ι
2995 4027 3178 4097 Χωρὶς
3199 4026 3360 4080 αὑτοῦ
3381 4029 3598 4096 ἐγένετο
3613 4028 3736 4080 οὐδὲ

2140 4116 2219 4184 ἓν,
2249 4134 2267 4166 ι
2301 4117 2363 4168 τὸ
2395 4117 2684 4187 εἰρημένον
2713 4117 2805 4169 ἐπὶ
2834 4119 2901 4188 τῇ
2936 4117 3034 4170 τοῦ
3072 4119 3362 4191 ἀνθρώπου
3394 4121 3734 4190 κατασκευῇ,

2139 4207 2262 4262 καθ’
2285 4208 2476 4262 ἐαυτὸν
2496 4207 2898 4279 ἐνθυμούμενος
2917 4227 2930 4240 ·
2970 4229 2990 4262 «ι
3027 4212 3354 4282 Ποιήσωμεν
3382 4211 3728 4282 ἄνθρωπον,›

2139 4301 2326 4372 φησὶν,
2364 4320 2384 4353 ι
2414 4303 2533 4355 κατ’
2562 4302 2747 4355 εἰκόνα
2788 4303 3063 4374 ἡμετέραν
3116 4305 3210 4357 καὶ
3242 4305 3366 4357 καθ’
3399 4303 3676 4375 ὁμοίωσιν.
3708 4320 3729 4352 ι

2142 4393 2359 4460 Ἔξεστι
2400 4394 2509 4464 γὰρ
2541 4396 2598 4447 ἐν
2646 4395 2822 4465 τούτῳ
2863 4395 2928 4466 δὴ
2964 4395 3197 4464 μάλιστα
3232 4395 3604 4448 καταθεᾶσθαι
3635 4411 3734 4447 σα-

2139 4484 2258 4555 φῶς
2310 4485 2464 4538 οὐδὲν
2494 4485 2553 4537 ἐν
2588 4483 2703 4556 Υἱῷ
2749 4483 3038 4547 ταπεινὸν,
3074 4484 3150 4546 ῶς
3199 4485 3256 4535 ἐν
3296 4482 3558 4554 ὑπουργῷ
3589 4480 3735 4535 κατὰ

2137 4578 2232 4632 τὸν
2291 4577 2517 4631 ἐκείνων
2586 4578 2776 4646 λόγον’
2820 4576 2881 4629 οὐ
2931 4576 3060 4647 γὰρ,
3127 4577 3362 4644 Ποίησον
3415 4575 3730 4644 ἄνθρωπον,

447 4671 618 4724 insito
642 4667 827 4724 Verbo
883 4669 1266 4722 manifestata.
1316 4665 1533 4721 Rursus
1587 4675 1770 4719 autem
1818 4680 1939 4735 quae
1966 4665 2034 4720 de

2147 4669 2417 4722 ἐπιτάττει
2445 4668 2524 4740 τῷ
2556 4668 2715 4738 Λόγῳ
2744 4668 2772 4719 6
2803 4667 2936 4730 Θεὸς
2982 4668 3078 4720 καὶ
3114 4667 3324 4738 Πατὴρ,
3366 4666 3484 4719 ἀλλ’
3508 4666 3583 4728 ὡς
3606 4683 3732 4718 συν-

451 4755 561 4810 Ι)υο
611 4754 878 4811 dicuntur
931 4755 1094 4825 longe
1139 4769 1307 4823 supra
1361 4755 1611 4826 exempla
1667 4755 1848 4823 posita
1909 4769 2037 4810 esse

447 4849 729 4903 fatendum
771 4857 874 4903 est.
909 4846 1207 4918 Cooperari
1249 4855 1432 4901 tamen
1464 4845 1605 4900 Filio
1642 4844 1862 4900 Patrem
1893 4846 2032 4901 dici-

449 4957 605 5004 mus,
637 4957 748 4995 non
779 4940 1012 4996 seorsitn
1046 4939 1188 4994 duos
1224 4939 1620 5009 intelligentes,
1658 4951 1727 4992 ne
1761 4937 1872 4994 duo
1895 4955 2030 4995 cen-

452 5041 682 5087 seantur
707 5046 833 5086 esse
861 5029 968 5096 Dii,
1004 5045 1104 5085 nec
1134 5047 1305 5085 unum
1320 5041 1624 5107 utrumque
1645 5030 1835 5094 simul,
1868 5047 1938 5086 ne
1969 5033 2027 5086 in

450 5125 669 5178 l'atrem
720 5121 928 5190 Filius,
976 5131 1031 5177 et
1069 5121 1233 5178 Pater
1283 5122 1340 5177 in
1387 5122 1588 5178 Filium
1639 5124 2025 5186 contrahatur,

456 5216 551 5269 sed
605 5215 700 5267 illo
738 5213 926 5284 potius
975 5216 1136 5270 modo
1177 5230 1288 5287 quo
1337 5214 1616 5285 Splendori
1668 5216 1898 5271 luminis
1940 5215 2029 5269 lu-

446 5323 572 5360 men
616 5305 803 5361 inesse
839 5308 1092 5364 creditur
1138 5323 1204 5363 ex
1245 5322 1355 5378 quo
1393 5307 1659 5380 splendor
1704 5307 1933 5364 effulsit.
1972 5306 2028 5362 In

448 5401 538 5453 his
563 5397 709 5452 enim
736 5399 1068 5469 cogitatione
1093 5401 1316 5471 quidem
1349 5401 1596 5472 separari
1621 5400 2030 5472 quodammodo

448 5488 672 5542 videtur
707 5489 760 5544 id
791 5490 935 5560 quod
975 5491 1148 5562 gignit
1179 5493 1249 5547 ah
1279 5506 1346 5548 eo
1369 5493 1516 5563 quod
1547 5492 1814 5565 gignitur,
1852 5501 1907 5548 et
1939 5492 2024 5547 in-

448 5579 803 5635 alivisibiliter
844 5583 1027 5651 prodit
1055 5603 1068 5639 :
1101 5582 1197 5640 sed
1225 5599 1392 5639 unum
1416 5592 1500 5640 est
1531 5596 1596 5637 ac
1635 5582 1779 5638 idem
1814 5591 2028 5637 utrum-

449 5687 557 5739 quc
589 5673 751 5728 simul
783 5685 1001 5740 natura,
1037 5692 1138 5732 nec
1163 5677 1397 5731 alterum
1434 5676 1554 5731 sine
1586 5674 1761 5732 altero
1795 5691 2028 5746 usquam

451 5771 554 5817 est.
591 5762 696 5821 Sed
730 5768 846 5823 haec
870 5786 1065 5826 rursus
1088 5768 1230 5827 Deus
1256 5777 1518 5840 superat,
1557 5768 1862 5839 praesertim
1900 5781 2028 5824 cum

525 5946 548 5980 δ
584 5946 719 6001 Gen.
754 5965 805 6016 l,
841 5948 930 6003 9.6.

2135 4761 2266 4815 ὄντα
2316 4760 2457 4814 κατὰ
2483 4760 2663 4831 φύσιν,
2701 4760 2795 4814 καὶ
2828 4757 3166 4824 ἀδιαστὰτως
3193 4761 3568 4831 ἐνυπάρχοντα
3602 4775 3731 4809 συν-

2133 4853 2393 4924 εργάτην,
2417 4852 2606 4924 ὥσπερ
2630 4855 2888 4918 ἐποιεῖτο,
2928 4852 3021 4906 καὶ
3055 4853 3155 4920 τῆς
3203 4853 3290 4906 ἐπ’
3313 4850 3584 4922 ἀνθρώπῳ
3609 4850 3731 4918 βου-

2130 4947 2340 5019 λήσεως
2385 4949 2696 5015 κοινωνεῖν,
2730 4948 2792 5000 οὺ
2839 4947 3238 5018 προλαμϐάνων
3276 4946 3374 5016 μὲν
3414 4947 3514 5015 τὴν
3549 4947 3606 4997 ἐν
3653 4944 3732 5012 τῷ

2130 5039 2246 5110 ΥΞῷ
2279 5039 2484 5104 γνῶσιν
2513 5040 2570 5093 ἐν
2599 5039 2678 5110 τῷ
2719 5057 2778 5093 τι
2825 5043 2988 5103 νοεῖν,
3020 5040 3097 5104 ὡς
3135 5039 3192 5091 δὲ
3223 5037 3347 5101 νοῦς
3391 5036 3730 5097 ἁδιαστάτως

2124 5147 2185 5183 τε
2234 5129 2330 5184 καὶ
2362 5129 2605 5200 ἀχρόνως
2633 5128 2711 5200 τῷ
2739 5130 3206 5202 ἐγκεχαραγμένη)
3248 5130 3341 5181 καὶ
3369 5127 3730 5197 ἐνυπάρχὶντι

2135 5217 2295 5289 Λόγῳ
2343 5218 2765 5290 φανερούμενος.
2802 5221 2986 5274 Ἔστω
3029 5220 3088 5274 δὲ
3141 5220 3302 5273 πάλιν
3335 5221 3476 5292 ὑπὲρ
3506 5219 3606 5290 τὴν
3634 5217 3728 5270 τοῦ

2137 5309 2580 5381 παραδείγματος
2615 5310 2845 5382 δύναμιν
2895 5312 2963 5365 τὰ
3013 5313 3290 5384 θεοπρεπῆ
3345 5313 3681 5384 θεωρήματα
3709 5327 3724 5339 °

2138 5401 2564 5476 συνεργάζεσθαι
2603 5403 2660 5456 δέ
2708 5420 2889 5475 φαμεν
2932 5403 3095 5458 αὐτοῦ
3124 5404 3228 5476 [Ion
3266 5403 3452 5476 αὑτὸν]
3477 5403 3554 5474 τῷ
3589 5403 3724 5472 Titi).

2135 5497 2234 5572 οὐχ
2263 5495 2338 5558 ὡς
2363 5495 2454 5548 δύο
2473 5493 2720 5560 νοοῦντες
2749 5497 3112 5567 διῃρημένως,
3139 5498 3224 5549 ἵνα
3261 5499 3334 5568 μὴ
3367 5497 3460 5552 δύο
3496 5497 3726 5550 νοῶνται

2135 5586 2271 5655 θεοὶ,
2307 5586 2416 5640 οὐδ’
2444 5587 2520 5651 ὡς
2561 5586 2621 5640 ἐν
2661 5586 2721 5640 τὸ
2752 5590 3178 5660 συναμφότερον.
3214 5591 3301 5643 ἵνα
3332 5591 3469 5660 μήτε
3505 5591 3583 5651 εἰς
3612 5589 3724 5640 Πα-

2133 5678 2270 5752 τέρα
2305 5678 2454 5743 Υἰὺς,
2490 5679 2627 5750 μήτε
2655 5676 2762 5750 μὴν
2790 5681 2818 5733 6
2847 5681 3036 5753 Πατὴρ
3066 5684 3145 5746 εἰς
3187 5683 3314 5736 Υἰὸν
3347 5680 3723 5750 συστέλληται,

2137 5771 2272 5826 ἀλλὰ
2315 5771 2518 5842 μᾶλλον
2556 5769 2801 5839 ἐκείνως,
2845 5771 2921 5837 ὡς
2965 5774 3030 5829 ἄν
3078 5792 3161 5840 τις
3202 5775 3316 5845 δοίη
3364 5775 3603 5828 συνεῖναι
3647 5769 3724 5843 τῷ
