4156 6516
401 511 477 571 85
1501 508 1566 564 IN
1603 505 1895 564 JOANNIS
1932 505 2032 562 EY.

2139 503 2384 561 :Euuu
2415 504 2546 562 LlB.
2584 504 2622 560 t.
3641 495 3731 566 '86

396 638 469 687 ἐκ
497 632 682 703 φωτὸς
703 629 1130 702 ἀπαυγὰσματι,
1149 629 1209 683 τὸ
1232 629 1292 695 ἐξ
1309 624 1481 702 οὗπερ
1507 627 1862 703 ἒξηστράφθη
1884 629 2026 698 φῶς.

2139 629 2211 684 sit
2257 643 2431 699 supra
2481 626 2896 694 substantiam,
2950 644 3053 684 nec
3091 625 3500 694 accurataulla
3546 625 3621 682 sit
3675 645 3737 683 ac

411 727 512 778 Ἐν
545 724 662 793 γὰρ
689 725 806 788 τοῖς
840 721 1108 788 τοιούτοις
1138 721 1474 794 χωρίζεσθαι
1512 723 1611 794 μέν
1645 738 1762 786 πως
1812 721 2029 792 ἐπινοίᾳ

391 817 555 868 δοκεί
581 815 643 868 τὸ
670 814 882 882 γεννῶν
917 814 1011 868 τοῦ
1043 815 1412 885 γεννωμένου,
1429 817 1525 868 καὶ
1551 812 2030 885 προεκκύπτοντος

390 907 724 979 ἀμερίστως
753 924 765 938 ·
794 908 853 962 ἒν
884 907 942 962 δέ
978 910 1127 962 ἐστιν
1163 909 1258 962 καὶ
1291 908 1488 962 ταυτὸν
1526 911 1592 980 τῇ
1624 907 1785 977 φύσει
1809 907 1869 959 τὸ
1901 924 2027 960 συν-

312 995 320 1007 ’
390 1001 746 1072 ἀμφότερον,
781 1002 878 1054 καὶ
904 1001 1028 1072 δίχα
1065 1000 1162 1055 τοῦ
1206 1003 1398 1074 ἑτέρου
1428 1001 1489 1055 τὸ
1518 1001 1707 1072 ἕτερον
1738 998 1992 1069 οὐδαμῶς
2011 1014 2026 1028 ⁸

397 1088 556 1142 ἔσται
576 1090 635 1143 δὲ
672 1089 840 1145 πάλιν
862 1091 958 1145 καὶ
987 1092 1129 1162 ὑπὲρ
1153 1091 1314 1144 τοῦτο
1337 1091 1490 1157 Θεὸς,
1516 1091 1612 1146 ἀτε
1646 1091 1709 1163 δὴ
1734 1091 1830 1144 καὶ
1859 1092 2028 1162 ὑπερ-

401 1183 591 1247 ούςιος
631 1182 733 1249 ὢν,
759 1183 856 1237 καὶ
895 1186 957 1238 τὸ
987 1184 1176 1257 ἄκρως
1203 1185 1527 1257 προσεοικὸς
1560 1186 1662 1239 οὐκ
1692 1185 1834 1255 ἔχων
1854 1186 1912 1238 ἐν
1939 1201 2032 1253 γε-

396 1280 609 1345 νητοῖς,
635 1279 726 1332 ἵνα
746 1277 812 1350 δὴ
841 1281 937 1333 καὶ
959 1281 1038 1343 είς
1069 1279 1255 1334 εἰκόνα
1283 1279 1640 1352 λαμϐάνηται
1669 1297 1722 1332 τι
1745 1279 1844 1350 τῆς
1862 1279 2028 1346 ἁγίας

394 1361 660 1442 Τριάδος,
692 1372 847 1426 οὐδὲν
873 1374 1108 1444 ἔχουσαν
1139 1374 1199 1428 τὸ
1229 1373 1568 1439 διαλλάττον,
1597 1372 1673 1438 ὡς
1703 1373 1785 1437 είς
1818 1369 2029 1442 δογμά-

391 1481 513 1516 των
535 1464 847 1536 ἀκρίϐειαν.
879 1468 941 1519 Εἰ
972 1467 1028 1520 δὲ
1051 1466 1332 1537 νομίζουσι
1365 1466 1626 1520 δύνασθαι
1675 1466 1758 1532 τὸ,
1808 1465 1883 1518 δι’
1930 1459 2027 1530 οὗ,

393 1557 706 1627 λεγόμενον
740 1558 826 1628 ἐφ’
869 1558 1037 1622 Υἱοῦ,
1075 1560 1411 1632 καταφέρειν
1463 1557 1631 1613 αὐτοῦ
1689 1559 1788 1628 τὴν
1836 1557 2028 1610 οὐσίαν

396 1647 511 1717 τῆς
535 1647 674 1720 πρὸς
711 1648 801 1701 τὸν
833 1649 1056 1719 Πατέρα
1083 1647 1329 1718 ἱσότητός
1358 1665 1418 1702 τε
1448 1648 1544 1701 καὶ
1581 1647 1818 1718 φυσικῆς
1843 1647 2028 1718 ὁμοιό-

395 1758 595 1812 τητος,
623 1740 700 1804 ὡς
729 1742 1008 1814 ὑπουργὸν
1035 1737 1175 1796 εἶναι
1211 1741 1437 1812 μᾶλλον,
1470 1742 1502 1812 ἢ
1535 1740 1891 1813 δημιουργὸν,
1914 1741 2030 1794 δια-

395 1833 845 1888 σκεπτέσθωσαν
884 1838 934 1888 oi
989 1835 1387 1907 παράφρονες,
1438 1834 1533 1888 καὶ⁸
1579 1836 1659 1899 είς
1690 1834 1854 1906 μέσον
1897 1834 2029 1904 ἡμῖν

393 1926 655 1996 ἡκόντων
679 1927 1178 1999 ἀπολογησόμενοι,
1205 1927 1258 1981 τί
1285 1944 1417 1980 ποτε
1451 1928 1558 1999 ἄρα
1587 1929 1680 1982 καὶ
1705 1929 1834 1999 περὶ
1862 1926 2027 1982 αὑτοῦ

2140 720 2386 793 perfecta
2415 720 2471 775 in
2511 719 2679 776 rebus
2715 715 2922 778 creatis
2953 722 3264 779 similitudo
3297 735 3406 794 qua
3436 721 3504 774 ad
3547 721 3736 789 eitpri-

2140 814 2403 870 mendam
2455 821 2665 869 sancta:
2715 813 3005 871 Trinitatis
3053 816 3348 886 imaginem
3409 815 3494 868 uti
3555 814 3742 884 possi-

2138 923 2287 962 mus.
2327 906 2488 974 Quod
2531 908 2576 964 si
2611 909 2938 965 existiment
2969 910 3127 978 illud,
3158 925 3249 978 per
3274 925 3457 980 quem,
3500 909 3568 965 de
3596 907 3740 966 Filio

2137 999 2386 1065 dictum,
2431 1000 2806 1056 substantiam
2851 1001 2972 1072 ejus
3003 1001 3070 1056 de
3103 1001 3418 1071 aequalitate
3461 1012 3515 1057 et
3570 1011 3738 1056 natu—

2137 1093 2238 1146 rali
2295 1093 2667 1152 similitudine
2711 1110 2837 1150 cum
2888 1092 3055 1150 Patre
3104 1092 3367 1165 dejicere,
3410 1096 3485 1149 ita
3527 1102 3587 1148 ut
3635 1094 3740 1148 mi-

2136 1191 2323 1239 nister
2366 1185 2438 1241 sit
2481 1187 2668 1257 potius
2713 1202 2881 1257 quam
2916 1194 3158 1252 creator,
3191 1187 3258 1242 ad
3289 1203 3349 1243 se
3385 1187 3615 1242 redeant
3656 1187 3740 1242 in-

2138 1280 2285 1346 sani,
2318 1287 2370 1333 et
2421 1279 2476 1334 in
2535 1280 2779 1335 medium
2832 1280 3102 1352 prodeant
3154 1280 3316 1338 nobis
3371 1283 3737 1352 responsuri,

2137 1370 2406 1443 quidnam
2447 1372 2516 1428 de
2557 1373 2676 1443 ipso
2713 1371 2876 1428 Patre
2925 1373 3148 1428 tandem
3188 1374 3485 1446 cegitaturi
3525 1376 3738 1439 simus,

2137 1471 2192 1517 et
2237 1479 2535 1534 quemnam
2593 1465 2773 1535 ipsum
2811 1482 2933 1521 esse
2967 1469 3314 1538 suspicaturi
3366 1467 3578 1532 simus,
3612 1484 3738 1523 cum

2138 1564 2326 1627 pateat
2359 1557 2527 1611 verba
2561 1558 2677 1622 illa,
2703 1573 2794 1626 per
2831 1575 3021 1630 quem,
3071 1557 3176 1630 ipsi
3216 1561 3384 1614 etiam
3419 1575 3448 1613 a
3484 1555 3740 1629 Scriptu-

2140 1665 2198 1702 ra
2231 1649 2420 1703 divina
2482 1650 2934 1704 accommodari?
2971 1671 2986 1702 ι
3022 1649 3226 1707 Fidelis
3261 1653 3431 1715 enim,
3462 1671 3478 1702 ι
3518 1651 3736 1722 inquit,

2146 1760 2164 1792 ι
2203 1739 2387 1804 Deus,
2420 1757 2519 1812 per
2551 1758 2713 1812 quem
2749 1743 2934 1797 vocati
2978 1743 3116 1798 estis
3149 1744 3206 1797 in
3251 1745 3572 1798 societatem
3613 1743 3738 1802 Filii

2138 1836 2261 1908 ejus
2281 1837 2324 1894 ⁵.
2365 1857 2383 1890 ι
2429 1837 2538 1892 Et:
2587 1856 2605 1888 ι
2639 1837 2846 1892 Paulus
2883 1837 3170 1908 apostolus
3206 1837 3338 1893 Jesu
3397 1839 3604 1896 Christi
3643 1855 3742 1908 per

2138 1931 2486 1987 voluntatem
2545 1930 2638 1985 Dei
2665 1932 2706 1984 '.
2746 1949 2763 1980 ι
2827 1931 2990 1996 Item,
3037 1929 3246 1986 Paulus
3306 1931 3375 1985 ad
3434 1932 3740 1988 nonnullos

399 2017 504 2071 τοῦ
534 2017 752 2091 Πατρὸς
779 2020 1148 2089 ὲννοήσομεν;
1175 2020 1297 2072 τίνα
1323 2019 1379 2072 δὲ
1413 2016 1554 2072 εἶναι
1581 2020 1673 2072 καὶ
1703 2019 1867 2072 αὑτὸν
1898 2019 2032 2072 ὑπο-

2140 2023 2343 2080 scribit
2378 2039 2390 2077 :
2433 2043 2450 2076 ι
2484 2025 2678 2092 Itaque
2725 2022 2840 2093 jam
2886 2039 2997 2078 non
3029 2040 3090 2080 es
3122 2039 3350 2088 servus,
3392 2024 3489 2080 sed
3533 2023 3684 2079 ﬁlius
3722 2044 3735 2079 :

406 2110 716 2182 ληψόμεθα,
761 2113 892 2168 ὅταν
923 2115 1180 2185 φαίνηται
1217 2113 1510 2184 δεχόμενος
1535 2112 1617 2178 τδ,
1651 2113 1724 2165 δι’
1751 2107 1846 2175 οὗ,
1879 2109 2032 2182 παρὰ

2139 2114 2283 2187 quod
2308 2115 2354 2172 si
2387 2114 2556 2180 ﬁlius,
2586 2123 2639 2172 et
2668 2104 2849 2173 lizercs
2882 2133 2979 2187 per
3003 2117 3234 2173 Deum".
3265 2136 3283 2168 ι
3306 2114 3503 2172 Omnia
3535 2119 3741 2189 quippe

2137 2210 2253 2265 haec
2299 2207 2622 2264 referuntur
2676 2209 2741 2264 ad
2789 2225 3085 2280 personam
3131 2207 3221 2264 Dei
3265 2224 3330 2266 ac
3382 2208 3597 2276 Patris,
3642 2227 3739 2265 ne-

2137 2319 2246 2375 que
2297 2318 2433 2359 sane
2490 2319 2558 2359 eo
2617 2302 2911 2359 dementia:
2969 2303 3267 2374 quisquam
3324 2305 3576 2364 venerit.
3626 2305 3740 2359 nisi

2136 2397 2350 2453 nostris
2396 2395 2676 2452 luereticis
2719 2395 2908 2452 forsan
2962 2397 3318 2468 astipuletur,
3355 2407 3414 2451 ut
3447 2398 3740 2453 ministra-

2138 2491 2310 2546 tionis
2337 2505 2538 2546 nomen
2575 2497 2630 2544 et
2660 2505 2776 2545 rem
2807 2490 2970 2544 etiam
3002 2489 3070 2544 de
3098 2491 3218 2561 ipsa
3251 2490 3364 2563 49
3404 2490 3497 2547 Dei
3540 2507 3605 2547 ac
3634 2491 3740 2547 Pa-

2138 2586 2244 2642 tris
2279 2585 2579 2655 majestate
2615 2592 2992 2642 consentanee
3041 2584 3152 2640 dici
3184 2587 3348 2652 velit,
3392 2602 3458 2641 ex
3490 2602 3556 2642 eo
3589 2587 3738 2657 quod

2137 2679 2308 2735 etiam
2358 2677 2494 2734 illud
2519 2717 2534 2744 ,
2569 2694 2662 2748 per
2697 2693 2872 2748 quem,
2913 2677 2983 2733 de
3013 2677 3136 2747 ipso
3175 2677 3383 2733 dictum
3414 2691 3523 2735 est.
3561 2677 3739 2736 Inter-

2138 2773 2269 2831 dum
2301 2773 2454 2828 enim
2508 2771 2802 2844 Scriptura
2831 2785 2994 2828 sacra
3041 2773 3166 2828 sine
3203 2772 3539 2833 discrimine
3573 2790 3745 2831 voces

2139 2873 2411 2938 usurpat,
2467 2881 2650 2936 neque
2706 2875 2890 2920 tamen
2955 2867 3034 2922 rei
3085 2867 3387 2936 propositae
3437 2867 3740 2938 quidquam

2137 2967 2337 3025 nocet,
2366 2959 2464 3015 sed
2494 2957 2733 3014 abusive
2762 2958 3178 3028 quodammodo
3212 2959 3378 3015 rebus
3417 2960 3741 3032 signiﬁcan-

2139 3054 2227 3111 dis
2261 3067 2431 3108 voces
2477 3050 2906 3118 accommodat,
2936 3058 2991 3106 et
3035 3065 3101 3106 ea
3145 3066 3245 3120 per.
3265 3066 3389 3120 qua:
3441 3060 3594 3106 recte
3643 3053 3742 3107 de-

2138 3145 2445 3202 monstrari
2481 3154 2656 3216 putet.
2691 3142 2968 3201 Caeterum
3005 3144 3072 3200 de
3101 3145 3188 3203 his
3218 3144 3353 3200 illud
3387 3145 3573 3202 dicere
3601 3161 3741 3201 con-

2139 3241 2333 3305 venit,
2361 3239 2629 3295 nimirum
2683 3238 2922 3310 gloriam
2965 3239 3184 3295 Domini
3238 3238 3583 3295 abscondere
3622 3257 3743 3296 ser-

2147 3347 2395 3388 monem.
2431 3329 2604 3386 Valde
2628 3331 2773 3386 enim
2797 3330 2961 3387 exilis
2981 3337 3067 3388 est
3088 3330 3274 3386 omnis
3301 3330 3391 3384 illa
3421 3317 3741 3400 sermonum

2148 3426 2234 3481 vis
2269 3432 2324 3479 et
2353 3424 2518 3489 ratio,
2551 3422 2621 3477 ad
2659 3421 3046 3492 explicandam
3101 3431 3361 3477 accurate
3406 3420 3742 3477 ineffabilem

2144 3533 2210 3573 ac
2241 3516 2486 3574 divinam
2534 3515 2905 3584 maiestatem.
2941 3514 3295 3585 Quapropter
3328 3529 3436 3567 non
3472 3512 3744 3570 debemus

2139 3608 2455 3666 humilitate
2487 3606 2790 3661 verborum
2823 3605 3074 3673 turbari,
3106 3604 3202 3661 sed
3241 3603 3473 3660 credere
3503 3612 3741 3674 oportet,

2139 3699 2442 3755 humanam
2484 3709 2878 3767 quamcunque
2924 3692 3246 3748 facundiam
3278 3699 3334 3748 et
3370 3692 3572 3748 mentis
3610 3707 3744 3745 acu-

2140 3809 2269 3848 men
2300 3791 2488 3847 divina
2513 3799 2570 3846 et
2598 3787 2872 3846 ineffabili
2897 3797 3095 3843 natura
3129 3785 3381 3863 superari
3418 3805 3438 3847 :,
3463 3785 3568 3842 hoc
3595 3787 3742 3840 enim

2141 3893 2304 3958 pacto
2335 3901 2446 3940 non
2484 3899 2684 3956 parum
2725 3883 2854 3955 pios
2888 3897 2992 3938 nos
3032 3879 3451 3954 praestabimus.

399 2210 468 2279 τῇ
502 2207 624 2279 θείᾳ
650 2209 884 2278 Γραφῇ;
924 2225 942 2258 ι
982 2205 1180 2270 Πιστὸς
1233 2209 1363 2278 γὰρ,
1404 2225 1422 2257 ι
1458 2206 1644 2275 φησὶν,
1677 2223 1696 2256 ι
1731 2205 1759 2258 ὁ
1789 2203 2032 2268 Θεὸς,δι’

395 2293 464 2352 οἷο
488 2298 762 2369 ἐκλήθητε
778 2300 859 2361 είς
884 2299 1172 2351 κοινωνίαν
1189 2297 1282 2351 τοῦ
1307 2297 1436 2351 Υίοῦ
1460 2296 1648 2351 αὐτοῦ’
1678 2315 1696 2349 ›
1718 2297 1831 2360 καὶ,
1854 2293 2033 2348 ιΠαῦ-

397 2395 498 2458 λος
532 2393 838 2456 ἀπόστολος
872 2391 1051 2462 Ἰησοῦ
1083 2391 1322 2464 Χριστοῦ
1350 2392 1438 2446 διὰ
1473 2390 1781 2460 θελήματος
1809 2388 1969 2443 Θεοῦ.
2003 2407 2023 2440 ι

396 2488 518 2542 Καὶ
551 2486 720 2539 πάλιν
760 2484 900 2556 πρός
944 2501 1101 2548 τινας
1126 2486 1154 2537 ὁ
1196 2483 1408 2548 Παῦλος
1452 2481 1788 2536 ἐπιστέλλει·
1815 2499 1834 2530 ‹
1869 2481 2033 2535 Ὥστε

394 2578 594 2632 οὐκέτι
628 2573 682 2630 εἷ
719 2575 932 2642 δοῦλος,
971 2575 1112 2630 ἀλλὰ
1160 2576 1276 2639 υἱός
1302 2591 1316 2604 ’
1344 2577 1393 2628 εί
1439 2575 1496 2629 δὲ
1539 2575 1675 2638 υίὸς,
1705 2573 1802 2628 καὶ
1836 2573 2034 2645 κληρο-

396 2672 572 2743 νόμος
605 2670 698 2723 διά
729 2669 890 2723 Θεοῦ.
944 2668 1134 2722 Ταῦτα
1179 2668 1243 2738 δὴ
1287 2667 1586 2739 σύμπαντα
1614 2666 1715 2736 τὴν
1751 2665 2035 2736 ἀναφορὰν

394 2768 481 2829 είς
516 2765 581 2818 τὸ
618 2764 717 2818 τοῦ
755 2761 895 2816 Θεοῦ
927 2762 1026 2814 καὶ
1059 2761 1277 2833 Πατρὸς
1322 2762 1440 2832 ἔχει
1503 2762 1818 2832 πρόσωπον,
1845 2759 1940 2812 καὶ
1971 2759 2034 2812 ού

400 2858 582 2928 δήπου
608 2857 754 2928 πρὸς
776 2855 939 2908 τοῦτο
963 2854 1164 2926 μανίας
1187 2854 1404 2908 ἐλάσειε
1434 2871 1540 2918 τις,
1563 2856 1614 2906 εἰ
1640 2853 1715 2925 μὴ
1743 2853 1898 2923 τύχοι
1919 2854 2036 2916 τοῖς

411 2950 848 3022 προειρημένοις
893 2949 964 3002 τὰ
994 2949 1088 3002 ίσα
1124 2947 1364 3020 φρονῶν,
1394 2947 1469 3010 ὡς
1492 2946 1554 3000 τὸ
1590 2947 1690 3016 τῆς
1725 2944 2036 3016 ὑπουργίας

393 3044 581 3113 δνομά
609 3059 670 3096 τε
704 3043 803 3096 καὶ
839 3042 1098 3113 πρᾶγμα,
1131 3040 1229 3093 καὶ
1265 3039 1438 3108 αὐτῆς
1471 3035 1900 3108 κατηγορεῖσθαι
1935 3036 2036 3106 τῆς

389 3137 500 3192 τοῦ
547 3136 765 3207 [ἰατρὸς
809 3136 971 3207 δόξης
1010 3133 1250 3202 εὐλόγως
1304 3134 1516 3197 εἰπεῖν,
1553 3131 1783 3202 ἐπείπερ
1833 3129 2037 3200 ἠνέχθη

395 3231 509 3285 καὶ
558 3227 834 3282 ὲπάὐτοῦ
881 3228 963 3290 τὸ,
1005 3228 1082 3280 δι’
1119 3222 1215 3283 οὗ.
1276 3224 1588 3296 Ἀδιαφορεί
1625 3224 1736 3294 γὰρ
1798 3221 1911 3276 ἐσθ’
1946 3223 2038 3275 ὅτε

387 3321 542 3392 περὶ
589 3320 692 3384 τὰς
741 3319 919 3385 λέξεις
948 3321 982 3390 ἡ
1015 3317 1136 3372 θεία
1186 3317 1416 3388 Γραφὴ,
1458 3316 1626 3388 μηδὲν
1662 3313 1928 3370 ἁδικοῦσα
1975 3313 2038 3366 τὸ

395 3410 802 3484 ὑποκείμενον,
831 3409 1424 3482 καταχρηστικώτερον
1453 3407 1511 3463 δέ
1543 3425 1662 3472 πως
1690 3407 2034 3478 ἐπιφέρουσα

392 3509 522 3569 τοῖς
559 3505 992 3577 σημαινομένοις
1019 3503 1091 3557 τά
1132 3519 1194 3556 τε
1224 3503 1476 3573 ῥήματα,
1519 3499 1615 3554 καὶ
1651 3499 1720 3553 τὰ
1758 3500 1823 3553 δι’
1858 3492 1934 3553 ὧν
1967 3497 2034 3552 ἂν

399 3600 592 3670 οἴηται
629 3595 1074 3667 καταδηλοῦσθαι
1106 3595 1310 3658 καλῶς,
1341 3593 1492 3665 Πλὴν
1530 3596 1710 3648 ἐκεῖνο
1755 3590 2035 3662 συμφέρον

406 3693 507 3747 ἐπὶ
554 3687 772 3754 τούτοις
821 3689 1018 3752 εἰπεῖν,
1051 3688 1134 3742 ὅτι
1167 3685 1296 3751 δόξα
1321 3685 1532 3756 Κυρίου
1569 3681 1804 3753 κρύπτει
1827 3680 1986 3750 λόγον
2018 3695 2034 3712 ο

398 3783 569 3854 ὀλίγη
617 3783 730 3853 γὰρ
788 3783 940 3836 πᾶσα
991 3779 1167 3850 λόγων
1225 3776 1520 3848 ίσχῦς,ώς
1575 3775 1714 3847 πρὸς
1767 3772 2034 3844 ἐξήγησιν

397 3874 619 3946 ἀκριϐῆ
653 3875 758 3944 τῆς
795 3875 1042 3947 ἀρρήτου
1087 3871 1246 3940 δόξης
1288 3871 1385 3925 καὶ
1436 3865 1800 3940 θεοπρεποῦς.
1831 3865 2035 3937 Διόπερ

397 3969 464 4023 οὒ
501 3967 928 4022 σκανδαλιστέον
949 3967 1044 4020 ἐπὶ
1076 3968 1144 4037 τῇ
1173 3963 1283 4018 τῶν
1314 3962 1663 4034 λαλουμένων
1702 3974 2040 4031 σμικροπρε·

397 4063 543 4134 πείᾳ
570 4103 586 4126 ,
622 4061 1057 4134 παραχωρητέον
1219 4059 1421 4130 μᾶλλρν
1462 4057 1524 4110 τὸ
1577 4057 1758 4126 νικᾷν,
1797 4053 1891 4107 καὶ
1938 4051 2038 4122 τὴν
2077 4049 2136 4102 ὲν
2157 4047 2374 4117 γλώττῃ
2414 4043 2669 4114 δύναμιν,
2710 4041 2804 4095 καὶ
2833 4039 3038 4104 παντὸς
3077 4035 3314 4106 ὀξύτητα
3345 4036 3441 4090 νοῦ
3503 4039 3570 4108 τῇ
3621 4036 3744 4107 θείᾳ

398 4158 505 4213 καὶ
536 4157 812 4228 ἀφράστῳ
860 4154 1021 4227 φύσει
1047 4171 1063 4186 ο
1095 4155 1192 4208 καὶ
1238 4153 1382 4209 κατὰ
1425 4151 1614 4208 τοῦτον
1661 4149 1774 4221 γὰρ
1813 4148 1878 4220 δὴ
1931 4147 2022 4202 τὸν
2060 4142 2262 4216 τρόπον
2294 4141 2355 4193 ού
2391 4136 2606 4211 μικρῶς
2633 4134 3032 4228 ειῖδσεσησοᾲμενἶ

1034 4250 1287 4304 ΚΕΦΔΛ.
1327 4251 1420 4316 ς’.

411 4344 546 4396 Ὅτι
579 4341 695 4409 ζωὴ
729 4341 880 4415 κατὰ
904 4341 1115 4415 φύσιν-
1145 4338 1319 4415 ἐστ-ἰν
1344 4341 1376 4392 ό
1395 4337 1566 4415 -Υἱρς,
1597 4334 1702 4414 καί⁴
1723 4333 1823 4415 δέει
1855 4332 2034 4415 τοῦτο

479 4416 558 4539 (iis
596 4402 852 4499 γεξητὸς
878 4402 1058 4480 [ἀλλ’
1090 4412 1160 4465 ἐκ
1198 4409 1306 4479 τῆς
1345 4409 1563 4474 οὐσίας
1602 4404 1707 4461 τοῦ
1737 4403 1888 4460 Θεοῦ
1933 4402 2032 4459 καὶ

540 4501 747 4552 ιιτρος.
1257 4526 1260 4527 ν

487 4579 557 4630 Ὀ
587 4575 862 4646 γέγονεν,
894 4574 966 4628 ἐν
996 4574 1159 4640 αὐτῷ
1192 4573 1305 4641 ζωὴ
1335 4568 1434 4643 ἦν·

489 4669 619 4722 Ἔτι
652 4665 754 4730 τὰς
797 4665 927 4736 περὶ
967 4664 1061 4718 τοῦ
1092 4665 1230 4718 Θεοῦ
1276 4664 1452 4732 Λόγου
1497 4659 1759 4726 διαλέξεις
1796 4659 2034 4712 ποιεῖται

407 4763 557 4835 πῴς
596 4763 750 4832 ἡμᾶς
783 4761 812 4813 ὁ
857 4759 1128 4832 μακάριος
1161 4756 1558 4827 εὐαγγελιστής
1583 4773 1596 4785 ο
1630 4754 1723 4807 καί
1762 4770 1850 4822 μοι
1888 4751 2037 4804 δοκεῖ

2794 4225 2952 4284 CAP.
2995 4222 3086 4282 Vl.

2143 4328 2301 4397 Quod
2330 4327 2440 4383 vita
2470 4323 2760 4397 secundum
2799 4331 3051 4397 naturam
3083 4324 3154 4378 sit
3192 4321 3368 4397 filius
3388 4361 3401 4385 ,
3436 4328 3597 4397 atque
3626 4319 3740 4374 ideo

2251 4417 2355 4455 non
2388 4407 2634 4463 creatus,
2664 4394 2754 4450 sed
2778 4409 2846 4449 ex
2871 4395 3179 4452 substantia
3201 4394 3300 4449 Dei
3331 4409 3394 4446 ac
3426 4391 3633 4448 Patris.

2214 4563 2255 4627 1,
2289 4562 2344 4626 ὅ,
2375 4562 2432 4616 4.
2464 4560 2621 4629 Quod
2664 4560 2865 4630 factum
2901 4568 3000 4625 est,
3033 4561 3088 4616 in
3121 4561 3235 4632 ipso
3257 4561 3370 4616 vita
3395 4569 3536 4615 erat.

2216 4655 2410 4709 Adhuc
2439 4653 2508 4708 de
2543 4653 2636 4708 Dei
2671 4651 2856 4709 Verbo
2884 4654 3226 4723 evangelista
3264 4654 3460 4709 beatus
3493 4651 3742 4712 disserit.

2147 4747 2393 4828 mihique
2443 4745 2664 4801 videtur
2713 4745 2925 4800 utiliter
2959 4747 3148 4800 omnia
3195 4760 3546 4813 percurrere.
3589 4760 3741 4814 quae-

406 4855 501 4907 διά
539 4851 764 4905 πάντων
805 4849 941 4903 ἱέναι
991 4849 1282 4921 χρησίμως
1325 4846 1435 4901 τῶν
1501 4844 1715 4914 ὅσαπέρ
1751 4844 1868 4896 ἐστι
1894 4839 2032 4895 κατὰ

2144 4859 2367 4915 cunque
2421 4843 2614 4898 insunt
2642 4842 2693 4897 ei
2729 4849 2951 4901 natura,
2985 4847 3044 4893 ut
3069 4847 3124 4894 et
3155 4839 3545 4893 haereticorum
3584 4837 3739 4890 furo-

409 4945 585 5014 φύσιν
639 4941 814 5012 αὐτῷ,
851 4941 942 4995 ἵνα
988 4943 1084 4995 καὶ
1120 4940 1221 5003 τὰς
1248 4938 1360 4992 τῶν
1403 4935 1862 5008 ὲτεροδοξούντων
1909 4931 2032 4985 δυσ·

2145 4953 2236 4994 res
2259 4935 2581 5010 cpnt‘undat,
2609 4942 2667 4990 et
2717 4942 2887 4991 recta:
2919 4933 3041 4988 ﬁdei
3065 4932 3310 4986 cultores
3334 4945 3462 4987 vera
3485 4930 3746 4986 doctrina

407 5038 625 5110 ωπήσῃ
643 5035 955 5106 παροινίας,
975 5034 1212 5097 καὶτοὺς
1239 5032 1374 5104 ὀρθῇ
1400 5029 1724 5099 διαπρέπειν
1750 5026 2032 5087 ἐθέλοντας

2145 5029 2474 5092 conﬁrmet,
2534 5044 2644 5083 non
2721 5042 2786 5082 ex
2855 5025 3108 5082 saeculari
3181 5024 3457 5095 sapientia
3529 5023 3746 5079 fabulas

407 5130 630 5190 πίστει,
659 5130 772 5189 τοῖς
810 5127 890 5190 είς
937 5125 1101 5179 αὐτὸν
1139 5123 1396 5196 ὀχυρώσῃ
1429 5122 1808 5192 θεωρήμασιν,
1839 5120 1942 5172 οὐκ
1973 5119 2032 5170 ὲκ

2147 5131 2450 5189 sectantes,
2502 5125 2600 5179 sed
2651 5123 2708 5176 in
2748 5117 3233 5178 demonstratione
3289 5120 3524 5189 spiritus
3570 5119 3749 5175 admi-

408 5225 600 5290 λόγων
649 5220 846 5290 σοφίας
887 5219 1160 5290 κοσμικῆς
1191 5219 1254 5271 τὸ
1285 5217 1553 5272 ἀπίθανον
1592 5212 2032 5287 ὲρανιζομένους,

2147 5228 2337 5272 rantes
2361 5215 2834 5288 pulchritudinem
2867 5214 3120 5271 veritatis
3143 5214 3187 5266 ⁸.
3223 5212 3279 5268 Id
3313 5225 3497 5270 autem
3537 5214 3587 5268 ei
3621 5229 3747 5282 pro-

409 5317 536 5372 ἀλλ⁹
576 5317 636 5368 ἐν
691 5313 966 5380 ἀποδείξει
1007 5311 1327 5384 Πνεύματος
1358 5309 1420 5362 τὸ
1468 5309 1568 5377 τῆς
1608 5305 1872 5376 ἀληθείας
1905 5303 2032 5358 Gau-

2148 5311 2395 5383 positum
2427 5319 2534 5366 est.
2569 5310 2888 5364 Creatorem
2932 5320 2986 5364 et
3016 5308 3271 5384 opiﬁcem
3309 5314 3508 5362 natura
3543 5303 3746 5359 Filium

411 5409 704 5484 μάζὸντας
754 5406 969 5468 κάλλος.
1009 5406 1190 5476 Ὅπερ
1229 5400 1325 5458 οὖν
1375 5401 1626 5473 βούλεται
1659 5399 1748 5453 διὰ
1777 5397 1873 5452 τοῦ
1904 5415 2032 5469 προ·

2147 5403 2440 5486 exsistere,
2500 5403 2666 5475 paulo
2721 5409 2851 5457 ante
2900 5402 3060 5458 nobis
3114 5401 3386 5466 ostendit,
3414 5398 3600 5455 omnia
3653 5413 3747 5466 per

409 5501 680 5573 κειμένου
706 5500 1000 5565 διδάσκειν,
1019 5498 1198 5553 ἐκεῖνό
1219 5498 1356 5551 ἐστι·
1385 5493 1622 5566 Ποιητὴν
1657 5493 1791 5564 ἡμῖν
1841 5491 2032 5562 ἀρτίως

2143 5498 2326 5568 ipsum
2373 5495 2514 5552 facta
2536 5512 2662 5553 esse
2683 5496 2902 5560 dicens,
2933 5503 2990 5552 et
3012 5497 3132 5552 sine
3165 5496 3286 5565 ipso
3311 5493 3449 5548 nihil
3474 5491 3530 5546 in
3563 5501 3747 5545 ortum

410 5596 567 5650 κατὰ
597 5593 762 5664 φύσιν
799 5593 932 5648 δντα
976 5593 1072 5646 καὶ
1104 5589 1444 5662 δημιουργὸν
1478 5585 1734 5652 ἀπέδειξε
1766 5585 1860 5638 τὸν
1891 5584 2032 5650 Υίὸν,

2147 5589 2434 5646 eductum.
2492 5589 2630 5644 Cum
2685 5601 2871 5646 autem
2925 5597 3198 5645 creatura:
3245 5601 3356 5642 non
3407 5583 3590 5641 solum
3624 5598 3748 5638 esse

412 5691 610 5744 πάντα
639 5685 708 5740 δι’
739 5685 908 5740 αὑτοῦ
940 5683 1280 5755 γεγενῆσθαι
1315 5682 1514 5751 λέγων,
1545 5679 1641 5733 καὶ
1668 5677 1842 5749 χωρὶς
1875 5674 2032 5730 αὐτοῦ

2152 5682 2446 5755 largiatur,
2476 5685 2572 5738 sed
2604 5700 2726 5739 eam
2758 5699 2979 5756 quoque
3011 5697 3042 5738 ε
3069 5697 3131 5738 ιθ
3163 5687 3410 5736 creatam
3439 5678 3747 5741 contineat,

415 5781 563 5854 μηδὲ
595 5777 654 5832 ἓν
677 5779 979 5849 κεκλῆσθαι
1002 5777 1139 5850 πρὸς
1176 5776 1414 5846 γένεσιν·
1463 5772 1682 5844 Ἐπειδὴ
1710 5771 1768 5826 δὲ
1791 5771 1852 5823 οὐ
1884 5771 2032 5842 μόνοι

2154 5776 2401 5844 seipsum
2453 5775 2778 5832 immiscens
2821 5770 3235 5844 quodammodo
3267 5770 3338 5828 iis
3377 5783 3504 5841 qua:
3541 5777 3747 5828 natura

410 5880 489 5946 τῇ
550 5873 734 5927 κτίσει
785 5873 847 5925 τὸ
895 5875 1032 5943 πρὸς
1079 5872 1141 5925 τὸ
1185 5866 1324 5924 εἶναι
1381 5868 1684 5940 κεκλῆσθαι
1738 5865 2032 5938 χαρίζεταιἼ

2152 5877 2414 5922 aeternam
2475 5867 2825 5924 durationem
2879 5879 2989 5920 non
3049 5863 3278 5930 habent,
3313 5869 3370 5920 et
3418 5862 3529 5916 vita
3583 5861 3748 5916 rebus

416 5966 647 6036 συνέχει
680 5965 737 6017 δὲ
763 5965 858 6020 καὶ
886 5963 1267 6035 γεγενημένην
1289 5961 1356 6014 δι’
1387 5960 1607 6025 ἑαυτοῦ,
1634 5961 1746 6023 τοῖς
1776 5958 1836 6012 τὸ
1857 5959 2032 6023 ἀϊδίως

2152 5958 2465 6019 exsistens,
2496 5966 2554 6010 ιιι
2583 5968 2784 6015 creata:
2811 5966 3071 6014 maneant
3115 5971 3183 6010 ac
3217 5962 3511 6012 serventur
3537 5953 3596 6010 in
3633 5965 3752 6009 SINE

492 6060 514 6091 ⁸
562 6057 746 6115 lCor.
787 6076 837 6127 ι,
879 6060 932 6116 9.
1013 6060 1032 6091 ⁸
1075 6057 1279 6130 Ephes.
1318 6074 1370 6124 ι,
1412 6058 1456 6112 l.
1543 6057 1562 6088 ⁷
1607 6055 1788 6111 Galat.
1829 6070 1881 6110 tv
1916 6096 1930 6124 ,
1972 6055 2023 6108 7.

2165 6055 2181 6108 l
2219 6055 2348 6110 Cor.
2389 6067 2467 6115 it,
2507 6054 2560 6107 4.
