4156 6496
380 473 454 533 89
1519 463 1590 520 IN
1627 462 1920 522 JOANNIS
1943 461 2034 519 EV

2139 459 2397 519 ceuuu
2430 457 2562 518 LIB.
2604 458 2643 514 ι.
3003 444 3017 464 ¹
3649 453 3722 515 (ιιι

745 578 1042 646 Ἕννοιαι,
1063 579 1196 650 ἤτοι
1225 579 1657 650 συλιοτισμοί.

451 676 526 730 Ei
552 679 631 749 μὴ
661 673 727 731 ἐκ
761 677 865 747 τῆς
893 673 1085 738 οὐσίας
1119 671 1216 726 τοῦ
1238 671 1375 726 Θεοῦ
1416 672 1510 726 καὶ
1537 672 1753 744 Πατρός
1797 672 1955 725 ἐστιν
1987 671 2019 723 6

381 773 544 836 Υἱὸς,
573 768 779 836 ἔξωθεν
812 767 871 821 δὲ
910 766 1076 820 αὐτὸν
1109 766 1230 819 κατ’
1252 765 1495 827 ὲκείνους
1529 761 1828 832 ὑπέστησε,
1854 777 2017 830 γενη-

386 867 483 930 τὸς
533 863 644 934 ἄρα
694 862 819 914 ἐστὶ
885 858 981 913 καὶ
1028 857 1425 928 πεποιημένος.
1464 856 1588 920 Πῶς
1619 851 1715 910 οὖν
1743 858 1774 909 6
1817 857 1878 908 ἑν
1904 856 2018 919 τοῖς

388 957 685 1030 γεγονόσιν
717 955 840 1009 ἐστὶ
872 954 942 1008 τά
974 952 1156 1006 πάντα
1185 950 1594 1020 ζωογονῶνςτί
1631 949 1690 1003 δὲ
1719 949 1780 1002 τὸ
1800 948 2020 1020 ἐξαίρε-

393 1070 492 1106 τον
517 1053 574 1105 ὲν
597 1052 672 1121 τῇ
711 1047 836 1118 θείᾳ
867 1045 1030 1117 φύσει
1053 1044 1242 1098 λοιπὸν
1271 1045 1583 1116 εὑρήσομεν
1608 1059 1622 1108 ;
1655 1041 1689 1114 ἢ
1714 1041 1832 1105 πῶς
1860 1043 1890 1096 ὁ
1926 1058 2020 1094 σο-

403 1143 652 1217 φώτατος
698 1139 922 1204 Παῦλος
947 1181 963 1207 ,
993 1139 1072 1203 ὡς
1111 1136 1448 1207 άξιάγσστόν
1497 1135 1552 1190 τί
1605 1153 1740 1207 φησι
1788 1136 1880 1189 ἐπὶ
1924 1134 2022 1189 τοῦ

400 1237 542 1292 κατά
575 1234 744 1305 φύσιν
777 1232 932 1296 δντος
960 1230 1120 1296 Θεοῦ,
1145 1229 1239 1285 τοῦ
1275 1229 1678 1300 ζωογονοῦντος
1706 1228 1777 1282 τὰ
1804 1229 2020 1294 πάντας

393 1327 463 1382 Ei
493 1327 611 1400 γάρ
639 1325 872 1396 γενητὸς
908 1325 1177 1396 ὑπάρχων
1207 1326 1235 1378 6
1262 1322 1391 1386 Υἱὸς
1427 1322 1498 1376 τὰ
1531 1323 1713 1377 πάντα
1740 1319 2020 1387 ζωοποιεῖ,

392 1421 606 1493 ἑαυτὴν
630 1423 665 1494 ἡ
690 1420 872 1484 κτίσις
889 1419 1154 1483 ζωοποιεῖ
1170 1416 1452 1490 χρῄζουσα
1474 1416 1744 1488 μηδαμῶς
1761 1417 1840 1480 είς
1867 1414 2026 1470 τοῦτο

391 1513 498 1569 τοῦ
558 1515 887 1586 ποιήσαντος
930 1509 1091 1565 Θεοῦ.
1137 1509 1305 1563 Οὐδὲν
1341 1505 1438 1564 οὖν
1489 1509 1601 1581 ἄρα
1636 1510 1700 1564 τὸ
1746 1509 1932 1564 πλεῖον
1965 1509 2026 1562 ὲν

393 1607 532 1679 Θεῷ
563 1607 722 1678 παρὰ
746 1605 842 1677 τὴν
872 1603 1074 1660 κτίσιν.
1120 1603 1369 1675 Ἐνεργεϊ
1395 1602 1506 1674 γάρ
1534 1603 1635 1674 οὐχ
1666 1598 1854 1676 ἦττον,
1881 1601 1916 1673 ἢ
1947 1599 2026 1664 ὡς

393 1701 471 1755 ἂν
500 1697 734 1768 δύνηται
757 1696 911 1760 Θεός.
952 1694 1118 1748 Ἀλλὰ
1140 1693 1305 1749 τοῦτο
1330 1693 1534 1750 ἄτοπον
1555 1711 1569 1726 ·
1598 1696 1702 1748 οὐκ
1732 1693 1845 1765 ἄρα
1868 1709 2030 1764 γενη-

393 1793 490 1857 τδς
510 1794 542 1846 6
568 1790 719 1856 Υίδς,
745 1787 880 1852 Θεὸς
906 1787 965 1843 δὲ
1000 1786 1228 1860 μᾶλλον,
1259 1787 1356 1842 καὶ
1386 1786 1474 1842 διά
1499 1785 1659 1842 τοῦτο
1685 1785 1830 1841 κατά
1862 1783 2028 1858 φύσιν

394 1887 495 1940 καὶ
529 1882 646 1954 ζωή
657 1923 671 1938 .
1341 1893 1344 1896 λ

477 1947 683 2032 ΑᾸΔΘ.
716 1977 839 2047 τὴν
875 1974 1030 2031 θείαν
1060 1971 1480 2048 ὕπερθαυμάζιι
1503 1970 1670 2043 ’φύσιν
1695 2008 1712 2036 ,
1745 1970 1844 2027 καὶ
1878 1969 2027 2043 μάλα
2059 1947 2103 2004 Β

407 2072 635 2136 εἰκότως
670 2073 701 2126 6
727 2067 1066 2142 Ψαλμῳδὸς,
1096 2071 1192 2121 καὶ
1229 2065 1294 2138 δὴ
1329 2068 1424 2122 καὶ
1466 2066 1691 2138 ἀξίωμα
1738 2064 2032 2121 κάλλιπον

397 2164 728 2236 ἀνατίθησιν
747 2161 914 2235 αὐτῇ,
932 2162 1131 2232 λέγων·
1160 2179 1179 2212 ι
1205 2159 1327 2214 Ὅτι
1350 2159 1504 2231 παρὰ
1531 2158 1615 2212 σοὶ
1643 2158 1796 2229 πηγὴ
1821 2157 1988 2225 ζωῆς.
2005 2173 2025 2208 ι

411 2258 558 2312 Ἀλλ’
592 2251 763 2329 εἴπερ
789 2256 1069 2326 ὑπέστησε
1098 2253 1194 2307 τὸν
1232 2253 1362 2308 Υἰὸν
1396 2255 1426 2308 6
1453 2252 1668 2324 Πατὴρ,
1704 2250 1803 2306 καὶ
1831 2249 1935 2304 οὐκ
1962 2251 2029 2304 ὲκ

392 2355 504 2425 τῆς
531 2351 733 2415 οὐσίας
779 2349 900 2421 ἔχει
926 2347 1033 2419 τῆς
1074 2345 1298 2411 ἑαυτοῦ,
1333 2345 1592 2412 ζωοποιεί
1623 2343 1678 2398 δὲ
1724 2343 1822 2398 καὶ
1852 2340 2032 2405 οὕτως

392 2446 549 2517 ἔχων
593 2443 665 2499 τά
713 2442 887 2515 νοητά
934 2441 1050 2515 [ιον.
1084 2437 1341 2512 γενητά],
1373 2438 1469 2493 καὶ
1510 2435 1626 2509 ζωὴ
1681 2435 1824 2490 κατὰ
1867 2434 2032 2504 φύσιν

391 2540 556 2594 ἐστὶν
593 2539 674 2602 ὡς
709 2526 982 2601 (mancus;
1004 2549 1019 2562 °
1051 2533 1105 2588 τί
1143 2531 1325 2606 μάτην
1355 2531 1385 2584 6
1415 2520 1724 2601 Ψαλμῳδὺς
1768 2525 2034 2580 διατείνε-

390 2651 514 2690 ται,
557 2633 716 2702 παρὰ
767 2628 919 2701 μόνῳ
949 2625 1030 2699 τῷ
1056 2625 1180 2698 Θεῷ
1217 2623 1406 2696 πηγὴν
1434 2624 1580 2694 ζωῆς
1626 2618 1768 2676 εἶναι
1813 2620 2030 2690 λέγωνς

407 2723 772 2794 Ἐπιδέχεται
802 2721 916 2794 γάρ
962 2719 1100 2774 αὐτὸ
1133 2719 1227 2773 καὶ
1252 2721 1286 2787 ἡ
1321 2716 1433 2771 τῶν
1467 2716 1714 2787 γενητῶν
1752 2712 1916 2784 φύσις
1936 2753 1951 2776 ,
1983 2713 2033 2765 εί

406 2819 691 2882 ζωοποιεῖ,
730 2813 914 2869 καίτοι
951 2814 1052 2884 τῆς
1077 2811 1232 2876 Θείας
1260 2813 1359 2880 οὐχ
1394 2810 1660 2883 ὑπάρχων
1683 2811 1712 2862 6
1738 2808 1866 2870 Υίδς
1889 2805 2034 2861 κατὰ

403 2913 513 2984 τήν
564 2928 728 2965 τινων
782 2907 1069 2964 ἀϐουλίαν.
1120 2905 1287 2960 Ἀλλά
1339 2905 1501 2960 τοῦτο
1560 2904 1764 2960 ἄτοπον
1790 2921 1803 2934 ο
1835 2901 2036 2956 οὐκοῦν

395 3006 520 3076 ζωὴ
553 3002 703 3060 κατὰ
750 3001 918 3076 φύσιν
955 3003 985 3057 6
1024 3000 1176 3067 Υἱὸς,
1205 2999 1283 3065 ὡς
1320 2998 1456 3063 Θεὸς
1497 2999 1562 3052 ὲκ
1591 2997 1753 3061 Θεοῦ,
1782 2997 1880 3051 καὶ
1917 2995 2034 3068 ζωὴ

393 3099 470 3152 ἐκ
503 3097 681 3168 ζωῆς-

479 3192 696 3246 ᾹΛΛΟ.
737 3189 804 3245 Εἰ
831 3186 950 3260 ζωὴ
971 3186 1115 3243 κατὰ
1142 3186 1309 3257 φύσιν
1337 3185 1604 3256 ὑπάρχων
1636 3185 1665 3236 6
1697 3182 1845 3251 Υίὺς,
1867 3198 2036 3253 γενη-

2501 574 2856 646 Argumenta,
2888 577 2996 630 sive
3023 573 3348 647 syllogismi.

2192 669 2251 726 Si
2285 685 2354 725 ex
2391 668 2710 724 substantia
2767 667 2861 722 Dei
2914 682 2979 722 ac
3030 668 3214 723 Patris
3252 665 3427 727 Filius
3474 679 3583 720 non
3617 669 3728 731 est,

2121 763 2218 819 sed
2270 762 2626 820 extrinsecus
2666 761 2870 832 ipsum,
2914 768 2976 816 ut
3034 762 3114 817 illi
3158 761 3384 825 volunt,
3438 757 3727 831 produxit.

2121 869 2348 916 creatus
2375 871 2512 928 ergo
2543 865 2630 912 est
2654 872 2716 912 ac
2753 856 2960 912 factus.
2993 855 3288 932 Quomodo
3325 855 3497 925 igitur
3528 852 3623 924 qui
3670 851 3725 905 in

2122 961 2508 1009 creaturarum
2569 963 2801 1005 numero
2853 957 2962 1014 est,
3016 949 3201 1004 omnia
3252 947 3532 1002 viviﬁcat?
3581 943 3724 1012 Quid

2125 1058 2310 1104 autem
2363 1045 2418 1100 in
2473 1053 2669 1099 natura
2725 1043 2915 1098 divina
2965 1041 3313 1111 reperiemus
3365 1038 3581 1098 eximii.
3631 1045 3727 1090 aut

2123 1139 2408 1212 quomodo
2451 1136 2901 1208 sapientissimus
2932 1132 3144 1190 Paulus
3195 1129 3522 1187 admirabile
3563 1129 3618 1184 id
3659 1129 3730 1184 de

2125 1232 2240 1288 Deo
2275 1228 2517 1285 naturali
2556 1227 2715 1290 dicit,
2753 1224 2901 1297 quod
2944 1224 3192 1280 vivilcet
3238 1220 3462 1277 omnia?
3489 1219 3547 1276 Si
3581 1220 3728 1275 enim

2125 1334 2350 1383 creatus
2404 1339 2532 1381 cum
2589 1323 2664 1380 sit
2691 1319 2869 1377 Filius
2905 1319 3095 1374 omnia
3138 1315 3378 1372 viviﬁcat
3408 1316 3454 1379 ⁸,
3491 1314 3730 1382 seipsam

2127 1424 2384 1474 creatura
2413 1412 2824 1488 viviﬁcat,pDeo
2865 1411 3008 1467 nihil
3039 1409 3106 1466 ad
3147 1409 3253 1465 hoc
3299 1407 3564 1478 indigens
3609 1405 3734 1477 opi-

2129 1512 2271 1569 ﬁce:
2303 1509 2444 1566 nihil
2472 1524 2607 1580 ergo
2640 1509 2768 1579 plus
2795 1511 2882 1562 est
2917 1506 2974 1560 in
3018 1505 3134 1558 Deo
3163 1516 3330 1572 quam
3357 1501 3415 1555 in
3445 1506 3734 1563 creatura,

2130 1616 2240 1660 non
2274 1603 2422 1660 enim
2482 1601 2674 1656 minus
2721 1599 2791 1654 ad
2832 1595 3181 1669 operandam
3219 1605 3383 1665 quam
3433 1591 3577 1647 Deus
3633 1591 3736 1644 hac

2129 1700 2223 1755 bet
2253 1695 2560 1752 facultatis.
2586 1693 2692 1751 Sed
2729 1693 2834 1747 hoc
2862 1688 3192 1746 absurdum.
3247 1685 3368 1742 Non
3407 1699 3543 1756 ergo
3569 1697 3736 1739 crea-

2131 1799 2223 1848 tus
2269 1797 2358 1847 est
2413 1788 2610 1850 Filius.
2651 1785 2752 1845 sed
2807 1783 2952 1841 Deus
3001 1782 3212 1854 potius,
3245 1786 3301 1836 et
3367 1777 3579 1834 idcirco
3623 1775 3738 1832 vita

2131 1897 2356 1958 quoque
2382 1898 2481 1954 per
2508 1888 2793 1936 naturam.

2202 1954 2436 2031 ALIUD.
2471 1972 2726 2028 Divinam
2786 1984 2957 2041 supra
3008 1965 3235 2023 modum
3277 1971 3535 2018 naturam
3585 1954 3744 2016 Psai-

2131 2069 2456 2138 mista'jure
2505 2066 2766 2129 miratur,
2800 2063 2967 2133 eique
2998 2057 3341 2130 singularem
3385 2068 3451 2110 ac
3484 2052 3743 2125 pulcher-

2134 2163 2337 2220 rimam
2385 2156 2812 2232 praarogativam
2872 2153 3092 2218 tribuit,
3140 2149 3337 2206 dicens
3393 2165 3412 2198 ι
3467 2145 3741 2212 Quoniam

2133 2255 2278 2328 apud
2333 2229 2403 2310 te
2431 2260 2520 2309 est
2567 2250 2693 2306 fons
2749 2249 2878 2304 vitae
2923 2247 2989 2300 ".
3033 2265 3052 2298 ι
3097 2244 3168 2298 Δι
3221 2243 3267 2299 si
3325 2239 3527 2294 Filium
3575 2229 3744 2292 Pater

2133 2327 2422 2421 produxit,
2451 2359 2556 2400 nec
2597 2343 2780 2414 ipsum
2824 2339 2992 2395 habet
3021 2353 3088 2393 ex
3131 2349 3235 2392 sua
3276 2330 3616 2392 substantia,
3652 2327 3744 2383 hic

2137 2447 2322 2496 autem
2359 2438 2551 2502 etiam,
2603 2437 2732 2490 talis
2775 2449 2903 2488 cum
2966 2431 3062 2498 sit,
3091 2436 3383 2484 creaturas
3417 2421 3667 2478 viviﬁcat
3689 2429 3747 2476 et

2137 2536 2250 2590 vita
2282 2539 2364 2589 est
2407 2529 2719 2587 secundum
2759 2536 3020 2583 naturam
3053 2534 3248 2595 utpote
3288 2518 3606 2586 viviﬁcans,
3642 2531 3746 2572 cur

2135 2621 2436 2681 Psalmista
2491 2621 2637 2692 apud
2692 2620 2875 2675 solum
2937 2616 3114 2672 Deum
3171 2628 3299 2671 esse
3351 2611 3564 2667 fontem
3618 2607 3748 2662 vitae

2138 2717 2350 2774 frustra
2398 2710 2724 2772 contendit?
2767 2707 2825 2763 Id
2878 2706 3030 2764 enim
3082 2705 3139 2760 in
3182 2715 3370 2758 rerum
3424 2707 3745 2755 creatarum

2137 2817 2396 2865 naturam
2459 2817 2686 2877 quoque
2750 2800 2925 2868 cadit,
2970 2798 3017 2854 si
3079 2795 3283 2862 Filius,
3351 2809 3481 2850 cum
3545 2790 3747 2846 divina:

2138 2911 2358 2957 naturae
2389 2913 2501 2954 non
2539 2897 2634 2962 sit,
2655 2901 2716 2950 ut
2747 2893 2916 2949 stulte
2941 2888 3197 2946 nonnulli
3223 2887 3446 2948 docent,
3481 2879 3778 2938 viridem.-

2141 2993 2251 3050 Scd
2286 2993 2397 3048 hoc
2426 2989 2755 3046 absurdum.
2789 2985 2967 3058 Igitur
2998 2982 3113 3037 vita
3158 2985 3245 3035 est
3292 2976 3602 3033 secundum
3646 2987 3749 3028 nae

2140 3096 2321 3144 turam
2361 3084 2556 3151 Filius,
2583 3091 2644 3137 ut
2670 3081 2814 3136 Deus
2845 3095 2913 3136 ex
2949 3075 3084 3138 Deo,
3110 3084 3164 3130 et
3195 3072 3310 3128 vita
3337 3085 3404 3127 ex
3441 3069 3575 3124 vita.

2210 3177 2443 3236 ALIUD.
2466 3176 2524 3231 Si
2547 3177 2656 3231 vita
2672 3173 2951 3229 essistens
2978 3165 3288 3226 secundum
3314 3171 3573 3218 naturam
3591 3173 3750 3214 suam

393 3287 500 3349 τός
531 3287 650 3338 ἐστι
690 3282 789 3337 καὶ
829 3250 1242 3352 πεποιημένος,
1297 3278 1394 3333 άτε
1425 3250 1584 3348 δὲῖτδ
1609 3278 1674 3332 ὲκ
1709 3276 1813 3348 τῆς
1845 3250 2037 3339 eiiciat;

2142 3272 2343 3338 Filius,
2375 3275 2597 3326 creatus
2627 3274 2685 3321 et
2720 3265 2908 3320 factus
2937 3270 3048 3324 est,
3082 3257 3323 3313 maxime
3347 3269 3472 3310 cum
3497 3269 3563 3308 ex
3586 3250 3679 3307 Dei
3700 3257 3754 3306 et

399 3374 556 3433 εἶναι
585 3375 684 3431 τοῦ
715 3375 856 3430 Θεοῦ
889 3374 988 3428 καὶ
1030 3370 1248 3445 Πατρὺς
1275 3373 1380 3427 οὐκ
1420 3371 1562 3443 ἔχων
1590 3370 1734 3425 κατὰ
1767 3371 1866 3443 τὴν
1900 3369 2038 3423 ὲκεί-

400 3491 521 3526 νων
569 3470 856 3536 ὑπόνοιαν,
885 3467 1205 3534 ἑπιδέξεται
1249 3466 1362 3521 τῶν
1409 3465 1656 3538 γενητῶν
1687 3466 1722 3536 ἡ
1773 3464 1938 3534 φύσις
1977 3462 2040 3517 τὸ

402 3561 555 3622 εἷναί
602 3582 666 3619 τε
714 3566 812 3619 καὶ
848 3561 1135 3618 καλεῖσθαι
1183 3561 1296 3633 ζωή
1326 3578 1343 3595 ο
1382 3560 1537 3614 ἔσται
1581 3559 1640 3612 δὲ
1689 3557 1872 3612 πάντα
1923 3554 2039 3626 ζωὴ

405 3659 562 3715 κατά
585 3674 651 3728 γε
677 3657 772 3713 τὸν
802 3657 860 3712 ὲν
894 3655 1126 3727 δυνάμει
1158 3653 1340 3723 λόγον,
1374 3651 1473 3707 καὶ
1508 3652 1556 3705 εί
1591 3650 1665 3723 μή
1706 3665 1794 3703 πω
1817 3647 1917 3718 τὴν
1944 3645 2040 3700 τοῦ

405 3753 750 3827 πράγματος
801 3751 1091 3822 ἐνέργειαν
1138 3747 1254 3818 ἔχει
1285 3762 1299 3776 ⁸
1331 3744 1394 3798 τὸ
1447 3744 1558 3817 γὰρ
1606 3743 1744 3807 ὅλως
1799 3739 1940 3796 εἷναί
1990 3758 2043 3794 τι

403 3845 689 3918 πεφυκὸς,
726 3844 814 3915 εἴη
859 3843 1035 3914 δήπου
1065 3840 1290 3904 πάντως
1333 3839 1436 3902 ἂν,
1460 3838 1559 3892 καὶ
1595 3838 1644 3890 εἰ
1685 3839 1855 3907 μήπω
1879 3835 2044 3904 γέγο·

404 3960 507 3997 νεν
539 3958 555 3971 ·
582 3940 702 4010 ἔχει
746 3937 858 4010 γάρ
890 3938 952 3990 ὲν
989 3937 1058 4007 τῇ
1093 3935 1256 4004 φύσει
1285 3933 1354 3987 τὸν
1379 3931 1667 3987 δύνασθαι.
1693 3930 1825 3984 Ὅτε
1861 3928 2046 3982 τοίνυν

407 4032 602 4089 κοινὸν
627 4031 736 4103 μὲν
772 4031 839 4100 τῇ
875 4027 1055 4081 κτίσει
1083 4026 1147 4079 τὸ
1181 4022 1325 4079 εἶναι
1361 4023 1496 4097 ζωὴ,
1533 4022 1667 4076 ἴδιον
1698 4019 1756 4075 δὲ
1811 4021 1909 4075 καὶ
1945 4019 2044 4092 μό-

408 4142 524 4187 νως
549 4121 791 4182 οὐδενός
823 4120 878 4174 τι
921 4113 1102 4190 μάτην
1125 4117 1213 4184 ἐφ’
1240 4114 1422 4184 ἑαυτῷ
1470 4112 1750 4186 κομπάξει
1798 4111 1982 4181 λέγων
2017 4111 2037 4164 ἑ

2153 4113 2362 4170 frustra
2427 4112 2706 4183 gloriatur
2767 4105 2968 4172 Filius,
3032 4105 3230 4161 dicens
3299 4119 3311 4155 :

410 4218 573 4280 Υἱὸς,
612 4233 633 4266 ι
679 4211 826 4282 Ἐγώ
857 4212 973 4283 εἰμι
1005 4213 1040 4282 ἢ
1067 4207 1182 4282 ζωή
1211 4226 1226 4274 ;
1264 4228 1282 4261 ι
1321 4208 1470 4280 χρῆν
1493 4207 1605 4279 γάρ
1639 4206 1812 4276 δήπου
1844 4203 2048 4276 μᾶλλον

411 4313 634 4367 εἰπεῖν’
712 4307 858 4377 Ἐγώ
903 4307 1020 4377 ειμι
1066 4303 1186 4378 μεθ’
1253 4302 1415 4375 ἡμῶν
1448 4301 1563 4373 [ἴσ.
1614 4297 1794 4372 ὑμῶν]
1827 4299 1862 4370 ἡ
1909 4295 2048 4367 ζωή.

413 4405 599 4462 Τοῦτο
629 4403 688 4456 δὲ
717 4397 788 4473 ἦν
818 4418 935 4464 πως
955 4399 1052 4452 καὶ
1075 4395 1465 4469 ἀληθέστερον,
1489 4393 1649 4464 εἰπερ
1686 4391 1857 4454 ὅντως
1885 4401 2051 4459 γενη-

2143 3366 2330 3422 Patris
2383 3361 2700 3421 substantia
2763 3373 2873 3414 non
2942 3355 3060 3420 sit,
3123 3361 3184 3406 ut
3237 3349 3315 3404 illi
3361 3346 3752 3416 suspicantur,

2146 3474 2334 3518 rerum
2397 3463 2713 3513 creaturum
2786 3459 2986 3505 natura
3055 3445 3164 3502 erit
3223 3458 3289 3498 ac
3350 3439 3569 3496 dicetur
3623 3436 3753 3499 vita,

2144 3560 2426 3622 eruntque
2459 3548 2645 3605 omnia
2674 3547 2812 3612 vita,
2846 3549 3128 3616 potestate
3158 3537 3446 3600 nimirum,
3483 3533 3588 3589 etsi
3617 3547 3756 3586 non-

2144 3647 2277 3703 dum
2330 3651 2460 3700 actu
2511 3641 2566 3698 id
2613 3641 2877 3696 habeant.
2910 3634 3071 3703 Quod
3101 3632 3253 3689 enim
3281 3637 3483 3685 natura
3506 3640 3606 3684 sua
3634 3639 3758 3680 esse

2149 3747 2353 3813 potest.
2386 3739 2496 3796 erit
2547 3736 2741 3806 utique
2795 3730 2958 3796 illud,
3006 3731 3136 3784 licet
3183 3724 3432 3782 nondum
3480 3721 3756 3778 exsistat:

2148 3835 2315 3891 habet
2359 3833 2511 3889 enim
2563 3830 2619 3884 in
2667 3843 2770 3886 sua
2818 3835 3020 3882 natura
3069 3817 3374 3878 exsistendi
3428 3813 3756 3887 potentiam.

2148 3930 2287 3985 Cum
2328 3942 2462 3999 ergo
2505 3932 2783 3982 creaturae
2813 3929 3114 3975 commune
3146 3916 3218 3971 sit
3249 3927 3376 3969 esse
3407 3911 3603 3974 vitam,
3633 3905 3759 3962 nul-

2149 4023 2262 4078 lius
2293 4027 2476 4075 autem
2537 4017 2830 4089 proprium
2887 4029 2952 4069 ac
2993 4011 3306 4080 singulare,
3351 4021 3456 4061 cur
3502 4003 3648 4074 apud
3700 4016 3762 4056 se

3385 4116 3405 4151 ι
3455 4098 3566 4168 Ego
3634 4110 3760 4151 sum

2152 4208 2266 4263 vita
2299 4205 2382 4260 “I
2422 4225 2442 4258 ι
2500 4203 2699 4258 Dicere
2755 4200 2903 4256 enim
2956 4197 3154 4268 utique
3216 4193 3406 4265 potius
3463 4189 3690 4244 deberet
3742 4204 3757 4240 :

2153 4301 2270 4372 Ego
2347 4313 2474 4354 sum
2553 4295 2852 4350 vobiscum
2944 4290 3080 4346 vita.
3163 4287 3279 4343 Hoc
3345 4283 3496 4340 enim
3569 4280 3764 4336 verius

2153 4371 2331 4458 esset,
2365 4389 2648 4462 siquidem
2696 4397 2887 4441 revera
2935 4389 3160 4439 creatus
3201 4387 3308 4446 est,
3342 4391 3408 4432 ac
3443 4377 3577 4432 vita.
3621 4371 3762 4429 Cum

411 4496 510 4560 τὸς
557 4465 831 4563 ὑπάρχων
871 4489 990 4543 ἐστὶ
1053 4465 1178 4541 καὶ.⁷
1210 4465 1363 4556 ζωή.-
1398 4483 1624 4554 Ἐπειδὴ
1677 4480 1736 4535 δὲ
1791 4479 1868 4544 ὡς
1918 4478 2037 4532 ibim

2158 4493 2340 4540 autem
2379 4497 2504 4539 esse
2549 4481 2747 4546 vitam,
2794 4477 2970 4534 veluti
3022 4473 3310 4545 proprium
3366 4483 3433 4525 ac
3479 4465 3765 4539 peculiare

411 4586 630 4659 άγαθδν
667 4583 850 4657 ἐαυτῷ
890 4581 1208 4654 περιτίθησι
1257 4578 1408 4649 μόνῳ
1451 4577 1514 4630 τὸ
1543 4573 1684 4629 εἶναι
1721 4571 1860 4644 ζωὴ.
1891 4571 2037 4642 δῆλος

2156 4581 2369 4636 bonum
2399 4576 2504 4633 sibi
2531 4575 2626 4629 uni
2662 4581 2906 4642 arroget,
2934 4574 3089 4640 patet
3119 4567 3315 4632 utique
3339 4563 3524 4634 ipsum
3559 4574 3620 4615 se
3649 4571 3762 4612 non

411 4651 484 4736 ἂν
513 4680 606 4752 εἴη
655 4651 847 4733 λοιπὸν
889 4651 1100 4739 οὺ-τοῖς
1129 4651 1385 4744 Ϋενητοῖς
1427 4668 1642 4734 ἑαυτὸν,
1668 4665 1806 4721 ἀλλὰ
1827 4668 1893 4736 τῇ
1925 4663 2037 4736 θείᾳ

2159 4676 2212 4728 in
2268 4672 2436 4726 rebus
2495 4667 2724 4731 creatis,
2775 4665 2872 4721 sed
2933 4662 3041 4734 52
3089 4660 3146 4715 in
3202 4658 3390 4714 divina
3449 4651 3764 4711 substantia

411 4769 517 4823 τοῦ
560 4768 781 4840 Πατρὸς
833 4764 1148 4820 συντάττων
1185 4753 1448 4835 οὺσίᾳ,ᾖ
1499 4760 1596 4815 καὶ
1633 4759 1695 4812 τὸ
1741 4753 1887 4811 εἶναι
1931 4755 2048 4827 ζωὴ

414 4863 697 4936 πρόσεστι
733 4858 1003 4930 φυσικῶς.

489 4979 712 5033 ΑΛΛΟ.
769 4976 846 5030 Τὸ
881 4976 983 5048 τῆς
1025 4973 1174 5045 ζωῆς
1233 4972 1464 5044 μετέχον
1505 4969 1606 5024 οὐκ
1667 4967 1801 5022 αὐτὸ
1842 4965 2047 5038 κυρίως

412 5074 574 5130 ἐστὶν
598 5073 634 5144 ἡ
662 5070 798 5143 ζωή·
831 5071 1024 5142 ἓτερον
1061 5069 1170 5143 γάρ
1203 5087 1257 5122 τι
1279 5067 1528 5138 ὑπάρχον
1562 5067 1621 5118 ἐν
1647 5059 1826 5131 ἐαυτῷ
1858 5059 2048 5129 φαίνε-

411 5186 534 5223 ται.
563 5166 631 5221 Εἰ
671 5164 857 5218 τοίνυν
895 5161 1162 5236 μεθεκτὸς
1195 5162 1224 5215 6
1264 5159 1397 5222 Υἱὸς
1447 5158 1562 5220 τοῖς
1602 5154 1886 5224 γεννητοῖς
1930 5149 2047 5223 [γρ.

415 5257 708 5331 γενητοῖς]
733 5257 811 5322 ὡς
849 5255 984 5330 ζωὴ,
1007 5255 1198 5328 ἕτερος
1229 5253 1298 5308 ἂν
1332 5251 1418 5323 εἴη
1453 5249 1608 5323 παρᾶ
1642 5247 1713 5302 τὰ
1749 5243 2052 5317 μετέχοντα

413 5348 598 5409 αὑτοῦ
619 5392 634 5417 ,
667 5351 764 5404 καὶ
793 5348 941 5421 ζωῆς
983 5348 1242 5420 δεόμενα.
1285 5343 1500 5400 Οὐκοῦν
1530 5342 1592 5396 οὐ
1637 5338 1893 5411 γενητὸς,
1924 5334 2052 5390 οὔτε

418 5443 539 5518 μὴν
577 5439 967 5507 ζωοποιεῖσθαι
1011 5437 1192 5510 ζητῶν
1222 5439 1354 5510 παρ’
1386 5435 1598 5508 ἐτέρου·
1638 5431 1772 5495 Θεὸς
1810 5424 1905 5484 οὖν
1943 5429 2054 5501 ἄρα

416 5534 622 5592 λοιπδν
649 5535 680 5587 ὀ
714 5533 1000 5599 ζωοποιός.
1041 5533 1104 5588 EI
1150 5532 1208 5586 δὲ
1235 5531 1418 5596 τοῦτο,
1446 5528 1544 5582 καὶ
1574 5526 1678 5596 τῆς
1709 5521 1807 5578 τοῦ
1833 5520 2053 5594 Πατρὸς

418 5627 627 5693 οὐσίας
675 5624 1190 5697 ὀμολογηθήσεται,
1245 5623 1406 5696 εἴπερ
1473 5621 1570 5675 ἕνα
1631 5615 2054 5690 προσκυνοῦμεν

419 5718 601 5786 Θεὸν,
629 5714 728 5772 καὶ
777 5717 876 5787 οὐχ
912 5716 1095 5788 ’ἑτέρῳ
1134 5715 1241 5768 τινὶ
1287 5714 1439 5784 παρά
1480 5711 1570 5765 τὸν
1607 5708 1740 5762 ὄντα
1786 5705 2049 5778 λατρεύο-

426 5829 564 5886 μιν.

506 5992 537 6029 ⁹’
575 5991 598 6050 I
635 5991 780 6048 Tim.
819 6007 868 6047 ιι
893 6033 906 6060 ,
953 5990 1038 6048 I3.

2157 4766 2460 4832 collocare,
2489 4762 2578 4818 cui
2609 4761 2776 4818 etiam
2810 4769 2871 4813 ιιι
2900 4757 2975 4813 sit
3005 4756 3116 4810 vita
3154 4751 3492 4808 naturaliter
3519 4748 3690 4803 inest.

2229 4961 2464 5019 ALIUD.
2497 4957 2658 5027 Quod
2703 4959 2872 5012 vitam
2923 4954 3250 5027 participat,
3301 4953 3487 5022 ipsum
3533 4963 3646 5005 non
3683 4955 3769 5002 est

2154 5058 2380 5131 proprie
2413 5054 2544 5119 vita,
2571 5054 2722 5108 al’iud
2748 5051 2896 5108 enim
2926 5048 3189 5121 quiddam
3218 5048 3273 5102 in
3329 5045 3515 5116 seipso
3548 5043 3770 5098 videtur

2154 5167 2305 5208 esse.
2362 5147 2420 5204 Si
2472 5161 2605 5218 ergo
2657 5141 3146 5201 communicabilis
3195 5147 3284 5196 est
3338 5139 3510 5194 rebus
3560 5133 3769 5192 creatis

2153 5244 2358 5309 Filius,
2407 5251 2468 5297 ut
2519 5243 2651 5307 vita,
2689 5231 2840 5293 aliud
2876 5236 2982 5292 erit
3031 5235 3100 5290 ab
3148 5233 3220 5289 iis
3255 5249 3378 5303 quae
3415 5231 3594 5302 ipsum
3639 5243 3768 5298 par-

2148 5341 2410 5411 ticipant,
2430 5351 2496 5392 ac
2531 5335 2641 5391 vita
2676 5333 2948 5404 indigent.
2975 5330 3148 5401 Igitur
3177 5342 3287 5385 non
3321 5333 3563 5384 creatus,
3591 5336 3770 5390 neque

2157 5433 2298 5489 adeo
2331 5429 2594 5486 viviﬁcari
2643 5441 2902 5499 qua-rens
2951 5423 3023 5479 ab
3076 5421 3207 5477 alio.
3255 5419 3403 5474 Deus
3453 5417 3642 5481 itaque
3683 5417 3768 5464 est

2157 5525 2471 5582 vivificaris.
2536 5520 2698 5589 Quod
2745 5517 2790 5574 si
2839 5518 2915 5572 ita
2962 5524 3066 5579 est,
3101 5530 3166 5571 ex
3197 5506 3508 5569 substantia
3545 5517 3770 5574 quoque

2159 5619 2344 5677 Patris
2379 5633 2508 5674 esse
2538 5613 2899 5674 concedetur,
2937 5607 3210 5679 siquidem
3253 5615 3422 5658 unum
3469 5595 3766 5653 adoramus

2161 5707 2334 5765 Deum
2385 5722 2488 5765 nec
2511 5707 2679 5763 alium
2709 5703 2779 5760 ab
2806 5715 2872 5759 eo
2907 5699 3001 5772 qui
3025 5706 3108 5754 est
3149 5693 3409 5750 colimus.

1120 5990 1162 6020 ‘°
1206 5984 1353 6045 Psal.
1399 5999 1582 6052 xxxv,
1623 5979 1710 6040 10.
1790 5981 1830 6016 ίι
1877 5978 2034 6038 Joan.
2075 5991 2202 6046 xw,
2238 5974 2293 6032 6.
