4156 6514
463 441 533 514 ,91
1474 448 1533 505 S.
1575 448 1857 506 CYBILLI
1897 450 2368 507 ALE‘MNDRINI
2417 447 2741 506 ARCIHEP.
3674 443 3752 501 92

542 561 775 619 ALIUD.
841 560 1042 619 Rerum
1112 573 1366 619 naturam
1433 566 1730 639 diligenter
1795 569 2048 625 conside-

2226 570 2428 623 ΑΛΛΟ.
2463 567 2574 638 Τὴν
2592 568 2701 620 τῶν
2725 566 2895 619 δντων
2920 563 3162 635 ἀκριϐῶς
3195 561 3541 629 ὲξετάζοντες
3561 561 3748 631 φύσιν,

468 660 677 713 rantes,
721 650 888 709 Deum
927 662 982 708 et
1026 661 1364 720 creaturam,
1405 657 1656 730 nihilque
1706 668 1905 730 prater
1937 666 2054 716 hac

467 743 618 798 aliud
653 743 921 801 videmus.
954 744 1116 811 Quod
1175 748 1323 803 enim
1377 747 1521 806 Deus
1568 766 1681 806 non
1720 763 1807 808 est
1851 767 2054 809 secun-

467 833 600 889 dum
633 845 909 900 naturam.
937 840 1128 909 utique
1161 849 1405 896 creatum
1439 842 1586 898 istud
1621 851 1729 908 est,
1767 854 1823 898 et
1855 860 2055 902 rursus

466 924 734 993 quidquid
769 937 1022 982 creatura
1056 942 1289 1002 negatur
1313 947 1458 998 esse,
1492 932 1544 989 id
1582 942 1733 991 certe
1771 934 1912 993 Deus
1940 946 2055 993 est.

470 1012 566 1069 llis
593 1015 758 1086 igitur
786 1017 865 1070 ita
898 1018 1003 1073 rite
1042 1024 1372 1091 perspectis,
1401 1025 1793 1093 respondeant,
1837 1043 2050 1097 quaso.

468 1103 561 1172 qui
611 1120 640 1159 a
698 1107 1006 1164 substantia
1050 1110 1143 1167 Dei
1196 1127 1264 1167 ac
1310 1112 1488 1171 Patris
1522 1114 1725 1171 Filium
1773 1126 2055 1187 amovent,

467 1197 746 1266 quomodo
778 1199 1053 1259 viviﬁcare
1104 1205 1278 1272 possit
1326 1215 1386 1261 ut
1428 1208 1560 1273 vita,
1587 1224 1719 1264 cum
1752 1209 1806 1264 id
1842 1219 2054 1268 natura:

467 1286 670 1344 divinae
709 1291 995 1362 proprium
1043 1296 1139 1362 sit,
1170 1314 1272 1354 uec
1299 1300 1392 1357 ulli
1430 1302 1506 1355 rei
1554 1302 1711 1357 alteri
1752 1304 2051 1362 tribuatur.

468 1378 627 1444 Quod
647 1382 718 1444 si,
742 1392 964 1442 creatus
983 1401 1110 1443 cum
1130 1391 1224 1454 sit,
1253 1391 1360 1446 vita
1376 1402 1597 1462 quoque
1612 1410 1736 1450 esse
1756 1405 1961 1465 patcst.
1983 1399 2055 1455 ad

470 1470 761 1531 universas
799 1483 951 1533 certe
980 1487 1272 1537 creaturas
1294 1484 1457 1539 istius
1484 1490 1859 1557 praerogativa
1873 1490 2054 1558 gratia

468 1563 784 1632 pertinebit,
843 1578 1125 1639 eruntque
1172 1573 1357 1628 omnia
1411 1574 1523 1628 vita
1591 1578 1894 1634 secundum
1951 1596 2055 1639 na-

2154 660 2289 716 θεὸν
2310 660 2530 733 ὁρῶμεν
2561 660 2658 713 καὶ
2697 657 2897 723 κτίσιν,
2924 657 3021 711 καὶ
3058 656 3247 729 ἕτερον
3291 657 3385 710 ἐπὶ
3411 655 3624 715 τούτοις
3653 656 3748 706 οὐ-

2151 752 2262 806 δέν.
2288 754 2354 806 Ὃ
2386 751 2498 823 γάρ
2526 751 2595 806 ἂν
2636 750 2891 803 ἐκπίπτει
2918 748 3016 802 τοὺ
3043 743 3182 803 εἶναι
3211 747 3345 812 Θεὸς
3384 747 3527 802 κατὰ
3559 747 3748 816 φύσιν,

2151 845 2312 901 τοῦτο
2339 846 2559 910 πάντως
2592 846 2709 899 ἐστὶ
2743 842 2992 915 γενητόνο
3022 842 3121 897 καὶ
3151 842 3290 911 ὅπερ
3311 840 3381 895 ἂν
3404 842 3496 893 τὸν
3526 840 3620 893 τοῦ
3651 856 3751 893 πε-

2154 936 2411 1007 ποιῆσθαι
2438 935 2722 1005 διαφεύγει
2749 935 2928 1003 λόγον,
2960 932 3094 986 εἴσω
3121 932 3341 993 πάντως
3365 929 3481 983 ἐστὶ
3506 928 3616 982 τῶν
3642 929 3749 996 τῆς

2153 1027 2404 1099 θεότητος
2422 1028 2723 1099 ὃρων.”οτε
2754 1026 2934 1080 τοίνυν
2953 1023 3155 1095 ἄριστά
3178 1041 3295 1087 πως
3320 1022 3388 1077 τὰ
3407 1020 3633 1075 τοιαῦτα
3663 1020 3747 1075 δι-

2150 1119 2279 1174 ισκέ
2287 1121 2491 1190 μμεθα.
2505 1119 2814 1188 λεγέτωσαν
2826 1120 2860 1188 ἡ
2871 1119 2962 1188 μϊν
2976 1118 3026 1169 ci
3043 1115 3145 1187 τῆς
3160 1114 3259 1169 τοῦ
3272 1112 3408 1169 Θεοῦ
3427 1113 3520 1169 καὶ
3533 1112 3750 1181 [ἰατρὸς

2151 1211 2340 1275 οὐσίας
2386 1208 2715 1276 ἐξωθοῦντες
2757 1210 2849 1264 τὸν
2888 1208 3037 1274 Υἱδν,
3075 1207 3193 1272 πῶς
3235 1207 3302 1263 ἂν
3345 1206 3562 1260 δύναιτο
3606 1204 3749 1268 ζωο-

2152 1306 2331 1370 γονεῖν
2360 1304 2437 1367 ὡς
2464 1303 2599 1376 ζωὴ,
2625 1302 2753 1356 ἴδιον
2773 1301 3004 1372 ἐχούσης
3036 1299 3170 1354 αὑτὸ
3201 1300 3299 1370 τῆς
3325 1298 3477 1361 θείας
3504 1299 3749 1366 φύσεως,

2153 1395 2329 1467 ἑτέρῳ
2371 1394 2431 1449 δὲ
2481 1393 2925 1464 παραχωρούσης
2965 1391 3161 1445 οὑδενί.
3194 1391 3257 1444 Ei
3294 1390 3352 1444 δὲ
3387 1390 3615 1461 γενητὶς
3644 1391 3750 1443 ὑπ-

2154 1486 2338 1557 άρχων
2355 1483 2498 1541 εἶναι
2526 1485 2751 1539 δύναται
2791 1486 2888 1539 καὶ
2914 1484 3050 1556 ζωὴ,
3079 1482 3274 1552 φθάσει
3301 1481 3367 1551 δὴ
3397 1482 3614 1544 πάντως
3652 1480 3750 1534 ἐπὶ

2153 1577 2333 1630 πάντα
2361 1575 2432 1630 τὰ
2467 1576 2673 1647 γενητὰ
2692 1575 2788 1630 τοῦ
2810 1576 3289 1646 πλεονεκτήματος
3320 1575 3353 1644 ἡ
3379 1573 3560 1644 χάρις,
3591 1571 3751 1627 ἔσται

469 1659 670 1717 turam.
696 1655 839 1722 Quid
870 1672 1006 1729 ergo
1035 1675 1177 1729 opus
1204 1663 1313 1717 erit
1342 1664 1412 1719 iis
1442 1667 1868 1738 participatione
1903 1669 2051 1736 Filii,

2155 1669 2213 1724 δὲ
2240 1668 2417 1723 πάντα
2443 1668 2586 1724 κατά
2606 1669 2768 1736 φύσιν
2789 1666 2926 1739 ζωή.
2953 1668 3051 1731 Τίς
3071 1662 3165 1721 οὖν
3192 1667 3381 1730 αὐτοῖς
3407 1664 3559 1719 ἔσται
3582 1664 3745 1735 χρεία

467 1753 565 1799 aut
599 1747 732 1817 quid
786 1748 916 1806 inde
973 1751 1113 1807 lucri
1163 1756 1421 1824 capient?
1462 1756 1587 1829 Ipsa
1638 1763 1787 1823 enim
1832 1778 2052 1835 quoque

2154 1761 2253 1832 τῆς
2284 1760 2381 1814 τοῦ
2420 1759 2551 1814 Υίού
2585 1759 2839 1830 μετοχῆς,
2870 1759 2905 1830 ἢ
2934 1760 2988 1812 τί
3013 1758 3074 1812 τὸ
3105 1757 3267 1814 πλέον
3296 1757 3548 1812 ἐντεῦθεν
3579 1757 3749 1828 εὑρή-

466 1837 576 1891 vita
613 1847 742 1893 sunt
771 1842 1075 1897 secundum
1105 1855 1384 1901 naturam.
1412 1849 1517 1904 Sed
1551 1851 1655 1907 hoc
1695 1851 1890 1910 falsum
1921 1864 2050 1913 est:

2157 1870 2371 1919 σουσιν;
2407 1852 2521 1923 ἔχει
2551 1852 2661 1923 γὰρ
2705 1852 2799 1906 καὶ
2827 1850 2968 1904 αὑτά
2991 1851 3051 1904 τὸ
3076 1846 3216 1903 εἶναι
3244 1851 3386 1904 κατὰ
3408 1847 3571 1918 φύσιν
3606 1848 3748 1918 ζωή.

466 1927 805 1998 participant
856 1932 1063 2003 quippe
1115 1939 1438 1994 necessario
1493 1939 1719 2010 Filium,
1762 1955 1822 2001 ut
1880 1928 2050 2003 vitam

2165 1943 2305 2013 Ἀλλέ
2345 1945 2447 1997 οὑκ
2475 1942 2683 2014 ἀληθὴς
2712 1943 2745 1996 6
2777 1940 2956 2010 λόγος,
2988 1939 3206 2012 μετέχει
3233 1939 3290 1994 δὲ
3328 1939 3643 2008 ἀναγκαίως
3666 1936 3747 2002 ὡς

467 2029 573 2084 qua
597 2014 895 2108 indigent.
945 2020 1110 2078 Solus
1140 2038 1275 2094 ergo
1314 2025 1647 2096 Unigenitus
1691 2034 1801 2090 vita
1829 2045 1921 2092 est
1963 2053 2052 2094 se-

2153 2034 2302 2106 ζωῆς
2343 2037 2614 2108 χρῄζοντα
2655 2036 2749 2090 τού
2795 2032 2948 2089 Υἱοῦ.
2985 2033 3163 2097 Μόνος
3194 2033 3302 2104 ἀρα
3340 2032 3489 2086 ἐστὶν
3515 2033 3547 2084 6
3571 2031 3750 2086 Μονο-

464 2105 708 2161 cundum
761 2117 1019 2165 naturam
1071 2128 1251 2184 suam,
1284 2133 1392 2173 nec
1424 2121 1655 2189 proinde
1703 2124 1849 2182 inter
1893 2142 2052 2184 crea-

2152 2105 2317 2199 γενῆς
2346 2105 2491 2185 κατά
2523 2128 2687 2198 φύσιν
2715 2127 2850 2197 ζωὴ,
2881 2128 2976 2181 καὶ
3011 2128 3114 2180 οὑκ
3140 2126 3200 2178 ἐν
3230 2126 3342 2188 τοῖς
3370 2125 3615 2195 γενητοῖς
3654 2123 3748 2178 διὰ

466 2207 625 2255 turas
675 2200 1063 2271 collocabitur,
1092 2208 1191 2264 sed
1243 2210 1312 2265 ad
1371 2214 1637 2282 genitoris
1667 2217 1751 2272 sui
1788 2220 2052 2276 evehetur

2152 2218 2311 2277 τοῦτο
2334 2219 2637 2287 τετάξεται,
2656 2218 2868 2281 ἀλλἐίς
2900 2217 3001 2289 τὴν
3026 2216 3118 2271 τοῦ
3146 2216 3397 2280 τεκόντος
3426 2216 3588 2271 αὑτὸν
3617 2217 3749 2268 ἀνα-

467 2301 741 2347 naturam.
773 2292 898 2350 Vita
952 2298 1098 2355 enim
1151 2316 1374 2374 quoque
1422 2314 1504 2361 est
1548 2308 1851 2365 secundum
1891 2326 2052 2371 suam

467 2390 720 2438 naturam
756 2383 939 2439 Pater.

2152 2311 2382 2384 ϐήσεται
2428 2312 2622 2382 φύσιν
2663 2310 2780 2383 ζωὴ
2809 2309 2918 2381 γὰρ
2972 2309 3116 2365 κατά
3153 2309 3316 2381 φύσιν
3342 2310 3435 2365 καὶ
3462 2310 3492 2362 6
3533 2310 3747 2381 Πατήρ.

466 2396 720 2438 naturam
756 2396 939 2445 Pater.

536 2471 768 2530 ALIUD.
803 2474 928 2533 Vita
956 2493 1083 2535 cum
1116 2480 1188 2536 sit
1223 2484 1529 2541 secundum
1564 2497 1819 2545 naturam
1853 2490 2050 2560 Filius,

2222 2492 2431 2547 ΔΛΛΟ.
2478 2490 2600 2562 Ζωὴ
2632 2488 2773 2545 κατὰ
2816 2489 2980 2560 φύσιν
3011 2488 3275 2561 ὑπάρχων
3311 2490 3341 2543 6
3380 2488 3530 2553 Υἱὸς,
3557 2486 3750 2557 ἕτερός

464 2565 609 2625 alius
639 2575 725 2624 est
768 2583 797 2623 a
830 2581 1110 2640 creatura,
1137 2574 1399 2632 nimirum
1434 2580 1739 2636 secundum
1772 2590 2050 2653 naturam,

2152 2578 2270 2634 ἔστι
2301 2580 2455 2650 παρά
2474 2580 2573 2651 τὴν
2601 2580 2799 2646 κτίσιν,
2830 2579 2991 2651 δῆλον
3020 2578 3076 2633 δὲ
3105 2579 3186 2634 ὅτι
3217 2577 3361 2634 κατά
3379 2577 3479 2647 τὴν
3502 2576 3687 2646 φύσιν,
3710 2575 3747 2645 ἢ

464 2667 561 2713 aut
620 2660 872 2731 ejusdem
933 2680 1061 2721 cum
1111 2683 1174 2723 ea
1231 2677 1462 2725 naturae.
1510 2669 1568 2726 Si
1616 2688 1749 2743 ergo
1803 2676 2050 2744 ejusdem

2152 2670 2397 2744 ὁμοφυὴς
2440 2672 2636 2745 ταύτῃ.
2691 2672 2753 2725 Ei
2818 2670 2918 2740 μὲν
2962 2666 3055 2725 οὖν
3099 2670 3345 2741 ὁμοφυής
3387 2669 3449 2722 τέ
3497 2669 3617 2721 ἐστι
3654 2668 3751 2720 καὶ

463 2758 678 2803 natura:
725 2759 813 2807 est
854 2760 1024 2824 atque
1073 2760 1355 2824 essentia,
1388 2761 1673 2829 quomodo
1729 2777 1838 2818 non
1895 2781 2052 2820 men-

2152 2766 2437 2837 ὁμοούσιος
2461 2807 2478 2830 ,
2501 2765 2617 2827 πῶς
2659 2764 2720 2818 ού
2767 2763 3120 2833 διαψεύσεται
3161 2762 3355 2830 λέγων,
3392 2778 3410 2812 t
3462 2758 3607 2827 Ἐγὼ
3628 2759 3748 2828 εἰμι

463 2839 634 2894 tietur
661 2841 894 2900 dicens:
927 2864 945 2897 ι
980 2844 1095 2917 Ego
1120 2864 1243 2905 sum
1287 2852 1445 2921 panis
1483 2854 1629 2921 vitae,
1662 2855 1755 2925 qui
1798 2856 1867 2911 de
1907 2857 2052 2912 ccelo

2152 2860 2179 2913 6
2219 2859 2385 2929 ἀρτος
2411 2856 2512 2927 τῆς
2539 2856 2686 2926 ζωῆς
2713 2858 2743 2910 6
2766 2854 3111 2910 καταϐαίνων
3138 2855 3203 2908 ἐκ
3230 2851 3325 2907 τοῦ
3361 2851 3615 2922 ούρανοῦ,
3653 2851 3753 2905 καὶ

462 2930 773 3000 descendit,
824 2944 879 2991 et
916 2937 1011 2993 dat
1069 2942 1234 2996 vitam
1273 2944 1477 2998 mundo
1511 2944 1575 2998 ι’.
1619 2964 1637 2997 ι
1681 2945 1858 3002 liabet
1900 2948 2049 3003 enim

2152 2949 2296 3023 ζωὴν
2326 2948 2501 3013 διδοὺς
2529 2947 2607 3018 τῷ
2647 2947 2861 3019 κόσμῳς
2897 2965 2914 2997 ι
2952 2947 3107 3017 Ἔχει
3140 2946 3250 3017 γὰρ
3273 2946 3307 3015 ἠ
3339 2946 3514 3009 κτίσις
3537 2944 3747 2999 οἴκοθεν

461 3039 529 3079 ex
573 3040 633 3081 se
674 3037 946 3096 creatura,
980 3041 1037 3087 ut
1090 3032 1163 3088 sit
1197 3033 1313 3097 vita
1343 3052 1359 3088 :
1393 3034 1503 3090 vita
1548 3042 1733 3091 autem
1762 3038 1887 3091 vitae
1917 3052 2051 3108 par-

2152 3041 2211 3096 τὺ
2249 3036 2391 3095 εἶναι
2439 3039 2573 3112 ζωή·
2608 3039 2722 3111 ζωὴ
2752 3039 2809 3093 δὲ
2854 3036 3002 3109 ζωῆς
3040 3037 3329 3109 ἀμέτοχος,
3373 3037 3461 3091 ἵνα
3489 3036 3752 3108 φαίνηται

463 3116 640 3187 ticeps
669 3134 793 3175 esse
845 3135 958 3175 non
998 3121 1181 3201 debet,
1231 3129 1292 3176 ut
1350 3122 1459 3177 vita
1508 3123 1909 3195 conspiciatur.
1950 3126 2048 3180 Sin

2152 3134 2289 3207 ζωή.
2328 3134 2389 3188 EI
2418 3132 2478 3197 δὲ
2506 3133 2609 3187 οὐκ
2648 3132 2798 3186 ἐστιν
2821 3129 3088 3202 ὁμοφυὴς,
3121 3130 3215 3184 καὶ
3258 3129 3320 3182 τὸ
3357 3122 3499 3183 εἶναι
3519 3128 3750 3200 γενητὸς

386 3240 400 3251 -
462 3220 646 3266 autem
680 3210 930 3281 ejusdem
965 3220 1181 3268 naturae
1205 3229 1315 3269 non
1347 3223 1453 3280 εει,
1480 3217 1646 3270 etiam
1675 3225 1893 3273 creatus
1925 3233 2051 3275 esse

2152 3224 2533 3295 διαφεύξεται,
2563 3222 2893 3289 συνεξέλκων
2944 3220 3122 3294 ἑαυτῷ
3153 3222 3255 3293 τῆς
3293 3221 3524 3284 κτίσεως
3566 3219 3751 3273 καὶτὸ

463 3318 572 3357 non
608 3302 833 3372 poterit,
879 3302 984 3358 sibi
1034 3305 1202 3359 simul
1255 3308 1533 3377 arripiens
1567 3308 1713 3379 quod
1772 3311 2049 3381 proprium

2158 3316 2289 3370 ίδιον
2349 3313 2574 3385 ἀγαθόν.
2609 3314 2684 3368 Οὑ
2732 3314 2838 3386 γὰρ
2882 3316 2916 3385 ἡ
2951 3314 3132 3379 κτίσις
3181 3314 3336 3369 ἔσται
3387 3312 3529 3368 κατά
3581 3312 3746 3383 φύσιν

462 3406 549 3451 εει
596 3406 869 3452 creaturae
917 3396 1147 3453 bonum.
1177 3397 1445 3454 Creatura
1477 3401 1623 3457 enim
1655 3402 1766 3458 vita
1804 3417 1916 3458 non
1947 3403 2052 3459 erit

2156 3409 2271 3482 ζωὴ
2290 3449 2305 3476 ,
2332 3406 2478 3480 ζωῆς
2506 3406 2565 3461 δὲ
2589 3406 2789 3479 μᾶλλον
2822 3405 3054 3478 δεομένη
3079 3405 3176 3463 καὶ
3211 3405 3459 3478 μέτοχος.

463 3486 770 3543 secundum
802 3502 959 3543 suam
997 3495 1274 3557 naturam,
1311 3487 1407 3545 scd
1441 3489 1569 3547 vitae
1620 3490 1810 3562 potius
1862 3489 2055 3562 indiga

462 3590 519 3636 et
566 3580 871 3651 particeps.

537 3691 766 3750 ALIUD.
799 3693 856 3750 Si
897 3693 1010 3749 vita
1054 3708 1181 3750 cum
1218 3694 1290 3752 sit
1325 3695 1431 3767 53
1456 3695 1765 3752 secundum
1800 3705 2052 3751 naturam

465 3784 665 3850 Filius,
704 3784 955 3853 ejusdem
1009 3794 1225 3842 natura:
1278 3797 1370 3843 est
1421 3802 1546 3843 cum
1588 3787 1760 3844 rebus
1823 3788 2053 3852 creatis,

467 3887 763 3948 propterea
800 3877 950 3948 quod
998 3894 1065 3933 ex
1108 3876 1203 3934 Dei
1251 3877 1572 3942 ac'Patris.
1602 3887 1663 3933 ut
1713 3877 1805 3935 isti
1836 3878 2052 3945 volunt,

464 3971 782 4029 substantia
817 3987 929 4026 non
957 3973 1198 4034 exsistit,
1235 3972 1367 4042 quid
1396 3986 1582 4028 causae
1609 3978 1697 4030 est
1729 3986 1830 4027 cur
1858 3971 2054 4028 beatus

464 4062 763 4119 I’salmista
794 4062 966 4119 cados
1014 4063 1350 4119 transituros
1377 4070 1566 4127 canat,
1596 4070 1652 4119 et
1694 4062 1842 4119 sicut
1882 4062 2052 4119 vcsti-

464 4165 715 4209 mentum
750 4154 1122 4209 inveteratum
1156 4153 1247 4219 iri,
1289 4154 1338 4209 ei
1371 4135 1564 4209 autem
1594 4153 1746 4208 velut
1789 4153 2050 4208 eximium

463 4244 733 4314 quiddam
785 4261 852 4302 ac
899 4246 1181 4317 singulare
1214 4246 1444 4307 tribuat,
1493 4245 1688 4301 dicens
1722 4263 1735 4299 :
1774 4264 1794 4297 ι
1834 4243 1913 4299 Tu
1954 4260 2055 4299 au.

465 4348 576 4395 tem
616 4338 765 4395 idem
812 4339 930 4408 ipse
958 4355 1042 4405 es,
1073 4347 1129 4395 et
1164 4338 1297 4392 anni
1343 4337 1422 4391 tui
1454 4352 1567 4392 non
1618 4336 1883 4392 deﬁcient
1913 4336 1977 4389 ³³.
2026 4353 2046 4389 ι

465 4433 574 4487 Ant
605 4431 756 4486 enim
798 4431 921 4502 ipse
968 4431 1260 4487 nobiscum
1310 4430 1560 4485 interibit
1595 4444 1661 4485 ac
1690 4427 1931 4494 deﬁciet,
1960 4436 2051 4483 ut-

466 4533 593 4595 pote
629 4523 874 4594 ejusdem
915 4532 1149 4589 naturae,
1194 4538 1297 4578 nec
1327 4522 1568 4592 amplius
1603 4521 1712 4577 vita
1759 4535 1883 4576 esse
1915 4536 2051 4576 cen-

2226 3695 2430 3752 ΔΛΛΟ.
2457 3695 2523 3750 El.
2548 3693 2664 3762 ζωὴ
2705 3690 2851 3747 κατά
2895 3690 3057 3762 φύσιν
3085 3690 3349 3762 ὑπάρχων
3374 3690 3405 3744 6
3432 3688 3579 3753 Υίὸς,
3618 3689 3754 3759 ὁμο-

2154 3790 2300 3860 φυής
2326 3790 2444 3841 ἐστι
2469 3789 2583 3851 τοῖς
2615 3784 3033 3858 πεποιημένοις,
3063 3784 3153 3838 διὰ
3180 3783 3243 3838 τὸ
3288 3782 3364 3855 μὴ
3390 3782 3657 3855 ὑπάρχειν
3687 3782 3755 3836 ἐκ

2152 3882 2255 3953 τῆς
2302 3880 2493 3945 οὐσίας
2518 3878 2614 3934 τοῦ
2643 3878 2779 3934 Θεοῦ
2813 3878 2910 3934 καὶ
2950 3877 3187 3951 Πατρὸς,
3224 3876 3368 3932 κατά
3400 3892 3464 3944 γε
3495 3875 3589 3929 τὸν
3620 3874 3753 3945 παρ’

2157 3973 2388 4037 ἐκείνοις
2416 3972 2591 4042 λόγον·
2624 3972 2748 4025 ὅτου
2772 3969 2838 4043 δὴ
2872 3970 3031 4043 χάριν
3067 3971 3099 4024 6
3129 3969 3398 4040 μακάριος
3423 3966 3753 4038 Ψαλμῳδδς.

2152 4065 2415 4139 οὐρανοὺς
2447 4062 2547 4135 μὲν
2596 4062 2896 4118 ἀπολέσθαι
2941 4061 3108 4133 φησι,
3141 4060 3238 4115 καὶ
3269 4060 3347 4124 ὡς
3392 4059 3608 4130 ἱμάτιον
3642 4074 3750 4114 πα-

2152 4155 2558 4228 λαιωθήσεσθαι
2578 4173 2592 4187 ο
2621 4154 2751 4210 ῐδιον
2782 4155 2842 4209 δὲ
2883 4155 3074 4227 ὥσπερ
3105 4153 3340 4209 ἀνετίθει
3378 4152 3548 4222 γέρας
3577 4150 3748 4222 αὑτῷ,

2160 4268 2179 4301 ι
2220 4250 2292 4304 Σὺ
2319 4248 2376 4302 δὲ
2410 4251 2439 4302 6
2464 4248 2632 4312 αὐτὸς
2662 4243 2745 4313 εἷ,
2776 4266 2795 4299 ›
2829 4246 2990 4318 βοῶν,
3028 4263 3046 4297 t
3076 4244 3259 4300 καὶτὰ
3279 4244 3376 4314 ἔτη
3411 4261 3506 4298 σου
3533 4243 3632 4297 οὑκ
3662 4244 3752 4296 ἐκ·

2152 4342 2450 4412 λείψουσιν;
2486 4358 2505 4393 ι
2535 4340 2606 4394 Ἦ
2631 4340 2740 4412 γὰρ
2765 4340 3070 4400 ἀπολεῖται.
3105 4338 3201 4392 καὶ
3226 4336 3470 4406 ἐκλείψει
3493 4336 3590 4389 σὺν
3619 4334 3754 4406 ἡμῖν

2151 4435 2227 4499 ὡς
2250 4432 2518 4507 ὁμοφυὴς,
2549 4433 2645 4487 καὶ
2669 4432 2854 4487 οὐκέτι
2889 4430 3216 4504 νοηθήσεται
3244 4428 3379 4500 ζωή·
3404 4429 3438 4499 ἢ
3480 4425 3577 4483 καὶ
3602 4427 3754 4499 ἡμᾶς

2153 4523 2234 4587 είς
2262 4523 2323 4577 τὺ
2359 4522 2622 4586 ὡσαύτως
2650 4521 2796 4593 ἔχειν
2824 4521 2913 4575 ἀεὶ
2931 4561 2945 4586 ,
2977 4520 3073 4574 καί
3100 4521 3182 4583 εἰς
3209 4518 3565 4573 ἀνέκλειπτον
3615 4516 3755 4569 ἐτῶν

464 4616 680 4673 sebitur
709 4635 723 4671 :
755 4623 854 4671 aut
884 4631 990 4671 nos
1025 4616 1080 4669 in
1120 4623 1326 4669 statum
1369 4612 1764 4667 immutabilem
1796 4618 1852 4668 et
1891 4610 2050 4668 intle-

2155 4613 2409 4685 ἀριθμὸν,
2439 4614 2538 4667 καὶ
2578 4615 2658 4676 είς
2689 4614 2751 4667 τὸ
2777 4608 2920 4666 εῖναι
2948 4611 3094 4682 ζωὴν
3118 4609 3409 4667 ἀνελκύσει
3430 4610 3464 4679 ή
3496 4609 3632 4678 πρὸς
3659 4607 3755 4661 αὑ-

469 4707 745 4763 Iicientem
810 4721 1083 4761 annorum
1154 4719 1468 4769 numerum,
1522 4711 1693 4774 atque
1751 4710 1810 4758 ut
1871 4702 2048 4760 simus

2152 4705 2246 4759 τὸν
2299 4705 2568 4775 συνάφεια
2616 4704 2840 4774 φυσική.
2904 4701 3066 4757 Ἀλλὰ
3120 4703 3230 4774 μὴν
3279 4700 3392 4768 ἕξει
3441 4698 3541 4770 μὲν
3588 4696 3754 4760 αὑτὸς

466 4801 600 4864 vita,
646 4798 970 4867 coniunctio
1023 4812 1149 4852 cum
1211 4797 1334 4866 ipso
1393 4796 1668 4852 naturalis
1724 4812 1826 4852 nos
1885 4797 2052 4851 simul

2158 4796 2425 4859 ὡσαύτως
2456 4797 2563 4861 ἀεὶ,
2590 4798 2753 4867 ἡμεῖς
2785 4794 2841 4849 δὲ
2875 4784 3202 4865 ἐκλείψομεν
3227 4810 3238 4822 ⁸
3264 4792 3367 4847 οὐκ
3390 4791 3500 4863 ἄρα
3528 4787 3753 4858 γενητὸς

466 4890 774 4959 pertrabct.
799 4888 966 4959 Atqui
993 4888 1048 4943 in
1073 4886 1264 4943 eodem
1298 4902 1519 4958 semper
1554 4887 1673 4958 ipsc
1703 4888 2052 4958 permanebit

2154 4894 2232 4956 ὡς
2283 4891 2479 4963 ἡμεῖς’
2507 4889 2622 4944 ἀλλ’
2668 4888 2900 4961 ἐπείπερ
2960 4887 3110 4941 ἐστὶν
3160 4887 3226 4940 ὲκ
3255 4885 3353 4956 τῆς
3402 4882 3542 4938 κατά
3589 4880 3756 4951 φύσιν

467 4991 636 5045 statu,
667 4997 770 5037 nos
804 4988 986 5035 autem
1025 4978 1365 5035 deﬁciamus.
1428 4981 1543 5043 Non
1582 4997 1716 5053 ergo
1747 4983 1914 5038 sicut:
1952 4998 2052 5041 nos

2157 4981 2302 5052 ζωῆς
2328 5021 2343 5047 ,
2371 4980 2703 5053 ζωογονήσει
2731 4978 2826 5033 καὶ
2870 4978 3033 5043 αὐτὸς
3070 4976 3145 5043 ὡς
3190 4974 3405 5047 ζωὴ-τὰ
3443 4972 3590 5044 ζωῆς
3631 4970 3751 5025 δεό-

466 5084 692 5131 crcatus
728 5082 813 5129 est
845 5092 858 5127 :
889 5070 985 5128 sed
1024 5088 1150 5126 cum
1193 5089 1259 5127 ex
1291 5073 1405 5127 vita
1451 5074 1691 5129 naturali
1751 5075 1844 5139 sit,
1876 5074 2054 5129 viviti-
2159 5091 2320 5146 μενα.

466 5171 617 5224 εειιήι
641 5169 807 5224 etiam
850 5167 986 5235 ipsc,
1015 5177 1075 5221 ut
1098 5167 1229 5231 vita,
1258 5182 1323 5223 ea
1356 5183 1480 5237 quae
1511 5168 1637 5224 vitae
1671 5167 1939 5238 indigent.

2226 5167 2429 5221 ΔΛΛΟ.
2473 5165 2535 5218 EI
2557 5163 2710 5219 οὐδὲν
2744 5160 2936 5217 ἑαυτοῦ
2967 5161 3213 5233 μέτοχον,
3248 5157 3466 5228 μετέχει
3485 5155 3541 5209 δὲ
3572 5155 3606 5226 ἡ
3634 5152 3754 5207 κτί-

539 5260 776 5318 ALIUD.
817 5260 871 5316 Si
906 5260 994 5316 sui
1041 5259 1218 5330 ipsius
1248 5261 1388 5315 nihil
1424 5268 1509 5315 est
1542 5261 1844 5332 particeps,
1883 5260 2051 5319 Ultri-

2158 5278 2241 5324 σις
2269 5260 2345 5324 ὡς
2374 5259 2543 5330 ζωῆς,
2570 5257 2664 5312 τοῦ
2700 5252 2941 5330 Χριστοῦ
2975 5271 2987 5283 ·
3020 5253 3123 5307 οὑκ
3155 5251 3266 5322 ἄρα
3298 5252 3331 5320 ἡ
3360 5247 3538 5317 κτίσις
3569 5245 3753 5313 αὐτὸς,

468 5362 616 5408 stum
644 5360 854 5415 autem,
885 5360 944 5405 ut
980 5354 1172 5418 vitam,
1193 5359 1446 5408 creatura
1471 5353 1801 5424 participat:
1825 5367 1933 5407 non
1968 5362 2052 5408 εει

2156 5353 2272 5410 ἀλλ’
2293 5352 2417 5407 οὐδὲ
2441 5353 2474 5424 ἠ
2503 5351 2683 5416 κτίσις
2709 5349 2844 5424 ζωὴ,
2867 5350 3004 5420 ὅπερ
3035 5345 3183 5400 ἐστὶν
3205 5346 3235 5399 ὁ
3267 5341 3419 5406 Υἱός.

468 5459 600 5516 ergo
641 5444 760 5516 ipse
804 5452 1086 5514 creatura,
1130 5444 1225 5500 sed
1271 5460 1449 5517 neque
1499 5452 1754 5500 creatura
1797 5453 1885 5501 εει
1915 5445 2052 5512 vita,

470 5535 615 5606 quod
650 5542 735 5590 est
758 5532 953 5591 Filius.
1718 5596 1727 5605 ,

549 5626 775 5683 ALIUD.
818 5627 875 5684 Si
911 5628 1057 5685 aliud
1093 5638 1177 5685 cst
1216 5629 1517 5695 viviﬁcare,
1558 5626 1708 5683 aliud
1747 5642 1881 5682 vero
1912 5626 2052 5682 vivi-

2237 5622 2438 5678 AAAO.
2469 5621 2530 5676 EI
2556 5621 2614 5675 τὺ
2639 5616 2922 5685 ζωοποιεῖν
2946 5612 3134 5685 ἕτερόν
3156 5610 3295 5678 ἐστι,
3322 5607 3382 5662 τὸ
3420 5606 3477 5662 δὲ
3500 5606 3753 5672 ζωοποεῖ-

473 5719 650 5789 ﬁcari,
694 5722 838 5779 sicut
878 5739 1039 5795 agere
1094 5733 1149 5779 et
1205 5725 1341 5795 pati,
1416 5734 1471 5777 ct
1534 5721 1776 5777 viviﬁcat
1827 5721 2052 5792 quidem

2167 5718 2287 5772 σθαι
2329 5716 2543 5787 ἕτερον,
2594 5715 2670 5778 ὡς
2721 5710 2974 5784 ἐνέργεια
3015 5708 3107 5763 καὶ
3142 5703 3349 5771 πάθος,
3380 5700 3473 5756 καὶ
3502 5699 3758 5801 ζωοποιεῖ

554 5885 596 5917 ⁸³
631 5901 787 5962 Joan.
826 5922 877 5961 VI
904 5944 917 5971 ,
957 5905 1046 5962 35.
1136 5906 1178 5937 ¹³
1219 5904 1365 5961 Psal.
1401 5920 1474 5973 οι,
1511 5905 1578 5960 28
1613 5922 1626 5973 ;
1665 5903 1830 5962 IIebr.
1864 5921 1904 5971 I,
1946 5904 2029 5957 I2.
