4156 6518
340 343 422 400 97

1453 339 1522 396 IN
1546 338 1834 397 JOANNIS
1869 337 2321 396 EVANCELIL‘M
2355 339 2486 397 ΗΒ.
2530 340 2568 395 Ι.

3600 335 3676 395 98

339 458 590 531 γενητὸς
618 457 728 529 ἄρα
757 454 877 511 ἑστι
914 456 1012 511 καὶ
1045 454 1442 529 πεποιημένος*
1502 454 1621 520 πῶς
1651 448 1747 509 οὑν
1773 455 1832 509 ἑν
1860 455 1974 519 τοῖς

2086 454 2361 526 produxit,
2403 462 2626 509 creatus
2683 467 2818 526 ergo
2878 463 2963 510 est
3025 468 3090 509 ac
3148 453 3350 510 factus.
3384 431 3676 522 Quomodo

343 549 646 622 γεγονόσιν
674 546 796 600 ἐστὶ
831 545 1088 617 φωτίζων
1110 545 1286 613 αὑτά;
1323 545 1459 599 τίδὲ
1487 545 1551 599 τδ
1593 543 1873 616 ἐξαίρετον
1913 547 1972 599 ὲν

341 648 422 716 τῇ
456 642 582 713 θεία
609 638 775 710 φύσει
818 637 1010 692 λοιπὸν
1043 637 1390 710 εὑρήσομενς
1419 636 1454 709 ἢ
1490 636 1610 702 πῶς
1659 634 1972 707 σοφώτατος

341 733 692 808 Ψαλμῳδὸς,
745 733 825 798 ὡς
874 730 1209 802 ἁξιάγαστὸν
1256 731 1310 784 τί
1345 748 1512 802 φησιν
1559 731 1652 785 ἐπὶ
1694 730 1791 785 τοῦ
1831 728 1974 784 κατὰ

343 829 521 899 φύσιν
547 829 706 893 δντος
734 825 897 892 Θεοῦ,
935 845 954 878 ι
990 824 1082 880 Ἐν
1102 823 1181 898 τῷ
1206 825 1349 896 φωτί
1375 843 1469 879 σου
1496 823 1740 896 ὀψόμεθα
1762 823 1913 895 φῶς;
1948 843 1967 876 ι

347 922 415 976 Ei
442 920 557 993 γὰρ
593 918 828 989 γενητὸς
871 917 1140 988 ὑπάρχων
1193 916 1222 970 6
1258 917 1386 982 Υίδς
1408 918 1637 990 φωτίζει
1666 915 1735 970 τὰ
1768 916 1970 980 πάντα,

349 1013 564 1081 ιαυτὴν
597 1014 632 1085 ἡ
691 1012 874 1078 κτίσις
913 1013 1132 1084 φωτιεῖ,
1187 1013 1469 1086 χρῄζουσα
1520 1012 1790 1084 μηδαμῶς
1835 1011 1974 1083 πρὸς

353 1107 517 1162 τοῦτο
549 1105 651 1160 τοῦ
685 1107 1022 1177 ποιήσαντος
1051 1107 1211 1162 Θεοῦ.
1242 1105 1415 1161 Οὐδὲν
1449 1101 1544 1161 οὖν
1578 1106 1689 1178 ἄρα
1713 1103 1776 1159 τδ
1809 1103 1974 1158 πλέον

356 1205 422 1257 ἂν
455 1201 573 1272 Θεῷ
596 1200 755 1273 παρὰ
787 1199 894 1271 τὴν
921 1199 1128 1266 κτίσιν,
1171 1201 1387 1273 ἐνεργεῖ
1414 1200 1471 1255 δὲ
1497 1200 1596 1271 οὑχ
1619 1195 1806 1274 ἦττον,
1833 1197 1866 1270 ἦ
1898 1197 1974 1264 ὡς

355 1295 425 1348 ἄν
466 1292 705 1364 δύνηται
734 1293 890 1358 Θεός.
910 1292 1073 1347 Ἀλλά
1100 1291 1265 1347 τοῦτο
1295 1295 1518 1350 ἄτοπον·
1538 1295 1638 1349 οὑκ
1662 1293 1771 1367 ἄρα
1805 1309 1968 1364 γενη-

348 1387 444 1450 τὸς
467 1385 500 1438 6
539 1387 695 1451 Υίδς,
727 1386 864 1451 Θεὸς
888 1386 949 1442 δὲ
977 1385 1208 1458 μᾶλλον,
1238 1387 1334 1441 καὶ
1361 1387 1452 1442 διὰ
1482 1387 1642 1442 τοῦτο
1679 1386 1797 1458 φῶς
1832 1383 1976 1440 κατὰ

348 1480 548 1550 φύσιν,
590 1481 669 1546 ὡς
691 1483 721 1534 6
749 1481 965 1554 Πατήρ.

423 1745 627 1800 ΔΛΛΟ
651 1744 722 1799 ἐκ
743 1743 853 1798 τοῦ
885 1742 1098 1799 αὐτοῦ.
1125 1745 1185 1799 Ei
1211 1743 1330 1814 φῶς
1355 1742 1450 1798 τοὺ
1475 1741 1610 1796 Θεοῦ
1640 1742 1734 1795 καὶ
1757 1739 1975 1812 Πατρδς

2072 545 2246 616 igitur
2277 545 2332 598 in
2364 545 2528 599 rebus
2561 545 2765 598 creatis
2792 553 2898 610 est,
2933 546 3030 616 qui
3058 562 3154 602 eas
3197 546 3514 601 illuminat?
3541 548 3675 619 quid

2076 638 2260 686 autem
2322 631 2589 687 eximium
2656 632 2709 686 iu
2773 639 2972 688 natura
3029 634 3216 690 divina
3267 638 3677 707 Comperiemus

2075 722 2362 795 deinceps,
2395 733 2491 778 aut
2553 725 2834 792 quotnodo
2885 724 3178 782 Psalmista
3229 727 3678 799 sapientissimus

2075 818 2248 872 veluti
2285 832 2549 888 magnum
2583 825 2636 873 et
2673 816 2998 874 admirabile
3027 819 3290 890 quiddam
3328 819 3399 875 de
3437 822 3675 876 naturali

2077 910 2190 966 Deo
2215 911 2415 968 scribit
2449 912 2492 943 ¹⁶
2520 932 2533 968 :
2561 931 2579 964 ι
2611 911 2666 966 In
2694 912 2900 968 lumine
2932 921 3029 966 tuo
3055 913 3370 970 videbimus
3393 914 3616 969 lumen?
3654 934 3671 964 ι

2078 1003 2137 1060 Si
2195 1005 2345 1060 enim
2382 1016 2607 1061 creatus
2642 1023 2769 1061 cum
2823 1009 2895 1063 sit
2937 1005 3110 1063 Filius
3140 1015 3340 1064 cuncta
3379 1008 3676 1072 illuminat,

2077 1097 2327 1167 seipsam
2391 1098 2728 1155 illuminabit
2777 1110 3032 1155 creatura
3084 1100 3224 1156 nihil
3283 1101 3354 1156 ad
3415 1102 3521 1157 hoc
3569 1101 3679 1156 Deo

2082 1187 2342 1259 indigens
2377 1204 2408 1242 a
2451 1204 2561 1259 quo
2613 1190 2759 1244 facta
2798 1199 2904 1246 est.
2940 1190 3088 1246 Nihil
3137 1206 3268 1262 ergo
3307 1193 3432 1262 plus
3485 1204 3572 1249 est
3622 1193 3676 1248 in

2078 1279 2191 1335 Deo
2219 1296 2386 1351 quam
2429 1290 2706 1349 creatura,
2737 1299 2839 1339 nec
2880 1284 2971 1338 illa
3016 1285 3202 1340 minus
3237 1285 3400 1340 habet
3446 1285 3512 1341 ad
3543 1301 3676 1356 0pc—

2076 1374 2317 1430 randum
2370 1373 2673 1440 facultatis,
2725 1393 2892 1447 quam
2946 1377 3112 1434 Deus.
3148 1375 3258 1432 Sed
3317 1379 3422 1433 hoc
3481 1379 3678 1434 absur-

2075 1464 2262 1521 dum:
2300 1482 2412 1522 non
2473 1467 2642 1539 igitur
2708 1476 2933 1525 creatus
2987 1479 3072 1527 est
3133 1469 3342 1535 Filius,
3386 1471 3482 1526 sed
3533 1469 3681 1525 Deus

2077 1563 2306 1635 potius,
2362 1571 2531 1634 atque
2598 1563 2810 1619 idcirco
2875 1565 2967 1620 lux
3041 1565 3348 1622 secundum
3422 1575 3679 1622 naturam

2078 1670 2259 1717 suam,
2295 1663 2355 1709 ut
2382 1653 2566 1712 Pater.

2149 1745 2362 1803 ALIUD
2391 1763 2457 1803 ea:
2487 1745 2692 1804 eodem.
2729 1749 2786 1805 Si
2825 1750 2920 1816 lux
2970 1751 3063 1806 Dei
3105 1767 3171 1806 ac
3207 1751 3392 1808 Patris
3429 1769 3554 1810 cum
3608 1754 3681 1810 sit

347 1839 629 1910 ὑπάρχων
659 1839 690 1891 6
725 1836 882 1902 Υἱὸς,
914 1837 1062 1891 κατὰ
1104 1838 1187 1902 τὸ,
1220 1856 1239 1890 ι
1285 1837 1375 1891 Ἐν
1413 1836 1492 1909 τῷ
1525 1834 1666 1906 φωτί
1707 1851 1801 1888 σου
1841 1833 1969 1904 ὀψό-

2086 1836 2276 1904 Filius,
2328 1838 2487 1910 juxta
2539 1839 2675 1896 illud
2725 1859 2739 1896 :
2790 1859 2808 1893 ι
2865 1840 2923 1897 ln
2972 1843 3181 1898 lumine
3228 1851 3324 1897 tuo
3373 1843 3681 1900 videbimus

349 1931 503 2004 μεθα
544 1929 685 2000 φῶς·
731 1948 752 1983 ι
783 1931 901 1993 καὶ,
959 1951 980 1984 ι
1027 1929 1445 1996 Ἐξαπόστειλον
1480 1928 1542 1982 τὸ
1572 1927 1690 1999 φῶς
1740 1945 1835 1981 σου
1878 1926 1973 1981 καὶ

351 2025 460 2098 τὴν
486 2023 749 2097 ἀλήθειάν
784 2042 882 2078 σου
911 2039 927 2053 ⁸
969 2043 988 2078 ι
1025 2023 1256 2098 γενητός
1287 2025 1404 2077 ὲστι
1434 2023 1531 2077 καὶ
1556 2024 1636 2087 είς
1667 2021 1972 2075 ὑπόστασιν

361 2118 626 2188 ἐνεχθεὶς,
645 2117 802 2172 οὐδὲν
830 2117 913 2172 ἔτι
943 2117 1300 2182 διακωλύσει,
1324 2116 1472 2171 κατὰ
1509 2116 1610 2188 τὴν
1633 2118 1758 2188 ίσην
1787 2116 1974 2171 ἀναλο-

357 2212 488 2280 γίαν
528 2210 649 2280 φῶς
683 2210 978 2266 καλεῖσθαι
1012 2209 1108 2263 τοῦ
1139 2207 1276 2262 Θεοῦ
1319 2209 1416 2263 καὶ
1449 2207 1668 2280 Πατρὸς
1699 2207 1878 2262 πάντα
1905 2206 1974 2260 τὰ

349 2301 588 2376 γενητὰ.
612 2303 679 2357 Εί
708 2301 821 2375 γὰρ
845 2301 988 2366 ὅλως
1007 2301 1324 2373 ἐπιδέχεται
1352 2300 1514 2356 τοῦτο
1537 2299 1648 2353 τῶν
1676 2316 1878 2369 πεποιη
1888 2298 1975 2370 μέ·

348 2412 468 2447 νων
512 2394 548 2466 ἡ
597 2393 786 2464 φύσις,
833 2392 990 2448 ἔσται
1025 2394 1142 2456 τοῖς
1182 2393 1320 2447 πᾶσι
1357 2391 1590 2463 δυνάμει
1629 2391 1828 2456 κοινὸν,
1879 2390 1976 2445 καὶ

345 2490 455 2560 οὐχ
482 2488 607 2553 ἑνὸς
640 2487 775 2542 ἴδιον
797 2485 895 2541 τοῦ
917 2485 1076 2540 rio-3.
1091 2483 1256 2542 Ἀλλὰ
1277 2483 1436 2545 τοῦτο
1457 2485 1679 2540 ἄτοπον·
1701 2484 1849 2556 μόνῳ
1865 2482 1975 2553 γὰρ

347 2582 597 2656 ἁρμόσει
626 2581 707 2652 τῷ
731 2578 870 2651 Υίῷ,
903 2580 967 2634 τὸ
1003 2578 1296 2633 καλεῖσθαί
1318 2595 1380 2631 τε
1425 2578 1522 2632 καὶ
1559 2573 1698 2631 εἶναι
1733 2577 1850 2646 φῶς
1878 2574 1974 2630 τοῦ

348 2678 497 2732 Θεοῦ
541 2677 640 2732 καὶ
677 2674 916 2747 Πατρός.
950 2673 1067 2727 Ούκ
1088 2673 1198 2745 ἄρα
1223 2673 1344 2726 ἐστὶ
1373 2689 1470 2742 γεν
1483 2672 1634 2743 ητὸς,
1668 2670 1806 2726 ἀλλὰ
1836 2669 1972 2741 φῶς,

349 2768 434 2833 ὡς
476 2767 614 2831 Θεὸς
667 2767 733 2821 ἐκ
787 2763 928 2820 Θεοῦ
981 2765 1316 2836 φωτίζοντος
1357 2763 1428 2817 δι’
1474 2763 1644 2817 αὑτοῦ
1682 2762 1755 2816 τὰ
1795 2761 1975 2832 φωτὸς

358 2859 591 2930 δεόμενα
600 2902 613 2915 .

439 2955 640 3008 ΔΛΑΟ.
702 2953 770 3008 Εἰ
814 2951 933 3022 φῶς
967 2952 1113 3006 κατὰ
1138 2950 1304 3022 φύσιν
1348 2948 1613 3020 ὑπάρχων
1647 2947 1676 3000 6
1713 2945 1844 3010 Υἱὸς
1877 2945 1978 3000 οὑκ

351 3047 423 3100 ἐκ
454 3045 559 3116 τῆς
593 3046 788 3108 οὑσίας
819 3045 946 3097 ἐστὶ
990 3043 1087 3098 τοῦ
1117 3041 1356 3115 Πατρὺς,
1391 3040 1514 3095 ἀλλ’
1541 3037 1744 3104 ἔξωθεν
1765 3036 1976 3109 ὑπέστη

350 3140 508 3195 κατὰ
540 3140 636 3193 τδν
663 3139 1000 3194 ἀπαίδευτον
1037 3137 1148 3191 τῶν
1173 3135 1462 3208 θεομὰχων
1500 3132 1662 3202 λόγον
1681 3148 1696 3163 ·
1725 3129 1976 3202 ὁμοφυὴς

350 3236 476 3306 ἄρα
503 3231 626 3286 ἐστὶ
659 3227 769 3296 τοῖς
803 3229 1201 3302 πεποιημένοις
1254 3227 1351 3282 καὶ
1388 3224 1640 3294 ἀδελφὸς,
1671 3223 1767 3278 ἆτε
1788 3220 1852 3293 δὴ
1879 3221 1979 3292 τῆς

354 3326 519 3390 θείας
553 3325 847 3380 ἐκπίπτων
877 3322 1089 3387 ούισίας⁸
1121 3319 1240 3384 πῶς
1269 3317 1366 3374 οὖν
1405 3317 1515 3391 ἄρα
1541 3317 1660 3388 φῶς
1693 3315 1792 3387 μὲν
1818 3314 1985 3378 αὑτὸς

353 3419 618 3474 καλεῖται
650 3419 748 3473 ιια¹ί⁵
769 3416 913 3484 ἐστι,
940 3416 1071 3488 περὶ
1096 3415 1155 3469 δὲ
1190 3412 1288 3468 τοῦ
1339 3411 1501 3483 ἁγίου
1525 3410 1748 3480 λέγεται
1779 3407 1986 3462 Βαπτι·

351 3512 519 3575 στοῦ,
561 3532 579 3564 ι
616 3512 734 3566 Οὑκ
768 3505 838 3582 ἦν
863 3510 1076 3572 ἐκεῖνος
1099 3507 1162 3560 τὸ
1188 3506 1338 3577 «prbe;
1367 3524 1385 3557 ι
1413 3503 1594 3558 καίτοι
1617 3501 1846 3573 δυνάμει
1864 3499 1986 3570 φῶς

355 3607 388 3660 6
444 3604 726 3676 μακάριος
767 3599 1112 3671 Βαπτιστὴς,
1159 3598 1258 3653 καὶ
1295 3597 1360 3651 ού
1407 3595 1570 3668 μόνον
1608 3592 1793 3657 αὑτὸς,
1823 3591 1986 3664 εἴπερ

356 3698 508 3761 ὅλως
539 3694 806 3767 ἐνεχώρει
827 3691 1061 3764 γενητὸν
1087 3690 1220 3745 ὅντα
1248 3689 1339 3744 τὸν
1386 3689 1538 3756 Υίὸν,
1575 3686 1694 3757 φῶς
1721 3682 1862 3741 εἶναι
1895 3685 1988 3740 δύο

359 3790 568 3846 νασθαι
606 3790 750 3845 κατὰ
793 3786 981 3858 φύσιν.
1032 3783 1108 3838 Τδ
1151 3783 1261 3855 γὰρ
1292 3782 1352 3836 ὲν
1396 3783 1465 3854 τῇ
1517 3779 1682 3851 φύσει
1729 3778 1988 3851 κείμενον

357 3883 541 3948 ἅπαξ.
572 3883 756 3937 κοινὸν
794 3881 968 3953 δήπου
1000 3875 1166 3932 παντί
1205 3893 1284 3948 τῳ
1322 3873 1524 3944 γένοιτ’
1556 3873 1625 3928 ἂν
1670 3871 1752 3944 τῷ
1780 3872 1988 3945 ταύτης

363 3959 765 4046 μετεσχηκότι,
832 3969 979 4026 κατά
1023 3986 1090 4039 γε
1119 3969 1212 4023 τὸν
1262 3969 1367 4038 τῆς
1419 3963 1748 4028 ἀκολουθίας
1804 3962 1984 4033 λόγον.

375 4067 550 4123 Ἀλλά
583 4066 698 4138 μὴν
734 4063 992 4136 Ἰωάννης
1015 4062 1078 4117 οὐ
1107 4060 1249 4133 φῶς.
1281 4059 1400 4131 φῶς
1437 4059 1495 4114 δὲ
1517 4061 1547 4112 6
1577 4058 1736 4124 Υίός⁶
1767 4057 1845 4123 ὡς
1867 4057 1989 4112 ἓτε-

365 4178 463 4232 ρος
507 4161 626 4234 ἄρα
670 4158 818 4214 κατὰ
847 4157 1036 4229 φύσιν,
1074 4155 1174 4210 καὶ
1217 4154 1342 4226 οὐχὶ
1387 4155 1500 4219 τοῖς
1544 4151 1827 4224 γεγονόσιν
1855 4153 1989 4224 ὁμο-

410 4256 542 4318 υής.

365 4271 639 4400 φἬΧΛΟ
667 4342 738 4396 ἐκ
759 4341 870 4398 τοῦ
896 4341 1110 4398 αὐτοῦ.
1139 4341 1202 4396 El
1226 4340 1342 4412 φῶς
1367 4341 1512 4397 κατὰ
1532 4339 1698 4412 φύσιν
1725 4337 1991 4412 ὑπάρχων

363 4438 396 4491 6
431 4436 570 4500 Υἱὸς
594 4435 827 4507 γενητὸς
855 4436 977 4488 ἐστι
1017 4434 1113 4488 καὶ
1141 4433 1536 4504 πεποιημένος,
1568 4431 1666 4487 ἅτε
1715 4431 1782 4504 δὴ
1815 4429 1878 4483 τὸ
1925 4429 1992 4482 ὲκ

2078 1929 2263 1984 lumen
2291 1931 2362 1995 ",
2408 1949 2426 1982 ι
2471 1939 2524 1984 et
2556 1951 2568 1986 :
2611 1951 2629 1984 ι
2660 1931 2860 1987 Emitte
2895 1933 3073 1987 lucem
3103 1941 3278 1998 tuam,
3311 1941 3366 1989 et
3396 1933 3678 1989 veritatem

2086 2031 2261 2083 tuam,
2297 2038 2319 2073 ι
2359 2029 2587 2076 creatus
2615 2032 2720 2085 est,
2743 2029 2797 2076 et
2823 2023 2875 2076 iu
2909 2031 3091 2078 ortum
3116 2024 3374 2090 eductus,
3399 2025 3534 2078 nihil
3556 2040 3682 2094 pro-

2077 2111 2291 2167 hibebit
2335 2113 2636 2183 quominus
2677 2113 2846 2169 simili
2880 2115 3092 2169 ratione
3122 2129 3210 2169 res
3255 2130 3453 2170 omnes
3485 2125 3684 2170 creatre

2069 2208 2167 2262 lux
2202 2206 2293 2262 Dei
2335 2221 2400 2262 ac
2441 2205 2620 2264 Patris
2648 2209 3016 2278 appellentur.
3052 2207 3108 2263 Si
3141 2208 3287 2264 enim
3321 2208 3468 2263 istud
3505 2210 3558 2264 iu
3593 2226 3680 2265 re-

2073 2315 2200 2356 rum
2226 2308 2541 2355 crcatarutn
2582 2313 2836 2355 naturam
2880 2301 3050 2367 cadit,
3083 2301 3190 2357 erit
3235 2302 3495 2358 omnibus
3531 2318 3685 2357 com-

2075 2409 2246 2448 mune
2280 2393 2548 2462 potentia,
2584 2410 2693 2448 nou
2726 2391 2848 2447 Filii
2873 2393 3162 2465 proprium
3187 2394 3374 2451 unius.
3432 2396 3540 2452 Sed
3577 2397 3685 2451 hoc

2077 2485 2382 2540 absurdqu
2423 2497 2508 2541 est
2547 2487 2689 2542 :seli
2738 2487 2885 2541 enim
2921 2484 3064 2540 Filio
3109 2487 3368 2542 convenit
3413 2489 3594 2544 vocari
3631 2499 3683 2546 et

2075 2592 2202 2634 esse
2234 2578 2414 2633 lucem
2453 2577 2546 2634 Dei
2579 2593 2644 2634 ac
2686 2577 2892 2634 Patris.
2931 2577 3052 2633 Non
3082 2586 3167 2633 est
3217 2581 3403 2652 itaque
3436 2590 3682 2647 creatus,

2073 2671 2177 2726 sed
2231 2672 2347 2735 lux,
2383 2683 2441 2727 ut
2480 2670 2627 2728 Deus
2685 2670 2757 2728 de
2791 2671 2903 2729 Deo
2952 2672 3305 2730 illuminante
3351 2690 3449 2748 per
3502 2675 3683 2748 ipsum

2075 2777 2144 2818 ea
2185 2778 2308 2834 quae
2336 2763 2480 2819 lucis
2520 2764 2791 2837 indigent.

2153 2940 2386 2998 ALIUD.
2439 2941 2505 2998 Si
2559 2943 2651 2998 lux
2712 2943 3021 3000 secundum
3088 2954 3350 3002 naturam
3423 2961 3550 3002 cum
3614 2949 3688 3012 sit

2082 3034 2281 3101 Filius,
2311 3052 2422 3091 non
2475 3045 2562 3091 est
2612 3052 2678 3092 ex
2727 3036 2912 3092 Patris
2955 3036 3288 3103 substantia,
3324 3038 3421 3094 sed
3469 3041 3683 3114 extrin-

2083 3145 2249 3187 secus
2271 3133 2602 3200 productus,
2642 3129 2801 3200 juxta
2825 3130 3071 3202 ineptum
3101 3131 3498 3192 haereticorum
3533 3149 3688 3190 com-

2085 3233 2334 3279 mentum
2375 3239 2390 3276 :
2440 3221 2688 3294 ejusdem
2739 3238 2874 3294 ergo
2925 3232 3141 3280 naturte
3181 3235 3266 3281 est
3320 3242 3446 3282 cum
3522 3228 3690 3284 rebus

2084 3315 2314 3384 creatis,
2350 3325 2404 3372 et
2458 3316 2649 3379 frater,
2688 3317 2932 3372 maxime
2974 3333 3100 3372 cum
3155 3318 3472 3374 substantia
3503 3319 3689 3374 divina

2085 3410 2376 3468 exciderit.
2411 3408 2704 3478 Quomodo
2736 3425 2869 3480 ergo
2911 3409 3004 3465 lux
3045 3410 3270 3482 quidem
3308 3412 3426 3484 ipse
3459 3420 3692 3467 vocatur

2085 3515 2143 3562 et
2170 3511 2276 3566 est.
2309 3503 2380 3559 de
2407 3512 2606 3560 sancto
2636 3519 2768 3559 vero
2792 3503 3048 3574 Baptista
3091 3502 3296 3558 dicitur
3321 3522 3334 3558 :
3363 3524 3383 3557 ι
3419 3502 3541 3560 Non
3571 3514 3692 3561 erat

2087 3597 2183 3654 ille
2239 3595 2335 3652 lux
2379 3596 2448 3664 ³⁸⁸,
2491 3615 2510 3648 ι
2549 3596 2806 3668 quamvis
2857 3597 2948 3652 lux
2987 3603 3138 3652 esset
3195 3598 3440 3668 potentia
3493 3598 3692 3654 beatus

2088 3687 2360 3761 Baptista,
2396 3697 2453 3746 et
2479 3705 2589 3744 uou
2624 3690 2744 3762 ipse
2778 3690 2983 3757 solum,
3010 3690 3285 3760 siquidem
3321 3691 3438 3748 ﬁeri
3478 3701 3696 3764 poterat

2088 3795 2148 3840 ut
2184 3781 2382 3851 Filius,
2431 3783 2562 3839 licet
2612 3792 2858 3848 creatus,
2899 3785 2991 3842 lux
3023 3794 3208 3841 tamen
3245 3785 3552 3842 secundum
3599 3803 3697 3844 na-

2087 3881 2274 3929 turam
2321 3887 2478 3928 suam
2539 3883 2709 3930 esset.
2743 3872 2900 3942 Quod
2949 3877 3098 3931 enim
3160 3876 3215 3931 in
3277 3887 3474 3933 natura
3526 3877 3694 3932 situm

2089 3973 2196 4033 est,
2239 3966 2494 4037 sequitur
2530 3982 2826 4022 commune
2871 3983 2997 4025 esse
3048 3969 3242 4039 utique
3283 3969 3544 4026 omnibus
3574 3985 3704 4040 quae

2089 4060 2449 4134 participant.
2479 4057 2589 4115 Sed
2622 4058 2869 4116 Joannes
2907 4077 3017 4116 non
3050 4073 3171 4117 erat
3203 4062 3299 4117 lux
3333 4080 3348 4117 :
3382 4063 3475 4118 lux
3509 4075 3694 4120 autem

2090 4163 2213 4212 erat
2257 4152 2429 4211 Filius
2462 4171 2478 4222 ;
2515 4153 2773 4209 diversus
2827 4154 2999 4223 igitur
3052 4172 3080 4207 a
3121 4153 3292 4210 rebus
3325 4155 3550 4222 creatis,
3587 4169 3698 4212 nec

2090 4245 2338 4320 ejusdem
2381 4253 2595 4302 natura:
2627 4260 2755 4300 cum
2788 4244 2944 4318 ipsis.

2165 4335 2380 4394 ALIUD
2436 4353 2502 4392 ea:
2549 4337 2752 4392 eodem.
2796 4335 2854 4393 Si
2918 4336 3009 4391 lux
3073 4335 3382 4393 secundum
3443 4347 3697 4394 naturam

2093 4448 2220 4488 cum
2253 4432 2324 4488 sit
2355 4429 2556 4499 Filius,
2588 4442 2810 4487 creatus
2842 4439 2928 4486 est
2955 4439 3124 4502 atque
3158 4431 3362 4499 lactus,
3387 4432 3697 4503 praesertim

363 4532 476 4600 τῆς
522 4527 720 4594 οὐσίας
760 4523 906 4582 εἶναι
947 4525 1044 4580 τοῦ
1087 4525 1228 4581 Θεοῦ
1275 4528 1373 4580 καὶ
1405 4525 1621 4598 Πατρδς
1665 4525 1768 4578 οὐκ
1814 4522 1985 4594 ἔχων,

2099 4541 2222 4582 cum
2257 4541 2365 4581 non
2402 4527 2476 4581 sit
2510 4542 2577 4581 ex
2623 4524 2722 4582 Dei
2756 4541 2820 4581 ac
2867 4523 3052 4584 Patris
3086 4527 3422 4596 substantia,
3448 4537 3508 4584 ut
3553 4545 3700 4584 non-

365 4624 523 4680 κατὰ
561 4622 667 4694 τήν
697 4639 864 4676 τινων
891 4621 1176 4688 ὑπόνοιαν,
1206 4619 1513 4687 ἑπιδέξεται
1545 4617 1657 4672 τῶν
1689 4615 1934 4688 γενητῶν
1959 4615 1993 4688 η

368 4717 545 4788 φύσις
575 4715 638 4770 τὸ
669 4710 810 4768 εἷναί
842 4730 904 4766 τε
946 4713 1043 4767 καὶ
1069 4711 1355 4766 καλεῖσθαι
1377 4710 1518 4782 φῶςο
1553 4708 1707 4764 ἐσται
1733 4708 1790 4763 δὲ
1813 4709 1994 4763 πάντα

369 4809 496 4880 ιρῶς
521 4807 670 4861 κατὰ
698 4805 793 4858 τὸν
841 4805 902 4858 ἐν
933 4803 1163 4876 δυνάμει
1209 4803 1392 4872 λόγον.
1418 4803 1493 4856 Τὸ
1507 4801 1630 4880 γὰρ
1659 4801 1797 4864 ὅλως
1855 4795 1994 4854 εἷναί

365 4877 428 4958 τι
455 4898 713 4970 πεφυκὸς
737 4900 824 4970 εἴη
862 4915 967 4952 που
997 4896 1097 4971 [ιιί.
1144 4897 1233 4968 εἴη
1267 4897 1330 4969 δή
1362 4877 1748 4969 notarat-divam;
1773 4894 1862 4960 ἂν,
1899 4893 1996 4948 καὶ

367 4998 426 5050 εί
467 4993 552 5066 μή
589 5010 680 5046 πω
722 4991 974 5061 γέγονεν.
1009 4990 1142 5043 Ὅτε
1181 4988 1366 5043 τοίνυν
1405 4987 1588 5043 κοινὸν
1630 4987 1733 5060 μὲν
1769 4989 1838 5059 τῇ
1881 4985 1996 5041 τῶν

369 5083 640 5158 γενητῶν
687 5081 852 5152 φύσει
879 5081 944 5135 τὸ
991 5075 1138 5136 εἶναι
1163 5079 1304 5150 φῶς,
1357 5077 1491 5133 ἴδιον
1537 5077 1595 5133 δὲ
1671 5077 1769 5132 καὶ
1819 5078 1998 5149 μόνως

369 5177 630 5242 οἰδενόςο
655 5175 710 5230 τί
729 5176 918 5247 μάτην
932 5173 1031 5245 ἐφ’
1056 5172 1241 5246 ἑαυτῷ
1269 5171 1548 5245 κομπάζει
1583 5171 1763 5241 λέγων
1794 5172 1822 5225 6
1844 5170 1994 5236 Υἱὸς,

379 5295 398 5326 ι
463 5267 616 5340 Ἐγώ
675 5269 796 5339 εἰμι
859 5260 922 5321 τὸ
961 5266 1119 5337 φῶς;
1168 5283 1188 5318 ι
1223 5263 1366 5337 χρῆν
1417 5265 1526 5336 γὰρ
1558 5263 1735 5334 δήπου
1799 5261 2005 5333 μᾶλλον

370 5368 590 5422 εἰπεῖν·
664 5360 811 5432 Ἐγώ
848 5363 965 5432 ειμι
995 5357 1117 5432 μεθ’
1147 5357 1308 5429 ὑμῶν
1357 5356 1420 5412 τὸ
1466 5354 1623 5428 φῶς·
1692 5352 1892 5425 ἐπειδὴ
1947 5353 2004 5406 δὲ

370 5462 460 5524 ὡς
489 5458 630 5513 ἴδιον
659 5454 872 5526 ἁγαῡὸν
914 5451 1096 5523 ἑαυτῷ
1138 5451 1457 5525 περιτίθησι
1491 5450 1641 5523 μόνῳ
1672 5447 1784 5503 τῶν
1826 5446 2004 5502 ἄλλων

371 5550 586 5606 οὐδένα
617 5546 973 5620 προσλαϐὼν,
1003 5545 1166 5617 δῆλος
1195 5543 1264 5600 ἃν
1291 5543 1377 5616 εἴη
1407 5542 1615 5606 λοιπὸν,
1675 5540 1739 5594 ού
1765 5542 1880 5605 τοῖς
1910 5557 2001 5610 γε-

375 5644 577 5712 νητοῖς
615 5639 836 5706 ἑαυτὸν,
859 5638 1010 5694 ἀλλὰ
1052 5636 1276 5710 τῇθειᾳ
1297 5634 1404 5691 ,τοῦ
1441 5636 1656 5710 ηατρὸς
1687 5632 2002 5712 συντάττων

374 5737 575 5810 οὖσί-ᾳ.
668 5737 765 5790 καὶ
787 5733 849 5788 τὸ
873 5727 1013 5786 εἶναι
1054 5730 1171 5804 ςῶς
1204 5731 1465 5805 πρόσεστι
1492 5729 1759 5802 φυσικῶς.

2102 4618 2239 4674 nulli
2285 4618 2679 4690 suspicantur,
2731 4634 2917 4675 rerum
2977 4629 3294 4678 creatarum
3349 4633 3551 4679 natura
3606 4623 3699 4678 lux

2101 4727 2230 4768 esse
2277 4718 2332 4767 et
2371 4711 2562 4766 vocari
2615 4711 2840 4783 poterit.
2893 4711 3074 4766 Erunt
3125 4722 3310 4768 autem
3359 4714 3546 4769 ontriia
3606 4716 3699 4772 lux

2103 4803 2376 4874 potentia.
2412 4803 2518 4874 57
2555 4801 2714 4871 Quod
2749 4803 2897 4860 enim
2946 4814 3146 4866 natura
3187 4820 3285 4861 sua
3332 4805 3542 4876 aliquid
3577 4822 3704 4863 esse

2102 4904 2315 4968 potest,
2355 4896 2549 4967 utique
2621 4897 2757 4951 illud
2970 4897 3196 4952 etiamsi
3256 4897 3508 4954 nondum
3572 4911 3702 4957 actu

2101 4991 2340 5047 exstitit.
2383 4991 2523 5047 Cum
2552 5007 2686 5062 ergo
2717 4991 3253 5049 reruuTcreatarum
3295 4999 3508 5048 natura
3550 5009 3704 5049 com-

2103 5096 2270 5138 mune
2317 5082 2390 5138 sit
2432 5097 2558 5138 esse
2598 5082 2802 5150 lucem,
2831 5083 3118 5155 proprium
3155 5094 3342 5140 autem
3390 5086 3603 5143 nullius
3639 5103 3706 5142 ac

2105 5176 2412 5247 singulare,
2435 5175 2798 5246 quid'frustra
2829 5193 2890 5234 se
2913 5176 3086 5248 jactat
3103 5175 3282 5235 Filius
3306 5177 3501 5236 dicens
3525 5199 3568 5234 ει
3591 5180 3708 5253 Ego

2104 5285 2229 5326 sum
2255 5269 2386 5324 lux?
2425 5289 2443 5322 ι
2481 5269 2783 5335 Dicendum
2813 5272 2959 5333 enim
2993 5273 3376 5344 essetpotius,
3415 5272 3529 5344 Ego
3579 5287 3705 5327 sum

2103 5361 2398 5417 vobiscum
2451 5363 2567 5418 lux.
2627 5363 2768 5421 Cum
2809 5372 2997 5421 autem
3052 5365 3227 5420 veluti
3275 5365 3563 5436 proprium
3609 5363 3709 5418 bo-

2104 5469 2239 5509 uum
2275 5454 2425 5513 istud
2465 5457 2560 5515 uni
2590 5457 2698 5516 sibi
2738 5467 2982 5531 arrOget,
3011 5459 3172 5514 nullo
3205 5465 3468 5514 consorte
3503 5457 3704 5520 ascito,

2109 5553 2262 5617 patet
2293 5547 2484 5620 utique
2535 5548 2721 5620 ipsum
2760 5547 3037 5610 creaturis
3074 5560 3136 5602 se
3160 5561 3274 5610 non
3312 5556 3705 5607 annumerare,

2109 5641 2210 5697 sed
2242 5640 2302 5696 in
2335 5652 2534 5699 natura
2564 5639 2748 5701 Patris
2798 5657 2860 5701 se
2890 5639 3190 5705 collocare,
3223 5650 3346 5709 qua:
3375 5643 3575 5690 natura
3606 5649 3708 5690 sua

2113 5732 2206 5791 lux
2241 5742 2348 5792 est.

463 5847 513 5880 “
547 5852 700 5911 Psal.
735 5866 907 5920 uxv,
941 5849 1030 5910 i0.
1108 5849 1152 5882 ¹¹¹
1171 5848 1322 5906 Psal.
1364 5862 1511 5917 xui,
1544 5847 1599 5904 5.
1681 5847 1724 5879 ⁸³
1762 5843 1923 5903 Joan.
1959 5860 2010 5916 I,
2039 5845 2096 5903 8.
