  <div class='ocr_page' id='page_1' title='image "/cluster/home/n/w/nwhite01/storage/ocr_20150623/73:no.6/coo.31924054869692/057.png"; bbox 0 0 4156 6520; ppageno 0'>
   <div class='ocr_carea' id='block_1_1' title="bbox 483 278 2708 359">
    <p class='ocr_par' dir='ltr' id='par_1_1' title="bbox 483 278 2708 359">
     <span class='ocr_line' id='line_1_1' title="bbox 483 278 2708 359; baseline -0.01 0"><span class='ocrx_word' id='word_1_1' title='bbox 483 300 555 359; x_wconf 72' lang='lat'><strong>99</strong></span> <span class='ocrx_word' id='word_1_2' title='bbox 1468 292 1527 348; x_wconf 84' lang='lat' dir='ltr'><strong>S.</strong></span> <span class='ocrx_word' id='word_1_3' title='bbox 1564 290 1834 348; x_wconf 79' lang='lat' dir='ltr'><strong>CYIIILLI</strong></span> <span class='ocrx_word' id='word_1_4' title='bbox 1875 281 2346 343; x_wconf 72' lang='lat' dir='ltr'><strong>ALEXANDRINI</strong></span> <span class='ocrx_word' id='word_1_5' title='bbox 2383 278 2708 357; x_wconf 66' lang='lat' dir='ltr'><strong>ARCIIIBP.</strong></span> 
     </span>
    </p>
   </div>
   <div class='ocr_carea' id='block_1_2' title="bbox 3638 280 3749 338">
    <p class='ocr_par' dir='ltr' id='par_1_2' title="bbox 3638 280 3749 338">
     <span class='ocr_line' id='line_1_2' title="bbox 3638 280 3749 338; baseline 0.036 -4"><span class='ocrx_word' id='word_1_6' title='bbox 3638 280 3749 338; x_wconf 80' lang='grc' dir='ltr'><strong>ιοο</strong></span> 
     </span>
    </p>
   </div>
   <div class='ocr_carea' id='block_1_3' title="bbox 558 388 2087 479">
    <p class='ocr_par' dir='ltr' id='par_1_3' title="bbox 558 400 2067 479">
     <span class='ocr_line' id='line_1_3' title="bbox 558 400 2067 479; baseline -0.009 -11"><span class='ocrx_word' id='word_1_7' title='bbox 558 411 791 469; x_wconf 81' lang='lat' dir='ltr'><strong>ALIUD.</strong></span> <span class='ocrx_word' id='word_1_8' title='bbox 827 408 987 478; x_wconf 84' lang='lat' dir='ltr'><strong>Quod</strong></span> <span class='ocrx_word' id='word_1_9' title='bbox 1017 408 1196 464; x_wconf 86' lang='lat' dir='ltr'><strong>lucem</strong></span> <span class='ocrx_word' id='word_1_10' title='bbox 1232 405 1545 479; x_wconf 74' lang='lat' dir='ltr'><strong>participat,</strong></span> <span class='ocrx_word' id='word_1_11' title='bbox 1577 421 1687 461; x_wconf 90' lang='lat' dir='ltr'><strong>non</strong></span> <span class='ocrx_word' id='word_1_12' title='bbox 1715 412 1801 460; x_wconf 89' lang='lat' dir='ltr'><strong>est</strong></span> <span class='ocrx_word' id='word_1_13' title='bbox 1847 400 2067 474; x_wconf 88' lang='lat' dir='ltr'><strong>pr0prie</strong></span> 
     </span>
    </p>
   </div>
   <div class='ocr_carea' id='block_1_4' title="bbox 2185 388 3753 479">
    <p class='ocr_par' dir='ltr' id='par_1_4' title="bbox 2239 388 3753 465">
     <span class='ocr_line' id='line_1_4' title="bbox 2239 388 3753 465; baseline 0 -16"><span class='ocrx_word' id='word_1_14' title='bbox 2239 395 2444 449; x_wconf 77' lang='lat' dir='ltr'><strong>AAAO.</strong></span> <span class='ocrx_word' id='word_1_15' title='bbox 2477 393 2551 446; x_wconf 86' lang='grc' dir='ltr'>Τὸ</span> <span class='ocrx_word' id='word_1_16' title='bbox 2578 392 2696 461; x_wconf 81' lang='grc' dir='ltr'>φῶς</span> <span class='ocrx_word' id='word_1_17' title='bbox 2740 388 2983 462; x_wconf 79' lang='grc' dir='ltr'>μετέχων</span> <span class='ocrx_word' id='word_1_18' title='bbox 3013 388 3109 461; x_wconf 82' lang='grc' dir='ltr'>[αί.</span> <span class='ocrx_word' id='word_1_19' title='bbox 3139 391 3315 460; x_wconf 85' lang='grc' dir='ltr'>φωτὸς</span> <span class='ocrx_word' id='word_1_20' title='bbox 3347 389 3622 465; x_wconf 70' lang='grc' dir='ltr'>μετέχονῙ,</span> <span class='ocrx_word' id='word_1_21' title='bbox 3647 395 3753 449; x_wconf 86' lang='grc' dir='ltr'><strong>οὑκ</strong></span> 
     </span>
    </p>
   </div>
   <div class='ocr_carea' id='block_1_5' title="bbox 487 493 2065 575">
    <p class='ocr_par' dir='ltr' id='par_1_5' title="bbox 487 493 2065 575">
     <span class='ocr_line' id='line_1_5' title="bbox 487 493 2065 575; baseline -0.01 -12"><span class='ocrx_word' id='word_1_22' title='bbox 487 508 610 575; x_wconf 78' lang='lat' dir='ltr'><strong>lux;</strong></span> <span class='ocrx_word' id='word_1_23' title='bbox 642 505 790 560; x_wconf 87' lang='lat' dir='ltr'><strong>aliud</strong></span> <span class='ocrx_word' id='word_1_24' title='bbox 820 506 964 560; x_wconf 88' lang='lat' dir='ltr'><strong>enim</strong></span> <span class='ocrx_word' id='word_1_25' title='bbox 998 501 1277 572; x_wconf 86' lang='lat' dir='ltr'><strong>quoddam</strong></span> <span class='ocrx_word' id='word_1_26' title='bbox 1329 500 1386 553; x_wconf 91' lang='lat' dir='ltr'><strong>in</strong></span> <span class='ocrx_word' id='word_1_27' title='bbox 1432 500 1552 568; x_wconf 85' lang='lat' dir='ltr'><strong>ipso</strong></span> <span class='ocrx_word' id='word_1_28' title='bbox 1586 513 1710 553; x_wconf 86' lang='lat' dir='ltr'><strong>esse</strong></span> <span class='ocrx_word' id='word_1_29' title='bbox 1733 497 1970 551; x_wconf 82' lang='lat' dir='ltr'><strong>videtur.</strong></span> <span class='ocrx_word' id='word_1_30' title='bbox 2009 493 2065 547; x_wconf 86' lang='lat' dir='ltr'><strong>Si</strong></span> 
     </span>
    </p>
   </div>
   <div class='ocr_carea' id='block_1_6' title="bbox 485 587 2067 672">
    <p class='ocr_par' dir='ltr' id='par_1_6' title="bbox 485 587 2067 672">
     <span class='ocr_line' id='line_1_6' title="bbox 485 587 2067 672; baseline -0.01 -16"><span class='ocrx_word' id='word_1_31' title='bbox 485 616 617 672; x_wconf 83' lang='lat' dir='ltr'><strong>ergo</strong></span> <span class='ocrx_word' id='word_1_32' title='bbox 649 595 1131 654; x_wconf 85' lang='lat' dir='ltr'><strong>communicabilis</strong></span> <span class='ocrx_word' id='word_1_33' title='bbox 1180 591 1461 648; x_wconf 74' lang='lat' dir='ltr'><strong>creaturis</strong></span> <span class='ocrx_word' id='word_1_34' title='bbox 1496 598 1581 646; x_wconf 86' lang='lat' dir='ltr'><strong>est</strong></span> <span class='ocrx_word' id='word_1_35' title='bbox 1607 588 1801 654; x_wconf 88' lang='lat' dir='ltr'><strong>Filius,</strong></span> <span class='ocrx_word' id='word_1_36' title='bbox 1836 597 1898 642; x_wconf 91' lang='lat' dir='ltr'><strong>ut</strong></span> <span class='ocrx_word' id='word_1_37' title='bbox 1947 587 2067 651; x_wconf 82' lang='lat' dir='ltr'><strong>lux,</strong></span> 
     </span>
    </p>
   </div>
   <div class='ocr_carea' id='block_1_7' title="bbox 487 678 2069 756">
    <p class='ocr_par' dir='ltr' id='par_1_7' title="bbox 487 678 2069 756">
     <span class='ocr_line' id='line_1_7' title="bbox 487 678 2069 756; baseline -0.01 -8"><span class='ocrx_word' id='word_1_38' title='bbox 487 694 742 748; x_wconf 81' lang='lat' dir='ltr'><strong>diversus</strong></span> <span class='ocrx_word' id='word_1_39' title='bbox 767 687 873 743; x_wconf 84' lang='lat' dir='ltr'><strong>erit</strong></span> <span class='ocrx_word' id='word_1_40' title='bbox 900 686 969 753; x_wconf 83' lang='lat' dir='ltr'><strong>ab</strong></span> <span class='ocrx_word' id='word_1_41' title='bbox 995 686 1067 741; x_wconf 88' lang='lat' dir='ltr'><strong>iis</strong></span> <span class='ocrx_word' id='word_1_42' title='bbox 1092 699 1215 756; x_wconf 82' lang='lat' dir='ltr'><strong>quae</strong></span> <span class='ocrx_word' id='word_1_43' title='bbox 1242 683 1579 754; x_wconf 88' lang='lat' dir='ltr'><strong>participant</strong></span> <span class='ocrx_word' id='word_1_44' title='bbox 1619 682 1825 751; x_wconf 88' lang='lat' dir='ltr'><strong>ipsum,</strong></span> <span class='ocrx_word' id='word_1_45' title='bbox 1851 689 1906 734; x_wconf 89' lang='lat' dir='ltr'><strong>et</strong></span> <span class='ocrx_word' id='word_1_46' title='bbox 1928 678 2069 732; x_wconf 88' lang='lat' dir='ltr'><strong>lucis</strong></span> 
     </span>
    </p>
   </div>
   <div class='ocr_carea' id='block_1_8' title="bbox 488 776 2069 853">
    <p class='ocr_par' dir='ltr' id='par_1_8' title="bbox 488 776 2069 853">
     <span class='ocr_line' id='line_1_8' title="bbox 488 776 2069 853; baseline -0.008 -16"><span class='ocrx_word' id='word_1_47' title='bbox 488 782 755 853; x_wconf 80' lang='lat' dir='ltr'><strong>indigent.</strong></span> <span class='ocrx_word' id='word_1_48' title='bbox 800 779 972 851; x_wconf 77' lang='lat' dir='ltr'><strong>Igitur</strong></span> <span class='ocrx_word' id='word_1_49' title='bbox 1018 792 1128 832; x_wconf 90' lang='lat' dir='ltr'><strong>non</strong></span> <span class='ocrx_word' id='word_1_50' title='bbox 1176 784 1263 831; x_wconf 89' lang='lat' dir='ltr'><strong>est</strong></span> <span class='ocrx_word' id='word_1_51' title='bbox 1318 783 1576 837; x_wconf 88' lang='lat' dir='ltr'><strong>creatus,</strong></span> <span class='ocrx_word' id='word_1_52' title='bbox 1620 786 1801 841; x_wconf 84' lang='lat' dir='ltr'><strong>neque</strong></span> <span class='ocrx_word' id='word_1_53' title='bbox 1864 776 1925 824; x_wconf 88' lang='lat' dir='ltr'><strong>ut</strong></span> <span class='ocrx_word' id='word_1_54' title='bbox 1978 783 2069 825; x_wconf 89' lang='lat' dir='ltr'><strong>res</strong></span> 
     </span>
    </p>
   </div>
   <div class='ocr_carea' id='block_1_9' title="bbox 487 861 2071 937">
    <p class='ocr_par' dir='ltr' id='par_1_9' title="bbox 487 861 2071 937">
     <span class='ocr_line' id='line_1_9' title="bbox 487 861 2071 937; baseline -0.008 -11"><span class='ocrx_word' id='word_1_55' title='bbox 487 881 687 926; x_wconf 76' lang='lat' dir='ltr'><strong>creata:</strong></span> <span class='ocrx_word' id='word_1_56' title='bbox 716 871 789 925; x_wconf 91' lang='lat' dir='ltr'><strong>ab</strong></span> <span class='ocrx_word' id='word_1_57' title='bbox 822 870 931 925; x_wconf 90' lang='lat' dir='ltr'><strong>alio</strong></span> <span class='ocrx_word' id='word_1_58' title='bbox 967 866 1272 923; x_wconf 86' lang='lat' dir='ltr'><strong>illuminari</strong></span> <span class='ocrx_word' id='word_1_59' title='bbox 1303 865 1571 937; x_wconf 83' lang='lat' dir='ltr'><strong>postulat.</strong></span> <span class='ocrx_word' id='word_1_60' title='bbox 1606 861 1752 918; x_wconf 84' lang='lat' dir='ltr'><strong>Deus</strong></span> <span class='ocrx_word' id='word_1_61' title='bbox 1777 862 1983 931; x_wconf 86' lang='lat' dir='ltr'><strong>itaque,</strong></span> <span class='ocrx_word' id='word_1_62' title='bbox 2010 866 2071 915; x_wconf 83' lang='lat' dir='ltr'><strong>et</strong></span> 
     </span>
    </p>
   </div>
   <div class='ocr_carea' id='block_1_10' title="bbox 488 950 2072 1031">
    <p class='ocr_par' dir='ltr' id='par_1_10' title="bbox 488 950 2072 1031">
     <span class='ocr_line' id='line_1_10' title="bbox 488 950 2072 1031; baseline -0.006 -16"><span class='ocrx_word' id='word_1_63' title='bbox 488 960 802 1016; x_wconf 83' lang='lat' dir='ltr'><strong>illuminare</strong></span> <span class='ocrx_word' id='word_1_64' title='bbox 838 959 1003 1031; x_wconf 85' lang='lat' dir='ltr'><strong>potis.</strong></span> <span class='ocrx_word' id='word_1_65' title='bbox 1036 955 1194 1023; x_wconf 87' lang='lat' dir='ltr'><strong>Quod</strong></span> <span class='ocrx_word' id='word_1_66' title='bbox 1227 957 1272 1012; x_wconf 93' lang='lat' dir='ltr'><strong>si</strong></span> <span class='ocrx_word' id='word_1_67' title='bbox 1321 956 1397 1009; x_wconf 89' lang='lat' dir='ltr'><strong>ita</strong></span> <span class='ocrx_word' id='word_1_68' title='bbox 1438 961 1544 1020; x_wconf 91' lang='lat' dir='ltr'><strong>est,</strong></span> <span class='ocrx_word' id='word_1_69' title='bbox 1569 953 1733 1009; x_wconf 88' lang='lat' dir='ltr'><strong>etiam</strong></span> <span class='ocrx_word' id='word_1_70' title='bbox 1785 966 1851 1006; x_wconf 80' lang='lat' dir='ltr'><strong>ex</strong></span> <span class='ocrx_word' id='word_1_71' title='bbox 1889 950 2072 1005; x_wconf 78' lang='lat' dir='ltr'><strong>Patris</strong></span> 
     </span>
    </p>
   </div>
   <div class='ocr_carea' id='block_1_11' title="bbox 488 1042 2072 1117">
    <p class='ocr_par' dir='ltr' id='par_1_11' title="bbox 488 1042 2072 1117">
     <span class='ocr_line' id='line_1_11' title="bbox 488 1042 2072 1117; baseline -0.009 -8"><span class='ocrx_word' id='word_1_72' title='bbox 488 1052 800 1109; x_wconf 87' lang='lat' dir='ltr'><strong>substantia</strong></span> <span class='ocrx_word' id='word_1_73' title='bbox 862 1049 1082 1117; x_wconf 77' lang='lat' dir='ltr'><strong>genitus</strong></span> <span class='ocrx_word' id='word_1_74' title='bbox 1142 1046 1506 1117; x_wconf 75' lang='lat' dir='ltr'><strong>intelligetur,</strong></span> <span class='ocrx_word' id='word_1_75' title='bbox 1558 1042 1835 1115; x_wconf 79' lang='lat' dir='ltr'><strong>siquidem</strong></span> <span class='ocrx_word' id='word_1_76' title='bbox 1902 1056 2072 1097; x_wconf 88' lang='lat' dir='ltr'><strong>unutn</strong></span> 
     </span>
    </p>
   </div>
   <div class='ocr_carea' id='block_1_12' title="bbox 488 1134 2076 1217">
    <p class='ocr_par' dir='ltr' id='par_1_12' title="bbox 488 1134 2076 1217">
     <span class='ocr_line' id='line_1_12' title="bbox 488 1134 2076 1217; baseline -0.007 -18"><span class='ocrx_word' id='word_1_77' title='bbox 488 1144 790 1199; x_wconf 84' lang='lat' dir='ltr'><strong>adoramus</strong></span> <span class='ocrx_word' id='word_1_78' title='bbox 845 1140 1062 1217; x_wconf 64' lang='lat' dir='ltr'><strong>Deum,</strong></span> <span class='ocrx_word' id='word_1_79' title='bbox 1117 1154 1219 1195; x_wconf 90' lang='lat' dir='ltr'><strong>nec</strong></span> <span class='ocrx_word' id='word_1_80' title='bbox 1284 1139 1519 1194; x_wconf 87' lang='lat' dir='ltr'><strong>alterum</strong></span> <span class='ocrx_word' id='word_1_81' title='bbox 1583 1136 1652 1190; x_wconf 90' lang='lat' dir='ltr'><strong>ab</strong></span> <span class='ocrx_word' id='word_1_82' title='bbox 1707 1149 1773 1192; x_wconf 89' lang='lat' dir='ltr'><strong>eo</strong></span> <span class='ocrx_word' id='word_1_83' title='bbox 1832 1134 1926 1203; x_wconf 92' lang='lat' dir='ltr'><strong>qui</strong></span> <span class='ocrx_word' id='word_1_84' title='bbox 1989 1140 2076 1190; x_wconf 87' lang='lat' dir='ltr'><strong>est</strong></span> 
     </span>
    </p>
   </div>
   <div class='ocr_carea' id='block_1_13' title="bbox 489 1235 747 1293">
    <p class='ocr_par' dir='ltr' id='par_1_13' title="bbox 489 1235 747 1293">
     <span class='ocr_line' id='line_1_13' title="bbox 489 1235 747 1293; baseline -0.019 0"><span class='ocrx_word' id='word_1_85' title='bbox 489 1235 747 1293; x_wconf 83' lang='lat' dir='ltr'><strong>colimus.</strong></span> 
     </span>
    </p>
   </div>
   <div class='ocr_carea' id='block_1_14' title="bbox 562 1318 2074 1391">
    <p class='ocr_par' dir='ltr' id='par_1_14' title="bbox 562 1318 2074 1391">
     <span class='ocr_line' id='line_1_14' title="bbox 562 1318 2074 1391; baseline -0.005 -11"><span class='ocrx_word' id='word_1_86' title='bbox 562 1324 793 1380; x_wconf 79' lang='lat' dir='ltr'><strong>ALIUD.</strong></span> <span class='ocrx_word' id='word_1_87' title='bbox 816 1324 1021 1379; x_wconf 76' lang='lat' dir='ltr'><strong>Rerum</strong></span> <span class='ocrx_word' id='word_1_88' title='bbox 1045 1331 1299 1379; x_wconf 88' lang='lat' dir='ltr'><strong>naturam</strong></span> <span class='ocrx_word' id='word_1_89' title='bbox 1332 1320 1650 1391; x_wconf 84' lang='lat' dir='ltr'><strong>diligentius</strong></span> <span class='ocrx_word' id='word_1_90' title='bbox 1673 1318 2074 1380; x_wconf 78' lang='lat' dir='ltr'><strong>examinantes,</strong></span> 
     </span>
    </p>
   </div>
   <div class='ocr_carea' id='block_1_15' title="bbox 496 1408 2079 1482">
    <p class='ocr_par' dir='ltr' id='par_1_15' title="bbox 496 1408 2079 1482">
     <span class='ocr_line' id='line_1_15' title="bbox 496 1408 2079 1482; baseline -0.005 -10"><span class='ocrx_word' id='word_1_91' title='bbox 496 1418 666 1474; x_wconf 86' lang='lat' dir='ltr'><strong>Deum</strong></span> <span class='ocrx_word' id='word_1_92' title='bbox 690 1418 940 1473; x_wconf 83' lang='lat' dir='ltr'><strong>videmus</strong></span> <span class='ocrx_word' id='word_1_93' title='bbox 966 1427 1019 1471; x_wconf 88' lang='lat' dir='ltr'><strong>et</strong></span> <span class='ocrx_word' id='word_1_94' title='bbox 1052 1423 1387 1481; x_wconf 85' lang='lat' dir='ltr'><strong>creaturam,</strong></span> <span class='ocrx_word' id='word_1_95' title='bbox 1419 1421 1677 1482; x_wconf 58' lang='lat' dir='ltr'><strong>praeterea</strong></span> <span class='ocrx_word' id='word_1_96' title='bbox 1710 1410 1867 1465; x_wconf 82' lang='lat' dir='ltr'><strong>nihil.</strong></span> <span class='ocrx_word' id='word_1_97' title='bbox 1895 1408 2079 1476; x_wconf 89' lang='lat' dir='ltr'><strong>Quod-</strong></span> 
     </span>
    </p>
   </div>
   <div class='ocr_carea' id='block_1_16' title="bbox 493 1498 2079 1580">
    <p class='ocr_par' dir='ltr' id='par_1_16' title="bbox 493 1498 2079 1580">
     <span class='ocr_line' id='line_1_16' title="bbox 493 1498 2079 1580; baseline -0.008 -13"><span class='ocrx_word' id='word_1_98' title='bbox 493 1525 713 1580; x_wconf 82' lang='lat' dir='ltr'><strong>cunque</strong></span> <span class='ocrx_word' id='word_1_99' title='bbox 740 1498 886 1562; x_wconf 80' lang='lat' dir='ltr'><strong>enim</strong></span> <span class='ocrx_word' id='word_1_100' title='bbox 920 1505 1065 1561; x_wconf 84' lang='lat' dir='ltr'><strong>Deus</strong></span> <span class='ocrx_word' id='word_1_101' title='bbox 1094 1521 1202 1560; x_wconf 91' lang='lat' dir='ltr'><strong>non</strong></span> <span class='ocrx_word' id='word_1_102' title='bbox 1240 1511 1326 1560; x_wconf 90' lang='lat' dir='ltr'><strong>est</strong></span> <span class='ocrx_word' id='word_1_103' title='bbox 1356 1511 1555 1557; x_wconf 88' lang='lat' dir='ltr'><strong>natura</strong></span> <span class='ocrx_word' id='word_1_104' title='bbox 1586 1517 1708 1568; x_wconf 83' lang='lat' dir='ltr'><strong>sua,</strong></span> <span class='ocrx_word' id='word_1_105' title='bbox 1738 1500 1843 1555; x_wconf 89' lang='lat' dir='ltr'><strong>hoc</strong></span> <span class='ocrx_word' id='word_1_106' title='bbox 1888 1503 2079 1570; x_wconf 84' lang='lat' dir='ltr'><strong>utique</strong></span> 
     </span>
    </p>
   </div>
   <div class='ocr_carea' id='block_1_17' title="bbox 493 1595 2079 1673">
    <p class='ocr_par' dir='ltr' id='par_1_17' title="bbox 493 1595 2079 1673">
     <span class='ocr_line' id='line_1_17' title="bbox 493 1595 2079 1673; baseline -0.008 -12"><span class='ocrx_word' id='word_1_107' title='bbox 493 1614 747 1661; x_wconf 89' lang='lat' dir='ltr'><strong>creatum</strong></span> <span class='ocrx_word' id='word_1_108' title='bbox 786 1612 891 1670; x_wconf 91' lang='lat' dir='ltr'><strong>est,</strong></span> <span class='ocrx_word' id='word_1_109' title='bbox 920 1611 975 1658; x_wconf 89' lang='lat' dir='ltr'><strong>et</strong></span> <span class='ocrx_word' id='word_1_110' title='bbox 1018 1600 1166 1673; x_wconf 89' lang='lat' dir='ltr'><strong>quod</strong></span> <span class='ocrx_word' id='word_1_111' title='bbox 1219 1600 1324 1656; x_wconf 88' lang='lat' dir='ltr'><strong>sub</strong></span> <span class='ocrx_word' id='word_1_112' title='bbox 1356 1598 1695 1653; x_wconf 87' lang='lat' dir='ltr'><strong>creationem</strong></span> <span class='ocrx_word' id='word_1_113' title='bbox 1738 1595 1938 1650; x_wconf 83' lang='lat' dir='ltr'><strong>cadere</strong></span> <span class='ocrx_word' id='word_1_114' title='bbox 1971 1610 2079 1649; x_wconf 88' lang='lat' dir='ltr'><strong>non</strong></span> 
     </span>
    </p>
   </div>
   <div class='ocr_carea' id='block_1_18' title="bbox 496 1687 2077 1768">
    <p class='ocr_par' dir='ltr' id='par_1_18' title="bbox 496 1687 2077 1768">
     <span class='ocr_line' id='line_1_18' title="bbox 496 1687 2077 1768; baseline -0.005 -17"><span class='ocrx_word' id='word_1_115' title='bbox 496 1703 699 1768; x_wconf 89' lang='lat' dir='ltr'><strong>potest,</strong></span> <span class='ocrx_word' id='word_1_116' title='bbox 735 1695 960 1749; x_wconf 84' lang='lat' dir='ltr'><strong>omnino</strong></span> <span class='ocrx_word' id='word_1_117' title='bbox 1005 1707 1234 1748; x_wconf 89' lang='lat' dir='ltr'><strong>necesse</strong></span> <span class='ocrx_word' id='word_1_118' title='bbox 1291 1697 1376 1746; x_wconf 91' lang='lat' dir='ltr'><strong>est</strong></span> <span class='ocrx_word' id='word_1_119' title='bbox 1427 1690 1532 1746; x_wconf 89' lang='lat' dir='ltr'><strong>hoc</strong></span> <span class='ocrx_word' id='word_1_120' title='bbox 1582 1705 1707 1745; x_wconf 84' lang='lat' dir='ltr'><strong>esse</strong></span> <span class='ocrx_word' id='word_1_121' title='bbox 1749 1687 1940 1743; x_wconf 88' lang='lat' dir='ltr'><strong>Deum.</strong></span> <span class='ocrx_word' id='word_1_122' title='bbox 1978 1687 2077 1743; x_wconf 83' lang='lat' dir='ltr'><strong>His</strong></span> 
     </span>
    </p>
   </div>
   <div class='ocr_carea' id='block_1_19' title="bbox 496 1746 2151 1857">
    <p class='ocr_par' dir='ltr' id='par_1_19' title="bbox 496 1746 2151 1857">
     <span class='ocr_line' id='line_1_19' title="bbox 496 1746 2151 1857; baseline -0.005 -14"><span class='ocrx_word' id='word_1_123' title='bbox 496 1746 570 1843; x_wconf 60' lang='lat' dir='ltr'><strong>irta</strong></span> <span class='ocrx_word' id='word_1_124' title='bbox 624 1788 728 1842; x_wconf 86' lang='lat' dir='ltr'><strong>rite</strong></span> <span class='ocrx_word' id='word_1_125' title='bbox 762 1785 1091 1857; x_wconf 87' lang='lat' dir='ltr'><strong>perspectis,</strong></span> <span class='ocrx_word' id='word_1_126' title='bbox 1120 1782 1495 1853; x_wconf 85' lang='lat' dir='ltr'><strong>respondeant</strong></span> <span class='ocrx_word' id='word_1_127' title='bbox 1543 1782 1705 1838; x_wconf 88' lang='lat' dir='ltr'><strong>nobis</strong></span> <span class='ocrx_word' id='word_1_128' title='bbox 1734 1780 1831 1853; x_wconf 92' lang='lat' dir='ltr'><strong>qui</strong></span> <span class='ocrx_word' id='word_1_129' title='bbox 1878 1797 1908 1836; x_wconf 89' lang='lat' dir='ltr'><strong>a</strong></span> <span class='ocrx_word' id='word_1_130' title='bbox 1945 1780 2079 1835; x_wconf 89' lang='lat' dir='ltr'><strong>sub-</strong></span> <span class='ocrx_word' id='word_1_131' title='bbox 2112 1746 2151 1801; x_wconf 76' lang='grc' dir='ltr'><strong>Β</strong></span> 
     </span>
    </p>
   </div>
   <div class='ocr_carea' id='block_1_20' title="bbox 494 1871 2080 1942">
    <p class='ocr_par' dir='ltr' id='par_1_20' title="bbox 494 1871 2080 1942">
     <span class='ocr_line' id='line_1_20' title="bbox 494 1871 2080 1942; baseline -0.004 -9"><span class='ocrx_word' id='word_1_132' title='bbox 494 1878 700 1934; x_wconf 88' lang='lat' dir='ltr'><strong>stantia</strong></span> <span class='ocrx_word' id='word_1_133' title='bbox 737 1875 830 1930; x_wconf 86' lang='lat' dir='ltr'><strong>Dei</strong></span> <span class='ocrx_word' id='word_1_134' title='bbox 880 1890 942 1929; x_wconf 87' lang='lat' dir='ltr'><strong>ac</strong></span> <span class='ocrx_word' id='word_1_135' title='bbox 979 1875 1161 1930; x_wconf 81' lang='lat' dir='ltr'><strong>Patris</strong></span> <span class='ocrx_word' id='word_1_136' title='bbox 1202 1871 1402 1929; x_wconf 88' lang='lat' dir='ltr'><strong>Filium</strong></span> <span class='ocrx_word' id='word_1_137' title='bbox 1442 1881 1751 1937; x_wconf 80' lang='lat' dir='ltr'><strong>removent,</strong></span> <span class='ocrx_word' id='word_1_138' title='bbox 1803 1871 2080 1942; x_wconf 89' lang='lat' dir='ltr'><strong>quomodo</strong></span> 
     </span>
    </p>
   </div>
   <div class='ocr_carea' id='block_1_21' title="bbox 497 1964 2081 2039">
    <p class='ocr_par' dir='ltr' id='par_1_21' title="bbox 497 1964 2081 2039">
     <span class='ocr_line' id='line_1_21' title="bbox 497 1964 2081 2039; baseline -0.005 -15"><span class='ocrx_word' id='word_1_139' title='bbox 497 1967 670 2039; x_wconf 89' lang='lat' dir='ltr'><strong>possit</strong></span> <span class='ocrx_word' id='word_1_140' title='bbox 720 1967 1035 2021; x_wconf 84' lang='lat' dir='ltr'><strong>illuminare</strong></span> <span class='ocrx_word' id='word_1_141' title='bbox 1087 1978 1147 2020; x_wconf 92' lang='lat' dir='ltr'><strong>ut</strong></span> <span class='ocrx_word' id='word_1_142' title='bbox 1195 1966 1309 2030; x_wconf 85' lang='lat' dir='ltr'><strong>lux,</strong></span> <span class='ocrx_word' id='word_1_143' title='bbox 1367 1978 1494 2018; x_wconf 90' lang='lat' dir='ltr'><strong>cum</strong></span> <span class='ocrx_word' id='word_1_144' title='bbox 1556 1965 1675 2036; x_wconf 90' lang='lat' dir='ltr'><strong>ipsa</strong></span> <span class='ocrx_word' id='word_1_145' title='bbox 1733 1964 1954 2035; x_wconf 80' lang='lat' dir='ltr'><strong>propria</strong></span> <span class='ocrx_word' id='word_1_146' title='bbox 2007 1964 2081 2020; x_wconf 89' lang='lat' dir='ltr'><strong>sit</strong></span> 
     </span>
    </p>
   </div>
   <div class='ocr_carea' id='block_1_22' title="bbox 496 2048 2083 2124">
    <p class='ocr_par' dir='ltr' id='par_1_22' title="bbox 496 2048 2083 2124">
     <span class='ocr_line' id='line_1_22' title="bbox 496 2048 2083 2124; baseline -0.001 -11"><span class='ocrx_word' id='word_1_147' title='bbox 496 2048 710 2114; x_wconf 61' lang='lat' dir='ltr'><strong>natura;</strong></span> <span class='ocrx_word' id='word_1_148' title='bbox 741 2058 945 2113; x_wconf 67' lang='lat' dir='ltr'><strong>divinae</strong></span> <span class='ocrx_word' id='word_1_149' title='bbox 976 2075 1077 2114; x_wconf 89' lang='lat' dir='ltr'><strong>nec</strong></span> <span class='ocrx_word' id='word_1_150' title='bbox 1111 2059 1272 2113; x_wconf 88' lang='lat' dir='ltr'><strong>alteri</strong></span> <span class='ocrx_word' id='word_1_151' title='bbox 1302 2058 1599 2114; x_wconf 85' lang='lat' dir='ltr'><strong>tribuatur.</strong></span> <span class='ocrx_word' id='word_1_152' title='bbox 1661 2056 1819 2124; x_wconf 87' lang='lat' dir='ltr'><strong>Quod</strong></span> <span class='ocrx_word' id='word_1_153' title='bbox 1852 2058 1900 2112; x_wconf 88' lang='lat' dir='ltr'><strong>si</strong></span> <span class='ocrx_word' id='word_1_154' title='bbox 1929 2071 2083 2113; x_wconf 85' lang='lat' dir='ltr'><strong>crea-</strong></span> 
     </span>
    </p>
   </div>
   <div class='ocr_carea' id='block_1_23' title="bbox 499 2149 2083 2219">
    <p class='ocr_par' dir='ltr' id='par_1_23' title="bbox 499 2149 2083 2219">
     <span class='ocr_line' id='line_1_23' title="bbox 499 2149 2083 2219; baseline -0.003 -12"><span class='ocrx_word' id='word_1_155' title='bbox 499 2163 590 2208; x_wconf 91' lang='lat' dir='ltr'><strong>tus</strong></span> <span class='ocrx_word' id='word_1_156' title='bbox 627 2166 752 2206; x_wconf 90' lang='lat' dir='ltr'><strong>cum</strong></span> <span class='ocrx_word' id='word_1_157' title='bbox 800 2150 874 2206; x_wconf 90' lang='lat' dir='ltr'><strong>sit</strong></span> <span class='ocrx_word' id='word_1_158' title='bbox 897 2149 1092 2217; x_wconf 84' lang='lat' dir='ltr'><strong>Filius,</strong></span> <span class='ocrx_word' id='word_1_159' title='bbox 1122 2150 1287 2205; x_wconf 88' lang='lat' dir='ltr'><strong>etiam</strong></span> <span class='ocrx_word' id='word_1_160' title='bbox 1333 2151 1428 2204; x_wconf 74' lang='lat' dir='ltr'><strong>lux</strong></span> <span class='ocrx_word' id='word_1_161' title='bbox 1460 2164 1585 2206; x_wconf 84' lang='lat' dir='ltr'><strong>esse</strong></span> <span class='ocrx_word' id='word_1_162' title='bbox 1616 2156 1822 2219; x_wconf 87' lang='lat' dir='ltr'><strong>potest,</strong></span> <span class='ocrx_word' id='word_1_163' title='bbox 1854 2149 1922 2203; x_wconf 86' lang='lat' dir='ltr'><strong>ad</strong></span> <span class='ocrx_word' id='word_1_164' title='bbox 1956 2149 2083 2203; x_wconf 87' lang='lat' dir='ltr'><strong>uni-</strong></span> 
     </span>
    </p>
   </div>
   <div class='ocr_carea' id='block_1_24' title="bbox 499 2241 2081 2313">
    <p class='ocr_par' dir='ltr' id='par_1_24' title="bbox 499 2241 2081 2313">
     <span class='ocr_line' id='line_1_24' title="bbox 499 2241 2081 2313; baseline -0.003 -14"><span class='ocrx_word' id='word_1_165' title='bbox 499 2258 692 2299; x_wconf 75' lang='lat' dir='ltr'><strong>versas</strong></span> <span class='ocrx_word' id='word_1_166' title='bbox 723 2244 913 2313; x_wconf 81' lang='lat' dir='ltr'><strong>utique</strong></span> <span class='ocrx_word' id='word_1_167' title='bbox 955 2258 1044 2297; x_wconf 91' lang='lat' dir='ltr'><strong>res</strong></span> <span class='ocrx_word' id='word_1_168' title='bbox 1087 2252 1304 2298; x_wconf 87' lang='lat' dir='ltr'><strong>creatas</strong></span> <span class='ocrx_word' id='word_1_169' title='bbox 1342 2242 1636 2312; x_wconf 83' lang='lat' dir='ltr'><strong>pertinebit</strong></span> <span class='ocrx_word' id='word_1_170' title='bbox 1676 2241 1841 2297; x_wconf 88' lang='lat' dir='ltr'><strong>istius</strong></span> <span class='ocrx_word' id='word_1_171' title='bbox 1875 2256 2081 2311; x_wconf 73' lang='lat' dir='ltr'><strong>praero-</strong></span> 
     </span>
    </p>
   </div>
   <div class='ocr_carea' id='block_1_25' title="bbox 498 2332 2081 2405">
    <p class='ocr_par' dir='ltr' id='par_1_25' title="bbox 498 2332 2081 2405">
     <span class='ocr_line' id='line_1_25' title="bbox 498 2332 2081 2405; baseline -0.001 -17"><span class='ocrx_word' id='word_1_172' title='bbox 498 2335 695 2405; x_wconf 73' lang='lat' dir='ltr'><strong>gativae</strong></span> <span class='ocrx_word' id='word_1_173' title='bbox 754 2334 953 2405; x_wconf 88' lang='lat' dir='ltr'><strong>gratia,</strong></span> <span class='ocrx_word' id='word_1_174' title='bbox 984 2340 1261 2403; x_wconf 84' lang='lat' dir='ltr'><strong>eruntque</strong></span> <span class='ocrx_word' id='word_1_175' title='bbox 1304 2332 1491 2388; x_wconf 86' lang='lat' dir='ltr'><strong>omnia</strong></span> <span class='ocrx_word' id='word_1_176' title='bbox 1533 2333 1627 2388; x_wconf 80' lang='lat' dir='ltr'><strong>lux</strong></span> <span class='ocrx_word' id='word_1_177' title='bbox 1676 2347 1776 2403; x_wconf 90' lang='lat' dir='ltr'><strong>per</strong></span> <span class='ocrx_word' id='word_1_178' title='bbox 1803 2343 2081 2387; x_wconf 82' lang='lat' dir='ltr'><strong>naturam.</strong></span> 
     </span>
    </p>
   </div>
   <div class='ocr_carea' id='block_1_26' title="bbox 499 2422 2086 2497">
    <p class='ocr_par' dir='ltr' id='par_1_26' title="bbox 499 2422 2086 2497">
     <span class='ocr_line' id='line_1_26' title="bbox 499 2422 2086 2497; baseline 0.001 -19"><span class='ocrx_word' id='word_1_179' title='bbox 499 2424 646 2491; x_wconf 85' lang='lat' dir='ltr'><strong>Quid</strong></span> <span class='ocrx_word' id='word_1_180' title='bbox 674 2440 806 2496; x_wconf 86' lang='lat' dir='ltr'><strong>ergo</strong></span> <span class='ocrx_word' id='word_1_181' title='bbox 836 2427 919 2481; x_wconf 90' lang='lat' dir='ltr'><strong>eis</strong></span> <span class='ocrx_word' id='word_1_182' title='bbox 972 2440 1112 2497; x_wconf 80' lang='lat' dir='ltr'><strong>Opus</strong></span> <span class='ocrx_word' id='word_1_183' title='bbox 1156 2426 1263 2479; x_wconf 89' lang='lat' dir='ltr'><strong>erit</strong></span> <span class='ocrx_word' id='word_1_184' title='bbox 1318 2423 1743 2495; x_wconf 89' lang='lat' dir='ltr'><strong>participatione</strong></span> <span class='ocrx_word' id='word_1_185' title='bbox 1791 2422 1940 2487; x_wconf 88' lang='lat' dir='ltr'><strong>Filii,</strong></span> <span class='ocrx_word' id='word_1_186' title='bbox 1991 2433 2086 2479; x_wconf 89' lang='lat' dir='ltr'><strong>aut</strong></span> 
     </span>
    </p>
   </div>
   <div class='ocr_carea' id='block_1_27' title="bbox 502 2516 2085 2590">
    <p class='ocr_par' dir='ltr' id='par_1_27' title="bbox 502 2516 2085 2590">
     <span class='ocr_line' id='line_1_27' title="bbox 502 2516 2085 2590; baseline -0.001 -17"><span class='ocrx_word' id='word_1_187' title='bbox 502 2519 633 2590; x_wconf 91' lang='lat' dir='ltr'><strong>quid</strong></span> <span class='ocrx_word' id='word_1_188' title='bbox 669 2518 795 2574; x_wconf 92' lang='lat' dir='ltr'><strong>inde</strong></span> <span class='ocrx_word' id='word_1_189' title='bbox 832 2519 913 2575; x_wconf 91' lang='lat' dir='ltr'><strong>eis</strong></span> <span class='ocrx_word' id='word_1_190' title='bbox 944 2518 1190 2581; x_wconf 86' lang='lat' dir='ltr'><strong>accedet,</strong></span> <span class='ocrx_word' id='word_1_191' title='bbox 1221 2532 1348 2571; x_wconf 89' lang='lat' dir='ltr'><strong>cmn</strong></span> <span class='ocrx_word' id='word_1_192' title='bbox 1377 2526 1436 2572; x_wconf 91' lang='lat' dir='ltr'><strong>ut</strong></span> <span class='ocrx_word' id='word_1_193' title='bbox 1483 2517 1598 2573; x_wconf 88' lang='lat' dir='ltr'><strong>sint</strong></span> <span class='ocrx_word' id='word_1_194' title='bbox 1649 2516 1743 2572; x_wconf 81' lang='lat' dir='ltr'><strong>lux</strong></span> <span class='ocrx_word' id='word_1_195' title='bbox 1775 2516 2085 2571; x_wconf 82' lang='lat' dir='ltr'><strong>secundum</strong></span> 
     </span>
    </p>
   </div>
   <div class='ocr_carea' id='block_1_28' title="bbox 503 2601 2087 2680">
    <p class='ocr_par' dir='ltr' id='par_1_28' title="bbox 503 2601 2087 2680">
     <span class='ocr_line' id='line_1_28' title="bbox 503 2601 2087 2680; baseline -0.001 -14"><span class='ocrx_word' id='word_1_196' title='bbox 503 2624 659 2666; x_wconf 86' lang='lat' dir='ltr'><strong>suam</strong></span> <span class='ocrx_word' id='word_1_197' title='bbox 711 2620 965 2664; x_wconf 87' lang='lat' dir='ltr'><strong>naturam</strong></span> <span class='ocrx_word' id='word_1_198' title='bbox 1014 2601 1147 2679; x_wconf 70' lang='lat' dir='ltr'><strong>ipsae</strong></span> <span class='ocrx_word' id='word_1_199' title='bbox 1194 2624 1415 2680; x_wconf 87' lang='lat' dir='ltr'><strong>quoque</strong></span> <span class='ocrx_word' id='word_1_200' title='bbox 1475 2608 1737 2672; x_wconf 85' lang='lat' dir='ltr'><strong>habeant,</strong></span> <span class='ocrx_word' id='word_1_201' title='bbox 1766 2623 1879 2665; x_wconf 89' lang='lat' dir='ltr'><strong>non</strong></span> <span class='ocrx_word' id='word_1_202' title='bbox 1926 2622 2087 2664; x_wconf 88' lang='lat' dir='ltr'><strong>secus</strong></span> 
     </span>
    </p>
   </div>
   <div class='ocr_carea' id='block_1_29' title="bbox 503 2697 2085 2770">
    <p class='ocr_par' dir='ltr' id='par_1_29' title="bbox 503 2697 2085 2770">
     <span class='ocr_line' id='line_1_29' title="bbox 503 2697 2085 2770; baseline -0.001 -14"><span class='ocrx_word' id='word_1_203' title='bbox 503 2714 570 2756; x_wconf 82' lang='lat' dir='ltr'><strong>ac</strong></span> <span class='ocrx_word' id='word_1_204' title='bbox 605 2698 816 2756; x_wconf 79' lang='lat' dir='ltr'><strong>Filius?</strong></span> <span class='ocrx_word' id='word_1_205' title='bbox 851 2698 1358 2756; x_wconf 66' lang='lat' dir='ltr'><strong>Sed&#39;illuminante</strong></span> <span class='ocrx_word' id='word_1_206' title='bbox 1407 2713 1549 2770; x_wconf 90' lang='lat' dir='ltr'><strong>opus</strong></span> <span class='ocrx_word' id='word_1_207' title='bbox 1601 2697 1767 2752; x_wconf 89' lang='lat' dir='ltr'><strong>habet</strong></span> <span class='ocrx_word' id='word_1_208' title='bbox 1808 2706 2085 2762; x_wconf 84' lang='lat' dir='ltr'><strong>creatura,</strong></span> 
     </span>
    </p>
   </div>
   <div class='ocr_carea' id='block_1_30' title="bbox 502 2789 2091 2861">
    <p class='ocr_par' dir='ltr' id='par_1_30' title="bbox 502 2789 2091 2861">
     <span class='ocr_line' id='line_1_30' title="bbox 502 2789 2091 2861; baseline -0.003 -14"><span class='ocrx_word' id='word_1_209' title='bbox 502 2808 630 2848; x_wconf 88' lang='lat' dir='ltr'><strong>cum</strong></span> <span class='ocrx_word' id='word_1_210' title='bbox 669 2791 816 2848; x_wconf 87' lang='lat' dir='ltr'><strong>istud</strong></span> <span class='ocrx_word' id='word_1_211' title='bbox 844 2807 874 2846; x_wconf 91' lang='lat' dir='ltr'><strong>a</strong></span> <span class='ocrx_word' id='word_1_212' title='bbox 905 2808 966 2848; x_wconf 84' lang='lat' dir='ltr'><strong>se</strong></span> <span class='ocrx_word' id='word_1_213' title='bbox 1016 2806 1124 2847; x_wconf 89' lang='lat' dir='ltr'><strong>non</strong></span> <span class='ocrx_word' id='word_1_214' title='bbox 1186 2793 1384 2847; x_wconf 83' lang='lat' dir='ltr'><strong>habeat</strong></span> <span class='ocrx_word' id='word_1_215' title='bbox 1418 2808 1432 2845; x_wconf 89' lang='lat'><strong>:</strong></span> <span class='ocrx_word' id='word_1_216' title='bbox 1469 2789 1615 2845; x_wconf 86' lang='lat' dir='ltr'><strong>Deus</strong></span> <span class='ocrx_word' id='word_1_217' title='bbox 1659 2789 1828 2861; x_wconf 88' lang='lat' dir='ltr'><strong>igitur</strong></span> <span class='ocrx_word' id='word_1_218' title='bbox 1859 2798 1944 2844; x_wconf 89' lang='lat' dir='ltr'><strong>est</strong></span> <span class='ocrx_word' id='word_1_219' title='bbox 1993 2804 2091 2859; x_wconf 89' lang='lat' dir='ltr'><strong>per</strong></span> 
     </span>
    </p>
   </div>
   <div class='ocr_carea' id='block_1_31' title="bbox 507 2882 2091 2956">
    <p class='ocr_par' dir='ltr' id='par_1_31' title="bbox 507 2882 2091 2956">
     <span class='ocr_line' id='line_1_31' title="bbox 507 2882 2091 2956; baseline -0.002 -16"><span class='ocrx_word' id='word_1_220' title='bbox 507 2895 760 2941; x_wconf 87' lang='lat' dir='ltr'><strong>naturam</strong></span> <span class='ocrx_word' id='word_1_221' title='bbox 796 2885 996 2948; x_wconf 87' lang='lat' dir='ltr'><strong>Filius,</strong></span> <span class='ocrx_word' id='word_1_222' title='bbox 1046 2896 1211 2956; x_wconf 90' lang='lat' dir='ltr'><strong>atque</strong></span> <span class='ocrx_word' id='word_1_223' title='bbox 1264 2885 1474 2941; x_wconf 88' lang='lat' dir='ltr'><strong>idcirco</strong></span> <span class='ocrx_word' id='word_1_224' title='bbox 1520 2885 1637 2950; x_wconf 78' lang='lat' dir='ltr'><strong>lux,</strong></span> <span class='ocrx_word' id='word_1_225' title='bbox 1673 2890 1736 2938; x_wconf 87' lang='lat' dir='ltr'><strong>ut</strong></span> <span class='ocrx_word' id='word_1_226' title='bbox 1786 2883 1881 2954; x_wconf 83' lang='lat' dir='ltr'><strong>qui</strong></span> <span class='ocrx_word' id='word_1_227' title='bbox 1913 2882 2091 2953; x_wconf 79' lang='lat' dir='ltr'><strong>possit</strong></span> 
     </span>
    </p>
   </div>
   <div class='ocr_carea' id='block_1_32' title="bbox 504 2976 1545 3048">
    <p class='ocr_par' dir='ltr' id='par_1_32' title="bbox 504 2976 1545 3048">
     <span class='ocr_line' id='line_1_32' title="bbox 504 2976 1545 3048; baseline -0.001 -17"><span class='ocrx_word' id='word_1_228' title='bbox 504 2977 822 3032; x_wconf 85' lang='lat' dir='ltr'><strong>illuminare</strong></span> <span class='ocrx_word' id='word_1_229' title='bbox 848 2992 913 3032; x_wconf 88' lang='lat' dir='ltr'><strong>ea</strong></span> <span class='ocrx_word' id='word_1_230' title='bbox 946 2993 1067 3048; x_wconf 78' lang='lat' dir='ltr'><strong>qua:</strong></span> <span class='ocrx_word' id='word_1_231' title='bbox 1102 2976 1239 3031; x_wconf 83' lang='lat' dir='ltr'><strong>lucis</strong></span> <span class='ocrx_word' id='word_1_232' title='bbox 1272 2977 1545 3047; x_wconf 74' lang='lat' dir='ltr'><strong>indigent.</strong></span> 
     </span>
    </p>
   </div>
   <div class='ocr_carea' id='block_1_33' title="bbox 578 3154 2094 3211">
    <p class='ocr_par' dir='ltr' id='par_1_33' title="bbox 578 3154 2094 3211">
     <span class='ocr_line' id='line_1_33' title="bbox 578 3154 2094 3211; baseline -0.001 0"><span class='ocrx_word' id='word_1_233' title='bbox 578 3154 810 3211; x_wconf 80' lang='lat' dir='ltr'><strong>ALIUD.</strong></span> <span class='ocrx_word' id='word_1_234' title='bbox 839 3155 958 3210; x_wconf 75' lang='lat' dir='ltr'><strong>Lux</strong></span> <span class='ocrx_word' id='word_1_235' title='bbox 1006 3156 1308 3209; x_wconf 85' lang='lat' dir='ltr'><strong>secundum</strong></span> <span class='ocrx_word' id='word_1_236' title='bbox 1355 3163 1608 3210; x_wconf 88' lang='lat' dir='ltr'><strong>naturam</strong></span> <span class='ocrx_word' id='word_1_237' title='bbox 1663 3169 1818 3211; x_wconf 92' lang='lat' dir='ltr'><strong>suam</strong></span> <span class='ocrx_word' id='word_1_238' title='bbox 1851 3170 1976 3211; x_wconf 89' lang='lat' dir='ltr'><strong>cum</strong></span> <span class='ocrx_word' id='word_1_239' title='bbox 2019 3155 2094 3211; x_wconf 79' lang='lat' dir='ltr'><strong>sit</strong></span> 
     </span>
    </p>
   </div>
   <div class='ocr_carea' id='block_1_34' title="bbox 507 3245 2097 3321">
    <p class='ocr_par' dir='ltr' id='par_1_34' title="bbox 507 3245 2097 3321">
     <span class='ocr_line' id='line_1_34' title="bbox 507 3245 2097 3321; baseline 0 -20"><span class='ocrx_word' id='word_1_240' title='bbox 507 3245 703 3315; x_wconf 80' lang='lat' dir='ltr'><strong>Filius,</strong></span> <span class='ocrx_word' id='word_1_241' title='bbox 749 3256 845 3303; x_wconf 89' lang='lat' dir='ltr'><strong>aut</strong></span> <span class='ocrx_word' id='word_1_242' title='bbox 887 3248 1032 3301; x_wconf 89' lang='lat' dir='ltr'><strong>alius</strong></span> <span class='ocrx_word' id='word_1_243' title='bbox 1074 3255 1158 3301; x_wconf 90' lang='lat' dir='ltr'><strong>est</strong></span> <span class='ocrx_word' id='word_1_244' title='bbox 1219 3261 1248 3299; x_wconf 92' lang='lat' dir='ltr'><strong>a</strong></span> <span class='ocrx_word' id='word_1_245' title='bbox 1298 3256 1578 3312; x_wconf 86' lang='lat' dir='ltr'><strong>creatura,</strong></span> <span class='ocrx_word' id='word_1_246' title='bbox 1635 3262 1832 3318; x_wconf 84' lang='lat' dir='ltr'><strong>nempe</strong></span> <span class='ocrx_word' id='word_1_247' title='bbox 1882 3248 2097 3321; x_wconf 80' lang='lat' dir='ltr'><strong>ratione</strong></span> 
     </span>
    </p>
   </div>
   <div class='ocr_carea' id='block_1_35' title="bbox 505 3338 2094 3410">
    <p class='ocr_par' dir='ltr' id='par_1_35' title="bbox 505 3338 2094 3410">
     <span class='ocr_line' id='line_1_35' title="bbox 505 3338 2094 3410; baseline -0.001 -12"><span class='ocrx_word' id='word_1_248' title='bbox 505 3342 787 3409; x_wconf 60' lang='lat' dir='ltr'><strong>essentia,</strong></span> <span class='ocrx_word' id='word_1_249' title='bbox 813 3350 909 3396; x_wconf 90' lang='lat' dir='ltr'><strong>aut</strong></span> <span class='ocrx_word' id='word_1_250' title='bbox 953 3339 1201 3410; x_wconf 84' lang='lat' dir='ltr'><strong>ejusdem</strong></span> <span class='ocrx_word' id='word_1_251' title='bbox 1250 3354 1375 3393; x_wconf 84' lang='lat' dir='ltr'><strong>cum</strong></span> <span class='ocrx_word' id='word_1_252' title='bbox 1437 3339 1557 3409; x_wconf 89' lang='lat' dir='ltr'><strong>ipsa</strong></span> <span class='ocrx_word' id='word_1_253' title='bbox 1606 3349 1839 3396; x_wconf 73' lang='lat' dir='ltr'><strong>natum.</strong></span> <span class='ocrx_word' id='word_1_254' title='bbox 1873 3338 1932 3394; x_wconf 88' lang='lat' dir='ltr'><strong>Si</strong></span> <span class='ocrx_word' id='word_1_255' title='bbox 1962 3355 2094 3410; x_wconf 81' lang='lat' dir='ltr'><strong>ergo</strong></span> 
     </span>
    </p>
   </div>
   <div class='ocr_carea' id='block_1_36' title="bbox 509 3431 2097 3504">
    <p class='ocr_par' dir='ltr' id='par_1_36' title="bbox 509 3431 2097 3504">
     <span class='ocr_line' id='line_1_36' title="bbox 509 3431 2097 3504; baseline -0.001 -17"><span class='ocrx_word' id='word_1_256' title='bbox 509 3434 758 3504; x_wconf 79' lang='lat' dir='ltr'><strong>ejusdem</strong></span> <span class='ocrx_word' id='word_1_257' title='bbox 831 3431 1050 3502; x_wconf 81' lang='lat' dir='ltr'><strong>generis</strong></span> <span class='ocrx_word' id='word_1_258' title='bbox 1109 3439 1195 3488; x_wconf 90' lang='lat' dir='ltr'><strong>est</strong></span> <span class='ocrx_word' id='word_1_259' title='bbox 1262 3447 1326 3486; x_wconf 89' lang='lat' dir='ltr'><strong>ac</strong></span> <span class='ocrx_word' id='word_1_260' title='bbox 1382 3432 1727 3499; x_wconf 65' lang='lat' dir='ltr'><strong>substantiae,</strong></span> <span class='ocrx_word' id='word_1_261' title='bbox 1767 3432 1999 3492; x_wconf 78' lang='lat' dir='ltr'><strong>frustra,</strong></span> <span class='ocrx_word' id='word_1_262' title='bbox 2036 3440 2097 3486; x_wconf 90' lang='lat' dir='ltr'><strong>ut</strong></span> 
     </span>
    </p>
   </div>
   <div class='ocr_carea' id='block_1_37' title="bbox 511 3523 2089 3595">
    <p class='ocr_par' dir='ltr' id='par_1_37' title="bbox 511 3523 2089 3595">
     <span class='ocr_line' id='line_1_37' title="bbox 511 3523 2089 3595; baseline 0 -20"><span class='ocrx_word' id='word_1_263' title='bbox 511 3524 752 3588; x_wconf 72' lang='lat' dir='ltr'><strong>videtur,</strong></span> <span class='ocrx_word' id='word_1_264' title='bbox 777 3527 935 3579; x_wconf 83' lang='lat' dir='ltr'><strong>nobis</strong></span> <span class='ocrx_word' id='word_1_265' title='bbox 967 3525 1044 3578; x_wconf 86' lang='lat' dir='ltr'><strong>ait</strong></span> <span class='ocrx_word' id='word_1_266' title='bbox 1079 3542 1136 3578; x_wconf 75' lang='grc' dir='ltr'><strong>ει</strong></span> <span class='ocrx_word' id='word_1_267' title='bbox 1162 3523 1277 3595; x_wconf 86' lang='lat' dir='ltr'><strong>Ego</strong></span> <span class='ocrx_word' id='word_1_268' title='bbox 1310 3525 1401 3579; x_wconf 82' lang='lat' dir='ltr'><strong>lux</strong></span> <span class='ocrx_word' id='word_1_269' title='bbox 1430 3524 1485 3578; x_wconf 90' lang='lat' dir='ltr'><strong>in</strong></span> <span class='ocrx_word' id='word_1_270' title='bbox 1522 3527 1785 3580; x_wconf 89' lang='lat' dir='ltr'><strong>mundum</strong></span> <span class='ocrx_word' id='word_1_271' title='bbox 1816 3524 1944 3580; x_wconf 82' lang='lat' dir='ltr'><strong>veni</strong></span> <span class='ocrx_word' id='word_1_272' title='bbox 1967 3524 2032 3580; x_wconf 80' lang='lat'><strong>&quot;.</strong></span> <span class='ocrx_word' id='word_1_273' title='bbox 2069 3541 2089 3575; x_wconf 72' lang='grc' dir='ltr'><strong>ι</strong></span> 
     </span>
    </p>
   </div>
   <div class='ocr_carea' id='block_1_38' title="bbox 512 3612 2094 3680">
    <p class='ocr_par' dir='ltr' id='par_1_38' title="bbox 512 3612 2094 3680">
     <span class='ocr_line' id='line_1_38' title="bbox 512 3612 2094 3680; baseline 0.001 -13"><span class='ocrx_word' id='word_1_274' title='bbox 512 3612 687 3669; x_wconf 83' lang='lat' dir='ltr'><strong>Habet</strong></span> <span class='ocrx_word' id='word_1_275' title='bbox 718 3616 865 3670; x_wconf 87' lang='lat' dir='ltr'><strong>enint</strong></span> <span class='ocrx_word' id='word_1_276' title='bbox 899 3615 1061 3668; x_wconf 90' lang='lat' dir='ltr'><strong>etiam</strong></span> <span class='ocrx_word' id='word_1_277' title='bbox 1093 3629 1122 3667; x_wconf 92' lang='lat' dir='ltr'><strong>a</strong></span> <span class='ocrx_word' id='word_1_278' title='bbox 1154 3630 1215 3669; x_wconf 86' lang='lat' dir='ltr'><strong>se</strong></span> <span class='ocrx_word' id='word_1_279' title='bbox 1242 3625 1497 3670; x_wconf 86' lang='lat' dir='ltr'><strong>creatura</strong></span> <span class='ocrx_word' id='word_1_280' title='bbox 1552 3614 1700 3680; x_wconf 87' lang='lat' dir='ltr'><strong>quod</strong></span> <span class='ocrx_word' id='word_1_281' title='bbox 1731 3615 1822 3669; x_wconf 74' lang='lat' dir='ltr'><strong>lux</strong></span> <span class='ocrx_word' id='word_1_282' title='bbox 1845 3615 1918 3669; x_wconf 86' lang='lat' dir='ltr'><strong>sit</strong></span> <span class='ocrx_word' id='word_1_283' title='bbox 1952 3629 1966 3666; x_wconf 87' lang='lat'><strong>:</strong></span> <span class='ocrx_word' id='word_1_284' title='bbox 1998 3613 2094 3668; x_wconf 80' lang='lat' dir='ltr'><strong>lux</strong></span> 
     </span>
    </p>
   </div>
   <div class='ocr_carea' id='block_1_39' title="bbox 514 3704 2097 3774">
    <p class='ocr_par' dir='ltr' id='par_1_39' title="bbox 514 3704 2097 3774">
     <span class='ocr_line' id='line_1_39' title="bbox 514 3704 2097 3774; baseline 0.001 -16"><span class='ocrx_word' id='word_1_285' title='bbox 514 3713 697 3759; x_wconf 84' lang='lat' dir='ltr'><strong>autem</strong></span> <span class='ocrx_word' id='word_1_286' title='bbox 760 3704 897 3759; x_wconf 80' lang='lat' dir='ltr'><strong>lucis</strong></span> <span class='ocrx_word' id='word_1_287' title='bbox 954 3705 1233 3774; x_wconf 73' lang='lat' dir='ltr'><strong>particeps</strong></span> <span class='ocrx_word' id='word_1_288' title='bbox 1270 3720 1395 3761; x_wconf 90' lang='lat' dir='ltr'><strong>esse</strong></span> <span class='ocrx_word' id='word_1_289' title='bbox 1449 3719 1561 3758; x_wconf 91' lang='lat' dir='ltr'><strong>non</strong></span> <span class='ocrx_word' id='word_1_290' title='bbox 1617 3706 1804 3768; x_wconf 84' lang='lat' dir='ltr'><strong>debet,</strong></span> <span class='ocrx_word' id='word_1_291' title='bbox 1850 3712 1910 3759; x_wconf 84' lang='lat' dir='ltr'><strong>ut</strong></span> <span class='ocrx_word' id='word_1_292' title='bbox 1963 3718 2097 3759; x_wconf 88' lang='lat' dir='ltr'><strong>cen-</strong></span> 
     </span>
    </p>
   </div>
   <div class='ocr_carea' id='block_1_40' title="bbox 511 3792 2096 3866">
    <p class='ocr_par' dir='ltr' id='par_1_40' title="bbox 511 3792 2096 3866">
     <span class='ocr_line' id='line_1_40' title="bbox 511 3792 2096 3866; baseline -0.001 -15"><span class='ocrx_word' id='word_1_293' title='bbox 511 3802 701 3851; x_wconf 82' lang='lat' dir='ltr'><strong>seatur</strong></span> <span class='ocrx_word' id='word_1_294' title='bbox 754 3806 880 3849; x_wconf 75' lang='lat' dir='ltr'><strong>eSse</strong></span> <span class='ocrx_word' id='word_1_295' title='bbox 921 3794 1029 3847; x_wconf 81' lang='lat' dir='ltr'><strong>lux.</strong></span> <span class='ocrx_word' id='word_1_296' title='bbox 1070 3792 1179 3864; x_wconf 75' lang='lat'><strong>58</strong></span> <span class='ocrx_word' id='word_1_297' title='bbox 1211 3792 1305 3849; x_wconf 91' lang='lat' dir='ltr'><strong>Sin</strong></span> <span class='ocrx_word' id='word_1_298' title='bbox 1357 3803 1540 3850; x_wconf 89' lang='lat' dir='ltr'><strong>autem</strong></span> <span class='ocrx_word' id='word_1_299' title='bbox 1585 3793 1834 3866; x_wconf 85' lang='lat' dir='ltr'><strong>ejusdem</strong></span> <span class='ocrx_word' id='word_1_300' title='bbox 1886 3801 2096 3849; x_wconf 58' lang='lat' dir='ltr'><strong>natura!</strong></span> 
     </span>
    </p>
   </div>
   <div class='ocr_carea' id='block_1_41' title="bbox 513 3885 2094 3957">
    <p class='ocr_par' dir='ltr' id='par_1_41' title="bbox 513 3885 2094 3957">
     <span class='ocr_line' id='line_1_41' title="bbox 513 3885 2094 3957; baseline -0.001 -14"><span class='ocrx_word' id='word_1_301' title='bbox 513 3903 623 3943; x_wconf 89' lang='lat' dir='ltr'><strong>non</strong></span> <span class='ocrx_word' id='word_1_302' title='bbox 655 3895 762 3955; x_wconf 91' lang='lat' dir='ltr'><strong>est,</strong></span> <span class='ocrx_word' id='word_1_303' title='bbox 793 3886 888 3942; x_wconf 85' lang='lat' dir='ltr'><strong>sed</strong></span> <span class='ocrx_word' id='word_1_304' title='bbox 921 3894 1176 3941; x_wconf 83' lang='lat' dir='ltr'><strong>creatura</strong></span> <span class='ocrx_word' id='word_1_305' title='bbox 1209 3886 1353 3941; x_wconf 90' lang='lat' dir='ltr'><strong>lucis</strong></span> <span class='ocrx_word' id='word_1_306' title='bbox 1385 3886 1610 3957; x_wconf 84' lang='lat' dir='ltr'><strong>indiget,</strong></span> <span class='ocrx_word' id='word_1_307' title='bbox 1643 3901 1769 3940; x_wconf 90' lang='lat' dir='ltr'><strong>cum</strong></span> <span class='ocrx_word' id='word_1_308' title='bbox 1810 3885 2049 3940; x_wconf 86' lang='lat' dir='ltr'><strong>audierit</strong></span> <span class='ocrx_word' id='word_1_309' title='bbox 2078 3903 2094 3942; x_wconf 88' lang='lat'><strong>:</strong></span> 
     </span>
    </p>
   </div>
   <div class='ocr_carea' id='block_1_42' title="bbox 517 3977 2095 4049">
    <p class='ocr_par' dir='ltr' id='par_1_42' title="bbox 517 3977 2095 4049">
     <span class='ocr_line' id='line_1_42' title="bbox 517 3977 2095 4049; baseline 0 -16"><span class='ocrx_word' id='word_1_310' title='bbox 517 3999 537 4033; x_wconf 76' lang='grc' dir='ltr'><strong>ι</strong></span> <span class='ocrx_word' id='word_1_311' title='bbox 575 3978 719 4047; x_wconf 89' lang='lat' dir='ltr'><strong>Quid</strong></span> <span class='ocrx_word' id='word_1_312' title='bbox 757 3981 902 4035; x_wconf 90' lang='lat' dir='ltr'><strong>enim</strong></span> <span class='ocrx_word' id='word_1_313' title='bbox 950 3979 1120 4035; x_wconf 88' lang='lat' dir='ltr'><strong>habes</strong></span> <span class='ocrx_word' id='word_1_314' title='bbox 1175 3978 1320 4048; x_wconf 89' lang='lat' dir='ltr'><strong>quod</strong></span> <span class='ocrx_word' id='word_1_315' title='bbox 1366 3995 1478 4034; x_wconf 90' lang='lat' dir='ltr'><strong>non</strong></span> <span class='ocrx_word' id='word_1_316' title='bbox 1511 3978 1775 4049; x_wconf 88' lang='lat' dir='ltr'><strong>accepisti</strong></span> <span class='ocrx_word' id='word_1_317' title='bbox 1803 3977 1887 4031; x_wconf 75' lang='lat'><strong>“‘3</strong></span> <span class='ocrx_word' id='word_1_318' title='bbox 1924 3998 1943 4030; x_wconf 73' lang='grc' dir='ltr'><strong>ι</strong></span> <span class='ocrx_word' id='word_1_319' title='bbox 1995 3994 2095 4033; x_wconf 91' lang='lat' dir='ltr'><strong>ne-</strong></span> 
     </span>
    </p>
   </div>
   <div class='ocr_carea' id='block_1_43' title="bbox 512 4069 2095 4143">
    <p class='ocr_par' dir='ltr' id='par_1_43' title="bbox 512 4069 2095 4143">
     <span class='ocr_line' id='line_1_43' title="bbox 512 4069 2095 4143; baseline 0 -16"><span class='ocrx_word' id='word_1_320' title='bbox 512 4072 762 4129; x_wconf 88' lang='lat' dir='ltr'><strong>cessario</strong></span> <span class='ocrx_word' id='word_1_321' title='bbox 826 4072 994 4143; x_wconf 84' lang='lat' dir='ltr'><strong>igitur</strong></span> <span class='ocrx_word' id='word_1_322' title='bbox 1043 4081 1262 4126; x_wconf 87' lang='lat' dir='ltr'><strong>creatus</strong></span> <span class='ocrx_word' id='word_1_323' title='bbox 1314 4086 1441 4127; x_wconf 83' lang='lat' dir='ltr'><strong>esse</strong></span> <span class='ocrx_word' id='word_1_324' title='bbox 1492 4085 1602 4126; x_wconf 91' lang='lat' dir='ltr'><strong>non</strong></span> <span class='ocrx_word' id='word_1_325' title='bbox 1659 4070 1860 4142; x_wconf 88' lang='lat' dir='ltr'><strong>poterit</strong></span> <span class='ocrx_word' id='word_1_326' title='bbox 1897 4069 2095 4138; x_wconf 86' lang='lat' dir='ltr'><strong>Filius,</strong></span> 
     </span>
    </p>
   </div>
   <div class='ocr_carea' id='block_1_44' title="bbox 513 4163 2099 4234">
    <p class='ocr_par' dir='ltr' id='par_1_44' title="bbox 513 4163 2099 4234">
     <span class='ocr_line' id='line_1_44' title="bbox 513 4163 2099 4234; baseline -0.003 -13"><span class='ocrx_word' id='word_1_327' title='bbox 513 4166 620 4221; x_wconf 88' lang='lat' dir='ltr'><strong>sibi</strong></span> <span class='ocrx_word' id='word_1_328' title='bbox 672 4163 836 4219; x_wconf 86' lang='lat' dir='ltr'><strong>simul</strong></span> <span class='ocrx_word' id='word_1_329' title='bbox 871 4163 1148 4233; x_wconf 88' lang='lat' dir='ltr'><strong>arripiens</strong></span> <span class='ocrx_word' id='word_1_330' title='bbox 1180 4163 1326 4234; x_wconf 90' lang='lat' dir='ltr'><strong>quod</strong></span> <span class='ocrx_word' id='word_1_331' title='bbox 1362 4163 1647 4234; x_wconf 89' lang='lat' dir='ltr'><strong>proprium</strong></span> <span class='ocrx_word' id='word_1_332' title='bbox 1694 4171 1781 4219; x_wconf 90' lang='lat' dir='ltr'><strong>est</strong></span> <span class='ocrx_word' id='word_1_333' title='bbox 1827 4173 2099 4218; x_wconf 65' lang='lat' dir='ltr'><strong>creatura:</strong></span> 
     </span>
    </p>
   </div>
   <div class='ocr_carea' id='block_1_45' title="bbox 513 4250 2095 4318">
    <p class='ocr_par' dir='ltr' id='par_1_45' title="bbox 513 4250 2095 4318">
     <span class='ocr_line' id='line_1_45' title="bbox 513 4250 2095 4318; baseline -0.003 -6"><span class='ocrx_word' id='word_1_334' title='bbox 513 4257 741 4312; x_wconf 89' lang='lat' dir='ltr'><strong>bonum.</strong></span> <span class='ocrx_word' id='word_1_335' title='bbox 773 4255 894 4308; x_wconf 85' lang='lat' dir='ltr'><strong>Non</strong></span> <span class='ocrx_word' id='word_1_336' title='bbox 948 4254 1095 4309; x_wconf 88' lang='lat' dir='ltr'><strong>enim</strong></span> <span class='ocrx_word' id='word_1_337' title='bbox 1138 4265 1392 4309; x_wconf 79' lang='lat' dir='ltr'><strong>creatura</strong></span> <span class='ocrx_word' id='word_1_338' title='bbox 1440 4250 1531 4307; x_wconf 84' lang='lat' dir='ltr'><strong>lux</strong></span> <span class='ocrx_word' id='word_1_339' title='bbox 1584 4253 1690 4308; x_wconf 90' lang='lat' dir='ltr'><strong>erit</strong></span> <span class='ocrx_word' id='word_1_340' title='bbox 1741 4263 1939 4310; x_wconf 88' lang='lat' dir='ltr'><strong>natura</strong></span> <span class='ocrx_word' id='word_1_341' title='bbox 1973 4268 2095 4318; x_wconf 89' lang='lat' dir='ltr'><strong>sua,</strong></span> 
     </span>
    </p>
   </div>
   <div class='ocr_carea' id='block_1_46' title="bbox 513 4344 1632 4418">
    <p class='ocr_par' dir='ltr' id='par_1_46' title="bbox 513 4344 1632 4418">
     <span class='ocr_line' id='line_1_46' title="bbox 513 4344 1632 4418; baseline -0.004 -16"><span class='ocrx_word' id='word_1_342' title='bbox 513 4345 611 4402; x_wconf 84' lang='lat' dir='ltr'><strong>sed</strong></span> <span class='ocrx_word' id='word_1_343' title='bbox 635 4346 777 4400; x_wconf 84' lang='lat' dir='ltr'><strong>lucis</strong></span> <span class='ocrx_word' id='word_1_344' title='bbox 812 4347 992 4416; x_wconf 87' lang='lat' dir='ltr'><strong>potius</strong></span> <span class='ocrx_word' id='word_1_345' title='bbox 1028 4346 1214 4418; x_wconf 85' lang='lat' dir='ltr'><strong>indiga</strong></span> <span class='ocrx_word' id='word_1_346' title='bbox 1250 4354 1305 4401; x_wconf 88' lang='lat' dir='ltr'><strong>et</strong></span> <span class='ocrx_word' id='word_1_347' title='bbox 1332 4344 1632 4416; x_wconf 86' lang='lat' dir='ltr'><strong>particeps.</strong></span> 
     </span>
    </p>
   </div>
   <div class='ocr_carea' id='block_1_47' title="bbox 2167 482 3756 557">
    <p class='ocr_par' dir='ltr' id='par_1_47' title="bbox 2167 482 3756 557">
     <span class='ocr_line' id='line_1_47' title="bbox 2167 482 3756 557; baseline 0.001 -18"><span class='ocrx_word' id='word_1_348' title='bbox 2167 484 2299 539; x_wconf 86' lang='grc' dir='ltr'>αὑτὸ</span> <span class='ocrx_word' id='word_1_349' title='bbox 2332 484 2536 557; x_wconf 81' lang='grc' dir='ltr'>κυρίως</span> <span class='ocrx_word' id='word_1_350' title='bbox 2570 483 2689 537; x_wconf 72' lang='grc' dir='ltr'>ἐστὶ</span> <span class='ocrx_word' id='word_1_351' title='bbox 2710 483 2844 553; x_wconf 80' lang='grc' dir='ltr'>φῶς·</span> <span class='ocrx_word' id='word_1_352' title='bbox 2883 482 3071 554; x_wconf 69' lang='grc' dir='ltr'>ἕτερον</span> <span class='ocrx_word' id='word_1_353' title='bbox 3102 482 3213 554; x_wconf 79' lang='grc' dir='ltr'>γάρ</span> <span class='ocrx_word' id='word_1_354' title='bbox 3233 502 3286 536; x_wconf 90' lang='grc' dir='ltr'><strong>τι</strong></span> <span class='ocrx_word' id='word_1_355' title='bbox 3303 484 3552 555; x_wconf 77' lang='grc' dir='ltr'>ὑπάρχον</span> <span class='ocrx_word' id='word_1_356' title='bbox 3571 487 3632 539; x_wconf 76' lang='grc' dir='ltr'>έν</span> <span class='ocrx_word' id='word_1_357' title='bbox 3651 488 3756 541; x_wconf 82' lang='grc' dir='ltr'>αὑ-</span> 
     </span>
    </p>
   </div>
   <div class='ocr_carea' id='block_1_48' title="bbox 2167 572 3753 647">
    <p class='ocr_par' dir='ltr' id='par_1_48' title="bbox 2167 572 3753 647">
     <span class='ocr_line' id='line_1_48' title="bbox 2167 572 3753 647; baseline 0.001 -18"><span class='ocrx_word' id='word_1_358' title='bbox 2167 577 2244 647; x_wconf 79' lang='grc' dir='ltr'>τῷ</span> <span class='ocrx_word' id='word_1_359' title='bbox 2277 576 2545 645; x_wconf 84' lang='grc' dir='ltr'>φαίνεται·</span> <span class='ocrx_word' id='word_1_360' title='bbox 2573 576 2622 628; x_wconf 85' lang='grc' dir='ltr'><strong>εί</strong></span> <span class='ocrx_word' id='word_1_361' title='bbox 2639 575 2818 629; x_wconf 79' lang='grc' dir='ltr'><strong>τοίνυν</strong></span> <span class='ocrx_word' id='word_1_362' title='bbox 2843 572 3107 645; x_wconf 80' lang='grc' dir='ltr'>μεθεκτὸς</span> <span class='ocrx_word' id='word_1_363' title='bbox 3133 577 3164 628; x_wconf 80' lang='grc' dir='ltr'><strong>ὁ</strong></span> <span class='ocrx_word' id='word_1_364' title='bbox 3186 575 3317 639; x_wconf 86' lang='grc' dir='ltr'>Υίὸς</span> <span class='ocrx_word' id='word_1_365' title='bbox 3341 578 3455 639; x_wconf 81' lang='grc' dir='ltr'>τοῖς</span> <span class='ocrx_word' id='word_1_366' title='bbox 3477 580 3753 646; x_wconf 71' lang='grc' dir='ltr'>γενητοῖς.</span> 
     </span>
    </p>
   </div>
   <div class='ocr_carea' id='block_1_49' title="bbox 2166 665 3757 739">
    <p class='ocr_par' dir='ltr' id='par_1_49' title="bbox 2166 665 3757 739">
     <span class='ocr_line' id='line_1_49' title="bbox 2166 665 3757 739; baseline 0.001 -18"><span class='ocrx_word' id='word_1_367' title='bbox 2166 670 2245 733; x_wconf 85' lang='grc' dir='ltr'>ὡς</span> <span class='ocrx_word' id='word_1_368' title='bbox 2277 668 2414 737; x_wconf 77' lang='grc' dir='ltr'>φῶς,</span> <span class='ocrx_word' id='word_1_369' title='bbox 2440 667 2627 738; x_wconf 68' lang='grc' dir='ltr'>ἔτερος</span> <span class='ocrx_word' id='word_1_370' title='bbox 2645 666 2712 720; x_wconf 83' lang='grc' dir='ltr'>ἂν</span> <span class='ocrx_word' id='word_1_371' title='bbox 2735 665 2820 738; x_wconf 81' lang='grc' dir='ltr'>εἴη</span> <span class='ocrx_word' id='word_1_372' title='bbox 2851 666 3004 737; x_wconf 79' lang='grc' dir='ltr'>παρὰ</span> <span class='ocrx_word' id='word_1_373' title='bbox 3031 667 3101 719; x_wconf 85' lang='grc' dir='ltr'><strong>τὰ</strong></span> <span class='ocrx_word' id='word_1_374' title='bbox 3124 668 3425 739; x_wconf 82' lang='grc' dir='ltr'><strong>μετέχοντα</strong></span> <span class='ocrx_word' id='word_1_375' title='bbox 3446 666 3611 721; x_wconf 78' lang='grc' dir='ltr'>αὑτοῦ</span> <span class='ocrx_word' id='word_1_376' title='bbox 3658 670 3757 722; x_wconf 69' lang='grc' dir='ltr'>καὶ</span> 
     </span>
    </p>
   </div>
   <div class='ocr_carea' id='block_1_50' title="bbox 2169 757 3758 831">
    <p class='ocr_par' dir='ltr' id='par_1_50' title="bbox 2169 757 3758 831">
     <span class='ocr_line' id='line_1_50' title="bbox 2169 757 3758 831; baseline -0.001 -17"><span class='ocrx_word' id='word_1_377' title='bbox 2169 760 2348 829; x_wconf 86' lang='grc' dir='ltr'>φωτὸς</span> <span class='ocrx_word' id='word_1_378' title='bbox 2375 759 2626 831; x_wconf 83' lang='grc' dir='ltr'>δεόμενα·</span> <span class='ocrx_word' id='word_1_379' title='bbox 2660 757 2856 812; x_wconf 81' lang='grc' dir='ltr'>οὐκοῦν</span> <span class='ocrx_word' id='word_1_380' title='bbox 2902 759 2963 811; x_wconf 86' lang='grc' dir='ltr'><strong>οὑ</strong></span> <span class='ocrx_word' id='word_1_381' title='bbox 3016 758 3268 829; x_wconf 78' lang='grc' dir='ltr'><strong>γενητὸς,</strong></span> <span class='ocrx_word' id='word_1_382' title='bbox 3309 759 3420 811; x_wconf 80' lang='grc' dir='ltr'>οὐδ’</span> <span class='ocrx_word' id='word_1_383' title='bbox 3448 758 3643 831; x_wconf 82' lang='grc' dir='ltr'>ὥσπερ</span> <span class='ocrx_word' id='word_1_384' title='bbox 3682 761 3758 813; x_wconf 67' lang='grc' dir='ltr'><strong>τὰ</strong></span> 
     </span>
    </p>
   </div>
   <div class='ocr_carea' id='block_1_51' title="bbox 2169 849 3756 923">
    <p class='ocr_par' dir='ltr' id='par_1_51' title="bbox 2169 849 3756 923">
     <span class='ocr_line' id='line_1_51' title="bbox 2169 849 3756 923; baseline 0.001 -18"><span class='ocrx_word' id='word_1_385' title='bbox 2169 852 2373 923; x_wconf 85' lang='grc' dir='ltr'>γενητὰ</span> <span class='ocrx_word' id='word_1_386' title='bbox 2408 849 2739 921; x_wconf 75' lang='grc' dir='ltr'><strong>φωτίζεσθαι</strong></span> <span class='ocrx_word' id='word_1_387' title='bbox 2768 852 2898 922; x_wconf 80' lang='grc' dir='ltr'>παρ’</span> <span class='ocrx_word' id='word_1_388' title='bbox 2922 849 3113 921; x_wconf 75' lang='grc' dir='ltr'>ἑτέρου</span> <span class='ocrx_word' id='word_1_389' title='bbox 3142 850 3345 921; x_wconf 78' lang='grc' dir='ltr'>ζητῶνο</span> <span class='ocrx_word' id='word_1_390' title='bbox 3390 850 3524 914; x_wconf 85' lang='grc' dir='ltr'>Θεὸς</span> <span class='ocrx_word' id='word_1_391' title='bbox 3554 850 3610 904; x_wconf 77' lang='grc' dir='ltr'><strong>δὲ</strong></span> <span class='ocrx_word' id='word_1_392' title='bbox 3646 852 3756 923; x_wconf 78' lang='grc' dir='ltr'>ἄρα</span> 
     </span>
    </p>
   </div>
   <div class='ocr_carea' id='block_1_52' title="bbox 2170 940 3757 1013">
    <p class='ocr_par' dir='ltr' id='par_1_52' title="bbox 2170 940 3757 1013">
     <span class='ocr_line' id='line_1_52' title="bbox 2170 940 3757 1013; baseline -0.001 -15"><span class='ocrx_word' id='word_1_393' title='bbox 2170 945 2376 1008; x_wconf 87' lang='grc' dir='ltr'>λοιπὸν,</span> <span class='ocrx_word' id='word_1_394' title='bbox 2402 945 2496 997; x_wconf 73' lang='grc' dir='ltr'><strong>καὶ</strong></span> <span class='ocrx_word' id='word_1_395' title='bbox 2525 940 2782 1012; x_wconf 76' lang='grc' dir='ltr'><strong>φωτίζειν</strong></span> <span class='ocrx_word' id='word_1_396' title='bbox 2818 942 3136 1011; x_wconf 78' lang='grc' dir='ltr'>δυνάμενος.</span> <span class='ocrx_word' id='word_1_397' title='bbox 3162 942 3223 996; x_wconf 82' lang='grc' dir='ltr'><strong>Εἰ</strong></span> <span class='ocrx_word' id='word_1_398' title='bbox 3246 942 3307 997; x_wconf 70' lang='grc' dir='ltr'><strong>δὲ</strong></span> <span class='ocrx_word' id='word_1_399' title='bbox 3335 940 3514 1005; x_wconf 84' lang='grc' dir='ltr'>τοῦτο,</span> <span class='ocrx_word' id='word_1_400' title='bbox 3544 944 3637 997; x_wconf 76' lang='grc' dir='ltr'>καὶ</span> <span class='ocrx_word' id='word_1_401' title='bbox 3654 944 3757 1013; x_wconf 85' lang='grc' dir='ltr'>τῆς</span> 
     </span>
    </p>
   </div>
   <div class='ocr_carea' id='block_1_53' title="bbox 2173 1032 3759 1108">
    <p class='ocr_par' dir='ltr' id='par_1_53' title="bbox 2173 1032 3759 1108">
     <span class='ocr_line' id='line_1_53' title="bbox 2173 1032 3759 1108; baseline -0.003 -17"><span class='ocrx_word' id='word_1_402' title='bbox 2173 1037 2266 1092; x_wconf 84' lang='grc' dir='ltr'>τοῦ</span> <span class='ocrx_word' id='word_1_403' title='bbox 2324 1035 2537 1108; x_wconf 86' lang='grc' dir='ltr'>Πατρὸς</span> <span class='ocrx_word' id='word_1_404' title='bbox 2581 1034 2770 1103; x_wconf 80' lang='grc' dir='ltr'><strong>οὐσίας</strong></span> <span class='ocrx_word' id='word_1_405' title='bbox 2826 1032 3152 1101; x_wconf 82' lang='grc' dir='ltr'>ὲκπεφυκὼς</span> <span class='ocrx_word' id='word_1_406' title='bbox 3209 1032 3553 1105; x_wconf 79' lang='grc' dir='ltr'>νοηθήσεται,</span> <span class='ocrx_word' id='word_1_407' title='bbox 3600 1035 3759 1105; x_wconf 74' lang='grc' dir='ltr'>εἴπερ</span> 
     </span>
    </p>
   </div>
   <div class='ocr_carea' id='block_1_54' title="bbox 2172 1125 3759 1201">
    <p class='ocr_par' dir='ltr' id='par_1_54' title="bbox 2172 1125 3759 1201">
     <span class='ocr_line' id='line_1_54' title="bbox 2172 1125 3759 1201; baseline -0.001 -19"><span class='ocrx_word' id='word_1_408' title='bbox 2172 1128 2271 1182; x_wconf 69' lang='grc' dir='ltr'>ἕνα</span> <span class='ocrx_word' id='word_1_409' title='bbox 2304 1126 2723 1200; x_wconf 72' lang='grc' dir='ltr'><strong>προσκυνοῦμεν</strong></span> <span class='ocrx_word' id='word_1_410' title='bbox 2782 1125 2937 1193; x_wconf 85' lang='grc' dir='ltr'><strong>Θεὸν,</strong></span> <span class='ocrx_word' id='word_1_411' title='bbox 2971 1127 3065 1181; x_wconf 80' lang='grc' dir='ltr'>καὶ</span> <span class='ocrx_word' id='word_1_412' title='bbox 3117 1126 3217 1197; x_wconf 80' lang='grc' dir='ltr'><strong>οὑχ</strong></span> <span class='ocrx_word' id='word_1_413' title='bbox 3244 1126 3418 1198; x_wconf 71' lang='grc' dir='ltr'>ἑτέρῳ</span> <span class='ocrx_word' id='word_1_414' title='bbox 3467 1128 3576 1187; x_wconf 79' lang='grc' dir='ltr'>τινὶ</span> <span class='ocrx_word' id='word_1_415' title='bbox 3606 1128 3759 1201; x_wconf 75' lang='grc' dir='ltr'>παρὰ</span> 
     </span>
    </p>
   </div>
   <div class='ocr_carea' id='block_1_55' title="bbox 2175 1220 2806 1292">
    <p class='ocr_par' dir='ltr' id='par_1_55' title="bbox 2175 1220 2806 1292">
     <span class='ocr_line' id='line_1_55' title="bbox 2175 1220 2806 1292; baseline -0.005 -16"><span class='ocrx_word' id='word_1_416' title='bbox 2175 1222 2265 1276; x_wconf 88' lang='grc' dir='ltr'><strong>τὸν</strong></span> <span class='ocrx_word' id='word_1_417' title='bbox 2297 1221 2425 1275; x_wconf 70' lang='grc' dir='ltr'>εντα</span> <span class='ocrx_word' id='word_1_418' title='bbox 2447 1220 2806 1292; x_wconf 81' lang='grc' dir='ltr'>λατρεὺομεν.</span> 
     </span>
    </p>
   </div>
   <div class='ocr_carea' id='block_1_56' title="bbox 2246 1311 3758 1383">
    <p class='ocr_par' dir='ltr' id='par_1_56' title="bbox 2246 1311 3758 1383">
     <span class='ocr_line' id='line_1_56' title="bbox 2246 1311 3758 1383; baseline 0.001 -18"><span class='ocrx_word' id='word_1_419' title='bbox 2246 1313 2449 1366; x_wconf 80' lang='grc' dir='ltr'><strong>ΑΛΛΟ.</strong></span> <span class='ocrx_word' id='word_1_420' title='bbox 2483 1312 2593 1382; x_wconf 78' lang='grc' dir='ltr'><strong>Τὴν</strong></span> <span class='ocrx_word' id='word_1_421' title='bbox 2624 1311 2731 1365; x_wconf 85' lang='grc' dir='ltr'>τῶν</span> <span class='ocrx_word' id='word_1_422' title='bbox 2744 1312 2913 1366; x_wconf 73' lang='grc' dir='ltr'>ὄντων</span> <span class='ocrx_word' id='word_1_423' title='bbox 2948 1311 3191 1382; x_wconf 74' lang='grc' dir='ltr'>ἀκριϐῶς</span> <span class='ocrx_word' id='word_1_424' title='bbox 3212 1312 3559 1380; x_wconf 73' lang='grc' dir='ltr'><strong>ἐξετάζοντες</strong></span> <span class='ocrx_word' id='word_1_425' title='bbox 3574 1313 3758 1383; x_wconf 84' lang='grc' dir='ltr'>φύσιν,</span> 
     </span>
    </p>
   </div>
   <div class='ocr_carea' id='block_1_57' title="bbox 2175 1401 3762 1476">
    <p class='ocr_par' dir='ltr' id='par_1_57' title="bbox 2175 1401 3762 1476">
     <span class='ocr_line' id='line_1_57' title="bbox 2175 1401 3762 1476; baseline 0.004 -21"><span class='ocrx_word' id='word_1_426' title='bbox 2175 1401 2309 1457; x_wconf 84' lang='grc' dir='ltr'>Θεὸν</span> <span class='ocrx_word' id='word_1_427' title='bbox 2356 1402 2573 1474; x_wconf 84' lang='grc' dir='ltr'>ὁρῶμεν</span> <span class='ocrx_word' id='word_1_428' title='bbox 2629 1404 2723 1457; x_wconf 81' lang='grc' dir='ltr'>καὶ</span> <span class='ocrx_word' id='word_1_429' title='bbox 2768 1402 2984 1467; x_wconf 86' lang='grc' dir='ltr'>κτίσιν,</span> <span class='ocrx_word' id='word_1_430' title='bbox 3032 1403 3129 1457; x_wconf 75' lang='grc' dir='ltr'>καὶ</span> <span class='ocrx_word' id='word_1_431' title='bbox 3182 1403 3371 1476; x_wconf 79' lang='grc' dir='ltr'>ἕτερον</span> <span class='ocrx_word' id='word_1_432' title='bbox 3410 1406 3505 1457; x_wconf 76' lang='grc' dir='ltr'>ἐπὶ</span> <span class='ocrx_word' id='word_1_433' title='bbox 3550 1406 3762 1471; x_wconf 80' lang='grc' dir='ltr'><strong>τούτοις</strong></span> 
     </span>
    </p>
   </div>
   <div class='ocr_carea' id='block_1_58' title="bbox 2177 1491 3757 1568">
    <p class='ocr_par' dir='ltr' id='par_1_58' title="bbox 2177 1491 3757 1568">
     <span class='ocr_line' id='line_1_58' title="bbox 2177 1491 3757 1568; baseline 0.003 -21"><span class='ocrx_word' id='word_1_434' title='bbox 2177 1495 2353 1547; x_wconf 79' lang='grc' dir='ltr'><strong>οὐδέν·</strong></span> <span class='ocrx_word' id='word_1_435' title='bbox 2387 1495 2418 1549; x_wconf 83' lang='grc' dir='ltr'><strong><em>ὃ</em></strong></span> <span class='ocrx_word' id='word_1_436' title='bbox 2454 1495 2564 1566; x_wconf 84' lang='grc' dir='ltr'>γὰρ</span> <span class='ocrx_word' id='word_1_437' title='bbox 2599 1495 2666 1549; x_wconf 85' lang='grc' dir='ltr'>ἂν</span> <span class='ocrx_word' id='word_1_438' title='bbox 2705 1496 2914 1568; x_wconf 75' lang='grc' dir='ltr'><strong>ἐκπέσῃ</strong></span> <span class='ocrx_word' id='word_1_439' title='bbox 2945 1496 3039 1549; x_wconf 79' lang='grc' dir='ltr'><strong>τοῦ</strong></span> <span class='ocrx_word' id='word_1_440' title='bbox 3065 1491 3204 1549; x_wconf 72' lang='grc' dir='ltr'>εἶναι</span> <span class='ocrx_word' id='word_1_441' title='bbox 3233 1496 3367 1561; x_wconf 86' lang='grc' dir='ltr'>Θεὸς</span> <span class='ocrx_word' id='word_1_442' title='bbox 3399 1499 3543 1552; x_wconf 81' lang='grc' dir='ltr'>κατὰ</span> <span class='ocrx_word' id='word_1_443' title='bbox 3576 1498 3757 1567; x_wconf 82' lang='grc' dir='ltr'>φύσιν,</span> 
     </span>
    </p>
   </div>
   <div class='ocr_carea' id='block_1_59' title="bbox 2177 1584 3761 1659">
    <p class='ocr_par' dir='ltr' id='par_1_59' title="bbox 2177 1584 3761 1659">
     <span class='ocr_line' id='line_1_59' title="bbox 2177 1584 3761 1659; baseline 0.003 -20"><span class='ocrx_word' id='word_1_444' title='bbox 2177 1584 2339 1639; x_wconf 78' lang='grc' dir='ltr'>τοῦτο</span> <span class='ocrx_word' id='word_1_445' title='bbox 2363 1586 2581 1650; x_wconf 87' lang='grc' dir='ltr'>πάντως</span> <span class='ocrx_word' id='word_1_446' title='bbox 2608 1588 2725 1639; x_wconf 68' lang='grc' dir='ltr'>ἐστὶ</span> <span class='ocrx_word' id='word_1_447' title='bbox 2749 1588 2994 1658; x_wconf 71' lang='grc' dir='ltr'>γενητόνο</span> <span class='ocrx_word' id='word_1_448' title='bbox 3040 1587 3134 1641; x_wconf 74' lang='grc' dir='ltr'>καὶ</span> <span class='ocrx_word' id='word_1_449' title='bbox 3163 1587 3301 1659; x_wconf 78' lang='grc' dir='ltr'>ὅπερ</span> <span class='ocrx_word' id='word_1_450' title='bbox 3331 1587 3398 1642; x_wconf 78' lang='grc' dir='ltr'>ἂν</span> <span class='ocrx_word' id='word_1_451' title='bbox 3418 1589 3510 1641; x_wconf 88' lang='grc' dir='ltr'><strong>τὸν</strong></span> <span class='ocrx_word' id='word_1_452' title='bbox 3536 1588 3631 1642; x_wconf 85' lang='grc' dir='ltr'>τοῦ</span> <span class='ocrx_word' id='word_1_453' title='bbox 3661 1607 3761 1643; x_wconf 86' lang='grc' dir='ltr'><strong>πε-</strong></span> 
     </span>
    </p>
   </div>
   <div class='ocr_carea' id='block_1_60' title="bbox 2183 1680 3763 1753">
    <p class='ocr_par' dir='ltr' id='par_1_60' title="bbox 2183 1680 3763 1753">
     <span class='ocr_line' id='line_1_60' title="bbox 2183 1680 3763 1753; baseline 0.003 -20"><span class='ocrx_word' id='word_1_454' title='bbox 2183 1680 2442 1751; x_wconf 76' lang='grc' dir='ltr'>ποιῆσθαι</span> <span class='ocrx_word' id='word_1_455' title='bbox 2482 1680 2752 1753; x_wconf 80' lang='grc' dir='ltr'>διαφεὺγῃ</span> <span class='ocrx_word' id='word_1_456' title='bbox 2805 1681 2998 1749; x_wconf 81' lang='grc' dir='ltr'>λόγον.</span> <span class='ocrx_word' id='word_1_457' title='bbox 3034 1680 3194 1735; x_wconf 80' lang='grc' dir='ltr'>τοῦτο</span> <span class='ocrx_word' id='word_1_458' title='bbox 3224 1682 3320 1735; x_wconf 71' lang='grc' dir='ltr'>καὶ</span> <span class='ocrx_word' id='word_1_459' title='bbox 3373 1681 3507 1736; x_wconf 81' lang='grc' dir='ltr'>είσω</span> <span class='ocrx_word' id='word_1_460' title='bbox 3545 1682 3763 1748; x_wconf 76' lang='grc' dir='ltr'>πάντως</span> 
     </span>
    </p>
   </div>
   <div class='ocr_carea' id='block_1_61' title="bbox 2179 1757 3839 1845">
    <p class='ocr_par' dir='ltr' id='par_1_61' title="bbox 2179 1757 3839 1845">
     <span class='ocr_line' id='line_1_61' title="bbox 2179 1757 3839 1845; baseline 0.002 -19"><span class='ocrx_word' id='word_1_461' title='bbox 2179 1772 2300 1826; x_wconf 70' lang='grc' dir='ltr'><strong>ἐστὶ</strong></span> <span class='ocrx_word' id='word_1_462' title='bbox 2328 1757 2434 1826; x_wconf 68' lang='grc' dir='ltr'><strong>τῶν</strong></span> <span class='ocrx_word' id='word_1_463' title='bbox 2459 1772 2558 1842; x_wconf 82' lang='grc' dir='ltr'>τῆς</span> <span class='ocrx_word' id='word_1_464' title='bbox 2584 1772 2837 1843; x_wconf 80' lang='grc' dir='ltr'>θεότητος</span> <span class='ocrx_word' id='word_1_465' title='bbox 2854 1773 3017 1842; x_wconf 84' lang='grc' dir='ltr'>ὅρων.</span> <span class='ocrx_word' id='word_1_466' title='bbox 3051 1773 3179 1826; x_wconf 84' lang='grc' dir='ltr'>Ὅτε</span> <span class='ocrx_word' id='word_1_467' title='bbox 3207 1773 3385 1826; x_wconf 88' lang='grc' dir='ltr'>τοίνυν</span> <span class='ocrx_word' id='word_1_468' title='bbox 3424 1773 3622 1845; x_wconf 76' lang='grc' dir='ltr'>ἄριστά</span> <span class='ocrx_word' id='word_1_469' title='bbox 3647 1793 3763 1838; x_wconf 77' lang='grc' dir='ltr'><strong>πως</strong></span> <span class='ocrx_word' id='word_1_470' title='bbox 3832 1806 3839 1813; x_wconf 86' lang='lat'><strong>-</strong></span> 
     </span>
    </p>
   </div>
   <div class='ocr_carea' id='block_1_62' title="bbox 2177 1864 3764 1938">
    <p class='ocr_par' dir='ltr' id='par_1_62' title="bbox 2177 1864 3764 1938">
     <span class='ocr_line' id='line_1_62' title="bbox 2177 1864 3764 1938; baseline 0.002 -19"><span class='ocrx_word' id='word_1_471' title='bbox 2177 1864 2249 1920; x_wconf 76' lang='grc' dir='ltr'>τὰ</span> <span class='ocrx_word' id='word_1_472' title='bbox 2293 1864 2519 1918; x_wconf 79' lang='grc' dir='ltr'>τοιαῦτα</span> <span class='ocrx_word' id='word_1_473' title='bbox 2562 1864 2953 1936; x_wconf 77' lang='grc' dir='ltr'>διεσκέμμεθα,</span> <span class='ocrx_word' id='word_1_474' title='bbox 2990 1864 3259 1933; x_wconf 75' lang='grc' dir='ltr'>λεγόντων</span> <span class='ocrx_word' id='word_1_475' title='bbox 3308 1868 3438 1936; x_wconf 74' lang='grc' dir='ltr'>ἡμῖν</span> <span class='ocrx_word' id='word_1_476' title='bbox 3468 1868 3517 1920; x_wconf 92' lang='grc' dir='ltr'><strong>οί</strong></span> <span class='ocrx_word' id='word_1_477' title='bbox 3547 1871 3646 1938; x_wconf 79' lang='grc' dir='ltr'><strong>τῆς</strong></span> <span class='ocrx_word' id='word_1_478' title='bbox 3668 1868 3764 1922; x_wconf 75' lang='grc' dir='ltr'><strong>τοῦ</strong></span> 
     </span>
    </p>
   </div>
   <div class='ocr_carea' id='block_1_63' title="bbox 2180 1956 3766 2028">
    <p class='ocr_par' dir='ltr' id='par_1_63' title="bbox 2180 1956 3766 2028">
     <span class='ocr_line' id='line_1_63' title="bbox 2180 1956 3766 2028; baseline 0.001 -18"><span class='ocrx_word' id='word_1_479' title='bbox 2180 1958 2315 2011; x_wconf 83' lang='grc' dir='ltr'>Θεοῦ</span> <span class='ocrx_word' id='word_1_480' title='bbox 2345 1957 2442 2012; x_wconf 73' lang='grc' dir='ltr'>καὶ</span> <span class='ocrx_word' id='word_1_481' title='bbox 2474 1957 2690 2028; x_wconf 81' lang='grc' dir='ltr'>Πατρὸς</span> <span class='ocrx_word' id='word_1_482' title='bbox 2730 1957 2920 2021; x_wconf 82' lang='grc' dir='ltr'>οὐσίας</span> <span class='ocrx_word' id='word_1_483' title='bbox 2958 1956 3287 2023; x_wconf 76' lang='grc' dir='ltr'>ἐξωθοῦντες</span> <span class='ocrx_word' id='word_1_484' title='bbox 3317 1958 3410 2011; x_wconf 89' lang='grc' dir='ltr'><strong>τὸν</strong></span> <span class='ocrx_word' id='word_1_485' title='bbox 3440 1959 3572 2011; x_wconf 84' lang='grc' dir='ltr'>Υίόν</span> <span class='ocrx_word' id='word_1_486' title='bbox 3597 1977 3609 1992; x_wconf 90' lang='grc'><strong>·</strong></span> <span class='ocrx_word' id='word_1_487' title='bbox 3640 1960 3766 2023; x_wconf 82' lang='grc' dir='ltr'>Πῶς</span> 
     </span>
    </p>
   </div>
   <div class='ocr_carea' id='block_1_64' title="bbox 2183 2050 3766 2122">
    <p class='ocr_par' dir='ltr' id='par_1_64' title="bbox 2183 2050 3766 2122">
     <span class='ocr_line' id='line_1_64' title="bbox 2183 2050 3766 2122; baseline 0 -17"><span class='ocrx_word' id='word_1_488' title='bbox 2183 2052 2249 2106; x_wconf 82' lang='grc' dir='ltr'>ἂν</span> <span class='ocrx_word' id='word_1_489' title='bbox 2269 2050 2483 2105; x_wconf 80' lang='grc' dir='ltr'>δύναιτο</span> <span class='ocrx_word' id='word_1_490' title='bbox 2514 2051 2770 2120; x_wconf 77' lang='grc' dir='ltr'>φωτίζειν</span> <span class='ocrx_word' id='word_1_491' title='bbox 2795 2050 2873 2113; x_wconf 82' lang='grc' dir='ltr'>ὡς</span> <span class='ocrx_word' id='word_1_492' title='bbox 2901 2051 3036 2119; x_wconf 84' lang='grc' dir='ltr'>φῶς,</span> <span class='ocrx_word' id='word_1_493' title='bbox 3069 2050 3200 2104; x_wconf 83' lang='grc' dir='ltr'>ίδιον</span> <span class='ocrx_word' id='word_1_494' title='bbox 3234 2050 3468 2122; x_wconf 73' lang='grc' dir='ltr'>ἐχούσης</span> <span class='ocrx_word' id='word_1_495' title='bbox 3491 2052 3625 2104; x_wconf 84' lang='grc' dir='ltr'>αὑτὸ</span> <span class='ocrx_word' id='word_1_496' title='bbox 3666 2054 3766 2121; x_wconf 75' lang='grc' dir='ltr'>τῆς</span> 
     </span>
    </p>
   </div>
   <div class='ocr_carea' id='block_1_65' title="bbox 2183 2142 3768 2215">
    <p class='ocr_par' dir='ltr' id='par_1_65' title="bbox 2183 2142 3768 2215">
     <span class='ocr_line' id='line_1_65' title="bbox 2183 2142 3768 2215; baseline 0.001 -19"><span class='ocrx_word' id='word_1_497' title='bbox 2183 2142 2334 2208; x_wconf 81' lang='grc' dir='ltr'>θείας</span> <span class='ocrx_word' id='word_1_498' title='bbox 2358 2144 2593 2211; x_wconf 80' lang='grc' dir='ltr'>φύσεως,</span> <span class='ocrx_word' id='word_1_499' title='bbox 2628 2142 2801 2213; x_wconf 76' lang='grc' dir='ltr'>ἑτέρῳ</span> <span class='ocrx_word' id='word_1_500' title='bbox 2832 2142 2891 2196; x_wconf 75' lang='grc' dir='ltr'><strong>δὲ</strong></span> <span class='ocrx_word' id='word_1_501' title='bbox 2922 2142 3362 2215; x_wconf 82' lang='grc' dir='ltr'>παραχωρούσης</span> <span class='ocrx_word' id='word_1_502' title='bbox 3394 2143 3596 2211; x_wconf 84' lang='grc' dir='ltr'>οὑδενί;</span> <span class='ocrx_word' id='word_1_503' title='bbox 3625 2146 3674 2197; x_wconf 85' lang='grc' dir='ltr'><strong>εί</strong></span> <span class='ocrx_word' id='word_1_504' title='bbox 3706 2146 3768 2197; x_wconf 80' lang='grc' dir='ltr'><strong>δὲ</strong></span> 
     </span>
    </p>
   </div>
   <div class='ocr_carea' id='block_1_66' title="bbox 2183 2235 3768 2309">
    <p class='ocr_par' dir='ltr' id='par_1_66' title="bbox 2183 2235 3768 2309">
     <span class='ocr_line' id='line_1_66' title="bbox 2183 2235 3768 2309; baseline 0.003 -19"><span class='ocrx_word' id='word_1_505' title='bbox 2183 2237 2409 2307; x_wconf 79' lang='grc' dir='ltr'>γενητὸς</span> <span class='ocrx_word' id='word_1_506' title='bbox 2456 2236 2717 2309; x_wconf 78' lang='grc' dir='ltr'><strong>ὑπάρχων</strong></span> <span class='ocrx_word' id='word_1_507' title='bbox 2758 2239 2788 2291; x_wconf 81' lang='grc' dir='ltr'><strong>ὁ</strong></span> <span class='ocrx_word' id='word_1_508' title='bbox 2828 2235 2993 2303; x_wconf 82' lang='grc' dir='ltr'>Υἱὸς,</span> <span class='ocrx_word' id='word_1_509' title='bbox 3040 2237 3139 2291; x_wconf 72' lang='grc' dir='ltr'>καὶ</span> <span class='ocrx_word' id='word_1_510' title='bbox 3186 2237 3303 2307; x_wconf 82' lang='grc' dir='ltr'><strong>φῶς</strong></span> <span class='ocrx_word' id='word_1_511' title='bbox 3347 2235 3485 2294; x_wconf 77' lang='grc' dir='ltr'>εἶναι</span> <span class='ocrx_word' id='word_1_512' title='bbox 3522 2239 3768 2306; x_wconf 83' lang='grc' dir='ltr'>δύναται,</span> 
     </span>
    </p>
   </div>
   <div class='ocr_carea' id='block_1_67' title="bbox 2184 2328 3773 2404">
    <p class='ocr_par' dir='ltr' id='par_1_67' title="bbox 2184 2328 3773 2404">
     <span class='ocr_line' id='line_1_67' title="bbox 2184 2328 3773 2404; baseline 0.004 -22"><span class='ocrx_word' id='word_1_513' title='bbox 2184 2328 2382 2398; x_wconf 77' lang='grc' dir='ltr'>φθάσει</span> <span class='ocrx_word' id='word_1_514' title='bbox 2443 2329 2510 2401; x_wconf 77' lang='grc' dir='ltr'><strong>δὴ</strong></span> <span class='ocrx_word' id='word_1_515' title='bbox 2583 2329 2802 2394; x_wconf 76' lang='grc' dir='ltr'>πάντως</span> <span class='ocrx_word' id='word_1_516' title='bbox 2871 2331 2964 2384; x_wconf 68' lang='grc' dir='ltr'><strong>ἐπὶ</strong></span> <span class='ocrx_word' id='word_1_517' title='bbox 3026 2331 3207 2386; x_wconf 77' lang='grc' dir='ltr'>πάντα</span> <span class='ocrx_word' id='word_1_518' title='bbox 3276 2332 3346 2385; x_wconf 79' lang='grc' dir='ltr'>τὰ</span> <span class='ocrx_word' id='word_1_519' title='bbox 3412 2337 3618 2404; x_wconf 77' lang='grc' dir='ltr'>γενητὰ</span> <span class='ocrx_word' id='word_1_520' title='bbox 3672 2337 3773 2389; x_wconf 80' lang='grc' dir='ltr'><strong>τοῦ</strong></span> 
     </span>
    </p>
   </div>
   <div class='ocr_carea' id='block_1_68' title="bbox 2187 2420 3774 2493">
    <p class='ocr_par' dir='ltr' id='par_1_68' title="bbox 2187 2420 3774 2493">
     <span class='ocr_line' id='line_1_68' title="bbox 2187 2420 3774 2493; baseline 0.005 -20"><span class='ocrx_word' id='word_1_521' title='bbox 2187 2420 2666 2492; x_wconf 80' lang='grc' dir='ltr'>πλεονεκτήματος</span> <span class='ocrx_word' id='word_1_522' title='bbox 2702 2423 2736 2493; x_wconf 79' lang='grc' dir='ltr'><strong>ἠ</strong></span> <span class='ocrx_word' id='word_1_523' title='bbox 2762 2423 2947 2493; x_wconf 77' lang='grc' dir='ltr'>χάρις,</span> <span class='ocrx_word' id='word_1_524' title='bbox 2982 2422 3135 2476; x_wconf 69' lang='grc' dir='ltr'>ἔσται</span> <span class='ocrx_word' id='word_1_525' title='bbox 3168 2422 3227 2476; x_wconf 78' lang='grc' dir='ltr'><strong>δὲ</strong></span> <span class='ocrx_word' id='word_1_526' title='bbox 3258 2423 3437 2478; x_wconf 78' lang='grc' dir='ltr'>πάντα</span> <span class='ocrx_word' id='word_1_527' title='bbox 3470 2426 3587 2493; x_wconf 82' lang='grc' dir='ltr'><strong>φῶς</strong></span> <span class='ocrx_word' id='word_1_528' title='bbox 3630 2428 3774 2481; x_wconf 71' lang='grc' dir='ltr'>κατὰ</span> 
     </span>
    </p>
   </div>
   <div class='ocr_carea' id='block_1_69' title="bbox 2188 2507 3775 2588">
    <p class='ocr_par' dir='ltr' id='par_1_69' title="bbox 2188 2507 3775 2588">
     <span class='ocr_line' id='line_1_69' title="bbox 2188 2507 3775 2588; baseline 0.005 -25"><span class='ocrx_word' id='word_1_529' title='bbox 2188 2510 2373 2581; x_wconf 81' lang='grc' dir='ltr'>φύσιν.</span> <span class='ocrx_word' id='word_1_530' title='bbox 2405 2512 2501 2575; x_wconf 84' lang='grc' dir='ltr'>Τίς</span> <span class='ocrx_word' id='word_1_531' title='bbox 2531 2507 2629 2566; x_wconf 79' lang='grc' dir='ltr'>οὖν</span> <span class='ocrx_word' id='word_1_532' title='bbox 2664 2512 2852 2574; x_wconf 79' lang='grc' dir='ltr'>αὑτοῖς</span> <span class='ocrx_word' id='word_1_533' title='bbox 2876 2512 2956 2566; x_wconf 82' lang='grc' dir='ltr'><strong>ἔτι</strong></span> <span class='ocrx_word' id='word_1_534' title='bbox 2987 2514 3145 2585; x_wconf 87' lang='grc' dir='ltr'>χρεία</span> <span class='ocrx_word' id='word_1_535' title='bbox 3169 2515 3267 2586; x_wconf 84' lang='grc' dir='ltr'>τῆς</span> <span class='ocrx_word' id='word_1_536' title='bbox 3311 2513 3406 2568; x_wconf 79' lang='grc' dir='ltr'>τοῦ</span> <span class='ocrx_word' id='word_1_537' title='bbox 3446 2514 3581 2568; x_wconf 84' lang='grc' dir='ltr'><strong>Υίοῦ</strong></span> <span class='ocrx_word' id='word_1_538' title='bbox 3615 2534 3775 2588; x_wconf 77' lang='grc' dir='ltr'>μετοο</span> 
     </span>
    </p>
   </div>
   <div class='ocr_carea' id='block_1_70' title="bbox 2187 2604 3774 2679">
    <p class='ocr_par' dir='ltr' id='par_1_70' title="bbox 2187 2604 3774 2679">
     <span class='ocr_line' id='line_1_70' title="bbox 2187 2604 3774 2679; baseline 0.004 -22"><span class='ocrx_word' id='word_1_539' title='bbox 2187 2604 2310 2674; x_wconf 83' lang='grc' dir='ltr'>χῆς,</span> <span class='ocrx_word' id='word_1_540' title='bbox 2344 2604 2378 2675; x_wconf 80' lang='grc' dir='ltr'><strong>ἢ</strong></span> <span class='ocrx_word' id='word_1_541' title='bbox 2406 2604 2461 2656; x_wconf 86' lang='grc' dir='ltr'>τί</span> <span class='ocrx_word' id='word_1_542' title='bbox 2490 2604 2552 2657; x_wconf 88' lang='grc' dir='ltr'><strong>τὸ</strong></span> <span class='ocrx_word' id='word_1_543' title='bbox 2578 2604 2742 2659; x_wconf 84' lang='grc' dir='ltr'>πλέον</span> <span class='ocrx_word' id='word_1_544' title='bbox 2785 2604 3036 2659; x_wconf 71' lang='grc' dir='ltr'>ἐντεῦθεν</span> <span class='ocrx_word' id='word_1_545' title='bbox 3074 2606 3387 2677; x_wconf 82' lang='grc' dir='ltr'>εὑρήσουσι,</span> <span class='ocrx_word' id='word_1_546' title='bbox 3421 2608 3568 2663; x_wconf 83' lang='grc' dir='ltr'>κατὰ</span> <span class='ocrx_word' id='word_1_547' title='bbox 3612 2610 3774 2679; x_wconf 79' lang='grc' dir='ltr'>φύσιν</span> 
     </span>
    </p>
   </div>
   <div class='ocr_carea' id='block_1_71' title="bbox 2188 2691 3769 2772">
    <p class='ocr_par' dir='ltr' id='par_1_71' title="bbox 2188 2691 3769 2772">
     <span class='ocr_line' id='line_1_71' title="bbox 2188 2691 3769 2772; baseline 0.004 -24"><span class='ocrx_word' id='word_1_548' title='bbox 2188 2695 2380 2765; x_wconf 72' lang='grc' dir='ltr'>ἔχοντα</span> <span class='ocrx_word' id='word_1_549' title='bbox 2424 2695 2679 2750; x_wconf 84' lang='grc' dir='ltr'>καὶαὺτά</span> <span class='ocrx_word' id='word_1_550' title='bbox 2727 2695 2788 2750; x_wconf 88' lang='grc' dir='ltr'>τὸ</span> <span class='ocrx_word' id='word_1_551' title='bbox 2817 2691 2961 2751; x_wconf 81' lang='grc' dir='ltr'>εἶναι</span> <span class='ocrx_word' id='word_1_552' title='bbox 2999 2695 3149 2765; x_wconf 83' lang='grc' dir='ltr'>φῶς,</span> <span class='ocrx_word' id='word_1_553' title='bbox 3189 2696 3382 2769; x_wconf 84' lang='grc' dir='ltr'>ὥσπερ</span> <span class='ocrx_word' id='word_1_554' title='bbox 3422 2694 3517 2754; x_wconf 80' lang='grc' dir='ltr'>οὖν</span> <span class='ocrx_word' id='word_1_555' title='bbox 3545 2700 3769 2772; x_wconf 79' lang='grc' dir='ltr'>ἀμέλει,</span> 
     </span>
    </p>
   </div>
   <div class='ocr_carea' id='block_1_72' title="bbox 2191 2786 3777 2863">
    <p class='ocr_par' dir='ltr' id='par_1_72' title="bbox 2191 2786 3777 2863">
     <span class='ocr_line' id='line_1_72' title="bbox 2191 2786 3777 2863; baseline 0.003 -22"><span class='ocrx_word' id='word_1_556' title='bbox 2191 2788 2285 2841; x_wconf 79' lang='grc' dir='ltr'>καὶ</span> <span class='ocrx_word' id='word_1_557' title='bbox 2313 2786 2440 2851; x_wconf 89' lang='grc' dir='ltr'>Υίὸς</span> <span class='ocrx_word' id='word_1_558' title='bbox 2468 2789 2525 2841; x_wconf 82' lang='grc' dir='ltr'>ὲν</span> <span class='ocrx_word' id='word_1_559' title='bbox 2569 2789 2781 2850; x_wconf 74' lang='grc' dir='ltr'>ἑαυτοῖς</span> <span class='ocrx_word' id='word_1_560' title='bbox 2812 2786 2832 2860; x_wconf 88' lang='grc'>[</span> <span class='ocrx_word' id='word_1_561' title='bbox 2857 2805 2947 2859; x_wconf 72' lang='lat' dir='ltr'><strong>7p.</strong></span> <span class='ocrx_word' id='word_1_562' title='bbox 2983 2787 3202 2861; x_wconf 75' lang='grc' dir='ltr'>ἑαυτῷ]</span> <span class='ocrx_word' id='word_1_563' title='bbox 3225 2806 3240 2855; x_wconf 77' lang='grc' dir='ltr'><strong>ς</strong></span> <span class='ocrx_word' id='word_1_564' title='bbox 3285 2789 3447 2844; x_wconf 82' lang='grc' dir='ltr'><strong>Ἀλλὰ</strong></span> <span class='ocrx_word' id='word_1_565' title='bbox 3468 2791 3660 2863; x_wconf 75' lang='grc' dir='ltr'>χρῄζει</span> <span class='ocrx_word' id='word_1_566' title='bbox 3680 2792 3777 2845; x_wconf 75' lang='grc' dir='ltr'>τοῦ</span> 
     </span>
    </p>
   </div>
   <div class='ocr_carea' id='block_1_73' title="bbox 2192 2877 3785 2954">
    <p class='ocr_par' dir='ltr' id='par_1_73' title="bbox 2192 2877 3785 2954">
     <span class='ocr_line' id='line_1_73' title="bbox 2192 2877 3785 2954; baseline 0.004 -21"><span class='ocrx_word' id='word_1_567' title='bbox 2192 2877 2571 2952; x_wconf 72' lang='grc' dir='ltr'>φωτίζοντοςὴ</span> <span class='ocrx_word' id='word_1_568' title='bbox 2603 2881 2808 2948; x_wconf 83' lang='grc' dir='ltr'>κτίσις,</span> <span class='ocrx_word' id='word_1_569' title='bbox 2864 2881 3073 2936; x_wconf 73' lang='grc' dir='ltr'>οἴκοθεν</span> <span class='ocrx_word' id='word_1_570' title='bbox 3092 2883 3193 2937; x_wconf 83' lang='grc' dir='ltr'><strong>οὑκ</strong></span> <span class='ocrx_word' id='word_1_571' title='bbox 3219 2882 3421 2954; x_wconf 71' lang='grc' dir='ltr'>ἔχουσα</span> <span class='ocrx_word' id='word_1_572' title='bbox 3450 2885 3785 2952; x_wconf 71' lang='grc' dir='ltr'>τοῦτο.Θεὸς</span> 
     </span>
    </p>
   </div>
   <div class='ocr_carea' id='block_1_74' title="bbox 2190 2970 3778 3045">
    <p class='ocr_par' dir='ltr' id='par_1_74' title="bbox 2190 2970 3778 3045">
     <span class='ocr_line' id='line_1_74' title="bbox 2190 2970 3778 3045; baseline 0.003 -19"><span class='ocrx_word' id='word_1_573' title='bbox 2190 2971 2301 3043; x_wconf 77' lang='grc' dir='ltr'>ἄρα</span> <span class='ocrx_word' id='word_1_574' title='bbox 2326 2970 2468 3026; x_wconf 76' lang='grc' dir='ltr'>κατὰ</span> <span class='ocrx_word' id='word_1_575' title='bbox 2497 2971 2659 3041; x_wconf 77' lang='grc' dir='ltr'>φύσιν</span> <span class='ocrx_word' id='word_1_576' title='bbox 2687 2974 2716 3025; x_wconf 78' lang='grc' dir='ltr'>ὀ</span> <span class='ocrx_word' id='word_1_577' title='bbox 2746 2972 2895 3040; x_wconf 76' lang='grc' dir='ltr'>Υἱὸς,</span> <span class='ocrx_word' id='word_1_578' title='bbox 2935 2973 3031 3027; x_wconf 75' lang='grc' dir='ltr'>καὶ</span> <span class='ocrx_word' id='word_1_579' title='bbox 3072 2972 3164 3027; x_wconf 75' lang='grc' dir='ltr'><strong>διὰ</strong></span> <span class='ocrx_word' id='word_1_580' title='bbox 3209 2973 3369 3029; x_wconf 80' lang='grc' dir='ltr'>τοῦτο</span> <span class='ocrx_word' id='word_1_581' title='bbox 3415 2976 3550 3045; x_wconf 83' lang='grc' dir='ltr'>φῶς,</span> <span class='ocrx_word' id='word_1_582' title='bbox 3581 2976 3659 3042; x_wconf 83' lang='grc' dir='ltr'><strong>ὡς</strong></span> <span class='ocrx_word' id='word_1_583' title='bbox 3703 2978 3778 3031; x_wconf 76' lang='grc' dir='ltr'>τὰ</span> 
     </span>
    </p>
   </div>
   <div class='ocr_carea' id='block_1_75' title="bbox 2117 3062 3261 3143">
    <p class='ocr_par' dir='ltr' id='par_1_75' title="bbox 2117 3062 3261 3143">
     <span class='ocr_line' id='line_1_75' title="bbox 2117 3062 3261 3143; baseline 0.005 -28"><span class='ocrx_word' id='word_1_584' title='bbox 2117 3076 2162 3143; x_wconf 65' lang='grc' dir='ltr'>ο</span> <span class='ocrx_word' id='word_1_585' title='bbox 2193 3062 2371 3133; x_wconf 87' lang='grc' dir='ltr'>φωτὸς</span> <span class='ocrx_word' id='word_1_586' title='bbox 2400 3062 2632 3134; x_wconf 79' lang='grc' dir='ltr'>δεόμενα</span> <span class='ocrx_word' id='word_1_587' title='bbox 2661 3064 2917 3132; x_wconf 77' lang='grc' dir='ltr'>φωτίζειν</span> <span class='ocrx_word' id='word_1_588' title='bbox 2944 3065 3261 3136; x_wconf 80' lang='grc' dir='ltr'>δυνάμενος.</span> 
     </span>
    </p>
   </div>
   <div class='ocr_carea' id='block_1_76' title="bbox 2265 3155 3782 3232">
    <p class='ocr_par' dir='ltr' id='par_1_76' title="bbox 2265 3155 3782 3232">
     <span class='ocr_line' id='line_1_76' title="bbox 2265 3155 3782 3232; baseline 0.004 -25"><span class='ocrx_word' id='word_1_589' title='bbox 2265 3156 2470 3208; x_wconf 81' lang='grc' dir='ltr'><strong>ΑΔΛΟ.</strong></span> <span class='ocrx_word' id='word_1_590' title='bbox 2493 3155 2612 3218; x_wconf 83' lang='grc' dir='ltr'><strong>Φῶς</strong></span> <span class='ocrx_word' id='word_1_591' title='bbox 2634 3156 2776 3210; x_wconf 84' lang='grc' dir='ltr'>κατά</span> <span class='ocrx_word' id='word_1_592' title='bbox 2806 3156 2970 3225; x_wconf 84' lang='grc' dir='ltr'>φύσιν</span> <span class='ocrx_word' id='word_1_593' title='bbox 2996 3159 3260 3230; x_wconf 78' lang='grc' dir='ltr'>ὑπάρχων</span> <span class='ocrx_word' id='word_1_594' title='bbox 3284 3161 3315 3213; x_wconf 80' lang='grc' dir='ltr'><strong>ὁ</strong></span> <span class='ocrx_word' id='word_1_595' title='bbox 3340 3159 3489 3226; x_wconf 72' lang='grc' dir='ltr'>Υἱὸς,</span> <span class='ocrx_word' id='word_1_596' title='bbox 3534 3159 3568 3232; x_wconf 76' lang='grc' dir='ltr'>ἦ</span> <span class='ocrx_word' id='word_1_597' title='bbox 3592 3159 3782 3232; x_wconf 71' lang='grc' dir='ltr'>ἕτερός</span> 
     </span>
    </p>
   </div>
   <div class='ocr_carea' id='block_1_77' title="bbox 2194 3246 3779 3320">
    <p class='ocr_par' dir='ltr' id='par_1_77' title="bbox 2194 3246 3779 3320">
     <span class='ocr_line' id='line_1_77' title="bbox 2194 3246 3779 3320; baseline 0.004 -20"><span class='ocrx_word' id='word_1_598' title='bbox 2194 3247 2311 3300; x_wconf 73' lang='grc' dir='ltr'>ἐστι</span> <span class='ocrx_word' id='word_1_599' title='bbox 2345 3247 2496 3316; x_wconf 78' lang='grc' dir='ltr'>παρὰ</span> <span class='ocrx_word' id='word_1_600' title='bbox 2517 3246 2616 3317; x_wconf 84' lang='grc' dir='ltr'>τὴν</span> <span class='ocrx_word' id='word_1_601' title='bbox 2640 3247 2833 3314; x_wconf 82' lang='grc' dir='ltr'>κτίσιν,</span> <span class='ocrx_word' id='word_1_602' title='bbox 2867 3248 3030 3320; x_wconf 76' lang='grc' dir='ltr'>δῆλον</span> <span class='ocrx_word' id='word_1_603' title='bbox 3048 3250 3106 3303; x_wconf 80' lang='grc' dir='ltr'><strong>δὲ</strong></span> <span class='ocrx_word' id='word_1_604' title='bbox 3138 3252 3225 3305; x_wconf 83' lang='grc' dir='ltr'>ὅτι</span> <span class='ocrx_word' id='word_1_605' title='bbox 3252 3251 3394 3306; x_wconf 81' lang='grc' dir='ltr'>κατὰ</span> <span class='ocrx_word' id='word_1_606' title='bbox 3419 3252 3512 3305; x_wconf 87' lang='grc' dir='ltr'><strong>τὸν</strong></span> <span class='ocrx_word' id='word_1_607' title='bbox 3541 3253 3636 3306; x_wconf 78' lang='grc' dir='ltr'><strong>τοῦ</strong></span> <span class='ocrx_word' id='word_1_608' title='bbox 3662 3253 3779 3316; x_wconf 76' lang='grc' dir='ltr'><strong>πῶς</strong></span> 
     </span>
    </p>
   </div>
   <div class='ocr_carea' id='block_1_78' title="bbox 2195 3334 3782 3416">
    <p class='ocr_par' dir='ltr' id='par_1_78' title="bbox 2195 3334 3782 3416">
     <span class='ocr_line' id='line_1_78' title="bbox 2195 3334 3782 3416; baseline 0.006 -26"><span class='ocrx_word' id='word_1_609' title='bbox 2195 3334 2335 3392; x_wconf 78' lang='grc' dir='ltr'>εἶναι</span> <span class='ocrx_word' id='word_1_610' title='bbox 2361 3338 2540 3407; x_wconf 76' lang='grc' dir='ltr'>λόγον,</span> <span class='ocrx_word' id='word_1_611' title='bbox 2577 3339 2610 3408; x_wconf 79' lang='grc' dir='ltr'>ἢ</span> <span class='ocrx_word' id='word_1_612' title='bbox 2644 3339 2889 3412; x_wconf 80' lang='grc' dir='ltr'>ὁμοφυὴς</span> <span class='ocrx_word' id='word_1_613' title='bbox 2920 3343 3082 3414; x_wconf 73' lang='grc' dir='ltr'>αὐτῇ.</span> <span class='ocrx_word' id='word_1_614' title='bbox 3132 3343 3173 3397; x_wconf 82' lang='grc' dir='ltr'><strong>Ε</strong></span> <span class='ocrx_word' id='word_1_615' title='bbox 3236 3345 3337 3416; x_wconf 79' lang='grc' dir='ltr'><strong>μὲν</strong></span> <span class='ocrx_word' id='word_1_616' title='bbox 3382 3340 3478 3399; x_wconf 85' lang='grc' dir='ltr'>οὖν</span> <span class='ocrx_word' id='word_1_617' title='bbox 3511 3345 3782 3415; x_wconf 74' lang='grc' dir='ltr'>ὁμογενής</span> 
     </span>
    </p>
   </div>
   <div class='ocr_carea' id='block_1_79' title="bbox 2194 3430 3783 3509">
    <p class='ocr_par' dir='ltr' id='par_1_79' title="bbox 2194 3430 3783 3509">
     <span class='ocr_line' id='line_1_79' title="bbox 2194 3430 3783 3509; baseline 0.005 -26"><span class='ocrx_word' id='word_1_618' title='bbox 2194 3433 2312 3484; x_wconf 77' lang='grc' dir='ltr'>ἐστι</span> <span class='ocrx_word' id='word_1_619' title='bbox 2333 3432 2427 3485; x_wconf 72' lang='grc' dir='ltr'>καὶ</span> <span class='ocrx_word' id='word_1_620' title='bbox 2457 3430 2759 3501; x_wconf 83' lang='grc' dir='ltr'>ὁμοούσιος,</span> <span class='ocrx_word' id='word_1_621' title='bbox 2782 3433 2977 3505; x_wconf 81' lang='grc' dir='ltr'>μάτην,</span> <span class='ocrx_word' id='word_1_622' title='bbox 3003 3433 3080 3498; x_wconf 80' lang='grc' dir='ltr'><strong>ὡς</strong></span> <span class='ocrx_word' id='word_1_623' title='bbox 3130 3434 3326 3503; x_wconf 82' lang='grc' dir='ltr'>ἔοικεν,</span> <span class='ocrx_word' id='word_1_624' title='bbox 3374 3438 3510 3509; x_wconf 77' lang='grc' dir='ltr'>ἡμῖν</span> <span class='ocrx_word' id='word_1_625' title='bbox 3561 3436 3783 3506; x_wconf 73' lang='grc' dir='ltr'>ἐπεφοί-</span> 
     </span>
    </p>
   </div>
   <div class='ocr_carea' id='block_1_80' title="bbox 2195 3519 3775 3597">
    <p class='ocr_par' dir='ltr' id='par_1_80' title="bbox 2195 3519 3775 3597">
     <span class='ocr_line' id='line_1_80' title="bbox 2195 3519 3775 3597; baseline 0.006 -26"><span class='ocrx_word' id='word_1_626' title='bbox 2195 3536 2327 3591; x_wconf 83' lang='grc' dir='ltr'>τησε</span> <span class='ocrx_word' id='word_1_627' title='bbox 2365 3519 2537 3589; x_wconf 86' lang='grc' dir='ltr'>λέγων</span> <span class='ocrx_word' id='word_1_628' title='bbox 2568 3536 2639 3585; x_wconf 76' lang='grc' dir='ltr'>’,ι</span> <span class='ocrx_word' id='word_1_629' title='bbox 2662 3520 2804 3588; x_wconf 81' lang='grc' dir='ltr'><strong>Ἐγὼ</strong></span> <span class='ocrx_word' id='word_1_630' title='bbox 2827 3522 2943 3590; x_wconf 83' lang='grc' dir='ltr'>φῶς</span> <span class='ocrx_word' id='word_1_631' title='bbox 2979 3525 3061 3587; x_wconf 81' lang='grc' dir='ltr'><strong>εἰς</strong></span> <span class='ocrx_word' id='word_1_632' title='bbox 3106 3524 3200 3578; x_wconf 88' lang='grc' dir='ltr'><strong>τὸν</strong></span> <span class='ocrx_word' id='word_1_633' title='bbox 3224 3524 3429 3595; x_wconf 77' lang='grc' dir='ltr'>κόσμον</span> <span class='ocrx_word' id='word_1_634' title='bbox 3469 3525 3725 3597; x_wconf 82' lang='grc' dir='ltr'>ἐλήλυθα·</span> <span class='ocrx_word' id='word_1_635' title='bbox 3754 3545 3775 3579; x_wconf 74' lang='grc' dir='ltr'><strong><em>ο</em></strong></span> 
     </span>
    </p>
   </div>
   <div class='ocr_carea' id='block_1_81' title="bbox 2197 3611 3776 3688">
    <p class='ocr_par' dir='ltr' id='par_1_81' title="bbox 2197 3611 3776 3688">
     <span class='ocr_line' id='line_1_81' title="bbox 2197 3611 3776 3688; baseline 0.004 -24"><span class='ocrx_word' id='word_1_636' title='bbox 2197 3611 2312 3683; x_wconf 68' lang='grc' dir='ltr'>ἔχει</span> <span class='ocrx_word' id='word_1_637' title='bbox 2344 3611 2454 3684; x_wconf 84' lang='grc' dir='ltr'>γὰρ</span> <span class='ocrx_word' id='word_1_638' title='bbox 2494 3615 2531 3684; x_wconf 77' lang='grc' dir='ltr'><strong>ἡ</strong></span> <span class='ocrx_word' id='word_1_639' title='bbox 2564 3615 2746 3678; x_wconf 80' lang='grc' dir='ltr'>κτίσις</span> <span class='ocrx_word' id='word_1_640' title='bbox 2790 3613 3003 3669; x_wconf 76' lang='grc' dir='ltr'>οἴκοθεν</span> <span class='ocrx_word' id='word_1_641' title='bbox 3040 3616 3102 3669; x_wconf 90' lang='grc' dir='ltr'><strong>τὸ</strong></span> <span class='ocrx_word' id='word_1_642' title='bbox 3126 3617 3247 3686; x_wconf 85' lang='grc' dir='ltr'><strong>φῶς</strong></span> <span class='ocrx_word' id='word_1_643' title='bbox 3291 3613 3435 3671; x_wconf 83' lang='grc' dir='ltr'>εἷναι</span> <span class='ocrx_word' id='word_1_644' title='bbox 3463 3620 3560 3673; x_wconf 79' lang='grc' dir='ltr'>καὶ</span> <span class='ocrx_word' id='word_1_645' title='bbox 3593 3619 3733 3688; x_wconf 80' lang='grc' dir='ltr'>αὐτή</span> <span class='ocrx_word' id='word_1_646' title='bbox 3760 3636 3776 3650; x_wconf 92' lang='grc'><strong>·</strong></span> 
     </span>
    </p>
   </div>
   <div class='ocr_carea' id='block_1_82' title="bbox 2197 3703 3782 3777">
    <p class='ocr_par' dir='ltr' id='par_1_82' title="bbox 2197 3703 3782 3777">
     <span class='ocr_line' id='line_1_82' title="bbox 2197 3703 3782 3777; baseline 0.003 -20"><span class='ocrx_word' id='word_1_647' title='bbox 2197 3703 2315 3775; x_wconf 83' lang='grc' dir='ltr'><strong>φῶς</strong></span> <span class='ocrx_word' id='word_1_648' title='bbox 2341 3706 2399 3758; x_wconf 83' lang='grc' dir='ltr'><strong>δὲ</strong></span> <span class='ocrx_word' id='word_1_649' title='bbox 2426 3704 2605 3775; x_wconf 86' lang='grc' dir='ltr'>φωτὸς</span> <span class='ocrx_word' id='word_1_650' title='bbox 2646 3705 2939 3777; x_wconf 80' lang='grc' dir='ltr'>ἀμέτοχον,</span> <span class='ocrx_word' id='word_1_651' title='bbox 2988 3707 3077 3761; x_wconf 81' lang='grc' dir='ltr'><strong>ἴνα</strong></span> <span class='ocrx_word' id='word_1_652' title='bbox 3103 3708 3291 3777; x_wconf 84' lang='grc' dir='ltr'>νοῆται</span> <span class='ocrx_word' id='word_1_653' title='bbox 3324 3708 3460 3777; x_wconf 61' lang='grc' dir='ltr'><strong>φῶς</strong></span> <span class='ocrx_word' id='word_1_654' title='bbox 3509 3711 3560 3763; x_wconf 82' lang='grc' dir='ltr'><strong>εί</strong></span> <span class='ocrx_word' id='word_1_655' title='bbox 3596 3710 3654 3762; x_wconf 80' lang='grc' dir='ltr'><strong>δὲ</strong></span> <span class='ocrx_word' id='word_1_656' title='bbox 3681 3711 3782 3762; x_wconf 83' lang='grc' dir='ltr'><strong>οὑκ</strong></span> 
     </span>
    </p>
   </div>
   <div class='ocr_carea' id='block_1_83' title="bbox 2196 3797 3783 3871">
    <p class='ocr_par' dir='ltr' id='par_1_83' title="bbox 2196 3797 3783 3871">
     <span class='ocr_line' id='line_1_83' title="bbox 2196 3797 3783 3871; baseline 0.002 -21"><span class='ocrx_word' id='word_1_657' title='bbox 2196 3797 2344 3851; x_wconf 74' lang='grc' dir='ltr'>ἔστιν</span> <span class='ocrx_word' id='word_1_658' title='bbox 2380 3797 2650 3870; x_wconf 80' lang='grc' dir='ltr'>ὁμοφυὴς,</span> <span class='ocrx_word' id='word_1_659' title='bbox 2695 3798 2867 3852; x_wconf 81' lang='grc' dir='ltr'>δεῖται</span> <span class='ocrx_word' id='word_1_660' title='bbox 2892 3798 2950 3851; x_wconf 82' lang='grc' dir='ltr'><strong>δὲ</strong></span> <span class='ocrx_word' id='word_1_661' title='bbox 2980 3798 3155 3868; x_wconf 82' lang='grc' dir='ltr'>φωτὸς</span> <span class='ocrx_word' id='word_1_662' title='bbox 3192 3801 3224 3871; x_wconf 81' lang='grc' dir='ltr'><strong>ἡ</strong></span> <span class='ocrx_word' id='word_1_663' title='bbox 3256 3800 3432 3864; x_wconf 82' lang='grc' dir='ltr'>κτίσις</span> <span class='ocrx_word' id='word_1_664' title='bbox 3476 3800 3783 3866; x_wconf 84' lang='grc' dir='ltr'>ἀκούσασα,</span> 
     </span>
    </p>
   </div>
   <div class='ocr_carea' id='block_1_84' title="bbox 2203 3890 3784 3965">
    <p class='ocr_par' dir='ltr' id='par_1_84' title="bbox 2203 3890 3784 3965">
     <span class='ocr_line' id='line_1_84' title="bbox 2203 3890 3784 3965; baseline 0.002 -22"><span class='ocrx_word' id='word_1_665' title='bbox 2203 3911 2223 3942; x_wconf 78' lang='grc' dir='ltr'><strong>ι</strong></span> <span class='ocrx_word' id='word_1_666' title='bbox 2264 3890 2330 3944; x_wconf 87' lang='grc' dir='ltr'>Τί</span> <span class='ocrx_word' id='word_1_667' title='bbox 2366 3890 2477 3961; x_wconf 81' lang='grc' dir='ltr'>γὰρ</span> <span class='ocrx_word' id='word_1_668' title='bbox 2503 3890 2671 3962; x_wconf 80' lang='grc' dir='ltr'>ἔχεις,</span> <span class='ocrx_word' id='word_1_669' title='bbox 2703 3891 2734 3944; x_wconf 79' lang='grc' dir='ltr'><strong>ὃ</strong></span> <span class='ocrx_word' id='word_1_670' title='bbox 2760 3892 2861 3945; x_wconf 81' lang='grc' dir='ltr'><strong>οὑκ</strong></span> <span class='ocrx_word' id='word_1_671' title='bbox 2908 3890 3120 3959; x_wconf 73' lang='grc' dir='ltr'>ἔλαϐες,</span> <span class='ocrx_word' id='word_1_672' title='bbox 3163 3910 3182 3943; x_wconf 72' lang='grc' dir='ltr'><strong>ι</strong></span> <span class='ocrx_word' id='word_1_673' title='bbox 3225 3892 3540 3960; x_wconf 75' lang='grc' dir='ltr'>ἀναγκαίως</span> <span class='ocrx_word' id='word_1_674' title='bbox 3583 3894 3684 3965; x_wconf 61' lang='grc' dir='ltr'>ἢδη</span> <span class='ocrx_word' id='word_1_675' title='bbox 3720 3893 3784 3947; x_wconf 81' lang='grc' dir='ltr'>τὸ</span> 
     </span>
    </p>
   </div>
   <div class='ocr_carea' id='block_1_85' title="bbox 2198 3975 3779 4053">
    <p class='ocr_par' dir='ltr' id='par_1_85' title="bbox 2198 3975 3779 4053">
     <span class='ocr_line' id='line_1_85' title="bbox 2198 3975 3779 4053; baseline -0.001 -18"><span class='ocrx_word' id='word_1_676' title='bbox 2198 3975 2336 4035; x_wconf 77' lang='grc' dir='ltr'>εἶναι</span> <span class='ocrx_word' id='word_1_677' title='bbox 2372 3981 2597 4051; x_wconf 78' lang='grc' dir='ltr'>γενητὸς</span> <span class='ocrx_word' id='word_1_678' title='bbox 2622 3983 2651 4035; x_wconf 87' lang='grc' dir='ltr'>ὁ</span> <span class='ocrx_word' id='word_1_679' title='bbox 2678 3981 2804 4046; x_wconf 87' lang='grc' dir='ltr'>Υίὸς</span> <span class='ocrx_word' id='word_1_680' title='bbox 2837 3982 3203 4052; x_wconf 72' lang='grc' dir='ltr'>διαφεύξεται,</span> <span class='ocrx_word' id='word_1_681' title='bbox 3237 3981 3573 4047; x_wconf 77' lang='grc' dir='ltr'>συνεξέλκων</span> <span class='ocrx_word' id='word_1_682' title='bbox 3597 3982 3779 4053; x_wconf 78' lang='grc' dir='ltr'>ἑαυτῷ</span> 
     </span>
    </p>
   </div>
   <div class='ocr_carea' id='block_1_86' title="bbox 2196 4072 3782 4148">
    <p class='ocr_par' dir='ltr' id='par_1_86' title="bbox 2196 4072 3782 4148">
     <span class='ocr_line' id='line_1_86' title="bbox 2196 4072 3782 4148; baseline 0.01 -23"><span class='ocrx_word' id='word_1_683' title='bbox 2196 4072 2297 4143; x_wconf 78' lang='grc' dir='ltr'>τῆς</span> <span class='ocrx_word' id='word_1_684' title='bbox 2332 4074 2563 4138; x_wconf 83' lang='grc' dir='ltr'>κτίσεως</span> <span class='ocrx_word' id='word_1_685' title='bbox 2602 4074 2663 4129; x_wconf 84' lang='grc' dir='ltr'>τὸ</span> <span class='ocrx_word' id='word_1_686' title='bbox 2692 4074 2822 4130; x_wconf 75' lang='grc' dir='ltr'>ἴδιον</span> <span class='ocrx_word' id='word_1_687' title='bbox 2855 4075 3078 4144; x_wconf 77' lang='grc' dir='ltr'>ἀγαθόν·</span> <span class='ocrx_word' id='word_1_688' title='bbox 3108 4077 3169 4131; x_wconf 92' lang='grc' dir='ltr'><strong>οὑ</strong></span> <span class='ocrx_word' id='word_1_689' title='bbox 3199 4075 3309 4148; x_wconf 81' lang='grc' dir='ltr'>γὰρ</span> <span class='ocrx_word' id='word_1_690' title='bbox 3339 4078 3372 4147; x_wconf 82' lang='grc' dir='ltr'>ὴ</span> <span class='ocrx_word' id='word_1_691' title='bbox 3404 4078 3584 4141; x_wconf 83' lang='grc' dir='ltr'>κτίσις</span> <span class='ocrx_word' id='word_1_692' title='bbox 3626 4074 3782 4131; x_wconf 65' lang='grc' dir='ltr'><strong>ἔσται</strong></span> 
     </span>
    </p>
   </div>
   <div class='ocr_carea' id='block_1_87' title="bbox 2198 4165 3785 4240">
    <p class='ocr_par' dir='ltr' id='par_1_87' title="bbox 2198 4165 3785 4240">
     <span class='ocr_line' id='line_1_87' title="bbox 2198 4165 3785 4240; baseline 0.003 -21"><span class='ocrx_word' id='word_1_693' title='bbox 2198 4165 2340 4219; x_wconf 84' lang='grc' dir='ltr'>κατὰ</span> <span class='ocrx_word' id='word_1_694' title='bbox 2374 4165 2536 4235; x_wconf 78' lang='grc' dir='ltr'>φύσιν</span> <span class='ocrx_word' id='word_1_695' title='bbox 2584 4165 2643 4220; x_wconf 86' lang='grc' dir='ltr'><strong>τὸ</strong></span> <span class='ocrx_word' id='word_1_696' title='bbox 2677 4166 2812 4237; x_wconf 83' lang='grc' dir='ltr'>φῶς,</span> <span class='ocrx_word' id='word_1_697' title='bbox 2870 4169 3048 4238; x_wconf 82' lang='grc' dir='ltr'>φωτὸς</span> <span class='ocrx_word' id='word_1_698' title='bbox 3084 4168 3141 4223; x_wconf 79' lang='grc' dir='ltr'><strong>δὲ</strong></span> <span class='ocrx_word' id='word_1_699' title='bbox 3180 4169 3379 4239; x_wconf 81' lang='grc' dir='ltr'>μᾶλλον</span> <span class='ocrx_word' id='word_1_700' title='bbox 3419 4168 3642 4240; x_wconf 84' lang='grc' dir='ltr'>δεομένη</span> <span class='ocrx_word' id='word_1_701' title='bbox 3688 4170 3785 4224; x_wconf 72' lang='grc' dir='ltr'>καὶ</span> 
     </span>
    </p>
   </div>
   <div class='ocr_carea' id='block_1_88' title="bbox 2201 4256 2444 4328">
    <p class='ocr_par' dir='ltr' id='par_1_88' title="bbox 2201 4256 2444 4328">
     <span class='ocr_line' id='line_1_88' title="bbox 2201 4256 2444 4328; baseline 0.004 -19"><span class='ocrx_word' id='word_1_702' title='bbox 2201 4256 2444 4328; x_wconf 81' lang='grc' dir='ltr'>μέτοχος.</span> 
     </span>
    </p>
   </div>
   <div class='ocr_carea' id='block_1_89' title="bbox 588 4417 2087 4508">
    <p class='ocr_par' dir='ltr' id='par_1_89' title="bbox 588 4433 2087 4507">
     <span class='ocr_line' id='line_1_89' title="bbox 588 4433 2087 4507; baseline 0.002 -17"><span class='ocrx_word' id='word_1_703' title='bbox 588 4433 816 4491; x_wconf 78' lang='lat' dir='ltr'><strong>ALIUD.</strong></span> <span class='ocrx_word' id='word_1_704' title='bbox 856 4435 913 4491; x_wconf 91' lang='lat' dir='ltr'><strong>Si</strong></span> <span class='ocrx_word' id='word_1_705' title='bbox 968 4436 1110 4491; x_wconf 85' lang='lat' dir='ltr'><strong>nihil</strong></span> <span class='ocrx_word' id='word_1_706' title='bbox 1164 4436 1433 4507; x_wconf 70' lang='lat' dir='ltr'><strong>suiipsitrs</strong></span> <span class='ocrx_word' id='word_1_707' title='bbox 1495 4442 1581 4490; x_wconf 90' lang='lat' dir='ltr'><strong>est</strong></span> <span class='ocrx_word' id='word_1_708' title='bbox 1631 4435 1942 4507; x_wconf 89' lang='lat' dir='ltr'><strong>particeps,</strong></span> <span class='ocrx_word' id='word_1_709' title='bbox 1999 4436 2087 4493; x_wconf 91' lang='lat' dir='ltr'><strong>sed</strong></span> 
     </span>
    </p>
   </div>
   <div class='ocr_carea' id='block_1_90' title="bbox 2185 4417 3782 4508">
    <p class='ocr_par' dir='ltr' id='par_1_90' title="bbox 2270 4434 3782 4508">
     <span class='ocr_line' id='line_1_90' title="bbox 2270 4434 3782 4508; baseline 0 -18"><span class='ocrx_word' id='word_1_710' title='bbox 2270 4436 2479 4493; x_wconf 77' lang='grc' dir='ltr'><strong>ΑΛΛΟ.</strong></span> <span class='ocrx_word' id='word_1_711' title='bbox 2520 4436 2585 4489; x_wconf 80' lang='grc' dir='ltr'><strong>Εἰ</strong></span> <span class='ocrx_word' id='word_1_712' title='bbox 2626 4436 2781 4490; x_wconf 77' lang='grc' dir='ltr'>οὐδὲν</span> <span class='ocrx_word' id='word_1_713' title='bbox 2839 4434 3033 4490; x_wconf 74' lang='grc' dir='ltr'>ἑαυτοῦ</span> <span class='ocrx_word' id='word_1_714' title='bbox 3084 4436 3329 4508; x_wconf 83' lang='grc' dir='ltr'>μέτοχον,</span> <span class='ocrx_word' id='word_1_715' title='bbox 3386 4438 3603 4508; x_wconf 85' lang='grc' dir='ltr'>μετέχει</span> <span class='ocrx_word' id='word_1_716' title='bbox 3648 4437 3708 4490; x_wconf 79' lang='grc' dir='ltr'><strong>δὲ</strong></span> <span class='ocrx_word' id='word_1_717' title='bbox 3746 4440 3782 4507; x_wconf 77' lang='grc' dir='ltr'>ἡ</span> 
     </span>
    </p>
   </div>
   <div class='ocr_carea' id='block_1_91' title="bbox 514 4514 2099 4601">
    <p class='ocr_par' dir='ltr' id='par_1_91' title="bbox 514 4514 2099 4601">
     <span class='ocr_line' id='line_1_91' title="bbox 514 4514 2099 4601; baseline 0.002 -19"><span class='ocrx_word' id='word_1_718' title='bbox 514 4514 769 4583; x_wconf 80' lang='lat' dir='ltr'><strong>creatura</strong></span> <span class='ocrx_word' id='word_1_719' title='bbox 800 4525 998 4581; x_wconf 85' lang='lat' dir='ltr'><strong>Filium</strong></span> <span class='ocrx_word' id='word_1_720' title='bbox 1040 4536 1098 4581; x_wconf 90' lang='lat' dir='ltr'><strong>ut</strong></span> <span class='ocrx_word' id='word_1_721' title='bbox 1140 4526 1317 4581; x_wconf 89' lang='lat' dir='ltr'><strong>lucem</strong></span> <span class='ocrx_word' id='word_1_722' title='bbox 1353 4525 1688 4599; x_wconf 88' lang='lat' dir='ltr'><strong>participat;</strong></span> <span class='ocrx_word' id='word_1_723' title='bbox 1718 4542 1828 4583; x_wconf 90' lang='lat' dir='ltr'><strong>non</strong></span> <span class='ocrx_word' id='word_1_724' title='bbox 1854 4537 1940 4583; x_wconf 91' lang='lat' dir='ltr'><strong>est</strong></span> <span class='ocrx_word' id='word_1_725' title='bbox 1965 4543 2099 4601; x_wconf 82' lang='lat' dir='ltr'><strong>ergo</strong></span> 
     </span>
    </p>
   </div>
   <div class='ocr_carea' id='block_1_92' title="bbox 516 4620 2098 4691">
    <p class='ocr_par' dir='ltr' id='par_1_92' title="bbox 516 4620 2098 4691">
     <span class='ocr_line' id='line_1_92' title="bbox 516 4620 2098 4691; baseline 0.001 -17"><span class='ocrx_word' id='word_1_726' title='bbox 516 4621 633 4689; x_wconf 90' lang='lat' dir='ltr'><strong>ipse</strong></span> <span class='ocrx_word' id='word_1_727' title='bbox 679 4630 957 4684; x_wconf 84' lang='lat' dir='ltr'><strong>creatura,</strong></span> <span class='ocrx_word' id='word_1_728' title='bbox 992 4620 1089 4675; x_wconf 90' lang='lat' dir='ltr'><strong>sed</strong></span> <span class='ocrx_word' id='word_1_729' title='bbox 1150 4632 1333 4690; x_wconf 88' lang='lat' dir='ltr'><strong>neque</strong></span> <span class='ocrx_word' id='word_1_730' title='bbox 1384 4626 1637 4673; x_wconf 88' lang='lat' dir='ltr'><strong>creatura</strong></span> <span class='ocrx_word' id='word_1_731' title='bbox 1684 4620 1802 4684; x_wconf 80' lang='lat' dir='ltr'><strong>lux,</strong></span> <span class='ocrx_word' id='word_1_732' title='bbox 1835 4620 1981 4691; x_wconf 91' lang='lat' dir='ltr'><strong>quod</strong></span> <span class='ocrx_word' id='word_1_733' title='bbox 2015 4629 2098 4675; x_wconf 82' lang='lat' dir='ltr'><strong>ta-</strong></span> 
     </span>
    </p>
   </div>
   <div class='ocr_carea' id='block_1_93' title="bbox 422 4708 978 4765">
    <p class='ocr_par' dir='ltr' id='par_1_93' title="bbox 422 4708 978 4765">
     <span class='ocr_line' id='line_1_93' title="bbox 422 4708 978 4765; baseline -0.002 -1"><span class='ocrx_word' id='word_1_734' title='bbox 422 4708 431 4735; x_wconf 51' lang='lat'>&quot;</span> <span class='ocrx_word' id='word_1_735' title='bbox 518 4725 639 4764; x_wconf 90' lang='lat' dir='ltr'><strong>men</strong></span> <span class='ocrx_word' id='word_1_736' title='bbox 667 4718 749 4763; x_wconf 86' lang='lat' dir='ltr'><strong>est</strong></span> <span class='ocrx_word' id='word_1_737' title='bbox 782 4708 978 4765; x_wconf 85' lang='lat' dir='ltr'><strong>Filius.</strong></span> 
     </span>
    </p>
   </div>
   <div class='ocr_carea' id='block_1_94' title="bbox 586 4797 2096 4865">
    <p class='ocr_par' dir='ltr' id='par_1_94' title="bbox 586 4797 2096 4865">
     <span class='ocr_line' id='line_1_94' title="bbox 586 4797 2096 4865; baseline 0.003 -11"><span class='ocrx_word' id='word_1_738' title='bbox 586 4799 815 4856; x_wconf 80' lang='lat' dir='ltr'><strong>ALIUD.</strong></span> <span class='ocrx_word' id='word_1_739' title='bbox 851 4798 909 4856; x_wconf 87' lang='lat' dir='ltr'><strong>Si</strong></span> <span class='ocrx_word' id='word_1_740' title='bbox 968 4797 1119 4854; x_wconf 86' lang='lat' dir='ltr'><strong>aliud</strong></span> <span class='ocrx_word' id='word_1_741' title='bbox 1175 4808 1261 4853; x_wconf 82' lang='lat' dir='ltr'><strong>eSt</strong></span> <span class='ocrx_word' id='word_1_742' title='bbox 1321 4797 1657 4865; x_wconf 89' lang='lat' dir='ltr'><strong>illuminare,</strong></span> <span class='ocrx_word' id='word_1_743' title='bbox 1693 4801 1843 4857; x_wconf 90' lang='lat' dir='ltr'><strong>aliud</strong></span> <span class='ocrx_word' id='word_1_744' title='bbox 1891 4804 2096 4859; x_wconf 88' lang='lat' dir='ltr'><strong>illumi-</strong></span> 
     </span>
    </p>
   </div>
   <div class='ocr_carea' id='block_1_95' title="bbox 516 4887 2099 4963">
    <p class='ocr_par' dir='ltr' id='par_1_95' title="bbox 516 4887 2099 4963">
     <span class='ocr_line' id='line_1_95' title="bbox 516 4887 2099 4963; baseline 0.004 -21"><span class='ocrx_word' id='word_1_745' title='bbox 516 4889 662 4951; x_wconf 83' lang='lat' dir='ltr'><strong>nari,</strong></span> <span class='ocrx_word' id='word_1_746' title='bbox 698 4889 843 4943; x_wconf 82' lang='lat' dir='ltr'><strong>sicut</strong></span> <span class='ocrx_word' id='word_1_747' title='bbox 874 4900 1036 4958; x_wconf 86' lang='lat' dir='ltr'><strong>agere</strong></span> <span class='ocrx_word' id='word_1_748' title='bbox 1074 4894 1131 4940; x_wconf 89' lang='lat' dir='ltr'><strong>et</strong></span> <span class='ocrx_word' id='word_1_749' title='bbox 1161 4887 1383 4956; x_wconf 54' lang='lat' dir='ltr'><strong>palmet</strong></span> <span class='ocrx_word' id='word_1_750' title='bbox 1431 4887 1705 4945; x_wconf 87' lang='lat' dir='ltr'><strong>illuminat</strong></span> <span class='ocrx_word' id='word_1_751' title='bbox 1750 4892 1971 4963; x_wconf 88' lang='lat' dir='ltr'><strong>quidem</strong></span> <span class='ocrx_word' id='word_1_752' title='bbox 2001 4893 2099 4948; x_wconf 85' lang='lat' dir='ltr'><strong>Fi-</strong></span> 
     </span>
    </p>
   </div>
   <div class='ocr_carea' id='block_1_96' title="bbox 518 4977 2099 5051">
    <p class='ocr_par' dir='ltr' id='par_1_96' title="bbox 518 4977 2099 5051">
     <span class='ocr_line' id='line_1_96' title="bbox 518 4977 2099 5051; baseline 0.003 -20"><span class='ocrx_word' id='word_1_753' title='bbox 518 4980 647 5040; x_wconf 89' lang='lat' dir='ltr'><strong>lius,</strong></span> <span class='ocrx_word' id='word_1_754' title='bbox 680 4977 1029 5032; x_wconf 78' lang='lat' dir='ltr'><strong>illuminatur</strong></span> <span class='ocrx_word' id='word_1_755' title='bbox 1079 4980 1263 5030; x_wconf 87' lang='lat' dir='ltr'><strong>autem</strong></span> <span class='ocrx_word' id='word_1_756' title='bbox 1300 4987 1555 5032; x_wconf 88' lang='lat' dir='ltr'><strong>creatura</strong></span> <span class='ocrx_word' id='word_1_757' title='bbox 1586 4996 1601 5033; x_wconf 87' lang='lat'><strong>:</strong></span> <span class='ocrx_word' id='word_1_758' title='bbox 1634 4995 1745 5035; x_wconf 89' lang='lat' dir='ltr'><strong>non</strong></span> <span class='ocrx_word' id='word_1_759' title='bbox 1779 4995 1912 5051; x_wconf 89' lang='lat' dir='ltr'><strong>ergo</strong></span> <span class='ocrx_word' id='word_1_760' title='bbox 1953 4981 2099 5036; x_wconf 90' lang='lat' dir='ltr'><strong>idem</strong></span> 
     </span>
    </p>
   </div>
   <div class='ocr_carea' id='block_1_97' title="bbox 444 5050 2098 5143">
    <p class='ocr_par' dir='ltr' id='par_1_97' title="bbox 444 5050 2098 5143">
     <span class='ocr_line' id='line_1_97' title="bbox 444 5050 2098 5143; baseline 0.002 -20"><span class='ocrx_word' id='word_1_761' title='bbox 444 5109 453 5114; x_wconf 85' lang='grc'><strong><em>-</em></strong></span> <span class='ocrx_word' id='word_1_762' title='bbox 488 5050 602 5125; x_wconf 77' lang='lat' dir='ltr'><strong>lest</strong></span> <span class='ocrx_word' id='word_1_763' title='bbox 635 5068 811 5123; x_wconf 81' lang='lat' dir='ltr'><strong>Filius</strong></span> <span class='ocrx_word' id='word_1_764' title='bbox 838 5077 893 5123; x_wconf 88' lang='lat' dir='ltr'><strong>et</strong></span> <span class='ocrx_word' id='word_1_765' title='bbox 915 5072 1197 5131; x_wconf 87' lang='lat' dir='ltr'><strong>creatura,</strong></span> <span class='ocrx_word' id='word_1_766' title='bbox 1223 5074 1285 5123; x_wconf 87' lang='lat' dir='ltr'><strong>ut</strong></span> <span class='ocrx_word' id='word_1_767' title='bbox 1319 5083 1499 5139; x_wconf 87' lang='lat' dir='ltr'><strong>neque</strong></span> <span class='ocrx_word' id='word_1_768' title='bbox 1526 5069 1580 5124; x_wconf 93' lang='lat' dir='ltr'><strong>id</strong></span> <span class='ocrx_word' id='word_1_769' title='bbox 1612 5072 1759 5142; x_wconf 89' lang='lat' dir='ltr'><strong>quod</strong></span> <span class='ocrx_word' id='word_1_770' title='bbox 1801 5050 1912 5143; x_wconf 81' lang='lat' dir='ltr'><strong>agit</strong></span> <span class='ocrx_word' id='word_1_771' title='bbox 1956 5071 2098 5127; x_wconf 88' lang='lat' dir='ltr'><strong>idem</strong></span> 
     </span>
    </p>
   </div>
   <div class='ocr_carea' id='block_1_98' title="bbox 515 5157 1262 5229">
    <p class='ocr_par' dir='ltr' id='par_1_98' title="bbox 515 5157 1262 5229">
     <span class='ocr_line' id='line_1_98' title="bbox 515 5157 1262 5229; baseline -0.007 -11"><span class='ocrx_word' id='word_1_772' title='bbox 515 5174 601 5218; x_wconf 83' lang='lat' dir='ltr'><strong>est</strong></span> <span class='ocrx_word' id='word_1_773' title='bbox 630 5175 755 5215; x_wconf 87' lang='lat' dir='ltr'><strong>cum</strong></span> <span class='ocrx_word' id='word_1_774' title='bbox 781 5173 849 5213; x_wconf 93' lang='lat' dir='ltr'><strong>eo</strong></span> <span class='ocrx_word' id='word_1_775' title='bbox 884 5157 1032 5228; x_wconf 88' lang='lat' dir='ltr'><strong>quod</strong></span> <span class='ocrx_word' id='word_1_776' title='bbox 1062 5159 1262 5229; x_wconf 82' lang='lat' dir='ltr'><strong>agitur.</strong></span> 
     </span>
    </p>
   </div>
   <div class='ocr_carea' id='block_1_99' title="bbox 588 5247 2102 5318">
    <p class='ocr_par' dir='ltr' id='par_1_99' title="bbox 588 5247 2102 5318">
     <span class='ocr_line' id='line_1_99' title="bbox 588 5247 2102 5318; baseline 0.003 -13"><span class='ocrx_word' id='word_1_777' title='bbox 588 5251 630 5305; x_wconf 83' lang='grc' dir='ltr'>ι.</span> <span class='ocrx_word' id='word_1_778' title='bbox 676 5250 728 5304; x_wconf 82' lang='grc'><strong>5.</strong></span> <span class='ocrx_word' id='word_1_779' title='bbox 757 5250 826 5303; x_wconf 81' lang='lat' dir='ltr'><strong>Et</strong></span> <span class='ocrx_word' id='word_1_780' title='bbox 851 5247 948 5300; x_wconf 69' lang='lat' dir='ltr'><strong>lux</strong></span> <span class='ocrx_word' id='word_1_781' title='bbox 974 5248 1027 5301; x_wconf 80' lang='lat' dir='ltr'><strong>in</strong></span> <span class='ocrx_word' id='word_1_782' title='bbox 1058 5248 1281 5304; x_wconf 77' lang='lat' dir='ltr'><strong>tenebris</strong></span> <span class='ocrx_word' id='word_1_783' title='bbox 1316 5249 1475 5318; x_wconf 82' lang='lat' dir='ltr'><strong>lucet,</strong></span> <span class='ocrx_word' id='word_1_784' title='bbox 1503 5258 1553 5306; x_wconf 82' lang='lat' dir='ltr'><strong>et</strong></span> <span class='ocrx_word' id='word_1_785' title='bbox 1597 5252 1822 5308; x_wconf 73' lang='lat' dir='ltr'><strong>tenebm</strong></span> <span class='ocrx_word' id='word_1_786' title='bbox 1849 5269 1966 5308; x_wconf 81' lang='lat' dir='ltr'><strong>eam</strong></span> <span class='ocrx_word' id='word_1_787' title='bbox 1997 5271 2102 5309; x_wconf 78' lang='lat' dir='ltr'><strong>non</strong></span> 
     </span>
    </p>
   </div>
   <div class='ocr_carea' id='block_1_100' title="bbox 517 5339 1042 5409">
    <p class='ocr_par' dir='ltr' id='par_1_100' title="bbox 517 5339 1042 5409">
     <span class='ocr_line' id='line_1_100' title="bbox 517 5339 1042 5409; baseline -0.008 -12"><span class='ocrx_word' id='word_1_788' title='bbox 517 5339 1042 5409; x_wconf 75' lang='lat' dir='ltr'><strong>comprehenderunt.</strong></span> 
     </span>
    </p>
   </div>
   <div class='ocr_carea' id='block_1_101' title="bbox 590 5428 2095 5508">
    <p class='ocr_par' dir='ltr' id='par_1_101' title="bbox 590 5428 2095 5508">
     <span class='ocr_line' id='line_1_101' title="bbox 590 5428 2095 5508; baseline 0.004 -25"><span class='ocrx_word' id='word_1_789' title='bbox 590 5428 917 5486; x_wconf 76' lang='lat' dir='ltr'><strong>Necessario</strong></span> <span class='ocrx_word' id='word_1_790' title='bbox 993 5430 1153 5485; x_wconf 86' lang='lat' dir='ltr'><strong>nobis</strong></span> <span class='ocrx_word' id='word_1_791' title='bbox 1200 5432 1683 5504; x_wconf 84' lang='lat' dir='ltr'><strong>&#39;sapientissimus</strong></span> <span class='ocrx_word' id='word_1_792' title='bbox 1756 5436 2095 5508; x_wconf 83' lang='lat' dir='ltr'><strong>evangelista</strong></span> 
     </span>
    </p>
   </div>
   <div class='ocr_carea' id='block_1_102' title="bbox 523 5520 2093 5602">
    <p class='ocr_par' dir='ltr' id='par_1_102' title="bbox 523 5520 2093 5602">
     <span class='ocr_line' id='line_1_102' title="bbox 523 5520 2093 5602; baseline 0.006 -27"><span class='ocrx_word' id='word_1_793' title='bbox 523 5522 920 5593; x_wconf 78' lang='lat' dir='ltr'><strong>praecedentem</strong></span> <span class='ocrx_word' id='word_1_794' title='bbox 952 5520 1261 5580; x_wconf 87' lang='lat' dir='ltr'><strong>doctrinam</strong></span> <span class='ocrx_word' id='word_1_795' title='bbox 1290 5525 1567 5596; x_wconf 79' lang='lat' dir='ltr'><strong>explicare</strong></span> <span class='ocrx_word' id='word_1_796' title='bbox 1604 5527 1709 5582; x_wconf 89' lang='lat' dir='ltr'><strong>hoc</strong></span> <span class='ocrx_word' id='word_1_797' title='bbox 1745 5527 1868 5583; x_wconf 83' lang='lat' dir='ltr'><strong>loco</strong></span> <span class='ocrx_word' id='word_1_798' title='bbox 1902 5545 2093 5602; x_wconf 77' lang='lat' dir='ltr'><strong>aggre-</strong></span> 
     </span>
    </p>
   </div>
   <div class='ocr_carea' id='block_1_103' title="bbox 592 5702 1658 5778">
    <p class='ocr_par' dir='ltr' id='par_1_103' title="bbox 592 5702 1658 5778">
     <span class='ocr_line' id='line_1_103' title="bbox 592 5702 1658 5778; baseline 0.013 -22"><span class='ocrx_word' id='word_1_799' title='bbox 592 5702 636 5740; x_wconf 76' lang='lat'><strong>“</strong></span> <span class='ocrx_word' id='word_1_800' title='bbox 673 5702 834 5762; x_wconf 80' lang='lat' dir='ltr'><strong>Ioan.</strong></span> <span class='ocrx_word' id='word_1_801' title='bbox 871 5726 979 5777; x_wconf 80' lang='lat' dir='ltr'><strong>xu,</strong></span> <span class='ocrx_word' id='word_1_802' title='bbox 1013 5710 1104 5767; x_wconf 68' lang='grc'><strong>46.</strong></span> <span class='ocrx_word' id='word_1_803' title='bbox 1182 5713 1227 5744; x_wconf 77' lang='grc' dir='ltr'><strong>³ο</strong></span> <span class='ocrx_word' id='word_1_804' title='bbox 1266 5709 1444 5767; x_wconf 87' lang='lat' dir='ltr'><strong>ICor.</strong></span> <span class='ocrx_word' id='word_1_805' title='bbox 1481 5724 1574 5778; x_wconf 81' lang='lat' dir='ltr'><strong>tv.</strong></span> <span class='ocrx_word' id='word_1_806' title='bbox 1608 5708 1658 5763; x_wconf 73' lang='grc' dir='ltr'><strong>7ο</strong></span> 
     </span>
    </p>
   </div>
   <div class='ocr_carea' id='block_1_104' title="bbox 2201 4525 3783 4598">
    <p class='ocr_par' dir='ltr' id='par_1_104' title="bbox 2201 4525 3783 4598">
     <span class='ocr_line' id='line_1_104' title="bbox 2201 4525 3783 4598; baseline 0.001 -18"><span class='ocrx_word' id='word_1_807' title='bbox 2201 4526 2377 4590; x_wconf 86' lang='grc' dir='ltr'>κτίσις</span> <span class='ocrx_word' id='word_1_808' title='bbox 2412 4525 2488 4590; x_wconf 85' lang='grc' dir='ltr'>ὼς</span> <span class='ocrx_word' id='word_1_809' title='bbox 2532 4527 2710 4595; x_wconf 81' lang='grc' dir='ltr'>φωτὸς</span> <span class='ocrx_word' id='word_1_810' title='bbox 2754 4526 2848 4581; x_wconf 79' lang='grc' dir='ltr'><strong>τοῦ</strong></span> <span class='ocrx_word' id='word_1_811' title='bbox 2891 4527 3042 4580; x_wconf 72' lang='grc' dir='ltr'><strong>Υίοῖν</strong></span> <span class='ocrx_word' id='word_1_812' title='bbox 3090 4530 3192 4581; x_wconf 88' lang='grc' dir='ltr'><strong>οὑκ</strong></span> <span class='ocrx_word' id='word_1_813' title='bbox 3218 4527 3330 4598; x_wconf 80' lang='grc' dir='ltr'>ἄρα</span> <span class='ocrx_word' id='word_1_814' title='bbox 3379 4528 3557 4592; x_wconf 85' lang='grc' dir='ltr'>κτίσις</span> <span class='ocrx_word' id='word_1_815' title='bbox 3588 4527 3783 4593; x_wconf 79' lang='grc' dir='ltr'>αὐτὸς,</span> 
     </span>
    </p>
   </div>
   <div class='ocr_carea' id='block_1_105' title="bbox 2201 4619 3582 4690">
    <p class='ocr_par' dir='ltr' id='par_1_105' title="bbox 2201 4619 3582 4690">
     <span class='ocr_line' id='line_1_105' title="bbox 2201 4619 3582 4690; baseline 0 -16"><span class='ocrx_word' id='word_1_816' title='bbox 2201 4619 2316 4675; x_wconf 80' lang='grc' dir='ltr'><strong>ἀλλ’</strong></span> <span class='ocrx_word' id='word_1_817' title='bbox 2338 4620 2459 4674; x_wconf 81' lang='grc' dir='ltr'>οὑδὲ</span> <span class='ocrx_word' id='word_1_818' title='bbox 2487 4621 2520 4690; x_wconf 82' lang='grc' dir='ltr'><strong>ἡ</strong></span> <span class='ocrx_word' id='word_1_819' title='bbox 2552 4619 2729 4685; x_wconf 86' lang='grc' dir='ltr'>κτίσις</span> <span class='ocrx_word' id='word_1_820' title='bbox 2760 4620 2822 4673; x_wconf 89' lang='grc' dir='ltr'><strong>τὸ</strong></span> <span class='ocrx_word' id='word_1_821' title='bbox 2852 4620 2988 4690; x_wconf 81' lang='grc' dir='ltr'>φῶς,</span> <span class='ocrx_word' id='word_1_822' title='bbox 3022 4620 3159 4690; x_wconf 81' lang='grc' dir='ltr'>ὅπερ</span> <span class='ocrx_word' id='word_1_823' title='bbox 3186 4622 3337 4674; x_wconf 78' lang='grc' dir='ltr'>ἐστὶν</span> <span class='ocrx_word' id='word_1_824' title='bbox 3371 4622 3399 4673; x_wconf 86' lang='grc' dir='ltr'><strong>ὁ</strong></span> <span class='ocrx_word' id='word_1_825' title='bbox 3429 4620 3582 4684; x_wconf 80' lang='grc' dir='ltr'><strong>Υίὸς.</strong></span> 
     </span>
    </p>
   </div>
   <div class='ocr_carea' id='block_1_106' title="bbox 2274 4794 3789 4869">
    <p class='ocr_par' dir='ltr' id='par_1_106' title="bbox 2274 4794 3789 4869">
     <span class='ocr_line' id='line_1_106' title="bbox 2274 4794 3789 4869; baseline -0.005 -16"><span class='ocrx_word' id='word_1_826' title='bbox 2274 4800 2475 4853; x_wconf 78' lang='grc' dir='ltr'><strong>ΑΛΛΟ.</strong></span> <span class='ocrx_word' id='word_1_827' title='bbox 2526 4798 2603 4853; x_wconf 75' lang='lat' dir='ltr'><strong>El</strong></span> <span class='ocrx_word' id='word_1_828' title='bbox 2635 4798 2697 4852; x_wconf 83' lang='grc' dir='ltr'><strong>τὸ</strong></span> <span class='ocrx_word' id='word_1_829' title='bbox 2755 4798 3010 4869; x_wconf 74' lang='grc' dir='ltr'>φωτίζειν</span> <span class='ocrx_word' id='word_1_830' title='bbox 3066 4796 3276 4868; x_wconf 73' lang='grc' dir='ltr'>ἕτερον,</span> <span class='ocrx_word' id='word_1_831' title='bbox 3336 4797 3520 4866; x_wconf 75' lang='grc' dir='ltr'>ἕτερον</span> <span class='ocrx_word' id='word_1_832' title='bbox 3561 4794 3620 4847; x_wconf 85' lang='grc' dir='ltr'><strong>δέ</strong></span> <span class='ocrx_word' id='word_1_833' title='bbox 3669 4794 3789 4847; x_wconf 72' lang='grc' dir='ltr'>ἐστι</span> 
     </span>
    </p>
   </div>
   <div class='ocr_carea' id='block_1_107' title="bbox 2193 4886 3787 4961">
    <p class='ocr_par' dir='ltr' id='par_1_107' title="bbox 2193 4886 3787 4961">
     <span class='ocr_line' id='line_1_107' title="bbox 2193 4886 3787 4961; baseline -0.005 -16"><span class='ocrx_word' id='word_1_834' title='bbox 2193 4892 2257 4945; x_wconf 83' lang='grc' dir='ltr'><strong>τὸ</strong></span> <span class='ocrx_word' id='word_1_835' title='bbox 2296 4891 2664 4961; x_wconf 72' lang='grc' dir='ltr'>φωτίζεσθαι,</span> <span class='ocrx_word' id='word_1_836' title='bbox 2707 4889 2784 4955; x_wconf 77' lang='grc' dir='ltr'>ὡς</span> <span class='ocrx_word' id='word_1_837' title='bbox 2832 4890 3081 4961; x_wconf 75' lang='grc' dir='ltr'>ἐνέργεια</span> <span class='ocrx_word' id='word_1_838' title='bbox 3113 4888 3208 4943; x_wconf 75' lang='grc' dir='ltr'>καὶ</span> <span class='ocrx_word' id='word_1_839' title='bbox 3253 4888 3456 4952; x_wconf 77' lang='grc' dir='ltr'>πάθος,</span> <span class='ocrx_word' id='word_1_840' title='bbox 3489 4888 3585 4940; x_wconf 76' lang='grc' dir='ltr'>καὶ</span> <span class='ocrx_word' id='word_1_841' title='bbox 3617 4886 3787 4955; x_wconf 83' lang='grc' dir='ltr'>φωτί-</span> 
     </span>
    </p>
   </div>
   <div class='ocr_carea' id='block_1_108' title="bbox 2197 4978 3786 5055">
    <p class='ocr_par' dir='ltr' id='par_1_108' title="bbox 2197 4978 3786 5055">
     <span class='ocr_line' id='line_1_108' title="bbox 2197 4978 3786 5055; baseline -0.006 -17"><span class='ocrx_word' id='word_1_842' title='bbox 2197 4985 2280 5050; x_wconf 81' lang='grc' dir='ltr'>ζει</span> <span class='ocrx_word' id='word_1_843' title='bbox 2309 4984 2407 5055; x_wconf 81' lang='grc' dir='ltr'><strong>μὲν</strong></span> <span class='ocrx_word' id='word_1_844' title='bbox 2433 4985 2462 5038; x_wconf 80' lang='grc' dir='ltr'><strong>ὁ</strong></span> <span class='ocrx_word' id='word_1_845' title='bbox 2492 4978 2642 5047; x_wconf 88' lang='grc' dir='ltr'>Υίὸς,</span> <span class='ocrx_word' id='word_1_846' title='bbox 2670 4982 2963 5052; x_wconf 80' lang='grc' dir='ltr'>φωτίζεται</span> <span class='ocrx_word' id='word_1_847' title='bbox 2996 4981 3108 5052; x_wconf 80' lang='grc' dir='ltr'><strong>δὲή</strong></span> <span class='ocrx_word' id='word_1_848' title='bbox 3150 4981 3346 5044; x_wconf 65' lang='grc' dir='ltr'>κτίσις</span> <span class='ocrx_word' id='word_1_849' title='bbox 3377 4981 3479 5033; x_wconf 89' lang='grc' dir='ltr'><strong>οὑκ</strong></span> <span class='ocrx_word' id='word_1_850' title='bbox 3508 4978 3615 5051; x_wconf 79' lang='grc' dir='ltr'><strong>ἄρα</strong></span> <span class='ocrx_word' id='word_1_851' title='bbox 3645 4996 3786 5031; x_wconf 81' lang='grc' dir='ltr'>ταυ-</span> 
     </span>
    </p>
   </div>
   <div class='ocr_carea' id='block_1_109' title="bbox 2195 5068 3797 5143">
    <p class='ocr_par' dir='ltr' id='par_1_109' title="bbox 2195 5068 3797 5143">
     <span class='ocr_line' id='line_1_109' title="bbox 2195 5068 3797 5143; baseline -0.002 -17"><span class='ocrx_word' id='word_1_852' title='bbox 2195 5074 2288 5128; x_wconf 81' lang='grc' dir='ltr'><strong>τὸν</strong></span> <span class='ocrx_word' id='word_1_853' title='bbox 2321 5074 2451 5137; x_wconf 81' lang='grc' dir='ltr'>Υἱὸς</span> <span class='ocrx_word' id='word_1_854' title='bbox 2495 5074 2589 5129; x_wconf 78' lang='grc' dir='ltr'>καὶ</span> <span class='ocrx_word' id='word_1_855' title='bbox 2609 5072 2808 5139; x_wconf 83' lang='grc' dir='ltr'>κτίσις,</span> <span class='ocrx_word' id='word_1_856' title='bbox 2841 5073 2965 5127; x_wconf 72' lang='grc' dir='ltr'>ἐπεὶ</span> <span class='ocrx_word' id='word_1_857' title='bbox 2992 5072 3129 5143; x_wconf 76' lang='grc' dir='ltr'><strong>μηδὲ</strong></span> <span class='ocrx_word' id='word_1_858' title='bbox 3150 5072 3213 5126; x_wconf 89' lang='grc' dir='ltr'><strong>τὸ</strong></span> <span class='ocrx_word' id='word_1_859' title='bbox 3247 5069 3508 5143; x_wconf 78' lang='grc' dir='ltr'>ἐνεργοῦν</span> <span class='ocrx_word' id='word_1_860' title='bbox 3528 5068 3608 5139; x_wconf 78' lang='grc' dir='ltr'><strong>τῷ</strong></span> <span class='ocrx_word' id='word_1_861' title='bbox 3632 5070 3797 5141; x_wconf 66' lang='lat' dir='ltr'><strong>svsp-</strong></span> 
     </span>
    </p>
   </div>
   <div class='ocr_carea' id='block_1_110' title="bbox 2199 5164 2474 5236">
    <p class='ocr_par' dir='ltr' id='par_1_110' title="bbox 2199 5164 2474 5236">
     <span class='ocr_line' id='line_1_110' title="bbox 2199 5164 2474 5236; baseline 0.007 -18"><span class='ocrx_word' id='word_1_862' title='bbox 2199 5164 2474 5236; x_wconf 78' lang='grc' dir='ltr'>γουμένῳ.</span> 
     </span>
    </p>
   </div>
   <div class='ocr_carea' id='block_1_111' title="bbox 2274 5254 3791 5327">
    <p class='ocr_par' dir='ltr' id='par_1_111' title="bbox 2274 5254 3791 5327">
     <span class='ocr_line' id='line_1_111' title="bbox 2274 5254 3791 5327; baseline -0.002 -16"><span class='ocrx_word' id='word_1_863' title='bbox 2274 5256 2381 5311; x_wconf 82' lang='grc' dir='ltr'>Καί</span> <span class='ocrx_word' id='word_1_864' title='bbox 2417 5256 2481 5311; x_wconf 86' lang='grc' dir='ltr'>τὸ</span> <span class='ocrx_word' id='word_1_865' title='bbox 2502 5257 2631 5327; x_wconf 72' lang='grc' dir='ltr'>φῶς</span> <span class='ocrx_word' id='word_1_866' title='bbox 2656 5258 2725 5313; x_wconf 80' lang='grc' dir='ltr'><strong>ἐν</strong></span> <span class='ocrx_word' id='word_1_867' title='bbox 2755 5255 2831 5327; x_wconf 76' lang='grc' dir='ltr'>τῇ</span> <span class='ocrx_word' id='word_1_868' title='bbox 2867 5258 3082 5326; x_wconf 72' lang='grc' dir='ltr'>σκοτίᾳ</span> <span class='ocrx_word' id='word_1_869' title='bbox 3111 5256 3331 5327; x_wconf 73' lang='grc' dir='ltr'>φαίνει,</span> <span class='ocrx_word' id='word_1_870' title='bbox 3365 5254 3463 5310; x_wconf 80' lang='grc' dir='ltr'><strong>καί</strong></span> <span class='ocrx_word' id='word_1_871' title='bbox 3500 5256 3537 5322; x_wconf 80' lang='grc' dir='ltr'><strong><em>ἠ</em></strong></span> <span class='ocrx_word' id='word_1_872' title='bbox 3572 5257 3791 5310; x_wconf 75' lang='grc' dir='ltr'>σκοτία</span> 
     </span>
    </p>
   </div>
   <div class='ocr_carea' id='block_1_112' title="bbox 2202 5346 3185 5403">
    <p class='ocr_par' dir='ltr' id='par_1_112' title="bbox 2202 5346 3185 5403">
     <span class='ocr_line' id='line_1_112' title="bbox 2202 5346 3185 5403; baseline 0.007 -4"><span class='ocrx_word' id='word_1_873' title='bbox 2202 5346 2350 5402; x_wconf 72' lang='grc' dir='ltr'>αὐτὸ</span> <span class='ocrx_word' id='word_1_874' title='bbox 2375 5349 2447 5401; x_wconf 85' lang='grc' dir='ltr'>οὺ</span> <span class='ocrx_word' id='word_1_875' title='bbox 2475 5348 2825 5403; x_wconf 76' lang='grc' dir='ltr'>κατέλαϐεν.</span> <span class='ocrx_word' id='word_1_876' title='bbox 3172 5392 3185 5398; x_wconf 45' lang='grc' dir='ltr'>κ-</span> 
     </span>
    </p>
   </div>
   <div class='ocr_carea' id='block_1_113' title="bbox 2287 5434 3783 5511">
    <p class='ocr_par' dir='ltr' id='par_1_113' title="bbox 2287 5434 3783 5511">
     <span class='ocr_line' id='line_1_113' title="bbox 2287 5434 3783 5511; baseline 0.007 -20"><span class='ocrx_word' id='word_1_877' title='bbox 2287 5437 2625 5506; x_wconf 83' lang='grc' dir='ltr'>Ἀναγκαίως</span> <span class='ocrx_word' id='word_1_878' title='bbox 2660 5441 2789 5511; x_wconf 76' lang='grc' dir='ltr'><strong>ἡμῖν</strong></span> <span class='ocrx_word' id='word_1_879' title='bbox 2829 5444 2858 5495; x_wconf 80' lang='grc' dir='ltr'>ὁ</span> <span class='ocrx_word' id='word_1_880' title='bbox 2899 5440 3209 5511; x_wconf 77' lang='grc' dir='ltr'>σοφώτατος</span> <span class='ocrx_word' id='word_1_881' title='bbox 3252 5435 3639 5509; x_wconf 81' lang='grc' dir='ltr'>εὑαγγελιστὴς</span> <span class='ocrx_word' id='word_1_882' title='bbox 3686 5434 3783 5504; x_wconf 61' lang='grc' dir='ltr'>τὴν</span> 
     </span>
    </p>
   </div>
   <div class='ocr_carea' id='block_1_114' title="bbox 2205 5526 3786 5608">
    <p class='ocr_par' dir='ltr' id='par_1_114' title="bbox 2205 5526 3786 5608">
     <span class='ocr_line' id='line_1_114' title="bbox 2205 5526 3786 5608; baseline -0.001 -22"><span class='ocrx_word' id='word_1_883' title='bbox 2205 5532 2260 5608; x_wconf 67' lang='grc' dir='ltr'>έν</span> <span class='ocrx_word' id='word_1_884' title='bbox 2292 5535 2402 5596; x_wconf 79' lang='grc' dir='ltr'>τοῖς</span> <span class='ocrx_word' id='word_1_885' title='bbox 2435 5532 2765 5605; x_wconf 75' lang='grc' dir='ltr'>προλαϐοῦσι</span> <span class='ocrx_word' id='word_1_886' title='bbox 2797 5533 3030 5605; x_wconf 82' lang='grc' dir='ltr'>θεωρίαν</span> <span class='ocrx_word' id='word_1_887' title='bbox 3053 5532 3412 5591; x_wconf 77' lang='grc' dir='ltr'>ἐκπλατὺνειν</span> <span class='ocrx_word' id='word_1_888' title='bbox 3435 5530 3531 5587; x_wconf 75' lang='grc' dir='ltr'><strong>καὶ</strong></span> <span class='ocrx_word' id='word_1_889' title='bbox 3546 5526 3637 5583; x_wconf 77' lang='grc' dir='ltr'>διὰ</span> <span class='ocrx_word' id='word_1_890' title='bbox 3675 5527 3786 5584; x_wconf 74' lang='grc' dir='ltr'>τῶν</span> 
     </span>
    </p>
   </div>
  </div>
