4156 6506
346 276 449 334 Ml
1447 281 1514 339 IN
1552 283 1842 341 JOANNIS
1878 284 1918 340 E

2021 285 2326 345 NGELIUM
2358 290 2484 348 LIB.
2530 292 2570 351 l.
3561 307 3666 366 £02

341 396 740 469 προκειμένων
763 397 1067 468 ἐπείγεται.
1095 399 1172 454 Οὐ
1196 399 1306 474 γὰρ
1325 400 1499 474 δήπου
1521 405 1635 467 τοῖς
1665 403 1920 477 ἀκροωμὲ

2021 418 2034 466 ι
2064 405 2232 462 ditur.
2267 406 2385 464 Non
2426 410 2576 464 enim
2613 411 2847 480 putabat
2877 413 3230 475 auditoribus
3274 422 3414 478 satis
3443 422 3562 480 fore
3593 430 3663 482 ait

336 507 460 554 νοις
484 491 832 562 ἀποχρήσειν
851 491 1106 563 ἐνόμιζεν
1130 495 1213 558 είς
1236 494 1298 548 τὸ
1323 493 1589 550 δύνασθαι
1619 496 1762 550 νοεῖν
1784 497 1920 551 ἀπλο

2065 511 2213 558 recte
2245 503 2662 576 intelligendum
2694 506 2786 562 Dei
2814 507 3056 565 Verbum
3094 528 3289 568 revera
3321 529 3448 571 esse
3481 518 3661 574 lucem

338 585 455 648 νῶς
491 583 628 655 περὶ
672 583 769 637 τοῦ
810 584 951 638 Θεοῦ
1019 586 1194 654 Λόγου
1223 626 1238 651 ,
1279 587 1476 659 ὅτιπερ
1517 588 1690 652 ὅντως
1745 591 1863 644 ἐστὶ
1899 608 1920 644 1

2062 593 2377 658 hominum,
2405 596 2452 651 si
2489 597 2762 653 duntaxat
2798 598 3010 657 diceret
3050 623 3064 657 ι
3114 622 3134 655 ι
3185 604 3251 658 Et
3283 607 3394 662 vita
3419 622 3542 664 erat
3571 611 3663 664 lux

337 677 466 746 φῶς
533 677 649 730 τῶν
686 676 997 749 ἀνθρώπων
1040 677 1235 743 αὐτὸς,
1284 679 1372 734 διὰ
1405 680 1502 734 τοῦ
1543 682 1713 751 φάναι
1761 683 1920 754 μόνον

2061 685 2374 740 hominum.
2415 705 2433 737 ι
2474 684 2771 744 Probabile
2817 692 2966 746 enim
3019 701 3137 749 erat
3190 698 3411 754 futuros
3443 700 3662 770 aliquos

340 787 362 820 ‹
415 769 588 841 Καὶὴ
639 768 755 841 ζωὴ
787 765 857 842 ἦν
899 769 963 824 τὸ
989 769 1108 840 φῶς
1141 771 1251 826 τῶν
1297 772 1605 844 ἀνθρώπων
1630 791 1644 806 ο
1696 793 1716 826 ι
1752 771 1822 847 ἦν
1849 776 1920 846 γὰ

2057 781 2154 851 qui
2184 788 2392 836 temere
2414 789 2470 836 et.
2504 783 2921 841 inconsiderate
2946 801 3008 840 ea
3042 803 3166 857 quae
3195 790 3465 847 dicuntur
3499 765 3662 865 cape—

333 860 404 932 δὴ
435 862 536 914 καὶ
581 860 756 926 εἰκὸς,
804 861 1303 934 ἀναδειχθήσεσθαί
1357 882 1514 931 τινας
1573 866 1920 922 ἀϐασανίστω

2058 878 2200 932 rent.
2238 872 2490 943 aliosque
2519 875 2784 929 ducerent
2810 891 2874 931 ac
2909 878 3194 935 traderent
3230 883 3406 938 lucem
3437 860 3659 955 quidem

335 954 451 1007 τῶν
471 953 792 1025 λεγομένων
815 954 1141 1020 ἀκούοντας·
1165 957 1261 1010 καὶ
1283 957 1349 1030 δὴ
1372 959 1468 1012 καὶ
1487 959 1839 1031 πρεσϐεύειν,
1861 978 1920 1014 κα

2059 978 2254 1018 revera
2298 980 2426 1022 esse
2461 964 2555 1021 Dei
2595 966 2870 1032 Verbum,
2918 978 2975 1024 at
3040 988 3152 1026 non
3201 953 3467 1033 omnibus
3518 979 3660 1034 lucis

338 1047 567 1116 ἑτέρους
627 1046 911 1100 διδάσκειν
971 1047 1297 1120 ἐπιχειρεῖν,
1348 1049 1431 1103 ὅτι
1479 1051 1598 1121 φῶς
1641 1051 1741 1122 μὲν
1782 1052 1920 1106 ὅντω

2057 1052 2408 1128 largitorem,
2452 1056 2548 1111 sed
2584 1057 2789 1127 quibus
2819 1059 2950 1114 velit
2984 1062 3298 1131 prudentiae
3342 1067 3518 1122 lucem
3557 1069 3660 1121 ἰηι-

344 1138 491 1191 ὲστὶν
517 1141 546 1192 ό
571 1137 667 1192 τοῦ
696 1137 835 1193 Θεοῦ
858 1138 1053 1209 Λόγος,
1078 1139 1220 1212 πλὴν
1242 1141 1303 1195 ού
1327 1143 1463 1196 πᾶσι
1487 1143 1668 1212 φωτὸς
1691 1146 1920 1215 χορηγός

2055 1146 2301 1210 mittere,
2333 1161 2574 1220 eumque
2611 1152 2849 1222 probare
2881 1157 2975 1224 qui
3009 1157 3216 1227 dignus
3260 1162 3333 1214 sit
3368 1169 3486 1215 tam
3522 1162 3654 1216 illu-

339 1229 455 1283 ἀλλ’
486 1225 571 1294 οἷς
603 1230 672 1286 ἂν
706 1231 871 1295 αὐτὸς
909 1231 1190 1304 βούληται,
1231 1233 1292 1287 τὸ
1321 1233 1423 1304 τῆς
1452 1235 1724 1299 συνέσεως
1773 1236 1920 1307 ὲνίηο

2054 1238 2155 1294 stri
2189 1239 2337 1296 d0n0
2366 1260 2379 1296 :
2417 1251 2678 1299 ceterum
2713 1247 2948 1302 aliarum
2987 1259 3372 1307 creaturarum
3407 1255 3658 1310 rationa-

331 1323 476 1392 φῶς,
510 1323 834 1392 δοκιμάζων
867 1325 960 1378 τὸν
995 1325 1281 1395 ὀφείλοντα
1311 1327 1520 1393 λαϐεῖν,
1556 1331 1652 1383 καὶ
1683 1329 1787 1398 τῆς
1805 1328 1920 1383 οὔτι

2053 1331 2187 1386 lium
2267 1341 2522 1390 naturam
2599 1345 2695 1392 aut
2762 1354 2829 1394 ex
2919 1344 3164 1412 propriis
3243 1346 3657 1413 quodammodo

326 1416 607 1489 λαμπρᾶς
644 1419 796 1484 ἄξιον
848 1418 982 1473 ὄντα
1007 1419 1240 1489 δωρεᾶςο
1279 1422 1312 1493 ἡ
1340 1421 1399 1476 δέ
1432 1440 1496 1491 γε
1529 1422 1639 1477 τῶν
1665 1423 1840 1479 ἄλλων
1864 1425 1920 1478 λο

2052 1425 2362 1481 seminibus
2395 1427 2706 1496 prudentiae
2734 1431 2843 1486 vim
2891 1435 3169 1505 accipere,
3200 1447 3296 1491 aut
3337 1439 3655 1511 intelligen-

324 1509 518 1576 γικῶν
550 1511 870 1580 κτισμάτων
917 1510 1103 1580 φύσις,
1137 1512 1169 1582 ἢ
1202 1512 1263 1578 ἐξ
1289 1513 1509 1569 οίκείων
1541 1515 1734 1588 ὥσπερ
1782 1533 1920 1588 σπερ

2049 1520 2183 1574 tiam
2237 1520 2289 1573 ei
2334 1521 2801 1594 prudentiamque
2851 1541 2883 1580 a
2929 1526 3040 1582 Deo
3083 1543 3149 1582 ac
3205 1528 3371 1586 Patre
3409 1509 3652 1597 immitti,

326 1599 559 1669 μάτων,
587 1601 684 1670 τὴν
719 1599 810 1654 ἐπὶ
841 1600 921 1672 τῷ
968 1601 1228 1657 δύνασθαι
1257 1606 1476 1674 φρονεῖν
1509 1605 1820 1675 ἐρανίζεται
1851 1606 1913 1661 δύ

2049 1612 2212 1682 quasi
2261 1628 2370 1667 non
2429 1616 2607 1684 possit
2639 1616 2789 1671 istud
2844 1622 3134 1688 praestare'
3164 1622 3359 1678 Filius.
3412 1621 3482 1678 Ut
3519 1641 3655 1698 ergo

321 1693 597 1762 ναμιν,ῆ
643 1691 920 1764 ἐντίθησιν
964 1695 1103 1767 αὐτῇ
1145 1694 1271 1749 νοῦν
1320 1697 1413 1751 καὶ
1475 1696 1691 1752 σύνεσιν
1742 1700 1772 1752 ὁ
1812 1698 1920 1752 Θεδ

2049 1701 2411 1756 manifestum
2452 1703 2631 1775 ﬁeret,
2663 1707 2843 1775 ipsum
2870 1705 3043 1764 Deum
3084 1709 3324 1766 Verbum
3363 1714 3417 1767 in
3452 1711 3564 1770 Deo
3587 1691 3651 1771 ac

232 1836 248 1852 ,
321 1784 425 1837 καὶ
452 1779 671 1856 Πατὴρ,
705 1785 782 1849 ὼς
808 1786 911 1840 οὐκ
941 1786 1290 1860 ὲξισχύοντος
1311 1789 1469 1844 τοῦτο
1495 1789 1628 1861 δρᾷν
1655 1790 1752 1844 τοῦ
1784 1789 1917 1844 Υἱοῦ

2045 1795 2209 1853 Patre
2234 1799 2403 1853 Vitam
2435 1815 2561 1856 esse
2596 1809 2763 1871 atque
2793 1802 2997 1871 lucem,
3023 1821 3133 1860 non
3159 1806 3476 1877 aliquorum
3507 1812 3651 1865 dun-

321 1885 449 1938 Ἵνα
476 1881 665 1935 τοίνυν
695 1882 960 1952 φαίνηται
1016 1882 1206 1952 σαφῶς
1234 1884 1398 1948 αὐτὸς
1433 1886 1463 1938 ό
1489 1883 1622 1949 Θεὸς
1658 1884 1850 1954 Λόγος,
1881 1885 1920 1938 δέ

2045 1889 2218 1956 ιοιίειι,
2264 1890 2503 1946 aliorum
2544 1907 2657 1948 non
2708 1895 2864 1959 item,
2917 1896 3017 1950 sed
3084 1897 3353 1954 inen‘abili
3403 1903 3646 1971 quodam

321 1973 400 2047 ἦν
438 1976 498 2028 ὲν
529 1973 652 2042 Θεῷ
704 1974 802 2027 καὶ
839 1975 1040 2044 ιῐατρὶ,
1071 1977 1166 2029 καὶ
1213 1975 1350 2048 ζωὴ,
1383 1977 1479 2034 καὶ
1514 1977 1650 2047 φῶς,
1681 1977 1744 2031 ού
1776 1977 1920 2033 τινῶι

2041 1986 2578 2042 communicationis
2627 1987 2812 2056 modo,
2850 1997 2980 2059 puta
3012 2006 3139 2046 cum
3177 1993 3250 2048 sit
3281 1996 3556 2064 sapientia
3595 2007 3649 2052 ct

337 2067 442 2138 μὲν
491 2066 592 2120 ἀνὰ
638 2064 834 2136 μέρος,
874 2065 1081 2137 ἑτέρων
1133 2065 1193 2120 δὲ
1225 2066 1434 2127 οὐκέτι.
1467 2067 1606 2124 ἀλλά
1635 2069 1780 2124 κατά
1816 2086 1920 2125 τινα

2041 2077 2342 2147 prudentia
2379 2079 2554 2150 (quod
2582 2081 2636 2136 in
2667 2083 2908 2139 rationis
2941 2086 3295 2155 compotibus
3338 2088 3514 2144 lucem
3550 2105 3648 2160 ap-

328 2159 628 2232 μετουσίας
658 2158 906 2231 ἄρρητον
948 2159 1171 2231 τρόπον,
1212 2161 1288 2226 ὡς
1345 2162 1510 2232 σοφία
1568 2164 1666 2218 καὶ
1722 2163 1942 2230 σύνεσις

320 2261 338 2324 (
347 2255 491 2326 ὅπερ
516 2253 667 2306 ἐστὶν
695 2253 755 2305 ἐν
782 2253 898 2317 τοῖς
927 2252 1169 2322 λογικοῖς
1191 2253 1254 2307 τὸ
1275 2254 1608 2327 καλούμενον
1627 2256 1791 2328 φῶς),
1811 2259 1940 2311 ἑαυ-

316 2346 416 2400 τὸν
444 2346 592 2410 ὅλοις
620 2348 738 2409 τοῖς
778 2341 899 2400 οὖσι
947 2347 1315 2418 καταμιγνὺς,
1349 2347 1437 2402 ίνα
1482 2348 1836 2420 λογικεύηται
1868 2348 1940 2403 τὰ

310 2441 543 2509 λογικὰ,
575 2440 675 2495 καὶ
698 2439 966 2510 φρόνησιν
990 2439 1091 2514 ἔχῃ
1116 2441 1187 2496 τά
1217 2444 1538 2514 φρονήσεως
1567 2443 1815 2510 δεκτικὰ,
1835 2443 1936 2497 οὐκ

311 2535 386 2590 ἂν
419 2535 633 2606 ἑτέρως
683 2530 827 2589 εἶναι
857 2532 1022 2588 τοῦτο
1055 2533 1357 2606 δυνηθέντα
1403 2536 1568 2590 ποτέ·
1618 2535 1936 2606 ἀναγκαίως

312 2631 513 2701 φησιν,
554 2630 641 2683 ὅτι
669 2629 768 2682 καὶ
804 2648 822 2682 ι
853 2626 929 2683 Τὸ
954 2628 1071 2698 φῶς
1113 2631 1172 2684 ὲν
1201 2633 1270 2703 τῇ
1311 2631 1503 2701 σκοτία
1539 2629 1741 2700 φαίνει,
1781 2628 1932 2702 καὶὴ

314 2725 514 2779 σκοτία
531 2724 667 2778 αὐτὸ
685 2724 749 2778 ού
768 2724 1092 2778 κατέλαϐεν.
1120 2726 1326 2780 »Μόνον
1346 2725 1457 2798 γὰρ
1475 2725 1600 2797 οὐχὶ
1618 2724 1862 2780 τοιοῦτόν
1879 2740 1934 2777 τι

320 2821 436 2881 τοῖς
456 2818 835 2891 ἀκροωμένοις
852 2820 917 2872 ἐκ
932 2818 1137 2889 πολλῆς
1162 2819 1454 2892 ἀκριϐείας
1482 2818 1710 2891 ἀναϐοᾷ·
1728 2818 1928 2889 Ἔφην,

322 2903 370 2962 ὦ
403 2903 568 2977 οὗτοι,
583 2910 765 2964 καίτοι
791 2910 1001 2982 σφόδρα
1029 2909 1300 2964 διδάσκων
1332 2909 1402 2963 τά
1436 2909 1637 2980 ἀληθῆ,
1659 2909 1760 2980 τὴν
1783 2905 1930 2980 ζωὴν

308 3000 459 3057 εἶναι
487 3002 603 3056 τῶν
633 3000 944 3074 ἀνθρώπων
995 3003 1056 3057 τὸ
1089 3005 1227 3074 φῶς,
1255 3005 1357 3075 οὐχ
1403 3003 1494 3057 ἵνα
1525 3005 1621 3073 νοῇ
1661 3019 1744 3066 τις
1779 3000 1837 3054 ἐν
1863 3019 1930 3071 γε

304 3097 426 3158 τοῖς
456 3093 696 3166 παροῦσι
748 3092 990 3164 μάλιστα
1043 3093 1246 3163 λόγοις,
1297 3093 1357 3159 ἐξ
1412 3095 1600 3167 ἑτέρου
1651 3093 1927 3158 πολιτείας
1952 3134 2000 3198 C

299 3185 650 3258 κομίζεσθαι
679 3187 851 3259 γέρας
917 3187 1010 3240 τὸν
1052 3188 1180 3258 παρ’
1226 3187 1392 3242 αὑτοῦ
1448 3193 1752 3259 φωτισμὸν,
1796 3186 1926 3252 τοὺς

298 3281 545 3351 ὃσοιτπρ
585 3277 651 3333 ἂν
684 3279 962 3348 φαίνοιντο
1018 3279 1216 3334 δίκαιοί
1249 3295 1310 3333 τε
1363 3280 1458 3334 καὶ
1505 3279 1700 3348 ἀγαθοί
1745 3295 1759 3309 ·
1807 3278 1925 3333 ἀλλ’

305 3373 402 3426 ἶνα
472 3373 787 3444 μανθάνητε
836 3372 1022 3436 πάλιν,
1049 3373 1241 3445 ὅτιπερ
1293 3373 1352 3427 ὃν
1389 3373 1594 3445 τρόπον
1659 3373 1808 3427 ἐστὶν
1865 3372 1926 3426 ὲν

303 3468 451 3521 πᾶσι
474 3467 591 3529 τοῖς
622 3465 906 3534 γεγονόσιν
935 3467 964 3519 ὁ
996 3465 1170 3532 Λόγος
1193 3465 1328 3538 ζωὴ,
1365 3464 1650 3534 ζωογονῶν
1681 3464 1923 3535 δηλονότι

301 3560 377 3614 τὰ
401 3557 554 3629 ζωῆς
576 3556 832 3612 δεκτικά·
856 3538 1030 3622 061m:—
1053 3557 1203 3612 ἐστὶν
1228 3559 1287 3612 ὲν
1310 3559 1494 3622 αὐτοῖς
1528 3561 1626 3614 καί⁸
1667 3558 1807 3629 φῶς,
1851 3558 1922 3612 τά

302 3653 590 3717 συνέσεώς
622 3669 684 3705 τε
709 3653 802 3706 καὶ¹
838 3654 1158 3723 φρονήσεως
1186 3652 1440 3719 δεκτικὰ,
1468 3653 1630 3708 τοῦτο
1657 3653 1920 3707 δεικνύων

300 3749 447 3820 ὅπερ
472 3747 583 3800 εἰσί
601 3763 614 3776 '
635 3746 814 3800 πάντα
838 3746 950 3816 γὰρ
979 3747 1036 3799 ὲν
1061 3745 1196 3799 πᾶσί
1219 3744 1368 3799 ἐστιν
1407 3748 1436 3799 ό
1465 3745 1657 3817 Πατὴρ
1683 3746 1748 3800 δι’
1785 3745 1918 3800 Υἱοῦ

299 3845 363 3894 ἐν
404 3840 718 3910 Πνεύματι.
762 3839 995 3894 Σκοτίαν
1027 3838 1085 3894 δὲ
1119 3839 1379 3911 ὀνομάζει
1413 3839 1515 3911 τὴν
1551 3840 1646 3893 τοῦ
1682 3837 1915 3911 φωτίζε-

296 3932 432 3986 σθαι
459 3931 733 4002 δεομένην
751 3930 917 4001 φύσιν
939 3929 1354 3995 καθόλου,τοῦτ’
1378 3930 1628 4003 ἐστι,τὴν
1656 3933 1914 4004 γενητήν.

313 4024 544 4095 Ἐπειδὴ
594 4025 705 4093 γὰρ
757 4023 920 4076 αὑτὸν
967 4023 1217 4093 ὠνόμασε
1246 4022 1308 4076 τὸ
1344 4023 1481 4093 φῶς,
1515 4024 1709 4097 ἑτέραν
1750 4021 1917 4078 οὖσαν

301 4115 673 4171 ἐπιδεικνύων
706 4116 805 4187 τὴν
837 4116 1029 4169 ἐπιδεᾶ
1063 4116 1157 4169 καὶ
1191 4116 1460 4188 ἀμέτοχον
1501 4115 1613 4190 [ἵσ.
1662 4116 1914 4190 μέτοχον]

300 4207 476 4262 αὑτοῦ
535 4207 717 4262 κτίσιν
750 4207 999 4280 λογικὴν,
1041 4209 1124 4272 είς
1174 4208 1237 4260 τὸ
1295 4207 1915 4282 ἐναντίον“περιτρὲπει

295 4299 396 4354 τοῦ
464 4301 882 4372 σημαινομένου
935 4299 1036 4372 τὴν
1086 4299 1335 4370 δύναμιν,
1392 4301 1493 4354 οὐκ
1547 4301 1655 4355 ἀπὸ
1683 4300 1911 4365 σκοποῦ,

294 4393 446 4448 κατά
481 4407 553 4460 γε·
595 4393 687 4445 τὸν
741 4393 1014 4464 ἡμέτερον
1063 4392 1210 4457 νοῦν,
1246 4392 1528 4447 καὶτοῦτο
1566 4393 1757 4455 ποιῶν,
1795 4392 1912 4447 ἀλλ’

2041 2169 2360 2242 pellamus),
2398 2173 2650 2242 seipsum
2687 2174 2966 2231 universis
3014 2177 3183 2233 rebus
3217 2177 3554 2243 immiscere,
3588 2189 3649 2235 ut

2041 2261 2337 2316 rationalia
2402 2263 2682 2319 rationem
2753 2264 3048 2335 accipiant,
3103 2272 3158 2321 et
3220 2267 3643 2340 intelligentiam

2038 2351 2284 2409 habeant
2335 2368 2458 2424 qua:
2494 2355 2619 2424 ejus
2659 2363 2792 2410 sunt
2839 2357 3090 2428 capacia,
3135 2373 3239 2414 nec
3282 2360 3446 2417 aliter
3496 2363 3643 2418 istud

2037 2455 2279 2517 possunt
2330 2448 2577 2518 assequi,
2619 2449 2942 2506 necessario
2975 2450 3164 2514 infert,
3206 2471 3226 2504 ι
3281 2461 3338 2508 et
3369 2453 3547 2510 lucem
3588 2455 3643 2511 in

2038 2540 2284 2596 tenebris
2324 2541 2533 2606 lucere,
2565 2551 2622 2598 et.
2666 2543 2929 2599 tenebras
2960 2558 3083 2600 eam
3121 2559 3230 2600 non
3275 2547 3643 2618 comprehen-

2035 2631 2208 2688 disse.
2247 2651 2267 2685 ι
2297 2632 2355 2689 ld
2388 2633 2537 2688 enim
2576 2634 2978 2706 propemodum
3009 2636 3358 2694 auditoribus
3392 2639 3642 2696 studiose

2036 2725 2302 2780 inclamat
2340 2745 2354 2782 :
2384 2725 2528 2789 Dixi.
2555 2743 2590 2782 ο
2620 2729 2783 2796 boni,
2812 2730 3102 2785 veritatem
3135 2746 3262 2785 cum
3290 2731 3487 2803 primis
3514 2734 3638 2789 edo-

2034 2830 2190 2883 cens,
2216 2818 2387 2872 vitam
2419 2817 2530 2888 59
2547 2834 2671 2874 esse
2703 2819 2990 2874 hominum
3013 2818 3215 2884 lucem,
3243 2837 3352 2878 non
3391 2833 3448 2878 ut
3481 2825 3638 2895 quis-

2033 2923 2201 2980 quam
2235 2925 2303 2964 ex
2335 2908 2424 2965 his
2461 2911 2645 2967 verbis
2667 2911 2950 2967 existimet
2976 2927 3075 2970 eos
3099 2915 3194 2986 qui
3221 2915 3358 2986 justi
3393 2927 3449 2972 et
3474 2920 3634 2988 probi

2033 3015 2159 3056 esse
2178 2999 2440 3056 videntur
2472 3003 2703 3058 aliunde
2729 3005 2856 3060 vita:
2887 3005 3219 3062 Christiana:
3238 3009 3448 3071 donum
3478 3011 3633 3065 acci-

2032 3104 2202 3160 pere,
2249 3091 2510 3148 nimirum
2563 3094 3028 3152 illuminationem
3059 3139 3075 3163 ,
3145 3099 3242 3154 sed
3286 3109 3348 3155 ut
3402 3101 3634 3160 discetis

2032 3199 2254 3250 rursus,
2277 3187 2448 3256 quod,
2485 3202 2598 3257 quo
2627 3187 2792 3244 modo
2813 3197 2900 3245 est
2927 3191 2981 3244 in
3003 3192 3265 3249 omnibus
3285 3194 3449 3250 rebus
3479 3209 3632 3250 crea-

2031 3275 2102 3332 tis
2133 3274 2373 3332 Verhum
2430 3281 2573 3345 vita,
2609 3280 2902 3337 viviﬁcans
2955 3299 3153 3355 nempe
3214 3301 3281 3341 ea
3338 3289 3631 3357 quaerita)

2027 3375 2158 3423 sunt
2214 3371 2458 3441 capacia,
2510 3373 2586 3426 ita
2644 3388 2869 3444 quoque
2902 3391 3029 3431 esse
3071 3377 3127 3432 in
3182 3377 3250 3433 iis
3291 3379 3469 3434 lucem
3489 3396 3632 3450 -qu.e

2027 3463 2404 3533 intelligentia:
2445 3474 2502 3520 et.
2544 3467 2860 3536 prudentiae
2905 3477 3038 3522 sunt
3088 3472 3337 3542 capacia,
3376 3472 3428 3527 id
3479 3476 3628 3544 quod

2025 3563 2156 3610 sunt
2187 3556 2453 3614 efficiens.
2493 3555 2694 3612 Oumia
2731 3559 2879 3613 enim
2927 3572 3012 3616 est
3040 3561 3095 3616 in
3137 3563 3400 3620 erunibus
3434 3563 3625 3628 Pater,

2022 3667 2121 3723 per
2155 3649 2380 3715 Filium,
2425 3651 2481 3705 in
2539 3649 2770 3722 Spiritu.
2823 3653 3110 3710 Tenebras
3156 3663 3338 3712 autem
3379 3658 3628 3713 nominat

2023 3753 2281 3800 naturam
2326 3744 2472 3800 lucis
2514 3745 2780 3816 indigam,
2817 3745 2922 3800 hoc
2970 3753 3059 3802 est.
3111 3763 3330 3805 omnem
3396 3752 3627 3805 omnino

2021 3846 2292 3893 creatam.
2321 3836 2624 3909 Postquam
2655 3839 2803 3894 enim
2835 3838 3018 3909 ipsum
3046 3839 3228 3896 lucem
3259 3843 3622 3913 nuncupavit,

2021 3931 2190 3986 aliam
2233 3945 2357 3987 esse
2397 3931 2700 3988 ostendens
2739 3932 3078 4004 indigentem
3115 3942 3169 3989 et
3220 3934 3399 4005 ipsius
3441 3938 3618 4006 parti-

2021 4025 2199 4094 cipem
2227 4031 2546 4079 creaturam
2584 4025 2943 4089 rationalem,
2982 4026 3038 4081 in
3073 4029 3415 4082 contrarium
3455 4031 3619 4084 veitit

2018 4117 2128 4170 vim
2160 4123 2215 4171 et
2260 4115 2529 4170 rationem
2565 4119 2689 4184 ejus
2745 4117 2897 4187 quod
2943 4117 3312 4188 signiﬁcatur,
3363 4135 3472 4174 non
3521 4123 3620 4177 abs

2017 4224 2101 4271 re,
2131 4224 2254 4265 meo
2297 4209 2532 4280 judicio,
2570 4211 2623 4264 id
2659 4210 2894 4275 faciens,
2932 4212 3027 4266 sed
3059 4211 3206 4280 quod
3242 4214 3384 4282 apud
3431 4231 3491 4270 se
3521 4233 3619 4270 (ιο-

2022 4303 2243 4373 gitaret,
2273 4317 2459 4358 rerum
2505 4312 2821 4358 creatarum
2848 4311 3128 4370 naturam,
3160 4319 3286 4358 cum
3319 4306 3540 4363 nihilex
3559 4325 3617 4364 se

2019 4411 2254 4466 prorsus
2286 4395 2556 4467 proferat,
2595 4396 2690 4450 sed
2724 4411 2891 4452 omne
2933 4411 3095 4451 suum
3136 4412 3279 4460 esse.
3317 4407 3370 4451 et
3406 4410 3615 4454 rectum

290 4489 482 4541 ἐκεῖνο
505 4487 571 4558 δὴ
593 4488 815 4550 πάντως
841 4487 1168 4541 καθ’ὲαυτὸν
1200 4487 1480 4558 ἐννοήσας,
1520 4488 1599 4541 ὅτι
1625 4488 1733 4541 τῶν
1756 4504 1913 4558 γενη-

2021 4491 2360 4547 consistendi
2381 4490 2604 4545 modum
2635 4490 2831 4545 habeat.
2859 4491 2930 4545 ab
2955 4490 3173 4561 oplllce,
3207 4492 3332 4561 jure
3371 4494 3564 4549 audire
3599 4516 3612 4549 :

290 4578 407 4632 τῶν
437 4579 472 4649 ἡ
512 4576 696 4646 φύσις,
725 4577 880 4630 οὐδὲν
908 4578 1046 4642 ὅλως
1083 4579 1141 4646 ἐξ
1172 4578 1343 4649 αὐτῆς
1382 4579 1726 4648 πηγάζουσα,
1764 4579 1910 4649 σύμ-

289 4688 410 4725 παν
444 4671 505 4723 δὲ
556 4671 620 4724 τὸ
673 4667 815 4724 εἷναι
851 4673 944 4724 καὶ
975 4671 1038 4724 τὸ
1077 4667 1136 4725 εὖ
1166 4666 1308 4724 εἶναι
1343 4670 1568 4724 τοιῶσδε
1617 4671 1781 4741 τυχὸν
1824 4673 1908 4726 δε-

286 4764 510 4836 χομένη
537 4763 690 4834 παρὰ
707 4763 802 4817 τοῦ
824 4763 1194 4836 Δημιουργοῦ,
1210 4763 1432 4826 δικαίως
1450 4762 1636 4816 ἀκούει
1656 4765 1775 4816 ἀτί
1798 4764 1907 4834 γὰρ

285 4859 442 4928 ἔχεις
475 4857 506 4909 ὃ
541 4858 643 4908 οὒκ
682 4857 904 4920 ἔλαϐες
935 4875 952 4907 ι
988 4855 1208 4925 Ἐπειδὴ
1249 4856 1305 4910 δὲ
1361 4855 1498 4926 πρὸς
1557 4859 1667 4920 τοῖς
1702 4855 1904 4920 ἄλλοις,

283 4954 385 5006 καὶ
409 4949 553 5004 αὐτὸ
577 4948 858 5003 θεόσδοτον
887 4949 998 5020 ἔχει
1028 4951 1088 5003 τὸ
1129 4949 1267 5019 φῶς,
1301 4949 1402 5003 οὐκ
1432 4948 1632 5019 ἔχουσα
1660 4949 1904 5020 δηλονότι

283 5045 569 5115 λαμϐάνει
589 5061 604 5076 ·
638 5045 700 5096 τὸ
727 5044 784 5097 δὲ
813 5045 930 5113 φῶς
955 5045 1056 5097 οὐκ
1079 5043 1202 5114 ἔχον
1227 5043 1286 5109 ἐξ
1320 5041 1539 5108 ἑαυτοῦ,
1563 5043 1678 5108 πῶς
1710 5045 1808 5097 οὒκ
1838 5043 1904 5097 ἂν

279 5141 368 5209 εἴη
403 5139 464 5190 τὸ
501 5137 749 5190 ἐναντίον
769 5139 835 5208 ;ἣ
865 5138 984 5201 πῶς
1018 5139 1119 5191 οὐκ
1146 5137 1212 5191 ἂν
1249 5137 1461 5207 λέγοιτο
1489 5139 1707 5204 σκοτίας
1733 5137 1906 5192 Πιθα-

277 5230 343 5300 νὴ
385 5228 526 5298 γὰρ,
567 5227 770 5297 μᾶλλον
803 5228 860 5280 δὲ
905 5227 1004 5298 ἤδη
1038 5231 1133 5281 καὶ
1171 5229 1576 5300 ἀναγκαιοτάτη
1618 5228 1739 5284 λίαν
1766 5230 1904 5283 ἀπό-

271 5322 476 5383 δειξις,
504 5317 603 5372 τοῦ
633 5320 735 5390 τὴν
770 5321 869 5389 μὲν
904 5321 1081 5373 κτίσιν
1104 5316 1245 5374 εἶναι
1279 5320 1521 5385 σκοτίαν,
1552 5323 1667 5391 φῶς
1706 5322 1763 5375 δὲ
1799 5323 1900 5377 πά-

270 5416 360 5467 λιν
407 5413 502 5465 τδν
553 5412 648 5466 τοῦ
701 5412 838 5467 Θεοῦ
880 5414 1074 5483 Λόγον,
1107 5415 1166 5469 τὸ
1219 5415 1432 5484 φαίνειν
1481 5416 1538 5468 ἐν
1574 5418 1640 5485 τῇ
1704 5416 1896 5486 σκοτίᾳ

269 5508 334 5560 τὸ
383 5507 534 5575 φῶς.
573 5507 637 5559 Εἰ
679 5506 788 5577 γὰρ
830 5507 1042 5578 δέχεται
1093 5509 1200 5564 τῶν
1243 5509 1488 5580 γενητῶν
1535 5509 1567 5577 ἡ
1610 5508 1770 5577 φύσις
1804 5507 1895 5562 τὸν

268 5602 368 5657 τοῦ
414 5601 558 5655 Θεοῦ
596 5601 770 5670 Λόγον
811 5603 951 5657 κατά
999 5606 1315 5680 μετουσίαν,
1370 5606 1444 5668 ὡς
1487 5603 1622 5674 φῶς,
1660 5604 1690 5674 ἧ
1727 5605 1800 5669 ὡς
1832 5607 1896 5658 ἐκ

345 5785 394 5818 ’ί
436 5786 460 5844 ι
499 5785 614 5842 Cor
675 5799 769 5844 tv.
814 5787 863 5842 7.

2022 4603 2041 4632 ι
2077 4581 2219 4650 Quid
2247 4583 2392 4638 enim
2435 4581 2607 4636 habes
2667 4580 2832 4650 quod
2857 4595 2968 4634 non
3009 4581 3273 4650 accepisti
3301 4582 3382 4634 “?
3422 4600 3440 4634 ι
3477 4583 3616 4637 Cum

2015 4685 2198 4728 autem
2239 4681 2437 4745 prmter
2468 4684 2666 4728 caetera
2709 4673 2885 4740 ipsum
2936 4687 3160 4743 quoque
3198 4673 3468 4729 divinitus
3512 4676 3614 4728 ila-

2011 4776 2124 4822 tam
2175 4768 2352 4822 lucem
2405 4767 2626 4831 habeat,
2663 4780 2786 4820 eam
2840 4766 3030 4835 utique
3078 4780 3204 4819 cum
3251 4781 3362 4819 non
3392 4767 3611 4829 habeat,

2011 4861 2213 4930 accipit
2259 4879 2272 4915 :
2319 4861 2465 4930 quod
2504 4875 2638 4913 vero
2692 4859 2867 4912 lucem
2912 4874 2979 4911 ex
3018 4857 3216 4928 θείνει)
3259 4858 3611 4923 non'ltabct,

2009 4954 2292 5024 quomodo
2330 4968 2439 5008 non
2499 4953 2605 5007 erit
2658 4949 3042 5004 contrarium?
3083 4959 3172 5004 aut
3217 4951 3493 5020 quomodo
3534 4963 3614 5007 tc-'

2007 5044 2193 5100 nebrzn
2242 5059 2351 5098 non
2401 5043 2694 5097 dicentur?
2739 5039 3028 5095 Probabile
3061 5040 3233 5107 enim,
3277 5041 3607 5100 innineces-

2008 5139 2216 5195 sarium
2262 5145 2646 5208 argumentum
2694 5142 2780 5191 est
2815 5141 3127 5188 creaturam
3158 5149 3282 5189 esse
3329 5136 3604 5204 tenebras,

2008 5232 2102 5288 Dei
2144 5239 2327 5286 autem
2364 5229 2606 5286 Verbum
2655 5229 2860 5294 lucem,
2899 5226 3046 5297 quod
3088 5245 3106 5277 ι
3148 5227 3239 5282 lux
3265 5230 3328 5282 in
3365 5231 3610 5287 tt-ncbris

2006 5326 2173 5380 lucet.
2209 5342 2225 5372 ι
2258 5321 2480 5377 Νίκη-εἰ
2515 5335 2700 5375 rerum
2750 5331 3061 5375 creatarum
3102 5327 3298 5373 natura
3339 5318 3430 5374 Dei
3476 5319 3606 5372 νυτ-

2006 5417 2134 5472 bum
2185 5431 2280 5486 per
2336 5414 2818 5486 participationem
2870 5411 3092 5479 accipit,
3152 5419 3210 5463 ut
3261 5413 3459 5471 lucem,
3513 5422 3606 5462 aut

1969 5551 1972 5560 .
2007 5517 2267 5580 tanquam
2297 5525 2363 5564 cx
2401 5509 2545 5573 luce,
2575 5507 2694 5577 ipsa
2728 5504 2948 5576 quidem
2980 5502 3306 5557 ut-tenebrte
3342 5500 3600 5553 nimirum

2006 5601 2243 5674 accipit;
2281 5601 2426 5658 lucet
2469 5607 2654 5656 autem
2688 5598 2743 5654 in
2789 5598 2909 5669 ipsa
2945 5595 3089 5651 velut
3123 5595 3177 5647 in
3212 5593 3453 5649 tenebris
3488 5593 3598 5656 ius,
