4156 6498
551 297 658 356 ωδ
1563 290 1621 345 s.
1651 284 1932 346 CYRlLLl
1970 275 2442 338 ALEXANDRINI
2473 274 2799 332 ARClllE‘P.
3720 279 3824 336 tot

547 407 607 464 id
663 415 750 464 est
812 405 1026 471 Filius,
1083 403 1337 477 quamvis
1398 405 1640 459 tenebrat
1699 404 1874 458 lucem
1940 401 2121 468 utique

2233 391 2430 462 φωτὸς,
2456 391 2596 461 αὕτη
2620 391 2720 462 μὲν
2838 392 3028 446 σκοτία
3047 391 3288 464 δηλονότι
3309 391 3578 462 λαμδάνει
3597 408 3612 421 ο
3645 395 3825 461 φαίνει

551 500 823 555 nesciant.
862 497 975 552 Hoc
1003 496 1149 551 enim
1184 493 1481 566 signiﬁcat,
1516 493 1731 564 opinor,
1761 489 1896 546 illud
1934 507 1948 543 :
1977 506 1996 542 ι
2029 487 2133 543 Te-

551 589 734 643 nebrae
765 603 888 643 eam
919 601 1028 642 non
1077 586 1632 655 comprehenderunt.
1671 600 1690 634 ι
1723 579 1937 637 Cuncta
1983 579 2131 637 enim

551 679 647 736 Dei
676 681 914 736 Verbum
964 681 1204 735 illustrat
1259 693 1384 748 qua
1426 685 1560 732 sunt
1605 675 1990 730 illustrationis
2035 689 2132 727 ca-

551 772 730 840 pacia,
755 779 812 826 et
847 771 901 825 in
960 771 1279 826 universum
1305 783 1371 824 ea
1415 768 1687 822 illuminat
1729 780 1849 835 quae
1876 772 2130 820 naturain

549 862 752 916 habent
798 863 1218 916 illuminutionis
1249 874 1530 930 capacem.
1561 858 1848 928 lgnoratur
1882 863 2063 910 autem
2097 870 2129 910 a

546 955 811 1010 tenebris.
861 953 1170 1010 Rationalis
1219 953 1421 1023 quippe
1465 960 1662 1004 natura
1711 964 1832 1020 quae
1878 949 1933 1002 in
1968 947 2132 1003 terris

543 1051 650 1106 est,
691 1051 856 1096 homo
893 1044 1173 1103 nimirum,
1219 1042 1390 1095 coluit
1439 1039 1770 1110 quandoque
1817 1046 2127 1093 creaturam

547 1146 659 1200 prae
710 1133 989 1187 Creatore.
1026 1151 1044 1184 ι
1093 1131 1208 1186 Non
1244 1131 1778 1200 comprehenderunt
1835 1131 2059 1183 lucem:
2103 1145 2124 1180 ι

545 1233 658 1274 non
691 1223 837 1276 enim
868 1232 1205 1293 agnoverunt
1236 1221 1551 1276 Creatorem
1585 1219 1788 1275 fontem
1824 1219 2126 1290 sapientia,

547 1313 925 1384 intelligentia:
965 1312 1254 1383 originem,
1282 1311 1587 1381 prudentia
1623 1310 1886 1368 radicem.
1924 1310 2126 1366 Lucem

546 1417 729 1463 tamen
765 1405 970 1460 habent
997 1405 1092 1458 Dei
1125 1404 1524 1467 misericordia,
1553 1413 1606 1458 et
1651 1403 1986 1473 intelligendi
2018 1403 2126 1456 vim

545 1514 674 1554 cum
731 1497 866 1567 ipsis
929 1496 1337 1566 quodammodo
1397 1495 1675 1551 natalibus
1731 1496 1836 1550 sibi
1899 1495 2125 1548 insitam

544 1589 710 1644 simul
741 1588 998 1643 all'erunt.
1029 1586 1128 1641 llic
1160 1601 1355 1642 rursus
1387 1587 1711 1651 notandum,
1741 1585 1887 1640 nulla
1910 1585 2126 1639 ratione

545 1680 742 1735 Filium
801 1679 898 1734 Dei
963 1689 1211 1734 creatum
1265 1687 1362 1733 aut
1415 1677 1620 1734 factum
1680 1678 1907 1747 intelligi
1941 1692 2122 1747 posse,

2233 485 2293 540 δὲ
2321 487 2380 538 ὲν
2411 485 2571 555 αὐτῇ,
2625 467 2879 556 καθάπερ
2908 489 2966 540 ἐν
3007 488 3198 558 σκοτίᾳ
3245 487 3306 540 τὸ
3350 487 3489 557 φῶς,
3525 489 3555 540 6
3599 488 3742 552 Υἱὸς,
3773 490 3825 542 εί

2237 578 2333 630 καὶ
2360 576 2459 634 οὑκ
2503 573 2612 635 οἶδε
2661 577 2880 642 πάντως
2926 580 2959 649 ἠ
2999 580 3190 632 σκοτία
3217 580 3278 636 τὸ
3319 580 3434 648 φῶς
3461 596 3473 608 ·
3502 581 3662 638 τοῦτο
3693 581 3824 652 γὰρ,

2235 661 2412 738 οἶμαι,
2450 669 2704 739 σημαίνει
2727 669 2808 735 τὸ,
2845 688 2865 722 ι
2914 670 2980 722 Ἠ
3013 671 3205 728 σκοτία
3223 671 3354 727 αὐτὸ
3380 673 3440 724 οὑ
3466 673 3820 734 κατέλαϐεν.»

2187 781 2190 784 ’
2238 759 2449 815 Ἅπασι
2485 761 2586 832 μὲν
2627 761 2736 833 γὰρ
2780 763 2810 816 6
2856 762 2950 819 τοῦ
2980 763 3116 817 Θεοῦ
3174 766 3348 834 Λόγος
3391 766 3662 838 ὲλλάμπει
3710 771 3826 832 τοῖς

2235 856 2560 926 ὲλλάμψεως
2589 857 2879 920 δεκτικοῖς,
2913 860 3008 914 καὶ
3038 860 3264 928 φωτίζει
3294 862 3526 920 καθόλου
3565 862 3636 916 τά
3659 865 3828 932 φύσιν

2236 949 2429 1020 ἔχοντα
2467 949 2564 1004 τοῦ
2609 950 2942 1019 φωτίζεσθαι
2991 951 3276 1024 δεκτικήν·
3313 955 3589 1022 ἀγνοεῖται
3630 955 3686 1009 δὲ
3717 956 3830 1008 ὑπὸ

2233 1039 2333 1111 τῆς
2359 1042 2600 1108 σκοτίας·
2627 1044 2661 1113 ὴ
2688 1040 2795 1113 γὰρ
2817 1042 2910 1098 ἐπὶ
2927 1041 3029 1112 γῆς
3051 1045 3395 1114 τυγχάνουσα
3421 1045 3614 1116 λογικὴ
3637 1045 3825 1114 φύσις,

2231 1134 2378 1188 τοῦτ’
2397 1135 2564 1200 ἔστιν,
2582 1136 2612 1188 ό
2627 1135 2722 1190 ἀνθ
2731 1154 2929 1208 ρωπος,
2951 1138 3002 1189 ἑ)
3013 1137 3246 1209 άτρευσε
3263 1154 3390 1191 ποτε
3402 1141 3469 1209 τῇ
3485 1139 3656 1192 κτίσει
3673 1139 3832 1210 παρὰ

2231 1227 2323 1281 τὸν
2344 1227 2609 1282 κτίσαντα
2634 1269 2648 1284 .
2692 1247 2711 1282 ι
2742 1229 2816 1284 Οὐ
2845 1229 3113 1283 κατέλαϐε
3143 1229 3204 1283 τὸ
3225 1229 3341 1299 φῶς
3360 1247 3372 1260 ο
3404 1249 3424 1282 ι
3456 1233 3518 1284 οὑ
3545 1231 3656 1302 γὰρ
3681 1231 3830 1298 ἔγνω

2231 1320 2325 1373 τὸν
2352 1321 2719 1392 Δημιουργὸν,
2740 1321 2838 1392 τὴν
2865 1324 3046 1392 πηγὴν
3067 1323 3170 1387 τῆς
3196 1323 3410 1392 σοφίας,
3432 1323 3534 1392 τῆς
3551 1323 3827 1388 συνέσεως

2232 1410 2333 1482 τὴν
2360 1412 2559 1482 ἀρχὴν,
2587 1411 2686 1482 τὴν
2731 1413 2828 1483 τῆς
2879 1417 3201 1485 φρονήσεως
3259 1415 3435 1484 ῥίζαν.
3475 1416 3627 1484 Ἔχει
3659 1415 3704 1467 δ’
3727 1411 3828 1468 οὖν

2229 1503 2380 1574 ὅμως
2404 1505 2466 1557 ἐκ
2491 1503 2901 1576 φιλανθρωπίας
2932 1506 2992 1559 τὸ
3037 1505 3174 1575 φῶς,
3229 1507 3323 1560 καὶ
3374 1506 3826 1574 συγκαταϐεϐλη-

2234 1594 2402 1663 μένην
2423 1593 2613 1664 ὥσπερ
2639 1575 2905 1662 ἐπάγεται
2946 1596 3043 1667 τὴν
3081 1575 3176 1649 τοῦ
3208 1599 3427 1666 φρονεῖν
3453 1595 3680 1665 δύναμιν
3702 1599 3826 1662 ταῖς

2231 1685 2310 1747 είς
2353 1683 2414 1737 τὸ
2445 1679 2584 1738 εἶναι
2615 1685 2872 1756 παρόδοις
2916 1687 3314 1756 συντρέχουσαν
3345 1684 3414 1740 τὰ
3445 1687 3666 1756 γενητὰ.
3717 1687 3827 1757 Ση-

541 1772 653 1842 60
675 1771 771 1826 sed
805 1785 835 1824 a
865 1769 1024 1824 nobis
1057 1771 1275 1840 penitus
1309 1769 1592 1832 dissitum,
1615 1776 1670 1823 et
1703 1783 1870 1837 supra
1904 1777 2121 1822 creatu-

2235 1761 2568 1844 μειωτέονδὲ
2603 1776 2765 1830 πάλιν
2799 1779 2857 1831 ἐν
2905 1777 3140 1842 τούτοις,
3175 1779 3258 1832 ὃτι
3300 1779 3458 1845 λόγος
3496 1779 3671 1842 οὐδεὶς
3700 1780 3826 1831 ἐπι-

545 1877 734 1918 rarum
767 1871 1022 1918 naturam
1055 1863 1441 1924 constitutum,
1471 1860 1752 1928 aliumque
1780 1859 1848 1914 ab
1871 1859 1940 1914 iis
1965 1873 2125 1929 pror-

542 1968 640 2009 sus
694 1967 840 2017 esse,
901 1961 957 2007 et
1009 1952 1334 2008 substantia:
1388 1952 1603 2006 ratione
1653 1959 1948 2015 semotum,
2013 1965 2124 2004 non

543 2060 704 2102 secus
750 2045 1011 2102 nimirum
1055 2059 1120 2100 ac
1169 2046 1260 2100 lux
1292 2045 1481 2102 eadem
1521 2058 1635 2098 non
1666 2051 1750 2102 est
1795 2057 1923 2097 cunt
1963 2050 2123 2096 tene-

543 2137 684 2203 bris,
733 2139 830 2194 sed
897 2137 1175 2194 contraria
1215 2146 1270 2191 et
1321 2136 1640 2192 diversitate
1698 2145 1906 2192 natura:
1961 2135 2124 2204 plane

541 2229 827 2286 distincta.
871 2232 981 2286 Sed
1008 2246 1130 2286 cum
1167 2230 1270 2285 hac
1297 2229 1366 2285 de
1398 2245 1456 2285 re
1495 2231 1632 2286 satis
1663 2239 1822 2285 antea
1847 2238 2123 2287 tractave-

542 2321 738 2386 rimus,
775 2322 1027 2378 addenda
1065 2333 1196 2378 sunt
1225 2323 1384 2378 nobis
1399 2323 1611 2394 reliqua
1641 2338 1763 2392 quc
1789 2330 2116 2392 sequuntur.

2225 1867 2418 1939 τρέψει
2449 1869 2676 1938 γενητὸν
2704 1865 2845 1923 εἶναι
2875 1873 3037 1934 νοεῖν,
3091 1871 3125 1940 ἢ
3153 1872 3522 1941 πεποιημένον
3551 1871 3827 1942 ὑπάρχειν

2227 1960 2434 2013 οἴεσθαι
2490 1960 2581 2012 τὸν
2621 1959 2748 2018 Υίὸν
2778 1959 2873 2014 τοῦ
2907 1961 3065 2023 Θεοῦ.
3093 1961 3206 2016 ἀλλ’
3263 1962 3608 2032 ἀφεστηκότα
3639 1963 3824 2033 πάντη

2224 2050 2336 2105 τῶν
2358 2051 2482 2106 καθ’
2522 2053 2689 2122 ἡμᾶς,
2720 2052 2816 2106 καὶ
2840 2051 2939 2122 τὴν
2964 2053 3076 2107 τῶν
3110 2055 3425 2125 κτισμάτων
3458 2054 3826 2108 ἀναϐαίνοντα

2225 2141 2412 2211 φύσιν,
2453 2143 2636 2214 ἕτερόν
2685 2161 2744 2198 τε
2793 2146 3090 2211 παντελῶς,
3122 2145 3154 2216 ἢ
3185 2147 3324 2218 ὅπερ
3369 2147 3507 2200 εἰσιν
3536 2147 3696 2203 αὐτὰ.
3724 2149 3826 2202 καὶ

2223 2234 2358 2288 πολὺ
2415 2234 2732 2306 διεστηκότα
2784 2237 2927 2290 κατὰ
2974 2236 3074 2307 τὴν
3117 2239 3216 2308 τῆς
3259 2239 3446 2302 οὐσίας
3495 2238 3760 2309 ποιότητα
3805 2257 3820 2270 ο

2226 2323 2416 2396 ὥσπερ
2446 2320 2540 2378 οὖν
2561 2327 2752 2396 ἀμέλει
2783 2327 2843 2382 τὸ
2875 2327 2989 2396 φῶς
3016 2328 3150 2400 πρὸς
3184 2329 3281 2400 τὴν
3319 2329 3538 2383 σκοτίαν
3582 2329 3728 2382 ἐστὶν
3755 2329 3824 2388 οὑ

539 2414 757 2480 ταυτὸν,
795 2413 911 2468 ἀλλ’
939 2415 1043 2485 ήδη
1079 2415 1176 2469 καὶ
1249 2414 1510 2475 ἐναντίον.
1577 2416 1676 2470 καὶ
1712 2414 2059 2485 άσυγκρίτως
2097 2416 2219 2478 ταῖς
2255 2417 2542 2488 διαφοραῖς
2587 2418 2667 2481 είς
2726 2416 3111 2492 ἀλλοτριότητα
3142 2421 3376 2491 φυσικὴν
3418 2419 3818 2492 χωριζόμενον,

555 2507 944 2580 ’Δποχρώνως
996 2510 1056 2564 δὲ
1111 2510 1214 2581 ἢδη
1246 2509 1338 2564 τὸν
1386 2510 1516 2582 περὶ
1561 2509 1752 2566 τούτου
1779 2510 2129 2574 διαλαϐόντες
2167 2510 2324 2581 λόγον
2354 2514 2416 2566 ἂν
2438 2515 2550 2576 τοῖς
2579 2512 3097 2584 προεξητασμένοις,
3118 2515 3187 2568 τὰ
3227 2513 3392 2569 λοιπὰ
3442 2514 3551 2569 τῶν
3613 2512 3821 2590 ἐφεξῆς

540 2601 944 2673 προσθήσομεν.

614 2694 658 2758 Ι,
688 2691 744 2756 6,
776 2693 826 2746 7.
859 2689 991 2746 Fuit
1021 2690 1177 2746 homo
1213 2693 1405 2748 utitur
1452 2709 1486 2746 α
1523 2691 1650 2754 Deo,
1675 2693 1762 2746 cui
1791 2708 1978 2749 nomen
2007 2699 2124 2750 erat

541 2783 798 2840 Joannes.
854 2783 959 2838 Hic
991 2786 1128 2840 venit
1159 2786 1216 2840 in
1247 2786 1632 2851 testimonium,
1663 2794 1721 2840 ut
1758 2786 2117 2842 testimonium

541 2877 833 2947 perhiberet
857 2876 921 2930 de
949 2876 1167 2932 lumine.

614 2967 800 3024 Multis
828 2975 988 3024 antes
1021 2968 1089 3024 de
1118 2965 1227 3023 Deo
1264 2965 1445 3024 Verbo
1487 2967 1781 3039 diligenter
1826 2966 2116 3039 expositis.

541 3061 744 3130 quibus
788 3068 938 3128 patet
984 3059 1164 3130 ipsum
1208 3058 1508 3116 secundum
1563 3067 1818 3115 naturam
1857 3074 1980 3116 esse
2020 3058 2115 3114 Dei

541 3165 607 3205 ac
647 3150 826 3206 Patris
874 3148 1097 3211 Filium,
1126 3149 1288 3204 [idem
1337 3151 1504 3205 dictis
1533 3151 1793 3221 deinceps
1831 3149 2113 3206 conciliat.

2310 2688 2575 2759 Ἐγένετο
2599 2690 2913 2760 ἄνθρωπος
2951 2691 3412 2762 ἀπεσταλμένος
3445 2693 3607 2762 παρὰ
3634 2695 3806 2760 Θεοῦ,

2225 2780 2415 2851 ὄνομα
2445 2781 2608 2848 αὐτῴ
2641 2783 2943 2852 Ἰωάννης·
2963 2779 3143 2849 οὗτος
3159 2780 3346 2855 ἦλθεν
3372 2786 3460 2852 εἰς
3480 2788 3812 2857 μαρτυρίαν

2227 2873 2330 2930 ἵνα
2360 2873 2722 2944 μαρτυρήσῃ
2751 2875 3014 2944 περὶτοῦ
3045 2877 3259 2945 φωτός.

2295 2965 2474 3020 Πολλὰ
2506 2963 3024 3038 προεξηγησάμενος
3059 2966 3188 3038 περὶ
3215 2965 3307 3020 τοῦ
3333 2966 3466 3022 Θεοῦ
3494 2967 3682 3036 Λόγου,
3712 2968 3814 3022 καὶ

2223 3051 2293 3104 δι’
2319 3046 2396 3108 ὦν
2441 3055 2793 3123 ἀναφαίνοιτο
2835 3054 2975 3108 κατὰ
3011 3054 3172 3123 φύσιν
3227 3056 3487 3127 ὑπάρχων
3542 3057 3661 3121 Υἱὸς
3702 3058 3803 3112 τοῦ

2221 3143 2356 3196 Θεοῦ
2405 3145 2498 3198 καὶ
2530 3147 2762 3217 Πατρὸς,
2807 3147 3173 3218 ἀκριϐέστατα
3197 3147 3420 3203 διειπὼν
3453 3151 3550 3221 τὴν
3595 3152 3658 3205 ὲκ
3691 3151 3805 3208 τῶν

541 3243 682 3298 Cum
716 3251 900 3297 autem
930 3257 1028 3312 per
1050 3240 1273 3314 Moysen
1305 3243 1512 3297 dictum
1539 3244 1615 3300 sit
1642 3257 1672 3296 a
1702 3243 1831 3308 Deo,
1895 3261 1914 3294 ι
1948 3242 2002 3296 in
2029 3256 2121 3298 ore

2228 3235 2595 3306 ἀκροωμένων
2621 3237 2804 3290 πίστιν
2843 3241 2956 3301 τοῖς
3005 3239 3318 3310 εἰρημένοις
3353 3243 3808 3314 ὲκπραγματειὲε-

543 3333 781 3388 duorum
811 3340 906 3386 aut
940 3333 1106 3387 trium
1143 3334 1364 3388 testium
1396 3343 1543 3388 stare
1569 3347 1732 3388 omne
1760 3333 1984 3388 verbum
2003 3334 2071 3399 ⁸⁸,
2097 3351 2119 3385 ι

545 3438 757 3493 magna
793 3425 1144 3479 auctoritatis
1173 3424 1280 3480 sibi
1329 3434 1524 3480 testem
1572 3425 1793 3480 beatum
1825 3425 2126 3494 Baptistam

546 3514 845 3585 prudenter
880 3516 1150 3586 adiungit.
1181 3516 1302 3572 Non
1351 3518 1496 3591 enim
1549 3518 1799 3588 putabat,
1830 3516 2124 3588 quantavis

543 3615 691 3662 esset
727 3607 1052 3662 auctoritate
1089 3608 1373 3679 praeditus,
1405 3608 1477 3664 ab
1521 3609 1589 3664 iis
1618 3611 1712 3678 qui
1748 3609 1801 3668 in
1835 3608 2130 3664 historiam

545 3699 722 3754 nostri
800 3699 1109 3756 Salvatoris
1169 3699 1477 3755 inciderent
1533 3699 1696 3755 ﬁdem
1749 3700 1892 3755 ultra
1949 3701 2121 3772 legem

543 3805 668 3846 esse
699 3789 1044 3860 exigendam,
1082 3799 1137 3845 et
1157 3792 1250 3845 uni
1287 3791 1392 3847 sibi
1425 3789 1782 3854 credendum,
1813 3805 1906 3848 res
1941 3800 2123 3847 mente

543 3889 598 3935 et
633 3880 992 3952 intelligentia
1025 3890 1213 3938 nostra
1247 3883 1566 3954 superiores
1601 3883 1906 3938 enarrasti.
1938 3884 2123 3954 Itaque

545 3981 782 4028 testatur
845 3973 1068 4044 quidem
1131 3975 1253 4045 ipse
1316 3975 1510 4032 beatus
1561 3976 1900 4047 evangelista
1971 3975 2122 4046 quod

547 4079 568 4115 t
612 4061 850 4118 Verbum
890 4072 1012 4120 erat
1038 4063 1092 4119 in
1121 4063 1417 4135 principio,
1438 4071 1494 4119 et
1529 4061 1673 4122 Deus
1704 4072 1824 4122 erat
1859 4061 2120 4132 Verbum,

539 4163 596 4212 et
618 4162 737 4211 erat
770 4155 823 4210 in
849 4156 1122 4227 principio
1146 4155 1294 4227 apud
1325 4155 1519 4223 Deum,
1558 4175 1579 4209 ι
1612 4163 1669 4211 et
1704 4155 1852 4227 quod
1881 4171 1902 4208 ι
1937 4156 2120 4211 omnia

541 4263 639 4318 per
679 4251 855 4319 ipsum
905 4248 1053 4304 facta
1099 4257 1254 4317 sunt,
1295 4268 1315 4303 ι
1353 4259 1409 4306 et
1459 4248 1608 4320 quod
1640 4258 1760 4304 erat
1809 4249 1867 4304 in
1916 4249 2121 4304 creatis

542 4341 730 4404 rebus,
765 4348 825 4393 ut
867 4340 1005 4401 vita.
1035 4347 1090 4394 et
1133 4339 1282 4410 quod
1343 4339 1439 4396 lux
1488 4340 1771 4394 hominum
1821 4347 1941 4396 erat
1985 4340 2117 4404 vita,

543 4445 602 4489 ut
649 4448 719 4488 es
774 4434 862 4489 his
901 4432 1162 4488 omnibus
1219 4431 1474 4488 ostendat
1525 4429 1723 4486 Filium
1769 4445 1895 4487 esse
1947 4431 2115 4487 Deum

541 4525 844 4582 secundum
892 4531 1172 4579 naturam.
1203 4524 1263 4578 Ei
1317 4536 1448 4578 vero
1502 4522 1834 4593 astipulatur
1875 4520 2117 4592 Baptista

540 4617 784 4682 divinus,
825 4617 1120 4674 clamans:
1157 4635 1177 4668 ι
1218 4614 1418 4670 Parate
1465 4615 1610 4670 viam
1654 4611 1892 4680 Domini,
1935 4625 2118 4670 rectas

541 4708 706 4764 facite
763 4708 992 4764 semitas
1037 4707 1134 4764 Dei
1192 4707 1367 4764 nostri
1414 4705 1480 4761 “.
1541 4725 1560 4757 ι
1617 4703 1775 4760 Hunc
1819 4704 1962 4761 enim
1997 4720 2121 4762 esse

541 4800 711 4856 Deum
749 4816 938 4856 verum
976 4814 1140 4856 nemo
1173 4814 1283 4855 non
1335 4798 1523 4870 utique
1567 4797 1844 4862 fatebitur,
1883 4796 1972 4851 cui
2019 4797 2120 4851 do-

539 4889 858 4945 minationis
909 4889 1149 4960 dignitas
1182 4887 1487 4944 secundum
1539 4895 1792 4940 naturam
1830 4884 1980 4948 insit,
2017 4898 2117 4938 nec

538 4980 695 5035 alteri
727 4981 907 5036 inesse
929 4980 1314 5050 conspiciatur
1343 4979 1563 5050 proprie
1583 4993 1648 5033 ac
1674 4992 1822 5043 vere,
1846 4976 2116 5047 siquidem

544 5091 564 5125 ι
602 5072 762 5128 nobis
811 5081 898 5127 est
941 5087 1088 5126 unus
1119 5070 1264 5128 Deus
1297 5087 1362 5126 ac
1395 5071 1574 5136 Pater,
1606 5086 1747 5126 unus
1789 5077 1971 5124 autem
2003 5068 2114 5122 Do-

539 5166 722 5218 minus
781 5161 944 5219 Jesus
984 5163 1260 5229 Christus,
1305 5183 1325 5216 ι
1365 5173 1424 5218 ιιι
1468 5162 1674 5218 Paulus
1736 5163 1965 5228 scribit;
2012 5180 2031 5212 ι
2059 5169 2115 5216 et

537 5255 660 5310 licet
695 5255 806 5309 sint
853 5255 945 5325 qui
995 5253 1252 5310 dicantur
1285 5252 1360 5310 dii
1406 5267 1502 5322 per
1539 5252 1794 5322 gratiam,
1827 5259 1880 5306 et
1908 5249 2115 5310 domini

538 5346 718 5408 multi,
751 5345 868 5400 sive
913 5346 969 5400 in
1007 5345 1171 5407 cmlo,
1197 5345 1313 5402 sive
1357 5343 1412 5398 in
1439 5352 1606 5404 terra,
1646 5357 1788 5398 unus
1818 5349 2000 5397 tamen
2029 5347 2114 5394 est

537 5451 664 5492 cum
698 5436 809 5493 Deo
828 5437 988 5492 Patre
1016 5451 1183 5494 verus
1210 5435 1463 5492 Filius“.
1509 5453 1528 5486 ι
1563 5434 1729 5507 igitur
1752 5433 2002 5489 maxime
2031 5431 2114 5486 di-

539 5529 822 5597 gnationis
845 5539 928 5585 est
949 5545 1048 5601 par
1079 5529 1212 5585 illud
1235 5536 1550 5590 sanctorum
1577 5526 1822 5590 testium,
1848 5524 1982 5579 ﬁdes
2011 5538 2111 5578 au-

541 5624 650 5672 tem
686 5620 832 5674 nulla
881 5635 990 5674 non
1023 5635 1090 5675 ex
1135 5626 1290 5690 parte
1324 5618 1622 5688 oinculpata
1656 5615 1818 5670 dictis
1856 5614 2108 5677 debetur,

2225 3343 2316 3382 ται
2345 3344 2358 3356 ·
2386 3327 2574 3397 ἐπειδὴ
2600 3327 2657 3382 δὲ
2693 3330 2835 3382 κατὰ
2853 3329 2912 3382 τὸ
2943 3331 3230 3401 εἰρημένον
3259 3333 3346 3387 διὰ
3387 3336 3626 3400 Μωσέως
3656 3340 3812 3408 παρὰ

2225 3417 2381 3483 Θεοῦ,
2419 3437 2438 3470 t
2485 3420 2606 3474 Ἐπὶ
2662 3420 2926 3491 στόματος
2973 3422 3068 3476 δὺο
3140 3425 3232 3477 καὶ
3279 3427 3446 3496 τριῶν
3516 3430 3812 3502 μαρτύρων

2226 3509 2555 3581 σταθήσεται
2583 3512 2691 3565 πᾶν
2717 3515 2902 3584 ῥῆμαο
2941 3532 2959 3564 ι
2990 3515 3212 3584 συνάγει
3240 3517 3516 3589 φρονίμως
3535 3521 3812 3592 ἐφ’ὲαυτῷ

2223 3599 2314 3654 τὸν
2341 3601 2627 3672 Μακάριον
2663 3602 2999 3674 Βαπτιστὴν,
3046 3605 3140 3658 καὶ
3183 3604 3606 3676 ἀξιολογώτατον
3640 3610 3809 3675 ὅντως

2225 3691 2565 3760 συνεισφέρει
2598 3691 2690 3746 τὸν
2721 3690 3002 3762 μάρτυρα.
3042 3693 3115 3745 Οὑ
3164 3693 3270 3764 γὰρ
3307 3693 3445 3764 ᾣετο
3470 3695 3598 3760 δεῖν,
3636 3697 3685 3749 εί
3716 3700 3810 3751 καὶ

2223 3779 2344 3847 λίαν
2375 3783 2608 3853 ὑπάρχει
2636 3781 2852 3853 σεμνὸς,
2888 3783 2986 3854 τὴν
3025 3783 3165 3856 ὑπὲρ
3195 3786 3357 3856 νόμον
3382 3788 3682 3859 ἀπαιτῆσαι
3717 3790 3804 3842 πί-

2224 3890 2340 3926 στιν
2358 3874 2484 3936 τοὺς
2515 3873 2930 3944 ἐντευξομένους
2962 3877 3028 3947 τῇ
3078 3877 3206 3946 περὶ
3242 3877 3338 3931 τοῦ
3369 3879 3618 3952 Σωτῆρος
3647 3879 3806 3950 ἡμῶν

2223 3967 2535 4038 συγγραφῇ,
2575 3965 2670 4021 καὶ
2722 3966 2869 4037 μόνῳ
2914 3969 3193 4022 πιστεύειν
3215 3969 3364 4040 αὑτῷ
3396 3969 3464 4038 τὰ
3495 3971 3634 4043 ὑπὲρ
3658 3974 3804 4032 νοῦν.

2220 4056 2317 4111 καὶ
2377 4057 2637 4132 φρόνησιν
2691 4057 3038 4134 ἐξηγουμένῳ
3084 4062 3184 4134 τὴν
3231 4063 3353 4117 καθ’
3377 4066 3542 4134 ἡμᾶς.
3594 4065 3807 4120 Οὐκοῦν

2223 4151 2490 4222 μαρτυρεῖ
2541 4150 2641 4222 μὲν
2672 4150 2832 4214 αὐτὸς
2883 4152 2912 4204 ό
2947 4153 3214 4227 μακάριος
3251 4155 3661 4227 εὑαγγβλιστὴς,
3690 4157 3780 4211 ὅτι

2220 4255 2327 4310 περ
2360 4258 2378 4292 ι
2417 4234 2527 4292 Ἦν
2553 4241 2583 4292 6
2619 4240 2792 4310 Λόγος
2828 4243 2886 4296 ὲν
2937 4244 3105 4314 ἀρχῇ,
3133 4245 3228 4298 καὶ
3277 4245 3407 4311 Θεὸς
3438 4243 3506 4319 ἦν
3539 4251 3568 4302 6
3605 4248 3798 4317 Λόγος,

2219 4331 2313 4383 καὶ
2351 4325 2418 4399 ἦν
2473 4331 2534 4385 ὲν
2582 4332 2726 4405 ἀρχῇ
2782 4331 2918 4404 πρὸς
2944 4335 3034 4387 τὸν
3077 4336 3230 4400 Θεὸν,
3270 4356 3290 4392 ο
3327 4337 3422 4392 καὶ
3453 4337 3536 4392 ὅτι
3575 4357 3594 4391 ι
3625 4341 3802 4394 πάντα

2217 4420 2286 4474 δι’
2329 4420 2494 4475 αὑτοῦ
2544 4421 2782 4490 ἐγένετο,
2817 4441 2834 4474 ι
2873 4425 2967 4479 καὶ
3015 4421 3083 4498 ἦν
3111 4429 3170 4481 ἐν
3211 4431 3324 4492 τοῖς
3361 4430 3694 4500 γενομένοις,
3725 4432 3801 4496 ὡς

2220 4509 2354 4584 ζωὴ,
2381 4514 2474 4566 καὶ
2499 4513 2582 4567 ὅτι
2609 4513 2670 4568 τὺ
2696 4514 2809 4583 φῶς
2867 4517 2977 4572 τῶν
3028 4517 3330 4591 ἀνθρώπων
3357 4517 3424 4596 ἦν
3455 4522 3487 4592 ὴ
3537 4521 3672 4592 ζωὴ.
3713 4523 3800 4578 ἵνα

2217 4600 2304 4654 διὰ
2323 4601 2526 4658 τούτων
2551 4604 2807 4658 ἁπάντων
2834 4605 2968 4659 Θεὸν
3010 4607 3141 4664 δντα
3179 4611 3320 4666 κατὰ
3349 4611 3511 4681 φύσιν
3544 4611 3800 4684 ἀποδείξῃ

2215 4693 2308 4746 τὸν
2338 4694 2481 4750 Υίόν.
2517 4696 2912 4769 Ἐπιμαρτυρετ
2934 4697 2990 4751 δὲ
3019 4701 3273 4773 αὐτῷκαὶ
3291 4703 3576 4770 θεσπέσιος
3597 4705 3797 4760 Βαπτι-

2219 4786 2370 4855 στήςο
2403 4804 2422 4838 ι
2469 4785 2829 4857 Ἑτοιμάσατε
2861 4789 2960 4857 τὴν
2999 4791 3118 4845 ὁδὸν
3161 4794 3369 4865 Κυρίου
3413 4815 3432 4847 ι
3469 4796 3628 4866 βοῶν,
3655 4815 3673 4847 ι
3707 4799 3796 4850 εὑ-

2220 4875 2370 4939 θείας
2401 4880 2600 4934 ποιεῖτε
2618 4877 2713 4940 τὰς
2741 4877 2964 4948 τρίϐους
2993 4880 3088 4934 τοῦ
3114 4882 3250 4938 Θεοῦ
3276 4885 3485 4954 ἡμῶν.)
3516 4883 3664 4939 Εἶναι
3689 4886 3798 4956 γὰρ

2218 4966 2283 5037 δὴ
2310 4967 2523 5031 πάντως
2561 4969 2677 5038 ὲρεῖ
2713 4987 2796 5033 τις
2825 4970 2959 5032 Θεὸν
2983 4972 3254 5044 ἀληθινὸν,
3283 4976 3372 5028 τὸν
3392 4971 3436 5045 ᾧ
3471 4977 3608 5031 κατὰ
3637 4976 3798 5045 φύσιν

2215 5061 2513 5133 ἐνυπάρχοι
2565 5061 2626 5114 τδ
2673 5062 2771 5132 τῆς
2827 5066 3144 5138 κυριότητος
3189 5068 3426 5138 ἀξίωμα,
3462 5071 3557 5123 καὶ
3596 5071 3695 5122 οὑκ
3729 5070 3798 5123 ἂν

2216 5153 2386 5224 ἑτέρῳ
2428 5153 2673 5221 φαίνοιτο
2706 5157 2909 5226 προσὸν
2953 5160 3158 5228 κυρίως
3185 5176 3242 5212 τε
3272 5160 3366 5213 καὶ
3389 5160 3626 5230 ἀληθῶς,
3647 5161 3798 5212 sirei-

2216 5260 2342 5315 περ,
2371 5263 2387 5292 ι
2413 5239 2504 5306 Εἷς
2530 5245 2626 5314 μὲν
2647 5247 2779 5315 ἡμῖν
2806 5248 2835 5299 6
2857 5246 2993 5310 Θεὸς
3026 5250 3120 5304 καὶ⁵
3161 5250 3368 5322 Πατὴρ,
3400 5244 3478 5313 εἷς
3500 5251 3556 5303 δὲ
3595 5251 3798 5321 Κύριος

2227 5335 2428 5405 Ἰησοῦς
2457 5336 2741 5408 Χριστὸς,ι
2777 5339 2920 5396 κατὰ
2944 5340 3042 5410 τὴν
3069 5340 3280 5400 Παύλου
3313 5348 3494 5413 φωνήν
3523 5359 3537 5374 ο
3577 5360 3595 5391 ι
3630 5343 3723 5396 καὶ
3746 5344 3795 5395 εί

2220 5426 2331 5481 θεοὶ
2370 5430 2509 5482 κατὰ
2562 5430 2721 5501 χάριν
2774 5434 2866 5486 καὶ
2898 5433 3075 5506 κύριοι
3113 5434 3399 5494 καλοῦνται
3433 5435 3617 5489 πολλοὶ
3653 5434 3709 5486 ἓν
3734 5451 3795 5487 τε

2217 5518 2295 5590 τῷ
2325 5519 2540 5590 οὐρανῷ
2571 5523 2662 5574 καὶ
2689 5524 2782 5576 ἐπὶ
2827 5527 2925 5597 τῆς
2966 5527 3090 5597 γῆς,
3119 5526 3232 5580 ἀλλ’
3258 5521 3339 5591 εἷς
3372 5528 3508 5599 μετὰ
3558 5525 3650 5579 τοῦ
3682 5524 3795 5576 Ila.-

2215 5613 2343 5686 τρὸς
2371 5614 2502 5676 Θεὸς
2539 5614 2792 5686 ἀληθινὸς
2831 5620 2861 5673 ό
2894 5619 3039 5686 Υίός.
3073 5640 3092 5676 ι
3121 5621 3354 5688 Οὐκοῦν,
3394 5620 3794 5689 ἀξιολογωτάτη

617 5727 662 5758 ’⁸
699 5736 856 5794 Deut.
897 5753 1017 5807 xix,
1055 5738 1141 5796 l5.
1214 5738 1432 5794 “Joan.
1459 5751 1499 5805 ι,
1531 5735 1768 5804 23;lsa.
1801 5747 1902 5801 τι,
1930 5732 1984 5788 5.
2059 5736 2106 5767 ⁸³
2141 5731 2162 5786 l
2194 5732 2320 5789 Cor.
2356 5747 2490 5802 vni,
2518 5732 2571 5802 5,
2599 5733 2651 5788 6.

4065 769 4071 1008 I
