4156 6512
326 425 447 482 105

1389 412 1406 421 “
1446 410 1513 468 ΙΝ
1552 403 1840 467 ΙΟΑΝΝΙΞ
1862 398 2310 461 EVANGELIUM
2344 404 2473 462 LIB.
2513 405 2554 462 ι.

3521 403 3631 460 106

328 542 438 614 μὲν
457 538 574 592 τῶν
591 535 765 605 ἁγίων
800 532 1152 606 μαρτύρωνὴ
1176 529 1429 603 ξυνωρὶς,
1467 527 1651 590 πίστις
1679 525 1734 579 δὲ
1758 520 1942 576 λοιπὸν

2051 535 2168 588 quae
2218 537 2344 578 cum
2395 521 2736 594 plenitudine
2780 522 2933 595 legis,
2970 531 3084 580 tum
3121 539 3488 595 personarum
3523 529 3629 601 61

324 627 643 700 οὐδαμόθεν
670 623 1127 697 κατηγορουμένη
1156 623 1267 686 τοῖς
1295 619 1610 690 λεγομένοις
1639 614 1937 686 ὀφείλεται..

326 722 428 775 καὶ
463 720 527 773 τὸ
561 721 628 773 ἐκ
652 717 821 789 νόμον
844 715 1087 770 λαϐοῦσα
1109 715 1403 786 πλήρωμα,
1423 711 1516 766 καί⁵
1542 713 1609 781 τῇ
1636 707 1748 762 τῶν
1771 724 1939 778 προσ-

325 812 502 866 ώπων
567 809 901 881 περιφανείᾳ
968 806 1355 879 βεϐαιουμένη.
1408 803 1480 857 Τὸ
1530 804 1628 874 μὲν
1669 797 1761 856 οὖν
1812 800 1942 871 περὶ

328 904 536 959 ἑαυτοῦ
564 921 618 958 τι
650 903 820 970 φάναι
852 901 947 955 τὸν
973 900 1243 972 μακάριον
1272 894 1686 966 εὑαγγελιστὴν,
1707 893 1802 948 καὶ
1831 891 1940 946 τῶν

331 999 486 1052 ἰδίων
509 995 812 1067 ἐγκωμίων
840 993 1178 1064 ἐφάψασθαι,
1219 991 1476 1063 φορτικὸν
1520 985 1590 1062 ἦν
1621 989 1810 1051 ὅντως,
1848 987 1942 1041 καὶ

335 1089 511 1152 ἄλλως
563 1086 898 1142 ἀπαίδευτον
921 1100 934 1114 ·
987 1079 1023 1156 ἦ
1051 1082 1160 1155 γάρ
1193 1081 1260 1138 ἂν
1299 1082 1499 1153 ἤκουσε
1548 1077 1795 1142 δικαίως,
1828 1095 1846 1128 ι
1866 1075 1939 1129 Σὺ

342 1181 470 1253 περί
495 1178 730 1234 σεαυτοῦ
792 1177 1111 1250 μαρτυρεῖς,
1152 1177 1187 1246 Ii)
1239 1171 1517 1246 μαρτυρία
1545 1188 1638 1226 σου
1664 1169 1766 1224 οὑκ
1793 1167 1942 1222 ἐστιν

338 1274 566 1345 ἀληθής.
592 1293 612 1326 ι
633 1272 739 1326 Διά
756 1288 839 1324 τοι
858 1269 1018 1324 τοῦτο
1036 1270 1151 1334 τοῖς
1175 1267 1372 1322 εἰδόσιν
1401 1265 1564 1320 αὑτὸν
1591 1263 1662 1318 τὰ
1675 1262 1930 1317 καθ’ἐαυ-

330 1366 425 1420 τὸν
450 1368 598 1420 νοεῖν
633 1363 948 1434 ἐπιτρέπει,
997 1363 1090 1416 ἐπὶ
1126 1362 1182 1416 δέ
1233 1360 1328 1414 τὸν
1364 1357 1654 1431 ὁμώνυμον
1696 1356 1938 1428 ἔρχεται,

329 1456 524 1520 καλῶς
556 1473 622 1525 γε
653 1455 864 1525 σφόδρα
889 1453 1050 1507 τοῦτο
1081 1451 1273 1518 ποιῶν,
1291 1452 1386 1506 καὶ
1410 1448 1746 1505 ἀπεστάλθαι
1778 1446 1944 1518 φησὶν

327 1549 507 1604 αὑτὸν
563 1548 718 1619 παρά
777 1545 939 1600 Θεοῦ.
979 1545 1126 1598 Ἔδει
1174 1543 1282 1616 γὰρ
1324 1543 1426 1597 οὑκ
1470 1541 1787 1612 αὐτόμολον,
1819 1537 1942 1595 οὑδέ

327 1643 668 1714 αὑτοκλήτῳ
687 1640 888 1711 σπουδῇ
919 1637 1057 1710 πρὸς
1083 1637 1182 1709 τὴν
1213 1637 1357 1708 ὑπὲρ
1383 1635 1477 1690 τοῦ
1509 1635 1760 1705 Σωτῆρος
1783 1630 1943 1703 ἡμῶν

329 1739 492 1792 ἰόντα
517 1734 824 1807 μαρτυρίαν
849 1731 1116 1787 δεικνύειν
1137 1730 1230 1786 τὸν
1259 1730 1415 1799 ἅγιον
1448 1727 1782 1798 Βαπτιστὴν,
1805 1724 1958 1784 ἀλλὰ,

323 1834 447 1894 τοῖς
468 1829 683 1885 ἄνωθεν
703 1825 1154 1896 διατεταγμένοις
1181 1822 1497 1887 ὑπείκοντα,
1521 1822 1617 1876 καὶ
1642 1822 1756 1885 τοῖς
1778 1819 1944 1882 θείοις

324 1914 427 1980 τοῦ
454 1922 676 1994 Πατρός
706 1917 1090 1992 ὑπηρετοῦντα
1117 1916 1407 1989 θελήμασι.
1439 1914 1540 1969 Διὰ
1571 1913 1732 1969 τοῦτό
1754 1929 1940 1983 φησιν’

337 2037 359 2069 ι
419 2015 672 2084 Ἐγένετο
757 2011 1047 2083 ἅνθρωπος
1105 2008 1518 2080 ἀπεσταλμένος
1580 2005 1733 2077 παρὰ
1779 2003 1940 2070 Θεοῦ,

335 2109 516 2178 ὄνομα
575 2103 728 2176 αὑτῷ
799 2102 1077 2172 Ἰωάννης.
1140 2119 1160 2155 ι
1231 2098 1623 2171 Ἐπιτηρητέον
1671 2097 1730 2150 δὲ
1793 2096 1943 2159 ὅπως

335 2198 559 2269 ἀσφαλῆ
604 2214 666 2251 τε
709 2195 810 2250 καὶ⁸
866 2196 1150 2266 πρέποντα
1182 2193 1276 2248 τὸν
1313 2194 1445 2264 περὶ
1489 2190 1724 2244 ἑκάστου
1786 2188 1944 2258 λόγον

328 2292 660 2362 ἐποιήσατο,
701 2287 800 2342 καί
832 2289 900 2358 τῇ
930 2285 1040 2340 τῶν
1066 2284 1488 2358 σημαινομένων
1515 2281 1677 2353 φύσει
1705 2282 1944 2353 ἐπάλλη-

325 2387 449 2442 λον.
490 2386 619 2440 Ἑπὶ
655 2385 756 2457 μὲν
782 2383 892 2456 γὰρ
925 2381 1020 2437 τοῦ
1050 2380 1186 2436 Θεοῦ
1215 2381 1412 2452 Λόγου,
1445 2382 1505 2435 τὸ
1533 2399 1552 2433 ι
1579 2377 1649 2452 ἦν
1669 2399 1688 2434 ι
1711 2379 1942 2436 ἀκολού-

325 2478 446 2542 θως
497 2475 821 2547 εἰσφέρεται
875 2471 1130 2543 πανταχῆ
1184 2470 1286 2542 τὴν
1342 2469 1628 2540 ἀῖδιότητα
1676 2470 1943 2540 σημαῖνον

325 2568 528 2634 αὑτοῦ,
563 2568 660 2622 καί
686 2567 749 2620 τὸ
784 2565 966 2638 πάσης
998 2563 1177 2635 ἀρχῆς
1207 2561 1309 2633 τῆς
1337 2564 1396 2617 ἐν
1428 2560 1608 2633 χρόνῳ
1634 2559 1942 2632 πρεσϐύτε-

331 2677 454 2733 ρον,
507 2660 605 2713 καί
640 2657 703 2710 τὸ
761 2653 1096 2725 πεποιῆσθαι
1154 2652 1396 2724 νομίζειν
1453 2651 1618 2705 αὑτὸν
1656 2648 1940 2722 ἀναιροῦν.

328 2755 409 2808 Τὸ
440 2753 555 2824 γὰρ
577 2751 638 2805 δν
668 2750 757 2804 ἀεὶ
793 2748 912 2812 πῶς
946 2745 1014 2802 ἂν
1051 2746 1224 2799 νοοῖτο
1256 2744 1351 2797 καὶ
1393 2741 1624 2812 γενητόν
1653 2757 1667 2808 ;
1721 2740 1844 2793 Ἐπὶ
1886 2738 1944 2792 δὲ

335 2846 435 2901 τοῦ
467 2843 739 2916 μακαρίου
766 2838 1101 2906 Βαπτιστοῦ,
1145 2836 1464 2910 πρεπόντως
1493 2834 1680 2906 φησίν·
1715 2852 1734 2886 ι
1789 2831 1942 2901 Ἐγέ-

340 2954 471 2992 νετο
493 2936 785 3008 ἄνθρωπος
835 2929 1251 3002 ἀπεσταλμένος
1289 2926 1444 3000 παρά
1497 2925 1656 2992 Θεοῦ,
1693 2943 1712 2979 ι
1749 2924 1825 2989 ὡς
1854 2924 1941 2977 ἐπ’

330 3031 635 3105 ἀνθρώπου
680 3026 920 3100 γενητὴν
968 3026 1183 3097 ἔχοντος
1223 3023 1322 3096 τὴν
1349 3021 1532 3092 φύσιν.
1575 3019 1734 3073 Δοκεῖ
1753 3017 1812 3072 δέ
1852 3033 1944 3089 μοι

327 3127 434 3180 καὶ
487 3124 617 3178 λίαν
658 3120 1087 3192 ἡσφαλισμένως
1132 3119 1192 3172 ἐν
1222 3115 1435 3179 τούτοις
1474 3116 1504 3168 ό
1551 3111 1945 3184 εὑαγγελιστὴς

2044 613 2298 672 claritate
2344 616 2729 672 conﬁrmatur.
2775 614 2853 673 De
2901 631 2961 672 se
3010 624 3194 673 autem
3231 619 3381 688 loqui
3410 620 3630 676 beatum

2044 705 2462 777 evangelistam,
2487 722 2727 779 suasque
2765 709 2957 766 laudes
2990 710 3283 783 attingere,
3311 728 3478 783 grave
3499 728 3634 769 sane

2045 794 2277 864 fuisset,
2318 812 2384 853 ac
2438 799 2774 870 caeteroquin
2837 799 3176 872 imperitum.
3227 804 3452 874 Alioqui
3507 805 3635 876 jure

2045 886 2352 944 audiisset:
2387 907 2406 941 ι
2429 888 2514 944 Tu
2559 890 2628 946 de
2656 891 2832 962 teipso
2879 893 3220 961 testiﬁcaris,
3251 898 3629 952 testimonium

2046 987 2345 1037 tuumnon
2377 992 2461 1038 est
2488 999 2678 1039 verum
2693 987 2784 1040 Ψ.
2825 985 3079 1042 «Idcirco
3113 987 3182 1044 iis
3228 990 3432 1060 quibus
3466 1000 3632 1048 notus

2045 1078 2184 1136 erat,
2203 1072 2443 1143 seipsum
2469 1076 2738 1146 permittit
2755 1078 3193 1148 agnoscendum,
3212 1081 3632 1154 ethomonymia

2045 1163 2239 1228 utitur,
2273 1179 2374 1220 nec
2436 1165 2536 1223 abs
2590 1183 2670 1235 re,
2719 1178 2773 1224 et
2806 1169 3038 1226 missum
3086 1186 3212 1227 esse
3259 1173 3333 1227 ait
3377 1174 3560 1243 ipsum
3601 1191 3632 1230 a

2045 1253 2180 1312 Deo.
2214 1254 2454 1312 Decebat
2493 1258 2640 1314 enim
2697 1261 2990 1318 ostendere
3041 1273 3297 1320 sanctum
3329 1263 3632 1335 Baptistam

2044 1364 2156 1404 non
2195 1364 2294 1420 per
2333 1366 2413 1417 se,
2450 1367 2553 1408 nec
2607 1367 2730 1418 sua,
2760 1363 2959 1425 sponte
3006 1357 3077 1412 ad
3131 1360 3511 1414 testimonium
3567 1360 3635 1416 de

2047 1443 2336 1503 Salvatore
2366 1459 2562 1505 nostro
2590 1449 2876 1506 l‘erendum
2909 1455 3234 1520 accessisse,
3261 1455 3354 1511 sed
3379 1455 3635 1525 supernis

2046 1538 2320 1596 mandatis
2351 1540 2786 1613 obtemperasse,
2817 1559 2882 1600 ac
2918 1547 3122 1602 divinis
3173 1542 3357 1603 Patris
3407 1547 3634 1604 nutibus

2045 1644 2254 1686 morem
2305 1637 2568 1702 gessisse.
2611 1633 2888 1702 Quocirca
2937 1637 3163 1709 inquit:
3207 1658 3226 1691 ι
3279 1639 3406 1695 Fuit
3467 1639 3634 1695 homo

2046 1719 2256 1777 missus
2297 1735 2327 1776 a
2363 1721 2496 1788 Deo,
2531 1724 2620 1779 cui
2661 1739 2862 1781 nomen
2911 1734 3030 1781 erat
3064 1724 3326 1788 Joannes.
3371 1745 3390 1779 ι
3429 1725 3636 1782 Οὺεσνο

2049 1814 2287 1869 vandum
2317 1822 2500 1872 autem
2527 1825 2634 1884 est,
2681 1833 2792 1888 quo
2827 1827 2987 1889 pacto
3019 1826 3194 1883 certa,
3228 1820 3424 1876 idonea
3455 1829 3509 1875 et
3545 1835 3635 1875 re.

2047 1920 2170 1961 rum
2200 1914 2415 1964 naturae
2443 1911 2861 1967 accommodata
2892 1913 3145 1968 oratione
3176 1919 3385 1968 utatur.
3417 1911 3634 1968 Etenim

2045 1997 2202 2064 illud,
2235 2017 2254 2052 ι
2295 2010 2438 2066 erat,
2481 2021 2498 2053 ι
2535 2001 2604 2057 de
2632 2001 2742 2058 Deo
2774 2001 2958 2059 Verbo
2991 2012 3362 2072 consentanee
3403 2004 3632 2071 dicitur,

2044 2093 2409 2148 aeternitatem
2445 2094 2591 2164 ejus,
2642 2102 2697 2150 et
2736 2096 3118 2166 antiquitatem
3170 2097 3324 2152 omni
3363 2097 3636 2168 principio

2045 2186 2309 2256 temporis
2353 2187 2596 2258 priorem
2625 2188 2831 2258 ubique
2863 2189 3210 2260 signiﬁcans,
3234 2200 3289 2247 et
3317 2191 3636 2262 opinionem

2045 2279 2195 2354 quod
2221 2289 2438 2337 creatus
2469 2281 2562 2348 sit,
2591 2296 2660 2336 ex
2700 2283 2884 2338 animo
2914 2297 3145 2354 prorsus
3177 2283 3442 2340 evellens.
3479 2283 3638 2350 Quod

2045 2373 2192 2427 enim
2218 2387 2437 2443 semper
2481 2381 2587 2439 est,
2628 2374 2907 2444 quomodo
2932 2383 3181 2444 creatum
3216 2377 3358 2432 erit?
3375 2376 3454 2432 De
3475 2377 3639 2433 beato

2045 2477 2177 2518 vero
2221 2461 2471 2533 Baptista
2520 2466 2917 2523 convenienter
2951 2467 3048 2533 ait,
3087 2486 3106 2520 ι
3144 2466 3271 2524 Fuit
3301 2469 3466 2525 homo
3503 2470 3640 2527 mis-

2046 2567 2144 2608 sus
2201 2566 2234 2607 a
2289 2553 2422 2618 Deo,
2462 2573 2482 2608 ι
2531 2561 2725 2626 utpote
2777 2557 2846 2614 de
2907 2558 3134 2614 homine
3195 2569 3378 2615 creata
3440 2567 3639 2616 natura

2045 2644 2299 2715 praedito.
2334 2645 2466 2701 Mihi
2502 2656 2687 2704 autem
2733 2649 2955 2705 videtur
2983 2651 3073 2706 hic
3105 2653 3449 2723 evangelista
3481 2663 3642 2709 caute

2047 2737 2346 2793 admodum
2399 2739 2608 2807 dicere,
2657 2757 2770 2800 non
2827 2743 3154 2814 simpliciter
3202 2763 3222 2797 ι
3257 2744 3406 2811 Fuit,
3465 2765 3486 2798 ι
3542 2749 3639 2803 sed

2047 2829 2259 2895 addito,
2302 2849 2321 2883 ι
2358 2832 2542 2899 homo,
2579 2853 2602 2887 ›
2636 2838 2986 2892 temerariam
3013 2837 3384 2909 quorumdam
3419 2849 3643 2896 senten-

2046 2921 2184 2976 tiam
2243 2932 2509 2980 evertere.
2544 2923 2664 2980 Jam
2715 2927 2864 2982 enim
2917 2928 2973 2982 in
3025 2930 3224 3001 vulgus
3277 2931 3437 2986 multi
3483 2945 3644 3002 spar-

2048 3022 2260 3083 serant,
2296 3031 2430 3072 vere
2465 3017 2749 3074 hominem
2797 3032 2910 3074 non
2967 3033 3091 3076 esse
3155 3029 3413 3076 sanctum
3453 3019 3644 3092 Bapti-

2048 3122 2216 3180 stam,
2261 3109 2358 3167 sed
2415 3125 2587 3165 unum
2644 3126 2677 3167 e
2729 3111 2938 3168 sanctis
2994 3113 3204 3184 angelis
3256 3113 3385 3169 coeli
3416 3113 3642 3177 incolis.

326 3219 435 3290 οὑχ
465 3215 660 3280 ἀπλῶς
689 3215 773 3268 ὅτι
797 3233 816 3266 ι
837 3212 1061 3283 γέγονεν
1098 3231 1117 3265 ι
1148 3211 1346 3274 εἰπεῖν,
1373 3208 1508 3263 άλλά
1541 3207 1629 3262 διὰ
1658 3207 1750 3262 τοῦ
1772 3223 1946 3279 προσ-

2051 3204 2296 3260 humano
2339 3203 2561 3275 quidem
2621 3219 2857 3277 corpore
2899 3212 3168 3272 utentem,
3209 3215 3266 3263 et
3320 3206 3554 3264 missum
3611 3223 3646 3265 ι

328 3313 517 3366 θεῖναι
549 3306 647 3362 καὶ
679 3327 698 3359 ι
724 3307 1038 3377 ἄνθρωπος,
1075 3321 1096 3357 ι
1135 3301 1506 3372 ἀόουλοτάτην
1531 3300 1694 3355 τινῶν
1720 3301 1950 3370 ἀνατρέ-

327 3421 463 3457 πειν
491 3401 774 3456 ὑπόνοιαν.
812 3397 953 3469 Ἤδη
978 3396 1086 3468 γάρ
1105 3414 1190 3460 τις
1211 3395 1363 3467 παρὰ
1379 3395 1594 3459 πολλοῖς
1613 3393 1950 3467 περιηνέχθη

326 3496 522 3565 λόγος,
557 3494 662 3548 οὑκ
695 3492 982 3563 ἄνθρωπον
1007 3488 1175 3553 ὄντως
1198 3488 1464 3559 ὑπάρχειν
1497 3486 1658 3556 φύσει
1681 3487 1772 3540 τὸν
1795 3484 1951 3555 ἅγιον

329 3585 665 3658 Βαπτιστὴν
695 3581 1054 3656 διαθρυλλῶν,
1115 3580 1230 3634 ἀλλ’
1268 3580 1366 3633 ἕνα
1416 3578 1526 3632 τῶν
1558 3578 1728 3632 ὅντων
1759 3578 1816 3632 ἐν
1837 3579 1953 3641 τοῖς

329 3679 597 3748 οὐρανοῖς
643 3675 821 3745 ἁγίων
887 3671 1138 3741 ἀγγέλων
1159 3710 1175 3737 ,
1226 3670 1557 3743 ἀνθρωπίνῳ
1603 3669 1952 3742 χρησάμενον

335 3768 586 3841 σώματι,
620 3769 717 3822 καὶ
746 3766 886 3839 πρὸς
921 3765 982 3818 τὸ
1034 3764 1330 3836 κηρύττειν
1361 3761 1774 3833 ἀπεσταλμένον
1799 3761 1954 3832 παρὰ

333 3861 502 3918 Θεοῦ.
549 3859 877 3932 Ἐξεύρηται
913 3857 973 3911 δέ
1014 3856 1180 3911 πάλιν
1207 3857 1395 3921 αὑτοῖς
1430 3855 1532 3927 τῆς
1565 3855 1823 3918 ὑπονοίας
1853 3855 1954 3926 τῆς

335 3959 432 4012 ἐπὶ
464 3954 648 4025 τούτῳ
683 3953 983 4025 πρόφασις,
1017 3949 1078 4003 τὸ
1108 3947 1362 4021 εἰρῆσθαι
1391 3947 1544 4026 παρὰ
1573 3946 1733 4000 Θεοῦο
1764 3965 1784 4000 ι
1820 3946 1952 4000 Ἱδοὺ

336 4047 453 4116 ἐγὼ
479 4043 808 4101 ἀποστέλλω
833 4042 926 4096 τὸν
965 4039 1198 4111 ἄγγελόν
1240 4055 1342 4111 μου
1365 4039 1474 4111 πρὸ
1505 4035 1804 4111 προσώπου
1832 4055 1951 4104 σου,

337 4141 397 4206 ὃς
450 4136 868 4194 κατασκευάσει
919 4135 1018 4206 τὴν
1072 4134 1192 4188 ὁδόν
1266 4149 1362 4186 σου
1414 4131 1728 4204 ἔμπροσθέν
1778 4148 1890 4188 σου.
1928 4150 1947 4184 ι

351 4226 832 4298 ’Δποσφάλλονται
863 4224 926 4279 δέ
960 4223 1061 4296 τῆς
1087 4222 1349 4294 ἀληθείας
1381 4224 1430 4276 οἰ
1454 4223 1581 4295 τῇδε
1613 4222 1951 4288 δοξάζοντες,

338 4321 404 4376 οὑ
436 4320 696 4382 νοοῦντες
716 4359 731 4384 ,
761 4318 844 4372 ὅτι
871 4316 934 4370 τὸ
963 4315 1219 4386 ἄγγελος
1244 4313 1416 4383 ὄνομα
1439 4313 1784 4384 λειτουργίας
1813 4313 1954 4384 μᾶλ-

339 4413 434 4468 λόν
468 4415 646 4478 ἐστιν,
683 4410 831 4481 ἤπερ
861 4407 1053 4471 οὑσίας
1086 4405 1442 4478 σημαντικὸν,
1471 4403 1662 4476 ὥσπερ
1686 4400 1781 4458 οὖν
1819 4403 1955 4475 ἀμέ-

338 4508 447 4573 λει,
476 4506 574 4559 καί
603 4504 664 4557 ἐν
708 4503 823 4564 τοῖς
879 4500 1022 4555 κατὰ
1082 4499 1176 4553 τὸν
1212 4498 1484 4570 μακάριον
1527 4496 1647 4552 Ἰὼϐ
1672 4496 1831 4562 ἀλλος
1862 4497 1951 4552 ἐπ’

336 4601 494 4672 ἀλλῳ
535 4596 829 4668 τρέχουσιν
855 4592 1079 4663 ἄγγελοι
1139 4590 1210 4646 τά
1235 4589 1552 4645 πολύπλοκα
1585 4590 1950 4662 κηρύττοντες

336 4693 520 4763 πάθη,
555 4691 656 4744 καὶ
691 4689 813 4752 ταῖς
872 4686 1194 4758 ἀνηκέστοις
1250 4683 1490 4748 ἐκείναις
1539 4683 1948 4766 διακονούμενοι

338 4785 686 4856 συμφοραῖς.
702 4777 908 4851 Ὀρίζει
939 4779 997 4832 δέ
1017 4797 1070 4833 τι
1091 4777 1334 4833 τοιοῦτον
1350 4777 1445 4832 ἐπὶ
1470 4777 1581 4832 τῶν
1591 4779 1765 4847 ἁγίων
1779 4779 1951 4848 ἀγγέ-

335 4879 450 4933 λων
484 4876 586 4931 xui.
617 4873 781 4936 αὑτὸς
813 4874 948 4943 ἡμῖν
979 4873 1009 4926 ὁ
1038 4871 1350 4941 σοφώτατος
1375 4870 1590 4936 Παῦλος
1619 4871 1950 4928 ἐπιστέλλων

302 4971 442 5033 ῖὼδί
469 4987 482 5003 ·
521 4988 543 5021 ι
582 4967 720 5037 Οὐχὶ
753 4966 956 5028 πάντες
990 4964 1099 5018 εἰσί.
1141 4964 1493 5036 λειτουργικὰ
1537 4965 1828 5037 πνεύματα
1871 4968 1952 5032 εἰς

304 5038 632 5118 Δδιακονίαν
658 5055 1230 5126 άποστελλόμενα,διά
1264 5058 1392 5120 τοὺς
1423 5057 1716 5127 μέλλοντας
1750 5058 1952 5130 κληρο-

337 5155 540 5227 νομεῖν
590 5149 898 5221 σωτηρίαν;
963 5167 984 5200 ι
1044 5148 1256 5202 Οὑκοῦν
1327 5149 1561 5218 ἄγγελος
1610 5151 1638 5202 ό
1683 5150 1954 5223 μακάριος

337 5241 674 5314 Βαπτιστὴς
712 5242 970 5311 Ἰωάννης
990 5239 1080 5295 διὰ
1105 5240 1204 5311 τῆς
1226 5240 1321 5294 τοῦ
1345 5241 1618 5295 Δεσπότου
1641 5244 1957 5314 κατωνόμα-

338 5358 475 5396 σται
504 5336 721 5408 φωνῆς,
747 5336 851 5390 οὑκ
877 5335 1040 5399 αὑτὸς
1074 5334 1218 5388 κατά
1254 5333 1416 5404 φύσιν
1458 5334 1691 5404 ἄγγελος
1717 5332 1812 5403 ὢν,
1837 5335 1956 5390 ἀλλ’

335 5434 416 5499 ὡς
445 5433 534 5496 εἰς
564 5431 628 5484 τὸ
660 5428 949 5498 ἀγγέλλειν
999 5427 1434 5499 ἀπεσταλμένος,
1484 5427 1602 5496 καί,
1646 5447 1664 5481 ι
1693 5429 1804 5502 Τὴν
1837 5429 1956 5485 ὁδὸν

337 5525 561 5597 Κυρίου
619 5521 972 5592 ἑτοιμάσατε,
1018 5541 1039 5574 ι
1082 5520 1235 5592 βοᾷν.
1265 5521 1571 5594 Χρησίμως
1609 5521 1668 5575 δὲ
1705 5521 1826 5576 λίαν
1864 5523 1960 5576 καὶ

337 5619 502 5692 παρά
535 5616 678 5672 Θεοῦ
733 5615 822 5670 τὸν
876 5614 1112 5686 ἄγγελον
1168 5615 1509 5672 ἀπεστάλθαι
1563 5615 1958 5690 διῖσχυρίσατο,

411 5806 484 5838 ’δ’
520 5800 691 5858 Joan.
714 5817 838 5868 vm,
871 5802 959 5857 l3.
1035 5799 1334 5860 "Malach.
1373 5823 1454 5876 ιιι,
1513 5809 1564 5866 l.

335 5897 392 5955 3.
472 5897 521 5930 ⁸⁸
573 5892 764 5951 Galat.
804 5908 845 5960 ι,
881 5894 935 5948 1.

721 5986 1001 6051 ΡΑτιιοι..
1037 5990 1154 6054 Gn.
1195 5992 1462 6054 LXXIII.

1981 4558 2028 4615 D

1663 5811 1732 5848 "‘
1756 5809 1862 5870 Job
1907 5827 1949 5881 ι,
1974 5809 2042 5867 14
2068 5825 2194 5883 sqq.

2053 3294 2167 3352 Deo
2197 3297 2266 3353 ad
2295 3296 2733 3368 praedicandum.
2757 3297 2930 3370 Cujus
2964 3300 3044 3355 rei
3066 3314 3290 3356 causam
3319 3301 3465 3356 hanc
3492 3315 3647 3356 com-

2052 3389 2225 3445 menti
2279 3398 2410 3446 sunt
2465 3389 2616 3462 quod
2666 3405 2698 3446 a
2739 3390 2853 3449 Deo
2885 3392 3095 3448 dictum
3148 3395 3221 3449 sit
3262 3413 3278 3450 :
3318 3412 3338 3447 ι
3370 3393 3510 3452 Ecce
3541 3409 3648 3467 ego

2054 3483 2212 3538 mitto
2240 3483 2498 3553 angelum
2542 3498 2726 3540 meum
2768 3492 2898 3541 ante
2939 3484 3134 3542 faciem
3169 3495 3342 3553 tuam,
3369 3487 3463 3558 qui
3503 3503 3648 3558 prae-

2053 3575 2272 3646 parabit
2328 3576 2471 3631 viam
2529 3583 2681 3632 tuam
2735 3585 2864 3634 ante
2910 3585 2966 3634 te
2988 3579 3057 3634 ".
3103 3597 3124 3634 ι
3163 3578 3271 3638 Sed
3304 3581 3564 3638 aberrant
3615 3597 3648 3638 ιι

2053 3683 2184 3724 vero
2223 3668 2316 3739 qui
2353 3669 2411 3724 in
2439 3669 2542 3724 hac
2593 3676 2724 3726 sunt
2761 3671 3060 3736 sententia,
3092 3670 3227 3729 dum
3285 3687 3396 3728 non
3453 3673 3650 3729 adver-

2054 3768 2180 3816 tunt
2205 3777 2404 3818 nomen
2432 3761 2590 3828 illud,
2615 3764 2866 3834 angelus,
2898 3763 3059 3819 oliicii
3090 3779 3292 3821 nomen
3311 3781 3436 3822 esse
3461 3767 3648 3837 potius

2055 3867 2224 3924 quam
2278 3853 2625 3922 substantiae,
2677 3854 3143 3926 quemadmodum
3200 3872 3397 3928 nempe
3424 3859 3494 3914 ad
3544 3858 3648 3915 Job

2053 3945 2198 4002 alius
2241 3953 2368 4016 post
2399 3946 2567 4001 alium
2617 3947 2797 4018 angeli
2832 3954 3158 4013 accurrunt,
3206 3949 3541 4019 multiplices
3595 3953 3646 4005 ei

2054 4055 2334 4096 aerumnas
2395 4042 2813 4107 annuntiant’es,
2867 4051 2922 4097 et
2983 4042 3371 4099 insanabilium
3428 4043 3648 4098 illarum

2055 4129 2430 4185 calamitatum
2460 4131 2770 4188 ministerio
2788 4133 3035 4205 deputati
3053 4136 3144 4189 ²⁵⁶.
3176 4133 3310 4191 Tale
3327 4136 3458 4206 quid
3485 4138 3648 4193 nobis

2055 4221 2125 4278 de
2183 4223 2388 4278 sanctis
2443 4223 2656 4293 angelis
2721 4223 2844 4294 ipse
2909 4239 3132 4296 quoque
3201 4227 3649 4296 sapientissimus

2053 4313 2263 4370 Paulus
2308 4314 2504 4371 scribit
2552 4315 2610 4371 in
2642 4315 2792 4370 hunc
2838 4316 3062 4372 modum
3101 4339 3113 4374 :
3152 4337 3171 4370 ι
3208 4317 3404 4376 Nonne
3457 4334 3650 4378 omnes

2056 4414 2188 4462 sunt
2216 4405 2681 4463 administratorii
2709 4408 2958 4480 spiritus,
2981 4409 3038 4464 in
3066 4410 3436 4468 ministerium
3466 4413 3647 4478 missi,

2056 4500 2166 4571 62
2201 4508 2429 4571 propter
2476 4516 2572 4559 eos
2626 4484 2734 4572 qui
2783 4502 3160 4561 hereditatem
3216 4505 3443 4576 capiunt
3499 4507 3652 4561 salu-

2058 4596 2132 4652 tis
2162 4595 2245 4650 “?
2282 4613 2302 4648 ›
2359 4594 2533 4667 Igitur
2569 4597 2768 4654 beatus
2821 4596 3072 4670 Baptista
3131 4599 3376 4657 Joannes
3429 4599 3649 4656 Domini

2061 4703 2200 4745 voce
2254 4690 2484 4761 angelus
2541 4697 2896 4761 nuncupatus
2946 4698 3068 4758 est,
3113 4708 3238 4747 cum
3324 4709 3436 4749 non
3504 4701 3654 4751 esset

2060 4783 2290 4854 angelus
2323 4792 2544 4850 natura,
2573 4784 2669 4841 sed
2710 4785 2918 4842 missus
2951 4785 3016 4840 ad
3047 4786 3417 4842 nuntiandum
3446 4794 3502 4841 et
3534 4787 3654 4841 cla-

2060 4875 2326 4930 mandum
2364 4893 2378 4931 :
2415 4893 2435 4927 ‹
2476 4874 2679 4932 Parate
2722 4875 2869 4930 viam
2923 4874 3144 4931 Domini
3195 4877 3263 4932 ⁸⁷.
3308 4895 3329 4930 ι
3382 4877 3654 4935 Caeterum

2059 4968 2270 5023 utiliter
2325 4966 2621 5023 admodum
2677 4964 2860 5023 a-Deo
2911 4967 3146 5025 missum
3209 4984 3336 5026 esse
3397 4971 3654 5027 nuntium

2063 5060 2438 5129 confirmavit,
2497 5059 2797 5116 ostendens
2826 5059 3211 5120 ﬁrmissimum
3260 5061 3383 5132 ejus
3424 5079 3549 5120 esse
3577 5072 3661 5120 te-

2061 5152 2406 5208 stimonium.
2445 5149 2557 5207 Nec
2576 5151 2728 5207 enim
2761 5151 2808 5207 is
2828 5153 2923 5224 qui
2954 5151 3023 5209 ad
3047 5154 3462 5224 praedicandum
3487 5170 3518 5210 a
3545 5154 3660 5211 Deo

2061 5247 2269 5302 missus
2307 5253 2451 5314 erat,
2476 5245 2626 5301 aliud
2655 5245 2919 5316 quiddam
2960 5248 3278 5318 protulerit,
3314 5264 3483 5320 quam
3512 5250 3660 5321 quod

2061 5355 2092 5395 a
2122 5339 2379 5396 mittente
2427 5339 2628 5410 jussus
2652 5347 2788 5396 erat.
2814 5339 3008 5412 Itaque
3034 5355 3204 5398 verax
3232 5347 3318 5398 est
3351 5341 3531 5407 testis,
3565 5341 3661 5410 qui

2062 5434 2136 5490 sit
2167 5448 2196 5488 a
2231 5431 2344 5489 Deo
2389 5434 2643 5492 edoctus.
2687 5433 2806 5490 Hoc
2857 5435 3002 5490 enim
3053 5433 3368 5505 signiﬁcare
3420 5432 3662 5486 arbitror

2066 5528 2229 5594 illud,
2275 5547 2294 5580 ι
2335 5527 2538 5586 missus
2586 5542 2616 5582 a
2667 5526 2800 5584 Deo.
2849 5547 2868 5581 ι
2906 5525 3044 5582 Nam
3087 5533 3141 5582 et
3180 5525 3387 5580 Paulus
3435 5522 3662 5594 sapien-

2068 5618 2343 5689 tissimus,
2365 5619 2495 5676 dum
2523 5620 2598 5676 ait
2625 5619 2672 5654 ’⁸
2692 5635 2750 5678 se
2769 5620 3001 5679 missum
3021 5632 3120 5690 per
3135 5615 3325 5673 Jesum
3347 5613 3656 5682 Christum,

2297 5811 2344 5843 “
2367 5809 2538 5873 Hebr.
2573 5823 2627 5877 ι,
2691 5806 2776 5862 14.
2880 5805 2924 5838 ³⁷
2968 5803 3074 5862 lsa.
3111 5819 3218 5870 xc,
3247 5802 3319 5870 5;
3347 5798 3542 5857 Matth.
3575 5807 3662 5865 tu,

3123 5989 3311 6056 λέ
