4156 6482
573 415 672 471 107

1568 403 1624 458 s.
1651 388 1928 457 crtum
1960 399 2426 457 ALEXANDRlNl
2453 400 2768 455 ARClllEP.

3725 406 3832 460 108

579 525 824 600 mysterii
873 523 982 579 vim
1019 536 1129 576 non
1173 519 1239 574 ab
1267 520 1375 573 alio
1429 518 1692 574 didicisse
1727 518 2152 580 coniirniat,scd

2259 516 2612 586 βεϐαιοτάτην
2677 513 2843 569 αὑτοῦ
2902 515 3001 586 τὴν
3067 516 3372 588 μαρτυρίαν
3441 510 3829 574 ἀποδεικνύων.

543 597 772 688 .,εο“ρθι’
808 613 1191 670 revelationem
1240 611 1360 680 ejus
1393 624 1422 663 a
1463 625 1573 680 quo
1629 610 1832 664 missus
1870 617 1975 674 est,
2013 609 2150 664 mis-

573 709 717 763 sioni
747 705 1134 762 revelationem
1183 701 1546 772 conjungcns,
1573 710 1626 755 et
1654 700 1797 754 hanc
1827 699 1920 753 illa
1958 700 2149 754 subin-

572 798 780 852 dicans.
809 795 980 866 Igitur
1009 792 1156 863 quod
1190 792 1394 845 missus
1430 799 1515 844 est
1567 803 1596 842 a
1653 788 1786 852 Deo,
1829 788 2079 858 sequitur
2119 800 2150 840 a

571 883 992 943 Deo"edoctum
1031 897 1177 938 esse.
1223 881 1492 935 Caeterum
1547 879 1796 934 veritatis
1842 881 2081 932 cultores
2121 891 2150 930 a

575 976 860 1031 mendacio
897 975 1059 1042 longe
1089 972 1299 1026 alienos
1337 985 1459 1025 esse
1498 983 1662 1024 nemo
1691 968 1924 1022 dubitat.
1963 986 1982 1018 ι
2023 965 2152 1019 Erat

575 1077 755 1124 autem
800 1080 999 1120 nomen
1039 1063 1282 1128 homini,
1331 1080 1350 1114 ι
1391 1061 1587 1131 inquit,
1628 1077 1648 1111 ι
1692 1058 1954 1114 Joannes.
1999 1075 2018 1108 ι
2061 1056 2150 1110 ln-

576 1169 859 1216 notescere
889 1157 1124 1212 debebat
1151 1157 1198 1210 is
1229 1155 1322 1224 qui
1352 1155 1554 1208 missus
1584 1159 1725 1217 erat,
1755 1149 2152 1221 signiﬁcatione

573 1262 793 1318 quoque
835 1245 1099 1310 nominis,
1146 1242 1304 1296 ﬁdem
1345 1249 1400 1295 et
1442 1242 1824 1296 auctoritatem
1861 1240 2150 1293 maximam

574 1338 738 1393 dictis
769 1335 1071 1392 aﬂ‘erentis.
1091 1333 1331 1404 Angelus
1359 1331 1504 1386 enim
1539 1330 1786 1395 Gabriel,
1814 1331 1861 1385 is
1892 1330 2149 1383 nimirum

575 1427 670 1498 qui
701 1435 842 1484 astat
874 1433 1000 1482 ante
1038 1425 1229 1482 Deum.
1268 1432 1326 1478 ut
1355 1424 1471 1493 ipse
1518 1422 1595 1476 ait
1629 1423 1696 1486 ”,
1725 1435 1852 1476 cum
1876 1420 2150 1474 Zacharia:

565 1521 747 1574 lilium
823 1534 889 1574 ex
953 1517 1232 1572 Elisabeth
1299 1513 1706 1590 suscipiendum
1773 1512 2147 1578 annuntiaret,

562 1611 782 1666 addidit
814 1627 828 1664 :
868 1627 887 1660 ι
933 1609 998 1662 Et
1026 1606 1270 1662 Joannes
1304 1605 1405 1660 erit
1441 1590 1640 1658 nomen
1683 1603 1806 1673 ejus
1833 1605 1972 1656 "'J‘
2004 1600 2152 1656 Con-

574 1708 682 1758 stat
721 1709 902 1756 autem
940 1699 1081 1771 apud
1116 1712 1331 1764 omnes,
1365 1697 1442 1750 ita
1500 1704 1872 1765 nuncupatum
1918 1709 2040 1750 esse
2083 1693 2153 1748 ab

574 1793 790 1863 angelo,
833 1791 1017 1846 divina
1069 1775 1458 1845 voluntate'ac
1508 1786 1696 1855 jussu.
1743 1784 1814 1838 At
1869 1785 1968 1855 qui
2000 1793 2152 1839 tanto

2254 609 2388 663 Ούδέ
2411 607 2516 680 γὰρ
2534 607 2598 660 διν
2621 608 2648 660 ό
2671 605 2823 677 παρά
2855 607 2989 659 Θεοῦ
3011 608 3144 677 πρὸς
3166 607 3225 659 τὸ
3256 606 3544 678 κηρύττειν
3564 610 3834 665 ἀπεσταλ-

2257 700 2435 771 μένος,
2467 699 2655 769 ἔτερόν
2683 716 2734 751 τι
2761 697 3176 769 παρεφθέγξατο
3202 699 3485 763 διδάσκων,
3515 700 3543 752 ὃ
3576 700 3650 773 μή
3693 703 3832 756 πάν-

2253 808 2362 853 τως
2384 779 2614 860 ἦν’κατά
2639 789 2891 858 βούλησιν
2930 789 3022 842 τοῦ
3071 789 3172 860 τὴν
3207 789 3515 860 ἀποστολὴν
3553 791 3833 859 ἐπιθέντος

2253 879 2421 950 αὐτῷ.
2480 877 2689 932 Οὐκοῦν
2747 877 2955 948 ἀληθὴς
2996 881 3024 932 ό
3079 879 3287 949 μάρτυς
3336 879 3670 945 θεοδίδακτος
3710 881 3831 934 ὢν·

2251 969 2409 1022 τοῦτο
2433 968 2542 1040 γάρ
2564 963 2714 1040 οἶμαι
2757 969 3044 1038 σημαίνειν
3073 969 3132 1022 τὸ
3168 987 3186 1020 ι
3223 970 3634 1039 ἀπεσταλμένος
3677 971 3835 1042 παρά

2252 1059 2387 1112 Θεοῦ
2412 1077 2426 1092 ο
2461 1079 2482 1112 ι
2517 1059 2640 1113 ἐπεὶ
2668 1059 2762 1112 καὶ
2783 1058 2993 1123 Παῦλος
3022 1061 3153 1130 ήμῖν
3174 1061 3201 1112 ό
3229 1059 3540 1130 σοφώτατος
3563 1062 3835 1116 ἀπεστάλ-

2251 1149 2344 1204 θαι
2371 1150 2546 1218 λέγων
2568 1149 2656 1203 διά
2693 1149 2867 1221 Ἰησοῦ
2927 1149 3188 1220 Χριστοῦ,
3243 1150 3337 1203 τοῦ
3392 1153 3692 1223 μυστηρίου
3729 1152 3832 1224 τὴν

2251 1241 2479 1312 δύναμιν
2497 1242 2559 1295 οὐ
2587 1242 2716 1312 παρ’
2731 1241 2920 1313 ἐτέρου
2956 1241 3099 1305 τινὸς
3132 1241 3412 1311 ἐκμαθεῖν,
3443 1241 3580 1296 ἀλλά
3607 1243 3676 1296 δι’
3697 1229 3834 1297 ἀπο-

2251 1332 2536 1403 καλύψεως
2544 1332 2637 1386 τοῦ
2659 1332 3005 1402 πεπομφότος
3020 1331 3456 1395 διεϐεϐαιώσατο,
3472 1350 3602 1402 συνη
3612 1333 3832 1404 μμένως

2251 1424 2404 1492 ἡμῖν,
2431 1420 2617 1492 ὥσπερ
2644 1423 2738 1474 καὶ
2766 1417 3121 1487 ἀδιαστάτώς,
3155 1423 3212 1474 ἐν
3239 1421 3316 1491 τῷ
3378 1421 3710 1475 ἀπεστάλθαι
3738 1420 3830 1474 λέ·-

2251 1530 2389 1582 γειν,
2423 1514 2522 1584 τὴν
2577 1511 2923 1580 ἀποκάλυψιν
2973 1511 3350 1581 ύπεμφαίνων.
3404 1510 3613 1563 υύκοῦν
3647 1513 3705 1563 ἐν
3751 1509 3830 1578 τῷ

2251 1602 2587 1659 ἀπεστάλθαι
2619 1603 2772 1674 παρά
2799 1601 3040 1668 Θεοῦ,τὸ
3071 1599 3412 1654 θεοδίδακτον
3445 1597 3584 1653 εἶναι
3611 1602 3828 1664 πάντως

2251 1696 2552 1750 ἀκολουθεῖ.
2574 1695 2647 1748 Τὸ
2677 1695 2735 1749 δὲ
2768 1694 3014 1764 ἀψευδεῖν
3053 1695 3135 1747 ὅτι
3173 1693 3293 1747 λίαν
3325 1693 3685 1746 ἐσπούδασται
3717 1693 3829 1755 τοῖς

2251 1789 2352 1858 τῆς
2397 1787 2652 1859 ἀληθείας
2694 1786 3046 1856 λειτουργοῖς,
3079 1785 3180 1838 οὐκ
3229 1784 3552 1855 ἀμφίλογον.
3587 1803 3605 1837 ι
3633 1781 3740 1840 Ἦν
3771 1786 3829 1838 δὲ

575 1861 786 1940 honore
828 1893 914 1938 est
973 1890 1210 1937 ornatus
1251 1896 1283 1935 a
1335 1880 1467 1943 Deo,
1519 1877 1798 1948 quomodo
1847 1894 1958 1934 non
2004 1877 2150 1932 omni

2257 1881 2348 1934 καὶ
2403 1880 2574 1950 δνομα
2621 1877 2700 1948 τῷ
2760 1875 3050 1947 ἀνθρώπῳ,
3095 1894 3114 1928 ι
3175 1875 3362 1945 φησιν,
3419 1893 3440 1928 ι
3491 1876 3762 1946 Ἰωάννης.
3805 1894 3824 1928 ι

574 1975 738 2030 laude
771 1981 826 2028 ct
856 1973 1336 2030 commendatione
1382 1971 1562 2040 major
1591 1969 1710 2024 est?
1741 1969 2014 2034 Quocirca
2044 1969 2152 2022 uti-

573 2067 699 2121 liter
751 2080 816 2120 ac
863 2062 1181 2119 necessario
1221 2061 1426 2116 mentio
1455 2060 1698 2116 nominis
1727 2059 1868 2115 facta
1901 2068 2001 2116 est.
2031 2059 2151 2115 Jam

575 2169 704 2210 vero
745 2168 872 2207 cum
923 2151 1196 2207 addiderit
1247 2148 1609 2220 evangelista,
1649 2149 1882 2204 missum
1924 2163 2046 2204 esse
2095 2147 2152 2202 in

568 2243 952 2303 testimonium
979 2256 1009 2296 a
1039 2240 1151 2298 Deo
1191 2248 1444 2297 sanctum
1486 2239 1810 2310 Baptistam,
1841 2256 1862 2291 ι
1882 2245 1939 2293 ιιι
1963 2253 2152 2294 omnes

571 2336 864 2393 crederent
894 2347 994 2404 per
1036 2333 1214 2404 ipsum
1243 2331 1310 2395 ”,
1356 2349 1375 2383 ι
1415 2330 1549 2384 illud
1603 2344 1827 2384 rursum
1882 2329 2152 2393 dicemus,

569 2428 623 2483 si
681 2441 785 2484 nos
841 2424 1145 2481 adversarii
1205 2423 1294 2478 bis
1354 2411 1545 2478 verbis
1608 2427 1842 2492 urgeant
1887 2437 1902 2475 :
1951 2419 2154 2486 Quidni

574 2530 768 2571 omnes
815 2515 866 2570 ei
917 2513 1014 2584 qui
1060 2511 1326 2568 divinitus
1356 2511 1558 2565 missus
1603 2517 1722 2565 erat
1769 2508 2156 2564 crediderunt?

574 2615 670 2662 aut
703 2605 978 2677 quomodo
1030 2609 1290 2675 gravatus
1335 2608 1418 2656 est
1457 2600 1753 2656 nonnullos
1804 2599 1874 2654 ad
1924 2598 2156 2654 creden-

575 2704 704 2759 dum
737 2702 1030 2764 adducere,
1069 2699 1164 2769 qui
1205 2696 1272 2751 ad
1326 2697 1378 2752 id
1433 2710 1674 2766 superno
1722 2694 1943 2749 decreto
1979 2693 2156 2748 fuerat

576 2796 932 2866 assumptus?
983 2793 1104 2848 Non
1164 2805 1382 2861 aequum
1441 2798 1546 2852 est.
1595 2803 1629 2844 ο
1680 2789 1996 2858 quicunque
2055 2799 2154 2840 vos

566 2891 734 2956 estis,
763 2889 931 2946 ullam
965 2886 1020 2941 in
1057 2884 1161 2941 hoc
1226 2881 1424 2939 Joanni
1474 2882 1690 2952 culpam
1724 2880 2023 2944 ascribere,
2056 2877 2154 2933 sed

572 2981 986 3040 incredulorum
1017 2990 1307 3048 perversos
1339 2989 1403 3029 ac
1435 2974 1752 3045 praefractos
1790 2986 1971 3027 mores
1997 2969 2156 3025 decet

574 3078 851 3133 incusare.
886 3070 1098 3128 Etenim
1128 3068 1276 3140 quod
1314 3065 1382 3122 ad
1411 3064 1683 3136 prmuonis
1715 3077 1944 3133 scopum
1975 3069 2030 3118 et
2059 3076 2156 3118 su-

2255 1970 2403 2024 Ἕδει
2452 1969 2816 2038 γνωρίζεσθαι
2852 1968 2944 2022 τὸν
2996 1967 3424 2038 ἀπεσταλμένον,
3477 1967 3573 2019 καὶ
3613 1969 3680 2038 τῇ
3732 1965 3829 2020 τοῦ

2249 2064 2513 2134 ὀνόματος
2540 2061 2804 2133 σημασίᾳ,
2841 2058 3064 2131 πολλὴν,
3104 2059 3177 2122 ὡς
3207 2055 3384 2130 οἴμαι,
3433 2059 3512 2130 τῷ
3560 2059 3702 2130 λόγῳ
3729 2061 3831 2132 τὴν

2250 2151 2592 2220 ἀξιοπιστίαν
2631 2152 3008 2223 είσφέροντος·
3043 2150 3276 2218 ἄγγελος
3313 2149 3443 2221 γάρ,
3489 2150 3724 2220 Γαὸριὴλ
3770 2152 3832 2205 δέ

2251 2242 2409 2310 οὗτος
2446 2247 2475 2298 ό
2499 2241 2862 2314 παρεστηκὼς
2892 2243 3122 2296 ἐνώπιον
3169 2239 3263 2294 τοῦ
3290 2239 3448 2305 Θεοῦ,
3487 2241 3632 2294 καθά
3663 2257 3831 2311 φησιν

2252 2338 2434 2401 αὐτὸς,
2483 2337 2572 2389 ὅτε
2615 2335 2694 2404 τῷ
2739 2334 2984 2405 Ζαχαρία
3030 2334 3128 2404 τὴν
3166 2333 3420 2404 γέννησιν
3445 2333 3611 2387 αὐτοῦ
3642 2333 3738 2404 τὴν
3766 2335 3831 2387 ἐκ

2250 2429 2350 2500 τῆς
2390 2427 2672 2482 Ἐλισάϐετ
2730 2424 3132 2498 εὐηγγελίζετο,
3200 2424 3336 2494 πρὸς
3398 2419 3481 2486 οἷς
3519 2423 3833 2496 εὑρίσκεται
3949 2461 3956 2464 -

2252 2521 2446 2590 λέγων,
2479 2519 2574 2573 καὶ
2619 2518 2777 2572 τοῦτο
2842 2516 3250 2589 προστέθεικεν,
3273 2517 3354 2569 ὅτι
3393 2517 3540 2570 «Καὶ
3577 2516 3829 2587 Ἰωάννης

2253 2614 2407 2667 ἔσται
2440 2612 2502 2665 τὸ
2544 2610 2717 2680 δνομα
2758 2608 2944 2662 αὑτοῦ.
2973 2627 2992 2661 ι
3028 2608 3195 2680 Δῆλον
3227 2607 3284 2662 δέ
3316 2607 3508 2678 δήπου,
3537 2609 3632 2663 καὶ
3664 2612 3829 2664 πᾶσιν

2252 2700 2706 2773 ὁμολογούμενον,
2737 2699 2811 2762 ώς
2841 2699 2950 2770 ἀρα
2985 2697 3128 2751 κατά
3155 2699 3252 2768 τὴν
3278 2698 3428 2752 θείαν
3473 2698 3727 2770 βούλησίν
3767 2715 3826 2752 τε

2253 2795 2347 2849 καὶ
2374 2793 2688 2865 πρόσταξιν,
2721 2792 2867 2846 οῦτω
2903 2791 3051 2864 παρά
3097 2790 3191 2843 τοῦ
3229 2791 3463 2860 ἀγγέλου
3518 2792 3830 2862 κατωνομά-

2255 2885 2398 2952 ζετο.
2422 2883 2555 2940 Εἶτα
2581 2887 2699 2950 πῶς
2719 2885 2820 2938 οὐκ
2840 2885 2906 2940 ἀν
2929 2881 3149 2954 νοηθείη
3169 2883 3351 2936 λοιπὸν
3382 2885 3581 2947 παντὸς
3608 2884 3830 2937 ἐπαίνου

2255 2976 2520 3050 κρείττων
2583 2977 2702 3048 ἀμα
2750 2976 2843 3030 καὶ
2899 2974 3317 3046 ἀξιολογώτερος
3347 2977 3374 3028 ό
3407 2974 3636 3048 τοσαύτῃ
3677 2976 3834 3045 παρά

2255 3063 2390 3118 Θεοῦ
2419 3063 2862 3134 κατεστεμμένος
2893 3066 3058 3134 τιμῇς
3088 3062 3167 3116 διὸ
3191 3063 3255 3133 δὴ
3285 3063 3378 3117 καὶ
3404 3063 3542 3134 ήτοῦ
3568 3063 3836 3135 ὀνόματος

570 3181 758 3240 perna
782 3162 1066 3221 missionis
1098 3161 1370 3215 rationem
1424 3157 1533 3228 63
1575 3157 1790 3221 attinet,
1819 3155 2026 3210 nemini
2057 3154 2153 3210 do-

2260 3157 2446 3227 μνήμη
2478 3155 2762 3226 χρησίμως
2780 3171 2860 3221 τε,
2876 3155 2972 3208 καὶ
2991 3153 3303 3222 ἀναγκαίως
3326 3171 3401 3207 πα
3410 3155 3834 3228 ραλαμὸἀνεται.

575 3259 752 3315 ctrina
783 3255 974 3319 defuit,
999 3253 1086 3310 vel
1125 3252 1292 3318 lides;
1329 3248 1426 3305 sed
1455 3263 1580 3303 cum
1605 3247 1754 3303 varia
1799 3247 1910 3303 sint
1935 3246 2151 3302 audito-

2285 3247 2488 3316 Επειδὴ
2521 3244 2578 3298 δὲ
2608 3243 2998 3315 προστέθεικεν
3037 3245 3066 3297 ό
3100 3244 3487 3316 εύαγγελιστὴς
3516 3247 3595 3309 είς
3636 3261 3838 3316 μαρτν-

573 3365 697 3408 rutn
755 3346 999 3418 ingenia,
1045 3351 1100 3400 et
1139 3341 1522 3412 unusquisque
1571 3345 1900 3410 potestatem
1953 3338 2150 3394 habeat

2257 3337 2380 3410 ρίαν
2423 3335 2758 3391 ἀπεστάλθαι
2796 3335 2943 3409 παρά
2969 3333 3105 3389 Θεοῦ
3151 3335 3243 3389 τὸν
3289 3335 3443 3405 ἀγιον
3497 3335 3836 3408 Βαπτιστὴν,

578 3457 690 3498 suae
720 3439 1040 3505 voluntatis,
1064 3451 1094 3490 a
1133 3444 1281 3490 recta
1307 3433 1516 3488 ratione
1547 3432 1770 3500 quidam
1797 3431 2147 3496 aberrarunt,

568 3532 685 3588 .lide
721 3529 1030 3602 repudiata.
1079 3526 1296 3583 Idcirco
1340 3522 1720 3594 propheticum
1769 3521 1903 3577 illud
1955 3523 2024 3579 de
2073 3523 2147 3579 iis

565 3621 960 3694 usurpandum
997 3627 1085 3675 est
1129 3636 1143 3672 :
1189 3636 1208 3669 ι
1239 3616 1344 3682 Qui
1391 3615 1550 3670 audit
1594 3613 1799 3678 audiat,
1839 3620 1893 3668 et
1921 3614 2016 3684 qui
2059 3622 2146 3671 est

580 3713 900 3770 inobediens
928 3725 1040 3766 non
1065 3707 1279 3765 obediat
1303 3706 1367 3759 ³¹.
1419 3723 1438 3757 ι

2261 3447 2280 3482 ι
2319 3429 2410 3483 ἵνα
2438 3429 2636 3491 πάντες
2668 3427 3004 3482 πιστεύεωσι
3067 3427 3132 3480 δι’
3173 3427 3362 3492 αὑτοῦ,
3399 3445 3418 3479 ι
3472 3428 3636 3482 πάλιν
3661 3429 3841 3482 ἐκεῖνο

2251 3519 2509 3592 ἐροῦμεν,
2533 3520 2661 3573 ὅταν
2686 3519 2817 3589 ἡμῖν
2840 3520 2890 3572 οί
2907 3517 2974 3572 δι’
2991 3518 3240 3582 ἐναντίας
3255 3520 3618 3573 ἀντιπίπτωσι
3649 3519 3840 3590 λέγον-

2250 3628 2364 3675 τες,
2398 3609 2552 3663 Διατί
2575 3610 2650 3680 μὴ
2684 3610 2885 3672 πάντες
2906 3608 2985 3679 τῷ
3017 3608 3200 3664 θεόθεν
3247 3609 3640 3682 ἀπεσταλμένῳ
3675 3627 3842 3665 πεπιο

2251 3702 2544 3769 στεύκασι;
2583 3701 2699 3766 πῶς
2753 3702 2810 3755 δέ
2868 3701 3130 3772 ήτόνησεν
3171 3702 3251 3766 είς
3305 3701 3367 3755 τδ
3411 3702 3592 3754 πεῖσαί
3625 3717 3775 3764 τινας
3809 3719 3843 3772 δ

580 3808 715 3880 πρὸς
743 3804 901 3860 τοῦτο
930 3803 1017 3859 διά
1041 3802 1142 3872 τῆς
1161 3799 1366 3855 ἀνωθεν
1398 3797 1576 3869 ψήφου
1597 3797 2144 3868 προκεχειρισμένος;
2182 3797 2256 3851 Ού
2323 3799 2421 3867 τῆς
2459 3795 2708 3850 Ἰωάννου
2763 3796 3058 3867 ῥᾳθυμίας,
3122 3788 3168 3849 ὦ
3209 3786 3376 3859 οὗτοι,
3437 3794 3642 3850 δίκαιον
3696 3796 3842 3867 ήμάς

580 3913 639 3965 ιν
669 3897 879 3959 τούτοις
929 3895 1272 3966 κατηγορεῖν,
1333 3889 1469 3944 ἀλλά
1497 3889 1596 3960 τῆς
1631 3888 1739 3942 τῶν
1781 3888 2151 3943 ἀπειθούντων
2187 3889 2518 3959 δυσ-ιροπίας
2571 3888 2865 3960 καταϐοᾷν.
2925 3891 3091 3943 Ὅσον
3142 3889 3238 3959 μὲν
3294 3889 3399 3959 γὰρ
3439 3889 3520 3952 είς
3589 3888 3676 3944 τὸν
3746 3886 3840 3942 τοῦ

584 3989 1049 4063 προκηρύττοντος
1085 3983 1303 4047 σκοπὸν,
1342 3981 1436 4034 καὶ
1477 3980 1568 4034 τὸν
1605 3980 1704 4050 τῆς
1767 3979 2071 4048 ἀποστολῆς
2117 3978 2220 4048 τῆς
2258 3977 2466 4033 ἀνωθεν
2513 3981 2737 4050 τρόπον,
2786 3980 2962 4043 οὐδεὶς
3007 3979 3072 4034 ἂν
3112 3980 3320 4051 ηὑρέθη
3359 3978 3461 4048 τῆς
3493 3980 3841 4046 διδασκαλίας

583 4081 866 4154 ἀμέτοχος,
917 4077 1024 4130 οὐδ’
1055 4075 1120 4129 ἂν
1157 4073 1430 4144 ἐνέμεινεν
1472 4071 1724 4141 ἀπειθής.
1779 4070 1998 4140 Ἐπειδὴ
2034 4069 2091 4122 δέ
2127 4069 2396 4139 διάφοροςς
2421 4070 2483 4122 ἐν
2517 4071 2632 4132 τοῖς
2672 4070 3041 4140 ἀκροωμένοις
3072 4071 3105 4140 ή
3137 4069 3353 4140 γνώμη,
3391 4071 3486 4125 καὶ
3511 4071 3607 4142 τῆς
3635 4072 3842 4137 οίκείας

583 4173 953 4248 προαιρέσεως
984 4171 1209 4232 ἕκαστος
1235 4165 1346 4236 ἔχει
1375 4163 1471 4236 τὴν
1509 4163 1775 4230 ἐξουσίαν,
1813 4161 2208 4231 ἀπεσφάλησάν
2239 4179 2383 4225 τινες
2400 4160 2495 4215 τοῦ
2531 4161 2925 4232 συμφέροντος,
2947 4162 3468 4236 ούοπαραδεξάμενοι
3506 4163 3604 4234 τὴν
3633 4164 3839 4220 πίστιν.

581 4269 675 4324 Διὸ
697 4267 875 4329 αὐτοῖς
902 4261 1092 4335 ῥητέον
1115 4259 1354 4332 δηλονότι
1381 4257 1520 4313 κατά
1541 4259 1602 4312 τὸ
1627 4259 1684 4312 ἐν
1702 4256 1780 4328 τῷ
1800 4258 2054 4328 προφήτῃ
2080 4254 2352 4327 κείμενονο
2367 4275 2384 4308 ι
2407 4257 2466 4310 ὐ
2501 4255 2716 4335 ἀκούων
2737 4257 3004 4322 ἀκουέτω,
3035 4259 3128 4313 καὶ
3143 4259 3172 4312 ό
3195 4258 3434 4312 ἀπειθῶν
3465 4258 3775 4314 ἀπειθείτω.
3814 4279 3834 4312 ι

655 4364 702 4423 1,
734 4360 790 4413 7.
959 4328 1118 4408 ὐεηὶι
1168 4328 1229 4406 in
1260 4351 1637 4416 testimonium,
1679 4358 1740 4402 ut
1793 4348 2151 4402 testimonium

2335 4344 2526 4415 οὗτος
2554 4328 2743 4420 ἦλθεῖρ
2791 4353 2879 4419 εις
2922 4354 3289 4422 μαρτυρίαν,
3349 4352 3449 4406 ἵνα
3480 4350 3840 4422 μαρτυρήσῃ

587 4448 875 4520 perhiberet
908 4445 972 4499 de
997 4443 1214 4496 lumine.

659 4538 973 4610 Emphasim
1007 4535 1171 4591 habet
1197 4533 1351 4599 illud,
1381 4551 1400 4585 ι
1433 4531 1553 4593 Hic,
1582 4548 1599 4582 ι
1631 4536 1686 4584 et
1713 4530 1964 4584 virtutem
1999 4536 2164 4598 atque

585 4643 836 4702 personae
867 4626 1170 4683 claritatem
1200 4625 1498 4695 signiﬁcat.
1525 4619 1574 4674 Is
1602 4618 1772 4682 enim,
1809 4636 1827 4670 ι
1860 4619 1952 4689 qui
1983 4635 2014 4673 a
2056 4618 2165 4673 Deo

579 4721 793 4776 missus
825 4729 929 4783 est,
979 4735 997 4768 ι
1038 4715 1236 4786 inquit,
1287 4713 1380 4784 qui
1417 4710 1728 4764 universam
1762 4705 2008 4764 Iudaeam
2040 4724 2164 4762 cum

581 4809 884 4867 sanctitate
908 4807 1030 4862 vitae
1074 4813 1189 4860 tum
1238 4801 1464 4874 pietatis
1513 4797 1824 4852 incredibili
1874 4798 2168 4870 splendore

592 4901 650 4955 in
683 4897 1105 4954 admirationem
1157 4895 1244 4951 sui
1287 4891 1502 4961 rapuit,
1535 4887 1630 4958 qui
1683 4897 2002 4944 sanctorum
2041 4904 2168 4960 pro-

591 4993 882 5063 phetarum
914 4988 1154 5046 oraculis
1181 4981 1584 5056 praenuntiatus
1605 4978 1735 5046 fuit,
1784 4981 1930 5051 apud
1969 4981 2165 5038 Isaiam

593 5084 850 5154 quidem:
890 5101 910 5136 ι
951 5080 1070 5138 Vo:
1119 5075 1410 5134 clamantis
1457 5074 1514 5128 in
1553 5073 1774 5130 deserto
1808 5075 1852 5106 "
1895 5092 1911 5142 ;
1960 5093 1980 5128 ι
2019 5074 2166 5145 apud

587 5176 814 5232 beatum
853 5188 984 5230 vero
1021 5167 1285 5225 Davidem
1325 5183 1340 5221 :
1381 5183 1400 5217 ι
1463 5163 1713 5220 Lucerna
1757 5164 1982 5222 Christo
2029 5180 2168 5235 prae-

561 5244 787 5338 Iparata
818 5265 864 5298 ³³
901 5284 918 5316 ι
966 5267 1354 5329 nuncupatus:
1391 5275 1410 5309 ι
1455 5256 1557 5312 llic
1607 5257 1758 5313 venit
1815 5257 1868 5310 in
1919 5257 2170 5313 testimo—

596 5363 772 5429 nium,
798 5367 858 5414 ut
899 5351 1276 5411 testimonium
1309 5349 1620 5420 perhiberet
1666 5347 1735 5402 de
1767 5348 1995 5403 lumine.
2045 5367 2064 5400 ο
2103 5347 2170 5402 Ει

593 5455 776 5508 lucem
804 5447 1026 5521 quidem
1066 5444 1156 5499 hic
1195 5442 1365 5498 Deum
1396 5440 1635 5497 Verbum
1660 5441 1930 5508 nominat,
1968 5455 2169 5494 unum-

596 5558 707 5615 que
753 5555 887 5596 esse
937 5535 1202 5599 ostendit,
1259 5539 1314 5588 et
1371 5532 1664 5602 ipsammet
1709 5530 1888 5586 lucem
1946 5530 2168 5601 proprie

595 5633 888 5693 exsistere,
925 5637 1053 5698 post
1104 5639 1272 5697 quam
1326 5623 1432 5678 alia
1481 5622 1634 5677 nulla
1670 5630 1754 5679 est
1796 5630 2010 5687 natura,
2041 5623 2168 5676 illu-

675 5786 750 5817 ’⁸⁸
775 5784 894 5839 Gal.
923 5804 961 5854 ι,
996 5789 1080 5842 12.

599 5853 743 5909 Psal.
781 5853 973 5924 cxxx',
1022 5858 1106 5912 17.

2261 4442 2393 4509 περὶ
2420 4441 2526 4495 τοῦ
2554 4442 2770 4511 φωτός.

2336 4529 2614 4600 Ἔμφασιν
2647 4531 2867 4602 ἀρετῆς.
2901 4533 2998 4587 καὶ
3027 4531 3129 4602 τῆς
3158 4531 3252 4586 τοῦ
3289 4531 3582 4603 προσώπου
3613 4549 3844 4604 περιφα-

2262 4617 2409 4682 νείας
2433 4619 2610 4674 ώδίνει
2635 4621 2715 4685 τὸ,
2749 4640 2770 4674 ι
2803 4617 2976 4685 οὗτος.
3016 4639 3035 4674 ι
3065 4640 3085 4675 ι
3127 4623 3184 4676 '0
3200 4624 3308 4694 γὰρ
3339 4625 3402 4676 ἐκ
3417 4623 3576 4688 Θεοῦ,
3609 4641 3628 4676 ι
3655 4625 3840 4695 φησὶν,

2266 4728 2288 4762 ι
2321 4709 2749 4782 ἀπεσταλμένος,
2788 4729 2806 4763 ι
2840 4713 2870 4765 ό
2902 4713 3081 4767 πᾶσαν
3111 4714 3334 4777 εἰκότως
3362 4713 3712 4785 καταπλήξας
3741 4715 3840 4786 τὴν

2280 4801 2563 4869 Ἰουδαίαν,
2625 4805 2692 4874 τῇ
2751 4820 2808 4856 τε
2841 4804 2934 4858 τοῦ
2988 4804 3102 4876 βίου
3139 4807 3448 4877 σεμνότητι,
3483 4807 3579 4860 καὶ
3613 4809 3733 4870 ταῖς
3763 4808 3842 4869 είς

2267 4890 2501 4962 ἄσκησιν
2531 4892 2878 4965 ὑπερϐολαῖς,
2914 4895 2942 4948 ό
2970 4894 3060 4949 διά
3097 4895 3281 4966 φωνῆς
3327 4897 3498 4963 ἁγίων
3524 4912 3840 4967 προκηρύτ-

2267 4981 2492 5052 τόμενος
2543 4984 2839 5056 προφητῶν
2864 5002 2876 5015 ·
2951 4987 3047 5038 καὶ
3104 4987 3258 5057 παρά
3313 4986 3413 5057 μὲν
3457 4987 3536 5058 τῷ
3601 4988 3800 5058 Ἠσαίᾳ
3824 5003 3840 5019 ⁸

2271 5091 2293 5125 ι
2327 5073 2482 5144 Φωνὴ
2523 5073 2752 5144 βοῶντος
2797 5077 2854 5130 ἐν
2881 5079 2948 5147 τῇ
2977 5078 3168 5148 ἐρήμῳ
3187 5095 3201 5109 ο
3235 5078 3441 5149 ικπαρά
3469 5079 3528 5132 δὲ
3551 5078 3631 5149 τῷ
3667 5095 3846 5149 μακα-

2265 5165 2373 5236 ρίῳ
2397 5166 2578 5220 Δαὸίδ·
2616 5185 2634 5218 ι
2657 5167 2861 5238 Λύχνος
2886 5168 3107 5239 Χριστῷ
3135 5169 3644 5239 προητοιμασμένος
3673 5186 3692 5222 ι
3727 5169 3846 5224 ὀνο-

2274 5256 2500 5325 μασθείς
2515 5272 2528 5286 ο
2557 5275 2576 5308 ι
2597 5250 2765 5321 Οὗτος
2779 5253 2943 5329 ἦλθεν
2961 5261 3041 5322 είς
3065 5259 3387 5331 μαρτυρίαν,
3412 5259 3500 5312 ῑνα
3519 5261 3847 5332 μαρτυρήσῃ

2271 5347 2397 5416 περὶ
2443 5347 2536 5401 τοῦ
2583 5349 2785 5416 φωτός⁹
2831 5367 2850 5402 ι
2889 5350 2983 5403 καί
3014 5349 3130 5419 φῶς
3163 5351 3260 5421 μὲν
3283 5353 3353 5419 ,ἐν
3395 5351 3570 5424 τούτῳ
3594 5352 3686 5407 τὸν
3715 5352 3848 5407 Θεδν

2269 5437 2443 5505 Λόγον
2490 5439 2772 5506 ἀποκαλεῖ,
2802 5440 2898 5495 ἐνα
2921 5441 2981 5495 δέ
3021 5440 3152 5495 ὄντα
3200 5441 3458 5508 δεικνύει,
3490 5444 3586 5497 καὶ
3627 5443 3761 5498 αὐτὸ
3783 5443 3848 5516 δή

2269 5527 2430 5582 τοῦτο
2485 5530 2688 5600 κυρίως
2735 5531 3049 5603 ὑπάρχοντα
3090 5533 3227 5602 φῶς,
3279 5533 3400 5606 μεθ’
3445 5533 3474 5588 ὃ
3507 5533 3651 5588 κατά
3689 5535 3852 5604 φύσιν

2273 5618 2463 5690 ἕτερον
2486 5620 2657 5685 οὐδὲν,
2699 5620 2800 5690 τὴν
2845 5620 2940 5674 τοῦ
2988 5621 3247 5678 δύνασθαι
3280 5623 3534 5694 φωτίζειν
3565 5625 3852 5697 ἐνέργειαν

1181 5787 1226 5820 ²⁹
1264 5787 1398 5844 Luc.
1432 5802 1485 5854 ι,
1516 5786 1602 5854 11,
1643 5785 1731 5839 21.
1810 5789 1877 5855 ἐξ·
1897 5785 2029 5841 ibid.
2067 5785 2150 5840 l3.

2257 5787 2276 5820 °
2313 5788 2468 5846 Joan.
2502 5807 2540 5858 ι,
2575 5791 2627 5849 7.
2704 5793 2745 5826 ⁸¹
2788 5789 2986 5850 Ezech.
3020 5810 3114 5860 nt,
3147 5791 3236 5846 27.
3315 5792 3360 5824 ³³
3402 5790 3507 5846 15a.
3543 5806 3642 5856 ιι,
3671 5789 3726 5844 ὅ.
3805 5781 3851 5816 ⁸³
