  <div class='ocr_page' id='page_1' title='image "/cluster/home/n/w/nwhite01/storage/ocr_20150623/73:no.6/coo.31924054869692/062.png"; bbox 0 0 4156 6496; ppageno 0'>
   <div class='ocr_carea' id='block_1_1' title="bbox 295 385 416 443">
    <p class='ocr_par' dir='ltr' id='par_1_1' title="bbox 295 385 416 443">
     <span class='ocr_line' id='line_1_1' title="bbox 295 385 416 443; baseline -0.025 0"><span class='ocrx_word' id='word_1_1' title='bbox 295 385 416 443; x_wconf 77' lang='lat' dir='ltr'><strong>I09</strong></span> 
     </span>
    </p>
   </div>
   <div class='ocr_carea' id='block_1_2' title="bbox 1403 380 2547 437">
    <p class='ocr_par' dir='ltr' id='par_1_2' title="bbox 1403 380 2547 437">
     <span class='ocr_line' id='line_1_2' title="bbox 1403 380 2547 437; baseline 0.005 -6"><span class='ocrx_word' id='word_1_2' title='bbox 1403 382 1466 432; x_wconf 71' lang='lat' dir='ltr'><strong>IN</strong></span> <span class='ocrx_word' id='word_1_3' title='bbox 1507 380 1790 434; x_wconf 67' lang='lat' dir='ltr'><strong>JUANMS</strong></span> <span class='ocrx_word' id='word_1_4' title='bbox 1843 381 2294 435; x_wconf 60' lang='lat' dir='ltr'><strong>EVANGIL’LIUM</strong></span> <span class='ocrx_word' id='word_1_5' title='bbox 2335 382 2464 434; x_wconf 81' lang='lat' dir='ltr'><strong>LIB.</strong></span> <span class='ocrx_word' id='word_1_6' title='bbox 2505 383 2547 437; x_wconf 86' lang='grc' dir='ltr'>Ι.</span> 
     </span>
    </p>
   </div>
   <div class='ocr_carea' id='block_1_3' title="bbox 3499 389 3596 445">
    <p class='ocr_par' dir='ltr' id='par_1_3' title="bbox 3499 389 3596 445">
     <span class='ocr_line' id='line_1_3' title="bbox 3499 389 3596 445; baseline -0.041 0"><span class='ocrx_word' id='word_1_7' title='bbox 3499 389 3596 445; x_wconf 76' lang='lat' dir='ltr'><strong>IIII</strong></span> 
     </span>
    </p>
   </div>
   <div class='ocr_carea' id='block_1_4' title="bbox 295 472 1919 569">
    <p class='ocr_par' dir='ltr' id='par_1_4' title="bbox 295 472 1909 567">
     <span class='ocr_line' id='line_1_4' title="bbox 295 472 1909 567; baseline -0.004 -16"><span class='ocrx_word' id='word_1_8' title='bbox 295 497 454 567; x_wconf 82' lang='grc' dir='ltr'>ἔχον,</span> <span class='ocrx_word' id='word_1_9' title='bbox 499 494 596 548; x_wconf 68' lang='grc' dir='ltr'><strong>καὶ</strong></span> <span class='ocrx_word' id='word_1_10' title='bbox 619 491 798 562; x_wconf 81' lang='grc' dir='ltr'>φωτὸς</span> <span class='ocrx_word' id='word_1_11' title='bbox 830 491 894 546; x_wconf 91' lang='grc' dir='ltr'><strong>οὑ</strong></span> <span class='ocrx_word' id='word_1_12' title='bbox 914 491 1125 563; x_wconf 79' lang='grc' dir='ltr'><strong>δεηθέν.</strong></span> <span class='ocrx_word' id='word_1_13' title='bbox 1157 490 1365 546; x_wconf 82' lang='grc' dir='ltr'>Οὐκοῦν</span> <span class='ocrx_word' id='word_1_14' title='bbox 1397 472 1632 560; x_wconf 74' lang='grc' dir='ltr'>ἓκφυλός</span> <span class='ocrx_word' id='word_1_15' title='bbox 1667 508 1747 556; x_wconf 89' lang='grc' dir='ltr'><strong>τε,</strong></span> <span class='ocrx_word' id='word_1_16' title='bbox 1792 491 1909 557; x_wconf 77' lang='grc' dir='ltr'>καὶ,</span> 
     </span>
    </p>
   </div>
   <div class='ocr_carea' id='block_1_5' title="bbox 2019 472 3598 569">
    <p class='ocr_par' dir='ltr' id='par_1_5' title="bbox 2019 492 3598 569">
     <span class='ocr_line' id='line_1_5' title="bbox 2019 492 3598 569; baseline 0.004 -23"><span class='ocrx_word' id='word_1_17' title='bbox 2019 492 2263 547; x_wconf 82' lang='lat' dir='ltr'><strong>minandi</strong></span> <span class='ocrx_word' id='word_1_18' title='bbox 2306 493 2358 546; x_wconf 87' lang='lat' dir='ltr'><strong>vi</strong></span> <span class='ocrx_word' id='word_1_19' title='bbox 2394 493 2700 564; x_wconf 70' lang='lat' dir='ltr'><strong>praaditam,</strong></span> <span class='ocrx_word' id='word_1_20' title='bbox 2733 502 2788 551; x_wconf 86' lang='lat' dir='ltr'><strong>et</strong></span> <span class='ocrx_word' id='word_1_21' title='bbox 2817 493 3044 550; x_wconf 88' lang='lat' dir='ltr'><strong>minime</strong></span> <span class='ocrx_word' id='word_1_22' title='bbox 3072 495 3212 552; x_wconf 89' lang='lat' dir='ltr'><strong>lucis</strong></span> <span class='ocrx_word' id='word_1_23' title='bbox 3237 495 3598 569; x_wconf 90' lang='lat' dir='ltr'><strong>indigentem.</strong></span> 
     </span>
    </p>
   </div>
   <div class='ocr_carea' id='block_1_6' title="bbox 297 582 1911 655">
    <p class='ocr_par' dir='ltr' id='par_1_6' title="bbox 297 582 1911 655">
     <span class='ocr_line' id='line_1_6' title="bbox 297 582 1911 655; baseline -0.001 -16"><span class='ocrx_word' id='word_1_24' title='bbox 297 588 371 641; x_wconf 75' lang='grc' dir='ltr'><strong>ἵν’</strong></span> <span class='ocrx_word' id='word_1_25' title='bbox 394 583 578 648; x_wconf 69' lang='grc' dir='ltr'>οὕτως</span> <span class='ocrx_word' id='word_1_26' title='bbox 623 582 894 653; x_wconf 74' lang='grc' dir='ltr'>εἴπωμεν,</span> <span class='ocrx_word' id='word_1_27' title='bbox 944 582 1243 655; x_wconf 82' lang='grc' dir='ltr'>ἑτεροφυὴς</span> <span class='ocrx_word' id='word_1_28' title='bbox 1274 582 1350 646; x_wconf 86' lang='grc' dir='ltr'><strong>ὡς</strong></span> <span class='ocrx_word' id='word_1_29' title='bbox 1393 583 1529 654; x_wconf 78' lang='grc' dir='ltr'>πρὸς</span> <span class='ocrx_word' id='word_1_30' title='bbox 1557 584 1656 654; x_wconf 84' lang='grc' dir='ltr'>τὴν</span> <span class='ocrx_word' id='word_1_31' title='bbox 1686 583 1862 637; x_wconf 82' lang='grc' dir='ltr'><strong>κτίσιν</strong></span> <span class='ocrx_word' id='word_1_32' title='bbox 1882 586 1911 638; x_wconf 98' lang='lat'><strong>6</strong></span> 
     </span>
    </p>
   </div>
   <div class='ocr_carea' id='block_1_7' title="bbox 293 673 1911 746">
    <p class='ocr_par' dir='ltr' id='par_1_7' title="bbox 293 673 1911 746">
     <span class='ocr_line' id='line_1_7' title="bbox 293 673 1911 746; baseline -0.001 -16"><span class='ocrx_word' id='word_1_33' title='bbox 293 675 398 730; x_wconf 80' lang='grc' dir='ltr'><strong>τοῦ</strong></span> <span class='ocrx_word' id='word_1_34' title='bbox 430 673 571 729; x_wconf 81' lang='grc' dir='ltr'><strong>Θεοῦ</strong></span> <span class='ocrx_word' id='word_1_35' title='bbox 598 673 792 746; x_wconf 77' lang='grc' dir='ltr'>Λόγος,</span> <span class='ocrx_word' id='word_1_36' title='bbox 829 675 989 744; x_wconf 74' lang='grc' dir='ltr'>εἰπερ</span> <span class='ocrx_word' id='word_1_37' title='bbox 1026 673 1196 738; x_wconf 75' lang='grc' dir='ltr'>ὅντως</span> <span class='ocrx_word' id='word_1_38' title='bbox 1229 691 1290 728; x_wconf 85' lang='grc' dir='ltr'><strong>τε</strong></span> <span class='ocrx_word' id='word_1_39' title='bbox 1343 675 1438 728; x_wconf 78' lang='grc' dir='ltr'>καὶ</span> <span class='ocrx_word' id='word_1_40' title='bbox 1481 673 1699 746; x_wconf 85' lang='grc' dir='ltr'>ἀληθῶς</span> <span class='ocrx_word' id='word_1_41' title='bbox 1748 676 1911 740; x_wconf 84' lang='grc' dir='ltr'>αὐτὸς</span> 
     </span>
    </p>
   </div>
   <div class='ocr_carea' id='block_1_8' title="bbox 297 764 1905 838">
    <p class='ocr_par' dir='ltr' id='par_1_8' title="bbox 297 764 1905 838">
     <span class='ocr_line' id='line_1_8' title="bbox 297 764 1905 838; baseline 0.001 -19"><span class='ocrx_word' id='word_1_42' title='bbox 297 767 405 838; x_wconf 82' lang='grc' dir='ltr'>μέν</span> <span class='ocrx_word' id='word_1_43' title='bbox 437 768 558 819; x_wconf 75' lang='grc' dir='ltr'>ἐστι</span> <span class='ocrx_word' id='word_1_44' title='bbox 600 764 810 836; x_wconf 79' lang='grc' dir='ltr'>κυρίως</span> <span class='ocrx_word' id='word_1_45' title='bbox 841 765 904 818; x_wconf 79' lang='grc' dir='ltr'>τὸ</span> <span class='ocrx_word' id='word_1_46' title='bbox 926 765 1063 834; x_wconf 85' lang='grc' dir='ltr'>φῶς,</span> <span class='ocrx_word' id='word_1_47' title='bbox 1087 765 1265 835; x_wconf 74' lang='grc' dir='ltr'>φωτὸς</span> <span class='ocrx_word' id='word_1_48' title='bbox 1290 766 1347 818; x_wconf 81' lang='grc' dir='ltr'>δὲ</span> <span class='ocrx_word' id='word_1_49' title='bbox 1377 767 1411 836; x_wconf 75' lang='grc' dir='ltr'>ἡ</span> <span class='ocrx_word' id='word_1_50' title='bbox 1445 767 1624 830; x_wconf 84' lang='grc' dir='ltr'><strong>κτίσις</strong></span> <span class='ocrx_word' id='word_1_51' title='bbox 1659 766 1905 838; x_wconf 79' lang='grc' dir='ltr'><strong>μέτοχος.</strong></span> 
     </span>
    </p>
   </div>
   <div class='ocr_carea' id='block_1_9' title="bbox 308 856 1910 929">
    <p class='ocr_par' dir='ltr' id='par_1_9' title="bbox 308 856 1910 929">
     <span class='ocr_line' id='line_1_9' title="bbox 308 856 1910 929; baseline -0.001 -15"><span class='ocrx_word' id='word_1_52' title='bbox 308 861 370 914; x_wconf 86' lang='lat'><strong>&#39;0</strong></span> <span class='ocrx_word' id='word_1_53' title='bbox 391 858 453 912; x_wconf 76' lang='grc' dir='ltr'>δὲ</span> <span class='ocrx_word' id='word_1_54' title='bbox 488 860 605 920; x_wconf 83' lang='grc' dir='ltr'>τοῖς</span> <span class='ocrx_word' id='word_1_55' title='bbox 632 857 1032 928; x_wconf 77' lang='grc' dir='ltr'>πεποιημένοις</span> <span class='ocrx_word' id='word_1_56' title='bbox 1077 856 1416 921; x_wconf 80' lang='grc' dir='ltr'><strong>ἀσύντακτος</strong></span> <span class='ocrx_word' id='word_1_57' title='bbox 1449 857 1572 929; x_wconf 73' lang='grc' dir='ltr'>ἥδη,</span> <span class='ocrx_word' id='word_1_58' title='bbox 1603 858 1698 912; x_wconf 75' lang='grc' dir='ltr'>καὶ</span> <span class='ocrx_word' id='word_1_59' title='bbox 1727 860 1910 929; x_wconf 81' lang='grc' dir='ltr'>ἑτερο-</span> 
     </span>
    </p>
   </div>
   <div class='ocr_carea' id='block_1_10' title="bbox 295 946 1910 1021">
    <p class='ocr_par' dir='ltr' id='par_1_10' title="bbox 295 946 1910 1021">
     <span class='ocr_line' id='line_1_10' title="bbox 295 946 1910 1021; baseline 0.001 -19"><span class='ocrx_word' id='word_1_60' title='bbox 295 951 448 1021; x_wconf 75' lang='grc' dir='ltr'>φυὴς</span> <span class='ocrx_word' id='word_1_61' title='bbox 484 948 576 1002; x_wconf 78' lang='grc' dir='ltr'><strong>διὰ</strong></span> <span class='ocrx_word' id='word_1_62' title='bbox 631 946 793 1000; x_wconf 82' lang='grc' dir='ltr'>τοῦτο</span> <span class='ocrx_word' id='word_1_63' title='bbox 831 949 1143 1019; x_wconf 86' lang='grc' dir='ltr'>νοούμενος,</span> <span class='ocrx_word' id='word_1_64' title='bbox 1200 948 1319 1012; x_wconf 85' lang='grc' dir='ltr'><strong>πῶς</strong></span> <span class='ocrx_word' id='word_1_65' title='bbox 1369 949 1470 1002; x_wconf 87' lang='grc' dir='ltr'><strong>οὑκ</strong></span> <span class='ocrx_word' id='word_1_66' title='bbox 1504 947 1570 1002; x_wconf 81' lang='grc' dir='ltr'>ἂν</span> <span class='ocrx_word' id='word_1_67' title='bbox 1603 948 1690 1020; x_wconf 78' lang='grc' dir='ltr'>εἴη</span> <span class='ocrx_word' id='word_1_68' title='bbox 1724 949 1910 1004; x_wconf 76' lang='grc' dir='ltr'>λοιπὸν</span> 
     </span>
    </p>
   </div>
   <div class='ocr_carea' id='block_1_11' title="bbox 299 1038 1909 1114">
    <p class='ocr_par' dir='ltr' id='par_1_11' title="bbox 299 1038 1909 1114">
     <span class='ocr_line' id='line_1_11' title="bbox 299 1038 1909 1114; baseline -0.001 -19"><span class='ocrx_word' id='word_1_69' title='bbox 299 1043 440 1096; x_wconf 80' lang='grc' dir='ltr'>εἴσω</span> <span class='ocrx_word' id='word_1_70' title='bbox 467 1040 583 1094; x_wconf 84' lang='grc' dir='ltr'><strong>τῶν</strong></span> <span class='ocrx_word' id='word_1_71' title='bbox 615 1041 719 1112; x_wconf 83' lang='grc' dir='ltr'>τῆς</span> <span class='ocrx_word' id='word_1_72' title='bbox 773 1038 1033 1112; x_wconf 78' lang='grc' dir='ltr'><strong>θεότητος</strong></span> <span class='ocrx_word' id='word_1_73' title='bbox 1079 1041 1245 1114; x_wconf 86' lang='grc' dir='ltr'>ὅρων,</span> <span class='ocrx_word' id='word_1_74' title='bbox 1272 1041 1367 1095; x_wconf 74' lang='grc' dir='ltr'>καὶ</span> <span class='ocrx_word' id='word_1_75' title='bbox 1393 1041 1494 1112; x_wconf 80' lang='grc' dir='ltr'>τῆς</span> <span class='ocrx_word' id='word_1_76' title='bbox 1534 1039 1628 1095; x_wconf 82' lang='grc' dir='ltr'><strong>τοῦ</strong></span> <span class='ocrx_word' id='word_1_77' title='bbox 1657 1042 1909 1106; x_wconf 80' lang='grc' dir='ltr'>τεκόντος</span> 
     </span>
    </p>
   </div>
   <div class='ocr_carea' id='block_1_12' title="bbox 307 1135 899 1204">
    <p class='ocr_par' dir='ltr' id='par_1_12' title="bbox 307 1135 899 1204">
     <span class='ocr_line' id='line_1_12' title="bbox 307 1135 899 1204; baseline 0.007 -18"><span class='ocrx_word' id='word_1_78' title='bbox 307 1135 537 1204; x_wconf 73' lang='grc' dir='ltr'>εὐφυΐας</span> <span class='ocrx_word' id='word_1_79' title='bbox 570 1135 861 1198; x_wconf 72' lang='grc' dir='ltr'>ἀνάπλεως</span> <span class='ocrx_word' id='word_1_80' title='bbox 884 1151 899 1202; x_wconf 90' lang='grc'><strong>;</strong></span> 
     </span>
    </p>
   </div>
   <div class='ocr_carea' id='block_1_13' title="bbox 380 1334 1907 1410">
    <p class='ocr_par' dir='ltr' id='par_1_13' title="bbox 380 1334 1907 1410">
     <span class='ocr_line' id='line_1_13' title="bbox 380 1334 1907 1410; baseline 0.001 -18"><span class='ocrx_word' id='word_1_81' title='bbox 380 1340 508 1392; x_wconf 84' lang='grc' dir='ltr'><strong>Οὐκ</strong></span> <span class='ocrx_word' id='word_1_82' title='bbox 529 1334 611 1408; x_wconf 80' lang='grc' dir='ltr'><strong>ἦν</strong></span> <span class='ocrx_word' id='word_1_83' title='bbox 649 1336 885 1403; x_wconf 76' lang='grc' dir='ltr'>ἐκεῖνος</span> <span class='ocrx_word' id='word_1_84' title='bbox 913 1336 981 1390; x_wconf 87' lang='grc' dir='ltr'>τὸ</span> <span class='ocrx_word' id='word_1_85' title='bbox 1032 1336 1183 1406; x_wconf 72' lang='grc' dir='ltr'>φῶς,</span> <span class='ocrx_word' id='word_1_86' title='bbox 1230 1339 1369 1394; x_wconf 74' lang='grc' dir='ltr'>ἀλλ’</span> <span class='ocrx_word' id='word_1_87' title='bbox 1406 1339 1508 1393; x_wconf 82' lang='grc' dir='ltr'><strong>ἵνα</strong></span> <span class='ocrx_word' id='word_1_88' title='bbox 1546 1339 1907 1410; x_wconf 76' lang='grc' dir='ltr'><strong>μαρτυρήσῃ</strong></span> 
     </span>
    </p>
   </div>
   <div class='ocr_carea' id='block_1_14' title="bbox 299 1430 822 1500">
    <p class='ocr_par' dir='ltr' id='par_1_14' title="bbox 299 1430 822 1500">
     <span class='ocr_line' id='line_1_14' title="bbox 299 1430 822 1500; baseline -0.004 -16"><span class='ocrx_word' id='word_1_89' title='bbox 299 1430 440 1500; x_wconf 75' lang='grc' dir='ltr'>περὶ</span> <span class='ocrx_word' id='word_1_90' title='bbox 462 1430 573 1484; x_wconf 83' lang='grc' dir='ltr'>τοῦ</span> <span class='ocrx_word' id='word_1_91' title='bbox 605 1431 822 1499; x_wconf 72' lang='grc' dir='ltr'>φωτός,</span> 
     </span>
    </p>
   </div>
   <div class='ocr_carea' id='block_1_15' title="bbox 376 1520 1906 1592">
    <p class='ocr_par' dir='ltr' id='par_1_15' title="bbox 376 1520 1906 1592">
     <span class='ocr_line' id='line_1_15' title="bbox 376 1520 1906 1592; baseline -0.001 -16"><span class='ocrx_word' id='word_1_92' title='bbox 376 1523 496 1585; x_wconf 82' lang='grc' dir='ltr'><strong>Τὰς</strong></span> <span class='ocrx_word' id='word_1_93' title='bbox 521 1523 580 1574; x_wconf 81' lang='grc' dir='ltr'>ὲν</span> <span class='ocrx_word' id='word_1_94' title='bbox 613 1523 678 1592; x_wconf 81' lang='grc' dir='ltr'>τῇ</span> <span class='ocrx_word' id='word_1_95' title='bbox 711 1523 907 1592; x_wconf 75' lang='grc' dir='ltr'>ἐρήμῳ</span> <span class='ocrx_word' id='word_1_96' title='bbox 937 1520 1220 1592; x_wconf 79' lang='grc' dir='ltr'>διατριόἀς</span> <span class='ocrx_word' id='word_1_97' title='bbox 1238 1521 1344 1574; x_wconf 86' lang='grc' dir='ltr'><strong>τῶν</strong></span> <span class='ocrx_word' id='word_1_98' title='bbox 1376 1523 1433 1575; x_wconf 83' lang='grc' dir='ltr'>ὲν</span> <span class='ocrx_word' id='word_1_99' title='bbox 1457 1521 1675 1576; x_wconf 87' lang='grc' dir='ltr'>πόλεσιν</span> <span class='ocrx_word' id='word_1_100' title='bbox 1707 1522 1906 1576; x_wconf 76' lang='grc' dir='ltr'>ἐνδιαι-</span> 
     </span>
    </p>
   </div>
   <div class='ocr_carea' id='block_1_16' title="bbox 294 1612 1909 1686">
    <p class='ocr_par' dir='ltr' id='par_1_16' title="bbox 294 1612 1909 1686">
     <span class='ocr_line' id='line_1_16' title="bbox 294 1612 1909 1686; baseline 0.001 -19"><span class='ocrx_word' id='word_1_101' title='bbox 294 1614 580 1686; x_wconf 82' lang='grc' dir='ltr'>τημάτων</span> <span class='ocrx_word' id='word_1_102' title='bbox 631 1615 978 1685; x_wconf 80' lang='grc' dir='ltr'>προτιμήσας</span> <span class='ocrx_word' id='word_1_103' title='bbox 1026 1616 1055 1668; x_wconf 96' lang='lat'><strong>6</strong></span> <span class='ocrx_word' id='word_1_104' title='bbox 1109 1613 1444 1685; x_wconf 81' lang='grc' dir='ltr'>Βαπτιστὴς,</span> <span class='ocrx_word' id='word_1_105' title='bbox 1504 1615 1597 1668; x_wconf 62' lang='grc' dir='ltr'><strong>καὶ⁸</strong></span> <span class='ocrx_word' id='word_1_106' title='bbox 1645 1612 1804 1683; x_wconf 75' lang='grc' dir='ltr'>ξένην</span> <span class='ocrx_word' id='word_1_107' title='bbox 1850 1615 1909 1668; x_wconf 81' lang='grc' dir='ltr'>ὲν</span> 
     </span>
    </p>
   </div>
   <div class='ocr_carea' id='block_1_17' title="bbox 295 1703 1910 1776">
    <p class='ocr_par' dir='ltr' id='par_1_17' title="bbox 295 1703 1910 1776">
     <span class='ocr_line' id='line_1_17' title="bbox 295 1703 1910 1776; baseline -0.001 -18"><span class='ocrx_word' id='word_1_108' title='bbox 295 1706 550 1776; x_wconf 79' lang='grc' dir='ltr'><strong>ἀσκήσει</strong></span> <span class='ocrx_word' id='word_1_109' title='bbox 581 1703 678 1775; x_wconf 79' lang='grc' dir='ltr'><strong>τὴν</strong></span> <span class='ocrx_word' id='word_1_110' title='bbox 717 1705 1019 1776; x_wconf 85' lang='grc' dir='ltr'>καρτερίαν</span> <span class='ocrx_word' id='word_1_111' title='bbox 1070 1703 1505 1775; x_wconf 70' lang='grc' dir='ltr'><strong>ἐπιδειξάμενος,</strong></span> <span class='ocrx_word' id='word_1_112' title='bbox 1544 1705 1640 1757; x_wconf 76' lang='grc' dir='ltr'>καὶ</span> <span class='ocrx_word' id='word_1_113' title='bbox 1673 1706 1755 1767; x_wconf 88' lang='grc' dir='ltr'><strong>είς</strong></span> <span class='ocrx_word' id='word_1_114' title='bbox 1777 1703 1910 1757; x_wconf 76' lang='grc' dir='ltr'>αὐτὸ</span> 
     </span>
    </p>
   </div>
   <div class='ocr_carea' id='block_1_18' title="bbox 296 1795 1910 1870">
    <p class='ocr_par' dir='ltr' id='par_1_18' title="bbox 296 1795 1910 1870">
     <span class='ocr_line' id='line_1_18' title="bbox 296 1795 1910 1870; baseline -0.001 -18"><span class='ocrx_word' id='word_1_115' title='bbox 296 1800 407 1870; x_wconf 85' lang='grc' dir='ltr'>τῆς</span> <span class='ocrx_word' id='word_1_116' title='bbox 438 1800 502 1852; x_wconf 84' lang='grc' dir='ltr'>ὲν</span> <span class='ocrx_word' id='word_1_117' title='bbox 533 1797 846 1868; x_wconf 84' lang='grc' dir='ltr'>ἀνθρώποις</span> <span class='ocrx_word' id='word_1_118' title='bbox 871 1795 1221 1868; x_wconf 82' lang='grc' dir='ltr'>δικαιοσύνης</span> <span class='ocrx_word' id='word_1_119' title='bbox 1251 1797 1314 1849; x_wconf 83' lang='grc' dir='ltr'>τὸ</span> <span class='ocrx_word' id='word_1_120' title='bbox 1345 1796 1646 1866; x_wconf 78' lang='grc' dir='ltr'>ἀκρότατον</span> <span class='ocrx_word' id='word_1_121' title='bbox 1672 1795 1910 1868; x_wconf 70' lang='grc' dir='ltr'>άναδραυ</span> 
     </span>
    </p>
   </div>
   <div class='ocr_carea' id='block_1_19' title="bbox 305 1855 1985 1963">
    <p class='ocr_par' dir='ltr' id='par_1_19' title="bbox 305 1855 1985 1963">
     <span class='ocr_line' id='line_1_19' title="bbox 305 1855 1985 1963; baseline -0.002 -20"><span class='ocrx_word' id='word_1_122' title='bbox 305 1855 451 1963; x_wconf 55' lang='grc' dir='ltr'>μων,</span> <span class='ocrx_word' id='word_1_123' title='bbox 480 1891 576 1944; x_wconf 82' lang='grc' dir='ltr'><strong>καὶ</strong></span> <span class='ocrx_word' id='word_1_124' title='bbox 617 1855 770 1961; x_wconf 75' lang='grc' dir='ltr'>μάλα</span> <span class='ocrx_word' id='word_1_125' title='bbox 810 1855 1038 1952; x_wconf 80' lang='grc' dir='ltr'>δικαίως</span> <span class='ocrx_word' id='word_1_126' title='bbox 1084 1855 1532 1958; x_wconf 72' lang='grc' dir='ltr'>ἀπεθαυμάζετο,</span> <span class='ocrx_word' id='word_1_127' title='bbox 1571 1888 1668 1942; x_wconf 79' lang='grc' dir='ltr'>καὶ</span> <span class='ocrx_word' id='word_1_128' title='bbox 1705 1887 1772 1960; x_wconf 82' lang='grc' dir='ltr'>δὴ</span> <span class='ocrx_word' id='word_1_129' title='bbox 1809 1855 1910 1942; x_wconf 68' lang='grc' dir='ltr'>καὶ</span> <span class='ocrx_word' id='word_1_130' title='bbox 1943 1855 1985 1912; x_wconf 75' lang='grc' dir='ltr'><strong>Β</strong></span> 
     </span>
    </p>
   </div>
   <div class='ocr_carea' id='block_1_20' title="bbox 303 1979 1960 2055">
    <p class='ocr_par' dir='ltr' id='par_1_20' title="bbox 303 1979 1960 2055">
     <span class='ocr_line' id='line_1_20' title="bbox 303 1979 1960 2055; baseline -0.001 -18"><span class='ocrx_word' id='word_1_131' title='bbox 303 1984 617 2055; x_wconf 76' lang='grc' dir='ltr'>ὑπείληπτο</span> <span class='ocrx_word' id='word_1_132' title='bbox 675 1983 832 2054; x_wconf 86' lang='grc' dir='ltr'>παρά</span> <span class='ocrx_word' id='word_1_133' title='bbox 888 1999 1030 2036; x_wconf 90' lang='grc' dir='ltr'>τισιν</span> <span class='ocrx_word' id='word_1_134' title='bbox 1080 1982 1246 2046; x_wconf 82' lang='grc' dir='ltr'>αὐτὸς</span> <span class='ocrx_word' id='word_1_135' title='bbox 1293 1979 1482 2036; x_wconf 74' lang='grc' dir='ltr'>εῖναιό</span> <span class='ocrx_word' id='word_1_136' title='bbox 1511 1983 1767 2053; x_wconf 84' lang='grc' dir='ltr'>Χριστός.</span> <span class='ocrx_word' id='word_1_137' title='bbox 1798 1981 1911 2035; x_wconf 76' lang='grc' dir='ltr'><strong>Καὶ</strong></span> <span class='ocrx_word' id='word_1_138' title='bbox 1958 2025 1960 2027; x_wconf 79' lang='lat'><strong>.</strong></span> 
     </span>
    </p>
   </div>
   <div class='ocr_carea' id='block_1_21' title="bbox 311 2071 1910 2146">
    <p class='ocr_par' dir='ltr' id='par_1_21' title="bbox 311 2071 1910 2146">
     <span class='ocr_line' id='line_1_21' title="bbox 311 2071 1910 2146; baseline -0.003 -16"><span class='ocrx_word' id='word_1_139' title='bbox 311 2077 452 2145; x_wconf 76' lang='grc' dir='ltr'>γοῦν</span> <span class='ocrx_word' id='word_1_140' title='bbox 469 2079 516 2129; x_wconf 88' lang='grc' dir='ltr'>οἱ</span> <span class='ocrx_word' id='word_1_141' title='bbox 542 2075 650 2130; x_wconf 85' lang='grc' dir='ltr'><strong>τῶν</strong></span> <span class='ocrx_word' id='word_1_142' title='bbox 689 2073 999 2129; x_wconf 81' lang='grc' dir='ltr'>Ἰουδαϊκῶν</span> <span class='ocrx_word' id='word_1_143' title='bbox 1025 2074 1320 2146; x_wconf 78' lang='grc' dir='ltr'>ἡγούμενοι</span> <span class='ocrx_word' id='word_1_144' title='bbox 1361 2074 1657 2145; x_wconf 84' lang='grc' dir='ltr'>ταγμάτων</span> <span class='ocrx_word' id='word_1_145' title='bbox 1688 2073 1778 2127; x_wconf 82' lang='grc' dir='ltr'>διὰ</span> <span class='ocrx_word' id='word_1_146' title='bbox 1802 2071 1910 2127; x_wconf 83' lang='grc' dir='ltr'><strong>τῶν</strong></span> 
     </span>
    </p>
   </div>
   <div class='ocr_carea' id='block_1_22' title="bbox 311 2165 1912 2240">
    <p class='ocr_par' dir='ltr' id='par_1_22' title="bbox 311 2165 1912 2240">
     <span class='ocr_line' id='line_1_22' title="bbox 311 2165 1912 2240; baseline -0.002 -18"><span class='ocrx_word' id='word_1_147' title='bbox 311 2170 626 2240; x_wconf 81' lang='grc' dir='ltr'>προσόντων</span> <span class='ocrx_word' id='word_1_148' title='bbox 671 2167 827 2239; x_wconf 87' lang='grc' dir='ltr'>αὑτῷ</span> <span class='ocrx_word' id='word_1_149' title='bbox 867 2166 1010 2222; x_wconf 86' lang='grc' dir='ltr'>κατὰ</span> <span class='ocrx_word' id='word_1_150' title='bbox 1051 2168 1257 2240; x_wconf 81' lang='grc' dir='ltr'>ἀρετὴν</span> <span class='ocrx_word' id='word_1_151' title='bbox 1302 2165 1797 2238; x_wconf 77' lang='grc' dir='ltr'>πλεονεκτημάτων</span> <span class='ocrx_word' id='word_1_152' title='bbox 1830 2166 1912 2229; x_wconf 86' lang='grc' dir='ltr'><strong>εἰς</strong></span> 
     </span>
    </p>
   </div>
   <div class='ocr_carea' id='block_1_23' title="bbox 301 2257 1912 2330">
    <p class='ocr_par' dir='ltr' id='par_1_23' title="bbox 301 2257 1912 2330">
     <span class='ocr_line' id='line_1_23' title="bbox 301 2257 1912 2330; baseline -0.002 -17"><span class='ocrx_word' id='word_1_153' title='bbox 301 2259 572 2330; x_wconf 81' lang='grc' dir='ltr'>τοιαύτην</span> <span class='ocrx_word' id='word_1_154' title='bbox 611 2258 927 2330; x_wconf 71' lang='grc' dir='ltr'>ἐνεχθέντες</span> <span class='ocrx_word' id='word_1_155' title='bbox 968 2259 1260 2325; x_wconf 83' lang='grc' dir='ltr'>ὑπόνοιαν,</span> <span class='ocrx_word' id='word_1_156' title='bbox 1316 2257 1710 2313; x_wconf 70' lang='grc' dir='ltr'>ἀποστέλλουσι</span> <span class='ocrx_word' id='word_1_157' title='bbox 1757 2273 1912 2320; x_wconf 88' lang='grc' dir='ltr'>τινας</span> 
     </span>
    </p>
   </div>
   <div class='ocr_carea' id='block_1_24' title="bbox 299 2349 1912 2422">
    <p class='ocr_par' dir='ltr' id='par_1_24' title="bbox 299 2349 1912 2422">
     <span class='ocr_line' id='line_1_24' title="bbox 299 2349 1912 2422; baseline -0.002 -18"><span class='ocrx_word' id='word_1_158' title='bbox 299 2350 450 2422; x_wconf 76' lang='grc' dir='ltr'>πρὸς</span> <span class='ocrx_word' id='word_1_159' title='bbox 501 2350 666 2404; x_wconf 81' lang='grc' dir='ltr'>αὑτὸν</span> <span class='ocrx_word' id='word_1_160' title='bbox 721 2349 1102 2404; x_wconf 74' lang='grc' dir='ltr'>ἀναπυθέσθαι</span> <span class='ocrx_word' id='word_1_161' title='bbox 1168 2350 1596 2421; x_wconf 79' lang='grc' dir='ltr'>προστάξαντες,</span> <span class='ocrx_word' id='word_1_162' title='bbox 1655 2350 1704 2403; x_wconf 78' lang='grc' dir='ltr'>εἰ</span> <span class='ocrx_word' id='word_1_163' title='bbox 1746 2349 1912 2413; x_wconf 82' lang='grc' dir='ltr'>αὑτός</span> 
     </span>
    </p>
   </div>
   <div class='ocr_carea' id='block_1_25' title="bbox 298 2441 1914 2514">
    <p class='ocr_par' dir='ltr' id='par_1_25' title="bbox 298 2441 1914 2514">
     <span class='ocr_line' id='line_1_25' title="bbox 298 2441 1914 2514; baseline -0.002 -16"><span class='ocrx_word' id='word_1_164' title='bbox 298 2445 461 2498; x_wconf 69' lang='grc' dir='ltr'>ἐστιν</span> <span class='ocrx_word' id='word_1_165' title='bbox 494 2443 526 2496; x_wconf 90' lang='lat'><strong>6</strong></span> <span class='ocrx_word' id='word_1_166' title='bbox 556 2443 814 2513; x_wconf 84' lang='grc' dir='ltr'>Χριστός.</span> <span class='ocrx_word' id='word_1_167' title='bbox 851 2444 968 2496; x_wconf 81' lang='grc' dir='ltr'>Οὐκ</span> <span class='ocrx_word' id='word_1_168' title='bbox 1017 2443 1292 2514; x_wconf 79' lang='grc' dir='ltr'>ἀγνοήσας</span> <span class='ocrx_word' id='word_1_169' title='bbox 1346 2442 1527 2498; x_wconf 84' lang='grc' dir='ltr'>τοίνυν</span> <span class='ocrx_word' id='word_1_170' title='bbox 1573 2443 1603 2496; x_wconf 90' lang='lat'><strong>6</strong></span> <span class='ocrx_word' id='word_1_171' title='bbox 1640 2441 1914 2513; x_wconf 89' lang='grc' dir='ltr'>μακάριος</span> 
     </span>
    </p>
   </div>
   <div class='ocr_carea' id='block_1_26' title="bbox 294 2532 1913 2607">
    <p class='ocr_par' dir='ltr' id='par_1_26' title="bbox 294 2532 1913 2607">
     <span class='ocr_line' id='line_1_26' title="bbox 294 2532 1913 2607; baseline -0.003 -18"><span class='ocrx_word' id='word_1_172' title='bbox 294 2535 712 2607; x_wconf 81' lang='grc' dir='ltr'>εὑαγγελιστὴς</span> <span class='ocrx_word' id='word_1_173' title='bbox 743 2534 816 2588; x_wconf 84' lang='grc' dir='ltr'><strong>τὰ</strong></span> <span class='ocrx_word' id='word_1_174' title='bbox 841 2535 996 2606; x_wconf 82' lang='grc' dir='ltr'><strong>παρά</strong></span> <span class='ocrx_word' id='word_1_175' title='bbox 1021 2535 1238 2598; x_wconf 83' lang='grc' dir='ltr'>πολλοῖς</span> <span class='ocrx_word' id='word_1_176' title='bbox 1253 2532 1756 2606; x_wconf 81' lang='grc' dir='ltr'>διατεθρυλλημὲνα</span> <span class='ocrx_word' id='word_1_177' title='bbox 1785 2533 1913 2603; x_wconf 82' lang='grc' dir='ltr'>περὶ</span> 
     </span>
    </p>
   </div>
   <div class='ocr_carea' id='block_1_27' title="bbox 297 2619 1916 2695">
    <p class='ocr_par' dir='ltr' id='par_1_27' title="bbox 297 2619 1916 2695">
     <span class='ocr_line' id='line_1_27' title="bbox 297 2619 1916 2695; baseline -0.002 -15"><span class='ocrx_word' id='word_1_178' title='bbox 297 2626 500 2690; x_wconf 80' lang='grc' dir='ltr'>αὑτοῦ,</span> <span class='ocrx_word' id='word_1_179' title='bbox 528 2625 747 2695; x_wconf 79' lang='grc' dir='ltr'>τίθησιν</span> <span class='ocrx_word' id='word_1_180' title='bbox 782 2626 1099 2694; x_wconf 78' lang='grc' dir='ltr'>ἀναγκαίως</span> <span class='ocrx_word' id='word_1_181' title='bbox 1135 2625 1222 2690; x_wconf 69' lang='grc' dir='ltr'><strong>τὸ,</strong></span> <span class='ocrx_word' id='word_1_182' title='bbox 1264 2644 1283 2677; x_wconf 77' lang='grc' dir='ltr'><strong>ι</strong></span> <span class='ocrx_word' id='word_1_183' title='bbox 1319 2625 1435 2679; x_wconf 82' lang='grc' dir='ltr'><strong>Οὐκ</strong></span> <span class='ocrx_word' id='word_1_184' title='bbox 1458 2619 1528 2695; x_wconf 82' lang='grc' dir='ltr'>ἦν</span> <span class='ocrx_word' id='word_1_185' title='bbox 1591 2625 1801 2686; x_wconf 76' lang='grc' dir='ltr'>ἐκεῖνος</span> <span class='ocrx_word' id='word_1_186' title='bbox 1852 2622 1916 2677; x_wconf 83' lang='grc' dir='ltr'>τὸ</span> 
     </span>
    </p>
   </div>
   <div class='ocr_carea' id='block_1_28' title="bbox 300 2716 1912 2790">
    <p class='ocr_par' dir='ltr' id='par_1_28' title="bbox 300 2716 1912 2790">
     <span class='ocr_line' id='line_1_28' title="bbox 300 2716 1912 2790; baseline 0.001 -20"><span class='ocrx_word' id='word_1_187' title='bbox 300 2718 449 2790; x_wconf 78' lang='grc' dir='ltr'>φῶς,</span> <span class='ocrx_word' id='word_1_188' title='bbox 491 2738 510 2770; x_wconf 77' lang='grc' dir='ltr'><strong>ι</strong></span> <span class='ocrx_word' id='word_1_189' title='bbox 549 2719 640 2770; x_wconf 82' lang='grc' dir='ltr'>ἵνα</span> <span class='ocrx_word' id='word_1_190' title='bbox 667 2719 764 2772; x_wconf 81' lang='grc' dir='ltr'>καὶ</span> <span class='ocrx_word' id='word_1_191' title='bbox 802 2719 1014 2789; x_wconf 81' lang='grc' dir='ltr'>πλάνην</span> <span class='ocrx_word' id='word_1_192' title='bbox 1065 2717 1425 2790; x_wconf 75' lang='grc' dir='ltr'>άπορῤιζὼσῃ</span> <span class='ocrx_word' id='word_1_193' title='bbox 1457 2717 1554 2787; x_wconf 79' lang='grc' dir='ltr'>τὴν</span> <span class='ocrx_word' id='word_1_194' title='bbox 1593 2717 1687 2770; x_wconf 74' lang='grc' dir='ltr'><strong>ἐπὶ</strong></span> <span class='ocrx_word' id='word_1_195' title='bbox 1715 2716 1912 2786; x_wconf 81' lang='grc' dir='ltr'>τούτῳ,</span> 
     </span>
    </p>
   </div>
   <div class='ocr_carea' id='block_1_29' title="bbox 303 2806 1916 2881">
    <p class='ocr_par' dir='ltr' id='par_1_29' title="bbox 303 2806 1916 2881">
     <span class='ocr_line' id='line_1_29' title="bbox 303 2806 1916 2881; baseline -0.003 -17"><span class='ocrx_word' id='word_1_196' title='bbox 303 2812 410 2864; x_wconf 76' lang='grc' dir='ltr'><strong>καί</strong></span> <span class='ocrx_word' id='word_1_197' title='bbox 468 2809 634 2864; x_wconf 89' lang='grc' dir='ltr'>πάλιν</span> <span class='ocrx_word' id='word_1_198' title='bbox 690 2810 1037 2876; x_wconf 79' lang='grc' dir='ltr'>ἀξιοπιστίαν</span> <span class='ocrx_word' id='word_1_199' title='bbox 1084 2807 1433 2881; x_wconf 82' lang='grc' dir='ltr'>ὲπισωρεύσῃ</span> <span class='ocrx_word' id='word_1_200' title='bbox 1486 2807 1610 2862; x_wconf 79' lang='grc' dir='ltr'>τινὰ</span> <span class='ocrx_word' id='word_1_201' title='bbox 1659 2806 1739 2878; x_wconf 83' lang='grc' dir='ltr'><strong>τῷ</strong></span> <span class='ocrx_word' id='word_1_202' title='bbox 1777 2807 1916 2878; x_wconf 83' lang='grc' dir='ltr'>πρὸς</span> 
     </span>
    </p>
   </div>
   <div class='ocr_carea' id='block_1_30' title="bbox 315 2899 1917 2974">
    <p class='ocr_par' dir='ltr' id='par_1_30' title="bbox 315 2899 1917 2974">
     <span class='ocr_line' id='line_1_30' title="bbox 315 2899 1917 2974; baseline -0.001 -19"><span class='ocrx_word' id='word_1_203' title='bbox 315 2903 626 2974; x_wconf 81' lang='grc' dir='ltr'>μαρτυρίαν</span> <span class='ocrx_word' id='word_1_204' title='bbox 659 2901 1062 2973; x_wconf 83' lang='grc' dir='ltr'>ἀπεσταλμένῳ</span> <span class='ocrx_word' id='word_1_205' title='bbox 1075 2901 1225 2974; x_wconf 84' lang='grc' dir='ltr'>παρὰ</span> <span class='ocrx_word' id='word_1_206' title='bbox 1251 2899 1408 2955; x_wconf 83' lang='grc' dir='ltr'>Θεοῦ.</span> <span class='ocrx_word' id='word_1_207' title='bbox 1432 2900 1556 2964; x_wconf 83' lang='grc' dir='ltr'>Πῶς</span> <span class='ocrx_word' id='word_1_208' title='bbox 1575 2899 1684 2974; x_wconf 81' lang='grc' dir='ltr'><strong>γὰρ</strong></span> <span class='ocrx_word' id='word_1_209' title='bbox 1712 2900 1772 2953; x_wconf 88' lang='grc' dir='ltr'><strong>οὑ</strong></span> <span class='ocrx_word' id='word_1_210' title='bbox 1796 2899 1917 2954; x_wconf 81' lang='grc' dir='ltr'>λίαν</span> 
     </span>
    </p>
   </div>
   <div class='ocr_carea' id='block_1_31' title="bbox 307 2991 1918 3067">
    <p class='ocr_par' dir='ltr' id='par_1_31' title="bbox 307 2991 1918 3067">
     <span class='ocr_line' id='line_1_31' title="bbox 307 2991 1918 3067; baseline -0.003 -18"><span class='ocrx_word' id='word_1_211' title='bbox 307 2995 659 3067; x_wconf 66' lang='grc' dir='ltr'>ὑπερφερὴς,</span> <span class='ocrx_word' id='word_1_212' title='bbox 685 2994 805 3059; x_wconf 85' lang='grc' dir='ltr'><strong>πῶς</strong></span> <span class='ocrx_word' id='word_1_213' title='bbox 832 2995 889 3048; x_wconf 82' lang='grc' dir='ltr'>δὲ</span> <span class='ocrx_word' id='word_1_214' title='bbox 919 2995 1040 3066; x_wconf 76' lang='grc' dir='ltr'>οὐχὶ</span> <span class='ocrx_word' id='word_1_215' title='bbox 1062 2995 1203 3050; x_wconf 86' lang='grc' dir='ltr'><strong>κατά</strong></span> <span class='ocrx_word' id='word_1_216' title='bbox 1230 2995 1406 3050; x_wconf 84' lang='grc' dir='ltr'>πάντα</span> <span class='ocrx_word' id='word_1_217' title='bbox 1425 2994 1627 3066; x_wconf 86' lang='grc' dir='ltr'>τρόπον</span> <span class='ocrx_word' id='word_1_218' title='bbox 1659 2991 1918 3058; x_wconf 78' lang='grc' dir='ltr'>ἀξιοθαύ-</span> 
     </span>
    </p>
   </div>
   <div class='ocr_carea' id='block_1_32' title="bbox 305 3083 1916 3158">
    <p class='ocr_par' dir='ltr' id='par_1_32' title="bbox 305 3083 1916 3158">
     <span class='ocr_line' id='line_1_32' title="bbox 305 3083 1916 3158; baseline -0.003 -16"><span class='ocrx_word' id='word_1_219' title='bbox 305 3103 548 3158; x_wconf 80' lang='grc' dir='ltr'>μαστος,</span> <span class='ocrx_word' id='word_1_220' title='bbox 602 3088 634 3140; x_wconf 89' lang='grc' dir='ltr'>ὁ</span> <span class='ocrx_word' id='word_1_221' title='bbox 689 3087 937 3158; x_wconf 77' lang='grc' dir='ltr'>μεγάλην</span> <span class='ocrx_word' id='word_1_222' title='bbox 990 3085 1136 3141; x_wconf 78' lang='grc' dir='ltr'>οὕτω</span> <span class='ocrx_word' id='word_1_223' title='bbox 1173 3085 1660 3158; x_wconf 83' lang='grc' dir='ltr'>κατημφιεσμένος</span> <span class='ocrx_word' id='word_1_224' title='bbox 1692 3083 1916 3156; x_wconf 80' lang='grc' dir='ltr'>ἀρετὴν,</span> 
     </span>
    </p>
   </div>
   <div class='ocr_carea' id='block_1_33' title="bbox 2013 582 3599 659">
    <p class='ocr_par' dir='ltr' id='par_1_33' title="bbox 2013 582 3599 659">
     <span class='ocr_line' id='line_1_33' title="bbox 2013 582 3599 659; baseline 0.006 -23"><span class='ocrx_word' id='word_1_225' title='bbox 2013 582 2205 654; x_wconf 89' lang='lat' dir='ltr'><strong>Itaque</strong></span> <span class='ocrx_word' id='word_1_226' title='bbox 2237 583 2332 639; x_wconf 90' lang='lat' dir='ltr'><strong>Dei</strong></span> <span class='ocrx_word' id='word_1_227' title='bbox 2362 582 2604 640; x_wconf 87' lang='lat' dir='ltr'><strong>Verbum</strong></span> <span class='ocrx_word' id='word_1_228' title='bbox 2632 586 2873 641; x_wconf 90' lang='lat' dir='ltr'><strong>alienum</strong></span> <span class='ocrx_word' id='word_1_229' title='bbox 2909 595 3013 652; x_wconf 88' lang='lat' dir='ltr'><strong>est,</strong></span> <span class='ocrx_word' id='word_1_230' title='bbox 3033 595 3222 659; x_wconf 85' lang='lat' dir='ltr'><strong>alque,</strong></span> <span class='ocrx_word' id='word_1_231' title='bbox 3247 597 3308 644; x_wconf 92' lang='lat' dir='ltr'><strong>ut</strong></span> <span class='ocrx_word' id='word_1_232' title='bbox 3341 590 3419 645; x_wconf 91' lang='lat' dir='ltr'><strong>ita</strong></span> <span class='ocrx_word' id='word_1_233' title='bbox 3450 589 3599 646; x_wconf 85' lang='lat' dir='ltr'><strong>dica-</strong></span> 
     </span>
    </p>
   </div>
   <div class='ocr_carea' id='block_1_34' title="bbox 2013 676 3683 753">
    <p class='ocr_par' dir='ltr' id='par_1_34' title="bbox 2013 676 3683 753">
     <span class='ocr_line' id='line_1_34' title="bbox 2013 676 3683 753; baseline 0.007 -25"><span class='ocrx_word' id='word_1_234' title='bbox 2013 690 2160 739; x_wconf 83' lang='lat' dir='ltr'><strong>mus,</strong></span> <span class='ocrx_word' id='word_1_235' title='bbox 2195 676 2426 732; x_wconf 78' lang='lat' dir='ltr'><strong>alterius</strong></span> <span class='ocrx_word' id='word_1_236' title='bbox 2456 678 2675 748; x_wconf 78' lang='lat' dir='ltr'><strong>generis</strong></span> <span class='ocrx_word' id='word_1_237' title='bbox 2707 692 2737 733; x_wconf 86' lang='lat' dir='ltr'><strong>a</strong></span> <span class='ocrx_word' id='word_1_238' title='bbox 2765 686 3041 745; x_wconf 81' lang='lat' dir='ltr'><strong>creatura,</strong></span> <span class='ocrx_word' id='word_1_239' title='bbox 3068 681 3341 752; x_wconf 84' lang='lat' dir='ltr'><strong>siquidem</strong></span> <span class='ocrx_word' id='word_1_240' title='bbox 3381 697 3598 753; x_wconf 87' lang='lat' dir='ltr'><strong>reapse,</strong></span> <span class='ocrx_word' id='word_1_241' title='bbox 3679 739 3683 745; x_wconf 84' lang='grc'><strong>,</strong></span> 
     </span>
    </p>
   </div>
   <div class='ocr_carea' id='block_1_35' title="bbox 2011 770 3602 840">
    <p class='ocr_par' dir='ltr' id='par_1_35' title="bbox 2011 770 3602 840">
     <span class='ocr_line' id='line_1_35' title="bbox 2011 770 3602 840; baseline 0.006 -19"><span class='ocrx_word' id='word_1_242' title='bbox 2011 773 2068 821; x_wconf 91' lang='lat' dir='ltr'><strong>et</strong></span> <span class='ocrx_word' id='word_1_243' title='bbox 2099 781 2250 833; x_wconf 88' lang='lat' dir='ltr'><strong>vere,</strong></span> <span class='ocrx_word' id='word_1_244' title='bbox 2285 782 2350 822; x_wconf 92' lang='lat' dir='ltr'><strong>ac</strong></span> <span class='ocrx_word' id='word_1_245' title='bbox 2400 770 2622 840; x_wconf 83' lang='lat' dir='ltr'><strong>proprie</strong></span> <span class='ocrx_word' id='word_1_246' title='bbox 2663 770 2753 825; x_wconf 76' lang='lat' dir='ltr'><strong>lux</strong></span> <span class='ocrx_word' id='word_1_247' title='bbox 2794 778 2900 835; x_wconf 88' lang='lat' dir='ltr'><strong>est,</strong></span> <span class='ocrx_word' id='word_1_248' title='bbox 2941 781 3195 828; x_wconf 87' lang='lat' dir='ltr'><strong>creatura</strong></span> <span class='ocrx_word' id='word_1_249' title='bbox 3230 780 3415 829; x_wconf 90' lang='lat' dir='ltr'><strong>autem</strong></span> <span class='ocrx_word' id='word_1_250' title='bbox 3460 775 3602 831; x_wconf 88' lang='lat' dir='ltr'><strong>lucis</strong></span> 
     </span>
    </p>
   </div>
   <div class='ocr_carea' id='block_1_36' title="bbox 2014 857 3602 930">
    <p class='ocr_par' dir='ltr' id='par_1_36' title="bbox 2014 857 3602 930">
     <span class='ocr_line' id='line_1_36' title="bbox 2014 857 3602 930; baseline 0.008 -20"><span class='ocrx_word' id='word_1_251' title='bbox 2014 859 2313 928; x_wconf 80' lang='lat' dir='ltr'><strong>particeps.</strong></span> <span class='ocrx_word' id='word_1_252' title='bbox 2345 857 2449 925; x_wconf 85' lang='lat' dir='ltr'><strong>Qui</strong></span> <span class='ocrx_word' id='word_1_253' title='bbox 2503 870 2685 916; x_wconf 90' lang='lat' dir='ltr'><strong>autem</strong></span> <span class='ocrx_word' id='word_1_254' title='bbox 2721 862 2776 916; x_wconf 93' lang='lat' dir='ltr'><strong>in</strong></span> <span class='ocrx_word' id='word_1_255' title='bbox 2833 861 3027 920; x_wconf 82' lang='lat' dir='ltr'><strong>ordine</strong></span> <span class='ocrx_word' id='word_1_256' title='bbox 3058 873 3440 921; x_wconf 83' lang='lat' dir='ltr'><strong>creaturarum</strong></span> <span class='ocrx_word' id='word_1_257' title='bbox 3490 881 3602 930; x_wconf 86' lang='lat' dir='ltr'><strong>non</strong></span> 
     </span>
    </p>
   </div>
   <div class='ocr_carea' id='block_1_37' title="bbox 2011 945 3604 1026">
    <p class='ocr_par' dir='ltr' id='par_1_37' title="bbox 2011 945 3604 1026">
     <span class='ocr_line' id='line_1_37' title="bbox 2011 945 3604 1026; baseline 0.004 -18"><span class='ocrx_word' id='word_1_258' title='bbox 2011 960 2120 1016; x_wconf 89' lang='lat' dir='ltr'><strong>est,</strong></span> <span class='ocrx_word' id='word_1_259' title='bbox 2156 958 2324 1024; x_wconf 90' lang='lat' dir='ltr'><strong>atque</strong></span> <span class='ocrx_word' id='word_1_260' title='bbox 2356 945 2564 1009; x_wconf 87' lang='lat' dir='ltr'><strong>idcirco</strong></span> <span class='ocrx_word' id='word_1_261' title='bbox 2591 954 2797 1010; x_wconf 87' lang='lat' dir='ltr'><strong>diversi</strong></span> <span class='ocrx_word' id='word_1_262' title='bbox 2833 955 3056 1026; x_wconf 77' lang='lat' dir='ltr'><strong>generis</strong></span> <span class='ocrx_word' id='word_1_263' title='bbox 3083 972 3210 1013; x_wconf 88' lang='lat' dir='ltr'><strong>esse</strong></span> <span class='ocrx_word' id='word_1_264' title='bbox 3243 964 3506 1014; x_wconf 81' lang='lat' dir='ltr'><strong>censetur</strong></span> <span class='ocrx_word' id='word_1_265' title='bbox 3533 959 3604 1015; x_wconf 90' lang='lat' dir='ltr'><strong>ab</strong></span> 
     </span>
    </p>
   </div>
   <div class='ocr_carea' id='block_1_38' title="bbox 2013 1043 3604 1120">
    <p class='ocr_par' dir='ltr' id='par_1_38' title="bbox 2013 1043 3604 1120">
     <span class='ocr_line' id='line_1_38' title="bbox 2013 1043 3604 1120; baseline 0.003 -20"><span class='ocrx_word' id='word_1_266' title='bbox 2013 1043 2145 1107; x_wconf 88' lang='lat' dir='ltr'><strong>illis,</strong></span> <span class='ocrx_word' id='word_1_267' title='bbox 2174 1044 2456 1115; x_wconf 91' lang='lat' dir='ltr'><strong>quomodo</strong></span> <span class='ocrx_word' id='word_1_268' title='bbox 2491 1047 2774 1104; x_wconf 89' lang='lat' dir='ltr'><strong>increatus</strong></span> <span class='ocrx_word' id='word_1_269' title='bbox 2812 1063 2926 1104; x_wconf 88' lang='lat' dir='ltr'><strong>non</strong></span> <span class='ocrx_word' id='word_1_270' title='bbox 2963 1048 3106 1104; x_wconf 81' lang='lat' dir='ltr'><strong>erit?</strong></span> <span class='ocrx_word' id='word_1_271' title='bbox 3144 1049 3258 1106; x_wconf 88' lang='lat' dir='ltr'><strong>imo</strong></span> <span class='ocrx_word' id='word_1_272' title='bbox 3297 1064 3432 1106; x_wconf 81' lang='lat' dir='ltr'><strong>vero</strong></span> <span class='ocrx_word' id='word_1_273' title='bbox 3464 1065 3604 1120; x_wconf 57' lang='lat' dir='ltr'><strong>quo-</strong></span> 
     </span>
    </p>
   </div>
   <div class='ocr_carea' id='block_1_39' title="bbox 2012 1136 3602 1208">
    <p class='ocr_par' dir='ltr' id='par_1_39' title="bbox 2012 1136 3602 1208">
     <span class='ocr_line' id='line_1_39' title="bbox 2012 1136 3602 1208; baseline 0.003 -16"><span class='ocrx_word' id='word_1_274' title='bbox 2012 1136 2180 1194; x_wconf 87' lang='lat' dir='ltr'><strong>modo</strong></span> <span class='ocrx_word' id='word_1_275' title='bbox 2216 1139 2462 1198; x_wconf 84' lang='lat' dir='ltr'><strong>rationes</strong></span> <span class='ocrx_word' id='word_1_276' title='bbox 2495 1155 2692 1198; x_wconf 86' lang='lat' dir='ltr'><strong>omnes</strong></span> <span class='ocrx_word' id='word_1_277' title='bbox 2730 1140 2953 1198; x_wconf 90' lang='lat' dir='ltr'><strong>deitatis</strong></span> <span class='ocrx_word' id='word_1_278' title='bbox 3005 1143 3062 1197; x_wconf 90' lang='lat' dir='ltr'><strong>in</strong></span> <span class='ocrx_word' id='word_1_279' title='bbox 3101 1157 3164 1200; x_wconf 88' lang='lat' dir='ltr'><strong>se</strong></span> <span class='ocrx_word' id='word_1_280' title='bbox 3195 1157 3310 1199; x_wconf 91' lang='lat' dir='ltr'><strong>non</strong></span> <span class='ocrx_word' id='word_1_281' title='bbox 3351 1141 3602 1208; x_wconf 83' lang='lat' dir='ltr'><strong>habebit,</strong></span> 
     </span>
    </p>
   </div>
   <div class='ocr_carea' id='block_1_40' title="bbox 2011 1230 3094 1294">
    <p class='ocr_par' dir='ltr' id='par_1_40' title="bbox 2011 1230 3094 1294">
     <span class='ocr_line' id='line_1_40' title="bbox 2011 1230 3094 1294; baseline 0.004 -8"><span class='ocrx_word' id='word_1_282' title='bbox 2011 1243 2068 1286; x_wconf 88' lang='lat' dir='ltr'><strong>et</strong></span> <span class='ocrx_word' id='word_1_283' title='bbox 2092 1230 2241 1288; x_wconf 86' lang='lat' dir='ltr'><strong>Patri</strong></span> <span class='ocrx_word' id='word_1_284' title='bbox 2281 1248 2391 1288; x_wconf 91' lang='lat' dir='ltr'><strong>non</strong></span> <span class='ocrx_word' id='word_1_285' title='bbox 2421 1235 2529 1291; x_wconf 92' lang='lat' dir='ltr'><strong>erit</strong></span> <span class='ocrx_word' id='word_1_286' title='bbox 2555 1236 3094 1294; x_wconf 79' lang='lat' dir='ltr'><strong>consubstantialis?</strong></span> 
     </span>
    </p>
   </div>
   <div class='ocr_carea' id='block_1_41' title="bbox 2084 1347 3603 1424">
    <p class='ocr_par' dir='ltr' id='par_1_41' title="bbox 2084 1347 3603 1424">
     <span class='ocr_line' id='line_1_41' title="bbox 2084 1347 3603 1424; baseline 0.002 -20"><span class='ocrx_word' id='word_1_287' title='bbox 2084 1348 2124 1413; x_wconf 88' lang='grc' dir='ltr'>Ι,</span> <span class='ocrx_word' id='word_1_288' title='bbox 2166 1348 2222 1405; x_wconf 90' lang='grc'><strong>8.</strong></span> <span class='ocrx_word' id='word_1_289' title='bbox 2253 1347 2377 1405; x_wconf 84' lang='lat' dir='ltr'><strong>Non</strong></span> <span class='ocrx_word' id='word_1_290' title='bbox 2425 1360 2540 1406; x_wconf 80' lang='lat' dir='ltr'><strong>erat</strong></span> <span class='ocrx_word' id='word_1_291' title='bbox 2565 1352 2657 1407; x_wconf 77' lang='lat' dir='ltr'><strong>ille</strong></span> <span class='ocrx_word' id='word_1_292' title='bbox 2685 1353 2800 1419; x_wconf 72' lang='lat' dir='ltr'><strong>lux,</strong></span> <span class='ocrx_word' id='word_1_293' title='bbox 2829 1351 2921 1408; x_wconf 80' lang='lat' dir='ltr'><strong>sed</strong></span> <span class='ocrx_word' id='word_1_294' title='bbox 2948 1361 3006 1407; x_wconf 79' lang='lat' dir='ltr'><strong>ut</strong></span> <span class='ocrx_word' id='word_1_295' title='bbox 3037 1354 3398 1408; x_wconf 77' lang='lat' dir='ltr'><strong>testimonium</strong></span> <span class='ocrx_word' id='word_1_296' title='bbox 3428 1353 3603 1424; x_wconf 76' lang='lat' dir='ltr'><strong>perhi—</strong></span> 
     </span>
    </p>
   </div>
   <div class='ocr_carea' id='block_1_42' title="bbox 2014 1441 2499 1500">
    <p class='ocr_par' dir='ltr' id='par_1_42' title="bbox 2014 1441 2499 1500">
     <span class='ocr_line' id='line_1_42' title="bbox 2014 1441 2499 1500; baseline 0.008 -4"><span class='ocrx_word' id='word_1_297' title='bbox 2014 1441 2154 1498; x_wconf 82' lang='lat' dir='ltr'><strong>beret</strong></span> <span class='ocrx_word' id='word_1_298' title='bbox 2191 1443 2256 1498; x_wconf 83' lang='lat' dir='ltr'><strong>de</strong></span> <span class='ocrx_word' id='word_1_299' title='bbox 2282 1445 2499 1500; x_wconf 76' lang='lat' dir='ltr'><strong>lumine.</strong></span> 
     </span>
    </p>
   </div>
   <div class='ocr_carea' id='block_1_43' title="bbox 2082 1534 3610 1610">
    <p class='ocr_par' dir='ltr' id='par_1_43' title="bbox 2082 1534 3610 1610">
     <span class='ocr_line' id='line_1_43' title="bbox 2082 1534 3610 1610; baseline 0.004 -21"><span class='ocrx_word' id='word_1_300' title='bbox 2082 1534 2244 1602; x_wconf 91' lang='lat' dir='ltr'><strong>Cum,</strong></span> <span class='ocrx_word' id='word_1_301' title='bbox 2268 1538 2477 1593; x_wconf 89' lang='lat' dir='ltr'><strong>relictis</strong></span> <span class='ocrx_word' id='word_1_302' title='bbox 2509 1539 2765 1607; x_wconf 84' lang='lat' dir='ltr'><strong>urbibus,</strong></span> <span class='ocrx_word' id='word_1_303' title='bbox 2803 1539 2858 1594; x_wconf 91' lang='lat' dir='ltr'><strong>in</strong></span> <span class='ocrx_word' id='word_1_304' title='bbox 2895 1539 3249 1595; x_wconf 86' lang='lat' dir='ltr'><strong>solitudinem</strong></span> <span class='ocrx_word' id='word_1_305' title='bbox 3269 1539 3513 1610; x_wconf 84' lang='lat' dir='ltr'><strong>Baptista</strong></span> <span class='ocrx_word' id='word_1_306' title='bbox 3549 1555 3610 1595; x_wconf 87' lang='lat' dir='ltr'><strong>se</strong></span> 
     </span>
    </p>
   </div>
   <div class='ocr_carea' id='block_1_44' title="bbox 2013 1630 3610 1701">
    <p class='ocr_par' dir='ltr' id='par_1_44' title="bbox 2013 1630 3610 1701">
     <span class='ocr_line' id='line_1_44' title="bbox 2013 1630 3610 1701; baseline 0.002 -19"><span class='ocrx_word' id='word_1_307' title='bbox 2013 1631 2336 1700; x_wconf 86' lang='lat' dir='ltr'><strong>recepisset,</strong></span> <span class='ocrx_word' id='word_1_308' title='bbox 2381 1637 2436 1686; x_wconf 91' lang='lat' dir='ltr'><strong>et</strong></span> <span class='ocrx_word' id='word_1_309' title='bbox 2466 1630 2732 1687; x_wconf 87' lang='lat' dir='ltr'><strong>inauditis</strong></span> <span class='ocrx_word' id='word_1_310' title='bbox 2765 1632 2990 1701; x_wconf 90' lang='lat' dir='ltr'><strong>pietatis</strong></span> <span class='ocrx_word' id='word_1_311' title='bbox 3032 1632 3318 1689; x_wconf 79' lang='lat' dir='ltr'><strong>laboribus</strong></span> <span class='ocrx_word' id='word_1_312' title='bbox 3355 1642 3414 1688; x_wconf 84' lang='lat' dir='ltr'><strong>se</strong></span> <span class='ocrx_word' id='word_1_313' title='bbox 3449 1647 3610 1688; x_wconf 77' lang='lat' dir='ltr'><strong>exer-</strong></span> 
     </span>
    </p>
   </div>
   <div class='ocr_carea' id='block_1_45' title="bbox 2014 1722 3606 1795">
    <p class='ocr_par' dir='ltr' id='par_1_45' title="bbox 2014 1722 3606 1795">
     <span class='ocr_line' id='line_1_45' title="bbox 2014 1722 3606 1795; baseline 0.002 -21"><span class='ocrx_word' id='word_1_314' title='bbox 2014 1730 2186 1787; x_wconf 85' lang='lat' dir='ltr'><strong>ceret,</strong></span> <span class='ocrx_word' id='word_1_315' title='bbox 2221 1730 2389 1792; x_wconf 81' lang='lat' dir='ltr'><strong>atque</strong></span> <span class='ocrx_word' id='word_1_316' title='bbox 2422 1722 2678 1778; x_wconf 66' lang='lat' dir='ltr'><strong>humanae</strong></span> <span class='ocrx_word' id='word_1_317' title='bbox 2713 1722 2946 1792; x_wconf 69' lang='lat' dir='ltr'><strong>iustitiae</strong></span> <span class='ocrx_word' id='word_1_318' title='bbox 2999 1739 3276 1780; x_wconf 90' lang='lat' dir='ltr'><strong>summum</strong></span> <span class='ocrx_word' id='word_1_319' title='bbox 3324 1723 3606 1795; x_wconf 81' lang='lat' dir='ltr'><strong>fastigium</strong></span> 
     </span>
    </p>
   </div>
   <div class='ocr_carea' id='block_1_46' title="bbox 2014 1812 3608 1883">
    <p class='ocr_par' dir='ltr' id='par_1_46' title="bbox 2014 1812 3608 1883">
     <span class='ocr_line' id='line_1_46' title="bbox 2014 1812 3608 1883; baseline 0.003 -20"><span class='ocrx_word' id='word_1_320' title='bbox 2014 1812 2318 1883; x_wconf 77' lang='lat' dir='ltr'><strong>attigisset,</strong></span> <span class='ocrx_word' id='word_1_321' title='bbox 2353 1813 2705 1868; x_wconf 87' lang='lat' dir='ltr'><strong>admirationi</strong></span> <span class='ocrx_word' id='word_1_322' title='bbox 2753 1815 2952 1869; x_wconf 89' lang='lat' dir='ltr'><strong>merito</strong></span> <span class='ocrx_word' id='word_1_323' title='bbox 3001 1814 3224 1870; x_wconf 91' lang='lat' dir='ltr'><strong>cunctis</strong></span> <span class='ocrx_word' id='word_1_324' title='bbox 3269 1822 3412 1879; x_wconf 91' lang='lat' dir='ltr'><strong>erat,</strong></span> <span class='ocrx_word' id='word_1_325' title='bbox 3438 1814 3608 1870; x_wconf 89' lang='lat' dir='ltr'><strong>adeo-</strong></span> 
     </span>
    </p>
   </div>
   <div class='ocr_carea' id='block_1_47' title="bbox 2014 1902 3603 1976">
    <p class='ocr_par' dir='ltr' id='par_1_47' title="bbox 2014 1902 3603 1976">
     <span class='ocr_line' id='line_1_47' title="bbox 2014 1902 3603 1976; baseline 0.004 -22"><span class='ocrx_word' id='word_1_326' title='bbox 2014 1915 2123 1969; x_wconf 90' lang='lat' dir='ltr'><strong>que</strong></span> <span class='ocrx_word' id='word_1_327' title='bbox 2176 1909 2234 1955; x_wconf 92' lang='lat' dir='ltr'><strong>ut</strong></span> <span class='ocrx_word' id='word_1_328' title='bbox 2288 1902 2546 1956; x_wconf 85' lang='lat' dir='ltr'><strong>nonnulli</strong></span> <span class='ocrx_word' id='word_1_329' title='bbox 2591 1902 2875 1959; x_wconf 85' lang='lat' dir='ltr'><strong>Christum</strong></span> <span class='ocrx_word' id='word_1_330' title='bbox 2927 1912 3188 1974; x_wconf 87' lang='lat' dir='ltr'><strong>putarent</strong></span> <span class='ocrx_word' id='word_1_331' title='bbox 3235 1905 3418 1976; x_wconf 88' lang='lat' dir='ltr'><strong>ipsum</strong></span> <span class='ocrx_word' id='word_1_332' title='bbox 3461 1920 3603 1962; x_wconf 85' lang='lat' dir='ltr'><strong>esse.</strong></span> 
     </span>
    </p>
   </div>
   <div class='ocr_carea' id='block_1_48' title="bbox 2013 1976 3608 2067">
    <p class='ocr_par' dir='ltr' id='par_1_48' title="bbox 2013 1976 3608 2067">
     <span class='ocr_line' id='line_1_48' title="bbox 2013 1976 3608 2067; baseline 0.004 -22"><span class='ocrx_word' id='word_1_333' title='bbox 2013 1976 2288 2058; x_wconf 80' lang='lat' dir='ltr'><strong>Quocirca</strong></span> <span class='ocrx_word' id='word_1_334' title='bbox 2333 1990 2654 2049; x_wconf 73' lang='lat' dir='ltr'><strong>Iudaeorum</strong></span> <span class='ocrx_word' id='word_1_335' title='bbox 2689 1995 2979 2066; x_wconf 84' lang='lat' dir='ltr'><strong>principes</strong></span> <span class='ocrx_word' id='word_1_336' title='bbox 3018 1995 3092 2051; x_wconf 92' lang='lat' dir='ltr'><strong>ob</strong></span> <span class='ocrx_word' id='word_1_337' title='bbox 3140 1995 3452 2067; x_wconf 87' lang='lat' dir='ltr'><strong>singulares</strong></span> <span class='ocrx_word' id='word_1_338' title='bbox 3483 1993 3608 2067; x_wconf 80' lang='lat' dir='ltr'><strong>ejus</strong></span> 
     </span>
    </p>
   </div>
   <div class='ocr_carea' id='block_1_49' title="bbox 2012 2084 3608 2153">
    <p class='ocr_par' dir='ltr' id='par_1_49' title="bbox 2012 2084 3608 2153">
     <span class='ocr_line' id='line_1_49' title="bbox 2012 2084 3608 2153; baseline 0.004 -17"><span class='ocrx_word' id='word_1_339' title='bbox 2012 2084 2253 2140; x_wconf 84' lang='lat' dir='ltr'><strong>virtutes</strong></span> <span class='ocrx_word' id='word_1_340' title='bbox 2305 2085 2360 2140; x_wconf 90' lang='lat' dir='ltr'><strong>in</strong></span> <span class='ocrx_word' id='word_1_341' title='bbox 2403 2100 2524 2140; x_wconf 91' lang='lat' dir='ltr'><strong>eam</strong></span> <span class='ocrx_word' id='word_1_342' title='bbox 2573 2085 2797 2140; x_wconf 86' lang='lat' dir='ltr'><strong>adducti</strong></span> <span class='ocrx_word' id='word_1_343' title='bbox 2852 2086 3208 2153; x_wconf 82' lang='lat' dir='ltr'><strong>sententiam,</strong></span> <span class='ocrx_word' id='word_1_344' title='bbox 3253 2088 3488 2142; x_wconf 88' lang='lat' dir='ltr'><strong>mittunt</strong></span> <span class='ocrx_word' id='word_1_345' title='bbox 3539 2090 3608 2143; x_wconf 87' lang='lat' dir='ltr'><strong>ad</strong></span> 
     </span>
    </p>
   </div>
   <div class='ocr_carea' id='block_1_50' title="bbox 2013 2176 3610 2252">
    <p class='ocr_par' dir='ltr' id='par_1_50' title="bbox 2013 2176 3610 2252">
     <span class='ocr_line' id='line_1_50' title="bbox 2013 2176 3610 2252; baseline 0.004 -23"><span class='ocrx_word' id='word_1_346' title='bbox 2013 2187 2141 2229; x_wconf 89' lang='lat' dir='ltr'><strong>eum</strong></span> <span class='ocrx_word' id='word_1_347' title='bbox 2199 2189 2326 2230; x_wconf 91' lang='lat' dir='ltr'><strong>cum</strong></span> <span class='ocrx_word' id='word_1_348' title='bbox 2385 2176 2665 2233; x_wconf 86' lang='lat' dir='ltr'><strong>mandatis</strong></span> <span class='ocrx_word' id='word_1_349' title='bbox 2695 2184 2881 2234; x_wconf 91' lang='lat' dir='ltr'><strong>certos</strong></span> <span class='ocrx_word' id='word_1_350' title='bbox 2915 2179 3192 2246; x_wconf 88' lang='lat' dir='ltr'><strong>homines,</strong></span> <span class='ocrx_word' id='word_1_351' title='bbox 3220 2181 3316 2250; x_wconf 90' lang='lat' dir='ltr'><strong>qui</strong></span> <span class='ocrx_word' id='word_1_352' title='bbox 3345 2189 3610 2252; x_wconf 84' lang='lat' dir='ltr'><strong>rogarent</strong></span> 
     </span>
    </p>
   </div>
   <div class='ocr_carea' id='block_1_51' title="bbox 2015 2267 3608 2342">
    <p class='ocr_par' dir='ltr' id='par_1_51' title="bbox 2015 2267 3608 2342">
     <span class='ocr_line' id='line_1_51' title="bbox 2015 2267 3608 2342; baseline 0.004 -22"><span class='ocrx_word' id='word_1_353' title='bbox 2015 2274 2202 2341; x_wconf 83' lang='lat' dir='ltr'><strong>utrum</strong></span> <span class='ocrx_word' id='word_1_354' title='bbox 2229 2267 2491 2323; x_wconf 84' lang='lat' dir='ltr'><strong>Christus</strong></span> <span class='ocrx_word' id='word_1_355' title='bbox 2512 2277 2680 2325; x_wconf 88' lang='lat' dir='ltr'><strong>esset.</strong></span> <span class='ocrx_word' id='word_1_356' title='bbox 2713 2269 2850 2324; x_wconf 90' lang='lat' dir='ltr'><strong>Cum</strong></span> <span class='ocrx_word' id='word_1_357' title='bbox 2880 2285 3014 2340; x_wconf 86' lang='lat' dir='ltr'><strong>ergo</strong></span> <span class='ocrx_word' id='word_1_358' title='bbox 3045 2270 3246 2330; x_wconf 89' lang='lat' dir='ltr'><strong>beatus</strong></span> <span class='ocrx_word' id='word_1_359' title='bbox 3267 2272 3608 2342; x_wconf 83' lang='lat' dir='ltr'><strong>evangelista</strong></span> 
     </span>
    </p>
   </div>
   <div class='ocr_carea' id='block_1_52' title="bbox 2013 2359 3607 2435">
    <p class='ocr_par' dir='ltr' id='par_1_52' title="bbox 2013 2359 3607 2435">
     <span class='ocr_line' id='line_1_52' title="bbox 2013 2359 3607 2435; baseline 0.005 -21"><span class='ocrx_word' id='word_1_360' title='bbox 2013 2359 2203 2416; x_wconf 86' lang='lat' dir='ltr'><strong>varios</strong></span> <span class='ocrx_word' id='word_1_361' title='bbox 2242 2359 2312 2414; x_wconf 89' lang='lat' dir='ltr'><strong>de</strong></span> <span class='ocrx_word' id='word_1_362' title='bbox 2342 2360 2438 2414; x_wconf 91' lang='lat' dir='ltr'><strong>illo</strong></span> <span class='ocrx_word' id='word_1_363' title='bbox 2462 2376 2718 2418; x_wconf 90' lang='lat' dir='ltr'><strong>rumores</strong></span> <span class='ocrx_word' id='word_1_364' title='bbox 2754 2377 2987 2434; x_wconf 85' lang='lat' dir='ltr'><strong>sparsos</strong></span> <span class='ocrx_word' id='word_1_365' title='bbox 3022 2377 3132 2418; x_wconf 91' lang='lat' dir='ltr'><strong>non</strong></span> <span class='ocrx_word' id='word_1_366' title='bbox 3165 2361 3278 2435; x_wconf 68' lang='grc'><strong>64</strong></span> <span class='ocrx_word' id='word_1_367' title='bbox 3304 2364 3607 2435; x_wconf 75' lang='lat' dir='ltr'><strong>ignoraret,</strong></span> 
     </span>
    </p>
   </div>
   <div class='ocr_carea' id='block_1_53' title="bbox 2013 2451 3614 2526">
    <p class='ocr_par' dir='ltr' id='par_1_53' title="bbox 2013 2451 3614 2526">
     <span class='ocr_line' id='line_1_53' title="bbox 2013 2451 3614 2526; baseline 0.004 -20"><span class='ocrx_word' id='word_1_368' title='bbox 2013 2452 2340 2508; x_wconf 84' lang='lat' dir='ltr'><strong>necessario</strong></span> <span class='ocrx_word' id='word_1_369' title='bbox 2392 2453 2703 2526; x_wconf 87' lang='lat' dir='ltr'><strong>subjungit,</strong></span> <span class='ocrx_word' id='word_1_370' title='bbox 2770 2471 2790 2506; x_wconf 80' lang='grc' dir='ltr'><strong>ι</strong></span> <span class='ocrx_word' id='word_1_371' title='bbox 2829 2451 2952 2509; x_wconf 77' lang='lat' dir='ltr'><strong>Non</strong></span> <span class='ocrx_word' id='word_1_372' title='bbox 2993 2462 3115 2510; x_wconf 90' lang='lat' dir='ltr'><strong>erat</strong></span> <span class='ocrx_word' id='word_1_373' title='bbox 3162 2455 3260 2511; x_wconf 85' lang='lat' dir='ltr'><strong>ille</strong></span> <span class='ocrx_word' id='word_1_374' title='bbox 3311 2455 3436 2521; x_wconf 83' lang='lat' dir='ltr'><strong>lux,</strong></span> <span class='ocrx_word' id='word_1_375' title='bbox 3479 2474 3504 2510; x_wconf 69' lang='grc' dir='ltr'><strong>ι</strong></span> <span class='ocrx_word' id='word_1_376' title='bbox 3553 2467 3614 2512; x_wconf 91' lang='lat' dir='ltr'><strong>ut</strong></span> 
     </span>
    </p>
   </div>
   <div class='ocr_carea' id='block_1_54' title="bbox 2014 2545 3614 2623">
    <p class='ocr_par' dir='ltr' id='par_1_54' title="bbox 2014 2545 3614 2623">
     <span class='ocr_line' id='line_1_54' title="bbox 2014 2545 3614 2623; baseline 0.003 -23"><span class='ocrx_word' id='word_1_377' title='bbox 2014 2557 2266 2600; x_wconf 89' lang='lat' dir='ltr'><strong>errorem</strong></span> <span class='ocrx_word' id='word_1_378' title='bbox 2307 2546 2898 2623; x_wconf 85' lang='lat' dir='ltr'><strong>evelleret,_simulque</strong></span> <span class='ocrx_word' id='word_1_379' title='bbox 2929 2545 3249 2603; x_wconf 88' lang='lat' dir='ltr'><strong>ostenderet</strong></span> <span class='ocrx_word' id='word_1_380' title='bbox 3274 2554 3501 2619; x_wconf 68' lang='lat' dir='ltr'><strong>quantae</strong></span> <span class='ocrx_word' id='word_1_381' title='bbox 3537 2548 3614 2606; x_wconf 83' lang='lat' dir='ltr'><strong>sit</strong></span> 
     </span>
    </p>
   </div>
   <div class='ocr_carea' id='block_1_55' title="bbox 2017 2636 3613 2708">
    <p class='ocr_par' dir='ltr' id='par_1_55' title="bbox 2017 2636 3613 2708">
     <span class='ocr_line' id='line_1_55' title="bbox 2017 2636 3613 2708; baseline 0.005 -20"><span class='ocrx_word' id='word_1_382' title='bbox 2017 2637 2372 2692; x_wconf 81' lang='lat' dir='ltr'><strong>auctoritatis</strong></span> <span class='ocrx_word' id='word_1_383' title='bbox 2433 2637 2484 2694; x_wconf 87' lang='lat' dir='ltr'><strong>is</strong></span> <span class='ocrx_word' id='word_1_384' title='bbox 2529 2638 2629 2708; x_wconf 88' lang='lat' dir='ltr'><strong>qui</strong></span> <span class='ocrx_word' id='word_1_385' title='bbox 2662 2652 2692 2691; x_wconf 90' lang='lat' dir='ltr'><strong>a</strong></span> <span class='ocrx_word' id='word_1_386' title='bbox 2729 2636 2841 2693; x_wconf 89' lang='lat' dir='ltr'><strong>Deo</strong></span> <span class='ocrx_word' id='word_1_387' title='bbox 2881 2638 2938 2692; x_wconf 90' lang='lat' dir='ltr'><strong>in</strong></span> <span class='ocrx_word' id='word_1_388' title='bbox 2961 2639 3372 2696; x_wconf 74' lang='lat' dir='ltr'><strong>testimonium</strong></span> <span class='ocrx_word' id='word_1_389' title='bbox 3401 2639 3613 2696; x_wconf 82' lang='lat' dir='ltr'><strong>missus</strong></span> 
     </span>
    </p>
   </div>
   <div class='ocr_carea' id='block_1_56' title="bbox 2015 2727 3611 2802">
    <p class='ocr_par' dir='ltr' id='par_1_56' title="bbox 2015 2727 3611 2802">
     <span class='ocr_line' id='line_1_56' title="bbox 2015 2727 3611 2802; baseline 0.003 -20"><span class='ocrx_word' id='word_1_390' title='bbox 2015 2735 2158 2782; x_wconf 88' lang='lat' dir='ltr'><strong>erat.</strong></span> <span class='ocrx_word' id='word_1_391' title='bbox 2193 2727 2300 2793; x_wconf 85' lang='lat' dir='ltr'><strong>Qui</strong></span> <span class='ocrx_word' id='word_1_392' title='bbox 2343 2727 2494 2784; x_wconf 90' lang='lat' dir='ltr'><strong>enim</strong></span> <span class='ocrx_word' id='word_1_393' title='bbox 2530 2728 2650 2785; x_wconf 76' lang='lat' dir='ltr'><strong>ﬁeri</strong></span> <span class='ocrx_word' id='word_1_394' title='bbox 2695 2737 2879 2799; x_wconf 83' lang='lat' dir='ltr'><strong>potest</strong></span> <span class='ocrx_word' id='word_1_395' title='bbox 2924 2737 2987 2785; x_wconf 88' lang='lat' dir='ltr'><strong>ut</strong></span> <span class='ocrx_word' id='word_1_396' title='bbox 3025 2731 3120 2786; x_wconf 90' lang='lat' dir='ltr'><strong>ille</strong></span> <span class='ocrx_word' id='word_1_397' title='bbox 3161 2747 3271 2787; x_wconf 90' lang='lat' dir='ltr'><strong>non</strong></span> <span class='ocrx_word' id='word_1_398' title='bbox 3306 2732 3611 2802; x_wconf 66' lang='lat' dir='ltr'><strong>praecellat,</strong></span> 
     </span>
    </p>
   </div>
   <div class='ocr_carea' id='block_1_57' title="bbox 2015 2818 3613 2898">
    <p class='ocr_par' dir='ltr' id='par_1_57' title="bbox 2015 2818 3613 2898">
     <span class='ocr_line' id='line_1_57' title="bbox 2015 2818 3613 2898; baseline 0.004 -23"><span class='ocrx_word' id='word_1_399' title='bbox 2015 2827 2073 2875; x_wconf 88' lang='lat' dir='ltr'><strong>et</strong></span> <span class='ocrx_word' id='word_1_400' title='bbox 2127 2819 2280 2874; x_wconf 90' lang='lat' dir='ltr'><strong>omni</strong></span> <span class='ocrx_word' id='word_1_401' title='bbox 2338 2818 2710 2878; x_wconf 87' lang='lat' dir='ltr'><strong>admiratione</strong></span> <span class='ocrx_word' id='word_1_402' title='bbox 2757 2822 2963 2894; x_wconf 88' lang='lat' dir='ltr'><strong>dignus</strong></span> <span class='ocrx_word' id='word_1_403' title='bbox 3006 2824 3282 2892; x_wconf 87' lang='lat' dir='ltr'><strong>videatur,</strong></span> <span class='ocrx_word' id='word_1_404' title='bbox 3307 2825 3408 2898; x_wconf 89' lang='lat' dir='ltr'><strong>qui</strong></span> <span class='ocrx_word' id='word_1_405' title='bbox 3459 2833 3613 2882; x_wconf 86' lang='lat' dir='ltr'><strong>tanta</strong></span> 
     </span>
    </p>
   </div>
   <div class='ocr_carea' id='block_1_58' title="bbox 2018 2911 3616 2987">
    <p class='ocr_par' dir='ltr' id='par_1_58' title="bbox 2018 2911 3616 2987">
     <span class='ocr_line' id='line_1_58' title="bbox 2018 2911 3616 2987; baseline 0.003 -20"><span class='ocrx_word' id='word_1_406' title='bbox 2018 2911 2228 2967; x_wconf 86' lang='lat' dir='ltr'><strong>virtute</strong></span> <span class='ocrx_word' id='word_1_407' title='bbox 2290 2911 2557 2982; x_wconf 69' lang='lat' dir='ltr'><strong>praeditus</strong></span> <span class='ocrx_word' id='word_1_408' title='bbox 2605 2913 2945 2984; x_wconf 81' lang='lat' dir='ltr'><strong>justitiaque</strong></span> <span class='ocrx_word' id='word_1_409' title='bbox 3007 2916 3083 2971; x_wconf 86' lang='lat' dir='ltr'><strong>sit</strong></span> <span class='ocrx_word' id='word_1_410' title='bbox 3139 2917 3503 2987; x_wconf 82' lang='lat' dir='ltr'><strong>conspicuus,</strong></span> <span class='ocrx_word' id='word_1_411' title='bbox 3552 2927 3616 2973; x_wconf 89' lang='lat' dir='ltr'><strong>ut</strong></span> 
     </span>
    </p>
   </div>
   <div class='ocr_carea' id='block_1_59' title="bbox 2021 3001 3616 3078">
    <p class='ocr_par' dir='ltr' id='par_1_59' title="bbox 2021 3001 3616 3078">
     <span class='ocr_line' id='line_1_59' title="bbox 2021 3001 3616 3078; baseline 0.006 -22"><span class='ocrx_word' id='word_1_412' title='bbox 2021 3002 2203 3073; x_wconf 89' lang='lat' dir='ltr'><strong>ipsum</strong></span> <span class='ocrx_word' id='word_1_413' title='bbox 2243 3001 2531 3058; x_wconf 90' lang='lat' dir='ltr'><strong>Christum</strong></span> <span class='ocrx_word' id='word_1_414' title='bbox 2565 3003 2836 3071; x_wconf 87' lang='lat' dir='ltr'><strong>imitetur,</strong></span> <span class='ocrx_word' id='word_1_415' title='bbox 2879 3013 2936 3061; x_wconf 91' lang='lat' dir='ltr'><strong>et</strong></span> <span class='ocrx_word' id='word_1_416' title='bbox 2983 3005 3056 3062; x_wconf 89' lang='lat' dir='ltr'><strong>ob</strong></span> <span class='ocrx_word' id='word_1_417' title='bbox 3093 3007 3354 3062; x_wconf 76' lang='lat' dir='ltr'><strong>eximiam</strong></span> <span class='ocrx_word' id='word_1_418' title='bbox 3395 3009 3616 3078; x_wconf 85' lang='lat' dir='ltr'><strong>pietatis</strong></span> 
     </span>
    </p>
   </div>
   <div class='ocr_carea' id='block_1_60' title="bbox 2020 3092 3616 3170">
    <p class='ocr_par' dir='ltr' id='par_1_60' title="bbox 2020 3092 3616 3170">
     <span class='ocr_line' id='line_1_60' title="bbox 2020 3092 3616 3170; baseline 0.004 -22"><span class='ocrx_word' id='word_1_419' title='bbox 2020 3092 2491 3165; x_wconf 83' lang='lat' dir='ltr'><strong>pulchritudinem</strong></span> <span class='ocrx_word' id='word_1_420' title='bbox 2552 3095 2674 3166; x_wconf 90' lang='lat' dir='ltr'><strong>ipsa</strong></span> <span class='ocrx_word' id='word_1_421' title='bbox 2734 3095 2959 3153; x_wconf 88' lang='lat' dir='ltr'><strong>demum</strong></span> <span class='ocrx_word' id='word_1_422' title='bbox 3020 3097 3114 3153; x_wconf 80' lang='lat' dir='ltr'><strong>lux</strong></span> <span class='ocrx_word' id='word_1_423' title='bbox 3171 3111 3298 3154; x_wconf 84' lang='lat' dir='ltr'><strong>esse</strong></span> <span class='ocrx_word' id='word_1_424' title='bbox 3357 3101 3616 3170; x_wconf 77' lang='lat' dir='ltr'><strong>putetur?</strong></span> 
     </span>
    </p>
   </div>
   <div class='ocr_carea' id='block_1_61' title="bbox 303 3178 1919 3263">
    <p class='ocr_par' dir='ltr' id='par_1_61' title="bbox 303 3178 1919 3252">
     <span class='ocr_line' id='line_1_61' title="bbox 303 3178 1919 3252; baseline -0.004 -16"><span class='ocrx_word' id='word_1_425' title='bbox 303 3181 406 3237; x_wconf 85' lang='grc' dir='ltr'>καὶ</span> <span class='ocrx_word' id='word_1_426' title='bbox 433 3180 750 3252; x_wconf 80' lang='grc' dir='ltr'>διαπρεπὴς</span> <span class='ocrx_word' id='word_1_427' title='bbox 782 3182 865 3244; x_wconf 79' lang='grc' dir='ltr'>εἰς</span> <span class='ocrx_word' id='word_1_428' title='bbox 920 3179 1290 3250; x_wconf 80' lang='grc' dir='ltr'>δικαιοσύνην,</span> <span class='ocrx_word' id='word_1_429' title='bbox 1322 3179 1398 3243; x_wconf 84' lang='grc' dir='ltr'>ὡς</span> <span class='ocrx_word' id='word_1_430' title='bbox 1444 3179 1609 3234; x_wconf 81' lang='grc' dir='ltr'>αὑτὸν</span> <span class='ocrx_word' id='word_1_431' title='bbox 1634 3178 1919 3250; x_wconf 88' lang='grc' dir='ltr'>ἀπομιμή-</span> 
     </span>
    </p>
   </div>
   <div class='ocr_carea' id='block_1_62' title="bbox 2019 3178 3616 3263">
    <p class='ocr_par' dir='ltr' id='par_1_62' title="bbox 2027 3185 3616 3261">
     <span class='ocr_line' id='line_1_62' title="bbox 2027 3185 3616 3261; baseline 0.006 -21"><span class='ocrx_word' id='word_1_432' title='bbox 2027 3185 2149 3242; x_wconf 80' lang='lat' dir='ltr'><strong>Non</strong></span> <span class='ocrx_word' id='word_1_433' title='bbox 2182 3195 2303 3243; x_wconf 88' lang='lat' dir='ltr'><strong>erat</strong></span> <span class='ocrx_word' id='word_1_434' title='bbox 2354 3187 2525 3258; x_wconf 88' lang='lat' dir='ltr'><strong>igitur</strong></span> <span class='ocrx_word' id='word_1_435' title='bbox 2573 3189 2667 3245; x_wconf 91' lang='lat' dir='ltr'><strong>ille</strong></span> <span class='ocrx_word' id='word_1_436' title='bbox 2709 3190 2827 3255; x_wconf 83' lang='lat' dir='ltr'><strong>lux,</strong></span> <span class='ocrx_word' id='word_1_437' title='bbox 2872 3190 3076 3261; x_wconf 82' lang='lat' dir='ltr'><strong>inquit,</strong></span> <span class='ocrx_word' id='word_1_438' title='bbox 3121 3189 3219 3248; x_wconf 86' lang='lat' dir='ltr'><strong>sed</strong></span> <span class='ocrx_word' id='word_1_439' title='bbox 3263 3191 3332 3246; x_wconf 86' lang='lat' dir='ltr'><strong>ad</strong></span> <span class='ocrx_word' id='word_1_440' title='bbox 3364 3193 3616 3250; x_wconf 81' lang='lat' dir='ltr'><strong>testimo-</strong></span> 
     </span>
    </p>
   </div>
   <div class='ocr_carea' id='block_1_63' title="bbox 307 3270 1921 3345">
    <p class='ocr_par' dir='ltr' id='par_1_63' title="bbox 307 3270 1921 3345">
     <span class='ocr_line' id='line_1_63' title="bbox 307 3270 1921 3345; baseline -0.004 -15"><span class='ocrx_word' id='word_1_441' title='bbox 307 3274 518 3330; x_wconf 85' lang='grc' dir='ltr'>σασθαι</span> <span class='ocrx_word' id='word_1_442' title='bbox 543 3274 639 3327; x_wconf 83' lang='grc' dir='ltr'>τὸν</span> <span class='ocrx_word' id='word_1_443' title='bbox 670 3273 932 3345; x_wconf 81' lang='grc' dir='ltr'>Χριστὸν,</span> <span class='ocrx_word' id='word_1_444' title='bbox 963 3272 1113 3328; x_wconf 87' lang='grc' dir='ltr'>διάτε</span> <span class='ocrx_word' id='word_1_445' title='bbox 1132 3272 1193 3326; x_wconf 84' lang='grc' dir='ltr'><strong>τὺ</strong></span> <span class='ocrx_word' id='word_1_446' title='bbox 1221 3271 1498 3344; x_wconf 77' lang='grc' dir='ltr'>ἐξαίρετον</span> <span class='ocrx_word' id='word_1_447' title='bbox 1516 3272 1616 3342; x_wconf 83' lang='grc' dir='ltr'>τῆς</span> <span class='ocrx_word' id='word_1_448' title='bbox 1635 3270 1921 3335; x_wconf 76' lang='grc' dir='ltr'>εὐλαϐείας</span> 
     </span>
    </p>
   </div>
   <div class='ocr_carea' id='block_1_64' title="bbox 302 3363 1918 3438">
    <p class='ocr_par' dir='ltr' id='par_1_64' title="bbox 302 3363 1918 3438">
     <span class='ocr_line' id='line_1_64' title="bbox 302 3363 1918 3438; baseline -0.003 -15"><span class='ocrx_word' id='word_1_449' title='bbox 302 3367 538 3430; x_wconf 80' lang='grc' dir='ltr'>κάλλος,</span> <span class='ocrx_word' id='word_1_450' title='bbox 569 3366 706 3420; x_wconf 81' lang='grc' dir='ltr'>αὑτὸ</span> <span class='ocrx_word' id='word_1_451' title='bbox 722 3366 786 3438; x_wconf 80' lang='grc' dir='ltr'>δὴ</span> <span class='ocrx_word' id='word_1_452' title='bbox 816 3366 1004 3421; x_wconf 75' lang='grc' dir='ltr'>λοιπὸν</span> <span class='ocrx_word' id='word_1_453' title='bbox 1032 3367 1300 3437; x_wconf 84' lang='grc' dir='ltr'>ὑπάρχειν</span> <span class='ocrx_word' id='word_1_454' title='bbox 1321 3364 1670 3418; x_wconf 79' lang='grc' dir='ltr'>ὑπονοεῖσθαι</span> <span class='ocrx_word' id='word_1_455' title='bbox 1685 3364 1748 3418; x_wconf 83' lang='grc' dir='ltr'>τὸ</span> <span class='ocrx_word' id='word_1_456' title='bbox 1769 3363 1918 3434; x_wconf 83' lang='grc' dir='ltr'>φῶς;</span> 
     </span>
    </p>
   </div>
   <div class='ocr_carea' id='block_1_65' title="bbox 304 3455 1923 3531">
    <p class='ocr_par' dir='ltr' id='par_1_65' title="bbox 304 3455 1923 3531">
     <span class='ocr_line' id='line_1_65' title="bbox 304 3455 1923 3531; baseline -0.002 -17"><span class='ocrx_word' id='word_1_457' title='bbox 304 3460 426 3514; x_wconf 72' lang='grc' dir='ltr'><strong>οὐκ</strong></span> <span class='ocrx_word' id='word_1_458' title='bbox 452 3455 522 3531; x_wconf 83' lang='grc' dir='ltr'>ἦν</span> <span class='ocrx_word' id='word_1_459' title='bbox 549 3455 667 3525; x_wconf 74' lang='grc' dir='ltr'>οὖν,</span> <span class='ocrx_word' id='word_1_460' title='bbox 698 3459 884 3530; x_wconf 71' lang='grc' dir='ltr'>φησὶν,</span> <span class='ocrx_word' id='word_1_461' title='bbox 912 3460 1118 3524; x_wconf 75' lang='grc' dir='ltr'>ἐκεῖνος</span> <span class='ocrx_word' id='word_1_462' title='bbox 1134 3457 1191 3512; x_wconf 74' lang='grc' dir='ltr'>τὸ</span> <span class='ocrx_word' id='word_1_463' title='bbox 1213 3458 1348 3528; x_wconf 81' lang='grc' dir='ltr'>φῶς,</span> <span class='ocrx_word' id='word_1_464' title='bbox 1369 3457 1486 3511; x_wconf 86' lang='grc' dir='ltr'>ἀλλ’</span> <span class='ocrx_word' id='word_1_465' title='bbox 1507 3459 1586 3522; x_wconf 85' lang='grc' dir='ltr'><strong>είς</strong></span> <span class='ocrx_word' id='word_1_466' title='bbox 1611 3456 1923 3528; x_wconf 85' lang='grc' dir='ltr'>μαρτυρίαν</span> 
     </span>
    </p>
   </div>
   <div class='ocr_carea' id='block_1_66' title="bbox 301 3549 1918 3626">
    <p class='ocr_par' dir='ltr' id='par_1_66' title="bbox 301 3549 1918 3626">
     <span class='ocr_line' id='line_1_66' title="bbox 301 3549 1918 3626; baseline -0.002 -20"><span class='ocrx_word' id='word_1_467' title='bbox 301 3552 414 3626; x_wconf 82' lang='grc' dir='ltr'>τὴν</span> <span class='ocrx_word' id='word_1_468' title='bbox 443 3551 580 3623; x_wconf 79' lang='grc' dir='ltr'>περὶ</span> <span class='ocrx_word' id='word_1_469' title='bbox 609 3550 706 3606; x_wconf 81' lang='grc' dir='ltr'>τοῦ</span> <span class='ocrx_word' id='word_1_470' title='bbox 739 3551 918 3621; x_wconf 73' lang='grc' dir='ltr'>φωτὸς</span> <span class='ocrx_word' id='word_1_471' title='bbox 949 3550 1379 3623; x_wconf 82' lang='grc' dir='ltr'>ἀπεσταλμένος.</span> <span class='ocrx_word' id='word_1_472' title='bbox 1403 3549 1615 3620; x_wconf 69' lang='grc' dir='ltr'><strong>Τόφῶς</strong></span> <span class='ocrx_word' id='word_1_473' title='bbox 1639 3550 1695 3604; x_wconf 81' lang='grc' dir='ltr'>δὲ</span> <span class='ocrx_word' id='word_1_474' title='bbox 1725 3550 1918 3621; x_wconf 83' lang='grc' dir='ltr'>λέγων,</span> 
     </span>
    </p>
   </div>
   <div class='ocr_carea' id='block_1_67' title="bbox 309 3627 1922 3718">
    <p class='ocr_par' dir='ltr' id='par_1_67' title="bbox 309 3627 1922 3718">
     <span class='ocr_line' id='line_1_67' title="bbox 309 3627 1922 3718; baseline -0.001 -20"><span class='ocrx_word' id='word_1_475' title='bbox 309 3646 465 3717; x_wconf 77' lang='grc' dir='ltr'>μετὰ</span> <span class='ocrx_word' id='word_1_476' title='bbox 496 3645 600 3716; x_wconf 83' lang='grc' dir='ltr'>τῆς</span> <span class='ocrx_word' id='word_1_477' title='bbox 634 3646 730 3699; x_wconf 79' lang='grc' dir='ltr'><strong>τού</strong></span> <span class='ocrx_word' id='word_1_478' title='bbox 766 3627 1332 3718; x_wconf 43' lang='grc' dir='ltr'>ἀρθρουκπροσθήκης</span> <span class='ocrx_word' id='word_1_479' title='bbox 1355 3687 1368 3710; x_wconf 90' lang='grc'><strong>,</strong></span> <span class='ocrx_word' id='word_1_480' title='bbox 1405 3645 1463 3700; x_wconf 82' lang='grc' dir='ltr'>ἓν</span> <span class='ocrx_word' id='word_1_481' title='bbox 1513 3644 1660 3712; x_wconf 27' lang='grc' dir='ltr'>αὐτὸ,</span> <span class='ocrx_word' id='word_1_482' title='bbox 1687 3642 1922 3699; x_wconf 85' lang='grc' dir='ltr'>δεικνύει</span> 
     </span>
    </p>
   </div>
   <div class='ocr_carea' id='block_1_68' title="bbox 309 3725 1922 3809">
    <p class='ocr_par' dir='ltr' id='par_1_68' title="bbox 309 3725 1922 3809">
     <span class='ocr_line' id='line_1_68' title="bbox 309 3725 1922 3809; baseline -0.002 -16"><span class='ocrx_word' id='word_1_483' title='bbox 309 3737 512 3808; x_wconf 81' lang='grc' dir='ltr'>σαφῶς</span> <span class='ocrx_word' id='word_1_484' title='bbox 541 3753 559 3768; x_wconf 77' lang='grc'><strong><em>⁸</em></strong></span> <span class='ocrx_word' id='word_1_485' title='bbox 592 3737 708 3809; x_wconf 80' lang='grc' dir='ltr'>ἔχει</span> <span class='ocrx_word' id='word_1_486' title='bbox 731 3737 840 3809; x_wconf 83' lang='grc' dir='ltr'><strong>γάρ</strong></span> <span class='ocrx_word' id='word_1_487' title='bbox 874 3737 1018 3792; x_wconf 80' lang='grc' dir='ltr'>οὑτω</span> <span class='ocrx_word' id='word_1_488' title='bbox 1043 3736 1187 3792; x_wconf 86' lang='grc' dir='ltr'>κατὰ</span> <span class='ocrx_word' id='word_1_489' title='bbox 1220 3736 1500 3808; x_wconf 85' lang='grc' dir='ltr'>ἀλήθειαν.</span> <span class='ocrx_word' id='word_1_490' title='bbox 1534 3737 1656 3790; x_wconf 88' lang='grc' dir='ltr'>Ὅτι</span> <span class='ocrx_word' id='word_1_491' title='bbox 1689 3736 1788 3808; x_wconf 83' lang='grc' dir='ltr'>μὲν</span> <span class='ocrx_word' id='word_1_492' title='bbox 1814 3725 1922 3807; x_wconf 81' lang='grc' dir='ltr'>γὰρ</span> 
     </span>
    </p>
   </div>
   <div class='ocr_carea' id='block_1_69' title="bbox 308 3827 1920 3900">
    <p class='ocr_par' dir='ltr' id='par_1_69' title="bbox 308 3827 1920 3900">
     <span class='ocr_line' id='line_1_69' title="bbox 308 3827 1920 3900; baseline -0.019 -12"><span class='ocrx_word' id='word_1_493' title='bbox 308 3831 434 3900; x_wconf 80' lang='grc' dir='ltr'><strong>φῶς</strong></span> <span class='ocrx_word' id='word_1_494' title='bbox 468 3829 538 3884; x_wconf 79' lang='grc' dir='ltr'>ἂν</span> <span class='ocrx_word' id='word_1_495' title='bbox 565 3829 789 3882; x_wconf 87' lang='grc' dir='ltr'>καλοῖτο</span> <span class='ocrx_word' id='word_1_496' title='bbox 812 3827 1058 3892; x_wconf 83' lang='grc' dir='ltr'>δικαίως,</span> <span class='ocrx_word' id='word_1_497' title='bbox 1089 3828 1235 3896; x_wconf 65' lang='grc' dir='ltr'>καὶὸ</span> <span class='ocrx_word' id='word_1_498' title='bbox 1273 3828 1545 3900; x_wconf 79' lang='grc' dir='ltr'><strong>μακάριος</strong></span> <span class='ocrx_word' id='word_1_499' title='bbox 1587 3827 1920 3900; x_wconf 58' lang='grc' dir='ltr'><strong>Βαπτιστὴς,</strong></span> 
     </span>
    </p>
   </div>
   <div class='ocr_carea' id='block_1_70' title="bbox 291 3920 1924 4000">
    <p class='ocr_par' dir='ltr' id='par_1_70' title="bbox 291 3920 1924 4000">
     <span class='ocr_line' id='line_1_70' title="bbox 291 3920 1924 4000; baseline -0.002 -23"><span class='ocrx_word' id='word_1_500' title='bbox 291 3923 344 4000; x_wconf 64' lang='lat' dir='ltr'><strong>j</strong></span> <span class='ocrx_word' id='word_1_501' title='bbox 387 3923 491 3977; x_wconf 77' lang='grc' dir='ltr'>καὶ</span> <span class='ocrx_word' id='word_1_502' title='bbox 531 3922 769 3986; x_wconf 70' lang='grc' dir='ltr'>ἕκαστος</span> <span class='ocrx_word' id='word_1_503' title='bbox 809 3921 920 3974; x_wconf 86' lang='grc' dir='ltr'><strong>τῶν</strong></span> <span class='ocrx_word' id='word_1_504' title='bbox 953 3921 1146 3990; x_wconf 83' lang='grc' dir='ltr'>ἁγίων,</span> <span class='ocrx_word' id='word_1_505' title='bbox 1190 3921 1290 3974; x_wconf 87' lang='grc' dir='ltr'><strong>οὑκ</strong></span> <span class='ocrx_word' id='word_1_506' title='bbox 1321 3920 1696 3994; x_wconf 83' lang='grc' dir='ltr'>ἀρνησόμεθα,</span> <span class='ocrx_word' id='word_1_507' title='bbox 1728 3920 1820 3975; x_wconf 82' lang='grc' dir='ltr'><strong>διὰ</strong></span> <span class='ocrx_word' id='word_1_508' title='bbox 1861 3921 1924 3974; x_wconf 84' lang='grc' dir='ltr'>τὸ</span> 
     </span>
    </p>
   </div>
   <div class='ocr_carea' id='block_1_71' title="bbox 310 4010 1920 4085">
    <p class='ocr_par' dir='ltr' id='par_1_71' title="bbox 310 4010 1920 4085">
     <span class='ocr_line' id='line_1_71' title="bbox 310 4010 1920 4085; baseline 0 -19"><span class='ocrx_word' id='word_1_509' title='bbox 310 4014 402 4066; x_wconf 73' lang='grc' dir='ltr'><strong>ἐπ’</strong></span> <span class='ocrx_word' id='word_1_510' title='bbox 465 4013 660 4077; x_wconf 81' lang='grc' dir='ltr'>αὐτοῖς</span> <span class='ocrx_word' id='word_1_511' title='bbox 716 4011 871 4083; x_wconf 83' lang='grc' dir='ltr'>παρὰ</span> <span class='ocrx_word' id='word_1_512' title='bbox 922 4010 1018 4065; x_wconf 83' lang='grc' dir='ltr'>τοῦ</span> <span class='ocrx_word' id='word_1_513' title='bbox 1075 4012 1329 4085; x_wconf 82' lang='grc' dir='ltr'>Σωτῆρος</span> <span class='ocrx_word' id='word_1_514' title='bbox 1376 4011 1534 4082; x_wconf 77' lang='grc' dir='ltr'>ἡμῶν</span> <span class='ocrx_word' id='word_1_515' title='bbox 1607 4011 1920 4084; x_wconf 80' lang='grc' dir='ltr'>εἰρημένον,</span> 
     </span>
    </p>
   </div>
   <div class='ocr_carea' id='block_1_72' title="bbox 315 4101 1923 4177">
    <p class='ocr_par' dir='ltr' id='par_1_72' title="bbox 315 4101 1923 4177">
     <span class='ocr_line' id='line_1_72' title="bbox 315 4101 1923 4177; baseline 0 -19"><span class='ocrx_word' id='word_1_516' title='bbox 315 4125 336 4159; x_wconf 76' lang='grc' dir='ltr'><strong>ι</strong></span> <span class='ocrx_word' id='word_1_517' title='bbox 360 4105 561 4177; x_wconf 83' lang='grc' dir='ltr'>Ὑμεῖς</span> <span class='ocrx_word' id='word_1_518' title='bbox 599 4106 724 4158; x_wconf 83' lang='grc' dir='ltr'>ὲστε</span> <span class='ocrx_word' id='word_1_519' title='bbox 745 4104 808 4156; x_wconf 84' lang='grc' dir='ltr'>τὸ</span> <span class='ocrx_word' id='word_1_520' title='bbox 832 4102 950 4172; x_wconf 82' lang='grc' dir='ltr'><strong>φῶς</strong></span> <span class='ocrx_word' id='word_1_521' title='bbox 979 4101 1074 4157; x_wconf 83' lang='grc' dir='ltr'>τοῦ</span> <span class='ocrx_word' id='word_1_522' title='bbox 1105 4103 1336 4175; x_wconf 83' lang='grc' dir='ltr'>κόσμου.</span> <span class='ocrx_word' id='word_1_523' title='bbox 1370 4121 1389 4156; x_wconf 77' lang='grc' dir='ltr'><strong>ι</strong></span> <span class='ocrx_word' id='word_1_524' title='bbox 1419 4101 1648 4176; x_wconf 83' lang='grc' dir='ltr'>Εἴρηται</span> <span class='ocrx_word' id='word_1_525' title='bbox 1683 4104 1738 4158; x_wconf 81' lang='grc' dir='ltr'>δὲ</span> <span class='ocrx_word' id='word_1_526' title='bbox 1761 4105 1923 4160; x_wconf 87' lang='grc' dir='ltr'>πάλιν</span> 
     </span>
    </p>
   </div>
   <div class='ocr_carea' id='block_1_73' title="bbox 310 4194 1922 4270">
    <p class='ocr_par' dir='ltr' id='par_1_73' title="bbox 310 4194 1922 4270">
     <span class='ocr_line' id='line_1_73' title="bbox 310 4194 1922 4270; baseline -0.001 -19"><span class='ocrx_word' id='word_1_527' title='bbox 310 4199 447 4270; x_wconf 72' lang='grc' dir='ltr'>περὶ</span> <span class='ocrx_word' id='word_1_528' title='bbox 483 4195 585 4250; x_wconf 78' lang='grc' dir='ltr'><strong>τοῦ</strong></span> <span class='ocrx_word' id='word_1_529' title='bbox 635 4196 790 4265; x_wconf 84' lang='grc' dir='ltr'>ἁγίου</span> <span class='ocrx_word' id='word_1_530' title='bbox 827 4195 1161 4263; x_wconf 83' lang='grc' dir='ltr'>Βαπτιστοῦ,</span> <span class='ocrx_word' id='word_1_531' title='bbox 1201 4213 1220 4248; x_wconf 83' lang='lat' dir='ltr'><strong>t</strong></span> <span class='ocrx_word' id='word_1_532' title='bbox 1267 4194 1577 4266; x_wconf 79' lang='grc' dir='ltr'>Ἠτοίμασα</span> <span class='ocrx_word' id='word_1_533' title='bbox 1617 4195 1809 4266; x_wconf 87' lang='grc' dir='ltr'>λύχνον</span> <span class='ocrx_word' id='word_1_534' title='bbox 1844 4196 1922 4268; x_wconf 81' lang='grc' dir='ltr'>τῷ</span> 
     </span>
    </p>
   </div>
   <div class='ocr_carea' id='block_1_74' title="bbox 310 4278 1922 4359">
    <p class='ocr_par' dir='ltr' id='par_1_74' title="bbox 310 4278 1922 4359">
     <span class='ocr_line' id='line_1_74' title="bbox 310 4278 1922 4359; baseline -0.004 -17"><span class='ocrx_word' id='word_1_535' title='bbox 310 4286 546 4359; x_wconf 80' lang='grc' dir='ltr'>Χριστῷ</span> <span class='ocrx_word' id='word_1_536' title='bbox 583 4302 708 4356; x_wconf 89' lang='grc' dir='ltr'>μου.</span> <span class='ocrx_word' id='word_1_537' title='bbox 753 4305 771 4336; x_wconf 76' lang='grc' dir='ltr'><strong>ι</strong></span> <span class='ocrx_word' id='word_1_538' title='bbox 798 4284 932 4349; x_wconf 80' lang='grc' dir='ltr'>Καὶ,</span> <span class='ocrx_word' id='word_1_539' title='bbox 957 4301 976 4334; x_wconf 79' lang='grc' dir='ltr'><strong>ι</strong></span> <span class='ocrx_word' id='word_1_540' title='bbox 1001 4283 1240 4348; x_wconf 86' lang='grc' dir='ltr'>Ἐκεῖνος</span> <span class='ocrx_word' id='word_1_541' title='bbox 1263 4278 1332 4355; x_wconf 81' lang='grc' dir='ltr'>ἦν</span> <span class='ocrx_word' id='word_1_542' title='bbox 1363 4284 1392 4337; x_wconf 87' lang='lat'><strong>6</strong></span> <span class='ocrx_word' id='word_1_543' title='bbox 1415 4281 1607 4353; x_wconf 85' lang='grc' dir='ltr'>λύχνος</span> <span class='ocrx_word' id='word_1_544' title='bbox 1637 4283 1666 4336; x_wconf 87' lang='grc' dir='ltr'><strong>ὁ</strong></span> <span class='ocrx_word' id='word_1_545' title='bbox 1698 4283 1922 4353; x_wconf 87' lang='grc' dir='ltr'>καιόμε-</span> 
     </span>
    </p>
   </div>
   <div class='ocr_carea' id='block_1_75' title="bbox 311 4373 1923 4448">
    <p class='ocr_par' dir='ltr' id='par_1_75' title="bbox 311 4373 1923 4448">
     <span class='ocr_line' id='line_1_75' title="bbox 311 4373 1923 4448; baseline -0.006 -11"><span class='ocrx_word' id='word_1_546' title='bbox 311 4400 405 4446; x_wconf 90' lang='grc' dir='ltr'><strong>νος</strong></span> <span class='ocrx_word' id='word_1_547' title='bbox 457 4381 562 4435; x_wconf 82' lang='grc' dir='ltr'>καὶ</span> <span class='ocrx_word' id='word_1_548' title='bbox 623 4380 869 4448; x_wconf 76' lang='grc' dir='ltr'>φαίνων·</span> <span class='ocrx_word' id='word_1_549' title='bbox 927 4379 1088 4448; x_wconf 84' lang='grc' dir='ltr'>ὑμεῖς</span> <span class='ocrx_word' id='word_1_550' title='bbox 1133 4376 1190 4430; x_wconf 85' lang='grc' dir='ltr'>δὲ</span> <span class='ocrx_word' id='word_1_551' title='bbox 1225 4374 1532 4447; x_wconf 75' lang='grc' dir='ltr'>ἠθελήσατε</span> <span class='ocrx_word' id='word_1_552' title='bbox 1576 4373 1715 4448; x_wconf 69' lang='grc' dir='ltr'>πρδς</span> <span class='ocrx_word' id='word_1_553' title='bbox 1770 4373 1923 4446; x_wconf 79' lang='grc' dir='ltr'>ὤραν</span> 
     </span>
    </p>
   </div>
   <div class='ocr_carea' id='block_1_76' title="bbox 310 4467 1922 4545">
    <p class='ocr_par' dir='ltr' id='par_1_76' title="bbox 310 4467 1922 4545">
     <span class='ocr_line' id='line_1_76' title="bbox 310 4467 1922 4545; baseline -0.006 -15"><span class='ocrx_word' id='word_1_554' title='bbox 310 4472 768 4545; x_wconf 83' lang='grc' dir='ltr'>ἀγαλλιασθῆναι</span> <span class='ocrx_word' id='word_1_555' title='bbox 828 4473 888 4526; x_wconf 81' lang='grc' dir='ltr'>ὲν</span> <span class='ocrx_word' id='word_1_556' title='bbox 925 4469 1004 4542; x_wconf 81' lang='grc' dir='ltr'>τῷ</span> <span class='ocrx_word' id='word_1_557' title='bbox 1060 4470 1203 4540; x_wconf 79' lang='grc' dir='ltr'>φωτὶ</span> <span class='ocrx_word' id='word_1_558' title='bbox 1259 4467 1450 4524; x_wconf 79' lang='grc' dir='ltr'>αὑτοῦ.</span> <span class='ocrx_word' id='word_1_559' title='bbox 1487 4486 1507 4520; x_wconf 75' lang='grc' dir='ltr'><strong>ι</strong></span> <span class='ocrx_word' id='word_1_560' title='bbox 1552 4467 1696 4522; x_wconf 81' lang='grc' dir='ltr'>Ἀλλ’</span> <span class='ocrx_word' id='word_1_561' title='bbox 1747 4467 1795 4520; x_wconf 82' lang='grc' dir='ltr'><strong>εί</strong></span> <span class='ocrx_word' id='word_1_562' title='bbox 1827 4467 1922 4521; x_wconf 73' lang='grc' dir='ltr'>καὶ</span> 
     </span>
    </p>
   </div>
   <div class='ocr_carea' id='block_1_77' title="bbox 2026 3278 3615 3351">
    <p class='ocr_par' dir='ltr' id='par_1_77' title="bbox 2026 3278 3615 3351">
     <span class='ocr_line' id='line_1_77' title="bbox 2026 3278 3615 3351; baseline 0.004 -18"><span class='ocrx_word' id='word_1_563' title='bbox 2026 3279 2182 3334; x_wconf 90' lang='lat' dir='ltr'><strong>nium</strong></span> <span class='ocrx_word' id='word_1_564' title='bbox 2215 3278 2283 3334; x_wconf 92' lang='lat' dir='ltr'><strong>de</strong></span> <span class='ocrx_word' id='word_1_565' title='bbox 2317 3279 2526 3336; x_wconf 87' lang='lat' dir='ltr'><strong>lumine</strong></span> <span class='ocrx_word' id='word_1_566' title='bbox 2562 3279 2967 3351; x_wconf 88' lang='lat' dir='ltr'><strong>perhibendum</strong></span> <span class='ocrx_word' id='word_1_567' title='bbox 3008 3281 3238 3338; x_wconf 80' lang='lat' dir='ltr'><strong>missus.</strong></span> <span class='ocrx_word' id='word_1_568' title='bbox 3259 3280 3395 3338; x_wconf 90' lang='lat' dir='ltr'><strong>Cum</strong></span> <span class='ocrx_word' id='word_1_569' title='bbox 3429 3289 3615 3338; x_wconf 87' lang='lat' dir='ltr'><strong>autem</strong></span> 
     </span>
    </p>
   </div>
   <div class='ocr_carea' id='block_1_78' title="bbox 2023 3369 3618 3440">
    <p class='ocr_par' dir='ltr' id='par_1_78' title="bbox 2023 3369 3618 3440">
     <span class='ocr_line' id='line_1_78' title="bbox 2023 3369 3618 3440; baseline 0.004 -16"><span class='ocrx_word' id='word_1_570' title='bbox 2023 3370 2087 3425; x_wconf 83' lang='grc' dir='ltr'><strong>τδ</strong></span> <span class='ocrx_word' id='word_1_571' title='bbox 2116 3369 2234 3440; x_wconf 83' lang='grc' dir='ltr'><strong>φῶς</strong></span> <span class='ocrx_word' id='word_1_572' title='bbox 2269 3370 2368 3437; x_wconf 89' lang='lat' dir='ltr'><strong>ait,</strong></span> <span class='ocrx_word' id='word_1_573' title='bbox 2391 3371 2632 3429; x_wconf 90' lang='lat' dir='ltr'><strong>articulo</strong></span> <span class='ocrx_word' id='word_1_574' title='bbox 2661 3371 2874 3438; x_wconf 87' lang='lat' dir='ltr'><strong>addito,</strong></span> <span class='ocrx_word' id='word_1_575' title='bbox 2906 3388 3071 3428; x_wconf 90' lang='lat' dir='ltr'><strong>unam</strong></span> <span class='ocrx_word' id='word_1_576' title='bbox 3107 3373 3289 3430; x_wconf 90' lang='lat' dir='ltr'><strong>lucem</strong></span> <span class='ocrx_word' id='word_1_577' title='bbox 3319 3389 3445 3432; x_wconf 86' lang='lat' dir='ltr'><strong>esse</strong></span> <span class='ocrx_word' id='word_1_578' title='bbox 3469 3375 3618 3430; x_wconf 88' lang='lat' dir='ltr'><strong>clare</strong></span> 
     </span>
    </p>
   </div>
   <div class='ocr_carea' id='block_1_79' title="bbox 2026 3461 3615 3533">
    <p class='ocr_par' dir='ltr' id='par_1_79' title="bbox 2026 3461 3615 3533">
     <span class='ocr_line' id='line_1_79' title="bbox 2026 3461 3615 3533; baseline 0.001 -15"><span class='ocrx_word' id='word_1_579' title='bbox 2026 3463 2292 3531; x_wconf 89' lang='lat' dir='ltr'><strong>ostendit,</strong></span> <span class='ocrx_word' id='word_1_580' title='bbox 2333 3461 2488 3533; x_wconf 89' lang='lat' dir='ltr'><strong>quod</strong></span> <span class='ocrx_word' id='word_1_581' title='bbox 2543 3478 2679 3520; x_wconf 83' lang='lat' dir='ltr'><strong>sane</strong></span> <span class='ocrx_word' id='word_1_582' title='bbox 2724 3478 2916 3520; x_wconf 80' lang='lat' dir='ltr'><strong>verum</strong></span> <span class='ocrx_word' id='word_1_583' title='bbox 2975 3472 3082 3521; x_wconf 80' lang='lat' dir='ltr'><strong>est.</strong></span> <span class='ocrx_word' id='word_1_584' title='bbox 3126 3463 3345 3520; x_wconf 86' lang='lat' dir='ltr'><strong>Etenim</strong></span> <span class='ocrx_word' id='word_1_585' title='bbox 3393 3466 3615 3522; x_wconf 84' lang='lat' dir='ltr'><strong>beatum</strong></span> 
     </span>
    </p>
   </div>
   <div class='ocr_carea' id='block_1_80' title="bbox 2026 3553 3617 3626">
    <p class='ocr_par' dir='ltr' id='par_1_80' title="bbox 2026 3553 3617 3626">
     <span class='ocr_line' id='line_1_80' title="bbox 2026 3553 3617 3626; baseline 0.001 -18"><span class='ocrx_word' id='word_1_586' title='bbox 2026 3554 2354 3626; x_wconf 87' lang='lat' dir='ltr'><strong>Baptistam,</strong></span> <span class='ocrx_word' id='word_1_587' title='bbox 2387 3562 2484 3610; x_wconf 88' lang='lat' dir='ltr'><strong>aut</strong></span> <span class='ocrx_word' id='word_1_588' title='bbox 2518 3562 2774 3610; x_wconf 90' lang='lat' dir='ltr'><strong>sanctum</strong></span> <span class='ocrx_word' id='word_1_589' title='bbox 2800 3553 3130 3625; x_wconf 84' lang='lat' dir='ltr'><strong>quemlibet,</strong></span> <span class='ocrx_word' id='word_1_590' title='bbox 3176 3553 3354 3610; x_wconf 87' lang='lat' dir='ltr'><strong>lucem</strong></span> <span class='ocrx_word' id='word_1_591' title='bbox 3393 3567 3617 3625; x_wconf 84' lang='lat' dir='ltr'><strong>quoque</strong></span> 
     </span>
    </p>
   </div>
   <div class='ocr_carea' id='block_1_81' title="bbox 2026 3642 3616 3714">
    <p class='ocr_par' dir='ltr' id='par_1_81' title="bbox 2026 3642 3616 3714">
     <span class='ocr_line' id='line_1_81' title="bbox 2026 3642 3616 3714; baseline -0.002 -15"><span class='ocrx_word' id='word_1_592' title='bbox 2026 3645 2228 3700; x_wconf 89' lang='lat' dir='ltr'><strong>merito</strong></span> <span class='ocrx_word' id='word_1_593' title='bbox 2262 3644 2448 3700; x_wconf 88' lang='lat' dir='ltr'><strong>vocari</strong></span> <span class='ocrx_word' id='word_1_594' title='bbox 2487 3659 2598 3700; x_wconf 90' lang='lat' dir='ltr'><strong>non</strong></span> <span class='ocrx_word' id='word_1_595' title='bbox 2641 3643 2862 3700; x_wconf 83' lang='lat' dir='ltr'><strong>inﬁcias</strong></span> <span class='ocrx_word' id='word_1_596' title='bbox 2890 3644 3120 3709; x_wconf 89' lang='lat' dir='ltr'><strong>ibimus,</strong></span> <span class='ocrx_word' id='word_1_597' title='bbox 3149 3658 3277 3699; x_wconf 89' lang='lat' dir='ltr'><strong>cum</strong></span> <span class='ocrx_word' id='word_1_598' title='bbox 3315 3644 3385 3700; x_wconf 89' lang='lat' dir='ltr'><strong>de</strong></span> <span class='ocrx_word' id='word_1_599' title='bbox 3412 3642 3552 3714; x_wconf 84' lang='lat' dir='ltr'><strong>ipsis</strong></span> <span class='ocrx_word' id='word_1_600' title='bbox 3585 3657 3616 3696; x_wconf 88' lang='lat' dir='ltr'><strong>a</strong></span> 
     </span>
    </p>
   </div>
   <div class='ocr_carea' id='block_1_82' title="bbox 2029 3734 3616 3794">
    <p class='ocr_par' dir='ltr' id='par_1_82' title="bbox 2029 3734 3616 3794">
     <span class='ocr_line' id='line_1_82' title="bbox 2029 3734 3616 3794; baseline -0.001 -2"><span class='ocrx_word' id='word_1_601' title='bbox 2029 3737 2319 3794; x_wconf 85' lang='lat' dir='ltr'><strong>Salvatore</strong></span> <span class='ocrx_word' id='word_1_602' title='bbox 2368 3743 2569 3793; x_wconf 87' lang='lat' dir='ltr'><strong>nostro</strong></span> <span class='ocrx_word' id='word_1_603' title='bbox 2620 3735 2832 3793; x_wconf 88' lang='lat' dir='ltr'><strong>dictum</strong></span> <span class='ocrx_word' id='word_1_604' title='bbox 2894 3737 2970 3792; x_wconf 90' lang='lat' dir='ltr'><strong>sit</strong></span> <span class='ocrx_word' id='word_1_605' title='bbox 3019 3752 3035 3791; x_wconf 90' lang='lat'><strong>:</strong></span> <span class='ocrx_word' id='word_1_606' title='bbox 3097 3753 3118 3789; x_wconf 79' lang='grc' dir='ltr'><strong>ι</strong></span> <span class='ocrx_word' id='word_1_607' title='bbox 3161 3735 3272 3792; x_wconf 84' lang='lat' dir='ltr'><strong>Vos</strong></span> <span class='ocrx_word' id='word_1_608' title='bbox 3328 3735 3464 3792; x_wconf 87' lang='lat' dir='ltr'><strong>estis</strong></span> <span class='ocrx_word' id='word_1_609' title='bbox 3521 3734 3616 3790; x_wconf 77' lang='lat' dir='ltr'><strong>lux</strong></span> 
     </span>
    </p>
   </div>
   <div class='ocr_carea' id='block_1_83' title="bbox 2025 3827 3640 3906">
    <p class='ocr_par' dir='ltr' id='par_1_83' title="bbox 2025 3827 3640 3906">
     <span class='ocr_line' id='line_1_83' title="bbox 2025 3827 3640 3906; baseline -0.002 -22"><span class='ocrx_word' id='word_1_610' title='bbox 2025 3829 2219 3884; x_wconf 86' lang='lat' dir='ltr'><strong>mundi</strong></span> <span class='ocrx_word' id='word_1_611' title='bbox 2260 3829 2328 3884; x_wconf 71' lang='grc'><strong>³⁵.</strong></span> <span class='ocrx_word' id='word_1_612' title='bbox 2367 3847 2386 3881; x_wconf 77' lang='grc' dir='ltr'><strong>ι</strong></span> <span class='ocrx_word' id='word_1_613' title='bbox 2422 3827 2805 3885; x_wconf 74' lang='lat' dir='ltr'><strong>Etdeloanne</strong></span> <span class='ocrx_word' id='word_1_614' title='bbox 2828 3827 3100 3900; x_wconf 86' lang='lat' dir='ltr'><strong>Baptista,</strong></span> <span class='ocrx_word' id='word_1_615' title='bbox 3139 3845 3158 3880; x_wconf 80' lang='grc' dir='ltr'><strong>ι</strong></span> <span class='ocrx_word' id='word_1_616' title='bbox 3193 3827 3385 3886; x_wconf 84' lang='lat' dir='ltr'><strong>Paravi</strong></span> <span class='ocrx_word' id='word_1_617' title='bbox 3432 3829 3640 3906; x_wconf 23' lang='lat' dir='ltr'><strong>lucere</strong></span> 
     </span>
    </p>
   </div>
   <div class='ocr_carea' id='block_1_84' title="bbox 2027 3913 3621 3982">
    <p class='ocr_par' dir='ltr' id='par_1_84' title="bbox 2027 3913 3621 3982">
     <span class='ocr_line' id='line_1_84' title="bbox 2027 3913 3621 3982; baseline -0.003 -10"><span class='ocrx_word' id='word_1_618' title='bbox 2027 3933 2155 3973; x_wconf 87' lang='lat' dir='ltr'><strong>nam</strong></span> <span class='ocrx_word' id='word_1_619' title='bbox 2185 3915 2413 3972; x_wconf 89' lang='lat' dir='ltr'><strong>Christo</strong></span> <span class='ocrx_word' id='word_1_620' title='bbox 2446 3917 2669 3972; x_wconf 78' lang='lat' dir='ltr'><strong>meo&quot;.</strong></span> <span class='ocrx_word' id='word_1_621' title='bbox 2695 3934 2715 3969; x_wconf 80' lang='grc' dir='ltr'><strong>ι</strong></span> <span class='ocrx_word' id='word_1_622' title='bbox 2753 3915 2910 3982; x_wconf 90' lang='lat' dir='ltr'><strong>Item,</strong></span> <span class='ocrx_word' id='word_1_623' title='bbox 2935 3934 2953 3967; x_wconf 73' lang='grc' dir='ltr'><strong>ι</strong></span> <span class='ocrx_word' id='word_1_624' title='bbox 3007 3915 3104 3971; x_wconf 92' lang='lat' dir='ltr'><strong>Ille</strong></span> <span class='ocrx_word' id='word_1_625' title='bbox 3130 3923 3250 3970; x_wconf 89' lang='lat' dir='ltr'><strong>erat</strong></span> <span class='ocrx_word' id='word_1_626' title='bbox 3276 3913 3505 3971; x_wconf 83' lang='lat' dir='ltr'><strong>lucerna</strong></span> <span class='ocrx_word' id='word_1_627' title='bbox 3526 3927 3621 3968; x_wconf 89' lang='lat' dir='ltr'><strong>ar-</strong></span> 
     </span>
    </p>
   </div>
   <div class='ocr_carea' id='block_1_85' title="bbox 2025 4004 3623 4066">
    <p class='ocr_par' dir='ltr' id='par_1_85' title="bbox 2025 4004 3623 4066">
     <span class='ocr_line' id='line_1_85' title="bbox 2025 4004 3623 4066; baseline -0.002 -1"><span class='ocrx_word' id='word_1_628' title='bbox 2025 4009 2164 4066; x_wconf 86' lang='lat' dir='ltr'><strong>dens</strong></span> <span class='ocrx_word' id='word_1_629' title='bbox 2181 4015 2236 4063; x_wconf 90' lang='lat' dir='ltr'><strong>et</strong></span> <span class='ocrx_word' id='word_1_630' title='bbox 2254 4008 2475 4063; x_wconf 90' lang='lat' dir='ltr'><strong>lucens:</strong></span> <span class='ocrx_word' id='word_1_631' title='bbox 2497 4021 2596 4064; x_wconf 82' lang='lat' dir='ltr'><strong>vos</strong></span> <span class='ocrx_word' id='word_1_632' title='bbox 2625 4006 3085 4063; x_wconf 73' lang='lat' dir='ltr'><strong>autem‘voluistis</strong></span> <span class='ocrx_word' id='word_1_633' title='bbox 3118 4004 3187 4062; x_wconf 89' lang='lat' dir='ltr'><strong>ad</strong></span> <span class='ocrx_word' id='word_1_634' title='bbox 3215 4006 3412 4062; x_wconf 88' lang='lat' dir='ltr'><strong>horam</strong></span> <span class='ocrx_word' id='word_1_635' title='bbox 3435 4005 3623 4062; x_wconf 81' lang='lat' dir='ltr'><strong>exsul-</strong></span> 
     </span>
    </p>
   </div>
   <div class='ocr_carea' id='block_1_86' title="bbox 2025 4097 3619 4170">
    <p class='ocr_par' dir='ltr' id='par_1_86' title="bbox 2025 4097 3619 4170">
     <span class='ocr_line' id='line_1_86' title="bbox 2025 4097 3619 4170; baseline -0.004 -12"><span class='ocrx_word' id='word_1_636' title='bbox 2025 4110 2146 4158; x_wconf 92' lang='lat' dir='ltr'><strong>tare</strong></span> <span class='ocrx_word' id='word_1_637' title='bbox 2191 4101 2250 4156; x_wconf 91' lang='lat' dir='ltr'><strong>in</strong></span> <span class='ocrx_word' id='word_1_638' title='bbox 2277 4100 2400 4155; x_wconf 89' lang='lat' dir='ltr'><strong>luce</strong></span> <span class='ocrx_word' id='word_1_639' title='bbox 2442 4098 2566 4170; x_wconf 88' lang='lat' dir='ltr'><strong>ejus</strong></span> <span class='ocrx_word' id='word_1_640' title='bbox 2600 4099 2668 4154; x_wconf 79' lang='grc'><strong>³⁸.</strong></span> <span class='ocrx_word' id='word_1_641' title='bbox 2718 4117 2738 4152; x_wconf 71' lang='grc' dir='ltr'><strong>ι</strong></span> <span class='ocrx_word' id='word_1_642' title='bbox 2779 4097 3172 4155; x_wconf 82' lang='lat' dir='ltr'><strong>Verumtamen</strong></span> <span class='ocrx_word' id='word_1_643' title='bbox 3215 4099 3472 4168; x_wconf 88' lang='lat' dir='ltr'><strong>quamvis</strong></span> <span class='ocrx_word' id='word_1_644' title='bbox 3523 4097 3619 4152; x_wconf 76' lang='lat' dir='ltr'><strong>lux</strong></span> 
     </span>
    </p>
   </div>
   <div class='ocr_carea' id='block_1_87' title="bbox 2026 4171 3620 4260">
    <p class='ocr_par' dir='ltr' id='par_1_87' title="bbox 2026 4171 3620 4260">
     <span class='ocr_line' id='line_1_87' title="bbox 2026 4171 3620 4260; baseline -0.005 -10"><span class='ocrx_word' id='word_1_645' title='bbox 2026 4195 2206 4252; x_wconf 84' lang='lat' dir='ltr'><strong>sancti</strong></span> <span class='ocrx_word' id='word_1_646' title='bbox 2258 4200 2314 4249; x_wconf 92' lang='lat' dir='ltr'><strong>et</strong></span> <span class='ocrx_word' id='word_1_647' title='bbox 2360 4191 2585 4247; x_wconf 91' lang='lat' dir='ltr'><strong>lucerna</strong></span> <span class='ocrx_word' id='word_1_648' title='bbox 2625 4187 2874 4260; x_wconf 86' lang='lat' dir='ltr'><strong>Baptista</strong></span> <span class='ocrx_word' id='word_1_649' title='bbox 2911 4171 3204 4252; x_wconf 77' lang='lat' dir='ltr'><strong>dicantur,</strong></span> <span class='ocrx_word' id='word_1_650' title='bbox 3245 4201 3358 4241; x_wconf 91' lang='lat' dir='ltr'><strong>non</strong></span> <span class='ocrx_word' id='word_1_651' title='bbox 3394 4185 3620 4256; x_wconf 80' lang='lat' dir='ltr'><strong>ignora-</strong></span> 
     </span>
    </p>
   </div>
   <div class='ocr_carea' id='block_1_88' title="bbox 2025 4278 3618 4356">
    <p class='ocr_par' dir='ltr' id='par_1_88' title="bbox 2025 4278 3618 4356">
     <span class='ocr_line' id='line_1_88' title="bbox 2025 4278 3618 4356; baseline -0.008 -12"><span class='ocrx_word' id='word_1_652' title='bbox 2025 4303 2150 4344; x_wconf 86' lang='lat' dir='ltr'><strong>mus</strong></span> <span class='ocrx_word' id='word_1_653' title='bbox 2173 4298 2364 4343; x_wconf 85' lang='lat' dir='ltr'><strong>tamen</strong></span> <span class='ocrx_word' id='word_1_654' title='bbox 2382 4300 2478 4342; x_wconf 86' lang='lat' dir='ltr'><strong>eos</strong></span> <span class='ocrx_word' id='word_1_655' title='bbox 2499 4283 2734 4356; x_wconf 86' lang='lat' dir='ltr'><strong>gratiam</strong></span> <span class='ocrx_word' id='word_1_656' title='bbox 2751 4297 2818 4338; x_wconf 88' lang='lat' dir='ltr'><strong>ac</strong></span> <span class='ocrx_word' id='word_1_657' title='bbox 2837 4281 3042 4338; x_wconf 89' lang='lat' dir='ltr'><strong>donum</strong></span> <span class='ocrx_word' id='word_1_658' title='bbox 3066 4279 3294 4340; x_wconf 79' lang='lat' dir='ltr'><strong>luminis</strong></span> <span class='ocrx_word' id='word_1_659' title='bbox 3313 4278 3618 4349; x_wconf 85' lang='lat' dir='ltr'><strong>accepisse.</strong></span> 
     </span>
    </p>
   </div>
   <div class='ocr_carea' id='block_1_89' title="bbox 2029 4369 3622 4449">
    <p class='ocr_par' dir='ltr' id='par_1_89' title="bbox 2029 4369 3622 4449">
     <span class='ocr_line' id='line_1_89' title="bbox 2029 4369 3622 4449; baseline -0.006 -17"><span class='ocrx_word' id='word_1_660' title='bbox 2029 4377 2218 4449; x_wconf 76' lang='lat' dir='ltr'><strong>Neque</strong></span> <span class='ocrx_word' id='word_1_661' title='bbox 2238 4376 2387 4432; x_wconf 80' lang='lat' dir='ltr'><strong>enim</strong></span> <span class='ocrx_word' id='word_1_662' title='bbox 2417 4376 2514 4430; x_wconf 79' lang='lat' dir='ltr'><strong>lux</strong></span> <span class='ocrx_word' id='word_1_663' title='bbox 2545 4373 2774 4446; x_wconf 87' lang='lat' dir='ltr'><strong>propria</strong></span> <span class='ocrx_word' id='word_1_664' title='bbox 2799 4379 2889 4430; x_wconf 88' lang='lat' dir='ltr'><strong>est</strong></span> <span class='ocrx_word' id='word_1_665' title='bbox 2920 4371 3183 4436; x_wconf 65' lang='lat' dir='ltr'><strong>lucernae,</strong></span> <span class='ocrx_word' id='word_1_666' title='bbox 3204 4385 3385 4441; x_wconf 87' lang='lat' dir='ltr'><strong>neque</strong></span> <span class='ocrx_word' id='word_1_667' title='bbox 3407 4369 3622 4426; x_wconf 82' lang='lat' dir='ltr'><strong>sanctis</strong></span> 
     </span>
    </p>
   </div>
   <div class='ocr_carea' id='block_1_90' title="bbox 2027 4460 3620 4531">
    <p class='ocr_par' dir='ltr' id='par_1_90' title="bbox 2027 4460 3620 4531">
     <span class='ocr_line' id='line_1_90' title="bbox 2027 4460 3620 4531; baseline -0.003 -11"><span class='ocrx_word' id='word_1_668' title='bbox 2027 4465 2388 4529; x_wconf 85' lang='lat' dir='ltr'><strong>illuminatio,</strong></span> <span class='ocrx_word' id='word_1_669' title='bbox 2425 4463 2522 4521; x_wconf 87' lang='lat' dir='ltr'><strong>sed</strong></span> <span class='ocrx_word' id='word_1_670' title='bbox 2553 4462 2810 4519; x_wconf 87' lang='lat' dir='ltr'><strong>veritatis</strong></span> <span class='ocrx_word' id='word_1_671' title='bbox 2863 4461 3274 4520; x_wconf 83' lang='lat' dir='ltr'><strong>illuminatione</strong></span> <span class='ocrx_word' id='word_1_672' title='bbox 3322 4460 3620 4531; x_wconf 86' lang='lat' dir='ltr'><strong>splenden-</strong></span> 
     </span>
    </p>
   </div>
   <div class='ocr_carea' id='block_1_91' title="bbox 310 4548 1919 4638">
    <p class='ocr_par' dir='ltr' id='par_1_91' title="bbox 310 4559 1919 4638">
     <span class='ocr_line' id='line_1_91' title="bbox 310 4559 1919 4638; baseline -0.006 -17"><span class='ocrx_word' id='word_1_673' title='bbox 310 4568 435 4638; x_wconf 77' lang='grc' dir='ltr'>φῶς</span> <span class='ocrx_word' id='word_1_674' title='bbox 469 4567 524 4620; x_wconf 75' lang='grc' dir='ltr'>οἱ</span> <span class='ocrx_word' id='word_1_675' title='bbox 559 4565 728 4634; x_wconf 74' lang='grc' dir='ltr'>ἅγιοι,</span> <span class='ocrx_word' id='word_1_676' title='bbox 760 4563 856 4617; x_wconf 73' lang='grc' dir='ltr'>καὶ</span> <span class='ocrx_word' id='word_1_677' title='bbox 871 4562 1065 4632; x_wconf 90' lang='grc' dir='ltr'>λύχνος</span> <span class='ocrx_word' id='word_1_678' title='bbox 1089 4564 1117 4616; x_wconf 87' lang='lat'><strong>6</strong></span> <span class='ocrx_word' id='word_1_679' title='bbox 1140 4560 1474 4631; x_wconf 80' lang='grc' dir='ltr'>Βαπτιστὴς,</span> <span class='ocrx_word' id='word_1_680' title='bbox 1504 4559 1604 4630; x_wconf 78' lang='grc' dir='ltr'>τὴν</span> <span class='ocrx_word' id='word_1_681' title='bbox 1626 4561 1714 4612; x_wconf 75' lang='grc' dir='ltr'><strong>ἐπ’</strong></span> <span class='ocrx_word' id='word_1_682' title='bbox 1737 4560 1919 4623; x_wconf 81' lang='grc' dir='ltr'>αὐτοῖς</span> 
     </span>
    </p>
   </div>
   <div class='ocr_carea' id='block_1_92' title="bbox 2019 4548 3620 4638">
    <p class='ocr_par' dir='ltr' id='par_1_92' title="bbox 2031 4555 3620 4629">
     <span class='ocr_line' id='line_1_92' title="bbox 2031 4555 3620 4629; baseline -0.003 -15"><span class='ocrx_word' id='word_1_683' title='bbox 2031 4569 2136 4622; x_wconf 89' lang='lat' dir='ltr'><strong>tes,</strong></span> <span class='ocrx_word' id='word_1_684' title='bbox 2167 4567 2222 4614; x_wconf 92' lang='lat' dir='ltr'><strong>et</strong></span> <span class='ocrx_word' id='word_1_685' title='bbox 2267 4557 2556 4629; x_wconf 87' lang='lat' dir='ltr'><strong>conspicui</strong></span> <span class='ocrx_word' id='word_1_686' title='bbox 2605 4557 2738 4614; x_wconf 78' lang='lat' dir='ltr'><strong>lacti</strong></span> <span class='ocrx_word' id='word_1_687' title='bbox 2778 4563 2932 4622; x_wconf 88' lang='lat' dir='ltr'><strong>sunt,</strong></span> <span class='ocrx_word' id='word_1_688' title='bbox 2961 4562 3018 4613; x_wconf 89' lang='lat' dir='ltr'><strong>et</strong></span> <span class='ocrx_word' id='word_1_689' title='bbox 3052 4555 3352 4611; x_wconf 87' lang='lat' dir='ltr'><strong>luminaria</strong></span> <span class='ocrx_word' id='word_1_690' title='bbox 3401 4563 3533 4611; x_wconf 90' lang='lat' dir='ltr'><strong>sunt</strong></span> <span class='ocrx_word' id='word_1_691' title='bbox 3565 4555 3620 4610; x_wconf 91' lang='lat' dir='ltr'><strong>in</strong></span> 
     </span>
    </p>
   </div>
   <div class='ocr_carea' id='block_1_93' title="bbox 309 4651 1926 4728">
    <p class='ocr_par' dir='ltr' id='par_1_93' title="bbox 309 4651 1926 4728">
     <span class='ocr_line' id='line_1_93' title="bbox 309 4651 1926 4728; baseline -0.008 -12"><span class='ocrx_word' id='word_1_692' title='bbox 309 4662 417 4716; x_wconf 73' lang='grc' dir='ltr'>οὐκ</span> <span class='ocrx_word' id='word_1_693' title='bbox 450 4659 805 4728; x_wconf 78' lang='grc' dir='ltr'>ἀγνοήσομεν</span> <span class='ocrx_word' id='word_1_694' title='bbox 839 4654 1022 4726; x_wconf 85' lang='grc' dir='ltr'>χάριν,</span> <span class='ocrx_word' id='word_1_695' title='bbox 1055 4655 1150 4708; x_wconf 77' lang='grc' dir='ltr'>καὶ</span> <span class='ocrx_word' id='word_1_696' title='bbox 1177 4653 1276 4724; x_wconf 85' lang='grc' dir='ltr'>τὴν</span> <span class='ocrx_word' id='word_1_697' title='bbox 1300 4653 1410 4707; x_wconf 83' lang='grc' dir='ltr'>ἀπὸ</span> <span class='ocrx_word' id='word_1_698' title='bbox 1435 4651 1531 4706; x_wconf 76' lang='grc' dir='ltr'>τοῦ</span> <span class='ocrx_word' id='word_1_699' title='bbox 1557 4651 1734 4722; x_wconf 75' lang='grc' dir='ltr'>φωτὸς</span> <span class='ocrx_word' id='word_1_700' title='bbox 1758 4669 1926 4724; x_wconf 86' lang='grc' dir='ltr'>χορη-</span> 
     </span>
    </p>
   </div>
   <div class='ocr_carea' id='block_1_94' title="bbox 306 4744 1925 4824">
    <p class='ocr_par' dir='ltr' id='par_1_94' title="bbox 306 4744 1925 4824">
     <span class='ocr_line' id='line_1_94' title="bbox 306 4744 1925 4824; baseline -0.007 -15"><span class='ocrx_word' id='word_1_701' title='bbox 306 4754 462 4824; x_wconf 83' lang='grc' dir='ltr'>γίαν.</span> <span class='ocrx_word' id='word_1_702' title='bbox 495 4750 639 4805; x_wconf 71' lang='grc' dir='ltr'>Οὑτε</span> <span class='ocrx_word' id='word_1_703' title='bbox 673 4751 784 4821; x_wconf 84' lang='grc' dir='ltr'><strong>γὰρ</strong></span> <span class='ocrx_word' id='word_1_704' title='bbox 813 4750 944 4803; x_wconf 75' lang='grc' dir='ltr'>ἴδιον</span> <span class='ocrx_word' id='word_1_705' title='bbox 974 4748 1034 4801; x_wconf 85' lang='grc' dir='ltr'>ὲν</span> <span class='ocrx_word' id='word_1_706' title='bbox 1069 4747 1148 4818; x_wconf 84' lang='grc' dir='ltr'>τῷ</span> <span class='ocrx_word' id='word_1_707' title='bbox 1191 4746 1370 4818; x_wconf 88' lang='grc' dir='ltr'>λύχνῳ</span> <span class='ocrx_word' id='word_1_708' title='bbox 1403 4745 1466 4800; x_wconf 81' lang='grc' dir='ltr'>τὸ</span> <span class='ocrx_word' id='word_1_709' title='bbox 1489 4745 1624 4814; x_wconf 82' lang='grc' dir='ltr'>φῶς,</span> <span class='ocrx_word' id='word_1_710' title='bbox 1655 4744 1779 4799; x_wconf 75' lang='grc' dir='ltr'>οὔτε</span> <span class='ocrx_word' id='word_1_711' title='bbox 1815 4745 1925 4818; x_wconf 80' lang='grc' dir='ltr'>μὴν</span> 
     </span>
    </p>
   </div>
   <div class='ocr_carea' id='block_1_95' title="bbox 306 4835 1926 4910">
    <p class='ocr_par' dir='ltr' id='par_1_95' title="bbox 306 4835 1926 4910">
     <span class='ocr_line' id='line_1_95' title="bbox 306 4835 1926 4910; baseline -0.005 -12"><span class='ocrx_word' id='word_1_712' title='bbox 306 4846 368 4898; x_wconf 77' lang='grc' dir='ltr'>ὲν</span> <span class='ocrx_word' id='word_1_713' title='bbox 433 4845 557 4905; x_wconf 83' lang='grc' dir='ltr'>τοῖς</span> <span class='ocrx_word' id='word_1_714' title='bbox 617 4840 797 4909; x_wconf 81' lang='grc' dir='ltr'>ἁγίοις</span> <span class='ocrx_word' id='word_1_715' title='bbox 851 4839 882 4893; x_wconf 88' lang='lat'><strong>6</strong></span> <span class='ocrx_word' id='word_1_716' title='bbox 928 4837 1230 4910; x_wconf 76' lang='grc' dir='ltr'>φωτισμὸς,</span> <span class='ocrx_word' id='word_1_717' title='bbox 1262 4835 1401 4891; x_wconf 82' lang='grc' dir='ltr'><strong>ἀλλά</strong></span> <span class='ocrx_word' id='word_1_718' title='bbox 1434 4837 1502 4908; x_wconf 78' lang='grc' dir='ltr'>τῇ</span> <span class='ocrx_word' id='word_1_719' title='bbox 1537 4837 1640 4908; x_wconf 81' lang='grc' dir='ltr'>τῆς</span> <span class='ocrx_word' id='word_1_720' title='bbox 1663 4835 1926 4908; x_wconf 84' lang='grc' dir='ltr'>ἀληθείας</span> 
     </span>
    </p>
   </div>
   <div class='ocr_carea' id='block_1_96' title="bbox 306 4927 1925 5005">
    <p class='ocr_par' dir='ltr' id='par_1_96' title="bbox 306 4927 1925 5005">
     <span class='ocr_line' id='line_1_96' title="bbox 306 4927 1925 5005; baseline -0.006 -16"><span class='ocrx_word' id='word_1_721' title='bbox 306 4932 596 5005; x_wconf 62' lang='grc' dir='ltr'>ἐλλάμψει</span> <span class='ocrx_word' id='word_1_722' title='bbox 648 4930 888 5002; x_wconf 73' lang='grc' dir='ltr'>φαιδροὶ,</span> <span class='ocrx_word' id='word_1_723' title='bbox 949 4929 1046 4983; x_wconf 74' lang='grc' dir='ltr'>καὶ</span> <span class='ocrx_word' id='word_1_724' title='bbox 1077 4929 1360 4998; x_wconf 81' lang='grc' dir='ltr'>διαφανεῖς</span> <span class='ocrx_word' id='word_1_725' title='bbox 1402 4927 1799 4992; x_wconf 84' lang='grc' dir='ltr'>ἀνεδείκνυντο,</span> <span class='ocrx_word' id='word_1_726' title='bbox 1830 4928 1925 4981; x_wconf 77' lang='grc' dir='ltr'>καὶ</span> 
     </span>
    </p>
   </div>
   <div class='ocr_carea' id='block_1_97' title="bbox 307 5019 1926 5096">
    <p class='ocr_par' dir='ltr' id='par_1_97' title="bbox 307 5019 1926 5096">
     <span class='ocr_line' id='line_1_97' title="bbox 307 5019 1926 5096; baseline -0.006 -14"><span class='ocrx_word' id='word_1_727' title='bbox 307 5023 621 5096; x_wconf 79' lang='grc' dir='ltr'>φωστῆρὲς</span> <span class='ocrx_word' id='word_1_728' title='bbox 655 5023 793 5076; x_wconf 78' lang='grc' dir='ltr'>εἰσιν</span> <span class='ocrx_word' id='word_1_729' title='bbox 819 5023 877 5075; x_wconf 76' lang='grc' dir='ltr'>ὲν</span> <span class='ocrx_word' id='word_1_730' title='bbox 912 5019 1104 5093; x_wconf 84' lang='grc' dir='ltr'>κόσμῳ</span> <span class='ocrx_word' id='word_1_731' title='bbox 1124 5020 1284 5088; x_wconf 88' lang='grc' dir='ltr'>λόγον</span> <span class='ocrx_word' id='word_1_732' title='bbox 1312 5020 1459 5090; x_wconf 80' lang='grc' dir='ltr'>ζωῆς</span> <span class='ocrx_word' id='word_1_733' title='bbox 1489 5019 1926 5091; x_wconf 76' lang='grc' dir='ltr'>ἐπέχοντες.Καὶ</span> 
     </span>
    </p>
   </div>
   <div class='ocr_carea' id='block_1_98' title="bbox 308 5107 1921 5189">
    <p class='ocr_par' dir='ltr' id='par_1_98' title="bbox 308 5107 1921 5189">
     <span class='ocr_line' id='line_1_98' title="bbox 308 5107 1921 5189; baseline -0.027 -6"><span class='ocrx_word' id='word_1_734' title='bbox 308 5119 395 5181; x_wconf 80' lang='grc' dir='ltr'><strong>τίς</strong></span> <span class='ocrx_word' id='word_1_735' title='bbox 431 5119 467 5189; x_wconf 79' lang='grc' dir='ltr'><strong>ἡ</strong></span> <span class='ocrx_word' id='word_1_736' title='bbox 499 5114 643 5186; x_wconf 79' lang='grc' dir='ltr'>ζωὴ.</span> <span class='ocrx_word' id='word_1_737' title='bbox 675 5109 744 5186; x_wconf 83' lang='grc' dir='ltr'>ἦς</span> <span class='ocrx_word' id='word_1_738' title='bbox 776 5112 868 5165; x_wconf 69' lang='grc' dir='ltr'><strong>τὸν</strong></span> <span class='ocrx_word' id='word_1_739' title='bbox 897 5111 1057 5181; x_wconf 88' lang='grc' dir='ltr'>λόγον</span> <span class='ocrx_word' id='word_1_740' title='bbox 1085 5111 1375 5182; x_wconf 70' lang='grc' dir='ltr'>ὶπέχοντες</span> <span class='ocrx_word' id='word_1_741' title='bbox 1395 5107 1764 5182; x_wconf 69' lang='grc' dir='ltr'>ἐχρημάτιζον</span> <span class='ocrx_word' id='word_1_742' title='bbox 1785 5109 1921 5178; x_wconf 55' lang='grc' dir='ltr'><strong>φῶς,</strong></span> 
     </span>
    </p>
   </div>
   <div class='ocr_carea' id='block_1_99' title="bbox 304 5200 1925 5282">
    <p class='ocr_par' dir='ltr' id='par_1_99' title="bbox 304 5200 1925 5282">
     <span class='ocr_line' id='line_1_99' title="bbox 304 5200 1925 5282; baseline -0.006 -20"><span class='ocrx_word' id='word_1_743' title='bbox 304 5212 339 5282; x_wconf 73' lang='grc' dir='ltr'>ἢ</span> <span class='ocrx_word' id='word_1_744' title='bbox 367 5211 602 5272; x_wconf 87' lang='grc' dir='ltr'>πάντως</span> <span class='ocrx_word' id='word_1_745' title='bbox 632 5206 798 5270; x_wconf 85' lang='grc' dir='ltr'>αὑτὸς</span> <span class='ocrx_word' id='word_1_746' title='bbox 824 5206 852 5258; x_wconf 89' lang='lat'><strong>6</strong></span> <span class='ocrx_word' id='word_1_747' title='bbox 877 5204 1212 5276; x_wconf 75' lang='grc' dir='ltr'>Μονογενὴς,</span> <span class='ocrx_word' id='word_1_748' title='bbox 1243 5205 1271 5256; x_wconf 87' lang='lat'><strong>6</strong></span> <span class='ocrx_word' id='word_1_749' title='bbox 1304 5203 1497 5273; x_wconf 81' lang='grc' dir='ltr'>λέγων·</span> <span class='ocrx_word' id='word_1_750' title='bbox 1539 5222 1556 5254; x_wconf 80' lang='grc' dir='ltr'><strong>ι</strong></span> <span class='ocrx_word' id='word_1_751' title='bbox 1579 5200 1724 5274; x_wconf 85' lang='grc' dir='ltr'>Ἐγὼ</span> <span class='ocrx_word' id='word_1_752' title='bbox 1751 5203 1866 5272; x_wconf 79' lang='grc' dir='ltr'>εἰμι</span> <span class='ocrx_word' id='word_1_753' title='bbox 1892 5205 1925 5274; x_wconf 85' lang='grc' dir='ltr'><strong>ἡ</strong></span> 
     </span>
    </p>
   </div>
   <div class='ocr_carea' id='block_1_100' title="bbox 2031 4645 3623 4718">
    <p class='ocr_par' dir='ltr' id='par_1_100' title="bbox 2031 4645 3623 4718">
     <span class='ocr_line' id='line_1_100' title="bbox 2031 4645 3623 4718; baseline -0.001 -12"><span class='ocrx_word' id='word_1_754' title='bbox 2031 4650 2237 4707; x_wconf 90' lang='lat' dir='ltr'><strong>mundo</strong></span> <span class='ocrx_word' id='word_1_755' title='bbox 2257 4653 2382 4707; x_wconf 63' lang='lat' dir='ltr'><strong>vitae</strong></span> <span class='ocrx_word' id='word_1_756' title='bbox 2403 4665 2716 4706; x_wconf 87' lang='lat' dir='ltr'><strong>sermonem</strong></span> <span class='ocrx_word' id='word_1_757' title='bbox 2743 4649 3072 4706; x_wconf 90' lang='lat' dir='ltr'><strong>retinentes.</strong></span> <span class='ocrx_word' id='word_1_758' title='bbox 3097 4645 3222 4703; x_wconf 83' lang='lat' dir='ltr'><strong>Vita</strong></span> <span class='ocrx_word' id='word_1_759' title='bbox 3251 4655 3437 4703; x_wconf 92' lang='lat' dir='ltr'><strong>autem</strong></span> <span class='ocrx_word' id='word_1_760' title='bbox 3461 4647 3623 4718; x_wconf 87' lang='lat' dir='ltr'><strong>cujus</strong></span> 
     </span>
    </p>
   </div>
   <div class='ocr_carea' id='block_1_101' title="bbox 2031 4741 3622 4811">
    <p class='ocr_par' dir='ltr' id='par_1_101' title="bbox 2031 4741 3622 4811">
     <span class='ocr_line' id='line_1_101' title="bbox 2031 4741 3622 4811; baseline -0.002 -13"><span class='ocrx_word' id='word_1_761' title='bbox 2031 4745 2089 4798; x_wconf 93' lang='lat' dir='ltr'><strong>in</strong></span> <span class='ocrx_word' id='word_1_762' title='bbox 2144 4759 2204 4800; x_wconf 89' lang='lat' dir='ltr'><strong>se</strong></span> <span class='ocrx_word' id='word_1_763' title='bbox 2236 4743 2500 4799; x_wconf 89' lang='lat' dir='ltr'><strong>dicuntur</strong></span> <span class='ocrx_word' id='word_1_764' title='bbox 2559 4741 2765 4798; x_wconf 88' lang='lat' dir='ltr'><strong>habere</strong></span> <span class='ocrx_word' id='word_1_765' title='bbox 2820 4757 3160 4808; x_wconf 90' lang='lat' dir='ltr'><strong>sermonem,</strong></span> <span class='ocrx_word' id='word_1_766' title='bbox 3209 4755 3466 4811; x_wconf 73' lang='lat' dir='ltr'><strong>quaenam</strong></span> <span class='ocrx_word' id='word_1_767' title='bbox 3514 4741 3622 4795; x_wconf 85' lang='lat' dir='ltr'><strong>alia</strong></span> 
     </span>
    </p>
   </div>
   <div class='ocr_carea' id='block_1_102' title="bbox 2029 4831 3624 4908">
    <p class='ocr_par' dir='ltr' id='par_1_102' title="bbox 2029 4831 3624 4908">
     <span class='ocr_line' id='line_1_102' title="bbox 2029 4831 3624 4908; baseline -0.004 -14"><span class='ocrx_word' id='word_1_768' title='bbox 2029 4852 2158 4894; x_wconf 88' lang='lat' dir='ltr'><strong>esse</strong></span> <span class='ocrx_word' id='word_1_769' title='bbox 2189 4845 2396 4908; x_wconf 86' lang='lat' dir='ltr'><strong>potest,</strong></span> <span class='ocrx_word' id='word_1_770' title='bbox 2421 4850 2586 4907; x_wconf 84' lang='lat' dir='ltr'><strong>quam</strong></span> <span class='ocrx_word' id='word_1_771' title='bbox 2614 4832 2945 4905; x_wconf 84' lang='lat' dir='ltr'><strong>Unigenitus</strong></span> <span class='ocrx_word' id='word_1_772' title='bbox 2976 4841 3127 4889; x_wconf 87' lang='lat' dir='ltr'><strong>certe</strong></span> <span class='ocrx_word' id='word_1_773' title='bbox 3160 4833 3302 4904; x_wconf 88' lang='lat' dir='ltr'><strong>ipse,</strong></span> <span class='ocrx_word' id='word_1_774' title='bbox 3336 4833 3430 4903; x_wconf 88' lang='lat' dir='ltr'><strong>qui</strong></span> <span class='ocrx_word' id='word_1_775' title='bbox 3465 4831 3534 4888; x_wconf 89' lang='lat' dir='ltr'><strong>de</strong></span> <span class='ocrx_word' id='word_1_776' title='bbox 3561 4847 3624 4888; x_wconf 90' lang='lat' dir='ltr'><strong>se</strong></span> 
     </span>
    </p>
   </div>
   <div class='ocr_carea' id='block_1_103' title="bbox 2031 4923 3624 5000">
    <p class='ocr_par' dir='ltr' id='par_1_103' title="bbox 2031 4923 3624 5000">
     <span class='ocr_line' id='line_1_103' title="bbox 2031 4923 3624 5000; baseline -0.003 -17"><span class='ocrx_word' id='word_1_777' title='bbox 2031 4929 2130 4993; x_wconf 87' lang='lat' dir='ltr'><strong>ait,</strong></span> <span class='ocrx_word' id='word_1_778' title='bbox 2168 4947 2188 4980; x_wconf 76' lang='grc' dir='ltr'><strong>ι</strong></span> <span class='ocrx_word' id='word_1_779' title='bbox 2220 4928 2334 5000; x_wconf 87' lang='lat' dir='ltr'><strong>Ego</strong></span> <span class='ocrx_word' id='word_1_780' title='bbox 2371 4943 2491 4982; x_wconf 89' lang='lat' dir='ltr'><strong>sum</strong></span> <span class='ocrx_word' id='word_1_781' title='bbox 2540 4928 2652 4982; x_wconf 86' lang='lat' dir='ltr'><strong>vita</strong></span> <span class='ocrx_word' id='word_1_782' title='bbox 2697 4925 2784 4978; x_wconf 70' lang='grc'><strong>³⁷2</strong></span> <span class='ocrx_word' id='word_1_783' title='bbox 2833 4945 2854 4977; x_wconf 84' lang='grc'><strong>›</strong></span> <span class='ocrx_word' id='word_1_784' title='bbox 2896 4924 3069 4997; x_wconf 90' lang='lat' dir='ltr'><strong>Igitur</strong></span> <span class='ocrx_word' id='word_1_785' title='bbox 3124 4939 3234 4980; x_wconf 90' lang='lat' dir='ltr'><strong>una</strong></span> <span class='ocrx_word' id='word_1_786' title='bbox 3272 4923 3496 4996; x_wconf 87' lang='lat' dir='ltr'><strong>quidem</strong></span> <span class='ocrx_word' id='word_1_787' title='bbox 3537 4931 3624 4982; x_wconf 88' lang='lat' dir='ltr'><strong>est</strong></span> 
     </span>
    </p>
   </div>
   <div class='ocr_carea' id='block_1_104' title="bbox 2012 5019 3622 5094">
    <p class='ocr_par' dir='ltr' id='par_1_104' title="bbox 2012 5019 3622 5094">
     <span class='ocr_line' id='line_1_104' title="bbox 2012 5019 3622 5094; baseline -0.002 -16"><span class='ocrx_word' id='word_1_788' title='bbox 2012 5024 2227 5094; x_wconf 82' lang='lat' dir='ltr'><strong>reapse</strong></span> <span class='ocrx_word' id='word_1_789' title='bbox 2287 5039 2418 5079; x_wconf 85' lang='lat' dir='ltr'><strong>vera</strong></span> <span class='ocrx_word' id='word_1_790' title='bbox 2485 5021 2603 5086; x_wconf 79' lang='lat' dir='ltr'><strong>lux,</strong></span> <span class='ocrx_word' id='word_1_791' title='bbox 2674 5020 3015 5085; x_wconf 89' lang='lat' dir='ltr'><strong>illuminans,</strong></span> <span class='ocrx_word' id='word_1_792' title='bbox 3083 5035 3194 5076; x_wconf 91' lang='lat' dir='ltr'><strong>non</strong></span> <span class='ocrx_word' id='word_1_793' title='bbox 3253 5019 3622 5077; x_wconf 84' lang='lat' dir='ltr'><strong>illuminata:</strong></span> 
     </span>
    </p>
   </div>
   <div class='ocr_carea' id='block_1_105' title="bbox 2035 5109 3622 5184">
    <p class='ocr_par' dir='ltr' id='par_1_105' title="bbox 2035 5109 3622 5184">
     <span class='ocr_line' id='line_1_105' title="bbox 2035 5109 3622 5184; baseline -0.002 -17"><span class='ocrx_word' id='word_1_794' title='bbox 2035 5112 2200 5168; x_wconf 92' lang='lat' dir='ltr'><strong>unius</strong></span> <span class='ocrx_word' id='word_1_795' title='bbox 2229 5121 2412 5168; x_wconf 87' lang='lat' dir='ltr'><strong>autem</strong></span> <span class='ocrx_word' id='word_1_796' title='bbox 2444 5111 2866 5184; x_wconf 89' lang='lat' dir='ltr'><strong>participatione</strong></span> <span class='ocrx_word' id='word_1_797' title='bbox 2881 5109 3150 5183; x_wconf 87' lang='lat' dir='ltr'><strong>quidquid</strong></span> <span class='ocrx_word' id='word_1_798' title='bbox 3179 5110 3274 5167; x_wconf 81' lang='lat' dir='ltr'><strong>lux</strong></span> <span class='ocrx_word' id='word_1_799' title='bbox 3292 5109 3622 5180; x_wconf 75' lang='lat' dir='ltr'><strong>dicitUr,qu</strong></span> 
     </span>
    </p>
   </div>
   <div class='ocr_carea' id='block_1_106' title="bbox 2039 5203 3250 5276">
    <p class='ocr_par' dir='ltr' id='par_1_106' title="bbox 2039 5203 3250 5276">
     <span class='ocr_line' id='line_1_106' title="bbox 2039 5203 3250 5276; baseline 0.002 -18"><span class='ocrx_word' id='word_1_800' title='bbox 2039 5220 2137 5276; x_wconf 85' lang='lat' dir='ltr'><strong>per</strong></span> <span class='ocrx_word' id='word_1_801' title='bbox 2167 5204 2531 5260; x_wconf 87' lang='lat' dir='ltr'><strong>imitation’cm</strong></span> <span class='ocrx_word' id='word_1_802' title='bbox 2563 5203 2712 5262; x_wconf 91' lang='lat' dir='ltr'><strong>illius</strong></span> <span class='ocrx_word' id='word_1_803' title='bbox 2751 5222 2876 5264; x_wconf 90' lang='lat' dir='ltr'><strong>esse</strong></span> <span class='ocrx_word' id='word_1_804' title='bbox 2909 5205 3250 5262; x_wconf 88' lang='lat' dir='ltr'><strong>censebitur.</strong></span> 
     </span>
    </p>
   </div>
   <div class='ocr_carea' id='block_1_107' title="bbox 304 5295 3621 5373">
    <p class='ocr_par' dir='ltr' id='par_1_107' title="bbox 304 5295 3621 5373">
     <span class='ocr_line' id='line_1_107' title="bbox 304 5295 3621 5373; baseline -0.002 -16"><span class='ocrx_word' id='word_1_805' title='bbox 304 5303 429 5372; x_wconf 77' lang='grc' dir='ltr'><strong>ζωή</strong></span> <span class='ocrx_word' id='word_1_806' title='bbox 462 5319 476 5368; x_wconf 87' lang='grc'><strong>;</strong></span> <span class='ocrx_word' id='word_1_807' title='bbox 526 5319 548 5353; x_wconf 81' lang='grc'><strong><em>›</em></strong></span> <span class='ocrx_word' id='word_1_808' title='bbox 581 5299 816 5362; x_wconf 78' lang='grc' dir='ltr'>Οὐκοῦν,</span> <span class='ocrx_word' id='word_1_809' title='bbox 850 5297 910 5352; x_wconf 82' lang='grc' dir='ltr'><strong>’ἐν</strong></span> <span class='ocrx_word' id='word_1_810' title='bbox 940 5299 1038 5370; x_wconf 75' lang='grc' dir='ltr'>μὲν</span> <span class='ocrx_word' id='word_1_811' title='bbox 1063 5297 1232 5360; x_wconf 78' lang='grc' dir='ltr'>ὅντως</span> <span class='ocrx_word' id='word_1_812' title='bbox 1253 5297 1370 5350; x_wconf 75' lang='grc' dir='ltr'>ἐστὶ</span> <span class='ocrx_word' id='word_1_813' title='bbox 1398 5295 1459 5349; x_wconf 80' lang='grc' dir='ltr'>τὸ</span> <span class='ocrx_word' id='word_1_814' title='bbox 1494 5295 1636 5350; x_wconf 88' lang='grc' dir='ltr'><strong>κατά</strong></span> <span class='ocrx_word' id='word_1_815' title='bbox 1662 5295 1922 5368; x_wconf 84' lang='grc' dir='ltr'>ἀλήθειαν</span> <span class='ocrx_word' id='word_1_816' title='bbox 1960 5297 2097 5368; x_wconf 78' lang='grc' dir='ltr'>φῶς,</span> <span class='ocrx_word' id='word_1_817' title='bbox 2118 5297 2373 5369; x_wconf 76' lang='grc' dir='ltr'>φωτίζον,</span> <span class='ocrx_word' id='word_1_818' title='bbox 2397 5299 2458 5352; x_wconf 81' lang='grc' dir='ltr'><strong>ού</strong></span> <span class='ocrx_word' id='word_1_819' title='bbox 2483 5299 2871 5372; x_wconf 77' lang='grc' dir='ltr'>φωτιζόμενον·</span> <span class='ocrx_word' id='word_1_820' title='bbox 2911 5302 2975 5373; x_wconf 78' lang='grc' dir='ltr'><strong>τῇ</strong></span> <span class='ocrx_word' id='word_1_821' title='bbox 3016 5299 3072 5354; x_wconf 75' lang='grc' dir='ltr'>δὲ</span> <span class='ocrx_word' id='word_1_822' title='bbox 3099 5296 3197 5354; x_wconf 79' lang='grc' dir='ltr'>τοῦ</span> <span class='ocrx_word' id='word_1_823' title='bbox 3236 5298 3354 5366; x_wconf 81' lang='grc' dir='ltr'>ἑνός</span> <span class='ocrx_word' id='word_1_824' title='bbox 3395 5299 3621 5371; x_wconf 69' lang='grc' dir='ltr'>μετοχῇ,</span> 
     </span>
    </p>
   </div>
   <div class='ocr_carea' id='block_1_108' title="bbox 305 5388 2503 5464">
    <p class='ocr_par' dir='ltr' id='par_1_108' title="bbox 305 5388 2503 5464">
     <span class='ocr_line' id='line_1_108' title="bbox 305 5388 2503 5464; baseline -0.002 -12"><span class='ocrx_word' id='word_1_825' title='bbox 305 5403 426 5458; x_wconf 69' lang='grc' dir='ltr'><strong>πᾶν</strong></span> <span class='ocrx_word' id='word_1_826' title='bbox 489 5394 598 5449; x_wconf 74' lang='grc' dir='ltr'>εἴτι</span> <span class='ocrx_word' id='word_1_827' title='bbox 650 5393 876 5464; x_wconf 79' lang='grc' dir='ltr'>λέγεται</span> <span class='ocrx_word' id='word_1_828' title='bbox 909 5391 1046 5463; x_wconf 77' lang='grc' dir='ltr'>φῶς,</span> <span class='ocrx_word' id='word_1_829' title='bbox 1102 5390 1243 5446; x_wconf 86' lang='grc' dir='ltr'>κατὰ</span> <span class='ocrx_word' id='word_1_830' title='bbox 1273 5389 1506 5463; x_wconf 87' lang='grc' dir='ltr'>μίμησιν</span> <span class='ocrx_word' id='word_1_831' title='bbox 1539 5388 1639 5462; x_wconf 75' lang='grc' dir='ltr'>τὴν</span> <span class='ocrx_word' id='word_1_832' title='bbox 1673 5390 1750 5454; x_wconf 82' lang='grc' dir='ltr'><strong>ὡς</strong></span> <span class='ocrx_word' id='word_1_833' title='bbox 1781 5390 1920 5462; x_wconf 82' lang='grc' dir='ltr'>πρὸς</span> <span class='ocrx_word' id='word_1_834' title='bbox 1957 5393 2134 5447; x_wconf 83' lang='grc' dir='ltr'>ἐκεῖνο</span> <span class='ocrx_word' id='word_1_835' title='bbox 2160 5391 2503 5464; x_wconf 79' lang='grc' dir='ltr'>νοηθήσεται.</span> 
     </span>
    </p>
   </div>
   <div class='ocr_carea' id='block_1_109' title="bbox 384 5557 1919 5645">
    <p class='ocr_par' dir='ltr' id='par_1_109' title="bbox 384 5557 1914 5645">
     <span class='ocr_line' id='line_1_109' title="bbox 384 5557 1914 5645; baseline -0.001 -28"><span class='ocrx_word' id='word_1_836' title='bbox 384 5561 433 5597; x_wconf 74' lang='grc'><strong>’⁸</strong></span> <span class='ocrx_word' id='word_1_837' title='bbox 472 5560 673 5619; x_wconf 79' lang='lat' dir='ltr'><strong>Matth.</strong></span> <span class='ocrx_word' id='word_1_838' title='bbox 705 5577 762 5630; x_wconf 77' lang='grc' dir='ltr'><strong>ν,</strong></span> <span class='ocrx_word' id='word_1_839' title='bbox 796 5561 884 5618; x_wconf 68' lang='grc'><strong>14.</strong></span> <span class='ocrx_word' id='word_1_840' title='bbox 965 5560 1013 5594; x_wconf 82' lang='grc'><strong>³⁸</strong></span> <span class='ocrx_word' id='word_1_841' title='bbox 1049 5559 1194 5619; x_wconf 86' lang='lat' dir='ltr'><strong>Psal.</strong></span> <span class='ocrx_word' id='word_1_842' title='bbox 1231 5576 1396 5619; x_wconf 70' lang='lat' dir='ltr'><strong>cum</strong></span> <span class='ocrx_word' id='word_1_843' title='bbox 1426 5599 1440 5628; x_wconf 92' lang='lat'><strong>,</strong></span> <span class='ocrx_word' id='word_1_844' title='bbox 1477 5560 1564 5645; x_wconf 68' lang='lat' dir='ltr'><strong>I7.</strong></span> <span class='ocrx_word' id='word_1_845' title='bbox 1649 5559 1710 5592; x_wconf 79' lang='grc'><strong>³⁸</strong></span> <span class='ocrx_word' id='word_1_846' title='bbox 1747 5557 1914 5615; x_wconf 84' lang='lat' dir='ltr'><strong>Joan.</strong></span> 
     </span>
    </p>
   </div>
   <div class='ocr_carea' id='block_1_110' title="bbox 2019 5557 2684 5645">
    <p class='ocr_par' dir='ltr' id='par_1_110' title="bbox 2030 5557 2684 5624">
     <span class='ocr_line' id='line_1_110' title="bbox 2030 5557 2684 5624; baseline -0.003 -11"><span class='ocrx_word' id='word_1_847' title='bbox 2030 5557 2121 5614; x_wconf 80' lang='lat'><strong>55.</strong></span> <span class='ocrx_word' id='word_1_848' title='bbox 2203 5559 2244 5590; x_wconf 85' lang='grc'><strong>³⁷</strong></span> <span class='ocrx_word' id='word_1_849' title='bbox 2293 5557 2456 5613; x_wconf 83' lang='lat' dir='ltr'><strong>Joan.</strong></span> <span class='ocrx_word' id='word_1_850' title='bbox 2490 5573 2602 5624; x_wconf 61' lang='grc' dir='ltr'>τιν,</span> <span class='ocrx_word' id='word_1_851' title='bbox 2630 5557 2684 5612; x_wconf 83' lang='grc'><strong>6.</strong></span> 
     </span>
    </p>
   </div>
   <div class='ocr_carea' id='block_1_111' title="bbox 1963 5775 2029 5800">
    <p class='ocr_par' dir='ltr' id='par_1_111' title="bbox 1963 5775 2029 5800">
     <span class='ocr_line' id='line_1_111' title="bbox 1963 5775 2029 5800; baseline 0 -11"><span class='ocrx_word' id='word_1_852' title='bbox 1963 5775 2029 5800; x_wconf 46' lang='lat' dir='ltr'><strong><em>q</em></strong></span> 
     </span>
    </p>
   </div>
  </div>
