4156 6484
603 387 702 446 IH

1223 491 1378 548 CAP.
1417 487 1560 542 VIII.

601 612 757 682 Quod
804 609 948 665 solus
998 607 1108 682 Dei
1141 603 1314 682 ilius
1363 603 1432 657 sit
1460 617 1595 682 _vera
1647 602 1762 666 lux,
1787 608 2032 653 creatura
2076 613 2179 652 non

740 683 886 745 item,
913 695 1036 732 lcum
1061 678 1130 732 sit
1160 675 1294 730 lucis
1330 673 1611 742 particeps,
1640 679 1817 740 utpote
1839 678 2036 723 creata.

665 855 710 921 I,
742 854 796 911 9.
830 853 965 908 Erat
991 853 1085 907 tua:
1115 867 1256 908 vera.

668 947 902 1002 Dirinus
946 944 1287 1016 evangelista
1326 940 1416 996 hic
1454 937 1666 994 utiliter
1720 940 1984 991 retractat
2031 933 2179 1005 quod

601 1045 768 1092 antea
816 1035 1030 1090 dictum
1081 1040 1188 1090 est.
1221 1032 1382 1088 Ciare
1417 1027 1710 1100 distinguit
1741 1041 1927 1082 veram
1972 1025 2176 1090 lucem,

601 1130 706 1184 hoc
738 1135 826 1183 est
863 1123 1352 1197 Unigenitum,-ab
1401 1122 1470 1178 iis
1496 1136 1619 1192 qua:
1647 1134 1756 1174 non
1816 1124 1946 1175 sunt
1985 1118 2178 1173 istius-

598 1221 770 1288 modi,
795 1220 1058 1275 nimirum
1099 1213 1713 1283 crea~turis..Distinguit
1741 1220 1926 1282 aperte
1953 1211 2005 1266 id
2031 1209 2177 1279 quod

599 1321 687 1368 est
723 1320 924 1367 natura
973 1310 1043 1366 ab
1073 1325 1140 1365 eo
1191 1307 1337 1379 quod
1371 1321 1468 1378 per
1515 1305 1750 1376 gratiam
1787 1308 1811 1356 :'
1828 1302 1972 1372 quod
2009 1301 2180 1370 parti-

600 1405 817 1475 cipatur
845 1402 953 1474 65
987 1402 1056 1457 ab
1101 1415 1167 1456 eo
1200 1399 1349 1471 quod
1381 1397 1678 1469 participat
1709 1413 1721 1449 :
1751 1392 1900 1464 quod
1935 1393 2180 1462 seipsum

602 1495 980 1568 indigentibus
1057 1493 1331 1564 largitur,
1400 1489 1472 1544 ab
1536 1487 1607 1545 iis
1694 1486 1896 1556 quibus
1959 1483 2181 1554 largitio

602 1588 686 1644 ﬁt.
732 1586 898 1653 ,ρυοά
949 1584 998 1642 si
1060 1585 1155 1639 lux
1229 1597 1360 1638 vera
1415 1587 1500 1636 est
1549 1577 1782 1643 Filius,
1826 1576 1980 1631 nulla
2050 1588 2181 1645 ergo

601 1689 800 1750 praeter
843 1677 1027 1748 ipsum
1079 1683 1164 1732 est
1207 1688 1335 1730 vera
1402 1673 1493 1728 lux
1551 1691 1564 1726 :
1615 1684 1799 1741 neque
1856 1667 2063 1722 habent
2114 1680 2181 1720 ex

601 1788 661 1829 se
697 1778 966 1827 creatura:
995 1776 1054 1823 ut
1081 1766 1294 1838 possint
1325 1779 1450 1820 esse
1475 1773 1529 1818 et
1567 1762 1759 1817 vocari
1789 1761 1905 1824 lux,
1942 1759 2036 1813 sed
2081 1771 2182 1812 nec

1637 376 1695 430 S.
1732 371 2012 430 CYRILLI
2054 371 2523 429 ALEXANDRINI
2564 371 2859 428 ABCIIIEP

3757 368 3865 426 ΗΞ

2887 485 3110 539 ΚΕΦΔΛ
3124 528 3136 538 .
3173 485 3254 538 II'.

2284 597 2412 652 1Ὀλινι
2429 600 2615 668 μόνος
2645 601 2678 653 ό
2715 598 2846 662 Υἱὸς
2875 597 2982 651 τοῦ
3011 597 3158 651 Θεοῦ
3189 595 3313 666 φῶς
3341 595 3508 668 ἐστιν
3532 593 3860 668 ἀληθινὸν,

2351 661 2514 807 1133:
2556 661 2756 808 ῗτίσις
2811 661 3029 733 οὐκέτι,
3073 661 3267 737 φωέὸς
3299 661 3457 720 οὖσα
3469 665 3750 734 μέτοχος,
3780 664 3864 730 ὡς

2351 757 2391 807 τ
2503 755 2556 792 τι
2583 780 2596 792 .

2351 753 2497 807 γένη
2503 753 2573 807 τη
2583 780 2596 792 .

2351 845 2463 905 Ἦν
2484 850 2550 904 τὸ
2581 849 2707 920 φῶς
2738 851 2805 904 τὸ
2837 849 3151 917 ἀληθινόν.

2366 942 2823 1012 Ἐπεξεργάζεται
2884 941 3049 996 πάλιν
3094 939 3377 1013 χρησίμως
3406 939 3468 992 τὸ
3517 937 3804 1010 εἰρημένον
3835 937 3865 988 6

2282 1033 2566 1098 θεσπέσιος
2597 1034 3008 1104 εὐαγγελιστής.
3036 1031 3393 1103 Ἀποδιορίζει
3424 1031 3609 1101 σαφῶς
3639 1030 3698 1082 τὸ
3722 1030 3867 1082 κατά

2281 1126 2536 1198 ἀλήθειαν
2553 1127 2686 1196 φῶς,
2720 1127 2861 1180 τοῦτ’
2896 1126 3030 1191 ἔστι,
3051 1125 3140 1179 τὸν
3165 1125 3442 1194 Μονογενῆ
3466 1122 3572 1176 τῶν
3598 1121 3671 1192 μὴ
3691 1119 3866 1184 οὕτως

2282 1218 2536 1289 ἐχόντων,
2567 1217 2710 1271 τοῦτ’
2727 1217 2864 1280 ἔστι,
2890 1216 2998 1270 τῶν
3014 1216 3258 1287 γενητῶν
3276 1233 3290 1247 θ
3313 1214 3686 1284 άποδιίστησιν
3701 1214 3858 1282 evap-

2281 1311 2394 1380 γῶς
2411 1312 2472 1365 τὸ
2487 1309 2763 1381 φύσειτῶν
2775 1311 2917 1363 κατά
2935 1309 3115 1381 χάριν,
3134 1309 3243 1362 τῶν
3260 1309 3317 1360 ἐν
3334 1305 3545 1378 μεθέξει
3562 1304 3622 1357 τὸ
3642 1303 3868 1374 μετεχό-

2286 1424 2465 1478 μενον,
2493 1405 2601 1459 τῶν
2635 1407 2691 1458 ἐν
2714 1405 2946 1475 χορηγίᾳ
2996 1405 3057 1458 τὸ
3084 1405 3196 1467 τοῖς
3225 1401 3499 1472 δεομένοις
3519 1399 3679 1452 ἑαυτὸ
3695 1414 3866 1469 χορη-
3884 1393 3896 1398 ”

2282 1497 2432 1567 γοῦν.
2448 1497 2557 1550 Kal
2574 1498 2622 1549 εί
2639 1495 2752 1565 φῶς
2777 1497 2921 1548 ἐστιν
2943 1495 3230 1566 ἀληθινδνό
3245 1493 3394 1557 Υἱὸς,
3420 1491 3572 1544 οὐδὲν
3592 1491 3699 1561 ἄρα
3733 1487 3866 1559 παρ’

2282 1590 2445 1644 αὑτὸν
2471 1589 2592 1644 κατ’
2620 1588 2876 1660 ἀλήθειαν
2910 1589 3046 1656 φῶς,
3088 1586 3208 1640 οὐδὲ
3249 1585 3460 1639 οῐκοθεν
3491 1583 3602 1654 ἔχει
3639 1582 3866 1651 δυνάμει

2286 1683 2348 1737 τὸ
2403 1679 2542 1737 εἶναι
2595 1682 2688 1736 καὶ
2712 1680 2992 1735 καλεῖσθαι
3036 1678 3179 1749 φῶς·
3221 1678 3336 1731 ἀλλ’
3365 1677 3487 1730 οὐδὲ
3522 1676 3738 1744 φύσεως
3769 1673 3868 1742 τῆς

2286 1775 2420 1839 ἰδίας
2438 1774 2662 1828 ἐκδώσει
2679 1772 2890 1842 καρπὸν
2903 1770 2970 1824 τὰ
2991 1769 3190 1840 γενητὰ
3207 1769 3298 1822 τὸν
3309 1767 3656 1838 δηλούμενον,
3679 1764 3870 1833 ὥσπερ

601 1880 670 1919 ex
696 1877 798 1918 sua
828 1869 1029 1916 natura
1059 1857 1300 1912 fructum
1333 1855 1562 1925 luminis
1593 1866 1834 1924 unquam
1863 1850 2137 1907 ediderint
2167 1868 2181 1905 :

2294 1868 2342 1922 δὲ
2370 1865 2430 1931 ἐξ
2464 1867 2564 1918 οὐκ
2597 1865 2764 1918 ὅντων
2790 1863 2958 1924 ἐστὶν,
2990 1860 3159 1924 οὓτως
3192 1861 3257 1914 ἐκ
3299 1859 3392 1912 τοῦ
3426 1858 3502 1928 μὴ
3542 1851 3682 1910 εἶναι
3726 1853 3869 1923 φῶς,

602 1955 702 2012 sed
746 1950 1214 2025 quemadmodum
1267 1955 1400 2004 sunt
1438 1961 1506 2002 ex
1544 1945 1742 2010 nihilo,
1774 1944 1857 2000 sic
1908 1958 2033 1999 cum
2071 1956 2184 1997 non

605 2047 866 2112 sint-lux,
886 2059 1012 2102 esse
1046 2042 1324 2116 incipiunt
1356 2044 1587 2109 accepto
1615 2037 1734 2093 veri
1767 2035 2060 2108 splendore
2099 2035 2183 2088 lu-

605 2139 794 2204 minis,
827 2146 900 2194 .et
932 2135 1375 2208 .participatione
1427 2130 1629 2186 divina:
1696 2137 1909 2185 natura:
1950 2127 2020 2183 ad
2064 2126 2184 2197 ejus

604 2231 972 2288 imitationem
1013 2228 1311 2289 illustrata,
1347 2223 1626 2294 simulque
1677 2223 1769 2277 lux
1825 2221 2084 2276 dicuntur
2129 2227 2184 2275 ot

606 2330 758 2378 sunt.
788 2321 857 2376 Et
896 2320 994 2377 Dei
1045 2317 1268 2392 quidem
1295 2315 1541 2373 Verbum
1593 2313 2034 2372 subslantialiter
2091 2311 2184 2366 lux

602 2420 713 2482 est,
743 2428 854 2469 non
879 2409 1306 2482 participatione
1335 2424 1432 2481 per
1460 2407 1722 2481 gratiam,
1754 2421 1936 2476 neque
1974 2403 2187 2460 adven-

606 2507 784 2570 titiam
809 2505 960 2562 illam
983 2505 1039 2560 in
1068 2518 1127 2560 se
1149 2502 1364 2559 habens
1387 2500 1714 2578 dignitatem
1739 2505 1834 2554 aut
1865 2496 2183 2562 ascititiam,

605 2607 671 2656 ut
711 2597 1091 2672 gratiam,sed
1129 2601 1346 2650 natura:
1392 2590 1752 2646 immutabilis
1797 2587 2037 2644 fructum
2086 2587 2188 2641 im-

608 2691 952 2754 mutabilem,
994 2696 1053 2744 et
1088 2686 1485 2742 inconcussum
1541 2681 1748 2737 bonum
1793 2694 1862 2736 ex
1911 2677 2074 2734 Patre
2117 2675 2187 2731 ad

611 2781 939 2841 substantiae
993 2778 1177 2835 Patris
1234 2777 1508 2833 heredem
1566 2772 1874 2845 pertinens.
1921 2769 2189 2826 Creatura

608 2889 742 2931 vero
771 2874 1093 2944 neutiquam
1133 2885 1199 2928 eo
1226 2869 1393 2926 modo
1435 2868 1531 2922 lux
1566 2867 1671 2921 erit
1695 2883 1709 2919 :
1737 2872 1796 2919 ut
1827 2879 1939 2918 non
1977 2861 2188 2918 habens

606 2966 832 3048 accipit,
877 2963 1229 3020 illuminatur
1290 2967 1352 3015 ut
1401 2957 1664 3020 tenebrae,
1733 2955 1963 3011 ascitam
2024 2953 2191 3008 habet

609 3045 863 3132 gratiam,
927 3071 996 3111 ex
1049 3050 1398 3109 humanitate
1459 3047 1771 3119 largientis,
1840 3045 2186 3116 dignitatem.

2285 1958 2378 2011 ἐπὶ
2406 1956 2466 2010 τὸ
2491 1951 2629 2010 εἶναι
2649 1954 2764 2024 φῶς
2785 1953 3136 2023 ἀναϐήσεται,
3154 1948 3250 2004 τοῦ
3282 1948 3462 2018 φωτὸς
3491 1946 3584 2000 τοῦ
3612 1944 3871 2014 ἀληθινοῦ

2285 2048 2555 2118 δεξάμενα
2582 2044 2680 2117 τὴν
2705 2044 2899 2115 αὐγὴν,
2928 2043 3022 2096 καὶ
3051 2043 3116 2112 τῇ
3143 2038 3354 2110 μεθέξει
3387 2037 3488 2108 τῆς
3518 2035 3670 2098 θείας
3699 2051 3874 2090 κατα·

2285 2137 2721 2210 λαμπρυνόμενα
2785 2133 3019 2204 φύσεως,
3069 2131 3206 2202 πρὸς
3244 2129 3342 2199 τὴν
3374 2126 3586 2194 ἐκείνης,
3613 2124 3873 2193 μίμησιν,

2287 2247 2392 2302 χρη
2403 2230 2584 2300 ματιεῖ
2606 2243 2665 2279 τε
2687 2224 2822 2296 ἅμα,
2841 2224 2936 2278 καὶ
2955 2221 3107 2275 ἔσται
3145 2219 3281 2290 φῶς.
3302 2217 3415 2272 Καὶ
3440 2218 3468 2269 ὁ
3503 2214 3602 2286 μὲν
3618 2211 3710 2266 τοῦ
3731 2211 3875 2265 Θεοῦ

2287 2323 2458 2390 Λόγος
2488 2318 2763 2382 οὐσιωδῶς
2792 2317 2910 2369 ἐστι
2934 2314 3067 2384 φῶς,
3097 2311 3159 2365 οὺ
3190 2308 3404 2382 μεθέξει
3440 2309 3508 2378 τῇ
3540 2303 3682 2360 κατά
3710 2303 3878 2375 χάριν

2251 2399 2446 2468 ’τοῦτο
2467 2411 2750 2481 ὑπάρχων,
2799 2407 2920 2460 οὐδὲ
2954 2401 3302 2475 συμϐεϐηκὸς
3333 2399 3472 2470 ἔχων
3503 2399 3561 2451 ἐν
3603 2394 3786 2464 ἑαυτῷ
3817 2393 3878 2448 τὸ

2288 2505 2528 2576 ἀξίωμα,
2557 2502 2671 2558 ἀλλ’
2689 2500 2812 2554 οὐδέ
2837 2498 3180 2558 ἐπείσακτον,
3203 2492 3279 2556 ὡς
3294 2492 3476 2562 χάριν,
3507 2487 3642 2542 ἀλλὰ
3657 2484 3878 2556 φύσεως

2289 2597 2706 2670 ἀπαραποιήτου
2761 2591 2972 2663 καρπὸν
3023 2589 3310 2660 ἄτρεπτον,
3365 2583 3460 2636 καὶ
3517 2577 3877 2635 ἀναλλοίωτον

2288 2667 2514 2758 ἀγαθὸν,
2542 2667 2607 2740 ἐκ
2637 2683 2854 2756 Πατρδς
2894 2681 3080 2752 διῆκον
3123 2679 3204 2741 είς
3235 2677 3327 2729 τὸν
3358 2675 3458 2742 τῆς
3487 2671 3678 2734 οὐσίας
3708 2667 3873 2758 αὑτοῦ

2290 2781 2647 2854 κληρονόμον.
2689 2779 2756 2831 Ἦ
2799 2776 2855 2830 δέ
2893 2773 3068 2837 κτίσις
3097 2771 3196 2842 οὐχ
3227 2768 3371 2822 οὕτω
3399 2765 3621 2837 φορέσει
3651 2763 3711 2816 τὸ
3738 2757 3878 2816 εἶναι

2291 2853 2408 2946 φῶς
2434 2890 2449 2905 ο
2481 2873 2557 2935 ὡς
2578 2870 2680 2924 οὐκ
2705 2868 2906 2939 ἔχουσα
2933 2862 3227 2936 λαμϐάνει,
3244 2859 3321 2923 ὡς
3351 2857 3539 2910 σκοτία
3559 2853 3878 2924 φωτίζεται,

2291 2941 2583 3036 ἐπίκτητον
2611 2962 2722 3032 ἔχει
2749 2958 2848 3030 τὴν
2886 2956 3067 3028 χάριν,
3101 2956 3166 3008 ἐκ
3205 2947 3615 3022 φιλανθρωπίας
3641 2945 3744 3013 τῆς
3782 2941 3880 2997 τοῦ

2286 3059 2543 3121 διδόντος,
2576 3055 2636 3107 τὸ
2659 3052 2894 3122 ἀξίωμα.
2931 3046 3139 3101 Οὐκοῦν
3179 3047 3208 3099 ὁ
3253 3044 3351 3115 μὲν
3378 3041 3494 3112 φῶς
3534 3037 3814 3110 ἀληθινὸν,
3847 3038 3883 3109 ἡ

608 3128 782 3224 Igitur
818 3146 957 3204 illud
1011 3145 1234 3216 quidem
1268 3150 1354 3200 est
1402 3142 1498 3197 lux
1549 3155 1700 3206 vera,
1740 3139 1857 3194 haec
1902 3152 2034 3194 vero
2078 3152 2188 3192 non

2294 3149 2350 3204 δέ
2375 3144 2583 3199 οὐκέτι.
2607 3140 2889 3208 Τοσαύτης
2913 3133 3205 3207 τοιγαροῦν
3240 3131 3444 3204 μεταξὺ
3481 3128 3741 3199 κειμένης
3764 3128 3887 3181 δια-

610 3246 763 3299 item.
802 3237 1043 3294 Tantum
1095 3250 1225 3305 ergo
1271 3232 1611 3290 discriminis
1661 3237 1716 3286 et
1749 3229 2024 3285 intervalli
2065 3242 2191 3282 cum

613 3335 686 3390 sit
715 3333 857 3389 inter
879 3336 1193 3386 creaturam
1221 3341 1286 3382 ac
1318 3325 1412 3381 Dei
1442 3323 1664 3388 Filium,
1690 3328 1964 3394 quantum
1994 3327 2194 3374 natura

613 3427 759 3481 inter
787 3422 1116 3485 se;distant,
1139 3419 1266 3491 quis
1307 3432 1422 3474 non
1455 3432 1553 3474 eos
1578 3416 1818 3472 delirare
1849 3414 1977 3484 jure
2007 3410 2199 3467 existi-

614 3524 747 3584 met,
766 3530 832 3572 ac
857 3527 1090 3586 prorsus
1117 3511 1384 3578 insanire,
1407 3510 1728 3582 quicunque
1745 3513 1994 3563 creatura
2015 3506 2197 3573 ipsum

613 3609 915 3675 θὶοιιιιι,·-οι
949 3607 1006 3662 in
1049 3613 1428 3662 creaturarum
1463 3602 1659 3658 ordine
1709 3597 1957 3656 universi
1995 3609 2195 3667 paren-

614 3711 724 3759 tem
760 3706 816 3758 et
857 3705 1143 3755 auctorem
1188 3695 1556 3762 constituunt,
1575 3707 1697 3748 non
1751 3686 2196 3744 animadverten-

611 3805 722 3860 tes,
751 3802 813 3848 ut
836 3807 984 3856 reor,
1013 3804 1126 3861 quo
1156 3795 1552 3860 prorupturum
1587 3786 1660 3841 sit
1681 3779 1980 3853 impietatis
2017 3777 2197 3834 audax

617 3884 754 3940 illud
801 3882 1044 3946 facinus,
1088 3880 1218 3936 dum
1268 3888 1325 3935 et
1370 3877 1504 3949 quid
1551 3875 1761 3936 dicant,
1793 3879 1848 3926 et
1883 3870 1951 3926 de
1994 3869 2196 3940 quibus

616 3973 1190 4032 alﬁrmentneseiunt
1224 3969 1519 4037 '7'.-Quod
1561 3965 1706 4022 enim
1755 3962 2070 4033 diligentius
2101 3973 2197 4016 ve—

615 4068 838 4123 ritatem
877 4065 1153 4121 dictorum
1206 4071 1523 4118 nostrorum
1569 4054 2028 4124 inquirentibus,
2080 4065 2199 4106 ma-

615 4158 882 4215 nifestum
919 4155 1166 4211 futurum
1212 4155 1286 4210 sit
1324 4152 1647 4209 nullatenus
1663 4142 2058 4218 Uuigenitum,
2094 4142 2203 4197 hoc

615 4257 706 4308 est
752 4251 932 4306 lucem
984 4263 1196 4312 veram,
1257 4251 1501 4302 creatum
1551 4247 1649 4296 aut
1694 4241 1939 4304 factum,
1995 4245 2094 4291 aut
2145 4235 2202 4289 in

619 4340 941 4397 universum
960 4335 1212 4406 ejusdem
1237 4343 1450 4390 natura;
1476 4345 1604 4387 cum
1626 4335 1882 4384 creatura
1908 4323 2199 4388 exsistere,

619 4431 807 4503 quivis
861 4429 1020 4484 nullo
1067 4427 1287 4499 negotio
1321 4423 1509 4480 videre
1541 4419 1786 4490 undique
1833 4416 2062 4488 poterit,
2107 4413 2204 4470 sed

2299 3241 2493 3311 φορᾶς,
2529 3237 2624 3291 καὶ
2655 3234 2801 3288 οὕτω
2853 3229 3065 3303 μακροῦ
3119 3224 3533 3297 διατειχίζοντος
3582 3220 3741 3287 λόγου
3785 3219 3886 3289 τῆς

2298 3310 2530 3392 κτίσεως
2561 3327 2654 3380 τὸν
2688 3325 2816 3378 Yle
2861 3321 2956 3376 τοῦ
2989 3319 3148 3384 Θεοῦ,
3182 3319 3306 3373 ὅσον
3342 3319 3422 3380 εἰς
3451 3313 3762 3383 ταυτότητα
3786 3310 3887 3380 φύ-

2299 3439 2458 3485 σεως,
2516 3417 2639 3482 πῶς
2701 3417 2801 3471 οὐκ
2847 3415 2911 3469 ἄν
2955 3431 3040 3476 τις
3070 3410 3165 3466 καὶ
3190 3409 3336 3481 μάλα
3372 3407 3596 3469 εἰκότως
3617 3403 3886 3459 ὑπολάϐοι

2299 3515 2676 3587 παραληρεῖν,,
2715 3509 2912 3582 μᾶλλον
2966 3507 3025 3561 δέ
3055 3507 3241 3576 πάσης
3268 3502 3372 3568 ἔξω
3397 3499 3658 3570 γενέσθαι
3687 3496 3887 3568 φρενὸς

2298 3606 2509 3676 ἀγαθῆς
2534 3605 2680 3669 τοὺς,
2708 3603 2932 3669 ὅσοιπερ
2949 3597 3013 3652 ἂν
3036 3595 3264 3667 γενητὸν
3286 3590 3425 3648 εἶναι
3445 3591 3676 3660 λέγωσιν
3696 3590 3884 3656 αὑτὸν,

2299 3699 2525 3761 καὶτοῖς
2549 3693 2939 3764 πεποιημένοις
2960 3689 3329 3743 συντάττωσιν
3346 3684 3709 3740 τδννὰπάντων
3730 3699 3889 3752 γενεο

2301 3788 2574 3861 σιουργδν,
2628 3786 2723 3856 οὐχ
2767 3783 3022 3855 ὁρῶντες,
3077 3779 3152 3843 ὥς
3181 3779 3246 3848 γέ
3309 3795 3397 3846 μοι
3433 3775 3700 3844 φαίνεται,
3748 3773 3890 3846 πρὸς

2299 3882 2432 3952 ὅσην
2455 3879 2636 3942 αὐτοῖς
2655 3875 2912 3931 ἀσέϐειαν
2939 3869 3380 3928 άποκινδυνεύσει
3405 3869 3465 3923 τὸ
3491 3868 3771 3937 τόλμημα,
3817 3865 3892 3937 μὴ

2300 3971 2480 4026 νοοῦσι
2514 3971 2652 4041 μήτε
2673 3969 2710 4023 ἀ
2737 3967 2980 4036 λέγουσι,
3009 3966 3146 4035 μήτε
3175 3962 3304 4033 περὶ⁴
3328 3961 3489 4015 τίνων
3511 3958 3891 4013 διαϐεϐαιοῦν-

2302 4081 2413 4118 ται.
2455 4062 2579 4114 Ὅτι
2605 4059 2715 4130 γὰρ
2740 4061 2852 4122 τοῖς
2885 4055 3275 4127 ἀκριϐέστερον
3316 4051 3628 4122 βασανίζειν
3667 4049 3892 4105 εἰωθόσι

2302 4156 2400 4225 τὴν
2426 4154 2483 4207 ἐν
2514 4154 2628 4215 τοῖς
2669 4148 3053 4222 προκειμένοις
3093 4145 3369 4216 ἀλήθειαν,
3421 4141 3716 4213 οὐδαμόθεν
3751 4143 3892 4212 ἡμῖν

2304 4247 2332 4298 ὁ
2350 4243 2686 4312 Μονογενὴς,
2710 4241 2854 4295 τοῦτ’
2885 4239 3020 4303 ἐστι,
3049 4237 3108 4289 τὸ
3119 4235 3235 4305 φῶς
3258 4234 3321 4287 τὺ
3349 4233 3619 4304 ἀληθινὸν,
3639 4233 3891 4301 γενητὸς,

2304 4338 2338 4408 ἢ
2375 4334 2763 4406 πεποιημένος,
2795 4333 2828 4403 ἢ
2859 4332 2954 4386 καὶ
2981 4331 3200 4399 ὃλωςτῇ
3231 4326 3405 4380 κτίσει
3439 4323 3693 4395 συμφυὴς
3720 4324 3897 4396 ὑπάρ-

2305 4444 2416 4499 χων
2433 4425 2575 4481 κατά
2599 4442 2651 4478 τι
2676 4424 2808 4493 γοῦν
2835 4419 3311 4490 ἀποδειχθήσεται,
3345 4415 3677 4499 πανταχόθεν
3702 4413 3804 4484 μὲν
3830 4414 3894 4468 ἄν

621 4538 690 4579 ex
740 4519 1100 4591 sequentibus
1151 4513 1496 4588 argumentis
1552 4525 1663 4567 non
1711 4509 1920 4572 minus,
1970 4520 2093 4576 quae
2138 4505 2191 4560 ac

2310 4534 2394 4580 τις
2422 4513 2654 4580 κατίδοι,
2679 4513 2774 4567 καὶ
2806 4511 2950 4581 μάλα
2975 4509 3192 4581 ῥᾳδίως,
3231 4507 3330 4577 οὺχ
3353 4503 3553 4575 ἥκιστὰ
3576 4504 3632 4556 δὲ
3655 4503 3741 4556 διὰ
3779 4504 3895 4556 τῶν

623 4612 946 4683 ampliorem
980 4625 1164 4667 rerum
1192 4606 1603 4680 propositarum
1633 4600 2058 4671 explicationem
2090 4597 2202 4652 col-

615 4704 878 4776 legimus.

616 4795 906 4860 Rationes,
938 4797 1043 4850 sive
1079 4793 1350 4848 rationum
1365 4785 1624 4851 collectio,
1691 4797 1757 4840 ex
1783 4782 1971 4851 quibus
1997 4780 2201 4835 discere

677 4868 818 4921 licet
850 4866 1023 4920 solum
1052 4861 1260 4919 Filium
1297 4861 1466 4914 lucem
1487 4872 1600 4910 esse
1641 4870 1849 4916 ueram,
1901 4862 2202 4906 creaturam

693 4954 804 4991 non
830 4938 980 5001 item,
1007 4949 1168 5005 neque
1198 4931 1396 4986 idcirco
1423 4925 1659 4996 eiusdem
1680 4940 1797 4978 cum
1825 4925 1938 4993 ipso
1972 4932 2200 4977 natura.

700 5027 758 5084 Si
786 5027 957 5084 Filius
991 5026 1123 5098 quia
1172 5019 1433 5093 splendor
1461 5017 1648 5088 gloria:
1677 5015 1770 5070 Dei
1818 5029 1882 5069 ac
1912 5013 2088 5068 Patris
2112 5027 2204 5068 cx-

627 5121 796 5188 sistit,
821 5119 1027 5174 idcirco
1055 5129 1180 5171 vera
1203 5112 1295 5166 lux
1317 5117 1420 5175 est,
1452 5123 1561 5164 non
1589 5107 1694 5163 erit
1722 5105 1966 5176 ejusdem
1995 5109 2208 5158 natura:

627 5227 754 5266 cum
787 5217 1064 5272 creatura,
1112 5219 1180 5260 ne
1209 5209 1467 5259 creatura
1524 5213 1747 5270 quoque
1799 5193 2055 5266 splendor
2087 5208 2208 5250 esse

629 5311 921 5358 censeatur
955 5297 1145 5370 gloriae
1183 5291 1457 5350 ac’Patris
1481 5331 1496 5357 ,
1528 5291 1583 5346 id
1611 5305 1734 5346 esse
1775 5289 1922 5360 potis
1968 5301 2066 5357 per
2108 5301 2208 5340 na-

631 5405 812 5451 turam
845 5388 994 5463 quod
1027 5395 1114 5444 est
1144 5385 1341 5441 Filius.

700 5573 812 5645 66
827 5564 1051 5624 ALIUD.
1072 5563 1130 5621 Si
1146 5563 1326 5621 omnis
1340 5571 1594 5619 creatura
1611 5573 1740 5616 vera
1761 5559 1856 5613 lux
1873 5570 1995 5613 esse
2010 5559 2209 5625 potest,

633 5643 797 5736 quam
833 5661 906 5717 ob
957 5671 1184 5715 causam
1215 5656 1362 5716 istud
1395 5656 1462 5713 de
1497 5653 1615 5713 solo
1639 5649 1782 5709 Filio
1835 5645 2075 5704 dicitur?
2103 5643 2212 5699 Ne-

697 5818 782 5853 ⁸⁷⁶
823 5815 1010 5876 l'I‘im.
1053 5834 1091 5884 ι,
1120 5819 1172 5876 7.

627 5990 660 6014 Χ

2310 4607 2504 4678 ἐφεξῆς
2524 4603 2979 4674 ὑποτεταγμένων
3009 4601 3248 4662 ἐννοιῶν,
3270 4597 3358 4651 διὰ
3391 4595 3487 4668 τὴν
3528 4598 3586 4649 ἐν
3617 4597 3728 4659 τοῖς
3759 4612 3898 4668 προ-

2311 4701 2582 4771 κειμένοις
2609 4695 2844 4786 θεωρίαν
2881 4691 3334 4786 συνειλεγμένωνζ

2313 4795 2580 4847 Ἔννοιαι
2607 4771 2738 4856 ἥτοὶ
2764 4779 3287 4859 agamagam
3310 4771 3399 4833 ὧν
3415 4776 3641 4859 fissam.
3659 4776 3897 4859 μαᾷεῗζ,

2380 4862 2470 4915 ὅτι
2517 4847 2707 4929 μόνῖος
2734 4857 2780 4929 ⁸ὀ
2829 4847 2984 4929 Υίός⁷
3009 4847 3149 4929 φῶς.
3175 4849 3352 4929 ἐστιν
3396 4847 3723 4929 ἀλέηθινᾴν·ζ
3739 4847 3778 4914 ἡ
3832 4847 3900 4900 δὲ

2381 4915 2577 4995 κτίσις
2607 4915 2824 4990 οὐκέτι,
2857 4915 3059 4988 διόπερ
3087 4915 3231 4974 οὐδὲ
3266 4916 3538 4988 ὁμοεθνὴς
3571 4915 3751 4981 αὐτῷ.

2383 5024 2445 5076 Ei
2494 5019 2834 5088 ἀπαύγασμα
2877 5015 2974 5086 τῆς
3021 5011 3179 5082 δόξης
3222 5010 3316 5064 τοῦ
3373 5009 3506 5062 Θεοῦ
3542 5009 3634 5061 καὶ
3684 5007 3901 5079 Πατρδς

2314 5115 2574 5186 ὑπάρχων
2602 5113 2630 5166 ὁ
2659 5109 2810 5175 Υἱὸς,
2843 5106 2958 5177 φῶς
3000 5103 3251 5176 ἀληθινὸν
3279 5102 3367 5156 διά
3392 5099 3550 5154 τοῦτό
3595 5101 3762 5166 ἐστιν,
3799 5100 3902 5152 οὐκ

2314 5209 2466 5262 ἔσται
2494 5207 2560 5277 τῇ
2599 5203 2776 5257 κτίσει
2821 5197 3086 5270 ὁμοφυὴς,
3119 5197 3205 5250 ἴνα
3248 5194 3324 5265 μὴ
3370 5192 3466 5246 καὶ
3498 5195 3531 5263 ἡ
3569 5190 3748 5264 κτίσις
3793 5191 3902 5244 ἀπ-

2315 5299 2572 5369 αύγασμα
2616 5296 2804 5367 νοῆται
2854 5291 2952 5362 τῆς
2997 5289 3158 5359 δόξης
3202 5287 3296 5340 τοῦ
3339 5284 3473 5339 Θεοῦ
3523 5285 3617 5337 καὶ
3662 5284 3900 5354 Πατρὸς,

2314 5389 2512 5460 ἔχουσα
2538 5386 2763 5457 δυνάμει
2785 5377 3011 5438 τὸ-εῖναι
3035 5379 3193 5433 τοῦτο
3217 5375 3358 5432 κατά
3382 5374 3562 5443 φύσιν,
3590 5374 3727 5446 ὅπερ
3753 5373 3903 5426 ἐστὶν

2315 5481 2343 5532 ὁ
2377 5479 2588 5603 ἷὶξῗο.
2646 5545 2712 5601 Εἰ
2775 5546 2926 5598 πᾶσα
2980 5545 3014 5614 ἡ
3066 5541 3243 5604 κτίσις
3295 5523 3547 5608 ἀληθινὸν
3603 5529 3744 5590 εἶναι
3797 5533 3905 5586 δύ-

2316 5659 2473 5700 ναται
2510 5639 2647 5712 φῶς,
2679 5639 2768 5695 διὰ
2787 5638 2946 5692 ποίαν
2963 5636 3141 5693 αἰτίαν
3167 5633 3260 5689 ἐπὶ⁵
3291 5633 3454 5704 μόνου
3481 5630 3715 5686 τέθειται
3745 5625 3907 5682 τοῦτο

4077 1007 4079 1120 ι

4077 1161 4079 1266 l

4077 1297 4079 1428 ί
