4156 6494
339 591 443 639 τος
476 575 664 646 λόγον,
705 579 800 632 καὶ
851 584 965 647 τοῖς
1013 589 1423 660 πεποιημένοις³
1450 575 1724 671 ὲπιφημίξ

339 665 616 737 ἀληθινὸν
661 666 805 725 εἶναι
860 674 996 737 φῶς.
1038 677 1176 733 Ἀλλ’
1219 683 1271 736 ot

340 759 623 828 γενητῶν,
641 769 1030 835 κατηγορεῖται
1060 769 1116 825 δὲ
1141 773 1308 844 μόνης
1330 778 1428 849 τῆς
1457 759 1658 848 οὐσία-ς-
1677 787 1770 840 τοῦ
1798 789 1932 844 Υίοῦ
1942 832 1957 846 .

342 848 580 919 κυρίως
615 852 726 924 ἄρα
782 857 877 909 καὶ
934 859 1150 932 ἀληθῶς
1196 848 1440 923 κείσεται
1487 872 1588 942 μὲν
1632 877 1719 931 ἐπ’
1769 881 1956 949 αὐτοῦ,

340 940 442 992 ἐπὶ
472 940 529 994 δὲ
561 942 673 996 τῶν
702 948 1026 1018 ποὶημάτων
1051 953 1257 1011 οὐκέτι.
1289 960 1414 1025 Πῶς
1440 940 1536 1017 ούν
1568 964 1649 1020 ἔτι
1677 986 1706 1022 τ

346 1033 632 1105 συμφυὴς,
667 1038 765 1091 καὶ
793 1040 915 1111 οὐχὶ
949 1044 1148 1113 μᾶλλον
1174 1047 1282 1103 τῶν
1327 1053 1468 1128 ὑπὲρ
1511 1056 1613 1129 τὴν

352 1125 490 1197 ὑπὲρ
518 1128 700 1199 αὐτὴν
735 1131 1002 1204 ὑπάρχων
1036 1139 1176 1208 μετὰ
1210 1125 1461 1215 Πατρόςξ

413 1222 624 1278 AAAO.
666 1221 731 1276 Εί
760 1226 902 1293 φωτὶ
931 1228 1011 1299 τῷ
1040 1233 1183 1287 κατὰ
1216 1235 1477 1307 ἀλήθειαν
1502 1241 1562 1295 ού
1606 1247 1803 1302 ταυτόν
1833 1250 1951 1304 ἐστι

338 1310 402 1362 τὸ
432 1310 512 1382 μὴ
544 1313 691 1367 κατὰ
715 1312 977 1384 ἀλήθειαν
1005 1319 1150 1389 φῶς·
1179 1322 1293 1395 ἔχει
1322 1327 1432 1400 γάρ
1463 1347 1517 1385 τι
1556 1332 1617 1386 τὸ
1650 1335 1886 1407 ἑτεροῖον
1915 1342 1947 1413 ὴ

334 1400 612 1474 ἐκατέρου
659 1402 896 1473 δήλωσις
918 1426 934 1440 ο
962 1409 1078 1479 φῶς
1100 1412 1157 1465 δὲ
1186 1415 1437 1488 ἀληθινὸν
1478 1423 1507 1475 6
1546 1422 1675 1490 Υἱὸς
1707 1400 1948 1485 κατωνόί

334 1508 576 1562 μασται,
610 1495 706 1548 καὶ
744 1496 903 1551 τοῦτό
932 1502 1047 1555 ἐστι
1079 1505 1219 1560 κατὰ
1257 1509 1419 1578 φύσιν
1445 1529 1460 1545 ·
1488 1514 1590 1568 οὐκ
1614 1516 1723 1588 ἄρα
1757 1521 1789 1591 ἠ
1825 1522 1942 1577 κτί-

334 1598 429 1647 σις
470 1584 727 1654 ἀληθινὸν
755 1586 910 1644 ἔσται
946 1592 1081 1660 φῶς.
1119 1598 1330 1655 Οὐκοῦν
1361 1603 1482 1657 οὐδὲ
1528 1584 1789 1679 ἀλληλοις.
1812 1613 1945 1684 ὀμο-

330 1673 455 1745 ςρυῆ
489 1674 561 1729 τὰ
592 1673 766 1741 οὕτως
794 1677 1193 1754 ἐξηλλαγμένα.

403 1765 622 1819 ΑΔΛΟ.
656 1767 721 1821 El
749 1769 826 1841 μὴ
882 1771 1045 1843 μόνος
1085 1777 1115 1830 6
1157 1778 1473 1856 Μονογενὴς
1498 1787 1560 1842 τὸ
1588 1790 1703 1860 φῶς
1735 1794 1852 1848 ἐστι
1879 1793 1942 1848 τὸ

326 1854 613 1927 ἀληθινὸν,
641 1856 759 1930 ἔχει
788 1860 847 1914 δὲ
877 1863 971 1917 καὶ
999 1866 1032 1936 ή
1061 1867 1239 1935 κτίσις
1264 1872 1327 1926 τὸ
1349 1854 1490 1930 εἶναι
1519 1854 1635 1947 φιῖίς
1661 1854 1935 1956 ἀληθινὸν,
1958 1909 2016 1969 ῃ
2043 1921 2104 1964 δε

326 1947 423 2002 διὰ
467 1948 629 2019 ποίαν
675 1952 861 2007 αἰτίαν
902 1956 1068 2023 αὐτὸς
1115 1977 1137 2011 ι
1179 1965 1403 2032 φωτίζει
1437 1969 1614 2027 πάντα
1653 1947 1941 2049 ἄνθρωπον

335 2039 632 2110 ἐρχόμενον
661 2043 747 2107 είς
788 2044 883 2099 τὸν
920 2047 1163 2120 κόσμον;
1199 2072 1219 2107 ι
1260 2054 1523 2133 Ἐχούσης
1566 2062 1677 2136 γὰρ
1727 2039 1940 2122 οίκοθεν

331 2129 494 2184 τοῦτο
544 2132 640 2188 καὶ
688 2137 790 2207 τῆς
828 2141 1097 2213 γεννητῆς
1167 2146 1378 2213 οὐσίας,
1430 2129 1684 2225 περιττόν
1733 2153 1803 2230 ἦν
1854 2158 1937 2214 ἔτι

325 2221 670 2294 φωτίζεσθαι
707 2226 776 2281 δι’
807 2228 973 2284 Υίοῦο
1014 2233 1152 2289 ἀλλὰ
1191 2238 1300 2310 μὴν
1331 2221 1557 2310 φωτίζει
1608 2247 1708 2318 μὲν
1749 2221 1932 2318 αὐτὸς,

320 2312 555 2385 μέτοχοι
586 2316 644 2369 δὲ
671 2317 839 2373 αὐτοῦ
876 2321 1078 2388 πᾶντες
1115 2327 1305 2398 ἡμεῖς’
1343 2332 1445 2388 οὐκ
1485 2312 1827 2408 ἄρα-ταυτὸν
1853 2312 1935 2408 είς

312 2405 518 2472 οὐσίας
546 2408 811 2483 ποιότητα
848 2411 1000 2481 Υἱὸς,
1046 2416 1144 2471 καὶ
1192 2419 1404 2491 κτίσις·
1432 2405 1626 2502 ὥσπερ
1662 2425 1761 2488 οὖν
1809 2405 1933 2491 0666

311 2495 401 2568 τῷ
428 2497 720 2571 μετέχοντι
748 2502 811 2556 τὸ
844 2503 1231 2578 μετεχόμενον.

384 2673 604 2731 ΑΔΛΟ.
663 2676 729 2731 El
790 2678 868 2751 μὴ
925 2680 1072 2755 μόνῳ
1127 2685 1390 2758 πρόσεστι
1448 2691 1592 2748 κατὰ
1645 2695 1809 2766 φύσιν
1851 2698 1930 2773 τῷ

310 2764 437 2837 rte
464 2767 529 2821 τι
557 2768 835 2841 ὑπάρχειν
862 2772 981 2843 φῶς
1013 2775 1288 2849 ἀληθινὸν,
1331 2781 1449 2854 ἔχει
1484 2783 1544 2838 δὲ
1585 2764 1721 2842 αὐτὸ
1763 2792 1858 2845 και
1892 2764 1926 2866 ἦ

318 2857 523 2933 κτίσις,
553 2863 832 2934 περιττὸς,
873 2864 950 2930 ὡς
983 2862 1158 2939 οἶμαι,
1185 2875 1435 2943 φανεῖται
1479 2876 1618 2948 πρός
1655 2896 1809 2946 τινας
1839 2857 1928 2937 λέλ

310 2950 475 3019 γωνό
492 2952 822 3025 ιἒῖαλμιρδός·
851 2957 1219 3030 «Προσέλθετε
1249 2965 1389 3036 πρὸς
1416 2967 1599 3035 αὐτὸν,
1638 2971 1734 3026 καὶ
1758 2975 1926 3043 φωτί-

302 3044 537 3129 σθητεοι
566 3047 629 3101 τὸ
657 3046 768 3120 γὰρ
793 3049 933 3114 ὅλως
961 3054 1082 3108 κατ’
1127 3055 1395 3129 ἀλήθειαν
1431 3059 1567 3130 φῶς,
1598 3062 1700 3117 οὐκ
1740 3064 1808 3120 ἂν
1834 3066 1920 3136 γέν

300 3124 457 3193 νοιτο
516 3139 738 3211 μεθέξει
784 3146 854 3216 τῇ
898 3145 1035 3218 πρὸς
1079 3124 1266 3218 ἕτερόν
1309 3124 1456 3207 τινα-
1479 3124 1616 3225 (prbe,
1647 3156 1765 3212 ἀλλ’
1801 3124 1921 3217 ούὸὲ

301 3229 586 3302 ἐλλάμψει
610 3236 677 3305 τῇ
708 3235 840 3308 παρ’
873 3237 1063 3311 ἐτέρου
1094 3241 1574 3317 φαιδρυνθήσεται,
1602 3249 1813 3307 τελείαν
1858 3252 1915 3308 δὲ

299 3322 520 3392 μᾶλλον
550 3323 661 3378 ἀπὸ
688 3325 791 3397 τῆς
824 3328 963 3395 ἰδίας
993 3330 1211 3401 φύσεως
1242 3336 1341 3410 τὴν
1377 3338 1730 3415 καθαρότητα
1756 3362 1924 3421 χορη-

294 3414 641 3486 γηθήσεται.
675 3417 816 3472 Ἀλλ’
847 3420 1068 3494 ὁρῶμεν
1094 3425 1177 3479 ὅτι
1205 3428 1384 3497 φωτὸς
1414 3414 1693 3507 ἑπιδεὴςίό

294 3524 429 3576 πος,
455 3511 689 3582 κτιστῆς
721 3511 987 3586 ὑπάρχων
1018 3516 1263 3587 φύσεως·
1298 3523 1393 3577 καὶ
1441 3523 1699 3598 ἀληθεύει
1726 3528 1865 3600 βοῶν
1893 3533 1923 3587 6

293 3598 638 3671 Ψαλμῳδὸς,
668 3601 745 3667 ὡς
784 3606 924 3677 πρὸς
947 3605 1040 3662 τὸν
1086 3607 1183 3664 τοῦ
1215 3610 1352 3668 Θεοῦ
1394 3614 1590 3686 Λόγον,
1641 3637 1661 3672 ι
1692 3598 1815 3677 Ὅτι
1854 3625 1920 3680 σὺ

294 3783 504 3866 σκότος
550 3803 681 3857 μου.
720 3806 740 3840 ι
770 3789 886 3844 Οὐκ
919 3791 1028 3863 ἄρα
1064 3793 1181 3863 φῶς
1230 3797 1373 3853 κατὰ
1422 3800 1684 3873 ἀλήθειαν
1731 3807 1917 3879 ἡμεῖς,

293 3853 530 3947 μέτοχοι
552 3853 624 3932 ’δὲ
657 3879 861 3950 μᾶλλον
890 3853 984 3937 τού
1016 3853 1347 3957 φωτίξοντος
1388 3853 1720 3966 Admota-ttat

290 3985 441 4041 τριοι
473 3969 624 4026 κατὰ
656 3971 819 4042 φύσιν
849 3974 943 4030 τοῦ
969 3978 1147 4047 φωτὸς
1170 3981 1267 4037 τοῦ
1292 3983 1574 4057 ἀληθινοῦ,
1601 3989 1740 4066 ὅπερ
1765 3994 1915 4053 ἐστὶν

291 4061 323 4114 6
356 4061 517 4127 Υἱός.

362 4156 564 4210 ΔΛΛο
615 4156 687 4212 ἐκ
740 4158 848 4215 τοῦ
901 4162 1112 4219 αὑτοῦ.
1153 4164 1218 4220 Et
1268 4166 1463 4243 λύχνος
1501 4175 1530 4228 6
1573 4174 1913 4249 ἀνθρώπινος

290 4248 731 4320 κατωνόμασται
776 4252 923 4318 νοῦς,
968 4256 1111 4312 κατὰ
1149 4258 1210 4313 τὺ
1247 4261 1306 4315 ὲν
1337 4263 1590 4337 Ψαλμοῖς
1625 4248 1908 4342 ᾀδόμενον,

294 4359 316 4393 ‹
344 4341 479 4395 Ὅτι
509 4342 577 4396 σὺ
608 4347 832 4414 φωτιεϊς
855 4346 1053 4419 λύχνον
1074 4368 1199 4420 μου,
1230 4352 1427 4427 Κύριε,
1458 4376 1479 4410 ι
1509 4360 1628 4425 πῶς
1669 4341 1909 4433 ἐσόμεθα

287 4434 441 4490 κατὰ
482 4434 746 4506 ἀλήθειαν
775 4437 925 4507 φῶς;
973 4441 1338 4500 Ἐπείσακτον
1377 4447 1489 4520 γὰρ
1516 4450 1611 4505 καὶ
1651 4452 1801 4509 δοτὸν
1828 4455 1908 4527 τῷ

283 4522 477 4598 λύχνῳ
508 4526 575 4580 τὸ
608 4526 746 4596 φῶς.
784 4530 896 4585 Καὶ
930 4532 980 4586 εἰ
1006 4532 1071 4586 τὸ
1112 4535 1306 4601 σκότος
1329 4537 1393 4591 τὸ
1434 4539 1493 4594 ὲν
1522 4542 1654 4614 ἡμῖν
1680 4522 1907 4615 φωτίζει

284 4611 459 4682 μόνος
513 4612 543 4665 6
584 4614 923 4689 Μονογενὴς,
967 4620 1085 4686 πῶς
1133 4623 1257 4695 οὐχὶ
1309 4626 1511 4697 μᾶλλον
1544 4611 1721 4698 ista;
1761 4611 1905 4693 κατὰ
1936 4636 1980 4693 D

280 4700 558 4773 ἀλήθειαν
582 4703 719 4773 φῶς,
754 4706 917 4776 ἡμεῖς
959 4708 1015 4762 δὲ
1048 4711 1230 4767 οὐκέτι
1256 4731 1273 4781 ;
1308 4715 1373 4770 El
1403 4715 1461 4772 δὲ
1493 4719 1652 4775 τοῦτο
1680 4722 1899 4796 ἀληθὲς,

278 4790 410 4855 πῶς
446 4791 522 4845 ἂν
555 4791 643 4865 εἴη
675 4793 866 4850 λοιπὸν
899 4797 1149 4872 ὁμοφυὴς
1179 4803 1245 4875 τῇ
1293 4801 1493 4877 κτίσει,
1518 4790 1782 4866 τοσοῦτον
1803 4790 1901 4868 α’ύέ

275 4885 386 4956 τῆς
421 4885 873 4958 ὑπερκείμενος;

249 4997 269 5037 ε
344 4998 570 5051 AAAO.
613 4999 681 5053 Et
715 5002 998 5072 προσεῖναι
1044 5004 1269 5062 δύναται
1314 5010 1381 5082 τῇ
1431 5012 1609 5068 κτίσει
1659 5016 1726 5071 rb
1759 5015 1898 5075 εἶναι

274 5088 398 5156 φῶς
432 5088 720 5160 ἀληθινὸν,
756 5091 946 5165 ὥσπερ
976 5090 1070 5149 οὖν
1097 5097 1295 5168 ἀμέλει
1326 5099 1423 5157 καὶ
1449 5103 1529 5174 τῷ
1565 5103 1705 5177 Υίῷ,
1739 5106 1895 5163 ἔσται

269 5177 534 5249 δηλονότι
565 5177 700 5249 φῶς
722 5180 975 5252 ἀληθινὸν
1020 5185 1049 5238 ό
1098 5186 1408 5259 ἅνθρωπος,
1439 5190 1605 5263 μέρος
1634 5192 1895 5269 ὑπάρχων

267 5270 479 5341 αὐτῆς.
516 5272 676 5325 Τίσιν
711 5269 807 5329 οὖν
839 5275 948 5346 ἄρα
997 5276 1088 5331 διὰ
1135 5277 1247 5334 τῶν
1306 5280 1476 5351 ἁγίων
1529 5288 1825 5358 προφητῶν
1863 5294 1893 5346 6

268 5363 415 5429 Θεὸς
461 5365 562 5419 καὶ
611 5367 808 5440 Πατὴρ
858 5369 1252 5441 ἐπηγγέλλετο,
1299 5373 1475 5444 λέγων
1503 5392 1517 5407 ·
1556 5396 1577 5430 ι
1616 5381 1728 5436 Καὶ
1759 5383 1890 5439 ἀνα-

268 5460 433 5513 τελεῖ
484 5460 619 5531 ὑμῖν
666 5464 795 5550 τοῖς
830 5463 1190 5536 φοϐουμένοις
1241 5469 1304 5523 τὸ
1350 5457 1527 5544 ὄνομά
1573 5492 1677 5546 μου
1736 5477 1889 5550 ἥλιος

268 5545 658 5618 δικαιοσύνης.
701 5567 720 5602 ι
754 5547 821 5605 Τί
859 5551 970 5625 γὰρ
1015 5554 1085 5610 ἂν
1116 5555 1254 5622 ὅλως
1286 5558 1439 5631 ἡλίου
1473 5563 1564 5617 τοῦ
1612 5545 1889 5639 καταύγά-

266 5636 465 5705 ζοντος
486 5636 553 5693 τὸ
593 5640 719 5695 κατ’
747 5643 1006 5716 ἀλήθειαν
1038 5648 1234 5725 ἐδεήθη
1288 5651 1442 5723 φῶς;
1480 5655 1644 5714 Ἀλλὰ
1670 5660 1778 5733 μὴν
1801 5636 1887 5728 *ὡς

1429 387 1495 444 ΙΝ
1529 392 1816 455 ,ιυΑδΝιδ
1851 403 2308 469 EVANGELIUM
2352 415 2480 475 LIB.
2514 419 2557 476 1.

2064 909 2176 950 non
2216 897 2371 954 item.
2408 901 2698 971 Quomodo
2744 909 2919 989 igitur.
2971 915 3223 987 ejusdem
3277 925 3386 981 erit
3441 924 3679 989 naturae"

1710 971 1744 1076 il
1779 973 1957 1079 κτίῆει
2060 1001 2187 1044 cum
2218 1000 2496 1064 creatura,
2554 1013 2620 1056 ac
2654 1016 2764 1059 non
2790 1005 2976 1077 potius
3007 1021 3321 1070 creaturam
3381 1034 3490 1075 una
3524 1037 3656 1079 cum

1655 1060 1854 1132 κτίσιν,
1879 1063 1957 1130 ὡς
2057 1076 2221 1139 Patre
2259 1060 2581 1156 superabit?

2122 1261 2355 1322 ALIUD.
2393 1268 2454 1324 Si
2489 1286 2619 1329 vera
2650 1273 2744 1331 lux
2774 1277 2966 1336 eadem
2997 1298 3107 1340 non
3160 1296 3247 1345 est
3312 1299 3483 1363 atque
3550 1296 3646 1353 lux

2050 1366 2163 1408 non
2189 1370 2318 1411 vera
2349 1358 2592 1431 (diversa
2621 1366 2769 1422 enim
2797 1376 2882 1426 est
2903 1374 3316 1443 quodammodo
3350 1358 3648 1458 utriusque

2049 1442 2426 1523 signiﬁcatio),
2454 1452 2548 1509 lux
2577 1464 2763 1514 autem
2777 1475 2913 1517 vera
2944 1476 3299 1539 nuncupatus
3328 1481 3413 1530 est
3445 1442 3643 1546 Filius;

2048 1543 2102 1620 et
2153 1536 2472 1599 istiusmodi
2523 1553 2608 1602 est
2659 1551 2966 1610 secundum
3026 1536 3282 1617 naturam
3322 1582 3338 1620 :
3381 1536 3643 1629 creatura

2041 1611 2239 1700 utique
2271 1647 2402 1689 vera
2456 1634 2551 1692 lux
2580 1643 2852 1701 nouerit.
2929 1647 3101 1719 Igitur
3154 1667 3334 1726 neque
3389 1658 3638 1730 ejusdem

2044 1728 2257 1779 natura:
2284 1725 2431 1782 inter
2452 1741 2515 1784 se
2542 1744 2607 1785 ea
2639 1746 2763 1803 quas
2814 1742 3099 1810 tantopere
3127 1725 3419 1804 dissident.

2114 1814 2354 1875 ALIUD.
2396 1820 2456 1875 Si
2487 1838 2601 1880 non
2636 1825 2790 1885 solus
2851 1828 3186 1904 Unigenitus
3213 1854 3345 1896 vera
3401 1841 3498 1900 lux
3524 1853 3634 1915 est,

2105 1907 2139 1964 d
2179 1918 2439 1967 creatura
2478 1929 2607 1971 vera
2634 1932 2859 1990 quoque
2902 1922 2999 1980 lux
3027 1938 3151 1984 esse
3183 1938 3367 2000 potest
3417 1953 3432 1992 :
3465 1907 3631 2009 quam

2041 2001 2114 2057 ob
2151 2015 2382 2060 causam
2424 2004 2546 2077 ipse
2601 2026 2621 2061 ι
2662 2010 2939 2069 illuminat
2966 2030 3190 2075 omnem
3222 2001 3500 2083 hominem
3535 2044 3634 2086 ve—

2036 2090 2283 2149 nientem
2316 2094 2375 2150 in
2412 2092 2726 2155 mundum?
2768 2120 2788 2155 ι
2824 2100 2963 2160 Nam
3014 2107 3062 2163 si
3114 2122 3145 2164 a
3194 2125 3259 2168 se
3303 2111 3363 2169 id
3408 2114 3631 2177 haberet

2037 2200 2260 2258 quoque
2288 2196 2474 2245 creata
2506 2191 2840 2261 substantia,
2900 2199 3240 2270 superﬂuum
3274 2214 3425 2263 esset
3454 2207 3632 2281 ipsam

2037 2274 2337 2334 illuminari
2372 2294 2473 2351 per
2514 2279 2738 2339 Filium.
2775 2284 2846 2340 At
2893 2287 3171 2347 illuminat
3219 2296 3443 2365 quidem
3475 2274 3629 2371 ipse,

2035 2383 2140 2425 nos
2190 2378 2382 2427 autem
2422 2386 2619 2432 omnes
2661 2376 2783 2448 ejus
2830 2381 3138 2454 participes
3188 2402 3382 2447 sumus
3433 2407 3448 2445 :
3507 2410 3621 2452 non

2032 2476 2167 2536 ergo
2203 2462 2352 2522 idem
2377 2477 2512 2524 sunt
2555 2471 2739 2542 quoad
2771 2473 3144 2532 substantiam
3182 2477 3360 2540 Filius
3386 2492 3443 2540 et
3471 2500 3630 2544 crea-

2030 2564 2180 2643 tura,
2207 2559 2379 2617 sicuti
2409 2578 2591 2635 neque
2615 2564 2670 2620 id
2703 2565 2851 2637 quod
2885 2568 3182 2643 participat
3210 2571 3359 2631 idem
3386 2583 3476 2634 est
3497 2591 3623 2638 cum

2030 2638 2097 2705 eo
2127 2651 2275 2718 quod
2309 2654 2698 2725 participatur.

2105 2739 2341 2799 ALIUD.
2394 2741 2453 2799 Si
2495 2760 2609 2801 non
2660 2746 2810 2804 inest
2858 2756 3058 2806 natura
3097 2751 3203 2809 soli
3251 2751 3396 2813 Filio
3439 2766 3501 2813 ut
3550 2758 3625 2815 sit

2029 2848 2158 2888 vera
2190 2833 2309 2899 lux,
2345 2834 2442 2891 sed
2469 2828 2713 2908 i'dipsum
2746 2840 2803 2895 in
2850 2850 3168 2901 creaturam
3203 2861 3426 2922 quoque
3451 2853 3620 2919 cadit,

2026 2925 2231 2994 inanis,
2267 2933 2328 2982 ut
2348 2942 2496 2994 reor,
2531 2929 2639 2985 erit
2663 2929 2962 2992 Psalmista
2990 2935 3188 2996 dicens
3243 2958 3261 2997 :
3296 2960 3327 2995 ‹-
3359 2943 3624 3001 Accedite

2024 3017 2094 3074 ad
2119 3034 2271 3085 eum,
2297 3028 2353 3077 et
2380 3021 2862 3083 illuminamini”.
2896 3045 2916 3080 ι
2954 3028 3113 3095 Quod
3146 3032 3295 3088 enim
3334 3050 3477 3091 vera
3527 3038 3619 3095 lux

2021 3118 2131 3176 est,
2166 3124 2451 3181 nunquam
2478 3126 2614 3169 sane
2644 3114 2877 3173 alterius
2910 3119 3338 3191 participatione
3364 3125 3456 3181 lux
3491 3128 3617 3194 erit,

2022 3216 2204 3274 neque
2228 3202 2461 3262 alterius
2509 3206 2808 3278 splendore
2859 3210 3309 3285 collustrabitur,
3354 3218 3453 3275 sed
3501 3233 3621 3290 pero
3734 3217 3740 3227 ’

1942 3271 1986 3330 C
2023 3271 2230 3350 fectum
2256 3310 2326 3351 ex
2355 3310 2418 3353 se
2448 3271 2632 3367 potius
2671 3306 2729 3355 et.
2756 3306 2972 3357 natura
2991 3318 3109 3369 sua.
3127 3271 3485 3378 splendorem
3504 3271 3616 3365 ἶιῖ-

2023 3384 2274 3443 biturum
2294 3397 2401 3445 est.
2442 3374 2615 3460 Atqui
2645 3390 2907 3451 videmus.
2930 3374 3212 3455 hominem
3264 3397 3409 3458 lucis
3464 3401 3618 3459 indi-

2004 3489 2174 3547 gere,
2214 3490 2341 3532 cum
2377 3486 2591 3536 naturae
2635 3480 2710 3538 sit
2737 3492 2962 3542 creatae.
3009 3486 3083 3543 Et
3110 3504 3306 3547 verum
3341 3501 3428 3550 est
3466 3495 3615 3566 quod

2022 3564 2175 3620 canit
2201 3562 2522 3637 Psalmista.
2554 3576 2820 3645 tanquam
2848 3576 2918 3634 ad
2949 3575 3047 3636 Dei
3071 3577 3315 3640 Verbum
3346 3601 3363 3642 :
3406 3605 3427 3641 ι
3463 3562 3615 3657 Quo-

2022 3654 2171 3710 niam
2199 3657 2570 3716 tuilluminas
2608 3662 2894 3722 lucernam
2929 3682 3134 3739 meam,
3173 3673 3436 3734 Domine:
3465 3654 3614 3738 Deus

2018 3750 2488 3816 meus,,illumina
2517 3755 2780 3816 tenebras
2811 3774 2966 3818 meas
2985 3761 3052 3820 ⁸⁸.
3084 3781 3107 3819 ι
3137 3766 3263 3825 Non
3321 3785 3455 3845 ergo
3483 3789 3611 3832 vera

2018 3838 2115 3896 lux
2144 3857 2250 3900 nos
2277 3860 2497 3912 sumus,
2530 3848 2629 3905 sed
2659 3847 3032 3913 illuminantis
3066 3854 3235 3917 Verbi
3267 3838 3455 3933 potius
3482 3882 3609 3939 par-

2015 3932 2235 4004 ticipes,
2271 3943 2328 3992 et
2352 3936 2561 3997 diversi
2591 3947 2793 4000 natura
2822 3957 3019 4005 avere.
3059 3948 3208 4021 luce,
3248 3932 3397 4013 Filio
3439 3932 3607 4015 nimi-

2014 4035 2163 4079 rum.

2084 4200 2301 4260 ALIUD
2326 4220 2393 4261 ea:
2420 4207 2624 4265 eodem.
2654 4207 2714 4268 Si
2741 4227 2899 4273 mens
2925 4215 3174 4279 hominis
3209 4220 3438 4282 lucerna
3457 4240 3603 4286 nun-

2014 4303 2213 4367 cupata
2242 4305 2329 4357 est
2356 4299 2519 4372 juxta
2560 4303 2701 4362 illud
2751 4305 3111 4370 Psalmistaa:
3159 4333 3180 4369 ι
3218 4316 3490 4385 Quoniam
3539 4332 3599 4380 tu

2011 4386 2295 4447 illuminas
2333 4392 2623 4451 lucernam
2661 4413 2864 4469 meam,
2916 4401 3152 4463 Domine
3187 4425 3202 4465 :
3247 4426 3266 4463 ι
3322 4415 3602 4482 quomodo

2009 4494 2143 4536 vera
2170 4481 2266 4538 lux
2320 4485 2912 4551 erimusiAdventitia
2937 4497 3094 4554 enim
3138 4506 3195 4556 et
3242 4481 3467 4562 aliunde
3499 4522 3601 4563 ac-

2011 4579 2168 4641 cepta
2197 4572 2441 4633 lucerna:
2472 4577 2567 4634 lux
2587 4589 2696 4639 est.
2730 4584 2842 4656 67
2875 4587 3046 4655 Quod
3093 4591 3141 4648 ei
3181 4595 3442 4654 tenebras
3494 4615 3601 4683 no:

2008 4669 2158 4720 stras
2209 4665 2487 4725 illuminat
2527 4673 2682 4732 solus
2734 4674 3112 4751 Unigenitusa,
3159 4686 3443 4753 quomodo
3484 4668 3595 4745 non

2004 4755 2159 4812 solus
2190 4757 2310 4829 ipse
2347 4776 2481 4818 vera
2514 4762 2609 4820 lux
2662 4765 2792 4836 erit,
2826 4783 2931 4826 nos
2960 4778 3145 4829 autem
3207 4782 3599 4849 nequaquam?

2002 4844 2161 4911 Quod
2179 4850 2226 4904 si
2247 4865 2437 4907 verum
2458 4867 2565 4921 est,
2585 4858 3124 4930 quomodoejusdem
3142 4874 3356 4924 naturae
3371 4870 3593 4928 demum

2000 4937 2107 4993 erit
2127 4954 2253 4994 cum
2272 4951 2552 5010 creatura,
2576 4948 2676 5018 qui
2696 4954 2852 5008 tanto
2871 4951 3164 5014 intervallo
3183 4973 3306 5015 eam
3332 4965 3599 5033 superat!

2069 5029 2303 5090 ALIUD.
2352 5034 2410 5092 Si
2438 5047 2701 5094 creatura
2742 5056 2877 5099 vera
2921 5045 3014 5102 1M
3071 5064 3196 5107 esse
3238 5029 3422 5123 potest
3480 5073 3589 5114 non

2002 5134 2168 5178 secus
2204 5137 2270 5179 ac
2301 5123 2476 5184 Filius
2496 5168 2512 5192 ,
2543 5130 2651 5187 erit
2683 5148 2885 5207 nempe
2914 5138 3009 5196 lux
3042 5156 3174 5198 vera
3230 5144 3417 5216 homo,
3463 5164 3592 5207 cum

2001 5206 2072 5263 sit
2109 5223 2239 5279 pars
2269 5211 2436 5270 illius.
2475 5206 2825 5283 Quibusnam
2862 5242 2994 5299 ergo
3040 5246 3139 5304 per
3186 5248 3413 5295 sanctos
3463 5256 3592 5311 pro-

1997 5297 2195 5369 phetas
2214 5304 2571 5372 promittebat
2598 5308 2741 5371 Deus
2764 5331 2831 5373 ac
2850 5297 3015 5376 Pater
3032 5297 3226 5382 dicens
3250 5344 3265 5381 :
3291 5347 3312 5381 ι
3349 5327 3417 5383 Et
3441 5297 3590 5386 orie-

1997 5398 2087 5447 tur
2107 5394 2274 5453 vobis.
2298 5397 2618 5461 timentibus
2642 5420 2842 5465 nomen
2869 5427 3050 5469 meum
3091 5417 3173 5473 sol
3191 5418 3421 5489 iustitiae
3434 5420 3526 5475 "1
3560 5441 3580 5475 ι

1996 5480 2141 5549 Ωιιῖά
2177 5488 2348 5558 enim,
2391 5507 2606 5563 quaeso,
2629 5512 2774 5555 verat
2809 5501 2927 5558 luci
2952 5480 3270 5564 illustrante
3297 5511 3412 5565 sole
3442 5526 3583 5581 opus

1996 5575 2135 5632 fuit?
2162 5579 2329 5652 Atqui
2361 5581 2506 5642 Deus
2531 5603 2599 5644 ac
2627 5588 2793 5648 Pater
2822 5594 2996 5651 solem
3037 5612 3117 5653 se~
3140 5597 3398 5654 daturum
3448 5575 3581 5671 pro-

1995 5668 2247 5728 mittebat
2281 5673 2445 5734 nobis
2480 5680 2575 5751 qui
2605 5679 2742 5753 ejus.
2764 5682 3152 5758 indigebamus
3172 5730 3187 5757 ,
3220 5703 3398 5762 eoque
3424 5668 3581 5753 acce-

338 5818 391 5853 ⁹⁶
425 5816 580 5880 Psal.
617 5836 828 5893 nam,
863 5822 917 5883 6.
997 5828 1041 5862 ³⁹
1077 5828 1222 5889 Psal.
1255 5850 1366 5893 xvu
1388 5878 1404 5907 ,
1435 5838 1526 5896 29.
1604 5839 1648 5875 ³⁸
1687 5840 1918 5904 Halaclt.
1952 5864 2025 5919 tv,
2056 5850 2111 5905 2.
