4156 6494
599 407 700 462 “5

1623 401 1682 456 S.
1722 397 1992 456 CYBILIJ
2033 395 2502 452 ALEXANDRlNI
2542 397 2858 452 ARCHIEP.

3747 395 3850 452 116

596 535 688 596 pto
735 521 1036 576 illuminali
1059 535 1270 577 sumus.
1324 518 1478 574 Alius
1524 517 1694 588 igitur
1745 531 1776 570 a
1831 515 1991 570 nobis
2040 522 2094 569 et
2136 528 2166 566 a

2277 513 2328 566 ἐν
2381 514 2538 586 χρείᾳ
2573 516 2963 588 καθεστηκόσιν
2993 521 3020 572 6
3062 517 3194 581 Θεὸς
3237 518 3331 572 καὶ
3360 518 3547 588 Πατὴρ
3583 516 3856 588 ἐπηγγὲλο

595 623 845 670 creatura
887 619 972 668 est
1018 609 1198 682 quoad
1244 610 1549 666 naturalem
1591 607 1934 662 identitatem
1967 604 2171 676 Unige-

595 705 765 770 nitus,
797 719 922 759 cum
959 704 1029 759 sit
1076 704 1172 759 lux
1204 719 1354 770 vera,
1399 710 1456 758 et
1505 709 1700 757 natura
1749 716 1849 756 sua
1895 700 2169 754 illuminet

540 813 550 824 ·
593 809 656 850 ea
673 809 793 866 qua:
819 794 957 850 lucis
992 795 1258 866 indigent.

663 970 894 1027 ALIUD.
924 971 980 1026 Si
1009 970 1183 1028 Filius
1213 972 1367 1028 solus
1411 987 1520 1027 non
1549 980 1626 1027 est
1659 971 1749 1025 lux
1783 983 1933 1034 vera,
1964 969 2061 1024 sed
2116 969 2170 1022 in

595 1074 904 1118 creaturam
929 1064 1163 1132 idipsum
1193 1063 1375 1126 cadit,
1401 1064 1456 1116 in
1484 1063 1644 1118 nobis
1665 1062 1832 1118 etiam
1859 1061 1986 1115 erit.
2010 1060 2170 1126 Quae-

597 1169 723 1208 nam
757 1169 890 1224 ergo
913 1154 1054 1209 ratio
1094 1163 1315 1210 sanctos
1349 1154 1538 1209 Patres
1569 1154 1782 1208 induxit
1822 1159 1880 1204 ut
1909 1152 1975 1206 ad
2002 1150 2171 1206 Deum

599 1244 905 1299 clamarent
964 1263 977 1300 :
1033 1263 1052 1296 ι
1092 1245 1294 1300 Emitte
1348 1245 1526 1300 lucem
1578 1253 1725 1298 tuam
1795 1251 1850 1298 et
1889 1245 2174 1297 veritatem

599 1334 848 1390 tuam“?
882 1355 901 1389 ›
939 1334 1079 1402 Quid
1131 1352 1262 1392 vero
1296 1337 1552 1390 utilitatis
1599 1335 1702 1390 sibi
1727 1335 1847 1389 fore
1885 1333 2173 1404 putabant,

599 1425 730 1480 dum
761 1441 853 1481 eas
885 1442 1046 1484 voces
1086 1427 1382 1483 identidem
1413 1427 1761 1496 repeterent?
1799 1425 1934 1479 Nam
1982 1425 2031 1480 si
2069 1439 2175 1480 no-

600 1528 724 1572 rant
753 1517 996 1588 indigere
1029 1519 1165 1574 lucis
1201 1519 1474 1574 hominem
1502 1555 1518 1582 ,
1569 1524 1624 1574 et
1657 1515 1877 1572 aliunde
1905 1515 1962 1570 id
2003 1515 2052 1570 ei
2082 1529 2174 1569 ac-

599 1607 790 1663 cedere
821 1615 1074 1678 oportere
1111 1627 1124 1662 :
1169 1608 1447 1677 quomédo
1477 1623 1608 1663 vere
1647 1607 1790 1662 dicet
1835 1607 2058 1676 aliquis,
2095 1607 2178 1674 ip-

599 1713 718 1755 sum
749 1715 872 1755 esse
918 1714 1136 1769 quoque
1169 1715 1352 1753 veram
1391 1699 1618 1754 lucem?
1662 1697 1816 1764 Quod
1859 1699 1905 1753 si
1942 1697 2079 1752 nihil
2125 1696 2177 1750 ei

2273 604 2396 657 λετο
2423 604 2614 660 δώσειν
2646 607 2826 672 αὐτὸν,
2857 611 2951 662 καὶ
2980 609 3233 673 λαϐόντες
3263 607 3666 678 πεφωτίσμεθα.
3693 608 3856 660 Ἕτε-

2277 716 2370 770 ρος
2397 700 2506 771 ἄρα
2532 700 2666 770 πρός
2694 718 2752 754 τε
2780 703 2949 774 ἡμᾶς,
2977 702 3071 755 καὶ
3108 701 3204 772 τὴν
3234 701 3431 763 κτίσιν,
3459 702 3581 753 ὅσον
3614 701 3692 761 είς
3721 716 3857 752 ταυ-

2274 790 2472 861 τότητα
2506 793 2758 863 φυσικὴν,
2791 795 2818 846 6
2846 793 3172 864 Μονογενὴς,
3210 792 3325 862 φῶς
3363 793 3620 862 ὑπάρχων
3659 789 3856 862 ἀληθιο

2277 880 2383 944 νὺν,
2415 881 2508 933 καὶ
2541 882 2793 949 φωτίζειν
2822 883 3063 949 περυκὸς
3092 880 3160 934 τὰ
3191 881 3366 950 φωτὸς
3393 880 3642 948 δεόμενα.

2345 969 2545 1023 ΑΛΛΟ.
2580 973 2641 1025 Εἰ
2678 971 2750 1042 μὴ
2791 972 2949 1042 μόνος
2994 974 3022 1025 6
3067 973 3185 1036 Υἱὸς
3227 972 3340 1042 φῷς
3389 974 3532 1024 ἐστιν
3578 969 3859 1040 ἀληθινὸν,

2277 1061 2389 1131 ἔχει
2414 1063 2468 1115 δὲ
2493 1064 2622 1117 αὐτὸ
2643 1065 2735 1117 καὶ
2759 1065 2792 1135 ἡ
2827 1063 3020 1127 κτίσις,
3051 1063 3199 1118 ἔσται
3232 1064 3470 1134 δηλονότι
3498 1064 3591 1118 καὶ
3617 1068 3672 1117 ἐν
3699 1066 3857 1133 ἡμῖν.

2278 1154 2437 1218 Ποῖος
2467 1148 2558 1206 οὖν
2584 1153 2690 1225 ἄρα
2713 1154 2838 1217 τοὺς
2869 1154 3055 1222 ἁγίους
3090 1152 3342 1206 ἀνέπεισε
3370 1152 3527 1220 λόγος
3562 1151 3694 1222 πρὸς
3724 1151 3861 1203 Θεὸν

2278 1243 2534 1316 ἀναὸοᾷψ
2562 1262 2581 1296 ι
2633 1245 3042 1308 Ἐξαπόστειλον
3075 1246 3136 1298 τὸ
3170 1243 3282 1313 φῶς
3328 1243 3440 1307 σου,
3467 1245 3559 1296 καὶ
3593 1243 3689 1314 τὴν
3720 1244 3859 1314 ἁλή-

2279 1333 2428 1388 θειάν
2459 1352 2550 1387 σου
2573 1351 2587 1398 ;
2610 1353 2627 1386 ›
2650 1333 2715 1387 Τί
2745 1334 2801 1387 δὲ
2829 1336 2978 1405 ἡμᾶς
3012 1335 3260 1389 ἐντεῦθεν
3289 1333 3592 1405 ὠφελήσειν
3622 1333 3861 1402 οίόμενοι

2277 1425 2376 1487 τὰς
2418 1423 2667 1489 τοιαύτας
2713 1425 2972 1490 πολλάκις
3015 1428 3266 1498 ἠφίεσαν,
3316 1425 3434 1479 είπέ
3476 1443 3583 1496 μοι,
3635 1425 3858 1494 φωνάς;

2281 1515 2343 1568 Εἰ
2402 1516 2499 1584 μὲν
2532 1517 2640 1587 γὰρ
2686 1516 2882 1586 ᾔδεσαν
2924 1520 2981 1570 ἐν
3023 1519 3181 1590 χρείᾳ
3233 1518 3408 1586 φωτὸς
3457 1517 3722 1588 ὑπάρχειν
3771 1515 3862 1570 τὸν

2280 1603 2585 1676 ἄνθρωπον,
2620 1607 2714 1658 καὶ
2755 1606 2853 1674 τῆς
2892 1608 3022 1677 παρ’
3062 1607 3250 1678 ἑτέρου
3294 1606 3611 1678 προσθήκης
3648 1605 3855 1667 ἐπιδεᾶ,

2283 1693 2397 1758 πῶς
2430 1697 2546 1765 ἐρεῖ
2584 1712 2668 1758 τις
2701 1695 2994 1766 ἀληθεύων,
3031 1697 3111 1750 ὅτι
3148 1697 3262 1766 φῶς
3293 1697 3526 1766 ὑπάρχει
3569 1695 3662 1748 καὶ
3697 1694 3859 1756 αὑτὸς

595 1807 734 1862 opus
755 1801 875 1848 erat
903 1793 1247 1846 illuminante
1276 1791 1472 1856 Verbo,
1525 1805 1624 1846 cur
1666 1791 1868 1845 frusua
1913 1789 2174 1843 vocabant

2283 1786 2563 1857 ἁληθινόνς
2611 1789 2660 1840 εί
2703 1787 2760 1841 δὲ
2804 1787 2901 1841 οὑκ
2949 1788 3116 1841 ἐδεῖτο
3161 1786 3253 1840 τοῦ
3289 1787 3614 1856 φωτίζοντος
3658 1784 3858 1853 Λόγου,

599 1884 777 1954 ipsum
833 1898 862 1937 a
903 1898 1010 1953 quo
1062 1882 1196 1937 nihil
1223 1882 1403 1951 juvari
1450 1881 1737 1952 poterant?
1785 1879 1852 1934 At
1901 1880 2010 1935 dici
2057 1895 2170 1934 nou

2277 1878 2325 1930 τί
2360 1876 2536 1948 μάτην
2588 1877 2814 1931 ἐκάλουν
2863 1876 2953 1930 τὸν
2999 1877 3151 1932 οὐδὲν
3190 1877 3470 1946 ὠφελῆσαι
3520 1875 3860 1946 δυνάμενον;

599 1982 778 2045 pOlest
829 1984 1146 2030 sanctorum
1212 1967 1448 2030 m’entem
1519 1973 1802 2044 deceptam
1869 1972 2076 2041 fuisse,
2123 1983 2176 2028 et

600 2055 858 2133 praeterea
911 2066 1024 2134 ipse
1057 2063 1200 2119 Deus
1249 2072 1304 2119 et
1353 2063 1510 2118 Pater
1553 2064 1873 2118 hominibus
1913 2071 2175 2132 tanquam

599 2157 740 2214 lucis
799 2157 1001 2228 indigis
1053 2155 1219 2211 mittit
1278 2155 1498 2211 Filium.
1549 2156 1707 2211 Alius
1765 2155 1934 2226 igitur
1979 2170 2176 2210 secun-

600 2248 728 2302 dum
754 2255 1009 2302 naturam
1037 2255 1123 2304 est
1161 2244 1492 2318 Unigenitus
1516 2261 1545 2300 a
1583 2253 1860 2309 creatura,
1897 2252 1955 2298 ut
1992 2243 2084 2314 qui
2109 2258 2175 2298 ea

599 2354 723 2410 quae
750 2338 895 2394 lucis
932 2339 1178 2410 indigent
1204 2339 1501 2394 illuminat.

667 2429 901 2486 ALIUD.
949 2430 1006 2485 Si
1039 2440 1346 2486 creaturam
1399 2429 1539 2485 lucis
1586 2428 1833 2500 indigere
1881 2429 2172 2494 videmus,

598 2539 718 2580 eam
747 2532 928 2580 autem
977 2522 1303 2594 Unigenitus
1333 2523 1638 2590 illuminat,
1674 2539 1785 2580 non
1823 2523 2062 2596 seipsam
2104 2521 2176 2578 ad

599 2615 775 2672 lucem
815 2615 924 2686 agit
956 2623 1212 2670 creatura
1273 2632 1286 2670 :
1325 2629 1431 2670 neu
1461 2630 1594 2686 ergo
1619 2622 1704 2670 est
1733 2615 1827 2670 lux
1852 2630 2005 2680 vera,
2065 2615 2176 2671 sic-

602 2709 680 2763 uti
709 2706 906 2763 Filius.

672 2799 900 2855 ALIUD.
931 2800 989 2855 Si
1019 2799 1290 2856 naturalis
1331 2809 1386 2856 et
1419 2815 1544 2856 vera
1576 2801 1669 2856 lux
1704 2814 1814 2856 non
1845 2799 2174 2855 obtenebra-

599 2898 712 2954 tur,
744 2897 1084 2954 veraautem
1127 2891 1220 2945 lux
1264 2899 1351 2948 est
1407 2889 1758 2962 Unigenitus,
1823 2891 2175 2947 tat-similiter

599 2997 726 3037 vera
759 2982 854 3036 lux
889 2989 974 3040 est
1015 2992 1290 3047 creatura,
1341 2985 1698 3053 quamobrem
1759 2984 1829 3038 de
1875 2980 2017 3039 Filio
2047 2983 2173 3052 qui-

598 3068 723 3124 dem
761 3068 1048 3142 Scriptura
1069 3071 1203 3128 dicit
1227 3090 1241 3126 :
1291 3091 1312 3125 σ
1349 3071 1613 3130 Tenebrae
1640 3089 1761 3129 eam
1790 3089 1898 3128 non
1920 3081 2173 3144 compre-

597 3161 944 3232 henderunt;
981 3182 1000 3216 ι
1037 3167 1108 3220 de
1156 3167 1318 3221 nobis
1343 3175 1526 3222 autem
1559 3166 1763 3222 Paulus
1794 3166 1982 3220 scribit
2014 3184 2034 3220 εΔ
2059 3183 2078 3216 ι
2112 3164 2171 3219 In

601 3253 803 3323 quibus
833 3228 975 3310 Deus
999 3255 1163 3326 hujus
1184 3257 1371 3325 szeculi
1403 3257 1706 3313 excaecavit
1737 3265 1947 3312 mentes
1978 3257 2172 3312 inlide-
2201 3228 2243 3288 θ

600 3343 735 3400 lium
757 3346 803 3378 ⁸³
830 3361 847 3412 ;
873 3364 894 3399 ο
936 3354 988 3401 et
1016 3362 1210 3406 rursus
1231 3348 1485 3405 Salvator
1514 3349 1633 3419 ipse
1664 3366 1679 3403 :
1711 3366 1731 3401 ι
1777 3347 1962 3404 Donec
1996 3349 2174 3403 lucem

602 3434 837 3503 habetis,
873 3436 1150 3492 ambulate
1179 3439 1235 3492 in
1261 3438 1380 3494 luce
1401 3479 1417 3502 ,
1448 3445 1508 3492 ut
1532 3453 1643 3493 non
1675 3451 1773 3493 vos
1796 3437 2038 3492 tenebrae
2064 3438 2176 3509 68

601 3527 1071 3597 comprehendant
1113 3528 1463 3585 "‘ICunctis
1543 3529 1692 3586 enim
1771 3537 1922 3599 patet
1991 3529 2168 3600 quod,

479 3609 497 3637 ¹
602 3616 710 3672 nisi
744 3617 967 3688 quidam
1017 3629 1269 3676 nostrum
1300 3619 1546 3676 tenebris
1577 3619 1808 3675 involuti
1845 3631 2052 3686 essent,
2085 3623 2173 3676 ni-

602 3710 680 3766 hil
715 3711 819 3767 tale
845 3710 1097 3768 Salvator
1145 3713 1398 3768 dixisset.
1462 3711 1751 3778 Quomodo
1799 3728 1930 3785 ergo
1977 3722 2173 3770 natura

603 3802 746 3858 idem
797 3812 925 3860 sunt
988 3805 1318 3877 Unigenitus
1373 3811 1428 3859 et
1479 3811 1755 3868 creatura,
1817 3805 2176 3862 immutabilis

599 3911 726 3950 cum
765 3897 1034 3961 mutabili,
1087 3895 1405 3966 impatibilis
1439 3909 1564 3951 cum
1616 3897 1857 3952 tenebris
1891 3899 2091 3966 obsita,
2121 3906 2176 3953 et

601 4000 724 4056 qua:
755 3987 928 4043 lucem
963 3987 1213 4042 amittere
1247 3993 1456 4056 potest,
1489 3987 1786 4041 ascititiam
1811 3989 2066 4045 videlicet
2088 3991 2173 4043 lu-

591 4089 723 4129 .cem
758 4077 985 4141 habens,
1014 4090 1120 4129 non
1144 4084 1341 4130 natura
1379 4077 1481 4132 sibi
1512 4077 1768 4131 insitam?

675 4335 906 4391 ALIUD.
942 4334 997 4390 Si
1042 4335 1363 4407 Unigenitus
1398 4338 1491 4393 lux
1524 4353 1655 4394 vera
1713 4342 1866 4398 solus
1906 4359 2018 4400 non
2063 4350 2170 4408 est,

601 4426 696 4483 sed
723 4427 884 4482 habet
909 4427 963 4482 id
991 4441 1209 4500 quoque
1237 4435 1489 4486 creatura
1514 4470 1528 4494 ,
1557 4437 1742 4501 utpote
1774 4434 2021 4503 ejusdem
2045 4449 2173 4489 cum

601 4522 721 4588 ipso
752 4525 992 4585 natura,
1029 4533 1148 4588 quo
1185 4526 1347 4590 pacto
1365 4536 1465 4577 nos
1499 4528 1760 4594 tanquam
1805 4527 1874 4582 ad
1904 4527 2074 4583 Deum
2105 4543 2170 4582 ac

599 4605 818 4664 Patrem
841 4607 1145 4664 clamamus
1179 4627 1192 4664 :
1238 4628 1255 4660 ι
1291 4607 1348 4664 In
1381 4610 1587 4668 lumine
1617 4621 1710 4670 tuo
1745 4616 2052 4673 videbimus
2075 4620 2169 4672 lu-

599 4717 724 4758 men
744 4700 828 4755 “?
865 4720 884 4752 l
925 4699 981 4756 Si
1010 4700 1154 4756 enim
1191 4715 1386 4756 sumus
1420 4703 1511 4760 lux
1558 4721 1709 4772 vera,
1731 4707 2008 4778 quomodo
2044 4708 2172 4761 illu-

599 4791 934 4847 minabimur
979 4791 1035 4848 in
1076 4792 1223 4847 alio?
1273 4791 1370 4848 Sin
1401 4802 1585 4851 autem
1635 4804 1696 4852 ut
1731 4799 1913 4854 alieno
1967 4799 2176 4854 lumine

599 4882 935 4952 indigentes,
971 4883 1085 4939 haec
1104 4882 1373 4950 dicimus,
1422 4888 1629 4958 patebit
1659 4889 1850 4958 utique
1903 4904 2006 4944 nos
2041 4904 2173 4946 vere

567 4974 574 4988 '
600 4973 777 5026 lucem
808 4987 918 5027 non
948 4987 1090 5029 esse.
1150 4973 1324 5046 Igitur
1357 4992 1537 5048 neque
1554 4977 1803 5046 ejusdem
1829 4993 1956 5034 cum
1991 4980 2168 5037 Verbo

601 5069 830 5129 natura},
855 5063 1002 5134 quod
1033 5079 1137 5122 nos
1161 5072 1313 5125 tanto
1349 5082 1447 5138 per
1473 5074 1732 5123 naturam
1766 5069 2060 5127 intervallo
2087 5086 2173 5127 su-

599 5161 772 5224 perat.

665 5241 876 5299 ALIUD
903 5244 1242 5315 explicatius.
1281 5245 1548 5302 Dominus
1589 5255 1780 5304 noster
1813 5247 1975 5306 Jesus
2002 5250 2167 5306 Chri-

597 5345 715 5391 stus
745 5336 799 5390 in
835 5336 1125 5408 Evangelio
1149 5338 1426 5408 reperitur
1453 5337 1644 5394 dicens
1677 5357 1691 5393 :
1724 5357 1744 5394 ι
1789 5339 1903 5396 Hoc
1952 5352 2039 5399 est
2070 5359 2168 5398 au-

597 5437 704 5483 tem
729 5427 1018 5498 judicium,
1050 5429 1179 5499 quia
1207 5429 1300 5483 lux
1331 5429 1483 5484 venit
1529 5430 1587 5486 in
1638 5433 1928 5497 mundum,
1983 5441 2039 5489 et
2084 5435 2168 5489 di-

596 5521 845 5580 lexerunt
892 5526 1142 5582 homines
1203 5525 1377 5592 magis
1438 5523 1694 5580 tenebras
1746 5541 1913 5597 quam
1965 5527 2165 5582 lucem.

598 5612 765 5674 Erant
789 5619 935 5676 enim
970 5634 1162 5676 eorum
1199 5619 1343 5674 mala
1387 5632 1573 5689 opera.
1626 5617 1818 5675 Omnis
1871 5619 2019 5675 enim
2071 5619 2167 5690 qui

2295 1969 2431 2022 Ἀλλ’
2460 1971 2559 2023 οὑκ
2598 1970 2743 2024 ἔστιν
2780 1972 2970 2035 εἰπεῖν,
3017 1970 3098 2023 ὅτι
3149 1970 3245 2039 τῆς
3290 1968 3544 2038 ἀληθείας
3581 1967 3862 2035 ἀπεσφάλ-

2280 2059 2402 2114 λετο
2427 2063 2534 2114 τῶν
2570 2063 2738 2132 ἁγίων
2787 2065 2814 2116 6
2860 2063 3002 2128 νοῦς,
3037 2063 3130 2116 καὶ
3175 2062 3337 2124 αὑτὸς
3367 2061 3424 2113 δέ
3472 2060 3630 2114 πάλιν
3665 2061 3693 2114 6
3727 2058 3865 2122 Θεὸς

2280 2152 2376 2205 καὶ
2427 2153 2636 2224 Πατὴρ,
2687 2151 2761 2216 ὡς
2797 2153 2970 2222 φωτὸς
3011 2152 3282 2223 δεομένοις
3333 2151 3540 2220 πέμπει
3588 2149 3678 2202 τὸν
3708 2148 3859 2201 Υἱόν.

2283 2243 2508 2312 Ἕτερος
2536 2242 2642 2314 ἄρα
2671 2242 2813 2296 κατά
2844 2242 3022 2310 φύσιν,
3053 2243 3127 2305 ὡς
3152 2242 3286 2310 πρὸς
3310 2242 3410 2312 τὴν
3440 2240 3615 2295 κτίσιν
3635 2241 3663 2293 6
3688 2239 3865 2293 Μονο-

2280 2333 2464 2405 γενὴς,
2487 2335 2563 2398 ὡς
2592 2332 2842 2402 φωτίζων
2867 2333 2934 2388 τὰ
2960 2333 3135 2402 φωτὸς
3163 2333 3412 2402 δεόμενα.

2351 2424 2647 2478 ΔΛΔΟ.Ἐί
2679 2423 2854 2492 φωτὸς
2884 2423 3099 2496 ὁρῶμεν
3129 2423 3227 2495 τὴν
3257 2422 3433 2475 κτίσιν
3456 2421 3666 2485 ἐπιδεᾶ,
3693 2419 3863 2490 φωτί-

2281 2513 2448 2580 ζειδέ
2493 2513 2655 2569 αὑτὸν
2700 2507 2813 2587 [γρ.
2855 2512 3048 2586 αὐτὴν]
3098 2516 3126 2566 6
3170 2512 3498 2583 Μονογενὴς,
3530 2512 3626 2582 οὑχ
3661 2511 3859 2582 ἑαυτὴν

2279 2607 2312 2674 ή
2347 2606 2523 2669 κτίσις
2555 2607 2678 2674 ἄγει
2714 2605 2850 2677 πρὸς
2882 2604 2942 2658 τὸ
2981 2605 3128 2676 φῶςο
3165 2603 3358 2658 οσκοῦν
3381 2603 3500 2658 οὐδὲ
3528 2603 3643 2673 φῶς
3670 2601 3858 2674 ἀληθι-

2279 2696 2368 2750 νὸν
2398 2694 2585 2768 ὥσπερ
2613 2697 2640 2750 6
2669 2696 2815 2760 Υἱός.

2349 2787 2552 2841 ΑΛΔΟ.
2582 2788 2643 2840 Et
2686 2788 2746 2841 τὸ
2785 2787 2946 2857 φύσει
2989 2787 3082 2840 καὶ
3133 2785 3275 2840 κατὰ
3326 2784 3582 2857 ἀλήθειαν
3633 2785 3746 2854 φῶς
3794 2783 3856 2838 οὑ

2282 2878 2608 2943 σκοτίζεται,
2643 2878 2758 2949 φῶς
2799 2879 2856 2932 δέ
2893 2878 3142 2946 ἀληθινὸν
3183 2879 3210 2930 6
3239 2875 3568 2947 Μονογενὴς,
3611 2876 3704 2929 καὶ
3742 2874 3861 2944 φῶς

2278 2967 2478 3037 ὁμοίως
2502 2968 2751 3040 ἀληθινὸν
2777 2970 2810 3039 ἡ
2842 2969 3037 3036 κτίσις,
3067 2969 3188 3021 ὅτου
3219 2967 3284 3039 δὴ
3317 2967 3476 3038 χάριν
3508 2967 3597 3019 ἐπὶ
3631 2965 3727 3036 μὲν
3757 2964 3861 3019 τοῦ

2280 3057 2410 3110 Υίοῦ
2439 3057 2649 3129 τίθησιν
2677 3061 2709 3128 ἡ
2741 3057 2951 3129 Γραφὴ,
2979 3059 3060 3111 τό·
3097 3075 3116 3109 ‹
3169 3059 3236 3110 Ἦ
3264 3058 3450 3110 σκοτία
3477 3055 3606 3111 αὐτὸ
3631 3056 3691 3108 οὑ
3724 3073 3862 3109 κατ-

2280 3149 2506 3203 έλαϐεν·
2546 3168 2565 3202 ι
2600 3152 2684 3220 ἐφ’
2711 3153 2844 3221 ἡμῖν
2894 3150 2949 3202 δὲ
2998 3152 3026 3203 6
3077 3149 3304 3213 Παῦλος·
3339 3167 3358 3201 ι
3405 3150 3494 3203 Ἐν
3536 3143 3614 3212 οἷς
3656 3151 3683 3202 6
3725 3149 3862 3213 Θεὸς

2276 3239 2370 3294 τοῦ
2415 3241 2608 3303 αἰῶνος
2641 3240 2836 3308 ,τούτου
2883 3239 3160 3309 ἐτύφλωσε
3203 3241 3270 3292 τὰ
3300 3242 3545 3310 νοήματα
3587 3239 3695 3291 τῶν
3727 3239 3860 3292 ἀπί-

2279 3348 2417 3386 στων
2441 3350 2454 3364 ·
2492 3352 2510 3384 ι
2563 3333 2658 3386 καὶ
2705 3331 2866 3386 πάλιν
2900 3332 3056 3395 αὐτὸς
3093 3335 3121 3385 6
3165 3332 3358 3402 Σωτήρ
3381 3347 3394 3360 ο
3431 3349 3448 3383 ι
3483 3331 3625 3394 Ἕως
3652 3331 3712 3383 τὸ
3742 3331 3865 3400 φῶς

2276 3421 2451 3492 ἔχετε,
2474 3425 2828 3494 περιπατεῖτε
2855 3424 2912 3476 ἐν
2931 3421 3007 3492 τῷ
3037 3423 3196 3492 φωτὶ,
3220 3422 3305 3475 ἵνα
3337 3422 3411 3492 μὴ
3437 3423 3469 3492 ἡ
3496 3421 3684 3475 σκοτία
3712 3423 3864 3491 ὑμᾶς

2275 3515 2593 3588 καταλάϐῃς
2634 3535 2651 3568 ι
2685 3514 2956 3586 Πρόδηλον
2983 3515 3090 3585 γὰρ
3122 3514 3292 3584 δήπου
3317 3513 3481 3566 πᾶσίν
3507 3515 3674 3576 ἐστιν,
3707 3514 3780 3577 ὼς
3807 3517 3862 3569 εί

2279 3605 2354 3675 μή
2386 3620 2538 3666 τινας
2561 3603 2665 3655 ὑπὸ
2691 3604 2789 3675 τῆς
2819 3604 3035 3665 σκοτίας
3060 3603 3315 3675 ἐνεχώρει
3342 3604 3860 3675 καταλαμϐάνεσθαι

2273 3695 2382 3748 τῶν
2417 3695 2538 3748 καθ’
2571 3697 2738 3766 ἡμᾶς,
2767 3695 2917 3750 οὐδὲν
2956 3695 3060 3765 ἔφη
3087 3713 3138 3748 τι
3166 3695 3403 3750 τοιοῦτον
3433 3699 3460 3751 6
3490 3697 3701 3769 Σωτήρ.
3732 3697 3862 3762 Πῶς

2275 3784 2370 3841 οὖν
2403 3787 2484 3839 ἔτι
2513 3787 2706 3840 ταυτὸν
2735 3789 2814 3854 είς
2842 3786 3002 3856 φύσιν
3031 3789 3058 3840 6
3104 3787 3408 3858 Μονογενὴς
3451 3787 3544 3840 καὶ
3570 3789 3612 3858 ,ἠ
3655 3789 3858 3855 κτίσις,

2275 3882 2305 3934 6
2338 3876 2693 3939 ἀναλλοίωτος
2715 3879 2778 3947 τῇ
2798 3875 3174 3949 ἀλλοιουμένῃ,
3205 3879 3394 3930 παθεῖν
3419 3878 3570 3931 οὐδὲν
3597 3879 3704 3932 τῶν
3736 3877 3826 3931 ἀόι
3842 3907 3872 3919 -

2275 3971 2514 4026 κούντων
2546 3968 2870 4039 ἀνεχόμενος
2901 3969 2968 4038 τῇ
3011 3967 3364 4040 σκοτιξομένῃ
3414 3969 3508 4033 καὶ
3541 3970 3861 4039 ἀποκτήσα-

2277 4062 2403 4117 σθαι
2431 4059 2699 4132 δυναμένῃ
2722 4059 2813 4113 τὸν
2839 4059 3116 4132 φωτισμὸν
3136 4103 3149 4129 ,
3192 4061 3268 4126 ὡς
3305 4063 3362 4115 ἐν
3401 4062 3717 4132 προσθήκης
3757 4062 3859 4132 μέ-

2277 4171 2361 4226 ρει
2392 4153 2662 4225 προσόντα
2685 4151 2948 4224 δηλονότι,
2982 4153 3074 4206 καὶ
3111 4154 3231 4224 οὐχὶ
3260 4153 3399 4207 κατὰ
3425 4155 3586 4223 φύσιν
3623 4154 3857 4226 ἐρριζω-

2277 4247 2446 4319 μένην
2477 4247 2536 4298 ἐν
2561 4247 2728 4317 αὐτῆς
2776 4267 2781 4272 ’

2342 4339 2544 4392 ΔΛΛΟ.
2578 4337 2642 4391 Et
2689 4337 2764 4408 μὴ
2809 4335 2965 4407 μόνος
3004 4338 3033 4389 6
3066 4336 3376 4408 Μονογενὴς
3404 4337 3464 4390 τὸ
3505 4337 3619 4406 φῶς
3648 4337 3763 4390 ἐστι
3790 4337 3857 4391 τὸ

2273 4425 2545 4496 ἀληθινὸν,
2585 4425 2698 4496 εχει
2745 4425 2802 4478 δέ
2858 4425 2952 4480 καὶ
3000 4426 3130 4479 αὑτὸ
3169 4429 3202 4498 ἡ
3241 4427 3435 4492 κτίσις,
3483 4429 3560 4492 ὡς
3605 4429 3856 4498 ὁμοφυὴς
3939 4489 3946 4500 ,

2273 4520 2444 4591 αὐτῷ,
2477 4519 2620 4574 κατὰ
2651 4518 2770 4574 τίνα
2799 4519 2998 4590 τρόπον
3035 4520 3352 4592 ἀναϐοῶμεν
3381 4523 3562 4592 ἡμεῖς,
3609 4523 3684 4587 ὼς
3715 4522 3856 4592 πρὸς

2274 4610 2406 4664 Θεὸν
2445 4610 2540 4663 καὶ
2564 4611 2801 4682 Πατέρα·
2831 4629 2849 4662 t
2873 4611 2962 4664 Ἐν
2983 4610 3061 4681 τῷ
3087 4612 3224 4680 φωτί
3254 4629 3346 4664 σου
3372 4613 3615 4682 ὀψόμεθα
3645 4613 3794 4684 φῶς;
3827 4633 3848 4664 ι

2275 4702 2337 4755 Εί
2379 4700 2487 4770 γὰρ
2528 4701 2644 4771 φῶς
2688 4703 2854 4771 ἐσμεν
2891 4700 3162 4772 ἀληθινὸν,
3209 4701 3326 4766 πῶς
3377 4705 3434 4756 ἐν
3477 4703 3648 4775 ἐτὲρῳ
3687 4723 3849 4774 φωτιο

2275 4793 2618 4864 σθησόμεϐα;
2650 4794 2712 4846 Et
2747 4793 2804 4846 δὲ
2848 4793 2923 4855 ὼς
2958 4793 3248 4864 χρῄζοντες
3296 4796 3622 4849 ἐπεισάκτου
3651 4798 3848 4866 φωτὸς,

2272 4883 2340 4938 τὰ
2368 4865 2816 4955 τοιαῢτὰΙφαμεν,
2845 4883 2944 4936 οὑκ
2972 4884 3123 4948 ὅντες
3159 4885 3398 4956 δηλονότι
3425 4887 3566 4940 κατὰ
3594 4865 3853 4957 ἀληθειαν

2271 4977 2387 5045 φῶς
2419 4975 2759 5048 ἀλωσόμεθα.
2806 4975 3013 5030 Οὐκοῦν
3040 4977 3158 5030 οὐδὲ
3191 4980 3449 5047 ὁμοφυεῖς
3486 4977 3562 5048 τῷ
3600 4978 3851 5032 τοσοῦτον

2274 5069 2414 5124 κατὰ
2448 5068 2608 5139 φύσιν
2638 5068 2778 5139 ὑπὲρ
2811 5069 2958 5139 ἡμᾶς
2993 5068 3288 5140 ὑπάρχοντι
3325 5069 3502 5140 Λόγῳ.

2342 5247 2527 5303 ΑΛΛΟ
2581 5247 3035 5318 διηγηματικῶς.
3080 5246 3139 5301 Ὀ
3192 5247 3397 5318 Κύριος
3445 5246 3600 5318 ἡμῶν
3645 5248 3853 5318 Ἰησοῦς

2271 5341 2504 5412 Χριστὸς
2554 5342 2612 5396 ἐν
2677 5345 2788 5404 τοῖς
2841 5339 3192 5408 Εὑαγγελίοις
3255 5341 3567 5412 εὑρίσκεται
3635 5341 3848 5412 λέγων·

2275 5452 2295 5488 t
2329 5433 2478 5505 Αὕτη
2503 5433 2560 5486 δέ
2586 5434 2733 5487 ἐστιν
2757 5433 2790 5503 ἡ
2817 5432 3017 5503 κρίσις,
3040 5433 3121 5485 ὅτι
3144 5432 3204 5485 τὸ
3231 5431 3347 5502 φῶς
3369 5433 3622 5504 ἐλήλυθεν
3651 5435 3730 5496 είς
3757 5434 3852 5488 τὸν

2274 5525 2496 5596 κόσμον,
2521 5525 2617 5578 καὶ
2635 5524 2928 5593 ἠγάπησαν
2952 5524 3001 5575 oi
3030 5521 3302 5594 ἄνθρωποι
3327 5522 3526 5593 μᾶλλον
3547 5523 3607 5578 τὺ
3635 5523 3850 5588 σκότος,

2273 5619 2311 5690 ἢ
2333 5617 2394 5671 τὸ
2422 5615 2559 5686 φῶς.
2589 5611 2700 5668 Ἦν
2731 5613 2841 5684 γὰρ
2863 5613 3044 5668 αὐτῶν
3067 5613 3277 5686 πονηρὰ
3306 5614 3374 5669 τὰ
3407 5615 3560 5687 ἔργα.
3594 5617 3706 5681 Πᾶς
3737 5617 3852 5690 γὰρ

675 5804 717 5838 ⁸⁸
746 5803 890 5861 Psal.
931 5818 1060 5865 xui.
1099 5803 1152 5858 '5-
1226 5807 1268 5836 "
1306 5803 1348 5859 ll
1375 5806 1501 5863 Cor.
1537 5823 1609 5876 Iv,
1645 5810 1696 5864 ό.
1777 5808 1820 5841 ⁸³
1859 5806 2018 5862 Joan.
2050 5823 2157 5866 ιιι.

2277 5848 2280 5859 .
2357 5805 2402 5839 ”
2436 5805 2587 5863 Psal.
2624 5820 2798 5872 xxxv,
2835 5807 2919 5864 iO.
