4156 6498
1922 263 1952 280 ,ο

332 367 451 426 ιιτ
492 344 509 349 ’
1442 380 1512 438 ιιι
1537 380 1830 441 JOANNIS
1870 382 2322 444 EVANGELlUM
2364 385 2494 446 LIB.
2528 386 2568 441 ι.
3553 371 3681 450 us

331 490 368 542 6
394 487 471 542 τά
499 486 686 558 φαῦλα
716 493 1001 564 πράσσων,
1036 497 1188 567 μισεῖ
1213 497 1272 552 τὸ
1301 497 1440 568 φῶς,
1473 501 1570 555 καὶ
1597 502 1698 556 οὐκ
1728 500 1949 575 ἔρχεται

2061 503 2203 559 male
2249 503 2384 574 agit.
2414 502 2533 560 odit
2561 503 2838 570 lucem,et
2870 518 2980 560 non
3010 504 3161 561 venit
3202 504 3273 560 ad
3319 506 3496 563 lucem
3514 508 3582 564 ⁸⁸.
3630 528 3650 560 ι

334 575 487 648 πρὸς
514 575 580 631 τὸ
612 577 752 647 φῶς.
785 598 804 632 ι
843 580 984 635 Ἀλλ’
1010 585 1171 656 εἴπερ
1209 585 1330 640 ἐστὶ
1367 586 1427 641 τὸ
1453 586 1570 656 φῶς
1603 586 1665 641 τὸ
1699 587 1949 658 ἀληθινὸν

2058 595 2129 649 At
2154 596 2200 652 si
2236 596 2330 650 lux
2356 610 2484 651 vera
2515 605 2604 651 est
2637 594 3079 668 Unigenitus,-et
3110 597 3200 653 lux
3237 613 3368 653 vera
3392 597 3656 656 similiter

331 669 364 721 6
394 668 741 742 Μονογενὴς,
768 672 887 741 φῶς
915 673 973 728 δὲ
1001 676 1202 747 ὁμοίως
1248 677 1505 749 ἀληθινὸν
1544 674 1687 734 εἶναι
1730 679 1955 735 δύναται

306 756 438 850 imi.
468 763 504 833 ἡ
543 763 758 827 κτίσις·
794 763 914 830 πῶς
957 769 986 821 6
1034 768 1134 839 μὲν
1184 769 1405 842 ἔρχεται
1443 771 1664 841 φωτιῶν
1692 773 1885 845 αὐτὴν,
1920 773 1953 843 ἡ

310 850 395 935 έδὲ
428 851 631 921 ἠγάπα
654 852 717 907 τὸ
748 855 942 920 σκότος
968 875 984 925 ;
1016 858 1145 923 Πῶς
1170 858 1227 912 δὲ
1264 859 1402 924 ὅλως
1434 862 1535 915 οὐκ
1563 860 1782 933 ἔρχεται
1818 863 1956 933 πρὸς

334 940 401 994 τὸ
431 942 578 1011 φῶς,
604 943 768 1017 εἴπερ
798 947 948 1001 ἐστὶν
978 947 1121 1021 αὕτη
1166 951 1229 1004 τὸ
1271 949 1388 1021 φῶς
1429 952 1493 1006 τὸ
1538 952 1830 1026 ἀληθινόν;
1873 954 1955 1008 Τὰ

343 1032 447 1104 μὲν
480 1033 597 1107 γὰρ
622 1035 787 1106 φύσει
819 1040 1091 1110 προσόντα
1120 1044 1261 1096 τισὶν
1301 1043 1682 1117 ἐρριζωμένην
1704 1043 1818 1116 ἔχει
1852 1044 1953 1116 τὴν

347 1124 508 1194 φύσιν
532 1142 547 1155 ’
580 1126 654 1182 τὰ
675 1127 733 1181 δὲ
765 1130 962 1203 αίρετά
1000 1133 1140 1187 κατά
1179 1134 1417 1207 θέλησιν,
1452 1136 1514 1189 ού
1559 1137 1819 1209 τοιαύτην
1839 1135 1951 1209 ἔχει

345 1214 442 1286 τὴν
491 1215 706 1284 στάσιν,
759 1213 875 1273 οἷον
928 1220 1064 1293 φέρε
1122 1225 1326 1279 είπεῖνο
1369 1228 1469 1280 οὐκ
1521 1229 1585 1280 ἐκ
1644 1227 1951 1299 βουλήσεως

338 1304 441 1376 τῆς
472 1304 616 1371 ἰδίας
640 1308 702 1361 τὸ
735 1307 1025 1380 ἄνθρωπος
1051 1309 1193 1369 εἶναι
1221 1315 1438 1385 λογικὸς
1463 1318 1790 1390 κεκτήσεται
1829 1337 1910 1385 τις
1934 1337 1947 1351 ·

336 1395 456 1465 εχει
493 1396 610 1468 γάρ
650 1399 785 1453 αὐτὸ
822 1401 976 1474 παρά
999 1404 1103 1475 τῆς
1130 1406 1374 1476 φύσεως·
1422 1407 1534 1473 ἕξει
1579 1409 1624 1463 δ’
1668 1406 1760 1465 οὖν
1799 1410 1947 1482 ὅμως

335 1487 492 1542 κατά
520 1488 743 1560 θέλησιν
784 1492 884 1565 τὴν
917 1495 1136 1562 ἑαυτοῦ,
1171 1499 1231 1552 τὸ
1268 1495 1407 1553 εἶναι
1458 1501 1712 1574 πονηρὸς,
1741 1501 1774 1573 ἢ
1804 1502 1944 1570 ἀγα-

335 1576 462 1644 θδς,
491 1579 767 1652 ἀγαπήσει
796 1598 853 1636 τε
894 1585 1096 1655 ὁμοίως
1125 1589 1213 1641 ἐπ’
1254 1588 1503 1656 ἐξουσίας
1546 1591 1607 1644 τὸ
1652 1591 1941 1665 δίκαιον,ἢ

331 1671 405 1724 τὸ
430 1673 705 1730 ἐναντίον.
736 1675 911 1750 Eia-cep
946 1672 1039 1733 οὖν
1077 1680 1226 1735 ἐστιν
1258 1684 1296 1753 ἡ
1323 1683 1669 1753 κτίσιςοκατά
1699 1683 1861 1752 φύσιν
1882 1685 1945 1738 τὸ

332 1763 465 1832 φῶς
483 1777 499 1793 ’
530 1764 690 1820 τοῦτο
716 1765 1115 1841 γὰρ,σημαίνει
1138 1771 1201 1825 τὸ
1218 1772 1548 1840 ἀληθινόν-⁸
1586 1774 1705 1838 πῶς
1727 1774 1828 1830 οὐκ
1854 1774 1944 1845 ἔρ-

2057 701 2179 742 esse
2206 692 2385 757 potest
2424 697 2678 743 creatura
2712 705 2725 740 :
2760 688 3041 760 quomodo
3074 689 3167 745 ille
3219 690 3445 761 quidem
3505 692 3656 748 venit

2060 778 2475 835 illuminaturus
2510 794 2652 843 eam,
2705 779 2820 835 haec
2871 788 3054 837 autem
3113 782 3376 839 tenebras
3419 782 3656 839 dilexit?

2056 869 2167 924 Aut
2193 870 2474 941 quomodo
2508 870 2554 927 si
2582 871 2676 927 lux
2716 880 2958 929 veraest
2985 872 3052 927 ad
3095 874 3275 930 lucem
3317 890 3433 930 non
3466 874 3659 941 venit?

2054 957 2188 1014 Nam
2210 975 2333 1032 qua:
2356 969 2557 1017 natura
2587 963 2874 1020 nonnullis
2935 964 3149 1032 insunt,
3182 974 3449 1022 naturam
3499 965 3654 1023 radi-

2054 1052 2202 1109 citus
2234 1052 2461 1109 intixam
2499 1054 2737 1122 habent;
2769 1070 2893 1128 qua:
2933 1065 3115 1111 autem
3148 1072 3178 1111 a
3207 1058 3497 1114 voluntate
3525 1073 3657 1129 pro-

2053 1142 2419 1210 ﬁciscuntur,
2458 1161 2568 1201 non
2594 1155 2702 1201 tam
2738 1148 2895 1203 ﬁrma
2922 1165 2987 1202 ac
3020 1148 3246 1203 stabilia
3275 1156 3428 1204 sunt.
3453 1148 3649 1203 Exem—

2053 1236 2122 1304 pli
2152 1236 2328 1307 gratia
2370 1256 2384 1292 :
2436 1253 2598 1294 nemo
2649 1240 2875 1296 liabeth
2928 1240 3221 1296 voluntate
3262 1248 3320 1295 ut
3352 1241 3426 1295 sit
3487 1241 3656 1295 bonio

2050 1325 2294 1383 rationis
2324 1341 2589 1397 compos;
2622 1328 2675 1383 id
2702 1329 2854 1383 enim
2893 1329 3058 1385 habet
3099 1345 3130 1383 a
3154 1337 3355 1385 natura
3409 1347 3423 1383 :
3484 1327 3652 1383 habet

2057 1422 2250 1471 tamen
2274 1432 2303 1471 a
2330 1417 2611 1474 voluntate
2651 1419 2799 1489 quod
2824 1420 2893 1475 sit
2923 1434 3130 1490 pravus
3182 1426 3279 1475 aut
3332 1417 3544 1491 probus
3598 1426 3654 1474 ct

2056 1507 2114 1561 in
2141 1507 2264 1577 ejus
2300 1516 2572 1579 potestate
2622 1503 2706 1566 eet
2740 1511 2998 1582 amplecti
3029 1510 3269 1582 justum,
3296 1517 3391 1565 aut
3418 1515 3638 1566 contra.

2048 1596 2107 1652 Si
2158 1614 2289 1670 ergo
2342 1608 2598 1655 creatura
2648 1600 2740 1655 lux
2798 1609 2883 1656 est
2918 1603 3221 1658 secundum
3266 1614 3423 1657 suam
3481 1610 3645 1654 natu-

2046 1705 2188 1761 ram,
2226 1692 2281 1746 id
2309 1698 2395 1747 est
2434 1707 2583 1757 vera,
2610 1692 2909 1762 quomodo,
2940 1693 3007 1748 ad
3057 1693 3238 1751 lucem
3285 1706 3397 1747 non
3464 1691 3646 1758 venit,

2046 1789 2141 1836 aut
2192 1781 2471 1853 quomodo
2530 1782 2791 1839 tenebras
2836 1781 3053 1853 diligit,
3103 1782 3267 1855 quasi
3311 1790 3513 1839 natura
3554 1782 3653 1838 lux

331 1870 500 1925 χεται
535 1854 675 1928 πρὸς
698 1855 760 1909 τὸ
791 1856 910 1928 φῶς
930 1899 945 1924 ,
984 1859 1017 1930 ἢ
1048 1860 1167 1925 πῶς
1191 1862 1382 1933 ἀγαπᾷ
1409 1862 1470 1917 τὸ
1504 1863 1715 1929 σκότος,
1745 1863 1822 1927 ὡς
1852 1865 1949 1919 οὐκ

2058 1888 2182 1929 vera
2214 1889 2338 1930 esse
2356 1881 2615 1944 nequeat,
2679 1873 2779 1930 sed
2806 1875 3040 1930 arbitrio
3093 1854 3196 1931 suo
3253 1890 3319 1930 ac
3357 1875 3649 1931 voluntate

335 1947 545 2018 ἔχουσα
568 1947 820 2018 δηλονότι
863 1951 1006 2006 κατά
1037 1949 1202 2022 φύσιν
1242 1953 1304 2007 τὸ
1348 1949 1489 2008 εἶναι
1521 1953 1639 2024 φῶς
1669 1950 1948 2025 ἀληθινὸν,

343 2040 744 2113 προαιρετικὴν
770 2041 835 2097 δὲ
867 2043 1071 2114 μᾶλλον
1101 2045 1401 2116 ποιουμένη
1429 2044 1529 2119 τὴν
1556 2045 1650 2099 ἐπὶ
1691 2045 1754 2099 τὺ
1782 2044 1947 2117 ἀμει-

264 2208 272 2221 ι
346 2148 461 2197 νον,
500 2132 531 2202 ἦ
570 2133 640 2187 τὰ
680 2134 859 2207 χείρω
904 2138 1118 2210 ροπήν;
1147 2138 1219 2192 Ἦ
1255 2138 1434 2195 τοίνυν
1478 2138 1947 2209 ἀππολμάτωσαν

339 2224 392 2278 ei
422 2223 494 2277 δι’
518 2226 775 2290 ἐναντίας
817 2226 894 2300 μὴ
940 2230 1187 2298 φυσικῶς
1227 2230 1556 2303 ἐνυπάρχειν
1598 2229 1679 2302 τῷ
1719 2230 1834 2302 Υίῷ
1879 2230 1946 2285 τὰ

332 2314 487 2388 ὑπὲρ
510 2316 614 2389 τὴν
641 2317 823 2372 κτίσιν
864 2318 1313 2393 πλεονεκτήματα
1336 2321 1538 2391 λέγειν,
1570 2322 1658 2378 ἶνα
1680 2322 1944 2394 γυμνότεα

334 2424 435 2480 ρον
493 2407 672 2482 δυσφη
681 2410 913 2481 μοῧντες
962 2412 1291 2485 ἐλέγχωνται
1315 2454 1331 2480 ,
1381 2416 1476 2470 καὶ
1523 2415 1678 2488 ποιρά
1722 2415 1944 2471 πάντων

329 2501 675 2568 ἀκούσωσιν,
704 2502 1181 2576 ινἙξολοθρεύσαι
1227 2504 1434 2578 Κύριος
1463 2505 1641 2562 πάντα
1679 2507 1748 2562 τά
1786 2506 1940 2581 χείλη

320 2591 404 2644 τὰ
448 2591 624 2659 δόλια,
657 2592 915 2661 γλῶσσαν
959 2597 1546 2669 μεγαλορῤήμονα,ἢ
1605 2597 1765 2669 είπερ
1807 2600 1941 2669 ὁμο⁴

331 2683 564 2754 λογοῦσι
592 2686 784 2755 σαφῶς
801 2686 1078 2751 οὐσιωδῶς
1105 2688 1437 2760 ἐνυπάρχειν
1460 2688 1611 2761 αὐτῷ
1634 2688 1703 2743 τὰ
1731 2687 1939 2759 ἀγαθὰ,

336 2776 418 2848 μὴ
450 2778 883 2833 συναπτέτωσαν
913 2777 1065 2850 αὐτῷ
1095 2779 1231 2852 πρὸς
1261 2781 1490 2854 ἑνότητα
1529 2782 1632 2853 τὴν
1658 2780 1803 2835 κατά
1828 2779 2010 2851 φύσιν,

342 2867 742 2925 ἀποδέδεικται.
1007 2940 1025 2956 ⁸

409 2961 615 3016 ΔΛΛΟ.
654 2961 721 3016 El
770 2961 847 3035 μὴ
895 2963 1056 3034 μόνος
1105 2967 1134 3019 6
1180 2965 1287 3020 τοῦ
1321 2965 1463 3020 Θεοῦ
1505 2966 1679 3036 Λόγος
1723 2966 1786 3021 τὸ
1827 2965 1944 3036 φῶς

330 3050 458 3103 ἐστι
487 3050 553 3104 τὸ
581 3049 863 3120 ἀληθινὸν,
886 3053 1024 3108 ἀλλά
1053 3055 1148 3109 καὶ
1175 3056 1208 3127 ὴ
1242 3055 1441 3121 κτίσις,
1473 3055 1724 3131 καθάπερ
1753 3056 1938 3120 αὐτὸς,

329 3141 422 3197 διὰ
458 3142 630 3197 ποίαν
671 3142 854 3198 αίτίαν
882 3163 901 3197 ‹
945 3140 1087 3215 Ἐγώ
1114 3148 1251 3218 ειμι,
1288 3165 1307 3201 ι
1340 3148 1493 3219 φησὶ,
1533 3166 1552 3200 ι
1590 3147 1654 3201 τὺ
1700 3148 1817 3219 φῶς
1845 3147 1939 3202 τοῦ

332 3235 592 3306 ιόσμου;
628 3254 647 3287 ι
687 3238 748 3309 ,ιη’
776 3237 895 3302 πῶς
939 3238 1240 3311 ἀνεξόμεθα
1288 3240 1385 3295 τοῦ
1434 3240 1718 3295 καλλίστου
1752 3241 1941 3295 πλεονο

331 3330 658 3400 εκτήματος
710 3330 1158 3402 ἀπογυμνοῦντες
1203 3333 1305 3406 τὴν
1352 3331 1513 3404 φύσιν
1536 3372 1552 3397 ,
1604 3332 1766 3404 είπερ
1807 3333 1952 3398 ὅλως

331 3423 616 3494 ἐνδέχεται
649 3423 748 3477 καὶ
774 3426 923 3496 ἡμᾶς
957 3424 1213 3495 ἀληθινὸν
1258 3420 1399 3480 εἶναι
1443 3424 1578 3496 φῶς,
1610 3412 1689 3490 ὡς
1716 3424 1949 3496 ἐχούσης

334 3514 477 3570 αὐτὸ
504 3513 602 3567 καὶ
630 3514 729 3585 τῆς
758 3513 997 3585 γενητῆς
1022 3514 1247 3581 οὐσίας;
1301 3515 1365 3569 El
1395 3515 1454 3569 δὲ
1482 3513 1741 3587 ἀληθεύει
1772 3515 1948 3585 λέγων

334 3606 367 3659 6
417 3604 761 3676 Μονσγενὴς,
810 3622 830 3657 ι
872 3604 1015 3675 Ἐγώ
1075 3608 1193 3677 ειμι
1240 3605 1303 3660 τὸ
1350 3604 1467 3677 φῶς
1512 3605 1608 3660 τοῦ
1652 3606 1881 3677 κόσμου,
1923 3624 1945 3660 ι

339 3696 536 3768 σχέσει
575 3696 820 3768 δηλονότι
869 3700 936 3769 τῇ
984 3697 1121 3770 πρὸς
1167 3697 1331 3754 αὐτὸν
1381 3699 1415 3771 ἡ
1469 3698 1668 3763 κτίσις,
1712 3700 1809 3753 καὶ
1849 3699 1949 3771 οὐκ

336 3788 552 3863 ἑτέρως
588 3789 745 3843 ἔσται
789 3788 925 3859 φῶς.
954 3789 1019 3843 Ei
1059 3789 1118 3843 δὲ
1160 3790 1340 3857 τοῦτο,
1373 3791 1473 3863 οὐχ
1507 3790 1755 3863 όμοφυὴς
1778 3790 1948 3863 αὐτῷ.

409 3881 630 3937 ΛΔΛΟ.
683 3880 749 3937 El
798 3881 874 3953 μὴ
921 3878 1081 3952 μόνος
1122 3881 1267 3936 κατὰ
1305 3881 1566 3954 ἀλήθειαν
1598 3881 1716 3951 φῶς
1745 3884 1893 3936 ἐστιν
1920 3883 1950 3937 6

338 3974 498 4039 Υίὺς,
527 3975 711 4029 κεῖται
740 3974 799 4028 δὲ
826 3974 988 4029 τοῦτο
1032 3976 1127 4029 καὶ
1174 3976 1233 4045 ἐν
1270 3976 1382 4038 τοῖς
1426 3977 1704 4047 γενητοῖς
1735 3975 1787 4028 τί
1816 3990 1948 4028 ποτε

337 4066 454 4139 ἄρα
482 4066 746 4138 ἐροῦμεν,
776 4065 905 4120 ὅταν
938 4067 1069 4138 ἡμῖν
1107 4067 1137 4120 6
1171 4063 1482 4135 σοφώτατος
1514 4064 1802 4139 ἐπιστέλλῃ
1838 4064 1951 4137 ,Πέ-

337 4172 495 4229 τροςο
515 4173 537 4207 ι
560 4155 757 4237 Ὑμεῖς
775 4154 833 4209 δὲ
850 4154 1008 4225 γένος
1038 4154 1315 4221 ἐκλεκτὸν,
1336 4153 1603 4226 βασίλειον
1625 4155 1946 4226 ἱεράτευμα,

337 4248 503 4314 ἔθνος
531 4247 714 4317 ἅγιον,
754 4246 882 4312 λαὸς
918 4249 1001 4313 είς
1033 4247 1403 4321 περιποίησιν,
1436 4247 1585 4313 ὅπως
1620 4248 1723 4312 τὰς
1742 4249 1949 4319 ιίιρετάςΙ

337 4341 710 4411 ἐξαγγείλητε
747 4340 842 4393 τοῦ
868 4341 934 4394 ἐκ
962 4340 1190 4405 σκότους
1215 4340 1363 4412 ὑμᾶς
1406 4338 1736 4406 καλέσαντος
1766 4343 1848 4406 εἰς
1890 4340 1951 4395 τδ

338 4432 670 4507 θαυμαστὸν
723 4432 890 4487 αὑτοῦ
933 4432 1086 4503 φῶς;
1148 4434 1309 4488 Ποῖον
1365 4432 1474 4505 γὰρ
1533 4433 1672 4498 ὅλως
1716 4435 1777 4488 ὲν
1820 4436 1951 4504 ἡμῖν

338 4530 465 4583 ἔστι
502 4525 722 4592 σκότος,
753 4525 787 4598 ἢ
822 4527 883 4581 ὲν
912 4525 1052 4598 ποίῳ
1084 4526 1392 4596 γεγόναμεν
1427 4525 1626 4598 σκότῳ,
1673 4526 1769 4580 καὶ⁵
1797 4524 1951 4580 αὐτοὶ

2045 1963 2210 2018 modo
2237 1964 2293 2018 in
2326 1964 2544 2031 melius,
2584 1966 2751 2021 modo
2776 1966 2837 2022 in
2871 1965 3321 2036 pejusferatnr?
3362 1966 3473 2020 Aut
3548 1966 3649 2036 igi-

2048 2063 2141 2111 tur
2165 2052 2471 2111 adversarii
2499 2058 2952 2126 supernatnrales
2983 2058 3143 2114 dotes
3190 2058 3245 2111 in
3281 2055 3419 2112 Filio
3479 2065 3650 2111 natu-

2049 2144 2243 2200 raliter
2271 2146 2547 2203 exsistere
2596 2147 2863 2203 audacter
2899 2157 3125 2221 negent,
3161 2156 3222 2203 ut
3251 2147 3476 2217 cognita
3525 2146 3650 2202 illo-

2046 2236 2541 2308 rumtblasphemia
2571 2239 2640 2295 ab
2664 2240 2929 2296 omnibus
2961 2240 3192 2295 audiant
3234 2259 3247 2296 :
3291 2258 3310 2292 ι
3350 2240 3649 2312 Disperdat

2052 2326 2324 2386 Dominus
2352 2330 2613 2388 universa
2658 2331 2804 2387 labia
2861 2331 3080 2400 dolosa,
3112 2340 3168 2389 et
3223 2333 3467 2405 linguam
3527 2348 3647 2386 ma-

2044 2419 2410 2491 gniloquam"
2438 2421 2551 2494 69
2594 2441 2608 2478 :
2658 2430 2752 2477 aut
2783 2423 2831 2480 si
2884 2422 3128 2482 fatentur
3195 2425 3645 2498 super-naturalia

2045 2509 2190 2567 bona
2229 2512 2280 2568 ei
2320 2512 2771 2570 substantialiter
2811 2514 3033 2583 inesse,
3094 2530 3163 2571 ne
3200 2517 3546 2588 conjungant
3595 2515 3647 2570 ei

2043 2602 2283 2657 naturali
2304 2603 2520 2659 unitate
2540 2610 2876 2671 creaturam,
2911 2619 3031 2677 qua:
3054 2594 3367 2662 iStiusmodi
3402 2619 3512 2661 non
3538 2611 3643 2669 est,

2047 2699 2110 2748 ut
2133 2700 2295 2750 antea
2322 2693 2858 2752 demonstravimus.

2046 2783 2145 2856 τὴν
2173 2785 2272 2856 οὐχ
2333 2783 2509 2851 οὕτως
2575 2786 2807 2858 ἔχουσαν
2856 2787 3070 2857 κτίσιν,
3132 2788 3208 2853 ὡς
3275 2786 3478 2863 ἀρτίως
3515 2785 3647 2858 ἡμῖν

2121 2960 2354 3018 ALIUD.
2393 2960 2452 3019 Si
2480 2976 2591 3018 non
2622 2962 2802 3020 solum
2834 2961 2930 3020 Dei
2978 2961 3221 3021 Verbum
3252 2980 3382 3021 vera
3409 2965 3502 3021 lux
3532 2974 3641 3031 est,

2050 3052 2150 3110 sed
2220 3060 2476 3109 creatura
2527 3063 2792 3124 praeterea
2848 3054 2993 3111 sicut
3060 3055 3287 3125 ipsum:
3354 3068 3519 3125 quam
3574 3050 3645 3109 ob

2048 3158 2270 3199 causam
2301 3145 2419 3199 ait:
2459 3163 2479 3197 ι
2511 3143 2626 3216 Ego
2653 3160 2777 3202 sum
2825 3145 2919 3201 lux
2967 3144 3160 3200 mundi
3189 3145 3276 3199 "2
3320 3164 3339 3199 ι
3376 3152 3470 3200 aut
3507 3161 3646 3217 quo-

2047 3236 2213 3292 modo
2227 3237 2649 3308 praeclarissima
2659 3238 2790 3293 dote
2807 3237 3033 3309 spoliari
3051 3238 3299 3294 sinemus
3309 3245 3642 3300 creaturam,

2048 3327 2094 3385 si
2124 3329 2241 3386 ﬁeri
2284 3335 2463 3401 potest
2498 3336 2556 3385 ut
2586 3330 2761 3386 simus
2804 3345 2932 3386 vera
2972 3330 3088 3397 lux,
3133 3337 3335 3401 utpote
3353 3342 3479 3384 cum
3523 3343 3642 3383 eam

2050 3416 2250 3474 habeat
2304 3434 2526 3491 quoque
2577 3430 2763 3476 creata
2818 3420 3170 3479 substantia?
3225 3420 3385 3488 Quod
3425 3420 3473 3476 si
3519 3435 3648 3476 vere

2048 3509 2296 3581 loquitur
2337 3510 2693 3584 Unigenitug,
2749 3529 2879 3569 cum
2940 3514 3072 3569 ait:
3134 3531 3155 3566 ι
3196 3512 3311 3586 Ego
3368 3528 3491 3570 sum
3553 3515 3646 3569 lux

2049 3602 2264 3667 mundi,
2311 3623 2332 3657 ι
2367 3605 2637 3663 relatione
2689 3606 2855 3677 igitur
2887 3605 2957 3662 ad
2999 3607 3179 3678 ipsum
3228 3600 3505 3672 creatura,
3542 3619 3647 3660 nec

2050 3694 2159 3750 alio
2182 3695 2348 3751 modo
2369 3697 2485 3753 erit
2502 3696 2620 3752 lux.
2644 3696 2803 3765 Quod
2836 3698 2882 3754 si
2907 3696 2984 3752 ita
3009 3704 3257 3766 est,.non
3283 3705 3368 3754 est
3392 3695 3643 3768 ejusdem

2049 3802 2176 3843 cum
2214 3788 2334 3858 ipso
2363 3795 2595 3845 natum.
3369 3830 3383 3853 ,

2118 3879 2352 3936 ALIUD.
2416 3879 2474 3935 Si
2514 3896 2626 3936 non
2667 3881 2821 3939 solus
2870 3880 3176 3939 secundum
3224 3881 3511 3938 veritatem
3552 3880 3647 3937 lux

2048 3978 2136 4027 est
2163 3971 2360 4039 Filius,
2392 3973 2488 4029 sed
2520 3973 2647 4029 haec
2675 3974 2842 4030 etiam
2885 3973 3057 4030 rebus
3109 3975 3314 4030 creatis
3365 3974 3643 4041 convenit,

2050 4062 2183 4133 quid
2224 4063 2686 4135 respondebimus
2714 4062 2883 4120 Petro
2918 4064 3183 4135 scribenti
3217 4082 3232 4119 :
3268 4083 3290 4119 ι
3325 4063 3432 4121 Vos
3460 4072 3647 4120 autem

2051 4169 2227 4226 genus
2250 4155 2515 4220 electum,
2542 4154 2728 4225 regale
2778 4153 3175 4220 sacerdotium,
3227 4169 3362 4225 gens
3414 4159 3604 4210 sancta
3626 4196 3643 4221 ,

2050 4246 2286 4319 populus
2312 4245 2722 4318 acquisitionis,
2774 4252 2837 4302 ut
2876 4245 3112 4302 virtutes
3152 4244 3492 4303 annuntietis
3524 4244 3647 4316 ejus

2050 4339 2145 4410 qui
2190 4337 2258 4395 de
2286 4338 2529 4394 tenebris
2562 4352 2661 4394 vos
2712 4338 2934 4394 vocavit
2988 4339 3045 4394 in
3083 4336 3410 4395 admirabile
3460 4338 3646 4394 lumen

2052 4449 2215 4491 suum
2243 4432 2331 4488 “2‘
2359 4451 2380 4487 ι
2412 4431 2549 4500 Quae
2576 4431 2723 4489 enim
2776 4430 2833 4486 in
2866 4431 3052 4500 nobis,
3079 4446 3288 4504 quaeso,
3326 4440 3457 4489 sunt
3490 4440 3649 4489 tene-

2052 4528 2185 4594 brae,
2227 4532 2322 4581 aut
2351 4525 2555 4597 quibus
2588 4522 2644 4580 in
2671 4524 2917 4581 tenebris
2949 4523 3181 4592 fuimus,
3212 4540 3336 4581 cum
3370 4525 3476 4597 ipsi
3512 4541 3649 4599 quo-

338 4620 493 4676 κατά
521 4619 786 4691 ἀλήθειαν
823 4617 979 4681 ὅντες
1001 4616 1116 4688 φῶς
1144 4634 1158 4684 ;
1191 4615 1335 4671 κατὰ
1363 4615 1488 4671 τίνα
1515 4614 1573 4669 δὲ
1598 4615 1797 4688 τρόπον
1825 4615 1949 4671 ἀνα-

2053 4635 2162 4690 que
2186 4616 2284 4673 lut-
2308 4617 2482 4673 simus
2519 4616 2827 4674 secundum
2860 4616 3155 4671 naturam?
3180 4614 3431 4682 Quonam
3466 4624 3646 4673 autem

335 4711 673 4783 κεκλήμεθα
712 4710 850 4783 πρὸς
885 4709 949 4764 τὸ
997 4708 1116 4779 φῶς
1139 4751 1157 4777 ,
1215 4710 1264 4763 οἱ
1306 4707 1383 4780 μὴ
1434 4708 1587 4773 ὄντες
1629 4710 1688 4763 ἐν
1732 4708 1947 4781 σκότῳς

350 4802 504 4860 Ἀλλ’
533 4803 596 4857 οὐ
627 4801 885 4873 ψεύδεται
910 4801 1013 4874 τῆς
1045 4800 1302 4873 ἀληθείας
1335 4800 1365 4853 6
1403 4799 1581 4873 κήρυξ
1611 4801 1641 4854 6
1673 4800 1951 4874 θαρσήσας

338 4899 553 4953 είπεῖνο
589 4914 611 4949 ι
639 4896 701 4949 El
722 4892 888 4968 [vulg.
917 4893 1065 4968 ἐπεὶ]
1093 4892 1322 4966 δοκιμὴν
1360 4893 1574 4965 ζητεῖτε
1603 4892 1700 4948 τοῦ
1742 4894 1805 4948 ὲν
1824 4895 1954 4966 ἐμοὶ

338 4989 652 5053 λαλοῦντος
699 4985 979 5061 Χριστοῦ;
1029 5006 1050 5042 ι
1099 4988 1212 5042 Ka‘t
1265 4978 1589 5057 κεκλήμεθα
1632 5004 1652 5039 ι
1702 4985 1841 5058 πρὸς
1890 4985 1953 5042 τὸ

341 5083 680 5155 θαυμαστὸν
724 5081 891 5137 αὐτοῦ
925 5082 1065 5157 φῶς,
1098 5101 1120 5136 ι
1151 5080 1227 5145 ὡς
1263 5081 1372 5136 ἀπὺ
1411 5079 1638 5144 σκότους
1683 5079 1813 5150 ἄρα,
1857 5081 1954 5134 καὶ

338 5177 448 5248 οὐχ
476 5174 719 5245 ἑτέρως·
758 5175 806 5229 εί
845 5173 904 5228 δὲ
946 5172 1108 5228 τοῦτο
1153 5171 1372 5245 ἀληθὲς,
1411 5172 1514 5226 οὐκ
1542 5170 1664 5244 ἀρα
1698 5171 1733 5242 ἡ
1779 5171 1958 5235 κτίσις

337 5267 496 5325 κατά
531 5265 792 5338 ἀλήθειαν
826 5265 962 5335 φῶς,
992 5265 1129 5321 ἀλλὰ
1172 5266 1333 5337 μόνος
1372 5264 1472 5336 μὲν
1498 5263 1708 5336 κυρίως
1742 5279 1829 5328 τε,
1862 5263 1958 5319 καὶ

337 5355 575 5429 ἀληθῶς
599 5356 632 5409 6
662 5355 811 5419 Υἱὸς,
842 5354 986 5410 κατά
1019 5354 1239 5426 μέθεξιν
1272 5354 1331 5409 δὲ
1352 5353 1456 5426 τὴν
1492 5353 1630 5427 πρὸς
1661 5353 1868 5409 ἐκεῖνον
1887 5351 1958 5407 τὰ

338 5449 584 5522 γενητὰ.
617 5449 716 5504 καί
746 5448 834 5503 διὰ
865 5449 1023 5503 τοῦτο
1049 5448 1151 5521 οὐχ
1173 5446 1414 5519 ὁμοφυᾶ.

342 5544 552 5600 Ἄλλα
572 5541 730 5611 μετὰ
755 5538 1141 5611 παραθέσεως
1169 5537 1394 5611 ῥητῶν,
1423 5538 1495 5605 ἐξ
1523 5538 1957 5611 ἁπλουστέρων

418 5608 683 5683 srrqu
711 5613 816 5683 εις
838 5608 1181 5683 δμουέοτιανί
1210 5608 1731 5683 φυνάιυὴταηκτορς
1761 5610 1959 5683 ἐπεξυ-

421 5681 749 5754 ξομένους,
782 5678 886 5736 ὅτῐ
913 5678 1103 5752 μόνος
1140 5680 1347 5751 δηΥίὸς
1383 5678 1504 5736 τοῦ
1551 5678 1700 5736 Θεοῦ
1732 5679 1798 5735 τὸ
1828 5678 1957 5752 φῶς

2052 4710 2218 4766 modo
2246 4710 2487 4766 revocati
2516 4723 2709 4766 sumus
2752 4708 2821 4764 ad
2859 4708 3062 4774 lucem,
3093 4707 3187 4778 qui
3219 4722 3336 4763 non
3363 4723 3557 4764 sumus
3591 4709 3649 4763 in

2051 4801 2341 4859 tenebris?
2363 4802 2435 4856 At
2465 4816 2579 4857 non
2607 4800 2817 4857 fallitur
2841 4813 3021 4871 praeco
3040 4797 3313 4862 veritatis.
3342 4799 3434 4868 qui
3465 4798 3649 4855 dicere

2053 4907 2224 4949 ausus
2251 4899 2382 4951 est:
2430 4909 2462 4945 ιη
2486 4892 2581 4948 ΑιιΔ
2603 4890 3041 4962 experimentum
3089 4890 3347 4960 quaeritis
3376 4891 3501 4961 ejus
3551 4891 3646 4963 qui

2054 4986 2111 5041 in
2151 5001 2240 5042 me
2274 4986 2525 5059 loquitur
2548 4984 2810 5041 Christus
2834 4982 2925 5038 ιιι
2953 5001 2973 5037 ι
3004 4982 3071 5038 Et
3095 4984 3281 5040 vocati
3307 4998 3501 5042 sumus
3526 5003 3546 5038 ι
3579 4984 3648 5040 ad

2055 5078 2243 5134 lumen
2277 5077 2400 5148 ejus
2448 5076 2793 5145 admirabile,
2841 5096 2877 5131 ι-
2911 5092 2943 5131 a
2975 5076 3224 5134 tenebris
3271 5077 3485 5149 utique,
3534 5093 3645 5135 non

2054 5178 2267 5225 contra.
2298 5167 2455 5236 Quod
2486 5168 2533 5225 si
2558 5183 2749 5225 verum
2783 5176 2897 5236 est,
2925 5183 3036 5225 non
3066 5175 3153 5225 est
3179 5168 3366 5238 itaque
3392 5176 3647 5225 creatura

2052 5275 2185 5317 vera
2230 5259 2348 5325 lux,
2397 5259 2495 5316 sed
2530 5260 2685 5317 solus
2730 5260 2957 5333 proprie
3010 5276 3077 5316 ac
3129 5274 3259 5316 vere
3302 5259 3502 5329 Filius,
3551 5276 3648 5331 per

2052 5351 2541 5424 participationem
2573 5360 2759 5409 autem
2783 5367 2910 5409 cum
2943 5353 3039 5409 illo
3093 5367 3185 5410 res
3212 5359 3435 5411 creatae.
3489 5351 3645 5408 ideo-

2053 5460 2162 5516 que
2189 5459 2296 5501 nec
2324 5444 2573 5517 ejusdem
2604 5454 2818 5503 natum
2845 5461 2970 5502 cum
3004 5446 3148 5516 ipso.
3638 5454 3641 5463 '

2059 5539 2220 5603 Δίὶα,
2254 5555 2371 5594 cum
2402 5539 2813 5610 simplicioribus
2852 5540 3197 5610 argumentis,
3226 5538 3417 5609 quibus
3448 5534 3647 5602 proba-

2133 5620 2222 5664 tur
2271 5611 2444 5667 solum
2495 5609 2593 5666 Dei
2642 5609 2847 5666 Filium
2875 5609 2993 5666 esu
3019 5625 3194 5664 ceram
3229 5612 3419 5668 lucem.
3467 5621 3655 5661 rerum

2133 5689 2313 5735 autem
2361 5690 2663 5737 creatarum
2710 5690 2965 5736 naturam
3011 5688 3224 5749 accepto
3252 5678 3319 5732 ab
3357 5694 3419 5734 eo
3450 5675 3649 5735 Iuntina

410 5826 476 5865 ι⁸¹
507 5826 651 5886 toan
712 5843 811 5897 ιιι,
848 5826 946 5896 l9,
977 5828 1070 5885 20.
1149 5828 1197 5862 “
1232 5826 1378 5885 Psal.
1416 5843 1504 5893 xl,
1541 5827 1591 5883 ι.
1670 5829 1714 5861 ³⁷
1753 5825 1912 5883 toan.

2070 5866 2085 5895 ,
2122 5827 2207 5883 l9.
2288 5828 2333 5862 ⁸⁸
2368 5829 2387 5881 ι
2421 5825 2569 5883 Pctr.
2603 5841 2681 5893 ιι,
2709 5826 2760 5882 9.
2844 5823 2887 5856 θ’
2928 5821 2975 5877 ΙΙ
3000 5821 3127 5876 Cor.
3159 5790 3301 5889 Xlli,‘
3324 5822 3379 5880 δι
