4156 6486
572 370 672 426 119

1565 379 1624 434 S.
1664 377 1943 436 CYRILLI
1979 378 2452 437 ALEXANDBINI
2485 383 2808 440 ARCHIEP.

3738 388 3835 444 £20

509 496 521 506 ‘
631 488 960 570 collustrari,
993 506 1109 544 cum
1157 491 1586 547 substantialiter
1615 495 1710 548 tua:
1741 512 1854 550 esse
1895 505 2131 566 nequeat,

2313 500 2444 554 ἐστι
2473 501 2540 555 τὸ
2570 501 2882 566 ἀληθινὸν,
2911 501 2949 569 ἡ
2979 499 3046 552 δὲ
3080 498 3198 553 τῶν
3227 499 3493 570 γενητῶν
3520 500 3730 570 φύσις,
3766 501 3835 555 ἐκ

630 558 765 611 sicut
795 558 903 612 ille.

625 709 918 769 Psalmista
963 733 977 768 :
1034 735 1054 766 ι
1117 713 1403 786 Signatum
1445 727 1528 773 est
1579 737 1750 790 super
1801 737 1900 777 nos
1954 724 2136 779 lumen

558 799 743 856 vultus
774 803 873 866 tui,
905 803 1131 860 Domine
1161 804 1229 858 ⁸⁸.
1257 824 1276 858 ι
1305 807 1590 877 Atqualis,
1623 811 1873 879 obsecro,
1912 823 1995 868 est
2022 816 2140 870 vul-

555 901 646 948 tus
673 893 766 948 ille
813 893 910 953 Dei
963 909 1028 950 ac
1068 894 1272 961 Patris,
1311 897 1470 967 cujus
1504 915 1669 969 super
1719 917 1818 957 nos
1863 905 2138 974 signatum

553 992 638 1039 est
665 983 888 1040 lumen?
937 984 1081 1040 Num
1133 987 1231 1042 Dei
1277 986 1454 1044 Filius
1511 991 1850 1061 unigenitus,
1904 995 1996 1049 illa
2043 1012 2141 1067 per

553 1074 735 1128 omnia
761 1074 963 1130 similis
994 1075 1194 1144 imago,
1223 1083 1280 1131 et
1309 1077 1402 1146 qui
1436 1079 1668 1150 proinde
1709 1083 1827 1136 ait:
1859 1103 1876 1135 ι
1922 1084 2027 1150 Qui
2051 1087 2136 1141 vi-

552 1161 633 1216 dit
662 1177 773 1227 me,
807 1163 942 1218 vidit
971 1171 1025 1218 et
1055 1163 1272 1220 Patrem
1301 1166 1393 1221 “1?
1427 1187 1446 1220 ι
1480 1168 1745 1240 Signatus
1785 1173 1932 1228 enim
1963 1185 2048 1230 est
2081 1177 2138 1233 in

551 1251 713 1306 nobis
750 1252 844 1321 qui
876 1251 1190 1309 conformes
1214 1269 1316 1310 nos
1349 1255 1455 1312 sibi
1482 1257 1744 1323 reddidit,
1776 1268 1830 1314 et
1861 1276 1957 1331 per
1976 1277 2135 1317 suum

554 1341 823 1412 Spiritum
861 1344 1322 1401 illuminationem
1371 1347 1651 1417 impressit
1683 1351 1851 1406 veluti
1895 1351 2136 1409 divinam

553 1434 663 1504 7o
695 1435 989 1506 imaginem
1017 1437 1368 1494 credentibus
1398 1439 1452 1492 in
1487 1439 1663 1509 ipsum
1699 1450 1759 1495 ut
1785 1450 1839 1496 et
1872 1443 1978 1512 ipsi
2003 1460 2138 1500 nun-

559 1533 840 1595 cupentur
883 1525 951 1581 ad
1000 1525 1122 1596 ejus
1164 1527 1591 1582 similitudinem
1623 1529 1722 1593 dii,
1764 1528 1972 1600 Deique
2014 1532 2132 1590 ﬁlii.

553 1614 662 1670 Sed
695 1616 740 1671 si
764 1624 947 1670 creata
972 1631 1058 1672 res
1093 1616 1165 1670 sit
1191 1632 1320 1671 vera
1352 1618 1444 1672 illa
1473 1619 1588 1683 lux,
1616 1622 1892 1690 quomodo
1920 1622 2137 1694 signata

550 1715 637 1763 est
669 1708 730 1762 in
767 1707 973 1764 nobis?
1019 1708 1134 1764 Lux
1195 1709 1398 1781 quippe
1443 1711 1498 1764 in
1558 1713 1804 1769 tenebris
1856 1714 2026 1781 lucet,
2079 1726 2138 1772 ut

2314 571 2602 640 χορηγίας
2633 570 2745 636 τῆς
2793 572 2930 638 παρ’
2955 570 3142 623 αὐτοῦ
3190 569 3533 640 φωτίζεται,
3561 571 3627 624 τὸ
3681 569 3836 626 εἶναι

2312 641 2440 708 φῶς
2478 639 2795 705 οῠσιωδῶς
2840 641 2951 693 οὐκ
2985 641 3236 708 ἔχουσα,
3284 639 3548 708 καθάπερ
3581 641 3832 708 ἐκεῖνος.

2325 729 2382 782 Ὀ
2438 729 2769 800 Ψαλμῳδόςο
2825 748 2846 780 ι
2898 728 3238 800 Ἐσημειώθη
3289 729 3374 798 ἐφ’
3407 731 3557 801 ἡμᾶς
3604 730 3665 783 τὸ
3713 730 3831 801 φῶς

2241 818 2336 872 τοῦ
2367 818 2661 889 προσώπου
2695 836 2812 881 σου,
2850 818 3045 889 Κύριε.
3083 838 3103 871 ι
3136 820 3246 873 Καὶ
3284 821 3436 872 ποῖον
3473 820 3580 890 ἄρα
3625 821 3744 872 ἐστὶ
3772 820 3837 873 τὸ

2242 910 2534 981 πρόσωπον
2561 908 2656 963 τοῦ
2691 909 2825 962 Θεοῦ
2854 911 2946 963 καὶ
2980 909 3214 980 Πατρδς,
3241 903 3302 962 οὗ
3329 909 3389 962 τὸ
3421 909 3536 979 φῶς
3568 911 3652 980 ἐφ’
3683 912 3836 980 ἡμᾶς

2243 1000 2648 1071 σεσημείωται;
2691 996 2774 1051 Ἦ
2815 998 3033 1062 πάντως
3086 1000 3115 1052 6
3183 997 3480 1068 μονογενὴς
3539 997 3634 1050 τοῦ
3695 996 3836 1051 Θεοῦ

2239 1091 2388 1155 Υἱὸς.
2425 1094 2458 1163 ἡ
2492 1091 2914 1163 ἀπαράλλακτος
2952 1090 3138 1156 εἰκὼν,
3173 1090 3270 1144 καὶ
3317 1089 3404 1144 διὰ
3437 1089 3594 1144 τοῦτο
3633 1090 3833 1158 λέγων,

2245 1201 2264 1235 ι
2309 1184 2369 1236 '0
2402 1183 2660 1253 ἑωρακὼς
2704 1184 2824 1253 ἐμὲ,
2870 1181 3085 1254 ἑώρακε
3123 1182 3215 1235 τὸν
3247 1182 3512 1252 Πατέρα;
3547 1200 3567 1233 ι
3615 1181 3836 1251 Ἐνεση-

2242 1270 2418 1342 μάνθη
2457 1271 2512 1324 δὲ
2554 1272 2706 1341 ἡμῖν,
2737 1270 3101 1341 συμμόρφους
3134 1271 3282 1340 ἡμᾶς
3309 1270 3595 1336 ἀποδείξας
3629 1270 3831 1340 ἐαυτῷ,

2239 1362 2335 1417 καὶ
2363 1363 2453 1416 τὸν
2482 1361 2570 1416 διὰ
2602 1361 2695 1415 τοῦ
2719 1363 3037 1432 Πνεύματος
3062 1362 3156 1416 τοῦ
3195 1362 3324 1416 ἰδίου
3353 1363 3632 1433 φωτισμὸν
3667 1365 3836 1432 ἐγχα-

2240 1453 2407 1526 ράξας
2444 1453 2520 1517 ὠς
2553 1454 2700 1507 θείαν
2740 1454 2922 1508 εἰκόνα
2969 1456 3084 1518 τοῖς
3126 1453 3482 1508 πιστεύσασιν
3530 1455 3612 1517 εἰς
3642 1455 3827 1523 αὐτὸν,

2239 1545 2328 1599 ἵνα
2371 1546 2463 1599 καὶ
2513 1545 2666 1599 αὐτοὶ
2714 1544 3104 1615 χρηματίζοιεν
3145 1545 3244 1617 ἤδη
3291 1546 3411 1599 κατ’
3432 1545 3594 1599 αὑτὸν
3625 1545 3736 1599 θεοί
3769 1563 3828 1599 τε

2241 1637 2333 1690 καὶ
2360 1636 2494 1690 Θεοῦ
2529 1637 2664 1690 υἱοί·
2712 1637 2829 1691 ἀλλ’
2862 1637 3021 1708 εἴπερ
3046 1633 3114 1708 ἦν
3139 1655 3190 1691 τι
3219 1637 3330 1690 τῶν
3353 1637 3598 1707 γενητῶν
3625 1637 3685 1690 τὸ
3711 1638 3828 1706 φῶς

2238 1725 2300 1779 τὸ
2329 1727 2595 1797 ἀληθινὸν,
2627 1728 2744 1790 πῶς
2772 1729 2903 1798 ἡμῖν
2954 1726 3295 1798 ὲνεσημάνθη
3323 1743 3338 1793 ;
3375 1727 3448 1779 Τὸ
3479 1727 3590 1798 γὰρ
3621 1727 3736 1797 φῶς
3769 1729 3828 1780 ὲν

547 1802 746 1857 scribit
785 1801 1048 1859 Joannes.
1088 1802 1208 1857 Lux
1259 1803 1408 1858 enim
1454 1803 1508 1857 in
1540 1803 1662 1859 luce
1690 1807 1968 1876 quomodo
1997 1824 2131 1864 con-

2238 1821 2304 1890 τῇ
2335 1819 2524 1890 σκοτίᾳ
2558 1819 2758 1888 φαίνει,
2791 1819 2928 1873 κατά
2960 1819 3058 1889 τὴν
3101 1819 3194 1872 τοῦ
3232 1820 3684 1890 Πνευματοφόρου
3716 1837 3830 1888 φω-

548 1893 740 1965 spicua
770 1893 972 1948 fuerit?

614 1986 847 2042 ALIUD.
890 1985 1184 2042 Psalmisla
1227 2003 1289 2040 ιι
1335 1985 1452 2042 Lux
1498 1997 1620 2044 orta
1649 1997 1732 2045 est
1773 1991 1942 2060 justo,
1986 2013 2005 2046 ι
2041 1996 2128 2050 in-

547 2079 667 2151 quit
699 2078 766 2133 ”.
814 2078 869 2133 Si
905 2079 1082 2135 lucem
1117 2079 1363 2146 habenti,
1399 2091 1453 2138 et
1483 2083 1632 2138 illius
1666 2098 1776 2138 non
1808 2085 2008 2156 indigo,
2037 2101 2132 2142 suo

550 2183 826 2242 pervacua
854 2175 956 2225 est.
991 2167 1088 2224 Sin
1119 2177 1302 2226 autem
1331 2178 1392 2226 ut
1423 2188 1530 2227 non
1560 2172 1777 2228 babenti
1807 2173 1897 2228 lux
1928 2177 2124 2245 oritur,

549 2262 642 2317 lux
675 2277 806 2333 ergo
826 2261 978 2318 solus
1006 2270 1090 2318 est
1123 2260 1471 2334 Unigenitus,
1505 2264 1643 2320 lucis
1667 2273 1847 2320 autem
1877 2277 2130 2324 creatura

547 2361 634 2409 est
659 2353 955 2422 particeps,
987 2359 1153 2424 atque
1179 2353 1388 2409 ideirco
1417 2355 1648 2410 alterius
1682 2363 1911 2412 naturae.

617 2441 851 2500 ALIUD.
889 2442 1185 2500 Psalmista
1235 2446 1384 2502 canit
1413 2465 1425 2502 :
1468 2464 1486 2498 ι
1529 2445 1646 2503 Non
1678 2450 1828 2506 enim
1858 2450 1914 2505 in
1946 2451 2131 2522 gladio

547 2552 651 2592 suo
691 2536 1059 2608 possederunt
1094 2545 1316 2604 terram,
1368 2548 1422 2595 et
1463 2539 1747 2596 brachium
1793 2557 1984 2599 eorum
2017 2559 2128 2600 non

545 2628 785 2684 salvavit
814 2643 937 2695 eos,
969 2629 1069 2685 sed
1108 2630 1330 2686 dextera
1361 2637 1477 2698 tua,
1521 2641 1576 2689 et
1613 2634 1902 2690 brachium
1950 2645 2129 2706 tuum,

545 2727 604 2774 et
639 2719 970 2777 illuminatio
1017 2721 1203 2779 vultus
1240 2723 1319 2779 tui
1361 2725 1427 2779 ⁵³.
1473 2743 1492 2778 ι
1541 2724 2005 2783 llluminationem
2034 2728 2131 2785 Dei

548 2826 613 2866 ac
633 2808 816 2868 Patris
853 2813 943 2868 hic
987 2830 1182 2871 rursus
1215 2816 1469 2872 nominat
1511 2819 1905 2876 revelationem
1941 2837 2063 2892 qua:
2099 2838 2130 2877 a

545 2901 688 2956 Filio
714 2911 799 2958 est
834 2919 932 2974 per
966 2902 1256 2976 Spiritum,
1295 2914 1351 2964 et
1373 2908 1719 2981 singularum
1756 2927 1940 2967 rerum
1971 2915 2130 2985 quasi

544 2993 1057 3061 manuductionem,
1087 3012 1118 3052 a
1151 3013 1265 3069 quo
1296 3014 1408 3054 uno
1449 3003 1658 3057 servati
1703 3011 1836 3059 sunt
1864 3003 2133 3062 lsraelitae

544 3091 600 3138 et
625 3081 1012 3155 Egyptiorum
1042 3088 1336 3158 tyrannide
1367 3091 1604 3148 liberati.
1641 3092 1699 3148 Si
1731 3109 1862 3165 ergo
1899 3112 2007 3153 non
2043 3114 2134 3154 so-

2238 1914 2354 1984 νήν.
2393 1911 2513 1974 Φῶς
2542 1911 2650 1981 γὰρ
2681 1912 2739 1964 ὲν
2777 1911 2914 1980 φωτὶ
2955 1910 3071 1974 πῶς
3114 1911 3180 1964 ἂν
3217 1911 3427 1980 γένοιτο
3476 1913 3826 1982 καταφανέςς

2305 2005 2510 2058 AAAO.
2540 2004 2596 2058 Ὀ
2626 2003 2930 2074 Ψαλμῳδός
2949 2019 2964 2036 ο
2995 2021 3012 2053 ι
3045 2003 3164 2066 Φῶς
3191 2003 3434 2057 ἀνέτειλε
3457 2003 3532 2073 τῷ
3552 2001 3766 2073 δικαίῳ,
3802 2022 3822 2054 ι

2237 2097 2422 2170 φησιν’
2452 2098 2498 2149 εί
2548 2095 2646 2166 μὲν
2685 2095 2861 2166 ἔχοντι
2889 2093 2985 2148 καὶ
3030 2093 3106 2166 μὴ
3152 2094 3409 2165 δεομένῳ,
3461 2094 3732 2166 περιττόν.
3751 2095 3830 2172 ⁸Εί.

2235 2188 2290 2242 δὲ
2323 2187 2398 2251 ώς
2425 2187 2524 2240 οὐκ
2559 2185 2732 2256 ἔχοντι
2775 2185 2837 2239 τὸ
2875 2185 2990 2255 φῶς
3027 2186 3328 2252 ἀνατέλλει,
3371 2185 3487 2256 φῶς
3524 2186 3632 2259 ἄρα
3665 2186 3828 2257 μόνος

2236 2281 2265 2332 6
2292 2278 2620 2349 Μονογενὴς,
2666 2277 2846 2348 φωτὸς
2892 2277 2949 2332 δὲ
2992 2279 3028 2348 ἡ
3084 2277 3262 2343 κτίσις
3315 2278 3558 2350 μέτοχος,
3595 2278 3692 2332 καὶ
3736 2277 3829 2332 διὰ

2235 2371 2393 2424 τοῦτο
2420 2369 2712 2439 ἀλλοφυής.

2305 2459 2507 2513 AAAO.
2550 2458 2607 2511 '0
2641 2455 2943 2528 Ψαλμῳδός
2979 2474 3172 2529 φησιν·
3210 2475 3229 2510 ι
3261 2456 3335 2514 Οὐ
3362 2457 3470 2530 γὰρ
3500 2461 3558 2514 ὲν
3588 2461 3654 2530 τῇ
3691 2459 3827 2529 ῥομ-

2237 2551 2374 2622 φαίᾳ
2403 2548 2582 2604 αὐτῶν
2615 2548 3063 2621 έκληρονόμησαν
3089 2551 3214 2621 γῆν,
3256 2552 3350 2605 καὶ
3385 2551 3414 2605 6
3459 2550 3695 2623 βραχίων
3729 2553 3830 2605 αὑ-

2235 2642 2344 2696 τῶν
2374 2641 2473 2695 οὐκ
2505 2640 2707 2696 ἔσωσεν
2741 2642 2960 2706 αὐτοὺς,
2990 2642 3107 2696 ἀλλ’
3133 2645 3166 2714 ἡ
3199 2643 3349 2710 δεξιά
3373 2661 3488 2708 σου,
3513 2643 3608 2697 καὶ
3633 2646 3662 2698 6
3692 2643 3824 2716 βρα-

2237 2731 2368 2802 χίων
2401 2747 2516 2796 σου,
2543 2729 2637 2784 καὶ
2661 2732 2690 2784 6
2717 2729 2996 2801 φωτισμὸς
3040 2730 3135 2784 τοῦ
3176 2732 3469 2803 προσώπου
3506 2749 3624 2786 σου.
3661 2751 3679 2784 ι
3709 2733 3822 2784 Φω-

2236 2820 2428 2891 τισμδν
2453 2818 2547 2873 τοῦ
2581 2817 2716 2872 Θεοῦ
2758 2820 2852 2872 καὶ
2881 2817 3095 2890 Πατρδς
3127 2819 3384 2890 ὀνομάζει
3419 2821 3582 2876 πάλιν
3609 2820 3667 2874 ἐν
3696 2818 3826 2873 τού-

2235 2923 2371 2970 τοις,
2404 2905 2503 2977 τὴν
2549 2906 2609 2973 ἐξ
2653 2905 2785 2960 Υίοῦ
2827 2905 2917 2961 διά
2959 2906 3054 2960 τοῦ
3101 2906 3418 2980 Πνεύματος
3456 2908 3827 2978 ἀποκάλυψιν,

2238 2999 2333 3053 καὶ
2360 2997 2457 3066 τὴν
2491 2999 2572 3062 εἰς
2597 2997 2804 3053 ἕκαστα
2831 2998 2937 3052 τῶν
2965 2998 3134 3052 όντων
3161 3001 3546 3069 χειραγωγίαν,
3573 3001 3600 3051 ὃ
3627 2999 3692 3072 δὴ
3722 3000 3828 3054 καὶ

2242 3091 2400 3161 μόνον
2419 3089 2644 3143 διέσωσε
2666 3081 2761 3144 τὸν
2789 3089 3026 3161 Ἰσραὴλ,
3053 3090 3268 3162 καὶτῆς
3293 3091 3608 3158 Αἰγυπτίων
3633 3095 3828 3148 πλεον-

545 3172 629 3228 lus
667 3172 1004 3247 Unigenitus
1052 3185 1138 3239 est
1172 3179 1265 3234 lux
1302 3195 1458 3248 vera,
1505 3184 1601 3239 sed
1655 3184 1896 3254 dignitas
1943 3190 2131 3246 eadem

2235 3182 2384 3248 εξίας
2409 3181 2749 3254 ἀπήλλαξεν*
2784 3182 2940 3251 εῐπερ
2964 3175 3060 3236 οὖν
3105 3182 3165 3235 οὐ
3207 3183 3368 3254 μόνος
3414 3183 3560 3238 ἐστὶν
3588 3187 3615 3239 ό
3647 3187 3832 3240 Μονο-

541 3271 627 3318 est
655 3266 709 3319 in
738 3269 1029 3336 creaturis,
1057 3271 1249 3341 quidni
1275 3276 1503 3345 proprio
1536 3277 1744 3334 lumine
1773 3282 1974 3336 servati
2005 3292 2132 3340 sunt

542 3355 824 3424 Israelita},
872 3360 973 3417 sed
1009 3371 1235 3434 accepto
1281 3366 1463 3422 alieno
1511 3383 1614 3424 nec
1669 3373 1988 3429 necessario
2045 3375 2130 3430 ln-

544 3447 732 3503 mine?
777 3451 942 3521 Atqui
993 3455 1348 3511 manifestum
1381 3464 1465 3514 est
1501 3457 1856 3530 Unigenilum
1889 3473 1948 3520 ut
1989 3465 2130 3524 lucis

542 3540 922 3612 indigentibus
961 3545 1207 3604 illuxisse
1244 3565 1257 3602 :
1309 3549 1483 3620 Igitur
1545 3552 1662 3623 ipse
1722 3570 1864 3611 unus
1910 3565 1996 3614 est
2035 3560 2129 3613 lux

544 3647 698 3699 vera,
727 3649 846 3690 eam
879 3643 1064 3692 autem
1098 3639 1167 3694 ab
1199 3640 1320 3709 ipso
1357 3649 1612 3698 creatura
1643 3649 2002 3718 consequitur
2032 3666 2131 3721 per

541 3725 797 3795 gratiam.
852 3727 1009 3794 Quod
1047 3731 1094 3785 si
1127 3735 1201 3786 ita
1249 3743 1357 3802 est,
1407 3737 1682 3806 quomodo
1733 3739 1981 3810 ejusdem
2021 3745 2128 3800 erit

543 3831 668 3872 cum
702 3817 822 3889 ipso
857 3823 1110 3878 naturae?

611 4077 845 4140 ALIUD.
899 4084 1198 4143 Psallnista
1231 4107 1243 4144 :
1284 4107 1303 4139 ι
1336 4088 1554 4160 Beatus,
1596 4112 1614 4147 ι
1653 4095 1857 4168 inquit,
1888 4116 1907 4150 ι
1946 4113 2124 4169 popu—

540 4165 628 4248 lus
665 4169 759 4239 qui
785 4171 889 4226 scit
907 4171 1329 4242 jubilationem:
1357 4176 1606 4247 Domine,
1624 4182 1681 4238 in
1699 4165 1906 4240 lumine
1938 4165 2123 4242 vui—tus

535 4258 617 4312 tui
651 4261 1014 4318 ambulabunt
1054 4263 1123 4320 ⁸⁸.
1164 4283 1185 4317 ι
1222 4266 1421 4334 Quidni
1457 4273 1642 4342 potius
1679 4274 1786 4345 ipsi
1824 4275 1879 4329 in
1909 4290 2010 4331 suo
2041 4275 2126 4330 lu-

538 4348 688 4404 mine
721 4350 1236 4411 ambulabunt?aut
1263 4372 1384 4426 cur,
1417 4375 1628 4431 quaeso,
1657 4363 1878 4418 aliunde
1898 4373 2124 4435 accepta

537 4439 953 4527 illuminationef
976 4445 1080 4501 sibi
1108 4449 1196 4503 vix
1223 4451 1455 4508 salutem
1498 4454 1818 4520 conciliant,
1853 4455 1900 4511 si
1931 4471 2124 4528 reapse

536 4547 667 4587 vera
698 4542 826 4589 sunt
863 4535 970 4613 ipsi
1013 4537 1122 4605 lux,
1161 4558 1272 4598 non
1308 4561 1474 4602 secus
1501 4561 1566 4602 ac
1591 4547 1682 4603 ille
1715 4546 1812 4603 Dei
1843 4562 1910 4603 ac
1943 4548 2123 4608 Patris
2155 4533 2200 4590 Ῐ)

536 4625 744 4692 vultus,
779 4627 884 4683 hoc
923 4640 1007 4687 est
1043 4631 1253 4692 Filius?
1302 4638 1472 4708 Atqui
1521 4639 1726 4695 nemini
1780 4639 2006 4696 dubium
2039 4649 2124 4698 est

539 4714 782 4772 Verbum
808 4732 1076 4780 creaturae
1118 4726 1584 4784 illuminationem
1627 4730 1838 4802 largiri,
1873 4739 1933 4786 ut
1978 4733 2123 4788 indi-

498 4877 516 4893 υ
536 4811 707 4882 genti,
737 4812 880 4870 hanc
910 4827 1092 4874 autem
1129 4830 1356 4892 accepto
1389 4837 1455 4878 eo
1489 4823 1634 4893 quod
1666 4839 1775 4879 non
1804 4825 1990 4892 habet,
2020 4829 2124 4883 sal-

499 4882 675 4959 ?vari.
706 4905 991 4972 Quomodo
1011 4927 1142 4983 ergo
1171 4913 1313 4968 idem
1341 4924 1505 4969 erunt
1531 4917 1714 4984 quoad
1748 4919 2119 4976 substantiam

498 5005 502 5015 '
540 4993 884 5069 Uuigenitus,
918 5010 972 5058 et
1011 5019 1133 5075 qua:
1155 5021 1254 5075 per
1285 5006 1466 5076 ipsum
1495 5005 1640 5061 facta
1674 5013 1840 5066 sunt?

606 5270 835 5329 ALIUD.
877 5275 1218 5332 Psalmista:
1282 5297 1301 5330 ‹
1351 5279 1610 5338 Exortum
1657 5296 1740 5342 est
1775 5289 1828 5344 in
1879 5293 2122 5351 tenebris

539 5363 723 5419 lumen
753 5367 941 5434 rectis,
983 5387 1002 5420 ι
1055 5368 1235 5438 inquit
1284 5371 1350 5426 ⁵⁸.
1399 5369 1688 5441 Quomodo
1730 5381 1897 5448 enim,
1934 5402 2124 5455 quaeso

539 5464 610 5523 te,
645 5459 752 5514 erit
774 5467 961 5514 rectus
1005 5459 1059 5513 in
1094 5461 1356 5531 tenebris,
1402 5481 1529 5522 cum
1559 5470 1630 5526 sit
1672 5473 1838 5528 etiam
1881 5475 1999 5546 ipse
2029 5477 2121 5533 lux

457 5567 460 5569 λ
540 5563 690 5612 vera,
724 5549 1168 5619 quandoquidem
1206 5554 1260 5610 id
1291 5556 1455 5615 habet
1500 5577 1720 5633 quoque
1749 5580 1932 5621 rerum
1963 5583 2120 5624 crea-

542 5646 726 5694 tarum
759 5648 958 5696 natura
992 5658 1104 5700 non
1133 5661 1296 5708 secus
1326 5666 1390 5708 ac
1439 5651 1810 5727 Unigenitus?
1862 5659 2019 5726 Quod
2069 5663 2116 5719 si

2233 3276 2396 3348 γενὴς
2419 3275 2480 3329 τὸ
2508 3275 2624 3345 φώς
2653 3274 2714 3329 τό
2739 3274 3013 3348 ἀληθινὸν,
3039 3277 3336 3348 ἐνυπάρχει
3373 3279 3432 3332 δὲ
3472 3279 3564 3332 καὶ
3586 3282 3699 3343 τοῖς
3725 3295 3827 3348 γε-

2233 3371 2413 3442 νητοῖς
2450 3369 2510 3422 τὸ
2541 3369 2654 3422 ἴσον
2683 3365 2918 3438 ἀξίωμα,
2960 3366 3012 3420 τί
3056 3367 3131 3439 μὴ
3166 3367 3245 3438 τῷ
3283 3369 3466 3439 οἰκείῳ
3505 3368 3827 3428 διεσώζοντο

2233 3463 2372 3532 φωτὶ
2431 3461 2480 3513 οἱ
2537 3459 2666 3530 περὶ
2708 3451 2782 3512 ὧν
2833 3461 2860 3512 6
2903 3459 3092 3529 λόγος,
3152 3461 3490 3532 προσθήκαις
3534 3461 3592 3514 δὲ
3631 3459 3824 3534 ὥσπερ

2231 3548 2514 3619 ἀλλοτρίου
2575 3547 2672 3601 καὶ
2708 3547 2810 3600 οὐκ
2854 3549 3153 3617 ἀναγκαίου
3191 3550 3370 3620 φωτὸς
3414 3549 3824 3622 ὲφοδιαζόμενοι

2231 3641 2545 3712 φαίνονται;
2599 3639 2737 3693 Ἀλλ’
2793 3639 2908 3692 ἔστι
2959 3640 3139 3710 δῆλον,
3199 3641 3276 3704 ώς
3320 3641 3594 3713 δεομένοις
3641 3643 3823 3712 φωτὸς

2230 3731 2543 3802 ἐπέλαμψεν
2574 3734 2601 3785 6
2633 3733 2980 3804 Μονογενής·
3009 3731 3207 3787 οὐκοῦν
3245 3731 3406 3796 αὐτὸς
3451 3737 3549 3804 μὲν
3595 3735 3689 3787 καὶ
3724 3733 3823 3804 μό-

2229 3842 2319 3888 νος
2339 3824 2401 3877 τὸ
2431 3824 2546 3892 φῶς
2570 3827 2688 3877 ἑστι
2716 3823 2776 3877 τὸ
2804 3823 3078 3894 ἀληθινὸν,
3105 3822 3404 3889 δανείζεται
3425 3824 3480 3878 δὲ
3503 3824 3632 3894 παρ’
3654 3824 3821 3878 αὑτοῦ

2228 3915 2327 3986 τὴν
2353 3915 2512 3985 χάριν
2556 3915 2590 3984 ἡ
2631 3913 2829 3978 κτίσις.
2864 3915 2928 3967 El
2962 3912 3018 3967 δὲ
3047 3912 3224 3979 τοῦτο,
3266 3913 3384 3980 πῶς
3418 3915 3484 3970 ἂν
3511 3915 3596 3988 εῐη
3634 3915 3820 3969 λοιπὸν

2229 4007 2324 4060 καὶ
2353 4005 2600 4077 ὁμοφυὴς
2633 4005 2784 4077 αὑτῷ
2806 4024 2820 4073 ;

2297 4098 2498 4153 AAAO.
2534 4098 2593 4151 '0
2626 4097 2966 4169 Ψαλμῳδός·
3017 4117 3036 4149 ι
3082 4099 3387 4170 Μακάριος,
3443 4117 3460 4151 ι
3505 4099 3692 4170 φησιν,
3729 4118 3748 4152 ι
3789 4104 3818 4154 6

2227 4190 2354 4255 λαδς
2388 4191 2416 4244 6
2441 4189 2722 4260 γινώσκων
2748 4191 3084 4262 ἀλαλαγμόν*
3108 4190 3302 4264 Κύριε,
3338 4193 3395 4246 ὲν
3443 4191 3522 4264 τῷ
3545 4193 3683 4261 φωτὶ
3721 4191 3816 4246 τοῦ

2228 4283 2521 4354 προσώπου
2563 4300 2656 4335 σου
2690 4282 3067 4355 πορεύσονται.
3100 4301 3119 4334 ι
3144 4282 3296 4337 Διατί
3322 4282 3398 4354 μὴ
3426 4282 3625 4354 μᾶλλον
3653 4284 3711 4339 ὲν
3737 4283 3816 4355 τῷ

2227 4379 2345 4451 ἰδίῳ
2374 4379 2468 4432 καὶ
2495 4380 2650 4433 αὐτοὶ
2690 4377 2995 4449 βαδιοῦνται
3020 4377 3193 4447 (pum;
3232 4378 3285 4431 τί
3330 4377 3408 4444 δὲ,
3434 4377 3556 4431 είπέ
3590 4394 3701 4448 μοι,
3726 4377 3818 4430 τὸν

2227 4474 2356 4544 παρ’
2397 4471 2584 4544 ἑτέρου
2643 4471 2991 4540 συλλέγοντες
3039 4469 3356 4542 φωτισμὸν,
3411 4470 3562 4542 μόλις
3605 4471 3818 4534 ἑαυτοῖς

2227 4563 2553 4636 κατορθοῦσι
2581 4563 2679 4635 τὴν
2709 4563 3004 4635 σωτηρίαν,
3048 4563 3204 4633 εἴπερ
3237 4561 3408 4625 ὅντως
3447 4563 3556 4615 εἰσὶ
3585 4562 3680 4616 καὶ
3713 4562 3814 4615 αὺ-

2226 4659 2310 4712 τοὶ
2349 4657 2492 4712 κατά
2531 4656 2788 4728 ἀλήθειαν
2821 4654 2959 4724 φῶς,
3009 4653 3197 4725 ὥσπερ
3242 4648 3339 4707 οῦν
3385 4654 3600 4724 ἀμέλει,
3633 4654 3727 4708 καὶ
3758 4654 3818 4708 τὸ

2225 4749 2516 4820 πρόσωπον
2564 4745 2658 4801 τοῦ
2718 4745 2853 4800 Θεοῦ
2936 4747 3031 4800 καὶ
3087 4746 3322 4818 Πατρὸς,
3371 4746 3514 4800 τοῦτ’
3566 4747 3732 4812 ἐστιν,
3790 4749 3818 4800 6

2224 4841 2384 4905 Υἱός;
2428 4840 2544 4894 ἀλλ’
2588 4838 2759 4901 ἐστιν,
2791 4834 2964 4907 οἶμαι,
3003 4836 3167 4890 παντί
3221 4853 3300 4907 τῳ
3352 4837 3682 4907 καταφανὲς,
3735 4837 3818 4891 ὃτι

2227 4933 2456 5004 χορηγεῖ
2509 4931 2607 5002 μὲν
2645 4931 2672 4982 6
2699 4929 2870 4998 Λόγος
2900 4927 2976 4990 ώς
3014 4927 3244 4998 δεομένῃ
3281 4929 3347 4998 τῇ
3383 4926 3558 4980 κτίσει
3584 4927 3676 4982 τὸν
3706 4945 3818 4997 φω-

2229 5023 2501 5096 τισμὸν,ή
2538 5021 2595 5076 δὲ
2632 5022 2769 5091 ὅπερ
2798 5020 2898 5073 οὐκ
2951 5017 3065 5090 ἔχει
3107 5017 3347 5072 λαϐοῦσα
3396 5018 3652 5084 σώζεται.
3694 5019 3819 5084 ΙΙῶς

2229 5111 2323 5170 οῦν
2361 5115 2443 5169 ἔτι
2485 5113 2678 5168 ταυτὸν
2707 5113 2787 5174 εἰς
2829 5111 3019 5165 οὐσίαν
3064 5111 3092 5163 6
3126 5110 3457 5183 Μονογενὴς,
3502 5112 3598 5166 καὶ
3644 5113 3714 5165 τὰ.
3749 5112 3818 5164 δι’

2231 5207 2395 5264 αὐτοῦ
2431 5207 2692 5276 γεγονότα
2718 5221 2732 5269 ;

2299 5300 2501 5354 ΔΛΛΟ.
2543 5299 2602 5352 Ὀ
2649 5295 2954 5367 Ψαλμῳδός
2993 5310 3005 5324 ·
3050 5315 3070 5348 ι
3111 5295 3477 5361 Ἐξανέτειλεν
3520 5297 3580 5351 ὲν
3637 5284 3823 5351 σκότει

2230 5391 2347 5462 φῶς
2375 5392 2487 5454 τοῖς
2509 5389 2715 5450 εὐθέσι,
2754 5407 2771 5439 ι
2807 5387 2993 5459 φησίν.
3039 5388 3164 5452 Πῶς
3192 5389 3301 5458 γὰρ
3327 5387 3464 5453 ὅλως
3499 5385 3566 5460 ἦν
3591 5390 3620 5442 6
3657 5388 3821 5453 εὐθὺς

2229 5485 2287 5537 έν
2315 5484 2495 5539 σκότει
2522 5481 2637 5550 φῶς
2659 5479 2920 5551 ὑπάρχων
2945 5480 3036 5533 καὶ
3065 5479 3227 5543 αὐτὸς
3267 5480 3328 5533 τὸ
3356 5479 3629 5551 ἀληθινὸν,
3659 5480 3819 5551 εἴπερ

2226 5572 2339 5645 ἔχει
2371 5573 2527 5627 τοῦτο
2558 5571 2651 5625 καὶ
2682 5569 2791 5623 τῶν
2820 5567 3066 5640 γενητῶν
3099 5569 3132 5640 ἡ
3162 5567 3345 5637 φύσις,
3374 5569 3562 5640 ὥσπερ
3588 5569 3617 5620 6
3650 5569 3819 5622 Μονο-

2224 5667 2417 5738 γενής;
2475 5665 2540 5720 Εἰ
2591 5663 2648 5718 δὲ
2689 5661 2789 5715 οὐκ
2842 5660 3022 5732 έχουσι
3068 5663 3180 5726 τοῖς
3221 5661 3402 5715 εὒθέσι
3442 5659 3504 5713 τὸ
3534 5659 3649 5730 φῶς
3677 5659 3816 5714 ἀπο-

617 5753 1039 5847 ’ξμῗξπιςμινν
1118 5766 1159 5800 ⁸¹
1203 5767 1362 5826 Joan.
1434 5790 1547 5844 xlv,
1575 5777 1628 5832 9.
1707 5777 1752 5809 “
1793 5775 1938 5835 Psal.
2003 5794 2166 5847 xcvr,
2213 5779 2299 5836 ll.
2378 5779 2423 5815 ⁸³
2463 5778 2613 5837 Psal.
2670 5789 2843 5843 xwt,
2902 5774 2954 5832 4.
3035 5775 3080 5809 ⁵⁸
3147 5771 3295 5830 Psai.
3356 5786 3639 5840 Lxxxvm,
3722 5769 3807 5829 l6.

554 5824 601 5857 ⁵⁸
637 5822 781 5882 l’sal.
816 5843 900 5884 cx:
921 5822 946 5902 ,’
971 5836 1020 5890 4.
