  <div class='ocr_page' id='page_1' title='image "/cluster/home/n/w/nwhite01/storage/ocr_20150623/73:no.6/coo.31924054869692/068.png"; bbox 0 0 4156 6476; ppageno 0'>
   <div class='ocr_carea' id='block_1_1' title="bbox 349 329 456 388">
    <p class='ocr_par' dir='ltr' id='par_1_1' title="bbox 349 329 456 388">
     <span class='ocr_line' id='line_1_1' title="bbox 349 329 456 388; baseline 0 0"><span class='ocrx_word' id='word_1_1' title='bbox 349 329 456 388; x_wconf 70' lang='lat'><strong>12!</strong></span> 
     </span>
    </p>
   </div>
   <div class='ocr_carea' id='block_1_2' title="bbox 1416 343 2533 414">
    <p class='ocr_par' dir='ltr' id='par_1_2' title="bbox 1416 343 2533 414">
     <span class='ocr_line' id='line_1_2' title="bbox 1416 343 2533 414; baseline 0.012 -15"><span class='ocrx_word' id='word_1_2' title='bbox 1416 343 1491 400; x_wconf 82' lang='lat' dir='ltr'><strong>IN</strong></span> <span class='ocrx_word' id='word_1_3' title='bbox 1509 343 1798 403; x_wconf 76' lang='lat' dir='ltr'><strong>JOANNIS</strong></span> <span class='ocrx_word' id='word_1_4' title='bbox 1834 346 2286 409; x_wconf 72' lang='lat' dir='ltr'><strong>EVANGELIUM</strong></span> <span class='ocrx_word' id='word_1_5' title='bbox 2313 353 2445 413; x_wconf 80' lang='lat' dir='ltr'><strong>LIB.</strong></span> <span class='ocrx_word' id='word_1_6' title='bbox 2486 355 2533 414; x_wconf 83' lang='grc' dir='ltr'><strong>Ι.</strong></span> 
     </span>
    </p>
   </div>
   <div class='ocr_carea' id='block_1_3' title="bbox 3568 358 3675 421">
    <p class='ocr_par' dir='ltr' id='par_1_3' title="bbox 3568 358 3675 421">
     <span class='ocr_line' id='line_1_3' title="bbox 3568 358 3675 421; baseline 0 0"><span class='ocrx_word' id='word_1_7' title='bbox 3568 358 3675 421; x_wconf 65' lang='grc'><strong>129</strong></span> 
     </span>
    </p>
   </div>
   <div class='ocr_carea' id='block_1_4' title="bbox 355 452 1978 547">
    <p class='ocr_par' dir='ltr' id='par_1_4' title="bbox 355 452 1975 547">
     <span class='ocr_line' id='line_1_4' title="bbox 355 452 1975 547; baseline 0.012 -41"><span class='ocrx_word' id='word_1_8' title='bbox 355 452 679 547; x_wconf 67' lang='grc' dir='ltr'>στέλλεται,</span> <span class='ocrx_word' id='word_1_9' title='bbox 718 453 927 511; x_wconf 81' lang='grc' dir='ltr'>πολλῶν</span> <span class='ocrx_word' id='word_1_10' title='bbox 954 458 987 530; x_wconf 81' lang='grc' dir='ltr'><strong>ἠ</strong></span> <span class='ocrx_word' id='word_1_11' title='bbox 995 460 1089 531; x_wconf 83' lang='grc' dir='ltr'><strong>μίν</strong></span> <span class='ocrx_word' id='word_1_12' title='bbox 1119 461 1180 515; x_wconf 86' lang='grc' dir='ltr'><strong>ού</strong></span> <span class='ocrx_word' id='word_1_13' title='bbox 1212 461 1393 534; x_wconf 82' lang='grc' dir='ltr'><strong>δεήσει</strong></span> <span class='ocrx_word' id='word_1_14' title='bbox 1431 463 1606 536; x_wconf 87' lang='grc' dir='ltr'>λόγων</span> <span class='ocrx_word' id='word_1_15' title='bbox 1621 485 1634 498; x_wconf 95' lang='grc'><strong>·</strong></span> <span class='ocrx_word' id='word_1_16' title='bbox 1687 469 1829 542; x_wconf 81' lang='grc' dir='ltr'>αὑτὴ</span> <span class='ocrx_word' id='word_1_17' title='bbox 1866 468 1975 541; x_wconf 78' lang='grc' dir='ltr'><strong>γὰρ</strong></span> 
     </span>
    </p>
   </div>
   <div class='ocr_carea' id='block_1_5' title="bbox 2081 452 3674 547">
    <p class='ocr_par' dir='ltr' id='par_1_5' title="bbox 2081 456 3674 547">
     <span class='ocr_line' id='line_1_5' title="bbox 2081 456 3674 547; baseline 0.005 -20"><span class='ocrx_word' id='word_1_18' title='bbox 2081 471 2267 531; x_wconf 90' lang='lat' dir='ltr'><strong>lumen</strong></span> <span class='ocrx_word' id='word_1_19' title='bbox 2296 476 2467 532; x_wconf 83' lang='lat' dir='ltr'><strong>rectis</strong></span> <span class='ocrx_word' id='word_1_20' title='bbox 2492 475 2752 542; x_wconf 87' lang='lat' dir='ltr'><strong>mittitur,</strong></span> <span class='ocrx_word' id='word_1_21' title='bbox 2782 481 3048 547; x_wconf 80' lang='lat' dir='ltr'><strong>tanquam</strong></span> <span class='ocrx_word' id='word_1_22' title='bbox 3090 475 3195 547; x_wconf 79' lang='lat'><strong>71</strong></span> <span class='ocrx_word' id='word_1_23' title='bbox 3231 490 3296 531; x_wconf 86' lang='lat' dir='ltr'><strong>ea</strong></span> <span class='ocrx_word' id='word_1_24' title='bbox 3329 456 3674 546; x_wconf 70' lang='lat' dir='ltr'><strong>carentibus,</strong></span> 
     </span>
    </p>
   </div>
   <div class='ocr_carea' id='block_1_6' title="bbox 353 543 1972 633">
    <p class='ocr_par' dir='ltr' id='par_1_6' title="bbox 353 543 1972 633">
     <span class='ocr_line' id='line_1_6' title="bbox 353 543 1972 633; baseline 0.009 -36"><span class='ocrx_word' id='word_1_25' title='bbox 353 545 391 612; x_wconf 75' lang='grc' dir='ltr'><strong>ἡ</strong></span> <span class='ocrx_word' id='word_1_26' title='bbox 422 543 544 601; x_wconf 83' lang='grc' dir='ltr'><strong>τῶν</strong></span> <span class='ocrx_word' id='word_1_27' title='bbox 575 548 925 618; x_wconf 83' lang='grc' dir='ltr'><strong>πραγμάτων</strong></span> <span class='ocrx_word' id='word_1_28' title='bbox 968 550 1263 625; x_wconf 82' lang='grc' dir='ltr'>ἀναϐοήσει</span> <span class='ocrx_word' id='word_1_29' title='bbox 1309 554 1493 626; x_wconf 81' lang='grc' dir='ltr'><strong>φύσις,</strong></span> <span class='ocrx_word' id='word_1_30' title='bbox 1524 557 1601 621; x_wconf 82' lang='grc' dir='ltr'>ὡς</span> <span class='ocrx_word' id='word_1_31' title='bbox 1641 559 1743 613; x_wconf 86' lang='grc' dir='ltr'>οὐκ</span> <span class='ocrx_word' id='word_1_32' title='bbox 1777 559 1844 614; x_wconf 82' lang='grc' dir='ltr'>ἂν</span> <span class='ocrx_word' id='word_1_33' title='bbox 1885 560 1972 633; x_wconf 80' lang='grc' dir='ltr'>εἴη</span> 
     </span>
    </p>
   </div>
   <div class='ocr_carea' id='block_1_7' title="bbox 348 637 1975 724">
    <p class='ocr_par' dir='ltr' id='par_1_7' title="bbox 348 637 1975 724">
     <span class='ocr_line' id='line_1_7' title="bbox 348 637 1975 724; baseline 0.01 -36"><span class='ocrx_word' id='word_1_34' title='bbox 348 637 562 690; x_wconf 79' lang='grc' dir='ltr'>ταυτὸν</span> <span class='ocrx_word' id='word_1_35' title='bbox 590 639 675 700; x_wconf 85' lang='grc' dir='ltr'><strong>είς</strong></span> <span class='ocrx_word' id='word_1_36' title='bbox 703 637 896 694; x_wconf 76' lang='grc' dir='ltr'>οὐσίαν</span> <span class='ocrx_word' id='word_1_37' title='bbox 923 640 1004 713; x_wconf 84' lang='grc' dir='ltr'><strong>τῷ</strong></span> <span class='ocrx_word' id='word_1_38' title='bbox 1030 642 1223 714; x_wconf 77' lang='grc' dir='ltr'><strong>τελείῳ</strong></span> <span class='ocrx_word' id='word_1_39' title='bbox 1251 645 1315 701; x_wconf 83' lang='grc' dir='ltr'>τὸ</span> <span class='ocrx_word' id='word_1_40' title='bbox 1356 647 1589 715; x_wconf 75' lang='grc' dir='ltr'>ὲπιδεὲς,</span> <span class='ocrx_word' id='word_1_41' title='bbox 1624 648 1704 720; x_wconf 80' lang='grc' dir='ltr'>τῷ</span> <span class='ocrx_word' id='word_1_42' title='bbox 1735 649 1975 724; x_wconf 81' lang='grc' dir='ltr'>δεομένῳ</span> 
     </span>
    </p>
   </div>
   <div class='ocr_carea' id='block_1_8' title="bbox 350 727 1240 808">
    <p class='ocr_par' dir='ltr' id='par_1_8' title="bbox 350 727 1240 808">
     <span class='ocr_line' id='line_1_8' title="bbox 350 727 1240 808; baseline 0.01 -26"><span class='ocrx_word' id='word_1_43' title='bbox 350 727 418 782; x_wconf 74' lang='grc' dir='ltr'>τὸ</span> <span class='ocrx_word' id='word_1_44' title='bbox 460 729 743 803; x_wconf 75' lang='grc' dir='ltr'><strong>χορηγοῦν</strong></span> <span class='ocrx_word' id='word_1_45' title='bbox 776 733 844 786; x_wconf 77' lang='grc' dir='ltr'>ἐκ</span> <span class='ocrx_word' id='word_1_46' title='bbox 872 732 1240 808; x_wconf 82' lang='grc' dir='ltr'><strong>πλεονασμοῦ.</strong></span> 
     </span>
    </p>
   </div>
   <div class='ocr_carea' id='block_1_9' title="bbox 429 912 1981 1000">
    <p class='ocr_par' dir='ltr' id='par_1_9' title="bbox 429 912 1981 1000">
     <span class='ocr_line' id='line_1_9' title="bbox 429 912 1981 1000; baseline 0.012 -36"><span class='ocrx_word' id='word_1_47' title='bbox 429 912 647 967; x_wconf 80' lang='grc' dir='ltr'><strong>ΔΛΛΟ.</strong></span> <span class='ocrx_word' id='word_1_48' title='bbox 687 931 707 966; x_wconf 83' lang='grc' dir='ltr'><strong>ι</strong></span> <span class='ocrx_word' id='word_1_49' title='bbox 735 914 1002 980; x_wconf 76' lang='grc' dir='ltr'>Φωτίζου.</span> <span class='ocrx_word' id='word_1_50' title='bbox 1031 918 1688 997; x_wconf 77' lang='grc' dir='ltr'>φωτίζου,⁹1ερουσαλὴμ,</span> <span class='ocrx_word' id='word_1_51' title='bbox 1718 926 1843 999; x_wconf 80' lang='grc' dir='ltr'>ἥκει</span> <span class='ocrx_word' id='word_1_52' title='bbox 1866 927 1981 1000; x_wconf 87' lang='grc' dir='ltr'><strong>γάρ</strong></span> 
     </span>
    </p>
   </div>
   <div class='ocr_carea' id='block_1_10' title="bbox 358 1004 1970 1084">
    <p class='ocr_par' dir='ltr' id='par_1_10' title="bbox 358 1004 1970 1084">
     <span class='ocr_line' id='line_1_10' title="bbox 358 1004 1970 1084; baseline 0.013 -28"><span class='ocrx_word' id='word_1_53' title='bbox 358 1021 462 1057; x_wconf 83' lang='grc' dir='ltr'><strong>σου</strong></span> <span class='ocrx_word' id='word_1_54' title='bbox 493 1004 557 1058; x_wconf 81' lang='grc' dir='ltr'>τὸ</span> <span class='ocrx_word' id='word_1_55' title='bbox 582 1007 724 1076; x_wconf 84' lang='grc' dir='ltr'>φῶς,</span> <span class='ocrx_word' id='word_1_56' title='bbox 753 1008 850 1061; x_wconf 73' lang='grc' dir='ltr'><strong>καὶ</strong></span> <span class='ocrx_word' id='word_1_57' title='bbox 875 1009 907 1079; x_wconf 80' lang='grc' dir='ltr'><strong>ἡ</strong></span> <span class='ocrx_word' id='word_1_58' title='bbox 937 1009 1065 1077; x_wconf 84' lang='grc' dir='ltr'>δόξα</span> <span class='ocrx_word' id='word_1_59' title='bbox 1094 1013 1304 1084; x_wconf 84' lang='grc' dir='ltr'>Κυρίου</span> <span class='ocrx_word' id='word_1_60' title='bbox 1337 1016 1430 1069; x_wconf 74' lang='grc' dir='ltr'><strong>ἐπὶ</strong></span> <span class='ocrx_word' id='word_1_61' title='bbox 1453 1017 1514 1071; x_wconf 82' lang='grc' dir='ltr'>σὲ</span> <span class='ocrx_word' id='word_1_62' title='bbox 1539 1019 1923 1077; x_wconf 81' lang='grc' dir='ltr'><strong>ἀνατέταλκεν.</strong></span> <span class='ocrx_word' id='word_1_63' title='bbox 1949 1041 1970 1076; x_wconf 76' lang='grc' dir='ltr'><strong>ι</strong></span> 
     </span>
    </p>
   </div>
   <div class='ocr_carea' id='block_1_11' title="bbox 364 1097 1974 1183">
    <p class='ocr_par' dir='ltr' id='par_1_11' title="bbox 364 1097 1974 1183">
     <span class='ocr_line' id='line_1_11' title="bbox 364 1097 1974 1183; baseline 0.012 -34"><span class='ocrx_word' id='word_1_64' title='bbox 364 1097 435 1151; x_wconf 81' lang='grc' dir='ltr'><strong>Εἰ</strong></span> <span class='ocrx_word' id='word_1_65' title='bbox 480 1098 577 1168; x_wconf 83' lang='grc' dir='ltr'><strong>μὲν</strong></span> <span class='ocrx_word' id='word_1_66' title='bbox 624 1097 845 1152; x_wconf 73' lang='grc' dir='ltr'>οἴκοθεν</span> <span class='ocrx_word' id='word_1_67' title='bbox 887 1098 1003 1171; x_wconf 72' lang='grc' dir='ltr'>ἔχει</span> <span class='ocrx_word' id='word_1_68' title='bbox 1035 1103 1098 1158; x_wconf 83' lang='grc' dir='ltr'>τὸ</span> <span class='ocrx_word' id='word_1_69' title='bbox 1122 1104 1240 1173; x_wconf 88' lang='grc' dir='ltr'><strong>φῶς</strong></span> <span class='ocrx_word' id='word_1_70' title='bbox 1278 1110 1312 1178; x_wconf 83' lang='grc' dir='ltr'><strong>ἡ</strong></span> <span class='ocrx_word' id='word_1_71' title='bbox 1362 1108 1472 1162; x_wconf 90' lang='grc' dir='ltr'><strong>τῶν</strong></span> <span class='ocrx_word' id='word_1_72' title='bbox 1516 1113 1763 1182; x_wconf 82' lang='grc' dir='ltr'>γενητῶν</span> <span class='ocrx_word' id='word_1_73' title='bbox 1792 1113 1974 1183; x_wconf 81' lang='grc' dir='ltr'><strong>φύσις,</strong></span> 
     </span>
    </p>
   </div>
   <div class='ocr_carea' id='block_1_12' title="bbox 370 1188 1977 1273">
    <p class='ocr_par' dir='ltr' id='par_1_12' title="bbox 370 1188 1977 1273">
     <span class='ocr_line' id='line_1_12' title="bbox 370 1188 1977 1273; baseline 0.012 -30"><span class='ocrx_word' id='word_1_74' title='bbox 370 1190 464 1243; x_wconf 81' lang='grc' dir='ltr'>καὶ</span> <span class='ocrx_word' id='word_1_75' title='bbox 490 1188 653 1244; x_wconf 80' lang='grc' dir='ltr'>τοῦτό</span> <span class='ocrx_word' id='word_1_76' title='bbox 686 1193 806 1245; x_wconf 82' lang='grc' dir='ltr'>ὲστι</span> <span class='ocrx_word' id='word_1_77' title='bbox 836 1193 1063 1265; x_wconf 80' lang='grc' dir='ltr'><strong>κυρίως,</strong></span> <span class='ocrx_word' id='word_1_78' title='bbox 1101 1196 1241 1269; x_wconf 83' lang='grc' dir='ltr'>ὅπερ</span> <span class='ocrx_word' id='word_1_79' title='bbox 1273 1193 1414 1254; x_wconf 77' lang='grc' dir='ltr'>εἶναί</span> <span class='ocrx_word' id='word_1_80' title='bbox 1453 1218 1637 1273; x_wconf 88' lang='grc' dir='ltr'>φαμεν</span> <span class='ocrx_word' id='word_1_81' title='bbox 1676 1204 1770 1259; x_wconf 79' lang='grc' dir='ltr'>τὸν</span> <span class='ocrx_word' id='word_1_82' title='bbox 1798 1208 1977 1262; x_wconf 82' lang='grc' dir='ltr'>Μονο-</span> 
     </span>
    </p>
   </div>
   <div class='ocr_carea' id='block_1_13' title="bbox 364 1284 1976 1375">
    <p class='ocr_par' dir='ltr' id='par_1_13' title="bbox 364 1284 1976 1375">
     <span class='ocr_line' id='line_1_13' title="bbox 364 1284 1976 1375; baseline 0.017 -45"><span class='ocrx_word' id='word_1_83' title='bbox 364 1284 500 1355; x_wconf 81' lang='grc' dir='ltr'>γενῆ</span> <span class='ocrx_word' id='word_1_84' title='bbox 531 1285 684 1339; x_wconf 86' lang='grc' dir='ltr'>κατά</span> <span class='ocrx_word' id='word_1_85' title='bbox 714 1302 780 1355; x_wconf 87' lang='grc' dir='ltr'><strong>γε</strong></span> <span class='ocrx_word' id='word_1_86' title='bbox 820 1286 884 1340; x_wconf 80' lang='grc' dir='ltr'>τὸ</span> <span class='ocrx_word' id='word_1_87' title='bbox 923 1284 1065 1343; x_wconf 75' lang='grc' dir='ltr'>εἶναι</span> <span class='ocrx_word' id='word_1_88' title='bbox 1096 1290 1215 1360; x_wconf 88' lang='grc' dir='ltr'><strong>φῶς</strong></span> <span class='ocrx_word' id='word_1_89' title='bbox 1246 1293 1522 1365; x_wconf 80' lang='grc' dir='ltr'>ἀληθινὸν,</span> <span class='ocrx_word' id='word_1_90' title='bbox 1566 1298 1684 1363; x_wconf 87' lang='grc' dir='ltr'><strong>πῶς</strong></span> <span class='ocrx_word' id='word_1_91' title='bbox 1715 1300 1782 1355; x_wconf 85' lang='grc' dir='ltr'>ἂν</span> <span class='ocrx_word' id='word_1_92' title='bbox 1808 1301 1976 1375; x_wconf 61' lang='grc' dir='ltr'>δεηθῇ</span> 
     </span>
    </p>
   </div>
   <div class='ocr_carea' id='block_1_14' title="bbox 359 1376 1975 1467">
    <p class='ocr_par' dir='ltr' id='par_1_14' title="bbox 359 1376 1975 1467">
     <span class='ocr_line' id='line_1_14' title="bbox 359 1376 1975 1467; baseline 0.014 -39"><span class='ocrx_word' id='word_1_93' title='bbox 359 1376 460 1430; x_wconf 80' lang='grc' dir='ltr'><strong>τοῦ</strong></span> <span class='ocrx_word' id='word_1_94' title='bbox 511 1377 847 1447; x_wconf 72' lang='grc' dir='ltr'><strong>φωτίζοντος</strong></span> <span class='ocrx_word' id='word_1_95' title='bbox 894 1382 1062 1438; x_wconf 83' lang='grc' dir='ltr'>αὐτὸν</span> <span class='ocrx_word' id='word_1_96' title='bbox 1110 1383 1220 1458; x_wconf 85' lang='grc' dir='ltr'><strong>[ἵσ.</strong></span> <span class='ocrx_word' id='word_1_97' title='bbox 1250 1387 1444 1461; x_wconf 78' lang='grc' dir='ltr'>αὐτὴν]</span> <span class='ocrx_word' id='word_1_98' title='bbox 1490 1392 1524 1462; x_wconf 80' lang='grc' dir='ltr'><strong>ἡ</strong></span> <span class='ocrx_word' id='word_1_99' title='bbox 1576 1391 1975 1467; x_wconf 79' lang='grc' dir='ltr'>Ὶερουσαλήμ;</span> 
     </span>
    </p>
   </div>
   <div class='ocr_carea' id='block_1_15' title="bbox 373 1470 1978 1559">
    <p class='ocr_par' dir='ltr' id='par_1_15' title="bbox 373 1470 1978 1559">
     <span class='ocr_line' id='line_1_15' title="bbox 373 1470 1978 1559; baseline 0.011 -35"><span class='ocrx_word' id='word_1_100' title='bbox 373 1470 607 1543; x_wconf 80' lang='grc' dir='ltr'>Ἐπειδὴ</span> <span class='ocrx_word' id='word_1_101' title='bbox 637 1472 695 1526; x_wconf 82' lang='grc' dir='ltr'><strong>δὲ</strong></span> <span class='ocrx_word' id='word_1_102' title='bbox 725 1473 802 1539; x_wconf 89' lang='grc' dir='ltr'><strong>ὡς</strong></span> <span class='ocrx_word' id='word_1_103' title='bbox 845 1475 906 1529; x_wconf 84' lang='grc' dir='ltr'>ὲν</span> <span class='ocrx_word' id='word_1_104' title='bbox 934 1475 1162 1546; x_wconf 87' lang='grc' dir='ltr'>χάριτος</span> <span class='ocrx_word' id='word_1_105' title='bbox 1192 1478 1349 1552; x_wconf 85' lang='grc' dir='ltr'>μέρει</span> <span class='ocrx_word' id='word_1_106' title='bbox 1382 1482 1444 1535; x_wconf 85' lang='grc' dir='ltr'>τὸ</span> <span class='ocrx_word' id='word_1_107' title='bbox 1472 1484 1804 1552; x_wconf 80' lang='grc' dir='ltr'><strong>φωτίζεσθαι</strong></span> <span class='ocrx_word' id='word_1_108' title='bbox 1834 1487 1978 1559; x_wconf 87' lang='grc' dir='ltr'>λαμ-</span> 
     </span>
    </p>
   </div>
   <div class='ocr_carea' id='block_1_16' title="bbox 360 1563 1981 1651">
    <p class='ocr_par' dir='ltr' id='par_1_16' title="bbox 360 1563 1981 1651">
     <span class='ocr_line' id='line_1_16' title="bbox 360 1563 1981 1651; baseline 0.012 -34"><span class='ocrx_word' id='word_1_109' title='bbox 360 1563 555 1631; x_wconf 77' lang='grc' dir='ltr'>ϐάνει,</span> <span class='ocrx_word' id='word_1_110' title='bbox 597 1565 754 1637; x_wconf 84' lang='grc' dir='ltr'>μόνος</span> <span class='ocrx_word' id='word_1_111' title='bbox 779 1567 892 1639; x_wconf 77' lang='grc' dir='ltr'>ἄρα</span> <span class='ocrx_word' id='word_1_112' title='bbox 929 1569 992 1623; x_wconf 78' lang='grc' dir='ltr'>τὸ</span> <span class='ocrx_word' id='word_1_113' title='bbox 1030 1568 1148 1640; x_wconf 88' lang='grc' dir='ltr'><strong>φῶς</strong></span> <span class='ocrx_word' id='word_1_114' title='bbox 1176 1572 1239 1626; x_wconf 88' lang='grc' dir='ltr'>τὸ</span> <span class='ocrx_word' id='word_1_115' title='bbox 1265 1573 1520 1645; x_wconf 81' lang='grc' dir='ltr'>ἀληθινὸν</span> <span class='ocrx_word' id='word_1_116' title='bbox 1544 1579 1573 1631; x_wconf 99' lang='lat'><strong>6</strong></span> <span class='ocrx_word' id='word_1_117' title='bbox 1600 1578 1731 1644; x_wconf 85' lang='grc' dir='ltr'>Υίδς</span> <span class='ocrx_word' id='word_1_118' title='bbox 1755 1579 1784 1632; x_wconf 91' lang='lat'><strong>6</strong></span> <span class='ocrx_word' id='word_1_119' title='bbox 1812 1582 1981 1651; x_wconf 86' lang='grc' dir='ltr'>φωτί-</span> 
     </span>
    </p>
   </div>
   <div class='ocr_carea' id='block_1_17' title="bbox 360 1653 1976 1740">
    <p class='ocr_par' dir='ltr' id='par_1_17' title="bbox 360 1653 1976 1740">
     <span class='ocr_line' id='line_1_17' title="bbox 360 1653 1976 1740; baseline 0.011 -32"><span class='ocrx_word' id='word_1_120' title='bbox 360 1653 485 1720; x_wconf 80' lang='grc' dir='ltr'>ζων</span> <span class='ocrx_word' id='word_1_121' title='bbox 515 1656 711 1727; x_wconf 83' lang='grc' dir='ltr'>αὐτὴν,</span> <span class='ocrx_word' id='word_1_122' title='bbox 756 1659 850 1712; x_wconf 78' lang='grc' dir='ltr'><strong>καὶ</strong></span> <span class='ocrx_word' id='word_1_123' title='bbox 893 1659 1033 1731; x_wconf 84' lang='grc' dir='ltr'>ὅπερ</span> <span class='ocrx_word' id='word_1_124' title='bbox 1063 1663 1165 1716; x_wconf 81' lang='grc' dir='ltr'>οὐκ</span> <span class='ocrx_word' id='word_1_125' title='bbox 1197 1661 1313 1735; x_wconf 79' lang='grc' dir='ltr'>ἔχει</span> <span class='ocrx_word' id='word_1_126' title='bbox 1350 1663 1549 1730; x_wconf 87' lang='grc' dir='ltr'>διδούς.</span> <span class='ocrx_word' id='word_1_127' title='bbox 1591 1669 1656 1721; x_wconf 80' lang='lat' dir='ltr'><strong>El</strong></span> <span class='ocrx_word' id='word_1_128' title='bbox 1699 1668 1757 1723; x_wconf 80' lang='grc' dir='ltr'>δὲ</span> <span class='ocrx_word' id='word_1_129' title='bbox 1796 1670 1976 1740; x_wconf 74' lang='grc' dir='ltr'>τοῦτο,</span> 
     </span>
    </p>
   </div>
   <div class='ocr_carea' id='block_1_18' title="bbox 360 1748 1979 1837">
    <p class='ocr_par' dir='ltr' id='par_1_18' title="bbox 360 1748 1979 1837">
     <span class='ocr_line' id='line_1_18' title="bbox 360 1748 1979 1837; baseline 0.011 -35"><span class='ocrx_word' id='word_1_130' title='bbox 360 1748 492 1814; x_wconf 85' lang='grc' dir='ltr'><strong>πῶς</strong></span> <span class='ocrx_word' id='word_1_131' title='bbox 542 1750 608 1804; x_wconf 90' lang='grc' dir='ltr'><strong>ού</strong></span> <span class='ocrx_word' id='word_1_132' title='bbox 652 1748 872 1817; x_wconf 86' lang='grc' dir='ltr'>πάντως</span> <span class='ocrx_word' id='word_1_133' title='bbox 918 1754 1015 1808; x_wconf 81' lang='grc' dir='ltr'>καὶ</span> <span class='ocrx_word' id='word_1_134' title='bbox 1060 1749 1249 1829; x_wconf 71' lang='grc' dir='ltr'>ἔτερος</span> <span class='ocrx_word' id='word_1_135' title='bbox 1300 1758 1447 1813; x_wconf 82' lang='grc' dir='ltr'>κατὰ</span> <span class='ocrx_word' id='word_1_136' title='bbox 1492 1759 1691 1830; x_wconf 89' lang='grc' dir='ltr'>φύσιν,</span> <span class='ocrx_word' id='word_1_137' title='bbox 1729 1762 1808 1827; x_wconf 84' lang='grc' dir='ltr'>ὼς</span> <span class='ocrx_word' id='word_1_138' title='bbox 1840 1765 1979 1837; x_wconf 70' lang='grc' dir='ltr'>πρὸς</span> 
     </span>
    </p>
   </div>
   <div class='ocr_carea' id='block_1_19' title="bbox 363 1842 571 1909">
    <p class='ocr_par' dir='ltr' id='par_1_19' title="bbox 363 1842 571 1909">
     <span class='ocr_line' id='line_1_19' title="bbox 363 1842 571 1909; baseline -0.005 -12"><span class='ocrx_word' id='word_1_139' title='bbox 363 1842 535 1897; x_wconf 82' lang='grc' dir='ltr'>αὐτόν</span> <span class='ocrx_word' id='word_1_140' title='bbox 554 1859 571 1909; x_wconf 86' lang='grc'>;</span> 
     </span>
    </p>
   </div>
   <div class='ocr_carea' id='block_1_20' title="bbox 441 1934 1977 2015">
    <p class='ocr_par' dir='ltr' id='par_1_20' title="bbox 441 1934 1977 2015">
     <span class='ocr_line' id='line_1_20' title="bbox 441 1934 1977 2015; baseline 0.008 -28"><span class='ocrx_word' id='word_1_141' title='bbox 441 1934 651 1989; x_wconf 77' lang='grc' dir='ltr'><strong>ΔΔΛΟ.</strong></span> <span class='ocrx_word' id='word_1_142' title='bbox 699 1953 719 1986; x_wconf 81' lang='grc' dir='ltr'><strong>ι</strong></span> <span class='ocrx_word' id='word_1_143' title='bbox 761 1934 895 1989; x_wconf 74' lang='grc' dir='ltr'><strong>Ἰδοὺ</strong></span> <span class='ocrx_word' id='word_1_144' title='bbox 924 1935 1135 1992; x_wconf 81' lang='grc' dir='ltr'><strong>δέδωκά</strong></span> <span class='ocrx_word' id='word_1_145' title='bbox 1162 1956 1223 1993; x_wconf 88' lang='grc' dir='ltr'><strong>σε</strong></span> <span class='ocrx_word' id='word_1_146' title='bbox 1249 1940 1331 2005; x_wconf 63' lang='grc' dir='ltr'><strong>είς</strong></span> <span class='ocrx_word' id='word_1_147' title='bbox 1358 1940 1624 2015; x_wconf 84' lang='grc' dir='ltr'><strong>διαθήκην</strong></span> <span class='ocrx_word' id='word_1_148' title='bbox 1652 1942 1867 2013; x_wconf 81' lang='grc' dir='ltr'>γένους,</span> <span class='ocrx_word' id='word_1_149' title='bbox 1896 1946 1977 2010; x_wconf 86' lang='grc' dir='ltr'><strong>είς</strong></span> 
     </span>
    </p>
   </div>
   <div class='ocr_carea' id='block_1_21' title="bbox 372 2026 1980 2109">
    <p class='ocr_par' dir='ltr' id='par_1_21' title="bbox 372 2026 1980 2109">
     <span class='ocr_line' id='line_1_21' title="bbox 372 2026 1980 2109; baseline 0.009 -31"><span class='ocrx_word' id='word_1_150' title='bbox 372 2028 497 2096; x_wconf 78' lang='grc' dir='ltr'><strong>φῶς</strong></span> <span class='ocrx_word' id='word_1_151' title='bbox 521 2026 707 2082; x_wconf 76' lang='grc' dir='ltr'>ἐθνῶν.</span> <span class='ocrx_word' id='word_1_152' title='bbox 741 2046 761 2079; x_wconf 76' lang='grc' dir='ltr'><strong>ι</strong></span> <span class='ocrx_word' id='word_1_153' title='bbox 803 2028 931 2092; x_wconf 86' lang='grc' dir='ltr'>Πῶς</span> <span class='ocrx_word' id='word_1_154' title='bbox 961 2028 1074 2101; x_wconf 84' lang='grc' dir='ltr'>γὰρ</span> <span class='ocrx_word' id='word_1_155' title='bbox 1102 2030 1241 2095; x_wconf 70' lang='grc' dir='ltr'>ὅλως</span> <span class='ocrx_word' id='word_1_156' title='bbox 1267 2032 1462 2106; x_wconf 76' lang='grc' dir='ltr'>ἐδεήθη</span> <span class='ocrx_word' id='word_1_157' title='bbox 1488 2035 1666 2105; x_wconf 82' lang='grc' dir='ltr'>φωτὸς</span> <span class='ocrx_word' id='word_1_158' title='bbox 1691 2039 1724 2109; x_wconf 79' lang='grc' dir='ltr'><strong>ἡ</strong></span> <span class='ocrx_word' id='word_1_159' title='bbox 1755 2037 1849 2091; x_wconf 77' lang='grc' dir='ltr'><strong>ἐπὶ</strong></span> <span class='ocrx_word' id='word_1_160' title='bbox 1872 2038 1980 2109; x_wconf 86' lang='grc' dir='ltr'>γῆς</span> 
     </span>
    </p>
   </div>
   <div class='ocr_carea' id='block_1_22' title="bbox 369 2115 1979 2203">
    <p class='ocr_par' dir='ltr' id='par_1_22' title="bbox 369 2115 1979 2203">
     <span class='ocr_line' id='line_1_22' title="bbox 369 2115 1979 2203; baseline 0.007 -31"><span class='ocrx_word' id='word_1_161' title='bbox 369 2115 505 2172; x_wconf 74' lang='grc' dir='ltr'>οὖσα</span> <span class='ocrx_word' id='word_1_162' title='bbox 533 2119 726 2193; x_wconf 84' lang='grc' dir='ltr'>λογικὴ</span> <span class='ocrx_word' id='word_1_163' title='bbox 763 2120 979 2188; x_wconf 85' lang='grc' dir='ltr'>κτίσις,</span> <span class='ocrx_word' id='word_1_164' title='bbox 1027 2122 1188 2196; x_wconf 81' lang='grc' dir='ltr'>είπερ</span> <span class='ocrx_word' id='word_1_165' title='bbox 1221 2124 1340 2178; x_wconf 69' lang='grc' dir='ltr'>ἐστὶ</span> <span class='ocrx_word' id='word_1_166' title='bbox 1371 2127 1513 2181; x_wconf 84' lang='grc' dir='ltr'>κατὰ</span> <span class='ocrx_word' id='word_1_167' title='bbox 1543 2128 1708 2201; x_wconf 81' lang='grc' dir='ltr'>φύσιν</span> <span class='ocrx_word' id='word_1_168' title='bbox 1739 2130 1879 2203; x_wconf 79' lang='grc' dir='ltr'>αὐτῇ</span> <span class='ocrx_word' id='word_1_169' title='bbox 1918 2130 1979 2184; x_wconf 82' lang='grc' dir='ltr'>τὸ</span> 
     </span>
    </p>
   </div>
   <div class='ocr_carea' id='block_1_23' title="bbox 362 2206 1978 2296">
    <p class='ocr_par' dir='ltr' id='par_1_23' title="bbox 362 2206 1978 2296">
     <span class='ocr_line' id='line_1_23' title="bbox 362 2206 1978 2296; baseline 0.009 -33"><span class='ocrx_word' id='word_1_170' title='bbox 362 2206 511 2266; x_wconf 77' lang='grc' dir='ltr'>εἶναι</span> <span class='ocrx_word' id='word_1_171' title='bbox 540 2210 660 2282; x_wconf 70' lang='grc' dir='ltr'><strong>φῶς</strong></span> <span class='ocrx_word' id='word_1_172' title='bbox 686 2211 747 2266; x_wconf 84' lang='grc' dir='ltr'><strong>τὺ</strong></span> <span class='ocrx_word' id='word_1_173' title='bbox 781 2211 1074 2284; x_wconf 82' lang='grc' dir='ltr'>ἀληθινόν;</span> <span class='ocrx_word' id='word_1_174' title='bbox 1123 2215 1210 2281; x_wconf 85' lang='grc' dir='ltr'>Ὠς</span> <span class='ocrx_word' id='word_1_175' title='bbox 1249 2217 1359 2289; x_wconf 81' lang='grc' dir='ltr'>γὰρ</span> <span class='ocrx_word' id='word_1_176' title='bbox 1384 2219 1486 2272; x_wconf 80' lang='grc' dir='ltr'><strong>οὐκ</strong></span> <span class='ocrx_word' id='word_1_177' title='bbox 1516 2220 1717 2296; x_wconf 82' lang='grc' dir='ltr'>ἐχούσῃ</span> <span class='ocrx_word' id='word_1_178' title='bbox 1759 2222 1862 2295; x_wconf 71' lang='grc' dir='ltr'><strong>ἤδη</strong></span> <span class='ocrx_word' id='word_1_179' title='bbox 1897 2222 1978 2277; x_wconf 87' lang='grc' dir='ltr'>δί-</span> 
     </span>
    </p>
   </div>
   <div class='ocr_carea' id='block_1_24' title="bbox 355 2303 1981 2386">
    <p class='ocr_par' dir='ltr' id='par_1_24' title="bbox 355 2303 1981 2386">
     <span class='ocr_line' id='line_1_24' title="bbox 355 2303 1981 2386; baseline 0.009 -30"><span class='ocrx_word' id='word_1_180' title='bbox 355 2303 535 2386; x_wconf 63' lang='grc' dir='ltr'>δωσιν</span> <span class='ocrx_word' id='word_1_181' title='bbox 578 2307 606 2359; x_wconf 93' lang='lat'><strong>6</strong></span> <span class='ocrx_word' id='word_1_182' title='bbox 639 2305 776 2371; x_wconf 83' lang='grc' dir='ltr'><strong>Θεὸς</strong></span> <span class='ocrx_word' id='word_1_183' title='bbox 800 2308 897 2361; x_wconf 78' lang='grc' dir='ltr'><strong>καὶ</strong></span> <span class='ocrx_word' id='word_1_184' title='bbox 914 2309 1105 2382; x_wconf 78' lang='grc' dir='ltr'>Πατὴρ</span> <span class='ocrx_word' id='word_1_185' title='bbox 1128 2310 1218 2364; x_wconf 82' lang='grc' dir='ltr'>τὸν</span> <span class='ocrx_word' id='word_1_186' title='bbox 1240 2309 1370 2365; x_wconf 82' lang='grc' dir='ltr'>ίδιον</span> <span class='ocrx_word' id='word_1_187' title='bbox 1393 2311 1543 2367; x_wconf 81' lang='grc' dir='ltr'>Υἱόν’</span> <span class='ocrx_word' id='word_1_188' title='bbox 1589 2316 1621 2386; x_wconf 82' lang='grc' dir='ltr'><strong>ἡ</strong></span> <span class='ocrx_word' id='word_1_189' title='bbox 1647 2315 1702 2368; x_wconf 82' lang='grc' dir='ltr'>δὲ</span> <span class='ocrx_word' id='word_1_190' title='bbox 1722 2316 1865 2370; x_wconf 79' lang='grc' dir='ltr'>οὕτω</span> <span class='ocrx_word' id='word_1_191' title='bbox 1884 2317 1981 2371; x_wconf 85' lang='grc' dir='ltr'><strong>λα-</strong></span> 
     </span>
    </p>
   </div>
   <div class='ocr_carea' id='block_1_25' title="bbox 342 2382 1978 2481">
    <p class='ocr_par' dir='ltr' id='par_1_25' title="bbox 342 2382 1978 2481">
     <span class='ocr_line' id='line_1_25' title="bbox 342 2382 1978 2481; baseline 0.009 -32"><span class='ocrx_word' id='word_1_192' title='bbox 342 2382 545 2451; x_wconf 61' lang='grc' dir='ltr'>’6οὖσα</span> <span class='ocrx_word' id='word_1_193' title='bbox 578 2398 649 2452; x_wconf 78' lang='grc' dir='ltr'>δι’</span> <span class='ocrx_word' id='word_1_194' title='bbox 686 2399 855 2454; x_wconf 79' lang='grc' dir='ltr'>αὐτοῦ</span> <span class='ocrx_word' id='word_1_195' title='bbox 884 2400 1074 2472; x_wconf 81' lang='grc' dir='ltr'>βοήσει</span> <span class='ocrx_word' id='word_1_196' title='bbox 1114 2401 1212 2457; x_wconf 78' lang='grc' dir='ltr'><strong>τοῦ</strong></span> <span class='ocrx_word' id='word_1_197' title='bbox 1247 2382 1620 2476; x_wconf 31' lang='grc' dir='ltr'>πράγματος,</span> <span class='ocrx_word' id='word_1_198' title='bbox 1641 2408 1735 2461; x_wconf 76' lang='grc' dir='ltr'>καὶ</span> <span class='ocrx_word' id='word_1_199' title='bbox 1761 2409 1864 2481; x_wconf 87' lang='grc' dir='ltr'>τῆς</span> <span class='ocrx_word' id='word_1_200' title='bbox 1896 2412 1978 2464; x_wconf 86' lang='grc' dir='ltr'>οί-</span> 
     </span>
    </p>
   </div>
   <div class='ocr_carea' id='block_1_26' title="bbox 358 2490 1978 2574">
    <p class='ocr_par' dir='ltr' id='par_1_26' title="bbox 358 2490 1978 2574">
     <span class='ocr_line' id='line_1_26' title="bbox 358 2490 1978 2574; baseline 0.01 -32"><span class='ocrx_word' id='word_1_201' title='bbox 358 2490 528 2555; x_wconf 84' lang='grc' dir='ltr'>κείας</span> <span class='ocrx_word' id='word_1_202' title='bbox 561 2491 782 2560; x_wconf 84' lang='grc' dir='ltr'>φύσεως</span> <span class='ocrx_word' id='word_1_203' title='bbox 816 2493 919 2566; x_wconf 81' lang='grc' dir='ltr'>τὴν</span> <span class='ocrx_word' id='word_1_204' title='bbox 951 2496 1294 2564; x_wconf 78' lang='grc' dir='ltr'>πενίαν,-καὶ</span> <span class='ocrx_word' id='word_1_205' title='bbox 1320 2498 1412 2553; x_wconf 83' lang='grc' dir='ltr'>τοῦ</span> <span class='ocrx_word' id='word_1_206' title='bbox 1443 2499 1770 2570; x_wconf 73' lang='grc' dir='ltr'>φωτίζοντος</span> <span class='ocrx_word' id='word_1_207' title='bbox 1801 2502 1978 2574; x_wconf 83' lang='grc' dir='ltr'>Λόγου</span> 
     </span>
    </p>
   </div>
   <div class='ocr_carea' id='block_1_27' title="bbox 354 2582 1001 2659">
    <p class='ocr_par' dir='ltr' id='par_1_27' title="bbox 354 2582 1001 2659">
     <span class='ocr_line' id='line_1_27' title="bbox 354 2582 1001 2659; baseline 0.009 -22"><span class='ocrx_word' id='word_1_208' title='bbox 354 2584 426 2637; x_wconf 73' lang='grc' dir='ltr'>τὸ</span> <span class='ocrx_word' id='word_1_209' title='bbox 461 2582 727 2639; x_wconf 81' lang='grc' dir='ltr'>πλούσιον</span> <span class='ocrx_word' id='word_1_210' title='bbox 759 2586 1001 2659; x_wconf 78' lang='grc' dir='ltr'>ἀξίωμα.</span> 
     </span>
    </p>
   </div>
   <div class='ocr_carea' id='block_1_28' title="bbox 432 2679 1980 2763">
    <p class='ocr_par' dir='ltr' id='par_1_28' title="bbox 432 2679 1980 2763">
     <span class='ocr_line' id='line_1_28' title="bbox 432 2679 1980 2763; baseline 0.008 -30"><span class='ocrx_word' id='word_1_211' title='bbox 432 2680 648 2736; x_wconf 80' lang='lat' dir='ltr'><strong>AAAO.</strong></span> <span class='ocrx_word' id='word_1_212' title='bbox 698 2703 719 2735; x_wconf 79' lang='grc' dir='ltr'><strong>ι</strong></span> <span class='ocrx_word' id='word_1_213' title='bbox 749 2682 864 2737; x_wconf 79' lang='grc' dir='ltr'><strong>Καὶ</strong></span> <span class='ocrx_word' id='word_1_214' title='bbox 881 2682 979 2738; x_wconf 83' lang='grc' dir='ltr'><strong>νῦν</strong></span> <span class='ocrx_word' id='word_1_215' title='bbox 1000 2686 1028 2739; x_wconf 95' lang='lat'><strong>6</strong></span> <span class='ocrx_word' id='word_1_216' title='bbox 1047 2679 1195 2751; x_wconf 73' lang='grc' dir='ltr'>οἶκος</span> <span class='ocrx_word' id='word_1_217' title='bbox 1220 2685 1316 2741; x_wconf 83' lang='grc' dir='ltr'><strong>τοῦ</strong></span> <span class='ocrx_word' id='word_1_218' title='bbox 1354 2686 1577 2754; x_wconf 74' lang='grc' dir='ltr'><strong>Ἰακὼϐ,</strong></span> <span class='ocrx_word' id='word_1_219' title='bbox 1594 2688 1748 2744; x_wconf 80' lang='grc' dir='ltr'>δεῦτε</span> <span class='ocrx_word' id='word_1_220' title='bbox 1779 2708 1980 2763; x_wconf 84' lang='grc' dir='ltr'>πορευ-</span> 
     </span>
    </p>
   </div>
   <div class='ocr_carea' id='block_1_29' title="bbox 360 2770 1980 2855">
    <p class='ocr_par' dir='ltr' id='par_1_29' title="bbox 360 2770 1980 2855">
     <span class='ocr_line' id='line_1_29' title="bbox 360 2770 1980 2855; baseline 0.007 -30"><span class='ocrx_word' id='word_1_221' title='bbox 360 2770 556 2843; x_wconf 85' lang='grc' dir='ltr'>θῶμεν</span> <span class='ocrx_word' id='word_1_222' title='bbox 587 2772 670 2844; x_wconf 81' lang='grc' dir='ltr'><strong>τῷ</strong></span> <span class='ocrx_word' id='word_1_223' title='bbox 702 2775 847 2844; x_wconf 78' lang='grc' dir='ltr'>φωτὶ</span> <span class='ocrx_word' id='word_1_224' title='bbox 894 2775 1125 2849; x_wconf 83' lang='grc' dir='ltr'>Κυρίου.</span> <span class='ocrx_word' id='word_1_225' title='bbox 1157 2797 1178 2832; x_wconf 72' lang='grc' dir='ltr'><strong>ι</strong></span> <span class='ocrx_word' id='word_1_226' title='bbox 1233 2778 1335 2833; x_wconf 82' lang='grc' dir='ltr'><strong>Διὰ</strong></span> <span class='ocrx_word' id='word_1_227' title='bbox 1367 2779 1419 2833; x_wconf 91' lang='grc' dir='ltr'><strong>τί</strong></span> <span class='ocrx_word' id='word_1_228' title='bbox 1455 2783 1549 2834; x_wconf 82' lang='grc' dir='ltr'>καὶ</span> <span class='ocrx_word' id='word_1_229' title='bbox 1589 2775 1737 2835; x_wconf 78' lang='grc' dir='ltr'>οὗτοι</span> <span class='ocrx_word' id='word_1_230' title='bbox 1787 2783 1864 2854; x_wconf 84' lang='grc' dir='ltr'>μὴ</span> <span class='ocrx_word' id='word_1_231' title='bbox 1898 2783 1980 2855; x_wconf 83' lang='grc' dir='ltr'><strong>τῷ</strong></span> 
     </span>
    </p>
   </div>
   <div class='ocr_carea' id='block_1_30' title="bbox 363 2865 1979 2943">
    <p class='ocr_par' dir='ltr' id='par_1_30' title="bbox 363 2865 1979 2943">
     <span class='ocr_line' id='line_1_30' title="bbox 363 2865 1979 2943; baseline 0.006 -25"><span class='ocrx_word' id='word_1_232' title='bbox 363 2865 557 2937; x_wconf 76' lang='grc' dir='ltr'>οἰκείῳ</span> <span class='ocrx_word' id='word_1_233' title='bbox 585 2866 919 2938; x_wconf 86' lang='grc' dir='ltr'>πορεύονται</span> <span class='ocrx_word' id='word_1_234' title='bbox 961 2870 1121 2939; x_wconf 73' lang='grc' dir='ltr'>φωτὶ,</span> <span class='ocrx_word' id='word_1_235' title='bbox 1162 2870 1416 2943; x_wconf 63' lang='grc' dir='ltr'>δᾳδουχεῖ</span> <span class='ocrx_word' id='word_1_236' title='bbox 1447 2873 1504 2927; x_wconf 84' lang='grc' dir='ltr'>δὲ</span> <span class='ocrx_word' id='word_1_237' title='bbox 1533 2874 1719 2937; x_wconf 80' lang='grc' dir='ltr'>αὐτοῖς</span> <span class='ocrx_word' id='word_1_238' title='bbox 1743 2873 1772 2926; x_wconf 86' lang='lat'><strong>6</strong></span> <span class='ocrx_word' id='word_1_239' title='bbox 1801 2876 1979 2928; x_wconf 82' lang='grc' dir='ltr'>Μονο-</span> 
     </span>
    </p>
   </div>
   <div class='ocr_carea' id='block_1_31' title="bbox 357 2958 1975 3036">
    <p class='ocr_par' dir='ltr' id='par_1_31' title="bbox 357 2958 1975 3036">
     <span class='ocr_line' id='line_1_31' title="bbox 357 2958 1975 3036; baseline 0.007 -26"><span class='ocrx_word' id='word_1_240' title='bbox 357 2958 533 3028; x_wconf 78' lang='grc' dir='ltr'>γενὴς</span> <span class='ocrx_word' id='word_1_241' title='bbox 566 2958 630 3013; x_wconf 77' lang='grc' dir='ltr'>τὸ</span> <span class='ocrx_word' id='word_1_242' title='bbox 678 2960 813 3015; x_wconf 76' lang='grc' dir='ltr'>ἴδιον</span> <span class='ocrx_word' id='word_1_243' title='bbox 859 2959 1026 3029; x_wconf 67' lang='grc' dir='ltr'><strong>ας)τοῦ</strong></span> <span class='ocrx_word' id='word_1_244' title='bbox 1070 2963 1172 3033; x_wconf 82' lang='grc' dir='ltr'>τῆς</span> <span class='ocrx_word' id='word_1_245' title='bbox 1221 2965 1410 3030; x_wconf 89' lang='grc' dir='ltr'>ούσίας</span> <span class='ocrx_word' id='word_1_246' title='bbox 1456 2966 1688 3031; x_wconf 75' lang='grc' dir='ltr'>ἐντιθεὶς</span> <span class='ocrx_word' id='word_1_247' title='bbox 1728 2968 1975 3036; x_wconf 54' lang='grc' dir='ltr'>,ἀγαθόνς</span> 
     </span>
    </p>
   </div>
   <div class='ocr_carea' id='block_1_32' title="bbox 366 3036 1977 3129">
    <p class='ocr_par' dir='ltr' id='par_1_32' title="bbox 366 3036 1977 3129">
     <span class='ocr_line' id='line_1_32' title="bbox 366 3036 1977 3129; baseline 0.005 -24"><span class='ocrx_word' id='word_1_248' title='bbox 366 3052 519 3106; x_wconf 81' lang='grc' dir='ltr'>Ἀλλ’</span> <span class='ocrx_word' id='word_1_249' title='bbox 556 3053 622 3106; x_wconf 83' lang='grc' dir='ltr'>οὐ</span> <span class='ocrx_word' id='word_1_250' title='bbox 671 3052 751 3124; x_wconf 87' lang='grc' dir='ltr'><strong>τῷ</strong></span> <span class='ocrx_word' id='word_1_251' title='bbox 782 3054 969 3127; x_wconf 76' lang='grc' dir='ltr'>οἰκείῳ</span> <span class='ocrx_word' id='word_1_252' title='bbox 1002 3054 1380 3129; x_wconf 76' lang='grc' dir='ltr'>θαρρήσαντες</span> <span class='ocrx_word' id='word_1_253' title='bbox 1413 3036 1752 3124; x_wconf 80' lang='grc' dir='ltr'>δανείζονταί</span> <span class='ocrx_word' id='word_1_254' title='bbox 1785 3060 1847 3113; x_wconf 83' lang='grc' dir='ltr'><strong>τὸ</strong></span> <span class='ocrx_word' id='word_1_255' title='bbox 1877 3060 1977 3115; x_wconf 82' lang='grc' dir='ltr'><strong>ἁλ-</strong></span> 
     </span>
    </p>
   </div>
   <div class='ocr_carea' id='block_1_33' title="bbox 2076 566 3676 639">
    <p class='ocr_par' dir='ltr' id='par_1_33' title="bbox 2076 566 3676 639">
     <span class='ocr_line' id='line_1_33' title="bbox 2076 566 3676 639; baseline 0.003 -18"><span class='ocrx_word' id='word_1_256' title='bbox 2076 580 2189 621; x_wconf 90' lang='lat' dir='ltr'><strong>non</strong></span> <span class='ocrx_word' id='word_1_257' title='bbox 2223 566 2416 623; x_wconf 87' lang='lat' dir='ltr'><strong>multis</strong></span> <span class='ocrx_word' id='word_1_258' title='bbox 2442 566 2626 623; x_wconf 81' lang='lat' dir='ltr'><strong>verbis</strong></span> <span class='ocrx_word' id='word_1_259' title='bbox 2654 566 2818 623; x_wconf 88' lang='lat' dir='ltr'><strong>nobis</strong></span> <span class='ocrx_word' id='word_1_260' title='bbox 2852 581 2992 637; x_wconf 90' lang='lat' dir='ltr'><strong>opus</strong></span> <span class='ocrx_word' id='word_1_261' title='bbox 3016 574 3103 623; x_wconf 88' lang='lat' dir='ltr'><strong>est</strong></span> <span class='ocrx_word' id='word_1_262' title='bbox 3134 585 3148 622; x_wconf 90' lang='lat'><strong>:</strong></span> <span class='ocrx_word' id='word_1_263' title='bbox 3197 569 3322 637; x_wconf 87' lang='lat' dir='ltr'><strong>ipsa</strong></span> <span class='ocrx_word' id='word_1_264' title='bbox 3349 568 3554 639; x_wconf 84' lang='lat' dir='ltr'><strong>quippe</strong></span> <span class='ocrx_word' id='word_1_265' title='bbox 3584 586 3676 626; x_wconf 85' lang='lat' dir='ltr'><strong>re-</strong></span> 
     </span>
    </p>
   </div>
   <div class='ocr_carea' id='block_1_34' title="bbox 2076 658 3679 730">
    <p class='ocr_par' dir='ltr' id='par_1_34' title="bbox 2076 658 3679 730">
     <span class='ocr_line' id='line_1_34' title="bbox 2076 658 3679 730; baseline 0.002 -16"><span class='ocrx_word' id='word_1_266' title='bbox 2076 674 2201 714; x_wconf 89' lang='lat' dir='ltr'><strong>rum</strong></span> <span class='ocrx_word' id='word_1_267' title='bbox 2227 665 2431 714; x_wconf 85' lang='lat' dir='ltr'><strong>natura</strong></span> <span class='ocrx_word' id='word_1_268' title='bbox 2486 658 2745 715; x_wconf 89' lang='lat' dir='ltr'><strong>clamabit</strong></span> <span class='ocrx_word' id='word_1_269' title='bbox 2797 673 2907 715; x_wconf 91' lang='lat' dir='ltr'><strong>non</strong></span> <span class='ocrx_word' id='word_1_270' title='bbox 2943 674 3071 716; x_wconf 89' lang='lat' dir='ltr'><strong>esse</strong></span> <span class='ocrx_word' id='word_1_271' title='bbox 3121 658 3269 716; x_wconf 90' lang='lat' dir='ltr'><strong>idem</strong></span> <span class='ocrx_word' id='word_1_272' title='bbox 3308 660 3495 730; x_wconf 86' lang='lat' dir='ltr'><strong>quoad</strong></span> <span class='ocrx_word' id='word_1_273' title='bbox 3543 661 3679 718; x_wconf 83' lang='lat' dir='ltr'><strong>sub-</strong></span> 
     </span>
    </p>
   </div>
   <div class='ocr_carea' id='block_1_35' title="bbox 2078 750 3677 824">
    <p class='ocr_par' dir='ltr' id='par_1_35' title="bbox 2078 750 3677 824">
     <span class='ocr_line' id='line_1_35' title="bbox 2078 750 3677 824; baseline 0.001 -18"><span class='ocrx_word' id='word_1_274' title='bbox 2078 750 2340 806; x_wconf 76' lang='lat' dir='ltr'><strong>stantiam</strong></span> <span class='ocrx_word' id='word_1_275' title='bbox 2367 765 2494 806; x_wconf 93' lang='lat' dir='ltr'><strong>cum</strong></span> <span class='ocrx_word' id='word_1_276' title='bbox 2548 750 2795 822; x_wconf 80' lang='lat' dir='ltr'><strong>perfecto</strong></span> <span class='ocrx_word' id='word_1_277' title='bbox 2826 750 2882 806; x_wconf 89' lang='lat' dir='ltr'><strong>id</strong></span> <span class='ocrx_word' id='word_1_278' title='bbox 2929 750 3077 821; x_wconf 89' lang='lat' dir='ltr'><strong>quod</strong></span> <span class='ocrx_word' id='word_1_279' title='bbox 3114 758 3261 824; x_wconf 83' lang='lat' dir='ltr'><strong>eget,</strong></span> <span class='ocrx_word' id='word_1_280' title='bbox 3322 768 3505 823; x_wconf 88' lang='lat' dir='ltr'><strong>neque</strong></span> <span class='ocrx_word' id='word_1_281' title='bbox 3549 768 3677 809; x_wconf 88' lang='lat' dir='ltr'><strong>cum</strong></span> 
     </span>
    </p>
   </div>
   <div class='ocr_carea' id='block_1_36' title="bbox 2078 840 3067 915">
    <p class='ocr_par' dir='ltr' id='par_1_36' title="bbox 2078 840 3067 915">
     <span class='ocr_line' id='line_1_36' title="bbox 2078 840 3067 915; baseline 0 -17"><span class='ocrx_word' id='word_1_282' title='bbox 2078 843 2271 914; x_wconf 77' lang='lat' dir='ltr'><strong>indigo</strong></span> <span class='ocrx_word' id='word_1_283' title='bbox 2303 843 2357 899; x_wconf 91' lang='lat' dir='ltr'><strong>id</strong></span> <span class='ocrx_word' id='word_1_284' title='bbox 2392 842 2543 915; x_wconf 89' lang='lat' dir='ltr'><strong>quod</strong></span> <span class='ocrx_word' id='word_1_285' title='bbox 2573 840 2797 898; x_wconf 82' lang='lat' dir='ltr'><strong>atl&#39;atim’</strong></span> <span class='ocrx_word' id='word_1_286' title='bbox 2813 843 3067 915; x_wconf 76' lang='lat' dir='ltr'><strong>largitur.</strong></span> 
     </span>
    </p>
   </div>
   <div class='ocr_carea' id='block_1_37' title="bbox 2148 933 3797 1005">
    <p class='ocr_par' dir='ltr' id='par_1_37' title="bbox 2148 933 3797 1005">
     <span class='ocr_line' id='line_1_37' title="bbox 2148 933 3797 1005; baseline 0.002 -16"><span class='ocrx_word' id='word_1_287' title='bbox 2148 933 2387 993; x_wconf 81' lang='lat' dir='ltr'><strong>ALIUD.</strong></span> <span class='ocrx_word' id='word_1_288' title='bbox 2445 954 2466 987; x_wconf 79' lang='grc' dir='ltr'><strong>ι</strong></span> <span class='ocrx_word' id='word_1_289' title='bbox 2515 936 2871 1003; x_wconf 88' lang='lat' dir='ltr'><strong>llluminare,</strong></span> <span class='ocrx_word' id='word_1_290' title='bbox 2919 935 3258 1005; x_wconf 83' lang='lat' dir='ltr'><strong>illuminare,</strong></span> <span class='ocrx_word' id='word_1_291' title='bbox 3298 936 3610 995; x_wconf 80' lang='lat' dir='ltr'><strong>Jerusalem</strong></span> <span class='ocrx_word' id='word_1_292' title='bbox 3661 958 3675 996; x_wconf 90' lang='lat'><strong>:</strong></span> <span class='ocrx_word' id='word_1_293' title='bbox 3789 982 3797 993; x_wconf 90' lang='lat'><strong>.</strong></span> 
     </span>
    </p>
   </div>
   <div class='ocr_carea' id='block_1_38' title="bbox 2078 1028 3683 1101">
    <p class='ocr_par' dir='ltr' id='par_1_38' title="bbox 2078 1028 3683 1101">
     <span class='ocr_line' id='line_1_38' title="bbox 2078 1028 3683 1101; baseline 0 -16"><span class='ocrx_word' id='word_1_294' title='bbox 2078 1028 2233 1085; x_wconf 83' lang='lat' dir='ltr'><strong>venit</strong></span> <span class='ocrx_word' id='word_1_295' title='bbox 2288 1029 2437 1085; x_wconf 83' lang='lat' dir='ltr'><strong>enim</strong></span> <span class='ocrx_word' id='word_1_296' title='bbox 2472 1029 2662 1085; x_wconf 84' lang='lat' dir='ltr'><strong>lumen</strong></span> <span class='ocrx_word' id='word_1_297' title='bbox 2697 1038 2875 1094; x_wconf 88' lang='lat' dir='ltr'><strong>tuum,</strong></span> <span class='ocrx_word' id='word_1_298' title='bbox 2920 1038 2976 1085; x_wconf 91' lang='lat' dir='ltr'><strong>et</strong></span> <span class='ocrx_word' id='word_1_299' title='bbox 3021 1029 3200 1101; x_wconf 81' lang='lat' dir='ltr'><strong>gloria</strong></span> <span class='ocrx_word' id='word_1_300' title='bbox 3240 1029 3456 1086; x_wconf 86' lang='lat' dir='ltr'><strong>Domini</strong></span> <span class='ocrx_word' id='word_1_301' title='bbox 3506 1047 3683 1101; x_wconf 80' lang='lat' dir='ltr'><strong>super.</strong></span> 
     </span>
    </p>
   </div>
   <div class='ocr_carea' id='block_1_39' title="bbox 2078 1123 3678 1183">
    <p class='ocr_par' dir='ltr' id='par_1_39' title="bbox 2078 1123 3678 1183">
     <span class='ocr_line' id='line_1_39' title="bbox 2078 1123 3678 1183; baseline 0.001 -6"><span class='ocrx_word' id='word_1_302' title='bbox 2078 1130 2135 1179; x_wconf 92' lang='lat' dir='ltr'><strong>te</strong></span> <span class='ocrx_word' id='word_1_303' title='bbox 2163 1132 2285 1178; x_wconf 85' lang='lat' dir='ltr'><strong>orta</strong></span> <span class='ocrx_word' id='word_1_304' title='bbox 2310 1132 2396 1181; x_wconf 90' lang='lat' dir='ltr'><strong>est</strong></span> <span class='ocrx_word' id='word_1_305' title='bbox 2419 1124 2487 1180; x_wconf 78' lang='lat'><strong>“.</strong></span> <span class='ocrx_word' id='word_1_306' title='bbox 2525 1142 2544 1176; x_wconf 74' lang='grc' dir='ltr'><strong>ι</strong></span> <span class='ocrx_word' id='word_1_307' title='bbox 2577 1123 2648 1183; x_wconf 73' lang='lat' dir='ltr'><strong>At</strong></span> <span class='ocrx_word' id='word_1_308' title='bbox 2682 1123 2729 1178; x_wconf 88' lang='lat' dir='ltr'><strong>si</strong></span> <span class='ocrx_word' id='word_1_309' title='bbox 2762 1138 2792 1177; x_wconf 91' lang='lat' dir='ltr'><strong>a</strong></span> <span class='ocrx_word' id='word_1_310' title='bbox 2811 1138 2872 1179; x_wconf 93' lang='lat' dir='ltr'><strong>se</strong></span> <span class='ocrx_word' id='word_1_311' title='bbox 2898 1123 3086 1180; x_wconf 89' lang='lat' dir='ltr'><strong>lumen</strong></span> <span class='ocrx_word' id='word_1_312' title='bbox 3118 1123 3284 1179; x_wconf 83' lang='lat' dir='ltr'><strong>habet</strong></span> <span class='ocrx_word' id='word_1_313' title='bbox 3310 1139 3493 1179; x_wconf 91' lang='lat' dir='ltr'><strong>rerum</strong></span> <span class='ocrx_word' id='word_1_314' title='bbox 3518 1140 3678 1179; x_wconf 88' lang='lat' dir='ltr'><strong>crea-</strong></span> 
     </span>
    </p>
   </div>
   <div class='ocr_carea' id='block_1_40' title="bbox 2078 1214 3679 1288">
    <p class='ocr_par' dir='ltr' id='par_1_40' title="bbox 2078 1214 3679 1288">
     <span class='ocr_line' id='line_1_40' title="bbox 2078 1214 3679 1288; baseline 0 -17"><span class='ocrx_word' id='word_1_315' title='bbox 2078 1224 2265 1271; x_wconf 89' lang='lat' dir='ltr'><strong>tarum</strong></span> <span class='ocrx_word' id='word_1_316' title='bbox 2304 1225 2532 1281; x_wconf 86' lang='lat' dir='ltr'><strong>natura,</strong></span> <span class='ocrx_word' id='word_1_317' title='bbox 2575 1224 2742 1286; x_wconf 88' lang='lat' dir='ltr'><strong>atque</strong></span> <span class='ocrx_word' id='word_1_318' title='bbox 2790 1216 2844 1271; x_wconf 87' lang='lat' dir='ltr'><strong>id</strong></span> <span class='ocrx_word' id='word_1_319' title='bbox 2876 1217 3104 1287; x_wconf 85' lang='lat' dir='ltr'><strong>proprie</strong></span> <span class='ocrx_word' id='word_1_320' title='bbox 3142 1224 3259 1283; x_wconf 85' lang='lat' dir='ltr'><strong>est,</strong></span> <span class='ocrx_word' id='word_1_321' title='bbox 3291 1216 3438 1286; x_wconf 89' lang='lat' dir='ltr'><strong>quod</strong></span> <span class='ocrx_word' id='word_1_322' title='bbox 3472 1214 3679 1288; x_wconf 79' lang='lat' dir='ltr'><strong>Unige-</strong></span> 
     </span>
    </p>
   </div>
   <div class='ocr_carea' id='block_1_41' title="bbox 2079 1309 3678 1382">
    <p class='ocr_par' dir='ltr' id='par_1_41' title="bbox 2079 1309 3678 1382">
     <span class='ocr_line' id='line_1_41' title="bbox 2079 1309 3678 1382; baseline 0 -17"><span class='ocrx_word' id='word_1_323' title='bbox 2079 1310 2257 1365; x_wconf 81' lang='lat' dir='ltr'><strong>nilum</strong></span> <span class='ocrx_word' id='word_1_324' title='bbox 2290 1326 2419 1367; x_wconf 85' lang='lat' dir='ltr'><strong>esse</strong></span> <span class='ocrx_word' id='word_1_325' title='bbox 2453 1310 2731 1376; x_wconf 84' lang='lat' dir='ltr'><strong>dicimus,</strong></span> <span class='ocrx_word' id='word_1_326' title='bbox 2767 1311 3033 1366; x_wconf 81' lang='lat' dir='ltr'><strong>nimirum</strong></span> <span class='ocrx_word' id='word_1_327' title='bbox 3064 1312 3157 1366; x_wconf 76' lang='lat' dir='ltr'><strong>lux</strong></span> <span class='ocrx_word' id='word_1_328' title='bbox 3207 1327 3362 1375; x_wconf 88' lang='lat' dir='ltr'><strong>vera,</strong></span> <span class='ocrx_word' id='word_1_329' title='bbox 3397 1309 3678 1382; x_wconf 91' lang='lat' dir='ltr'><strong>quomodo</strong></span> 
     </span>
    </p>
   </div>
   <div class='ocr_carea' id='block_1_42' title="bbox 2082 1399 3678 1473">
    <p class='ocr_par' dir='ltr' id='par_1_42' title="bbox 2082 1399 3678 1473">
     <span class='ocr_line' id='line_1_42' title="bbox 2082 1399 3678 1473; baseline 0 -19"><span class='ocrx_word' id='word_1_330' title='bbox 2082 1399 2208 1456; x_wconf 90' lang='lat' dir='ltr'><strong>luce</strong></span> <span class='ocrx_word' id='word_1_331' title='bbox 2248 1400 2519 1471; x_wconf 76' lang='lat' dir='ltr'><strong>indigebit</strong></span> <span class='ocrx_word' id='word_1_332' title='bbox 2568 1399 2875 1457; x_wconf 79' lang='lat' dir='ltr'><strong>Jerusalem</strong></span> <span class='ocrx_word' id='word_1_333' title='bbox 2908 1417 2940 1456; x_wconf 90' lang='lat' dir='ltr'><strong>a</strong></span> <span class='ocrx_word' id='word_1_334' title='bbox 2966 1416 3080 1473; x_wconf 87' lang='lat' dir='ltr'><strong>qua</strong></span> <span class='ocrx_word' id='word_1_335' title='bbox 3127 1400 3512 1465; x_wconf 73' lang='lat' dir='ltr'><strong>illuminetun?</strong></span> <span class='ocrx_word' id='word_1_336' title='bbox 3536 1399 3678 1457; x_wconf 86' lang='lat' dir='ltr'><strong>Cum</strong></span> 
     </span>
    </p>
   </div>
   <div class='ocr_carea' id='block_1_43' title="bbox 2081 1491 3677 1566">
    <p class='ocr_par' dir='ltr' id='par_1_43' title="bbox 2081 1491 3677 1566">
     <span class='ocr_line' id='line_1_43' title="bbox 2081 1491 3677 1566; baseline 0.003 -21"><span class='ocrx_word' id='word_1_337' title='bbox 2081 1498 2266 1546; x_wconf 88' lang='lat' dir='ltr'><strong>autem</strong></span> <span class='ocrx_word' id='word_1_338' title='bbox 2323 1493 2510 1561; x_wconf 69' lang='lat' dir='ltr'><strong>gratia:</strong></span> <span class='ocrx_word' id='word_1_339' title='bbox 2540 1491 2664 1548; x_wconf 87' lang='lat' dir='ltr'><strong>loco</strong></span> <span class='ocrx_word' id='word_1_340' title='bbox 2699 1493 3171 1549; x_wconf 84' lang='lat' dir='ltr'><strong>illuminationem</strong></span> <span class='ocrx_word' id='word_1_341' title='bbox 3203 1494 3477 1566; x_wconf 87' lang='lat' dir='ltr'><strong>accipiat,</strong></span> <span class='ocrx_word' id='word_1_342' title='bbox 3521 1492 3677 1549; x_wconf 85' lang='lat' dir='ltr'><strong>solus</strong></span> 
     </span>
    </p>
   </div>
   <div class='ocr_carea' id='block_1_44' title="bbox 2081 1583 3676 1658">
    <p class='ocr_par' dir='ltr' id='par_1_44' title="bbox 2081 1583 3676 1658">
     <span class='ocr_line' id='line_1_44' title="bbox 2081 1583 3676 1658; baseline 0.001 -20"><span class='ocrx_word' id='word_1_343' title='bbox 2081 1597 2215 1655; x_wconf 78' lang='lat' dir='ltr'><strong>ergo</strong></span> <span class='ocrx_word' id='word_1_344' title='bbox 2244 1598 2377 1640; x_wconf 89' lang='lat' dir='ltr'><strong>vera</strong></span> <span class='ocrx_word' id='word_1_345' title='bbox 2405 1585 2501 1639; x_wconf 84' lang='lat' dir='ltr'><strong>lux</strong></span> <span class='ocrx_word' id='word_1_346' title='bbox 2537 1593 2624 1643; x_wconf 90' lang='lat' dir='ltr'><strong>est</strong></span> <span class='ocrx_word' id='word_1_347' title='bbox 2658 1583 2834 1642; x_wconf 88' lang='lat' dir='ltr'><strong>Filius</strong></span> <span class='ocrx_word' id='word_1_348' title='bbox 2871 1587 2965 1658; x_wconf 83' lang='lat' dir='ltr'><strong>qui</strong></span> <span class='ocrx_word' id='word_1_349' title='bbox 3001 1584 3309 1645; x_wconf 79' lang='lat' dir='ltr'><strong>Jerusalem</strong></span> <span class='ocrx_word' id='word_1_350' title='bbox 3360 1585 3676 1651; x_wconf 88' lang='lat' dir='ltr'><strong>illuminat,</strong></span> 
     </span>
    </p>
   </div>
   <div class='ocr_carea' id='block_1_45' title="bbox 2080 1674 3678 1747">
    <p class='ocr_par' dir='ltr' id='par_1_45' title="bbox 2080 1674 3678 1747">
     <span class='ocr_line' id='line_1_45' title="bbox 2080 1674 3678 1747; baseline -0.001 -16"><span class='ocrx_word' id='word_1_351' title='bbox 2080 1674 2244 1745; x_wconf 85' lang='lat' dir='ltr'><strong>eique</strong></span> <span class='ocrx_word' id='word_1_352' title='bbox 2289 1674 2467 1731; x_wconf 87' lang='lat' dir='ltr'><strong>lucem</strong></span> <span class='ocrx_word' id='word_1_353' title='bbox 2510 1690 2620 1747; x_wconf 85' lang='lat' dir='ltr'><strong>qua</strong></span> <span class='ocrx_word' id='word_1_354' title='bbox 2661 1682 2816 1731; x_wconf 85' lang='lat' dir='ltr'><strong>caret</strong></span> <span class='ocrx_word' id='word_1_355' title='bbox 2860 1675 3126 1746; x_wconf 87' lang='lat' dir='ltr'><strong>impertit.</strong></span> <span class='ocrx_word' id='word_1_356' title='bbox 3168 1675 3329 1742; x_wconf 84' lang='lat' dir='ltr'><strong>Quod</strong></span> <span class='ocrx_word' id='word_1_357' title='bbox 3389 1676 3436 1732; x_wconf 89' lang='lat' dir='ltr'><strong>si</strong></span> <span class='ocrx_word' id='word_1_358' title='bbox 3485 1690 3678 1731; x_wconf 86' lang='lat' dir='ltr'><strong>verum</strong></span> 
     </span>
    </p>
   </div>
   <div class='ocr_carea' id='block_1_46' title="bbox 2081 1768 3678 1842">
    <p class='ocr_par' dir='ltr' id='par_1_46' title="bbox 2081 1768 3678 1842">
     <span class='ocr_line' id='line_1_46' title="bbox 2081 1768 3678 1842; baseline 0.002 -17"><span class='ocrx_word' id='word_1_359' title='bbox 2081 1777 2197 1835; x_wconf 91' lang='lat' dir='ltr'><strong>est,</strong></span> <span class='ocrx_word' id='word_1_360' title='bbox 2237 1770 2333 1840; x_wconf 81' lang='lat' dir='ltr'><strong>qui</strong></span> <span class='ocrx_word' id='word_1_361' title='bbox 2368 1769 2487 1825; x_wconf 84' lang='lat' dir='ltr'><strong>ﬁeri</strong></span> <span class='ocrx_word' id='word_1_362' title='bbox 2522 1777 2713 1841; x_wconf 89' lang='lat' dir='ltr'><strong>potest</strong></span> <span class='ocrx_word' id='word_1_363' title='bbox 2751 1778 2811 1826; x_wconf 91' lang='lat' dir='ltr'><strong>ut</strong></span> <span class='ocrx_word' id='word_1_364' title='bbox 2868 1784 2980 1826; x_wconf 89' lang='lat' dir='ltr'><strong>non</strong></span> <span class='ocrx_word' id='word_1_365' title='bbox 3018 1770 3092 1826; x_wconf 88' lang='lat' dir='ltr'><strong>sit</strong></span> <span class='ocrx_word' id='word_1_366' title='bbox 3138 1770 3395 1827; x_wconf 88' lang='lat' dir='ltr'><strong>diversus</strong></span> <span class='ocrx_word' id='word_1_367' title='bbox 3442 1768 3514 1826; x_wconf 89' lang='lat' dir='ltr'><strong>ab</strong></span> <span class='ocrx_word' id='word_1_368' title='bbox 3553 1771 3678 1842; x_wconf 90' lang='lat' dir='ltr'><strong>ipso</strong></span> 
     </span>
    </p>
   </div>
   <div class='ocr_carea' id='block_1_47' title="bbox 2082 1864 3325 1921">
    <p class='ocr_par' dir='ltr' id='par_1_47' title="bbox 2082 1864 3325 1921">
     <span class='ocr_line' id='line_1_47' title="bbox 2082 1864 3325 1921; baseline -0.002 0"><span class='ocrx_word' id='word_1_369' title='bbox 2082 1864 2394 1921; x_wconf 88' lang='lat' dir='ltr'><strong>secundum</strong></span> <span class='ocrx_word' id='word_1_370' title='bbox 2424 1864 2725 1919; x_wconf 85' lang='lat' dir='ltr'><strong>naturam?</strong></span> <span class='ocrx_word' id='word_1_371' title='bbox 2874 1915 2878 1919; x_wconf 20' lang='lat'><strong>,</strong></span> <span class='ocrx_word' id='word_1_372' title='bbox 3320 1864 3325 1867; x_wconf 85' lang='grc'><em>’</em></span> 
     </span>
    </p>
   </div>
   <div class='ocr_carea' id='block_1_48' title="bbox 2154 1954 3676 2027">
    <p class='ocr_par' dir='ltr' id='par_1_48' title="bbox 2154 1954 3676 2027">
     <span class='ocr_line' id='line_1_48' title="bbox 2154 1954 3676 2027; baseline 0.001 -16"><span class='ocrx_word' id='word_1_373' title='bbox 2154 1954 2390 2012; x_wconf 79' lang='lat' dir='ltr'><strong>ALIUD.</strong></span> <span class='ocrx_word' id='word_1_374' title='bbox 2421 1973 2442 2008; x_wconf 87' lang='grc' dir='ltr'><strong>ι</strong></span> <span class='ocrx_word' id='word_1_375' title='bbox 2474 1955 2618 2012; x_wconf 89' lang='lat' dir='ltr'><strong>Ecce</strong></span> <span class='ocrx_word' id='word_1_376' title='bbox 2653 1955 2779 2012; x_wconf 90' lang='lat' dir='ltr'><strong>dedi</strong></span> <span class='ocrx_word' id='word_1_377' title='bbox 2814 1967 2869 2014; x_wconf 85' lang='lat' dir='ltr'><strong>te</strong></span> <span class='ocrx_word' id='word_1_378' title='bbox 2896 1958 2955 2012; x_wconf 90' lang='lat' dir='ltr'><strong>in</strong></span> <span class='ocrx_word' id='word_1_379' title='bbox 2994 1963 3398 2014; x_wconf 84' lang='lat' dir='ltr'><strong>testamentum</strong></span> <span class='ocrx_word' id='word_1_380' title='bbox 3433 1955 3676 2027; x_wconf 78' lang='lat' dir='ltr'><strong>generis,</strong></span> 
     </span>
    </p>
   </div>
   <div class='ocr_carea' id='block_1_49' title="bbox 2082 2038 3678 2120">
    <p class='ocr_par' dir='ltr' id='par_1_49' title="bbox 2082 2038 3678 2120">
     <span class='ocr_line' id='line_1_49' title="bbox 2082 2038 3678 2120; baseline -0.002 -17"><span class='ocrx_word' id='word_1_381' title='bbox 2082 2038 2138 2103; x_wconf 69' lang='lat' dir='ltr'><strong>i‘n</strong></span> <span class='ocrx_word' id='word_1_382' title='bbox 2169 2048 2351 2104; x_wconf 91' lang='lat' dir='ltr'><strong>lucem</strong></span> <span class='ocrx_word' id='word_1_383' title='bbox 2385 2048 2631 2120; x_wconf 77' lang='lat' dir='ltr'><strong>gentium</strong></span> <span class='ocrx_word' id='word_1_384' title='bbox 2662 2048 2731 2103; x_wconf 78' lang='grc'><strong>⁸⁷.</strong></span> <span class='ocrx_word' id='word_1_385' title='bbox 2772 2068 2790 2101; x_wconf 78' lang='grc' dir='ltr'><strong>ι</strong></span> <span class='ocrx_word' id='word_1_386' title='bbox 2827 2047 3120 2115; x_wconf 85' lang='lat' dir='ltr'><strong>Quomodo</strong></span> <span class='ocrx_word' id='word_1_387' title='bbox 3148 2049 3324 2113; x_wconf 89' lang='lat' dir='ltr'><strong>enim,</strong></span> <span class='ocrx_word' id='word_1_388' title='bbox 3352 2063 3559 2118; x_wconf 73' lang='lat' dir='ltr'><strong>quaeso,</strong></span> <span class='ocrx_word' id='word_1_389' title='bbox 3590 2047 3678 2100; x_wconf 86' lang='lat' dir='ltr'><strong>lu-</strong></span> 
     </span>
    </p>
   </div>
   <div class='ocr_carea' id='block_1_50' title="bbox 2081 2139 3680 2213">
    <p class='ocr_par' dir='ltr' id='par_1_50' title="bbox 2081 2139 3680 2213">
     <span class='ocr_line' id='line_1_50' title="bbox 2081 2139 3680 2213; baseline -0.003 -16"><span class='ocrx_word' id='word_1_390' title='bbox 2081 2141 2163 2199; x_wconf 92' lang='lat' dir='ltr'><strong>cis</strong></span> <span class='ocrx_word' id='word_1_391' title='bbox 2194 2140 2436 2213; x_wconf 79' lang='lat' dir='ltr'><strong>indiguit</strong></span> <span class='ocrx_word' id='word_1_392' title='bbox 2480 2141 2769 2199; x_wconf 88' lang='lat' dir='ltr'><strong>rationalis</strong></span> <span class='ocrx_word' id='word_1_393' title='bbox 2801 2155 2867 2196; x_wconf 89' lang='lat' dir='ltr'><strong>ac</strong></span> <span class='ocrx_word' id='word_1_394' title='bbox 2891 2150 3115 2197; x_wconf 84' lang='lat' dir='ltr'><strong>terrena</strong></span> <span class='ocrx_word' id='word_1_395' title='bbox 3149 2149 3430 2203; x_wconf 87' lang='lat' dir='ltr'><strong>creatura,</strong></span> <span class='ocrx_word' id='word_1_396' title='bbox 3466 2141 3513 2195; x_wconf 90' lang='lat' dir='ltr'><strong>si</strong></span> <span class='ocrx_word' id='word_1_397' title='bbox 3550 2139 3680 2210; x_wconf 89' lang='lat' dir='ltr'><strong>qui-</strong></span> 
     </span>
    </p>
   </div>
   <div class='ocr_carea' id='block_1_51' title="bbox 2081 2231 3681 2306">
    <p class='ocr_par' dir='ltr' id='par_1_51' title="bbox 2081 2231 3681 2306">
     <span class='ocr_line' id='line_1_51' title="bbox 2081 2231 3681 2306; baseline -0.003 -16"><span class='ocrx_word' id='word_1_398' title='bbox 2081 2235 2206 2290; x_wconf 89' lang='lat' dir='ltr'><strong>dem</strong></span> <span class='ocrx_word' id='word_1_399' title='bbox 2238 2236 2333 2291; x_wconf 79' lang='lat' dir='ltr'><strong>lux</strong></span> <span class='ocrx_word' id='word_1_400' title='bbox 2355 2249 2486 2291; x_wconf 87' lang='lat' dir='ltr'><strong>vera</strong></span> <span class='ocrx_word' id='word_1_401' title='bbox 2518 2242 2606 2292; x_wconf 90' lang='lat' dir='ltr'><strong>est</strong></span> <span class='ocrx_word' id='word_1_402' title='bbox 2635 2250 2732 2306; x_wconf 88' lang='lat' dir='ltr'><strong>per</strong></span> <span class='ocrx_word' id='word_1_403' title='bbox 2766 2234 3072 2290; x_wconf 81' lang='lat' dir='ltr'><strong>naturam?</strong></span> <span class='ocrx_word' id='word_1_404' title='bbox 3096 2234 3159 2289; x_wconf 90' lang='lat' dir='ltr'><strong>Ei</strong></span> <span class='ocrx_word' id='word_1_405' title='bbox 3202 2233 3409 2304; x_wconf 88' lang='lat' dir='ltr'><strong>quippe</strong></span> <span class='ocrx_word' id='word_1_406' title='bbox 3439 2231 3588 2287; x_wconf 83' lang='lat' dir='ltr'><strong>Deus</strong></span> <span class='ocrx_word' id='word_1_407' title='bbox 3614 2244 3681 2286; x_wconf 89' lang='lat' dir='ltr'><strong>ac</strong></span> 
     </span>
    </p>
   </div>
   <div class='ocr_carea' id='block_1_52' title="bbox 2081 2324 3680 2391">
    <p class='ocr_par' dir='ltr' id='par_1_52' title="bbox 2081 2324 3680 2391">
     <span class='ocr_line' id='line_1_52' title="bbox 2081 2324 3680 2391; baseline -0.004 -7"><span class='ocrx_word' id='word_1_408' title='bbox 2081 2328 2247 2385; x_wconf 87' lang='lat' dir='ltr'><strong>Pater</strong></span> <span class='ocrx_word' id='word_1_409' title='bbox 2285 2343 2384 2383; x_wconf 85' lang='lat' dir='ltr'><strong>ceu</strong></span> <span class='ocrx_word' id='word_1_410' title='bbox 2419 2344 2533 2384; x_wconf 90' lang='lat' dir='ltr'><strong>non</strong></span> <span class='ocrx_word' id='word_1_411' title='bbox 2574 2327 2802 2382; x_wconf 85' lang='lat' dir='ltr'><strong>habenti</strong></span> <span class='ocrx_word' id='word_1_412' title='bbox 2835 2341 2999 2381; x_wconf 88' lang='lat' dir='ltr'><strong>suum</strong></span> <span class='ocrx_word' id='word_1_413' title='bbox 3035 2325 3130 2381; x_wconf 89' lang='lat' dir='ltr'><strong>dat</strong></span> <span class='ocrx_word' id='word_1_414' title='bbox 3178 2325 3404 2381; x_wconf 86' lang='lat' dir='ltr'><strong>Filium.</strong></span> <span class='ocrx_word' id='word_1_415' title='bbox 3438 2324 3559 2391; x_wconf 92' lang='lat' dir='ltr'><strong>Quo</strong></span> <span class='ocrx_word' id='word_1_416' title='bbox 3602 2324 3680 2378; x_wconf 89' lang='lat' dir='ltr'><strong>ita</strong></span> 
     </span>
    </p>
   </div>
   <div class='ocr_carea' id='block_1_53' title="bbox 2083 2416 3678 2493">
    <p class='ocr_par' dir='ltr' id='par_1_53' title="bbox 2083 2416 3678 2493">
     <span class='ocr_line' id='line_1_53' title="bbox 2083 2416 3678 2493; baseline -0.006 -15"><span class='ocrx_word' id='word_1_417' title='bbox 2083 2429 2365 2493; x_wconf 90' lang='lat' dir='ltr'><strong>suscepto,</strong></span> <span class='ocrx_word' id='word_1_418' title='bbox 2407 2421 2532 2492; x_wconf 91' lang='lat' dir='ltr'><strong>ipso</strong></span> <span class='ocrx_word' id='word_1_419' title='bbox 2570 2417 2720 2474; x_wconf 79' lang='lat' dir='ltr'><strong>facto</strong></span> <span class='ocrx_word' id='word_1_420' title='bbox 2759 2416 3028 2488; x_wconf 78' lang='lat' dir='ltr'><strong>praedicat</strong></span> <span class='ocrx_word' id='word_1_421' title='bbox 3063 2427 3119 2473; x_wconf 89' lang='lat' dir='ltr'><strong>et</strong></span> <span class='ocrx_word' id='word_1_422' title='bbox 3171 2432 3287 2472; x_wconf 83' lang='lat' dir='ltr'><strong>suae</strong></span> <span class='ocrx_word' id='word_1_423' title='bbox 3322 2423 3538 2470; x_wconf 78' lang='lat' dir='ltr'><strong>natura:</strong></span> <span class='ocrx_word' id='word_1_424' title='bbox 3576 2429 3678 2486; x_wconf 88' lang='lat' dir='ltr'><strong>pe-</strong></span> 
     </span>
    </p>
   </div>
   <div class='ocr_carea' id='block_1_54' title="bbox 2081 2508 3677 2581">
    <p class='ocr_par' dir='ltr' id='par_1_54' title="bbox 2081 2508 3677 2581">
     <span class='ocr_line' id='line_1_54' title="bbox 2081 2508 3677 2581; baseline -0.006 -12"><span class='ocrx_word' id='word_1_425' title='bbox 2081 2516 2335 2580; x_wconf 84' lang='lat' dir='ltr'><strong>nuriam,</strong></span> <span class='ocrx_word' id='word_1_426' title='bbox 2389 2521 2444 2569; x_wconf 91' lang='lat' dir='ltr'><strong>et</strong></span> <span class='ocrx_word' id='word_1_427' title='bbox 2507 2511 2882 2568; x_wconf 85' lang='lat' dir='ltr'><strong>illuminantis</strong></span> <span class='ocrx_word' id='word_1_428' title='bbox 2951 2509 3120 2567; x_wconf 81' lang='lat' dir='ltr'><strong>Verbi</strong></span> <span class='ocrx_word' id='word_1_429' title='bbox 3177 2508 3677 2581; x_wconf 86' lang='lat' dir='ltr'><strong>locupletissimam</strong></span> 
     </span>
    </p>
   </div>
   <div class='ocr_carea' id='block_1_55' title="bbox 2082 2607 2431 2678">
    <p class='ocr_par' dir='ltr' id='par_1_55' title="bbox 2082 2607 2431 2678">
     <span class='ocr_line' id='line_1_55' title="bbox 2082 2607 2431 2678; baseline -0.006 -14"><span class='ocrx_word' id='word_1_430' title='bbox 2082 2607 2431 2678; x_wconf 75' lang='lat' dir='ltr'><strong>dignitatem.</strong></span> 
     </span>
    </p>
   </div>
   <div class='ocr_carea' id='block_1_56' title="bbox 2151 2689 3682 2766">
    <p class='ocr_par' dir='ltr' id='par_1_56' title="bbox 2151 2689 3682 2766">
     <span class='ocr_line' id='line_1_56' title="bbox 2151 2689 3682 2766; baseline -0.007 -12"><span class='ocrx_word' id='word_1_431' title='bbox 2151 2698 2387 2754; x_wconf 85' lang='lat' dir='ltr'><strong>ALIUD.</strong></span> <span class='ocrx_word' id='word_1_432' title='bbox 2422 2717 2442 2752; x_wconf 77' lang='grc' dir='ltr'><strong>ι</strong></span> <span class='ocrx_word' id='word_1_433' title='bbox 2485 2697 2551 2755; x_wconf 83' lang='lat' dir='ltr'><strong>Et</strong></span> <span class='ocrx_word' id='word_1_434' title='bbox 2584 2713 2758 2766; x_wconf 91' lang='lat' dir='ltr'><strong>nunc,</strong></span> <span class='ocrx_word' id='word_1_435' title='bbox 2791 2698 2992 2753; x_wconf 84' lang='lat' dir='ltr'><strong>domus</strong></span> <span class='ocrx_word' id='word_1_436' title='bbox 3025 2693 3220 2761; x_wconf 87' lang='lat' dir='ltr'><strong>Jacob,</strong></span> <span class='ocrx_word' id='word_1_437' title='bbox 3244 2692 3451 2756; x_wconf 82' lang='lat' dir='ltr'><strong>venite,</strong></span> <span class='ocrx_word' id='word_1_438' title='bbox 3484 2689 3682 2745; x_wconf 86' lang='lat' dir='ltr'><strong>ambu-</strong></span> 
     </span>
    </p>
   </div>
   <div class='ocr_carea' id='block_1_57' title="bbox 2081 2784 3683 2856">
    <p class='ocr_par' dir='ltr' id='par_1_57' title="bbox 2081 2784 3683 2856">
     <span class='ocr_line' id='line_1_57' title="bbox 2081 2784 3683 2856; baseline -0.006 -9"><span class='ocrx_word' id='word_1_439' title='bbox 2081 2792 2259 2847; x_wconf 90' lang='lat' dir='ltr'><strong>lemus</strong></span> <span class='ocrx_word' id='word_1_440' title='bbox 2283 2792 2342 2845; x_wconf 91' lang='lat' dir='ltr'><strong>in</strong></span> <span class='ocrx_word' id='word_1_441' title='bbox 2359 2791 2485 2847; x_wconf 91' lang='lat' dir='ltr'><strong>luce</strong></span> <span class='ocrx_word' id='word_1_442' title='bbox 2510 2790 2723 2845; x_wconf 91' lang='lat' dir='ltr'><strong>Domini</strong></span> <span class='ocrx_word' id='word_1_443' title='bbox 2740 2790 2808 2844; x_wconf 80' lang='grc'><strong>⁸⁸.</strong></span> <span class='ocrx_word' id='word_1_444' title='bbox 2836 2808 2855 2841; x_wconf 78' lang='grc' dir='ltr'><strong>ι</strong></span> <span class='ocrx_word' id='word_1_445' title='bbox 2873 2787 3080 2856; x_wconf 85' lang='lat' dir='ltr'><strong>Quidni</strong></span> <span class='ocrx_word' id='word_1_446' title='bbox 3105 2802 3206 2841; x_wconf 90' lang='lat' dir='ltr'><strong>sua</strong></span> <span class='ocrx_word' id='word_1_447' title='bbox 3231 2786 3361 2842; x_wconf 87' lang='lat' dir='ltr'><strong>luce</strong></span> <span class='ocrx_word' id='word_1_448' title='bbox 3381 2784 3435 2838; x_wconf 88' lang='lat' dir='ltr'><strong>hi</strong></span> <span class='ocrx_word' id='word_1_449' title='bbox 3460 2797 3683 2855; x_wconf 85' lang='lat' dir='ltr'><strong>quoque</strong></span> 
     </span>
    </p>
   </div>
   <div class='ocr_carea' id='block_1_58' title="bbox 2081 2877 3680 2952">
    <p class='ocr_par' dir='ltr' id='par_1_58' title="bbox 2081 2877 3680 2952">
     <span class='ocr_line' id='line_1_58' title="bbox 2081 2877 3680 2952; baseline -0.006 -13"><span class='ocrx_word' id='word_1_450' title='bbox 2081 2884 2388 2948; x_wconf 88' lang='lat' dir='ltr'><strong>ambulant,</strong></span> <span class='ocrx_word' id='word_1_451' title='bbox 2433 2882 2528 2939; x_wconf 91' lang='lat' dir='ltr'><strong>sed</strong></span> <span class='ocrx_word' id='word_1_452' title='bbox 2567 2899 2664 2939; x_wconf 89' lang='lat' dir='ltr'><strong>eos</strong></span> <span class='ocrx_word' id='word_1_453' title='bbox 2712 2884 2955 2938; x_wconf 82' lang='lat' dir='ltr'><strong>illustrat</strong></span> <span class='ocrx_word' id='word_1_454' title='bbox 2985 2879 3335 2952; x_wconf 82' lang='lat' dir='ltr'><strong>Uuigenitus,</strong></span> <span class='ocrx_word' id='word_1_455' title='bbox 3390 2877 3680 2948; x_wconf 86' lang='lat' dir='ltr'><strong>proprium</strong></span> 
     </span>
    </p>
   </div>
   <div class='ocr_carea' id='block_1_59' title="bbox 2080 2969 3684 3045">
    <p class='ocr_par' dir='ltr' id='par_1_59' title="bbox 2080 2969 3684 3045">
     <span class='ocr_line' id='line_1_59' title="bbox 2080 2969 3684 3045; baseline -0.008 -13"><span class='ocrx_word' id='word_1_456' title='bbox 2080 2977 2338 3032; x_wconf 59' lang='lat' dir='ltr'><strong>essentia:</strong></span> <span class='ocrx_word' id='word_1_457' title='bbox 2365 2992 2480 3031; x_wconf 67' lang='lat' dir='ltr'><strong>suae</strong></span> <span class='ocrx_word' id='word_1_458' title='bbox 2505 2976 2709 3031; x_wconf 84' lang='lat' dir='ltr'><strong>bonum</strong></span> <span class='ocrx_word' id='word_1_459' title='bbox 2745 2974 2886 3045; x_wconf 90' lang='lat' dir='ltr'><strong>ipsis</strong></span> <span class='ocrx_word' id='word_1_460' title='bbox 2919 2971 3219 3029; x_wconf 75' lang='lat' dir='ltr'><strong>inserens?</strong></span> <span class='ocrx_word' id='word_1_461' title='bbox 3252 2973 3321 3024; x_wconf 82' lang='lat' dir='ltr'><strong>At</strong></span> <span class='ocrx_word' id='word_1_462' title='bbox 3356 2969 3684 3039; x_wconf 87' lang='lat' dir='ltr'><strong>quicunque</strong></span> 
     </span>
    </p>
   </div>
   <div class='ocr_carea' id='block_1_60' title="bbox 2083 3059 3681 3137">
    <p class='ocr_par' dir='ltr' id='par_1_60' title="bbox 2083 3059 3681 3137">
     <span class='ocr_line' id='line_1_60' title="bbox 2083 3059 3681 3137; baseline -0.008 -11"><span class='ocrx_word' id='word_1_463' title='bbox 2083 3085 2185 3126; x_wconf 89' lang='lat' dir='ltr'><strong>suo</strong></span> <span class='ocrx_word' id='word_1_464' title='bbox 2211 3070 2530 3134; x_wconf 78' lang='lat' dir='ltr'><strong>conﬁdunt,</strong></span> <span class='ocrx_word' id='word_1_465' title='bbox 2564 3068 2808 3123; x_wconf 89' lang='lat' dir='ltr'><strong>alienum</strong></span> <span class='ocrx_word' id='word_1_466' title='bbox 2852 3081 2965 3121; x_wconf 90' lang='lat' dir='ltr'><strong>non</strong></span> <span class='ocrx_word' id='word_1_467' title='bbox 3000 3064 3327 3137; x_wconf 68' lang='lat' dir='ltr'><strong>quaeritant.</strong></span> <span class='ocrx_word' id='word_1_468' title='bbox 3357 3059 3515 3117; x_wconf 87' lang='lat' dir='ltr'><strong>Istud</strong></span> <span class='ocrx_word' id='word_1_469' title='bbox 3541 3073 3681 3131; x_wconf 75' lang='lat' dir='ltr'><strong>ergo</strong></span> 
     </span>
    </p>
   </div>
   <div class='ocr_carea' id='block_1_61' title="bbox 351 3144 1978 3246">
    <p class='ocr_par' dir='ltr' id='par_1_61' title="bbox 351 3144 1978 3223">
     <span class='ocr_line' id='line_1_61' title="bbox 351 3144 1978 3223; baseline 0.007 -26"><span class='ocrx_word' id='word_1_470' title='bbox 351 3144 607 3215; x_wconf 77' lang='grc' dir='ltr'>λάτριον.</span> <span class='ocrx_word' id='word_1_471' title='bbox 664 3146 755 3210; x_wconf 80' lang='grc' dir='ltr'>Ὦς</span> <span class='ocrx_word' id='word_1_472' title='bbox 794 3146 899 3200; x_wconf 84' lang='grc' dir='ltr'>οὐκ</span> <span class='ocrx_word' id='word_1_473' title='bbox 947 3145 1167 3220; x_wconf 76' lang='grc' dir='ltr'>ἔχοντες</span> <span class='ocrx_word' id='word_1_474' title='bbox 1214 3148 1346 3222; x_wconf 79' lang='grc' dir='ltr'>ἄρα,</span> <span class='ocrx_word' id='word_1_475' title='bbox 1389 3148 1547 3205; x_wconf 82' lang='grc' dir='ltr'>τοῦτο</span> <span class='ocrx_word' id='word_1_476' title='bbox 1602 3153 1777 3208; x_wconf 82' lang='grc' dir='ltr'>ποιεῖν</span> <span class='ocrx_word' id='word_1_477' title='bbox 1809 3153 1978 3223; x_wconf 85' lang='grc' dir='ltr'>ὲγνώ-</span> 
     </span>
    </p>
   </div>
   <div class='ocr_carea' id='block_1_62' title="bbox 2081 3144 3118 3246">
    <p class='ocr_par' dir='ltr' id='par_1_62' title="bbox 2085 3158 3118 3233">
     <span class='ocr_line' id='line_1_62' title="bbox 2085 3158 3118 3233; baseline -0.006 -16"><span class='ocrx_word' id='word_1_478' title='bbox 2085 3161 2327 3229; x_wconf 80' lang='lat' dir='ltr'><strong>l’aciunt,</strong></span> <span class='ocrx_word' id='word_1_479' title='bbox 2362 3161 2522 3233; x_wconf 88' lang='lat' dir='ltr'><strong>quasi</strong></span> <span class='ocrx_word' id='word_1_480' title='bbox 2546 3174 2658 3215; x_wconf 90' lang='lat' dir='ltr'><strong>non</strong></span> <span class='ocrx_word' id='word_1_481' title='bbox 2690 3159 2993 3214; x_wconf 87' lang='lat' dir='ltr'><strong>habentes.</strong></span> <span class='ocrx_word' id='word_1_482' title='bbox 3106 3158 3118 3162; x_wconf 80' lang='grc'><strong><em>“</em></strong></span> 
     </span>
    </p>
   </div>
   <div class='ocr_carea' id='block_1_63' title="bbox 352 3254 1825 3293">
    <p class='ocr_par' dir='ltr' id='par_1_63' title="bbox 352 3254 1825 3293">
     <span class='ocr_line' id='line_1_63' title="bbox 352 3254 1825 3293; baseline 0.003 -1"><span class='ocrx_word' id='word_1_483' title='bbox 352 3254 553 3293; x_wconf 73' lang='grc' dir='ltr'>κάσιν.</span> <span class='ocrx_word' id='word_1_484' title='bbox 1820 3276 1825 3283; x_wconf 62' lang='grc'><strong><em>«</em></strong></span> 
     </span>
    </p>
   </div>
   <div class='ocr_carea' id='block_1_64' title="bbox 428 3327 1972 3410">
    <p class='ocr_par' dir='ltr' id='par_1_64' title="bbox 428 3327 1972 3410">
     <span class='ocr_line' id='line_1_64' title="bbox 428 3327 1972 3410; baseline 0.008 -30"><span class='ocrx_word' id='word_1_485' title='bbox 428 3328 648 3383; x_wconf 82' lang='grc' dir='ltr'><strong>ΑΛΛΟ.</strong></span> <span class='ocrx_word' id='word_1_486' title='bbox 689 3327 749 3383; x_wconf 86' lang='grc' dir='ltr'>Ὀ</span> <span class='ocrx_word' id='word_1_487' title='bbox 772 3329 995 3403; x_wconf 73' lang='grc' dir='ltr'>Σωτήρ*</span> <span class='ocrx_word' id='word_1_488' title='bbox 1028 3350 1046 3383; x_wconf 79' lang='grc' dir='ltr'><strong>ι</strong></span> <span class='ocrx_word' id='word_1_489' title='bbox 1066 3330 1211 3402; x_wconf 84' lang='grc' dir='ltr'>Ἐγώ</span> <span class='ocrx_word' id='word_1_490' title='bbox 1232 3335 1349 3406; x_wconf 87' lang='grc' dir='ltr'>είμι</span> <span class='ocrx_word' id='word_1_491' title='bbox 1366 3334 1427 3388; x_wconf 85' lang='grc' dir='ltr'>τὸ</span> <span class='ocrx_word' id='word_1_492' title='bbox 1453 3334 1570 3405; x_wconf 88' lang='grc' dir='ltr'><strong>φῶς</strong></span> <span class='ocrx_word' id='word_1_493' title='bbox 1589 3334 1683 3389; x_wconf 77' lang='grc' dir='ltr'><strong>τοῦ</strong></span> <span class='ocrx_word' id='word_1_494' title='bbox 1708 3337 1936 3410; x_wconf 84' lang='grc' dir='ltr'>κόσμου,</span> <span class='ocrx_word' id='word_1_495' title='bbox 1952 3357 1972 3392; x_wconf 77' lang='grc' dir='ltr'><strong>ι</strong></span> 
     </span>
    </p>
   </div>
   <div class='ocr_carea' id='block_1_65' title="bbox 353 3417 1975 3503">
    <p class='ocr_par' dir='ltr' id='par_1_65' title="bbox 353 3417 1975 3503">
     <span class='ocr_line' id='line_1_65' title="bbox 353 3417 1975 3503; baseline 0.008 -34"><span class='ocrx_word' id='word_1_496' title='bbox 353 3417 536 3488; x_wconf 82' lang='grc' dir='ltr'>φησίν</span> <span class='ocrx_word' id='word_1_497' title='bbox 558 3436 572 3451; x_wconf 79' lang='grc' dir='ltr'><strong>ο</strong></span> <span class='ocrx_word' id='word_1_498' title='bbox 609 3436 629 3471; x_wconf 79' lang='grc' dir='ltr'><strong>ι</strong></span> <span class='ocrx_word' id='word_1_499' title='bbox 669 3420 699 3472; x_wconf 90' lang='lat'><strong>6</strong></span> <span class='ocrx_word' id='word_1_500' title='bbox 721 3421 1033 3476; x_wconf 80' lang='grc' dir='ltr'>ἀκολουθῶν</span> <span class='ocrx_word' id='word_1_501' title='bbox 1069 3422 1214 3495; x_wconf 68' lang='grc' dir='ltr'>ἐμοὶ,</span> <span class='ocrx_word' id='word_1_502' title='bbox 1245 3423 1308 3478; x_wconf 86' lang='grc' dir='ltr'>οὑ</span> <span class='ocrx_word' id='word_1_503' title='bbox 1344 3424 1419 3497; x_wconf 83' lang='grc' dir='ltr'><strong>μὴ</strong></span> <span class='ocrx_word' id='word_1_504' title='bbox 1444 3427 1798 3502; x_wconf 77' lang='grc' dir='ltr'>περιπατήσῃ</span> <span class='ocrx_word' id='word_1_505' title='bbox 1822 3432 1879 3484; x_wconf 88' lang='grc' dir='ltr'>ὲν</span> <span class='ocrx_word' id='word_1_506' title='bbox 1904 3432 1975 3503; x_wconf 82' lang='grc' dir='ltr'>τῇ</span> 
     </span>
    </p>
   </div>
   <div class='ocr_carea' id='block_1_66' title="bbox 354 3511 1979 3593">
    <p class='ocr_par' dir='ltr' id='par_1_66' title="bbox 354 3511 1979 3593">
     <span class='ocr_line' id='line_1_66' title="bbox 354 3511 1979 3593; baseline 0.007 -28"><span class='ocrx_word' id='word_1_507' title='bbox 354 3512 586 3584; x_wconf 78' lang='grc' dir='ltr'>σκοτίᾳ,</span> <span class='ocrx_word' id='word_1_508' title='bbox 617 3512 734 3567; x_wconf 80' lang='grc' dir='ltr'>ἀλλ’</span> <span class='ocrx_word' id='word_1_509' title='bbox 762 3513 876 3579; x_wconf 74' lang='grc' dir='ltr'>ἕξει</span> <span class='ocrx_word' id='word_1_510' title='bbox 919 3511 980 3569; x_wconf 79' lang='grc' dir='ltr'>τὸ</span> <span class='ocrx_word' id='word_1_511' title='bbox 1024 3515 1143 3587; x_wconf 87' lang='grc' dir='ltr'><strong>φῶς</strong></span> <span class='ocrx_word' id='word_1_512' title='bbox 1178 3517 1281 3588; x_wconf 82' lang='grc' dir='ltr'>τῆς</span> <span class='ocrx_word' id='word_1_513' title='bbox 1325 3517 1492 3590; x_wconf 78' lang='grc' dir='ltr'>ζωῆς.</span> <span class='ocrx_word' id='word_1_514' title='bbox 1525 3538 1545 3572; x_wconf 77' lang='grc' dir='ltr'><strong>ι</strong></span> <span class='ocrx_word' id='word_1_515' title='bbox 1589 3520 1979 3593; x_wconf 74' lang='grc' dir='ltr'>’Άποτολμάτω</span> 
     </span>
    </p>
   </div>
   <div class='ocr_carea' id='block_1_67' title="bbox 355 3604 1974 3685">
    <p class='ocr_par' dir='ltr' id='par_1_67' title="bbox 355 3604 1974 3685">
     <span class='ocr_line' id='line_1_67' title="bbox 355 3604 1974 3685; baseline 0.006 -28"><span class='ocrx_word' id='word_1_516' title='bbox 355 3604 462 3657; x_wconf 80' lang='grc' dir='ltr'>καὶ</span> <span class='ocrx_word' id='word_1_517' title='bbox 516 3605 552 3675; x_wconf 85' lang='grc' dir='ltr'>ή</span> <span class='ocrx_word' id='word_1_518' title='bbox 607 3604 789 3669; x_wconf 86' lang='grc' dir='ltr'>κτίσις</span> <span class='ocrx_word' id='word_1_519' title='bbox 838 3605 938 3678; x_wconf 84' lang='grc' dir='ltr'>τὴν</span> <span class='ocrx_word' id='word_1_520' title='bbox 988 3605 1247 3679; x_wconf 84' lang='grc' dir='ltr'>τοιαύτην</span> <span class='ocrx_word' id='word_1_521' title='bbox 1287 3606 1735 3680; x_wconf 76' lang='grc' dir='ltr'>ἀναφθέγξασθαι</span> <span class='ocrx_word' id='word_1_522' title='bbox 1770 3612 1974 3685; x_wconf 79' lang='grc' dir='ltr'>φωνὴν,</span> 
     </span>
    </p>
   </div>
   <div class='ocr_carea' id='block_1_68' title="bbox 354 3690 1978 3769">
    <p class='ocr_par' dir='ltr' id='par_1_68' title="bbox 354 3690 1978 3769">
     <span class='ocr_line' id='line_1_68' title="bbox 354 3690 1978 3769; baseline 0.009 -26"><span class='ocrx_word' id='word_1_523' title='bbox 354 3690 529 3762; x_wconf 77' lang='grc' dir='ltr'>εἴπερ</span> <span class='ocrx_word' id='word_1_524' title='bbox 557 3692 680 3746; x_wconf 76' lang='grc' dir='ltr'>ἐστὶ</span> <span class='ocrx_word' id='word_1_525' title='bbox 707 3694 804 3747; x_wconf 75' lang='grc' dir='ltr'>καὶ</span> <span class='ocrx_word' id='word_1_526' title='bbox 829 3695 969 3767; x_wconf 83' lang='grc' dir='ltr'>αύτὴ</span> <span class='ocrx_word' id='word_1_527' title='bbox 1001 3695 1146 3750; x_wconf 83' lang='grc' dir='ltr'>κατὰ</span> <span class='ocrx_word' id='word_1_528' title='bbox 1173 3696 1436 3769; x_wconf 86' lang='grc' dir='ltr'>ἀλήθειαν</span> <span class='ocrx_word' id='word_1_529' title='bbox 1463 3700 1580 3769; x_wconf 81' lang='grc' dir='ltr'><strong>φῶς</strong></span> <span class='ocrx_word' id='word_1_530' title='bbox 1604 3716 1619 3731; x_wconf 69' lang='grc' dir='ltr'><strong>ο</strong></span> <span class='ocrx_word' id='word_1_531' title='bbox 1668 3703 1718 3755; x_wconf 78' lang='grc' dir='ltr'><strong>εί</strong></span> <span class='ocrx_word' id='word_1_532' title='bbox 1751 3702 1808 3756; x_wconf 87' lang='grc' dir='ltr'><strong>δὲ</strong></span> <span class='ocrx_word' id='word_1_533' title='bbox 1836 3703 1978 3758; x_wconf 87' lang='grc' dir='ltr'>ἀπο-</span> 
     </span>
    </p>
   </div>
   <div class='ocr_carea' id='block_1_69' title="bbox 356 3782 1972 3867">
    <p class='ocr_par' dir='ltr' id='par_1_69' title="bbox 356 3782 1972 3867">
     <span class='ocr_line' id='line_1_69' title="bbox 356 3782 1972 3867; baseline 0.01 -33"><span class='ocrx_word' id='word_1_534' title='bbox 356 3782 587 3856; x_wconf 82' lang='grc' dir='ltr'>φρίττει</span> <span class='ocrx_word' id='word_1_535' title='bbox 616 3783 679 3838; x_wconf 85' lang='grc' dir='ltr'>τὸ</span> <span class='ocrx_word' id='word_1_536' title='bbox 711 3786 890 3857; x_wconf 79' lang='grc' dir='ltr'>ῥῆμα,</span> <span class='ocrx_word' id='word_1_537' title='bbox 921 3788 1019 3843; x_wconf 73' lang='grc' dir='ltr'><strong>καὶ</strong></span> <span class='ocrx_word' id='word_1_538' title='bbox 1052 3788 1114 3843; x_wconf 84' lang='grc' dir='ltr'>τὸ</span> <span class='ocrx_word' id='word_1_539' title='bbox 1147 3791 1383 3861; x_wconf 78' lang='grc' dir='ltr'>πρᾶγμα</span> <span class='ocrx_word' id='word_1_540' title='bbox 1412 3790 1707 3861; x_wconf 79' lang='grc' dir='ltr'>φθέγξεται</span> <span class='ocrx_word' id='word_1_541' title='bbox 1740 3793 1803 3848; x_wconf 83' lang='grc' dir='ltr'>τὸ</span> <span class='ocrx_word' id='word_1_542' title='bbox 1841 3795 1972 3867; x_wconf 84' lang='grc' dir='ltr'>άλη-</span> 
     </span>
    </p>
   </div>
   <div class='ocr_carea' id='block_1_70' title="bbox 356 3874 1730 3952">
    <p class='ocr_par' dir='ltr' id='par_1_70' title="bbox 356 3874 1730 3952">
     <span class='ocr_line' id='line_1_70' title="bbox 356 3874 1730 3952; baseline 0.007 -22"><span class='ocrx_word' id='word_1_543' title='bbox 356 3874 513 3930; x_wconf 77' lang='grc' dir='ltr'>θινὺν</span> <span class='ocrx_word' id='word_1_544' title='bbox 541 3875 1082 3949; x_wconf 82' lang='grc' dir='ltr'>ὁμολογήσασαφῶς,</span> <span class='ocrx_word' id='word_1_545' title='bbox 1113 3880 1258 3936; x_wconf 77' lang='grc' dir='ltr'>τοῦτ’</span> <span class='ocrx_word' id='word_1_546' title='bbox 1288 3882 1427 3952; x_wconf 75' lang='grc' dir='ltr'>ἐστι,</span> <span class='ocrx_word' id='word_1_547' title='bbox 1456 3884 1549 3939; x_wconf 87' lang='grc' dir='ltr'><strong>τὸν</strong></span> <span class='ocrx_word' id='word_1_548' title='bbox 1582 3886 1730 3941; x_wconf 84' lang='grc' dir='ltr'>Υίόν.</span> 
     </span>
    </p>
   </div>
   <div class='ocr_carea' id='block_1_71' title="bbox 428 3968 1980 4051">
    <p class='ocr_par' dir='ltr' id='par_1_71' title="bbox 428 3968 1980 4051">
     <span class='ocr_line' id='line_1_71' title="bbox 428 3968 1980 4051; baseline 0.008 -29"><span class='ocrx_word' id='word_1_549' title='bbox 428 3968 648 4025; x_wconf 82' lang='lat' dir='ltr'><strong>AAAO.</strong></span> <span class='ocrx_word' id='word_1_550' title='bbox 697 3988 717 4021; x_wconf 80' lang='grc' dir='ltr'><strong>ι</strong></span> <span class='ocrx_word' id='word_1_551' title='bbox 752 3969 810 4025; x_wconf 84' lang='lat'><strong>&#39;0</strong></span> <span class='ocrx_word' id='word_1_552' title='bbox 846 3970 1088 4042; x_wconf 82' lang='grc' dir='ltr'>Κύριος,</span> <span class='ocrx_word' id='word_1_553' title='bbox 1134 3991 1154 4025; x_wconf 81' lang='grc' dir='ltr'><strong>ι</strong></span> <span class='ocrx_word' id='word_1_554' title='bbox 1182 3974 1329 4038; x_wconf 88' lang='grc' dir='ltr'>Ἕως</span> <span class='ocrx_word' id='word_1_555' title='bbox 1368 3975 1431 4030; x_wconf 86' lang='grc' dir='ltr'>τὸ</span> <span class='ocrx_word' id='word_1_556' title='bbox 1475 3977 1592 4048; x_wconf 88' lang='grc' dir='ltr'><strong>φῶς</strong></span> <span class='ocrx_word' id='word_1_557' title='bbox 1642 3977 1830 4051; x_wconf 78' lang='grc' dir='ltr'>ἔχετε,</span> <span class='ocrx_word' id='word_1_558' title='bbox 1884 3998 1980 4034; x_wconf 83' lang='grc' dir='ltr'>πι-</span> 
     </span>
    </p>
   </div>
   <div class='ocr_carea' id='block_1_72' title="bbox 358 4058 1974 4146">
    <p class='ocr_par' dir='ltr' id='par_1_72' title="bbox 358 4058 1974 4146">
     <span class='ocr_line' id='line_1_72' title="bbox 358 4058 1974 4146; baseline 0.009 -33"><span class='ocrx_word' id='word_1_559' title='bbox 358 4058 598 4115; x_wconf 84' lang='grc' dir='ltr'>στεύετε</span> <span class='ocrx_word' id='word_1_560' title='bbox 624 4062 709 4126; x_wconf 85' lang='grc' dir='ltr'><strong>είς</strong></span> <span class='ocrx_word' id='word_1_561' title='bbox 733 4062 795 4116; x_wconf 85' lang='grc' dir='ltr'>τὸ</span> <span class='ocrx_word' id='word_1_562' title='bbox 824 4062 964 4133; x_wconf 85' lang='grc' dir='ltr'>φῶς,</span> <span class='ocrx_word' id='word_1_563' title='bbox 995 4064 1083 4119; x_wconf 85' lang='grc' dir='ltr'>ῐνα</span> <span class='ocrx_word' id='word_1_564' title='bbox 1109 4065 1218 4119; x_wconf 77' lang='grc' dir='ltr'>υἱοὶ</span> <span class='ocrx_word' id='word_1_565' title='bbox 1250 4068 1428 4137; x_wconf 73' lang='grc' dir='ltr'>φωτὸς</span> <span class='ocrx_word' id='word_1_566' title='bbox 1456 4069 1713 4142; x_wconf 81' lang='grc' dir='ltr'>γένησθε,</span> <span class='ocrx_word' id='word_1_567' title='bbox 1736 4091 1756 4125; x_wconf 82' lang='grc'>›</span> <span class='ocrx_word' id='word_1_568' title='bbox 1785 4072 1974 4146; x_wconf 85' lang='grc' dir='ltr'>φησίν.</span> 
     </span>
    </p>
   </div>
   <div class='ocr_carea' id='block_1_73' title="bbox 360 4152 1975 4241">
    <p class='ocr_par' dir='ltr' id='par_1_73' title="bbox 360 4152 1975 4241">
     <span class='ocr_line' id='line_1_73' title="bbox 360 4152 1975 4241; baseline 0.03 -66"><span class='ocrx_word' id='word_1_569' title='bbox 360 4153 519 4226; x_wconf 62' lang='grc' dir='ltr'>Ἄρα</span> <span class='ocrx_word' id='word_1_570' title='bbox 548 4152 665 4226; x_wconf 72' lang='grc' dir='ltr'>γὰρ</span> <span class='ocrx_word' id='word_1_571' title='bbox 694 4152 921 4226; x_wconf 61' lang='grc' dir='ltr'>ἔμελλον</span> <span class='ocrx_word' id='word_1_572' title='bbox 961 4157 1022 4211; x_wconf 81' lang='grc' dir='ltr'>οὐ</span> <span class='ocrx_word' id='word_1_573' title='bbox 1054 4157 1407 4225; x_wconf 87' lang='grc' dir='ltr'>πιστεύοντες</span> <span class='ocrx_word' id='word_1_574' title='bbox 1436 4162 1699 4241; x_wconf 69' lang='grc' dir='ltr'>ἀπολέσαι</span> <span class='ocrx_word' id='word_1_575' title='bbox 1740 4164 1803 4218; x_wconf 84' lang='grc' dir='ltr'>τὸ</span> <span class='ocrx_word' id='word_1_576' title='bbox 1835 4166 1975 4236; x_wconf 83' lang='grc' dir='ltr'>φῶς,</span> 
     </span>
    </p>
   </div>
   <div class='ocr_carea' id='block_1_74' title="bbox 357 4246 1978 4329">
    <p class='ocr_par' dir='ltr' id='par_1_74' title="bbox 357 4246 1978 4329">
     <span class='ocr_line' id='line_1_74' title="bbox 357 4246 1978 4329; baseline 0.007 -28"><span class='ocrx_word' id='word_1_577' title='bbox 357 4247 411 4301; x_wconf 75' lang='grc' dir='ltr'>οἱ</span> <span class='ocrx_word' id='word_1_578' title='bbox 435 4249 563 4319; x_wconf 73' lang='grc' dir='ltr'><strong>φῶς</strong></span> <span class='ocrx_word' id='word_1_579' title='bbox 585 4246 733 4302; x_wconf 75' lang='grc' dir='ltr'>κατὰ</span> <span class='ocrx_word' id='word_1_580' title='bbox 761 4248 926 4319; x_wconf 86' lang='grc' dir='ltr'>φύσιν</span> <span class='ocrx_word' id='word_1_581' title='bbox 951 4248 1314 4323; x_wconf 77' lang='grc' dir='ltr'>ὑπάρχοντες·</span> <span class='ocrx_word' id='word_1_582' title='bbox 1349 4255 1509 4328; x_wconf 78' lang='grc' dir='ltr'>εἴπερ</span> <span class='ocrx_word' id='word_1_583' title='bbox 1536 4256 1676 4321; x_wconf 84' lang='grc' dir='ltr'>ὅλως</span> <span class='ocrx_word' id='word_1_584' title='bbox 1701 4257 1978 4329; x_wconf 79' lang='grc' dir='ltr'>ἐνδέχεται</span> 
     </span>
    </p>
   </div>
   <div class='ocr_carea' id='block_1_75' title="bbox 355 4332 1979 4421">
    <p class='ocr_par' dir='ltr' id='par_1_75' title="bbox 355 4332 1979 4421">
     <span class='ocr_line' id='line_1_75' title="bbox 355 4332 1979 4421; baseline 0.007 -29"><span class='ocrx_word' id='word_1_585' title='bbox 355 4337 464 4411; x_wconf 79' lang='grc' dir='ltr'>τὴν</span> <span class='ocrx_word' id='word_1_586' title='bbox 498 4340 743 4412; x_wconf 82' lang='grc' dir='ltr'>γενητὴν</span> <span class='ocrx_word' id='word_1_587' title='bbox 771 4332 1054 4398; x_wconf 74' lang='grc' dir='ltr'>οὐσίαντὸ</span> <span class='ocrx_word' id='word_1_588' title='bbox 1099 4343 1216 4415; x_wconf 90' lang='grc' dir='ltr'><strong>φῶς</strong></span> <span class='ocrx_word' id='word_1_589' title='bbox 1250 4341 1393 4401; x_wconf 72' lang='grc' dir='ltr'>εἶναι</span> <span class='ocrx_word' id='word_1_590' title='bbox 1438 4336 1501 4401; x_wconf 72' lang='grc' dir='ltr'><strong>τὸ</strong></span> <span class='ocrx_word' id='word_1_591' title='bbox 1542 4348 1821 4421; x_wconf 82' lang='grc' dir='ltr'>ἀληθινόν.</span> <span class='ocrx_word' id='word_1_592' title='bbox 1867 4352 1979 4405; x_wconf 78' lang='grc' dir='ltr'><strong>Καὶ</strong></span> 
     </span>
    </p>
   </div>
   <div class='ocr_carea' id='block_1_76' title="bbox 356 4432 1980 4513">
    <p class='ocr_par' dir='ltr' id='par_1_76' title="bbox 356 4432 1980 4513">
     <span class='ocr_line' id='line_1_76' title="bbox 356 4432 1980 4513; baseline 0.007 -27"><span class='ocrx_word' id='word_1_593' title='bbox 356 4432 490 4497; x_wconf 84' lang='grc' dir='ltr'><strong>πῶς</strong></span> <span class='ocrx_word' id='word_1_594' title='bbox 521 4432 593 4487; x_wconf 82' lang='grc' dir='ltr'><strong>ἂν</strong></span> <span class='ocrx_word' id='word_1_595' title='bbox 620 4433 836 4503; x_wconf 82' lang='grc' dir='ltr'>γένοιτο</span> <span class='ocrx_word' id='word_1_596' title='bbox 863 4435 1023 4490; x_wconf 83' lang='grc' dir='ltr'>τοῦτό</span> <span class='ocrx_word' id='word_1_597' title='bbox 1052 4454 1183 4492; x_wconf 86' lang='grc' dir='ltr'>ποτε</span> <span class='ocrx_word' id='word_1_598' title='bbox 1208 4456 1225 4506; x_wconf 86' lang='grc'>;</span> <span class='ocrx_word' id='word_1_599' title='bbox 1269 4440 1344 4494; x_wconf 85' lang='grc' dir='ltr'><strong>υύ</strong></span> <span class='ocrx_word' id='word_1_600' title='bbox 1374 4442 1482 4513; x_wconf 78' lang='grc' dir='ltr'><strong>γὰρ</strong></span> <span class='ocrx_word' id='word_1_601' title='bbox 1521 4442 1615 4495; x_wconf 76' lang='grc' dir='ltr'><strong>ἐπὶ</strong></span> <span class='ocrx_word' id='word_1_602' title='bbox 1644 4441 1754 4496; x_wconf 91' lang='grc' dir='ltr'><strong>τῶν</strong></span> <span class='ocrx_word' id='word_1_603' title='bbox 1782 4443 1980 4498; x_wconf 85' lang='grc' dir='ltr'>οὐσιω-</span> 
     </span>
    </p>
   </div>
   <div class='ocr_carea' id='block_1_77' title="bbox 356 4528 1978 4617">
    <p class='ocr_par' dir='ltr' id='par_1_77' title="bbox 356 4528 1978 4617">
     <span class='ocr_line' id='line_1_77' title="bbox 356 4528 1978 4617; baseline 0.006 -34"><span class='ocrx_word' id='word_1_604' title='bbox 356 4528 471 4593; x_wconf 81' lang='grc' dir='ltr'>δῶς</span> <span class='ocrx_word' id='word_1_605' title='bbox 501 4528 826 4600; x_wconf 86' lang='grc' dir='ltr'>προσόντων</span> <span class='ocrx_word' id='word_1_606' title='bbox 853 4529 999 4585; x_wconf 78' lang='grc' dir='ltr'>τισὶν</span> <span class='ocrx_word' id='word_1_607' title='bbox 1033 4532 1092 4617; x_wconf 73' lang='grc' dir='ltr'>αἱ</span> <span class='ocrx_word' id='word_1_608' title='bbox 1126 4533 1416 4604; x_wconf 84' lang='grc' dir='ltr'>στερήσεις</span> <span class='ocrx_word' id='word_1_609' title='bbox 1451 4534 1598 4590; x_wconf 80' lang='grc' dir='ltr'>κατὰ</span> <span class='ocrx_word' id='word_1_610' title='bbox 1622 4534 1685 4589; x_wconf 78' lang='grc' dir='ltr'>τὸ</span> <span class='ocrx_word' id='word_1_611' title='bbox 1713 4536 1978 4602; x_wconf 82' lang='grc' dir='ltr'>παντελὲς</span> 
     </span>
    </p>
   </div>
   <div class='ocr_carea' id='block_1_78' title="bbox 358 4618 1978 4702">
    <p class='ocr_par' dir='ltr' id='par_1_78' title="bbox 358 4618 1978 4702">
     <span class='ocr_line' id='line_1_78' title="bbox 358 4618 1978 4702; baseline 0.005 -26"><span class='ocrx_word' id='word_1_612' title='bbox 358 4624 429 4676; x_wconf 81' lang='grc' dir='ltr'>ὲκ</span> <span class='ocrx_word' id='word_1_613' title='bbox 464 4619 752 4693; x_wconf 77' lang='grc' dir='ltr'>ῥᾳθυμίας</span> <span class='ocrx_word' id='word_1_614' title='bbox 778 4621 1192 4694; x_wconf 75' lang='grc' dir='ltr'>συμϐαίνουσιν,</span> <span class='ocrx_word' id='word_1_615' title='bbox 1236 4624 1354 4680; x_wconf 84' lang='grc' dir='ltr'>ἀλλ’</span> <span class='ocrx_word' id='word_1_616' title='bbox 1382 4627 1470 4695; x_wconf 77' lang='grc' dir='ltr'><strong>ἐφ’</strong></span> <span class='ocrx_word' id='word_1_617' title='bbox 1495 4618 1571 4683; x_wconf 82' lang='grc' dir='ltr'><strong>ὧν</strong></span> <span class='ocrx_word' id='word_1_618' title='bbox 1596 4626 1662 4682; x_wconf 87' lang='grc' dir='ltr'>ἂν</span> <span class='ocrx_word' id='word_1_619' title='bbox 1685 4630 1720 4701; x_wconf 79' lang='grc' dir='ltr'>ὴ</span> <span class='ocrx_word' id='word_1_620' title='bbox 1758 4628 1978 4702; x_wconf 85' lang='grc' dir='ltr'>θέλησις</span> 
     </span>
    </p>
   </div>
   <div class='ocr_carea' id='block_1_79' title="bbox 357 4712 1982 4795">
    <p class='ocr_par' dir='ltr' id='par_1_79' title="bbox 357 4712 1982 4795">
     <span class='ocr_line' id='line_1_79' title="bbox 357 4712 1982 4795; baseline 0.009 -30"><span class='ocrx_word' id='word_1_621' title='bbox 357 4712 467 4785; x_wconf 80' lang='grc' dir='ltr'>τὴν</span> <span class='ocrx_word' id='word_1_622' title='bbox 502 4714 704 4785; x_wconf 82' lang='grc' dir='ltr'>κτῆσιν</span> <span class='ocrx_word' id='word_1_623' title='bbox 735 4714 1064 4787; x_wconf 73' lang='grc' dir='ltr'>ἐργάζηται,</span> <span class='ocrx_word' id='word_1_624' title='bbox 1110 4717 1208 4771; x_wconf 79' lang='grc' dir='ltr'>καὶ</span> <span class='ocrx_word' id='word_1_625' title='bbox 1246 4718 1342 4773; x_wconf 77' lang='grc' dir='ltr'><strong>ἐπὶ</strong></span> <span class='ocrx_word' id='word_1_626' title='bbox 1384 4718 1496 4774; x_wconf 90' lang='grc' dir='ltr'><strong>τῶν</strong></span> <span class='ocrx_word' id='word_1_627' title='bbox 1536 4719 1640 4775; x_wconf 82' lang='grc' dir='ltr'><strong>ὅσα</strong></span> <span class='ocrx_word' id='word_1_628' title='bbox 1669 4722 1735 4795; x_wconf 83' lang='grc' dir='ltr'><strong>δὴ</strong></span> <span class='ocrx_word' id='word_1_629' title='bbox 1768 4722 1982 4793; x_wconf 79' lang='grc' dir='ltr'>πέφυκε</span> 
     </span>
    </p>
   </div>
   <div class='ocr_carea' id='block_1_80' title="bbox 358 4805 1980 4887">
    <p class='ocr_par' dir='ltr' id='par_1_80' title="bbox 358 4805 1980 4887">
     <span class='ocr_line' id='line_1_80' title="bbox 358 4805 1980 4887; baseline 0.006 -26"><span class='ocrx_word' id='word_1_630' title='bbox 358 4805 771 4877; x_wconf 83' lang='grc' dir='ltr'>προσγίνεσθαί</span> <span class='ocrx_word' id='word_1_631' title='bbox 814 4824 916 4872; x_wconf 81' lang='grc' dir='ltr'><strong>τε,</strong></span> <span class='ocrx_word' id='word_1_632' title='bbox 955 4810 1050 4865; x_wconf 77' lang='grc' dir='ltr'><strong>καὶ</strong></span> <span class='ocrx_word' id='word_1_633' title='bbox 1085 4810 1448 4880; x_wconf 81' lang='grc' dir='ltr'>ἀπογίνεσθαι</span> <span class='ocrx_word' id='word_1_634' title='bbox 1502 4814 1674 4886; x_wconf 81' lang='grc' dir='ltr'>χωρὶς</span> <span class='ocrx_word' id='word_1_635' title='bbox 1725 4818 1828 4887; x_wconf 77' lang='grc' dir='ltr'>τῆς</span> <span class='ocrx_word' id='word_1_636' title='bbox 1883 4815 1980 4871; x_wconf 81' lang='grc' dir='ltr'><strong>τοῦ</strong></span> 
     </span>
    </p>
   </div>
   <div class='ocr_carea' id='block_1_81' title="bbox 356 4896 1983 4979">
    <p class='ocr_par' dir='ltr' id='par_1_81' title="bbox 356 4896 1983 4979">
     <span class='ocr_line' id='line_1_81' title="bbox 356 4896 1983 4979; baseline 0.006 -23"><span class='ocrx_word' id='word_1_637' title='bbox 356 4900 743 4971; x_wconf 82' lang='grc' dir='ltr'>ὑποκειμένου</span> <span class='ocrx_word' id='word_1_638' title='bbox 762 4901 1005 4974; x_wconf 76' lang='grc' dir='ltr'>φθορᾶς.</span> <span class='ocrx_word' id='word_1_639' title='bbox 1035 4898 1182 4958; x_wconf 74' lang='grc' dir='ltr'><strong>Οῖον⁹</strong></span> <span class='ocrx_word' id='word_1_640' title='bbox 1217 4905 1435 4975; x_wconf 83' lang='grc' dir='ltr'>λογικὸς</span> <span class='ocrx_word' id='word_1_641' title='bbox 1467 4908 1568 4978; x_wconf 74' lang='grc' dir='ltr'><strong>μὲν</strong></span> <span class='ocrx_word' id='word_1_642' title='bbox 1593 4906 1739 4964; x_wconf 82' lang='grc' dir='ltr'>κατὰ</span> <span class='ocrx_word' id='word_1_643' title='bbox 1765 4896 1929 4979; x_wconf 81' lang='grc' dir='ltr'>φύσιν</span> <span class='ocrx_word' id='word_1_644' title='bbox 1953 4911 1983 4966; x_wconf 88' lang='lat'><strong>6</strong></span> 
     </span>
    </p>
   </div>
   <div class='ocr_carea' id='block_1_82' title="bbox 354 4994 1981 5077">
    <p class='ocr_par' dir='ltr' id='par_1_82' title="bbox 354 4994 1981 5077">
     <span class='ocr_line' id='line_1_82' title="bbox 354 4994 1981 5077; baseline 0.006 -28"><span class='ocrx_word' id='word_1_645' title='bbox 354 4994 689 5067; x_wconf 80' lang='grc' dir='ltr'>ἄνθρωπος,</span> <span class='ocrx_word' id='word_1_646' title='bbox 721 4994 1008 5065; x_wconf 78' lang='grc' dir='ltr'>ναυπηγὸς</span> <span class='ocrx_word' id='word_1_647' title='bbox 1036 4996 1095 5051; x_wconf 81' lang='grc' dir='ltr'><strong>δὲ</strong></span> <span class='ocrx_word' id='word_1_648' title='bbox 1125 4996 1269 5052; x_wconf 83' lang='grc' dir='ltr'><strong>κατὰ</strong></span> <span class='ocrx_word' id='word_1_649' title='bbox 1300 4996 1599 5071; x_wconf 77' lang='grc' dir='ltr'>θέλησιν,ἢ</span> <span class='ocrx_word' id='word_1_650' title='bbox 1627 5000 1724 5055; x_wconf 63' lang='grc' dir='ltr'><strong>καὶ⁸</strong></span> <span class='ocrx_word' id='word_1_651' title='bbox 1742 5002 1981 5077; x_wconf 80' lang='grc' dir='ltr'>ἀσθενὴς</span> 
     </span>
    </p>
   </div>
   <div class='ocr_carea' id='block_1_83' title="bbox 358 5085 1981 5164">
    <p class='ocr_par' dir='ltr' id='par_1_83' title="bbox 358 5085 1981 5164">
     <span class='ocr_line' id='line_1_83' title="bbox 358 5085 1981 5164; baseline 0.005 -22"><span class='ocrx_word' id='word_1_652' title='bbox 358 5087 425 5142; x_wconf 81' lang='grc' dir='ltr'>τὸ</span> <span class='ocrx_word' id='word_1_653' title='bbox 453 5085 630 5157; x_wconf 87' lang='grc' dir='ltr'>σῶμα</span> <span class='ocrx_word' id='word_1_654' title='bbox 657 5086 805 5141; x_wconf 77' lang='grc' dir='ltr'>κατὰ</span> <span class='ocrx_word' id='word_1_655' title='bbox 836 5087 1208 5160; x_wconf 66' lang='grc' dir='ltr'>ωμὸεὸηκός.</span> <span class='ocrx_word' id='word_1_656' title='bbox 1251 5089 1484 5161; x_wconf 79' lang='grc' dir='ltr'>’Δλογος</span> <span class='ocrx_word' id='word_1_657' title='bbox 1516 5092 1617 5164; x_wconf 81' lang='grc' dir='ltr'><strong>μὲν</strong></span> <span class='ocrx_word' id='word_1_658' title='bbox 1645 5087 1740 5148; x_wconf 80' lang='grc' dir='ltr'><strong>οὖν</strong></span> <span class='ocrx_word' id='word_1_659' title='bbox 1782 5094 1885 5149; x_wconf 84' lang='grc' dir='ltr'>οὐκ</span> <span class='ocrx_word' id='word_1_660' title='bbox 1912 5094 1981 5151; x_wconf 76' lang='grc' dir='ltr'>ἂν</span> 
     </span>
    </p>
   </div>
   <div class='ocr_carea' id='block_1_84' title="bbox 354 5177 1983 5259">
    <p class='ocr_par' dir='ltr' id='par_1_84' title="bbox 354 5177 1983 5259">
     <span class='ocr_line' id='line_1_84' title="bbox 354 5177 1983 5259; baseline 0.006 -25"><span class='ocrx_word' id='word_1_661' title='bbox 354 5180 453 5251; x_wconf 85' lang='grc' dir='ltr'>εῐη</span> <span class='ocrx_word' id='word_1_662' title='bbox 484 5177 793 5247; x_wconf 85' lang='grc' dir='ltr'>παντελῶς,</span> <span class='ocrx_word' id='word_1_663' title='bbox 822 5178 924 5252; x_wconf 86' lang='grc' dir='ltr'>τὴν</span> <span class='ocrx_word' id='word_1_664' title='bbox 948 5180 1008 5234; x_wconf 83' lang='grc' dir='ltr'><strong>δέ</strong></span> <span class='ocrx_word' id='word_1_665' title='bbox 1035 5198 1102 5251; x_wconf 90' lang='grc' dir='ltr'><strong>γε</strong></span> <span class='ocrx_word' id='word_1_666' title='bbox 1129 5184 1485 5255; x_wconf 86' lang='grc' dir='ltr'>ναυπηγικὴν</span> <span class='ocrx_word' id='word_1_667' title='bbox 1514 5186 1812 5259; x_wconf 73' lang='grc' dir='ltr'>ἐμπειρίαν</span> <span class='ocrx_word' id='word_1_668' title='bbox 1845 5188 1983 5244; x_wconf 86' lang='grc' dir='ltr'>ἀπο-</span> 
     </span>
    </p>
   </div>
   <div class='ocr_carea' id='block_1_85' title="bbox 358 5272 1983 5355">
    <p class='ocr_par' dir='ltr' id='par_1_85' title="bbox 358 5272 1983 5355">
     <span class='ocr_line' id='line_1_85' title="bbox 358 5272 1983 5355; baseline 0.006 -28"><span class='ocrx_word' id='word_1_669' title='bbox 358 5274 545 5337; x_wconf 78' lang='grc' dir='ltr'>λέσει,</span> <span class='ocrx_word' id='word_1_670' title='bbox 578 5272 909 5346; x_wconf 80' lang='grc' dir='ltr'>ρᾳθυμήσας</span> <span class='ocrx_word' id='word_1_671' title='bbox 933 5275 1121 5348; x_wconf 81' lang='grc' dir='ltr'>τυχὸν,</span> <span class='ocrx_word' id='word_1_672' title='bbox 1151 5276 1249 5332; x_wconf 77' lang='grc' dir='ltr'>καὶ</span> <span class='ocrx_word' id='word_1_673' title='bbox 1278 5276 1342 5331; x_wconf 80' lang='grc' dir='ltr'>τὸ</span> <span class='ocrx_word' id='word_1_674' title='bbox 1367 5279 1435 5333; x_wconf 72' lang='grc' dir='ltr'>ἐκ</span> <span class='ocrx_word' id='word_1_675' title='bbox 1460 5278 1670 5346; x_wconf 82' lang='grc' dir='ltr'>πάθους</span> <span class='ocrx_word' id='word_1_676' title='bbox 1699 5281 1983 5355; x_wconf 78' lang='grc' dir='ltr'>συμϐεϐη-</span> 
     </span>
    </p>
   </div>
   <div class='ocr_carea' id='block_1_86' title="bbox 359 5367 1983 5448">
    <p class='ocr_par' dir='ltr' id='par_1_86' title="bbox 359 5367 1983 5448">
     <span class='ocr_line' id='line_1_86' title="bbox 359 5367 1983 5448; baseline 0.007 -28"><span class='ocrx_word' id='word_1_677' title='bbox 359 5368 468 5433; x_wconf 83' lang='grc' dir='ltr'><strong>κὸς</strong></span> <span class='ocrx_word' id='word_1_678' title='bbox 502 5367 937 5438; x_wconf 83' lang='grc' dir='ltr'>ἀποκρούσεται,</span> <span class='ocrx_word' id='word_1_679' title='bbox 977 5370 1302 5444; x_wconf 86' lang='grc' dir='ltr'>θεραπείαις</span> <span class='ocrx_word' id='word_1_680' title='bbox 1345 5374 1489 5429; x_wconf 76' lang='grc' dir='ltr'>τισὶν</span> <span class='ocrx_word' id='word_1_681' title='bbox 1522 5374 1617 5429; x_wconf 76' lang='grc' dir='ltr'><strong>ἐπὶ</strong></span> <span class='ocrx_word' id='word_1_682' title='bbox 1658 5374 1722 5429; x_wconf 77' lang='grc' dir='ltr'>τὸ</span> <span class='ocrx_word' id='word_1_683' title='bbox 1759 5374 1983 5448; x_wconf 80' lang='grc' dir='ltr'>ἄμεινον</span> 
     </span>
    </p>
   </div>
   <div class='ocr_carea' id='block_1_87' title="bbox 356 5460 1985 5542">
    <p class='ocr_par' dir='ltr' id='par_1_87' title="bbox 356 5460 1985 5542">
     <span class='ocr_line' id='line_1_87' title="bbox 356 5460 1985 5542; baseline 0.006 -27"><span class='ocrx_word' id='word_1_684' title='bbox 356 5460 714 5532; x_wconf 78' lang='grc' dir='ltr'>ἀνατρέχων.</span> <span class='ocrx_word' id='word_1_685' title='bbox 747 5461 961 5517; x_wconf 80' lang='grc' dir='ltr'>Οὐκοῦν</span> <span class='ocrx_word' id='word_1_686' title='bbox 983 5463 1056 5519; x_wconf 79' lang='grc' dir='ltr'>τὰ</span> <span class='ocrx_word' id='word_1_687' title='bbox 1084 5463 1360 5530; x_wconf 81' lang='grc' dir='ltr'>οὐσιωδῶς</span> <span class='ocrx_word' id='word_1_688' title='bbox 1390 5467 1667 5542; x_wconf 76' lang='grc' dir='ltr'>προσόντα</span> <span class='ocrx_word' id='word_1_689' title='bbox 1690 5470 1855 5536; x_wconf 73' lang='grc' dir='ltr'>τισὶν,</span> <span class='ocrx_word' id='word_1_690' title='bbox 1891 5470 1985 5542; x_wconf 70' lang='grc' dir='ltr'>ιρ-</span> 
     </span>
    </p>
   </div>
   <div class='ocr_carea' id='block_1_88' title="bbox 358 5551 1984 5633">
    <p class='ocr_par' dir='ltr' id='par_1_88' title="bbox 358 5551 1984 5633">
     <span class='ocr_line' id='line_1_88' title="bbox 358 5551 1984 5633; baseline 0.007 -27"><span class='ocrx_word' id='word_1_691' title='bbox 358 5551 690 5628; x_wconf 70' lang='grc' dir='ltr'>ριζωμένην</span> <span class='ocrx_word' id='word_1_692' title='bbox 734 5552 849 5626; x_wconf 76' lang='grc' dir='ltr'>ἔχει</span> <span class='ocrx_word' id='word_1_693' title='bbox 897 5555 999 5628; x_wconf 80' lang='grc' dir='ltr'><strong>τὴν</strong></span> <span class='ocrx_word' id='word_1_694' title='bbox 1048 5554 1234 5627; x_wconf 87' lang='grc' dir='ltr'>φύσιν.</span> <span class='ocrx_word' id='word_1_695' title='bbox 1291 5556 1467 5632; x_wconf 78' lang='grc' dir='ltr'>Εἴπερ</span> <span class='ocrx_word' id='word_1_696' title='bbox 1493 5556 1588 5614; x_wconf 82' lang='grc' dir='ltr'>οὖν</span> <span class='ocrx_word' id='word_1_697' title='bbox 1631 5560 1769 5625; x_wconf 83' lang='grc' dir='ltr'>ὅλως</span> <span class='ocrx_word' id='word_1_698' title='bbox 1808 5559 1984 5633; x_wconf 79' lang='grc' dir='ltr'>ἡτῶν</span> 
     </span>
    </p>
   </div>
   <div class='ocr_carea' id='block_1_89' title="bbox 362 5647 1989 5729">
    <p class='ocr_par' dir='ltr' id='par_1_89' title="bbox 362 5647 1989 5729">
     <span class='ocr_line' id='line_1_89' title="bbox 362 5647 1989 5729; baseline 0.006 -27"><span class='ocrx_word' id='word_1_699' title='bbox 362 5647 623 5722; x_wconf 77' lang='grc' dir='ltr'>γενητῶν</span> <span class='ocrx_word' id='word_1_700' title='bbox 669 5648 834 5722; x_wconf 83' lang='grc' dir='ltr'>φύσις</span> <span class='ocrx_word' id='word_1_701' title='bbox 879 5651 943 5706; x_wconf 77' lang='grc' dir='ltr'>τὸ</span> <span class='ocrx_word' id='word_1_702' title='bbox 994 5651 1112 5724; x_wconf 88' lang='grc' dir='ltr'><strong>φῶς</strong></span> <span class='ocrx_word' id='word_1_703' title='bbox 1158 5648 1302 5710; x_wconf 71' lang='grc' dir='ltr'>εἶναι</span> <span class='ocrx_word' id='word_1_704' title='bbox 1338 5654 1564 5712; x_wconf 79' lang='grc' dir='ltr'>δύναται</span> <span class='ocrx_word' id='word_1_705' title='bbox 1610 5655 1672 5711; x_wconf 81' lang='grc' dir='ltr'>τὸ</span> <span class='ocrx_word' id='word_1_706' title='bbox 1712 5654 1989 5729; x_wconf 81' lang='grc' dir='ltr'>ἀληθινὸν,</span> 
     </span>
    </p>
   </div>
   <div class='ocr_carea' id='block_1_90' title="bbox 2152 3329 3681 3408">
    <p class='ocr_par' dir='ltr' id='par_1_90' title="bbox 2152 3329 3681 3408">
     <span class='ocr_line' id='line_1_90' title="bbox 2152 3329 3681 3408; baseline -0.007 -13"><span class='ocrx_word' id='word_1_707' title='bbox 2152 3339 2383 3396; x_wconf 75' lang='lat' dir='ltr'><strong>ALIUD.</strong></span> <span class='ocrx_word' id='word_1_708' title='bbox 2432 3338 2706 3402; x_wconf 84' lang='lat' dir='ltr'><strong>Salvator,</strong></span> <span class='ocrx_word' id='word_1_709' title='bbox 2743 3356 2762 3390; x_wconf 82' lang='grc' dir='ltr'><strong>ι</strong></span> <span class='ocrx_word' id='word_1_710' title='bbox 2794 3335 2910 3408; x_wconf 78' lang='lat' dir='ltr'><strong>Ego</strong></span> <span class='ocrx_word' id='word_1_711' title='bbox 2959 3351 3082 3393; x_wconf 91' lang='lat' dir='ltr'><strong>sum</strong></span> <span class='ocrx_word' id='word_1_712' title='bbox 3118 3335 3218 3391; x_wconf 78' lang='lat' dir='ltr'><strong>lux</strong></span> <span class='ocrx_word' id='word_1_713' title='bbox 3267 3330 3484 3393; x_wconf 89' lang='lat' dir='ltr'><strong>mundi,</strong></span> <span class='ocrx_word' id='word_1_714' title='bbox 3522 3348 3543 3382; x_wconf 86' lang='grc'><strong>›</strong></span> <span class='ocrx_word' id='word_1_715' title='bbox 3592 3329 3681 3384; x_wconf 91' lang='lat' dir='ltr'><strong>in-</strong></span> 
     </span>
    </p>
   </div>
   <div class='ocr_carea' id='block_1_91' title="bbox 2079 3424 3679 3506">
    <p class='ocr_par' dir='ltr' id='par_1_91' title="bbox 2079 3424 3679 3506">
     <span class='ocr_line' id='line_1_91' title="bbox 2079 3424 3679 3506; baseline -0.008 -17"><span class='ocrx_word' id='word_1_716' title='bbox 2079 3435 2237 3506; x_wconf 90' lang='lat' dir='ltr'><strong>quit;</strong></span> <span class='ocrx_word' id='word_1_717' title='bbox 2266 3453 2286 3486; x_wconf 84' lang='grc'>‹</span> <span class='ocrx_word' id='word_1_718' title='bbox 2314 3434 2408 3504; x_wconf 89' lang='lat' dir='ltr'><strong>qui</strong></span> <span class='ocrx_word' id='word_1_719' title='bbox 2451 3432 2705 3503; x_wconf 89' lang='lat' dir='ltr'><strong>sequitur</strong></span> <span class='ocrx_word' id='word_1_720' title='bbox 2778 3447 2886 3500; x_wconf 89' lang='lat' dir='ltr'><strong>me,</strong></span> <span class='ocrx_word' id='word_1_721' title='bbox 2925 3445 3037 3485; x_wconf 93' lang='lat' dir='ltr'><strong>non</strong></span> <span class='ocrx_word' id='word_1_722' title='bbox 3088 3426 3395 3484; x_wconf 86' lang='lat' dir='ltr'><strong>ambulabit</strong></span> <span class='ocrx_word' id='word_1_723' title='bbox 3431 3424 3488 3478; x_wconf 92' lang='lat' dir='ltr'><strong>in</strong></span> <span class='ocrx_word' id='word_1_724' title='bbox 3520 3432 3679 3478; x_wconf 85' lang='lat' dir='ltr'><strong>tene-</strong></span> 
     </span>
    </p>
   </div>
   <div class='ocr_carea' id='block_1_92' title="bbox 2079 3513 3681 3592">
    <p class='ocr_par' dir='ltr' id='par_1_92' title="bbox 2079 3513 3681 3592">
     <span class='ocr_line' id='line_1_92' title="bbox 2079 3513 3681 3592; baseline -0.01 -10"><span class='ocrx_word' id='word_1_725' title='bbox 2079 3528 2218 3592; x_wconf 84' lang='lat' dir='ltr'><strong>bris,</strong></span> <span class='ocrx_word' id='word_1_726' title='bbox 2248 3526 2346 3582; x_wconf 88' lang='lat' dir='ltr'><strong>sed</strong></span> <span class='ocrx_word' id='word_1_727' title='bbox 2381 3524 2605 3580; x_wconf 86' lang='lat' dir='ltr'><strong>habebit</strong></span> <span class='ocrx_word' id='word_1_728' title='bbox 2631 3522 2977 3578; x_wconf 66' lang='lat' dir='ltr'><strong>lumen-vita:</strong></span> <span class='ocrx_word' id='word_1_729' title='bbox 2993 3520 3096 3576; x_wconf 76' lang='grc'><strong>⁸⁸.»</strong></span> <span class='ocrx_word' id='word_1_730' title='bbox 3131 3513 3452 3574; x_wconf 86' lang='lat' dir='ltr'><strong>Istiusmodi</strong></span> <span class='ocrx_word' id='word_1_731' title='bbox 3487 3527 3681 3568; x_wconf 84' lang='lat' dir='ltr'><strong>vocem</strong></span> 
     </span>
    </p>
   </div>
   <div class='ocr_carea' id='block_1_93' title="bbox 2079 3611 3682 3683">
    <p class='ocr_par' dir='ltr' id='par_1_93' title="bbox 2079 3611 3682 3683">
     <span class='ocr_line' id='line_1_93' title="bbox 2079 3611 3682 3683; baseline -0.008 -11"><span class='ocrx_word' id='word_1_732' title='bbox 2079 3625 2336 3683; x_wconf 73' lang='lat' dir='ltr'><strong>creatura</strong></span> <span class='ocrx_word' id='word_1_733' title='bbox 2367 3617 2635 3672; x_wconf 86' lang='lat' dir='ltr'><strong>audacter</strong></span> <span class='ocrx_word' id='word_1_734' title='bbox 2661 3616 2900 3682; x_wconf 85' lang='lat' dir='ltr'><strong>emittat,</strong></span> <span class='ocrx_word' id='word_1_735' title='bbox 2936 3614 2983 3670; x_wconf 91' lang='lat' dir='ltr'><strong>si</strong></span> <span class='ocrx_word' id='word_1_736' title='bbox 3021 3621 3109 3669; x_wconf 89' lang='lat' dir='ltr'><strong>est</strong></span> <span class='ocrx_word' id='word_1_737' title='bbox 3138 3611 3259 3683; x_wconf 83' lang='lat' dir='ltr'><strong>ipsa</strong></span> <span class='ocrx_word' id='word_1_738' title='bbox 3289 3621 3515 3681; x_wconf 89' lang='lat' dir='ltr'><strong>quoque</strong></span> <span class='ocrx_word' id='word_1_739' title='bbox 3549 3620 3682 3660; x_wconf 85' lang='lat' dir='ltr'><strong>vera</strong></span> 
     </span>
    </p>
   </div>
   <div class='ocr_carea' id='block_1_94' title="bbox 2075 3698 3683 3779">
    <p class='ocr_par' dir='ltr' id='par_1_94' title="bbox 2075 3698 3683 3779">
     <span class='ocr_line' id='line_1_94' title="bbox 2075 3698 3683 3779; baseline -0.009 -13"><span class='ocrx_word' id='word_1_740' title='bbox 2075 3711 2197 3768; x_wconf 77' lang='lat' dir='ltr'><strong>lux.</strong></span> <span class='ocrx_word' id='word_1_741' title='bbox 2229 3708 2328 3765; x_wconf 91' lang='lat' dir='ltr'><strong>Sin</strong></span> <span class='ocrx_word' id='word_1_742' title='bbox 2361 3717 2547 3765; x_wconf 89' lang='lat' dir='ltr'><strong>autem</strong></span> <span class='ocrx_word' id='word_1_743' title='bbox 2594 3708 2650 3764; x_wconf 89' lang='lat' dir='ltr'><strong>id</strong></span> <span class='ocrx_word' id='word_1_744' title='bbox 2685 3706 2942 3779; x_wconf 80' lang='lat' dir='ltr'><strong>proferre</strong></span> <span class='ocrx_word' id='word_1_745' title='bbox 2982 3706 3382 3768; x_wconf 77' lang='lat' dir='ltr'><strong>exhorrescat,</strong></span> <span class='ocrx_word' id='word_1_746' title='bbox 3434 3714 3524 3756; x_wconf 85' lang='lat' dir='ltr'><strong>res</strong></span> <span class='ocrx_word' id='word_1_747' title='bbox 3562 3698 3683 3769; x_wconf 84' lang='lat' dir='ltr'><strong>ipsa</strong></span> 
     </span>
    </p>
   </div>
   <div class='ocr_carea' id='block_1_95' title="bbox 2078 3795 3248 3872">
    <p class='ocr_par' dir='ltr' id='par_1_95' title="bbox 2078 3795 3248 3872">
     <span class='ocr_line' id='line_1_95' title="bbox 2078 3795 3248 3872; baseline -0.007 -16"><span class='ocrx_word' id='word_1_748' title='bbox 2078 3800 2402 3872; x_wconf 60' lang='lat' dir='ltr'><strong>praedicabit</strong></span> <span class='ocrx_word' id='word_1_749' title='bbox 2433 3814 2621 3855; x_wconf 81' lang='lat' dir='ltr'><strong>veram</strong></span> <span class='ocrx_word' id='word_1_750' title='bbox 2653 3798 2836 3855; x_wconf 85' lang='lat' dir='ltr'><strong>lucem</strong></span> <span class='ocrx_word' id='word_1_751' title='bbox 2874 3812 2999 3854; x_wconf 87' lang='lat' dir='ltr'><strong>esse</strong></span> <span class='ocrx_word' id='word_1_752' title='bbox 3020 3795 3248 3851; x_wconf 81' lang='lat' dir='ltr'><strong>Filium.</strong></span> 
     </span>
    </p>
   </div>
   <div class='ocr_carea' id='block_1_96' title="bbox 2152 3969 3681 4041">
    <p class='ocr_par' dir='ltr' id='par_1_96' title="bbox 2152 3969 3681 4041">
     <span class='ocr_line' id='line_1_96' title="bbox 2152 3969 3681 4041; baseline -0.01 -5"><span class='ocrx_word' id='word_1_753' title='bbox 2152 3979 2383 4036; x_wconf 83' lang='lat' dir='ltr'><strong>ALIUD.</strong></span> <span class='ocrx_word' id='word_1_754' title='bbox 2420 3998 2439 4033; x_wconf 87' lang='grc' dir='ltr'><strong>ι</strong></span> <span class='ocrx_word' id='word_1_755' title='bbox 2473 3979 2660 4035; x_wconf 90' lang='lat' dir='ltr'><strong>Donec</strong></span> <span class='ocrx_word' id='word_1_756' title='bbox 2683 3979 2867 4035; x_wconf 91' lang='lat' dir='ltr'><strong>lucem</strong></span> <span class='ocrx_word' id='word_1_757' title='bbox 2890 3976 3133 4041; x_wconf 87' lang='lat' dir='ltr'><strong>habetis,</strong></span> <span class='ocrx_word' id='word_1_758' title='bbox 3160 3972 3369 4030; x_wconf 87' lang='lat' dir='ltr'><strong>credite</strong></span> <span class='ocrx_word' id='word_1_759' title='bbox 3392 3970 3449 4025; x_wconf 93' lang='lat' dir='ltr'><strong>in</strong></span> <span class='ocrx_word' id='word_1_760' title='bbox 3471 3969 3681 4030; x_wconf 85' lang='lat' dir='ltr'><strong>lucem,</strong></span> 
     </span>
    </p>
   </div>
   <div class='ocr_carea' id='block_1_97' title="bbox 2084 4061 3682 4146">
    <p class='ocr_par' dir='ltr' id='par_1_97' title="bbox 2084 4061 3682 4146">
     <span class='ocr_line' id='line_1_97' title="bbox 2084 4061 3682 4146; baseline -0.012 -13"><span class='ocrx_word' id='word_1_761' title='bbox 2084 4085 2143 4134; x_wconf 88' lang='lat' dir='ltr'><strong>ut</strong></span> <span class='ocrx_word' id='word_1_762' title='bbox 2171 4077 2267 4133; x_wconf 88' lang='lat' dir='ltr'><strong>lilii</strong></span> <span class='ocrx_word' id='word_1_763' title='bbox 2285 4075 2429 4132; x_wconf 90' lang='lat' dir='ltr'><strong>lucis</strong></span> <span class='ocrx_word' id='word_1_764' title='bbox 2445 4075 2572 4132; x_wconf 88' lang='lat' dir='ltr'><strong>sitis</strong></span> <span class='ocrx_word' id='word_1_765' title='bbox 2599 4074 2744 4142; x_wconf 82' lang='grc'><strong>⁰⁰·⁷⁰,</strong></span> <span class='ocrx_word' id='word_1_766' title='bbox 2771 4093 2789 4127; x_wconf 81' lang='grc' dir='ltr'><strong>ι</strong></span> <span class='ocrx_word' id='word_1_767' title='bbox 2810 4071 2993 4146; x_wconf 89' lang='lat' dir='ltr'><strong>inquit</strong></span> <span class='ocrx_word' id='word_1_768' title='bbox 3026 4070 3322 4126; x_wconf 88' lang='lat' dir='ltr'><strong>Dominus.</strong></span> <span class='ocrx_word' id='word_1_769' title='bbox 3346 4066 3514 4122; x_wconf 88' lang='lat' dir='ltr'><strong>Certe</strong></span> <span class='ocrx_word' id='word_1_770' title='bbox 3533 4061 3682 4118; x_wconf 92' lang='lat' dir='ltr'><strong>enim</strong></span> 
     </span>
    </p>
   </div>
   <div class='ocr_carea' id='block_1_98' title="bbox 2081 4151 3679 4227">
    <p class='ocr_par' dir='ltr' id='par_1_98' title="bbox 2081 4151 3679 4227">
     <span class='ocr_line' id='line_1_98' title="bbox 2081 4151 3679 4227; baseline -0.014 -2"><span class='ocrx_word' id='word_1_771' title='bbox 2081 4168 2261 4225; x_wconf 89' lang='lat' dir='ltr'><strong>lucem</strong></span> <span class='ocrx_word' id='word_1_772' title='bbox 2303 4165 2567 4221; x_wconf 88' lang='lat' dir='ltr'><strong>amissuri</strong></span> <span class='ocrx_word' id='word_1_773' title='bbox 2604 4169 2790 4227; x_wconf 88' lang='lat' dir='ltr'><strong>erant,</strong></span> <span class='ocrx_word' id='word_1_774' title='bbox 2833 4163 2882 4217; x_wconf 88' lang='lat' dir='ltr'><strong>si</strong></span> <span class='ocrx_word' id='word_1_775' title='bbox 2931 4176 3041 4216; x_wconf 91' lang='lat' dir='ltr'><strong>non</strong></span> <span class='ocrx_word' id='word_1_776' title='bbox 3073 4158 3398 4219; x_wconf 85' lang='lat' dir='ltr'><strong>crederent,</strong></span> <span class='ocrx_word' id='word_1_777' title='bbox 3455 4152 3551 4224; x_wconf 85' lang='lat' dir='ltr'><strong>qui</strong></span> <span class='ocrx_word' id='word_1_778' title='bbox 3585 4151 3679 4205; x_wconf 77' lang='lat' dir='ltr'><strong>lux</strong></span> 
     </span>
    </p>
   </div>
   <div class='ocr_carea' id='block_1_99' title="bbox 2081 4252 3679 4323">
    <p class='ocr_par' dir='ltr' id='par_1_99' title="bbox 2081 4252 3679 4323">
     <span class='ocr_line' id='line_1_99' title="bbox 2081 4252 3679 4323; baseline -0.013 -7"><span class='ocrx_word' id='word_1_779' title='bbox 2081 4266 2214 4318; x_wconf 89' lang='lat' dir='ltr'><strong>sunt</strong></span> <span class='ocrx_word' id='word_1_780' title='bbox 2245 4256 2549 4314; x_wconf 91' lang='lat' dir='ltr'><strong>secundum</strong></span> <span class='ocrx_word' id='word_1_781' title='bbox 2584 4262 2874 4320; x_wconf 87' lang='lat' dir='ltr'><strong>naturam,</strong></span> <span class='ocrx_word' id='word_1_782' title='bbox 2906 4254 2954 4309; x_wconf 89' lang='lat' dir='ltr'><strong>si</strong></span> <span class='ocrx_word' id='word_1_783' title='bbox 2996 4252 3117 4308; x_wconf 83' lang='lat' dir='ltr'><strong>ﬁeri</strong></span> <span class='ocrx_word' id='word_1_784' title='bbox 3155 4257 3338 4323; x_wconf 86' lang='lat' dir='ltr'><strong>potest</strong></span> <span class='ocrx_word' id='word_1_785' title='bbox 3386 4255 3445 4302; x_wconf 91' lang='lat' dir='ltr'><strong>ut</strong></span> <span class='ocrx_word' id='word_1_786' title='bbox 3483 4258 3679 4300; x_wconf 88' lang='lat' dir='ltr'><strong>verum</strong></span> 
     </span>
    </p>
   </div>
   <div class='ocr_carea' id='block_1_100' title="bbox 2079 4334 3680 4416">
    <p class='ocr_par' dir='ltr' id='par_1_100' title="bbox 2079 4334 3680 4416">
     <span class='ocr_line' id='line_1_100' title="bbox 2079 4334 3680 4416; baseline -0.011 -7"><span class='ocrx_word' id='word_1_787' title='bbox 2079 4354 2273 4409; x_wconf 89' lang='lat' dir='ltr'><strong>lumen</strong></span> <span class='ocrx_word' id='word_1_788' title='bbox 2316 4351 2392 4408; x_wconf 90' lang='lat' dir='ltr'><strong>sit</strong></span> <span class='ocrx_word' id='word_1_789' title='bbox 2438 4358 2627 4406; x_wconf 86' lang='lat' dir='ltr'><strong>creata</strong></span> <span class='ocrx_word' id='word_1_790' title='bbox 2687 4348 3022 4404; x_wconf 88' lang='lat' dir='ltr'><strong>substantia.</strong></span> <span class='ocrx_word' id='word_1_791' title='bbox 3080 4346 3151 4401; x_wconf 77' lang='lat' dir='ltr'><strong>At</strong></span> <span class='ocrx_word' id='word_1_792' title='bbox 3206 4340 3492 4416; x_wconf 91' lang='lat' dir='ltr'><strong>quomodo</strong></span> <span class='ocrx_word' id='word_1_793' title='bbox 3525 4334 3680 4394; x_wconf 86' lang='lat' dir='ltr'><strong>istud</strong></span> 
     </span>
    </p>
   </div>
   <div class='ocr_carea' id='block_1_101' title="bbox 2082 4431 3683 4516">
    <p class='ocr_par' dir='ltr' id='par_1_101' title="bbox 2082 4431 3683 4516">
     <span class='ocr_line' id='line_1_101' title="bbox 2082 4431 3683 4516; baseline -0.011 -15"><span class='ocrx_word' id='word_1_794' title='bbox 2082 4445 2201 4502; x_wconf 82' lang='lat' dir='ltr'><strong>ﬁeri</strong></span> <span class='ocrx_word' id='word_1_795' title='bbox 2230 4460 2474 4516; x_wconf 90' lang='lat' dir='ltr'><strong>unquam</strong></span> <span class='ocrx_word' id='word_1_796' title='bbox 2512 4440 3107 4515; x_wconf 33' lang='lat' dir='ltr'><strong>posseti‘IPrivationes</strong></span> <span class='ocrx_word' id='word_1_797' title='bbox 3129 4438 3281 4495; x_wconf 89' lang='lat' dir='ltr'><strong>enim</strong></span> <span class='ocrx_word' id='word_1_798' title='bbox 3302 4435 3361 4490; x_wconf 91' lang='lat' dir='ltr'><strong>in</strong></span> <span class='ocrx_word' id='word_1_799' title='bbox 3389 4434 3462 4490; x_wconf 87' lang='lat' dir='ltr'><strong>iis</strong></span> <span class='ocrx_word' id='word_1_800' title='bbox 3512 4431 3683 4487; x_wconf 90' lang='lat' dir='ltr'><strong>rebus</strong></span> 
     </span>
    </p>
   </div>
   <div class='ocr_carea' id='block_1_102' title="bbox 2008 4529 3685 4625">
    <p class='ocr_par' dir='ltr' id='par_1_102' title="bbox 2008 4529 3685 4625">
     <span class='ocr_line' id='line_1_102' title="bbox 2008 4529 3685 4625; baseline -0.01 -29"><span class='ocrx_word' id='word_1_801' title='bbox 2008 4567 2055 4625; x_wconf 69' lang='grc' dir='ltr'><strong>ι)</strong></span> <span class='ocrx_word' id='word_1_802' title='bbox 2084 4556 2208 4612; x_wconf 66' lang='lat' dir='ltr'><strong>quae</strong></span> <span class='ocrx_word' id='word_1_803' title='bbox 2251 4538 2700 4597; x_wconf 87' lang='lat' dir='ltr'><strong>substantialiter</strong></span> <span class='ocrx_word' id='word_1_804' title='bbox 2748 4535 2942 4591; x_wconf 89' lang='lat' dir='ltr'><strong>insunt</strong></span> <span class='ocrx_word' id='word_1_805' title='bbox 3003 4532 3288 4606; x_wconf 86' lang='lat' dir='ltr'><strong>aliquibus</strong></span> <span class='ocrx_word' id='word_1_806' title='bbox 3341 4529 3575 4584; x_wconf 90' lang='lat' dir='ltr'><strong>omnino</strong></span> <span class='ocrx_word' id='word_1_807' title='bbox 3613 4539 3685 4581; x_wconf 79' lang='lat' dir='ltr'><strong>ex</strong></span> 
     </span>
    </p>
   </div>
   <div class='ocr_carea' id='block_1_103' title="bbox 2082 4623 3686 4706">
    <p class='ocr_par' dir='ltr' id='par_1_103' title="bbox 2082 4623 3686 4706">
     <span class='ocr_line' id='line_1_103' title="bbox 2082 4623 3686 4706; baseline -0.011 -17"><span class='ocrx_word' id='word_1_808' title='bbox 2082 4632 2307 4706; x_wconf 77' lang='lat' dir='ltr'><strong>pigritia</strong></span> <span class='ocrx_word' id='word_1_809' title='bbox 2361 4646 2474 4687; x_wconf 93' lang='lat' dir='ltr'><strong>non</strong></span> <span class='ocrx_word' id='word_1_810' title='bbox 2523 4629 2892 4700; x_wconf 77' lang='lat' dir='ltr'><strong>contingunt,</strong></span> <span class='ocrx_word' id='word_1_811' title='bbox 2931 4625 3028 4682; x_wconf 87' lang='lat' dir='ltr'><strong>sed</strong></span> <span class='ocrx_word' id='word_1_812' title='bbox 3062 4624 3125 4681; x_wconf 91' lang='lat' dir='ltr'><strong>in</strong></span> <span class='ocrx_word' id='word_1_813' title='bbox 3153 4623 3224 4679; x_wconf 82' lang='lat' dir='ltr'><strong>iis</strong></span> <span class='ocrx_word' id='word_1_814' title='bbox 3271 4634 3512 4693; x_wconf 89' lang='lat' dir='ltr'><strong>quarum</strong></span> <span class='ocrx_word' id='word_1_815' title='bbox 3550 4630 3686 4689; x_wconf 80' lang='lat' dir='ltr'><strong>pos—</strong></span> 
     </span>
    </p>
   </div>
   <div class='ocr_carea' id='block_1_104' title="bbox 2080 4709 3686 4793">
    <p class='ocr_par' dir='ltr' id='par_1_104' title="bbox 2080 4709 3686 4793">
     <span class='ocr_line' id='line_1_104' title="bbox 2080 4709 3686 4793; baseline -0.013 -10"><span class='ocrx_word' id='word_1_816' title='bbox 2080 4724 2261 4783; x_wconf 87' lang='lat' dir='ltr'><strong>sessio</strong></span> <span class='ocrx_word' id='word_1_817' title='bbox 2315 4724 2610 4781; x_wconf 81' lang='lat' dir='ltr'><strong>voluntate</strong></span> <span class='ocrx_word' id='word_1_818' title='bbox 2666 4720 3004 4793; x_wconf 83' lang='lat' dir='ltr'><strong>acquiritur,</strong></span> <span class='ocrx_word' id='word_1_819' title='bbox 3062 4725 3118 4772; x_wconf 88' lang='lat' dir='ltr'><strong>et</strong></span> <span class='ocrx_word' id='word_1_820' title='bbox 3186 4727 3539 4787; x_wconf 68' lang='lat' dir='ltr'><strong>quaecunque</strong></span> <span class='ocrx_word' id='word_1_821' title='bbox 3608 4709 3686 4763; x_wconf 82' lang='lat' dir='ltr'><strong>ita</strong></span> 
     </span>
    </p>
   </div>
   <div class='ocr_carea' id='block_1_105' title="bbox 2078 4802 3687 4889">
    <p class='ocr_par' dir='ltr' id='par_1_105' title="bbox 2078 4802 3687 4889">
     <span class='ocr_line' id='line_1_105' title="bbox 2078 4802 3687 4889; baseline -0.013 -14"><span class='ocrx_word' id='word_1_822' title='bbox 2078 4823 2417 4889; x_wconf 67' lang='lat' dir='ltr'><strong>comparatae</strong></span> <span class='ocrx_word' id='word_1_823' title='bbox 2467 4821 2633 4879; x_wconf 88' lang='lat' dir='ltr'><strong>sunt,</strong></span> <span class='ocrx_word' id='word_1_824' title='bbox 2686 4818 2749 4867; x_wconf 91' lang='lat' dir='ltr'><strong>ut</strong></span> <span class='ocrx_word' id='word_1_825' title='bbox 2828 4812 3027 4867; x_wconf 88' lang='lat' dir='ltr'><strong>adesse</strong></span> <span class='ocrx_word' id='word_1_826' title='bbox 3066 4802 3156 4866; x_wconf 82' lang='grc' dir='ltr'><strong>ἐι</strong></span> <span class='ocrx_word' id='word_1_827' title='bbox 3219 4808 3418 4863; x_wconf 88' lang='lat' dir='ltr'><strong>abesse</strong></span> <span class='ocrx_word' id='word_1_828' title='bbox 3479 4807 3687 4874; x_wconf 82' lang='lat' dir='ltr'><strong>queant</strong></span> 
     </span>
    </p>
   </div>
   <div class='ocr_carea' id='block_1_106' title="bbox 2083 4896 3685 4982">
    <p class='ocr_par' dir='ltr' id='par_1_106' title="bbox 2083 4896 3685 4982">
     <span class='ocr_line' id='line_1_106' title="bbox 2083 4896 3685 4982; baseline -0.012 -14"><span class='ocrx_word' id='word_1_829' title='bbox 2083 4911 2294 4982; x_wconf 88' lang='lat' dir='ltr'><strong>absque</strong></span> <span class='ocrx_word' id='word_1_830' title='bbox 2324 4905 2562 4978; x_wconf 86' lang='lat' dir='ltr'><strong>subjecti</strong></span> <span class='ocrx_word' id='word_1_831' title='bbox 2599 4905 2849 4961; x_wconf 90' lang='lat' dir='ltr'><strong>interitu.</strong></span> <span class='ocrx_word' id='word_1_832' title='bbox 2881 4900 3131 4972; x_wconf 78' lang='lat' dir='ltr'><strong>Exempli</strong></span> <span class='ocrx_word' id='word_1_833' title='bbox 3162 4899 3339 4972; x_wconf 76' lang='lat' dir='ltr'><strong>gratia</strong></span> <span class='ocrx_word' id='word_1_834' title='bbox 3390 4916 3404 4953; x_wconf 91' lang='lat'>:</span> <span class='ocrx_word' id='word_1_835' title='bbox 3439 4896 3685 4951; x_wconf 85' lang='lat' dir='ltr'><strong>rationa-</strong></span> 
     </span>
    </p>
   </div>
   <div class='ocr_carea' id='block_1_107' title="bbox 2082 4993 3688 5076">
    <p class='ocr_par' dir='ltr' id='par_1_107' title="bbox 2082 4993 3688 5076">
     <span class='ocr_line' id='line_1_107' title="bbox 2082 4993 3688 5076; baseline -0.01 -16"><span class='ocrx_word' id='word_1_836' title='bbox 2082 5005 2153 5062; x_wconf 89' lang='lat' dir='ltr'><strong>lis</strong></span> <span class='ocrx_word' id='word_1_837' title='bbox 2191 5003 2416 5076; x_wconf 89' lang='lat' dir='ltr'><strong>quidem</strong></span> <span class='ocrx_word' id='word_1_838' title='bbox 2463 5000 2570 5072; x_wconf 77' lang='lat'><strong>72</strong></span> <span class='ocrx_word' id='word_1_839' title='bbox 2615 5006 2702 5057; x_wconf 90' lang='lat' dir='ltr'><strong>est</strong></span> <span class='ocrx_word' id='word_1_840' title='bbox 2737 4998 2906 5053; x_wconf 89' lang='lat' dir='ltr'><strong>homo</strong></span> <span class='ocrx_word' id='word_1_841' title='bbox 2946 5006 3190 5062; x_wconf 86' lang='lat' dir='ltr'><strong>natura,</strong></span> <span class='ocrx_word' id='word_1_842' title='bbox 3249 4993 3551 5050; x_wconf 85' lang='lat' dir='ltr'><strong>fabricator</strong></span> <span class='ocrx_word' id='word_1_843' title='bbox 3584 5003 3688 5045; x_wconf 87' lang='lat' dir='ltr'><strong>na-</strong></span> 
     </span>
    </p>
   </div>
   <div class='ocr_carea' id='block_1_108' title="bbox 2087 5081 3683 5163">
    <p class='ocr_par' dir='ltr' id='par_1_108' title="bbox 2087 5081 3683 5163">
     <span class='ocr_line' id='line_1_108' title="bbox 2087 5081 3683 5163; baseline -0.011 -8"><span class='ocrx_word' id='word_1_844' title='bbox 2087 5099 2239 5155; x_wconf 88' lang='lat' dir='ltr'><strong>vium</strong></span> <span class='ocrx_word' id='word_1_845' title='bbox 2267 5096 2573 5161; x_wconf 87' lang='lat' dir='ltr'><strong>voluntate,</strong></span> <span class='ocrx_word' id='word_1_846' title='bbox 2607 5103 2843 5163; x_wconf 85' lang='lat' dir='ltr'><strong>eorpore</strong></span> <span class='ocrx_word' id='word_1_847' title='bbox 2883 5104 3051 5163; x_wconf 65' lang='lat' dir='ltr'><strong>aeger,</strong></span> <span class='ocrx_word' id='word_1_848' title='bbox 3083 5105 3149 5146; x_wconf 81' lang='lat' dir='ltr'><strong>ex</strong></span> <span class='ocrx_word' id='word_1_849' title='bbox 3181 5084 3483 5145; x_wconf 85' lang='lat' dir='ltr'><strong>accidenti.</strong></span> <span class='ocrx_word' id='word_1_850' title='bbox 3513 5081 3683 5156; x_wconf 89' lang='lat' dir='ltr'><strong>Atqui</strong></span> 
     </span>
    </p>
   </div>
   <div class='ocr_carea' id='block_1_109' title="bbox 2089 5178 3691 5258">
    <p class='ocr_par' dir='ltr' id='par_1_109' title="bbox 2089 5178 3691 5258">
     <span class='ocr_line' id='line_1_109' title="bbox 2089 5178 3691 5258; baseline -0.011 -11"><span class='ocrx_word' id='word_1_851' title='bbox 2089 5190 2213 5247; x_wconf 83' lang='lat' dir='ltr'><strong>ﬁeri</strong></span> <span class='ocrx_word' id='word_1_852' title='bbox 2252 5203 2363 5245; x_wconf 88' lang='lat' dir='ltr'><strong>non</strong></span> <span class='ocrx_word' id='word_1_853' title='bbox 2402 5192 2587 5258; x_wconf 88' lang='lat' dir='ltr'><strong>potest</strong></span> <span class='ocrx_word' id='word_1_854' title='bbox 2627 5191 2689 5240; x_wconf 87' lang='lat' dir='ltr'><strong>ut</strong></span> <span class='ocrx_word' id='word_1_855' title='bbox 2734 5184 2825 5242; x_wconf 85' lang='lat' dir='ltr'><strong>ille</strong></span> <span class='ocrx_word' id='word_1_856' title='bbox 2887 5184 2960 5241; x_wconf 89' lang='lat' dir='ltr'><strong>sit</strong></span> <span class='ocrx_word' id='word_1_857' title='bbox 2994 5181 3370 5247; x_wconf 86' lang='lat' dir='ltr'><strong>irrationalis,</strong></span> <span class='ocrx_word' id='word_1_858' title='bbox 3431 5178 3528 5235; x_wconf 89' lang='lat' dir='ltr'><strong>bic</strong></span> <span class='ocrx_word' id='word_1_859' title='bbox 3588 5191 3691 5231; x_wconf 84' lang='lat' dir='ltr'><strong>au-</strong></span> 
     </span>
    </p>
   </div>
   <div class='ocr_carea' id='block_1_110' title="bbox 2090 5271 3687 5343">
    <p class='ocr_par' dir='ltr' id='par_1_110' title="bbox 2090 5271 3687 5343">
     <span class='ocr_line' id='line_1_110' title="bbox 2090 5271 3687 5343; baseline -0.01 -4"><span class='ocrx_word' id='word_1_860' title='bbox 2090 5280 2201 5339; x_wconf 78' lang='lat' dir='ltr'><strong>tem</strong></span> <span class='ocrx_word' id='word_1_861' title='bbox 2234 5281 2689 5338; x_wconf 77' lang='lat' dir='ltr'><strong>fabricandarum</strong></span> <span class='ocrx_word' id='word_1_862' title='bbox 2745 5280 2973 5343; x_wconf 88' lang='lat' dir='ltr'><strong>navium</strong></span> <span class='ocrx_word' id='word_1_863' title='bbox 3008 5282 3188 5333; x_wconf 85' lang='lat' dir='ltr'><strong>artem</strong></span> <span class='ocrx_word' id='word_1_864' title='bbox 3221 5275 3470 5339; x_wconf 88' lang='lat' dir='ltr'><strong>amittet,</strong></span> <span class='ocrx_word' id='word_1_865' title='bbox 3511 5271 3687 5342; x_wconf 74' lang='lat' dir='ltr'><strong>pigri-</strong></span> 
     </span>
    </p>
   </div>
   <div class='ocr_carea' id='block_1_111' title="bbox 2093 5367 3687 5441">
    <p class='ocr_par' dir='ltr' id='par_1_111' title="bbox 2093 5367 3687 5441">
     <span class='ocr_line' id='line_1_111' title="bbox 2093 5367 3687 5441; baseline -0.01 -10"><span class='ocrx_word' id='word_1_866' title='bbox 2093 5377 2168 5431; x_wconf 87' lang='lat' dir='ltr'><strong>tia</strong></span> <span class='ocrx_word' id='word_1_867' title='bbox 2197 5375 2507 5441; x_wconf 90' lang='lat' dir='ltr'><strong>nimirum,</strong></span> <span class='ocrx_word' id='word_1_868' title='bbox 2535 5385 2591 5432; x_wconf 92' lang='lat' dir='ltr'><strong>et</strong></span> <span class='ocrx_word' id='word_1_869' title='bbox 2617 5374 2800 5431; x_wconf 89' lang='lat' dir='ltr'><strong>morbi</strong></span> <span class='ocrx_word' id='word_1_870' title='bbox 2843 5385 3037 5429; x_wconf 90' lang='lat' dir='ltr'><strong>casum</strong></span> <span class='ocrx_word' id='word_1_871' title='bbox 3083 5370 3321 5441; x_wconf 82' lang='lat' dir='ltr'><strong>depellet</strong></span> <span class='ocrx_word' id='word_1_872' title='bbox 3368 5367 3474 5423; x_wconf 89' lang='lat' dir='ltr'><strong>iste</strong></span> <span class='ocrx_word' id='word_1_873' title='bbox 3526 5375 3687 5417; x_wconf 82' lang='lat' dir='ltr'><strong>cura-</strong></span> 
     </span>
    </p>
   </div>
   <div class='ocr_carea' id='block_1_112' title="bbox 2092 5451 3686 5538">
    <p class='ocr_par' dir='ltr' id='par_1_112' title="bbox 2092 5451 3686 5538">
     <span class='ocr_line' id='line_1_112' title="bbox 2092 5451 3686 5538; baseline -0.011 -15"><span class='ocrx_word' id='word_1_874' title='bbox 2092 5468 2266 5524; x_wconf 88' lang='lat' dir='ltr'><strong>tione.</strong></span> <span class='ocrx_word' id='word_1_875' title='bbox 2297 5465 2494 5538; x_wconf 88' lang='lat' dir='ltr'><strong>ltaque</strong></span> <span class='ocrx_word' id='word_1_876' title='bbox 2524 5481 2650 5538; x_wconf 72' lang='lat' dir='ltr'><strong>qua:</strong></span> <span class='ocrx_word' id='word_1_877' title='bbox 2681 5462 3134 5521; x_wconf 89' lang='lat' dir='ltr'><strong>substantialiter</strong></span> <span class='ocrx_word' id='word_1_878' title='bbox 3159 5462 3351 5515; x_wconf 79' lang='lat' dir='ltr'><strong>insunt</strong></span> <span class='ocrx_word' id='word_1_879' title='bbox 3379 5451 3686 5524; x_wconf 85' lang='lat' dir='ltr'><strong>aliquibus,</strong></span> 
     </span>
    </p>
   </div>
   <div class='ocr_carea' id='block_1_113' title="bbox 2094 5548 3687 5629">
    <p class='ocr_par' dir='ltr' id='par_1_113' title="bbox 2094 5548 3687 5629">
     <span class='ocr_line' id='line_1_113' title="bbox 2094 5548 3687 5629; baseline -0.014 -11"><span class='ocrx_word' id='word_1_880' title='bbox 2094 5561 2366 5618; x_wconf 85' lang='lat' dir='ltr'><strong>radicitus</strong></span> <span class='ocrx_word' id='word_1_881' title='bbox 2397 5558 2626 5615; x_wconf 78' lang='lat' dir='ltr'><strong>inﬁxam</strong></span> <span class='ocrx_word' id='word_1_882' title='bbox 2664 5558 2876 5629; x_wconf 83' lang='lat' dir='ltr'><strong>habent</strong></span> <span class='ocrx_word' id='word_1_883' title='bbox 2906 5561 3191 5610; x_wconf 87' lang='lat' dir='ltr'><strong>naturam.</strong></span> <span class='ocrx_word' id='word_1_884' title='bbox 3224 5548 3283 5604; x_wconf 88' lang='lat' dir='ltr'><strong>Si</strong></span> <span class='ocrx_word' id='word_1_885' title='bbox 3327 5558 3462 5617; x_wconf 75' lang='lat' dir='ltr'><strong>ergo</strong></span> <span class='ocrx_word' id='word_1_886' title='bbox 3499 5556 3687 5598; x_wconf 89' lang='lat' dir='ltr'><strong>rerum</strong></span> 
     </span>
    </p>
   </div>
   <div class='ocr_carea' id='block_1_114' title="bbox 2100 5634 3688 5715">
    <p class='ocr_par' dir='ltr' id='par_1_114' title="bbox 2100 5634 3688 5715">
     <span class='ocr_line' id='line_1_114' title="bbox 2100 5634 3688 5715; baseline -0.013 -2"><span class='ocrx_word' id='word_1_887' title='bbox 2100 5663 2417 5715; x_wconf 84' lang='lat' dir='ltr'><strong>creatarum</strong></span> <span class='ocrx_word' id='word_1_888' title='bbox 2454 5663 2658 5712; x_wconf 87' lang='lat' dir='ltr'><strong>natura</strong></span> <span class='ocrx_word' id='word_1_889' title='bbox 2707 5665 2841 5708; x_wconf 88' lang='lat' dir='ltr'><strong>vera</strong></span> <span class='ocrx_word' id='word_1_890' title='bbox 2889 5649 2984 5704; x_wconf 81' lang='lat' dir='ltr'><strong>lux</strong></span> <span class='ocrx_word' id='word_1_891' title='bbox 3021 5659 3146 5703; x_wconf 89' lang='lat' dir='ltr'><strong>esse</strong></span> <span class='ocrx_word' id='word_1_892' title='bbox 3173 5646 3379 5715; x_wconf 87' lang='lat' dir='ltr'><strong>potest,</strong></span> <span class='ocrx_word' id='word_1_893' title='bbox 3407 5634 3688 5712; x_wconf 89' lang='lat' dir='ltr'><strong>quomodo</strong></span> 
     </span>
    </p>
   </div>
   <div class='ocr_carea' id='block_1_115' title="bbox 438 5823 1978 5911">
    <p class='ocr_par' dir='ltr' id='par_1_115' title="bbox 438 5828 1978 5911">
     <span class='ocr_line' id='line_1_115' title="bbox 438 5828 1978 5911; baseline 0.008 -26"><span class='ocrx_word' id='word_1_894' title='bbox 438 5829 491 5866; x_wconf 80' lang='lat'><strong>“</strong></span> <span class='ocrx_word' id='word_1_895' title='bbox 532 5828 645 5889; x_wconf 84' lang='lat' dir='ltr'><strong>lsa.</strong></span> <span class='ocrx_word' id='word_1_896' title='bbox 676 5845 778 5898; x_wconf 76' lang='grc' dir='ltr'>ιι,</span> <span class='ocrx_word' id='word_1_897' title='bbox 816 5832 863 5888; x_wconf 83' lang='grc' dir='ltr'>ι.</span> <span class='ocrx_word' id='word_1_898' title='bbox 942 5833 990 5867; x_wconf 83' lang='grc'><strong><em>³⁷</em></strong></span> <span class='ocrx_word' id='word_1_899' title='bbox 1020 5835 1131 5893; x_wconf 88' lang='lat' dir='ltr'><strong>lsa.</strong></span> <span class='ocrx_word' id='word_1_900' title='bbox 1166 5851 1315 5907; x_wconf 79' lang='lat' dir='ltr'><strong>xm,</strong></span> <span class='ocrx_word' id='word_1_901' title='bbox 1347 5837 1398 5894; x_wconf 88' lang='lat'><em>6.</em></span> <span class='ocrx_word' id='word_1_902' title='bbox 1478 5839 1523 5874; x_wconf 80' lang='grc'><strong><em>⁵⁸</em></strong></span> <span class='ocrx_word' id='word_1_903' title='bbox 1564 5837 1668 5899; x_wconf 90' lang='lat' dir='ltr'><strong>lsa.</strong></span> <span class='ocrx_word' id='word_1_904' title='bbox 1704 5853 1783 5911; x_wconf 83' lang='grc' dir='ltr'><strong>ιι,</strong></span> <span class='ocrx_word' id='word_1_905' title='bbox 1809 5839 1867 5900; x_wconf 82' lang='lat'><strong>&#39;5.</strong></span> <span class='ocrx_word' id='word_1_906' title='bbox 1944 5839 1978 5873; x_wconf 80' lang='grc'><strong>⁸¹</strong></span> 
     </span>
    </p>
   </div>
   <div class='ocr_carea' id='block_1_116' title="bbox 2081 5823 3143 5911">
    <p class='ocr_par' dir='ltr' id='par_1_116' title="bbox 2085 5823 3143 5905">
     <span class='ocr_line' id='line_1_116' title="bbox 2085 5823 3143 5905; baseline -0.014 -10"><span class='ocrx_word' id='word_1_907' title='bbox 2085 5854 2176 5895; x_wconf 87' lang='lat' dir='ltr'><strong>an.</strong></span> <span class='ocrx_word' id='word_1_908' title='bbox 2211 5854 2306 5895; x_wconf 74' lang='lat' dir='ltr'><strong>vni</strong></span> <span class='ocrx_word' id='word_1_909' title='bbox 2330 5879 2343 5905; x_wconf 93' lang='lat'><strong>,</strong></span> <span class='ocrx_word' id='word_1_910' title='bbox 2378 5838 2466 5894; x_wconf 72' lang='lat'><strong>1-2.</strong></span> <span class='ocrx_word' id='word_1_911' title='bbox 2550 5834 2668 5869; x_wconf 63' lang='grc' dir='ltr'><strong><em>εοοτο</em></strong></span> <span class='ocrx_word' id='word_1_912' title='bbox 2709 5829 2866 5889; x_wconf 88' lang='lat' dir='ltr'><strong>Joan.</strong></span> <span class='ocrx_word' id='word_1_913' title='bbox 2902 5843 2980 5884; x_wconf 78' lang='lat' dir='ltr'><strong>xu</strong></span> <span class='ocrx_word' id='word_1_914' title='bbox 3004 5869 3018 5894; x_wconf 91' lang='lat'><strong>,</strong></span> <span class='ocrx_word' id='word_1_915' title='bbox 3052 5823 3143 5883; x_wconf 78' lang='lat'><strong>&#39;56.</strong></span> 
     </span>
    </p>
   </div>
  </div>
