  <div class='ocr_page' id='page_1' title='image "/cluster/home/n/w/nwhite01/storage/ocr_20150623/73:no.6/coo.31924054869692/070.png"; bbox 0 0 4156 6480; ppageno 0'>
   <div class='ocr_carea' id='block_1_1' title="bbox 415 362 527 423">
    <p class='ocr_par' dir='ltr' id='par_1_1' title="bbox 415 362 527 423">
     <span class='ocr_line' id='line_1_1' title="bbox 415 362 527 423; baseline 0 -1"><span class='ocrx_word' id='word_1_1' title='bbox 415 362 527 423; x_wconf 67' lang='grc'><strong>125</strong></span> 
     </span>
    </p>
   </div>
   <div class='ocr_carea' id='block_1_2' title="bbox 1500 365 2612 433">
    <p class='ocr_par' dir='ltr' id='par_1_2' title="bbox 1500 365 2612 433">
     <span class='ocr_line' id='line_1_2' title="bbox 1500 365 2612 433; baseline 0.011 -13"><span class='ocrx_word' id='word_1_2' title='bbox 1500 365 1568 421; x_wconf 85' lang='lat' dir='ltr'><strong>IN</strong></span> <span class='ocrx_word' id='word_1_3' title='bbox 1586 365 1874 424; x_wconf 74' lang='lat' dir='ltr'><strong>JOANNIS</strong></span> <span class='ocrx_word' id='word_1_4' title='bbox 1910 365 2367 431; x_wconf 70' lang='lat' dir='ltr'><strong>EYANGELIUM</strong></span> <span class='ocrx_word' id='word_1_5' title='bbox 2404 375 2534 433; x_wconf 86' lang='lat' dir='ltr'><strong>LlB.</strong></span> <span class='ocrx_word' id='word_1_6' title='bbox 2570 375 2612 432; x_wconf 85' lang='grc' dir='ltr'>Ι.</span> 
     </span>
    </p>
   </div>
   <div class='ocr_carea' id='block_1_3' title="bbox 3605 388 3714 446">
    <p class='ocr_par' dir='ltr' id='par_1_3' title="bbox 3605 388 3714 446">
     <span class='ocr_line' id='line_1_3' title="bbox 3605 388 3714 446; baseline 0 0"><span class='ocrx_word' id='word_1_7' title='bbox 3605 388 3714 446; x_wconf 66' lang='grc'><strong>126</strong></span> 
     </span>
    </p>
   </div>
   <div class='ocr_carea' id='block_1_4' title="bbox 407 472 2010 573">
    <p class='ocr_par' dir='ltr' id='par_1_4' title="bbox 407 472 2010 559">
     <span class='ocr_line' id='line_1_4' title="bbox 407 472 2010 559; baseline 0.004 -23"><span class='ocrx_word' id='word_1_8' title='bbox 407 481 514 537; x_wconf 73' lang='grc' dir='ltr'>τὸν</span> <span class='ocrx_word' id='word_1_9' title='bbox 550 479 778 536; x_wconf 72' lang='grc' dir='ltr'>νεανίαν</span> <span class='ocrx_word' id='word_1_10' title='bbox 806 482 1038 548; x_wconf 67' lang='grc' dir='ltr'>ἐκεῖνον,</span> <span class='ocrx_word' id='word_1_11' title='bbox 1081 480 1261 552; x_wconf 86' lang='grc' dir='ltr'>λέγων</span> <span class='ocrx_word' id='word_1_12' title='bbox 1284 500 1300 517; x_wconf 66' lang='grc' dir='ltr'>θ</span> <span class='ocrx_word' id='word_1_13' title='bbox 1347 472 1723 559; x_wconf 78' lang='grc' dir='ltr'>Κατάκαρπος</span> <span class='ocrx_word' id='word_1_14' title='bbox 1758 504 2010 559; x_wconf 79' lang='grc' dir='ltr'>κατοικη·</span> 
     </span>
    </p>
   </div>
   <div class='ocr_carea' id='block_1_5' title="bbox 2112 472 3707 573">
    <p class='ocr_par' dir='ltr' id='par_1_5' title="bbox 2119 490 3707 573">
     <span class='ocr_line' id='line_1_5' title="bbox 2119 490 3707 573; baseline 0.013 -27"><span class='ocrx_word' id='word_1_15' title='bbox 2119 490 2243 561; x_wconf 84' lang='lat' dir='ltr'><strong>ejus</strong></span> <span class='ocrx_word' id='word_1_16' title='bbox 2264 492 2327 548; x_wconf 84' lang='grc'><strong>⁷⁷.</strong></span> <span class='ocrx_word' id='word_1_17' title='bbox 2360 512 2379 545; x_wconf 73' lang='grc' dir='ltr'><strong>ι</strong></span> <span class='ocrx_word' id='word_1_18' title='bbox 2416 492 2563 561; x_wconf 85' lang='lat' dir='ltr'><strong>Quid</strong></span> <span class='ocrx_word' id='word_1_19' title='bbox 2612 496 2792 553; x_wconf 78' lang='lat' dir='ltr'><strong>vero?</strong></span> <span class='ocrx_word' id='word_1_20' title='bbox 2833 494 3022 555; x_wconf 79' lang='lat' dir='ltr'><strong>Daniel</strong></span> <span class='ocrx_word' id='word_1_21' title='bbox 3059 500 3176 573; x_wconf 87' lang='lat' dir='ltr'><strong>ipse</strong></span> <span class='ocrx_word' id='word_1_22' title='bbox 3208 504 3299 560; x_wconf 88' lang='lat' dir='ltr'><strong>cui</strong></span> <span class='ocrx_word' id='word_1_23' title='bbox 3347 505 3707 569; x_wconf 67' lang='lat' dir='ltr'><strong>admirabiles</strong></span> 
     </span>
    </p>
   </div>
   <div class='ocr_carea' id='block_1_6' title="bbox 408 571 2021 650">
    <p class='ocr_par' dir='ltr' id='par_1_6' title="bbox 408 571 2021 650">
     <span class='ocr_line' id='line_1_6' title="bbox 408 571 2021 650; baseline 0.004 -23"><span class='ocrx_word' id='word_1_24' title='bbox 408 571 651 647; x_wconf 75' lang='grc' dir='ltr'>θήσεται</span> <span class='ocrx_word' id='word_1_25' title='bbox 696 573 1075 647; x_wconf 79' lang='grc' dir='ltr'>Ἰερουσαλὴμ,</span> <span class='ocrx_word' id='word_1_26' title='bbox 1124 574 1234 630; x_wconf 78' lang='grc' dir='ltr'>ἀπὸ</span> <span class='ocrx_word' id='word_1_27' title='bbox 1278 574 1519 649; x_wconf 78' lang='grc' dir='ltr'><strong>πλήθους</strong></span> <span class='ocrx_word' id='word_1_28' title='bbox 1562 577 1887 650; x_wconf 82' lang='grc' dir='ltr'>ἀνθρώπων,</span> <span class='ocrx_word' id='word_1_29' title='bbox 1923 579 2021 634; x_wconf 80' lang='grc' dir='ltr'><strong>καὶ</strong></span> 
     </span>
    </p>
   </div>
   <div class='ocr_carea' id='block_1_7' title="bbox 407 665 2019 740">
    <p class='ocr_par' dir='ltr' id='par_1_7' title="bbox 407 665 2019 740">
     <span class='ocr_line' id='line_1_7' title="bbox 407 665 2019 740; baseline 0.003 -19"><span class='ocrx_word' id='word_1_30' title='bbox 407 665 642 739; x_wconf 77' lang='grc' dir='ltr'>κτηνῶν</span> <span class='ocrx_word' id='word_1_31' title='bbox 665 665 778 720; x_wconf 82' lang='grc' dir='ltr'><strong>τῶν</strong></span> <span class='ocrx_word' id='word_1_32' title='bbox 802 666 862 720; x_wconf 75' lang='grc' dir='ltr'><strong>έν</strong></span> <span class='ocrx_word' id='word_1_33' title='bbox 897 665 1049 738; x_wconf 82' lang='grc' dir='ltr'>μέσῳ</span> <span class='ocrx_word' id='word_1_34' title='bbox 1075 667 1264 740; x_wconf 85' lang='grc' dir='ltr'>αὐτῆς.</span> <span class='ocrx_word' id='word_1_35' title='bbox 1295 686 1314 720; x_wconf 74' lang='grc' dir='ltr'><strong>ι</strong></span> <span class='ocrx_word' id='word_1_36' title='bbox 1337 669 1403 723; x_wconf 90' lang='grc' dir='ltr'>Τί</span> <span class='ocrx_word' id='word_1_37' title='bbox 1433 668 1527 736; x_wconf 85' lang='grc' dir='ltr'>δέ;</span> <span class='ocrx_word' id='word_1_38' title='bbox 1556 670 1680 724; x_wconf 85' lang='grc' dir='ltr'>είπέ</span> <span class='ocrx_word' id='word_1_39' title='bbox 1713 687 1833 740; x_wconf 86' lang='grc' dir='ltr'>μοι·</span> <span class='ocrx_word' id='word_1_40' title='bbox 1867 671 1961 726; x_wconf 81' lang='grc' dir='ltr'><strong>καὶ</strong></span> <span class='ocrx_word' id='word_1_41' title='bbox 1989 672 2019 726; x_wconf 92' lang='lat'><strong>6</strong></span> 
     </span>
    </p>
   </div>
   <div class='ocr_carea' id='block_1_8' title="bbox 410 758 2020 835">
    <p class='ocr_par' dir='ltr' id='par_1_8' title="bbox 410 758 2020 835">
     <span class='ocr_line' id='line_1_8' title="bbox 410 758 2020 835; baseline 0.002 -22"><span class='ocrx_word' id='word_1_42' title='bbox 410 759 740 828; x_wconf 77' lang='grc' dir='ltr'>σοφώτατος</span> <span class='ocrx_word' id='word_1_43' title='bbox 771 759 971 831; x_wconf 76' lang='grc' dir='ltr'>Δανιὴλ</span> <span class='ocrx_word' id='word_1_44' title='bbox 996 762 1119 823; x_wconf 86' lang='grc' dir='ltr'>ταῖς</span> <span class='ocrx_word' id='word_1_45' title='bbox 1145 758 1496 830; x_wconf 78' lang='grc' dir='ltr'>ἀξιαγάστοις</span> <span class='ocrx_word' id='word_1_46' title='bbox 1531 761 1821 826; x_wconf 84' lang='grc' dir='ltr'>όπτασίαις</span> <span class='ocrx_word' id='word_1_47' title='bbox 1846 780 2020 835; x_wconf 64' lang='grc' dir='ltr'>προσ.</span> 
     </span>
    </p>
   </div>
   <div class='ocr_carea' id='block_1_9' title="bbox 408 852 2019 927">
    <p class='ocr_par' dir='ltr' id='par_1_9' title="bbox 408 852 2019 927">
     <span class='ocr_line' id='line_1_9' title="bbox 408 852 2019 927; baseline 0.002 -21"><span class='ocrx_word' id='word_1_48' title='bbox 408 852 603 906; x_wconf 75' lang='grc' dir='ltr'>ϐαλὼν</span> <span class='ocrx_word' id='word_1_49' title='bbox 634 853 754 924; x_wconf 63' lang='grc' dir='ltr'>οὐχὶ</span> <span class='ocrx_word' id='word_1_50' title='bbox 796 852 904 906; x_wconf 86' lang='grc' dir='ltr'><strong>τῶν</strong></span> <span class='ocrx_word' id='word_1_51' title='bbox 930 853 1225 925; x_wconf 78' lang='grc' dir='ltr'><strong>ὁρωμένων</strong></span> <span class='ocrx_word' id='word_1_52' title='bbox 1253 852 1352 925; x_wconf 75' lang='grc' dir='ltr'>τὴν</span> <span class='ocrx_word' id='word_1_53' title='bbox 1396 853 1739 925; x_wconf 74' lang='grc' dir='ltr'><strong>ἀποκάλυψιν</strong></span> <span class='ocrx_word' id='word_1_54' title='bbox 1782 855 1871 910; x_wconf 74' lang='grc' dir='ltr'>διὰ</span> <span class='ocrx_word' id='word_1_55' title='bbox 1920 855 2019 927; x_wconf 82' lang='grc' dir='ltr'>τῆς</span> 
     </span>
    </p>
   </div>
   <div class='ocr_carea' id='block_1_10' title="bbox 348 942 2014 1018">
    <p class='ocr_par' dir='ltr' id='par_1_10' title="bbox 348 942 2014 1018">
     <span class='ocr_line' id='line_1_10' title="bbox 348 942 2014 1018; baseline 0 -19"><span class='ocrx_word' id='word_1_56' title='bbox 348 996 357 1003; x_wconf 89' lang='grc'><strong>,</strong></span> <span class='ocrx_word' id='word_1_57' title='bbox 408 944 672 1013; x_wconf 80' lang='grc' dir='ltr'>ἀγγέλων</span> <span class='ocrx_word' id='word_1_58' title='bbox 718 942 1027 1016; x_wconf 76' lang='grc' dir='ltr'><strong>ἐρανίζεται</strong></span> <span class='ocrx_word' id='word_1_59' title='bbox 1071 944 1293 1013; x_wconf 84' lang='grc' dir='ltr'>φωνῆς;</span> <span class='ocrx_word' id='word_1_60' title='bbox 1329 946 1531 999; x_wconf 73' lang='grc' dir='ltr'>Ἄκουε</span> <span class='ocrx_word' id='word_1_61' title='bbox 1567 945 1675 1018; x_wconf 78' lang='grc' dir='ltr'><strong>γὰρ</strong></span> <span class='ocrx_word' id='word_1_62' title='bbox 1720 945 1974 1015; x_wconf 85' lang='grc' dir='ltr'>λέγοντος</span> <span class='ocrx_word' id='word_1_63' title='bbox 2000 962 2014 977; x_wconf 90' lang='grc'><strong>·</strong></span> 
     </span>
    </p>
   </div>
   <div class='ocr_carea' id='block_1_11' title="bbox 418 1035 2014 1110">
    <p class='ocr_par' dir='ltr' id='par_1_11' title="bbox 418 1035 2014 1110">
     <span class='ocr_line' id='line_1_11' title="bbox 418 1035 2014 1110; baseline 0.001 -22"><span class='ocrx_word' id='word_1_64' title='bbox 418 1054 442 1088; x_wconf 73' lang='grc' dir='ltr'><strong>ι</strong></span> <span class='ocrx_word' id='word_1_65' title='bbox 470 1037 583 1089; x_wconf 73' lang='grc' dir='ltr'><strong>Καὶ</strong></span> <span class='ocrx_word' id='word_1_66' title='bbox 601 1036 823 1104; x_wconf 70' lang='grc' dir='ltr'>ἐγένετο</span> <span class='ocrx_word' id='word_1_67' title='bbox 843 1037 903 1090; x_wconf 73' lang='grc' dir='ltr'>ἐν</span> <span class='ocrx_word' id='word_1_68' title='bbox 921 1035 1000 1107; x_wconf 82' lang='grc' dir='ltr'>τῷ</span> <span class='ocrx_word' id='word_1_69' title='bbox 1029 1036 1158 1090; x_wconf 78' lang='grc' dir='ltr'>ἰδεῖν</span> <span class='ocrx_word' id='word_1_70' title='bbox 1192 1055 1282 1108; x_wconf 85' lang='grc' dir='ltr'><strong>με,</strong></span> <span class='ocrx_word' id='word_1_71' title='bbox 1304 1035 1415 1106; x_wconf 68' lang='grc' dir='ltr'><strong>ἐγὼ</strong></span> <span class='ocrx_word' id='word_1_72' title='bbox 1436 1037 1658 1109; x_wconf 86' lang='grc' dir='ltr'>Δανιὴλ,</span> <span class='ocrx_word' id='word_1_73' title='bbox 1683 1039 1781 1110; x_wconf 78' lang='grc' dir='ltr'>τὴν</span> <span class='ocrx_word' id='word_1_74' title='bbox 1803 1039 2014 1110; x_wconf 79' lang='grc' dir='ltr'>ὅρασιν,</span> 
     </span>
    </p>
   </div>
   <div class='ocr_carea' id='block_1_12' title="bbox 416 1127 2016 1200">
    <p class='ocr_par' dir='ltr' id='par_1_12' title="bbox 416 1127 2016 1200">
     <span class='ocr_line' id='line_1_12' title="bbox 416 1127 2016 1200; baseline 0.001 -18"><span class='ocrx_word' id='word_1_75' title='bbox 416 1128 514 1182; x_wconf 77' lang='grc' dir='ltr'><strong>καὶ</strong></span> <span class='ocrx_word' id='word_1_76' title='bbox 565 1128 799 1199; x_wconf 72' lang='grc' dir='ltr'>ἐζήτουν</span> <span class='ocrx_word' id='word_1_77' title='bbox 854 1127 1069 1182; x_wconf 83' lang='grc' dir='ltr'>σύνεσιν</span> <span class='ocrx_word' id='word_1_78' title='bbox 1096 1143 1110 1157; x_wconf 84' lang='grc'><strong>·</strong></span> <span class='ocrx_word' id='word_1_79' title='bbox 1164 1129 1257 1182; x_wconf 80' lang='grc' dir='ltr'><strong>καὶ</strong></span> <span class='ocrx_word' id='word_1_80' title='bbox 1300 1130 1410 1183; x_wconf 84' lang='grc' dir='ltr'>ίδοὺ</span> <span class='ocrx_word' id='word_1_81' title='bbox 1460 1127 1592 1200; x_wconf 71' lang='grc' dir='ltr'>ἔστη</span> <span class='ocrx_word' id='word_1_82' title='bbox 1631 1130 1860 1184; x_wconf 78' lang='grc' dir='ltr'>ἐνώπιόν</span> <span class='ocrx_word' id='word_1_83' title='bbox 1913 1146 2016 1200; x_wconf 83' lang='grc' dir='ltr'><strong>μου</strong></span> 
     </span>
    </p>
   </div>
   <div class='ocr_carea' id='block_1_13' title="bbox 412 1219 2016 1293">
    <p class='ocr_par' dir='ltr' id='par_1_13' title="bbox 412 1219 2016 1293">
     <span class='ocr_line' id='line_1_13' title="bbox 412 1219 2016 1293; baseline 0.002 -20"><span class='ocrx_word' id='word_1_84' title='bbox 412 1221 493 1284; x_wconf 81' lang='grc' dir='ltr'><strong>ὡς</strong></span> <span class='ocrx_word' id='word_1_85' title='bbox 535 1222 732 1293; x_wconf 74' lang='grc' dir='ltr'>ὅρασις</span> <span class='ocrx_word' id='word_1_86' title='bbox 776 1220 1003 1290; x_wconf 81' lang='grc' dir='ltr'>ἀνδρὸς,</span> <span class='ocrx_word' id='word_1_87' title='bbox 1052 1221 1147 1276; x_wconf 81' lang='grc' dir='ltr'><strong>καὶ</strong></span> <span class='ocrx_word' id='word_1_88' title='bbox 1190 1222 1400 1292; x_wconf 70' lang='grc' dir='ltr'>ἥκουσα</span> <span class='ocrx_word' id='word_1_89' title='bbox 1445 1220 1631 1293; x_wconf 82' lang='grc' dir='ltr'>φωνὴν</span> <span class='ocrx_word' id='word_1_90' title='bbox 1675 1220 1866 1291; x_wconf 78' lang='grc' dir='ltr'>ἀνδρὸς</span> <span class='ocrx_word' id='word_1_91' title='bbox 1912 1219 2016 1276; x_wconf 85' lang='grc' dir='ltr'><strong>ἀνά</strong></span> 
     </span>
    </p>
   </div>
   <div class='ocr_carea' id='block_1_14' title="bbox 410 1309 2012 1385">
    <p class='ocr_par' dir='ltr' id='par_1_14' title="bbox 410 1309 2012 1385">
     <span class='ocr_line' id='line_1_14' title="bbox 410 1309 2012 1385; baseline -0.001 -20"><span class='ocrx_word' id='word_1_92' title='bbox 410 1311 585 1379; x_wconf 82' lang='grc' dir='ltr'><strong>μέσον</strong></span> <span class='ocrx_word' id='word_1_93' title='bbox 614 1309 712 1365; x_wconf 88' lang='grc' dir='ltr'><strong>τοῦ</strong></span> <span class='ocrx_word' id='word_1_94' title='bbox 744 1311 948 1379; x_wconf 75' lang='grc' dir='ltr'>Οὐσὰλ,</span> <span class='ocrx_word' id='word_1_95' title='bbox 995 1314 1093 1367; x_wconf 75' lang='grc' dir='ltr'><strong>καὶ</strong></span> <span class='ocrx_word' id='word_1_96' title='bbox 1138 1312 1387 1379; x_wconf 73' lang='grc' dir='ltr'>ἐκάλεσε,</span> <span class='ocrx_word' id='word_1_97' title='bbox 1423 1312 1516 1368; x_wconf 79' lang='grc' dir='ltr'>καὶ</span> <span class='ocrx_word' id='word_1_98' title='bbox 1557 1309 1677 1366; x_wconf 85' lang='grc' dir='ltr'>εἷπε</span> <span class='ocrx_word' id='word_1_99' title='bbox 1704 1329 1719 1343; x_wconf 77' lang='grc'><em>’</em></span> <span class='ocrx_word' id='word_1_100' title='bbox 1750 1310 2012 1385; x_wconf 76' lang='grc' dir='ltr'>Γαϐριὴλ,</span> 
     </span>
    </p>
   </div>
   <div class='ocr_carea' id='block_1_15' title="bbox 406 1398 2015 1476">
    <p class='ocr_par' dir='ltr' id='par_1_15' title="bbox 406 1398 2015 1476">
     <span class='ocr_line' id='line_1_15' title="bbox 406 1398 2015 1476; baseline 0.002 -20"><span class='ocrx_word' id='word_1_101' title='bbox 406 1403 702 1457; x_wconf 85' lang='grc' dir='ltr'>συνέτισον</span> <span class='ocrx_word' id='word_1_102' title='bbox 744 1398 952 1458; x_wconf 72' lang='grc' dir='ltr'>ἐκεῖνον</span> <span class='ocrx_word' id='word_1_103' title='bbox 1000 1404 1102 1476; x_wconf 81' lang='grc' dir='ltr'>τὴν</span> <span class='ocrx_word' id='word_1_104' title='bbox 1148 1405 1357 1476; x_wconf 82' lang='grc' dir='ltr'>ὅρασιν.</span> <span class='ocrx_word' id='word_1_105' title='bbox 1398 1424 1418 1458; x_wconf 76' lang='grc' dir='ltr'><strong>ι</strong></span> <span class='ocrx_word' id='word_1_106' title='bbox 1478 1404 1687 1459; x_wconf 78' lang='grc' dir='ltr'>Οὐκοῦν</span> <span class='ocrx_word' id='word_1_107' title='bbox 1735 1404 1910 1459; x_wconf 72' lang='grc' dir='ltr'>ἔνεστι</span> <span class='ocrx_word' id='word_1_108' title='bbox 1952 1404 2015 1459; x_wconf 81' lang='grc' dir='ltr'>τὸ</span> 
     </span>
    </p>
   </div>
   <div class='ocr_carea' id='block_1_16' title="bbox 403 1495 2012 1567">
    <p class='ocr_par' dir='ltr' id='par_1_16' title="bbox 403 1495 2012 1567">
     <span class='ocr_line' id='line_1_16' title="bbox 403 1495 2012 1567; baseline 0.001 -19"><span class='ocrx_word' id='word_1_109' title='bbox 403 1495 682 1550; x_wconf 83' lang='grc' dir='ltr'>δύνασθαι</span> <span class='ocrx_word' id='word_1_110' title='bbox 731 1496 988 1566; x_wconf 76' lang='grc' dir='ltr'><strong>φωτίζειν</strong></span> <span class='ocrx_word' id='word_1_111' title='bbox 1031 1496 1308 1565; x_wconf 81' lang='grc' dir='ltr'>ἀγγέλοις.</span> <span class='ocrx_word' id='word_1_112' title='bbox 1357 1496 1453 1550; x_wconf 78' lang='grc' dir='ltr'><strong>καὶ</strong></span> <span class='ocrx_word' id='word_1_113' title='bbox 1498 1497 1559 1550; x_wconf 86' lang='grc' dir='ltr'>οὐ</span> <span class='ocrx_word' id='word_1_114' title='bbox 1611 1495 1772 1567; x_wconf 88' lang='grc' dir='ltr'>μόνον</span> <span class='ocrx_word' id='word_1_115' title='bbox 1804 1496 2012 1561; x_wconf 80' lang='grc' dir='ltr'>αὐτοῖς,</span> 
     </span>
    </p>
   </div>
   <div class='ocr_carea' id='block_1_17' title="bbox 405 1587 2012 1661">
    <p class='ocr_par' dir='ltr' id='par_1_17' title="bbox 405 1587 2012 1661">
     <span class='ocr_line' id='line_1_17' title="bbox 405 1587 2012 1661; baseline 0.001 -19"><span class='ocrx_word' id='word_1_116' title='bbox 405 1589 539 1647; x_wconf 77' lang='grc' dir='ltr'>ἀλλ’</span> <span class='ocrx_word' id='word_1_117' title='bbox 574 1588 679 1660; x_wconf 75' lang='grc' dir='ltr'><strong>ἢδη</strong></span> <span class='ocrx_word' id='word_1_118' title='bbox 721 1587 814 1643; x_wconf 78' lang='grc' dir='ltr'><strong>καὶ</strong></span> <span class='ocrx_word' id='word_1_119' title='bbox 844 1587 1134 1657; x_wconf 79' lang='grc' dir='ltr'>ἄνθρωπος</span> <span class='ocrx_word' id='word_1_120' title='bbox 1165 1588 1258 1644; x_wconf 79' lang='grc' dir='ltr'>τὸν</span> <span class='ocrx_word' id='word_1_121' title='bbox 1297 1587 1358 1655; x_wconf 72' lang='grc' dir='ltr'><strong>ἐξ</strong></span> <span class='ocrx_word' id='word_1_122' title='bbox 1388 1588 1678 1661; x_wconf 75' lang='grc' dir='ltr'>ἀνθρώπου</span> <span class='ocrx_word' id='word_1_123' title='bbox 1708 1587 2012 1653; x_wconf 79' lang='grc' dir='ltr'>δανείζεται</span> 
     </span>
    </p>
   </div>
   <div class='ocr_carea' id='block_1_18' title="bbox 405 1677 2013 1752">
    <p class='ocr_par' dir='ltr' id='par_1_18' title="bbox 405 1677 2013 1752">
     <span class='ocr_line' id='line_1_18' title="bbox 405 1677 2013 1752; baseline -0.001 -18"><span class='ocrx_word' id='word_1_124' title='bbox 405 1680 724 1752; x_wconf 79' lang='grc' dir='ltr'>φωτισμόν.</span> <span class='ocrx_word' id='word_1_125' title='bbox 767 1680 878 1733; x_wconf 68' lang='grc' dir='ltr'>Καὶ.</span> <span class='ocrx_word' id='word_1_126' title='bbox 913 1677 1047 1748; x_wconf 87' lang='grc' dir='ltr'>γοῦν</span> <span class='ocrx_word' id='word_1_127' title='bbox 1084 1680 1113 1734; x_wconf 97' lang='lat'><strong>6</strong></span> <span class='ocrx_word' id='word_1_128' title='bbox 1156 1678 1466 1751; x_wconf 75' lang='grc' dir='ltr'>φιλομαθὴς</span> <span class='ocrx_word' id='word_1_129' title='bbox 1506 1681 1712 1743; x_wconf 75' lang='grc' dir='ltr'>ἐκεῖνος</span> <span class='ocrx_word' id='word_1_130' title='bbox 1756 1677 2013 1750; x_wconf 84' lang='grc' dir='ltr'>εὐνοῦχος</span> 
     </span>
    </p>
   </div>
   <div class='ocr_carea' id='block_1_19' title="bbox 401 1768 2011 1843">
    <p class='ocr_par' dir='ltr' id='par_1_19' title="bbox 401 1768 2011 1843">
     <span class='ocr_line' id='line_1_19' title="bbox 401 1768 2011 1843; baseline -0.002 -16"><span class='ocrx_word' id='word_1_131' title='bbox 401 1772 510 1837; x_wconf 78' lang='grc' dir='ltr'><strong>τὰς</strong></span> <span class='ocrx_word' id='word_1_132' title='bbox 561 1770 693 1841; x_wconf 77' lang='grc' dir='ltr'>περὶ</span> <span class='ocrx_word' id='word_1_133' title='bbox 734 1768 830 1824; x_wconf 88' lang='grc' dir='ltr'><strong>τοῦ</strong></span> <span class='ocrx_word' id='word_1_134' title='bbox 873 1769 1132 1842; x_wconf 60' lang='grc' dir='ltr'>ὶὶυτῆρος</span> <span class='ocrx_word' id='word_1_135' title='bbox 1164 1769 1324 1841; x_wconf 83' lang='grc' dir='ltr'>ἡμῶν</span> <span class='ocrx_word' id='word_1_136' title='bbox 1364 1769 1700 1843; x_wconf 80' lang='grc' dir='ltr'><strong>προφητείας</strong></span> <span class='ocrx_word' id='word_1_137' title='bbox 1732 1769 1793 1822; x_wconf 83' lang='grc' dir='ltr'>οὐ</span> <span class='ocrx_word' id='word_1_138' title='bbox 1829 1770 2011 1833; x_wconf 78' lang='grc' dir='ltr'>συνεὶς</span> 
     </span>
    </p>
   </div>
   <div class='ocr_carea' id='block_1_20' title="bbox 400 1860 2011 1936">
    <p class='ocr_par' dir='ltr' id='par_1_20' title="bbox 400 1860 2011 1936">
     <span class='ocr_line' id='line_1_20' title="bbox 400 1860 2011 1936; baseline -0.002 -19"><span class='ocrx_word' id='word_1_139' title='bbox 400 1862 482 1935; x_wconf 88' lang='grc' dir='ltr'>τῷ</span> <span class='ocrx_word' id='word_1_140' title='bbox 500 1862 760 1932; x_wconf 66' lang='grc' dir='ltr'>Φιλίππῳ</span> <span class='ocrx_word' id='word_1_141' title='bbox 782 1862 939 1936; x_wconf 82' lang='grc' dir='ltr'>φησί·</span> <span class='ocrx_word' id='word_1_142' title='bbox 957 1861 1193 1933; x_wconf 75' lang='grc' dir='ltr'>«Δέομαί</span> <span class='ocrx_word' id='word_1_143' title='bbox 1216 1878 1331 1931; x_wconf 82' lang='grc' dir='ltr'>σου,</span> <span class='ocrx_word' id='word_1_144' title='bbox 1355 1860 1485 1933; x_wconf 76' lang='grc' dir='ltr'>περὶ</span> <span class='ocrx_word' id='word_1_145' title='bbox 1503 1861 1648 1925; x_wconf 89' lang='grc' dir='ltr'>τίνος</span> <span class='ocrx_word' id='word_1_146' title='bbox 1671 1864 1700 1915; x_wconf 89' lang='lat'><strong>6</strong></span> <span class='ocrx_word' id='word_1_147' title='bbox 1725 1862 2011 1933; x_wconf 77' lang='grc' dir='ltr'>προφήτης</span> 
     </span>
    </p>
   </div>
   <div class='ocr_carea' id='block_1_21' title="bbox 402 1950 2009 2025">
    <p class='ocr_par' dir='ltr' id='par_1_21' title="bbox 402 1950 2009 2025">
     <span class='ocr_line' id='line_1_21' title="bbox 402 1950 2009 2025; baseline -0.002 -18"><span class='ocrx_word' id='word_1_148' title='bbox 402 1953 581 2023; x_wconf 77' lang='grc' dir='ltr'>λέγει.</span> <span class='ocrx_word' id='word_1_149' title='bbox 624 1954 760 2025; x_wconf 64' lang='grc' dir='ltr'><strong>περ)⁸</strong></span> <span class='ocrx_word' id='word_1_150' title='bbox 803 1952 1027 2017; x_wconf 78' lang='grc' dir='ltr'>ἑαυτοῦ,</span> <span class='ocrx_word' id='word_1_151' title='bbox 1062 1951 1094 2024; x_wconf 80' lang='grc' dir='ltr'>ἢ</span> <span class='ocrx_word' id='word_1_152' title='bbox 1128 1953 1257 2024; x_wconf 76' lang='grc' dir='ltr'>περὶ</span> <span class='ocrx_word' id='word_1_153' title='bbox 1299 1952 1488 2023; x_wconf 79' lang='grc' dir='ltr'>ἐτέρου</span> <span class='ocrx_word' id='word_1_154' title='bbox 1524 1950 1708 2017; x_wconf 84' lang='grc' dir='ltr'>τινός;</span> <span class='ocrx_word' id='word_1_155' title='bbox 1745 1970 1767 2005; x_wconf 73' lang='grc' dir='ltr'><strong>ι</strong></span> <span class='ocrx_word' id='word_1_156' title='bbox 1814 1951 1926 2005; x_wconf 81' lang='grc' dir='ltr'>Καὶ</span> <span class='ocrx_word' id='word_1_157' title='bbox 1959 1952 2009 2004; x_wconf 77' lang='lat' dir='ltr'><strong>oi</strong></span> 
     </span>
    </p>
   </div>
   <div class='ocr_carea' id='block_1_22' title="bbox 410 2045 2010 2119">
    <p class='ocr_par' dir='ltr' id='par_1_22' title="bbox 410 2045 2010 2119">
     <span class='ocr_line' id='line_1_22' title="bbox 410 2045 2010 2119; baseline 0.006 -17"><span class='ocrx_word' id='word_1_158' title='bbox 410 2050 530 2113; x_wconf 87' lang='grc' dir='ltr'>τοῖς</span> <span class='ocrx_word' id='word_1_159' title='bbox 565 2048 710 2102; x_wconf 79' lang='grc' dir='ltr'>κατά</span> <span class='ocrx_word' id='word_1_160' title='bbox 755 2047 848 2102; x_wconf 82' lang='grc' dir='ltr'>τὸν</span> <span class='ocrx_word' id='word_1_161' title='bbox 892 2047 1010 2119; x_wconf 79' lang='grc' dir='ltr'>βίον</span> <span class='ocrx_word' id='word_1_162' title='bbox 1051 2045 1365 2101; x_wconf 81' lang='grc' dir='ltr'>διδάσκαλοι</span> <span class='ocrx_word' id='word_1_163' title='bbox 1410 2045 1862 2117; x_wconf 74' lang='grc' dir='ltr'>προστρέχοντες,</span> <span class='ocrx_word' id='word_1_164' title='bbox 1909 2046 2010 2116; x_wconf 72' lang='grc' dir='ltr'>οὐκ</span> 
     </span>
    </p>
   </div>
   <div class='ocr_carea' id='block_1_23' title="bbox 408 2135 2006 2215">
    <p class='ocr_par' dir='ltr' id='par_1_23' title="bbox 408 2135 2006 2215">
     <span class='ocr_line' id='line_1_23' title="bbox 408 2135 2006 2215; baseline -0.005 -19"><span class='ocrx_word' id='word_1_165' title='bbox 408 2142 600 2215; x_wconf 65' lang='grc' dir='ltr'>ἐτέρου</span> <span class='ocrx_word' id='word_1_166' title='bbox 643 2140 792 2204; x_wconf 82' lang='grc' dir='ltr'>τινὸς</span> <span class='ocrx_word' id='word_1_167' title='bbox 816 2181 831 2204; x_wconf 86' lang='grc'><strong>,</strong></span> <span class='ocrx_word' id='word_1_168' title='bbox 886 2135 1067 2210; x_wconf 81' lang='grc' dir='ltr'>οἶμαι,</span> <span class='ocrx_word' id='word_1_169' title='bbox 1114 2140 1306 2211; x_wconf 82' lang='grc' dir='ltr'>χάριν,</span> <span class='ocrx_word' id='word_1_170' title='bbox 1352 2137 1544 2191; x_wconf 84' lang='grc' dir='ltr'>τούτου</span> <span class='ocrx_word' id='word_1_171' title='bbox 1594 2135 1652 2190; x_wconf 84' lang='grc' dir='ltr'>δὲ</span> <span class='ocrx_word' id='word_1_172' title='bbox 1704 2136 1799 2189; x_wconf 73' lang='grc' dir='ltr'><strong>καὶ</strong></span> <span class='ocrx_word' id='word_1_173' title='bbox 1844 2136 2006 2207; x_wconf 80' lang='grc' dir='ltr'>μόνου</span> 
     </span>
    </p>
   </div>
   <div class='ocr_carea' id='block_1_24' title="bbox 405 2227 2007 2307">
    <p class='ocr_par' dir='ltr' id='par_1_24' title="bbox 405 2227 2007 2307">
     <span class='ocr_line' id='line_1_24' title="bbox 405 2227 2007 2307; baseline -0.004 -19"><span class='ocrx_word' id='word_1_174' title='bbox 405 2235 721 2307; x_wconf 85' lang='grc' dir='ltr'>προσίασιν.</span> <span class='ocrx_word' id='word_1_175' title='bbox 766 2231 930 2288; x_wconf 81' lang='grc' dir='ltr'>Ἀλλά</span> <span class='ocrx_word' id='word_1_176' title='bbox 968 2233 1023 2285; x_wconf 90' lang='grc' dir='ltr'><strong>τί</strong></span> <span class='ocrx_word' id='word_1_177' title='bbox 1060 2231 1127 2302; x_wconf 74' lang='grc' dir='ltr'>δὴ</span> <span class='ocrx_word' id='word_1_178' title='bbox 1157 2230 1368 2294; x_wconf 83' lang='grc' dir='ltr'>τούτοις</span> <span class='ocrx_word' id='word_1_179' title='bbox 1410 2229 1839 2302; x_wconf 74' lang='grc' dir='ltr'>ὲνδιατρίὸομεν,</span> <span class='ocrx_word' id='word_1_180' title='bbox 1886 2227 2007 2294; x_wconf 76' lang='grc' dir='ltr'><strong>ἐξὸν</strong></span> 
     </span>
    </p>
   </div>
   <div class='ocr_carea' id='block_1_25' title="bbox 399 2319 2008 2396">
    <p class='ocr_par' dir='ltr' id='par_1_25' title="bbox 399 2319 2008 2396">
     <span class='ocr_line' id='line_1_25' title="bbox 399 2319 2008 2396; baseline -0.007 -13"><span class='ocrx_word' id='word_1_181' title='bbox 399 2323 848 2383; x_wconf 81' lang='grc' dir='ltr'>ἀπαλλάττεσθαι</span> <span class='ocrx_word' id='word_1_182' title='bbox 886 2322 1110 2396; x_wconf 64' lang='grc' dir='ltr'>ῥᾳδίως,</span> <span class='ocrx_word' id='word_1_183' title='bbox 1148 2323 1326 2377; x_wconf 75' lang='grc' dir='ltr'>ἐκεῖνο</span> <span class='ocrx_word' id='word_1_184' title='bbox 1361 2319 1710 2394; x_wconf 79' lang='grc' dir='ltr'>παραθέντας</span> <span class='ocrx_word' id='word_1_185' title='bbox 1744 2322 1825 2385; x_wconf 84' lang='grc' dir='ltr'><strong>εἰς</strong></span> <span class='ocrx_word' id='word_1_186' title='bbox 1866 2319 2008 2374; x_wconf 84' lang='grc' dir='ltr'>ἀπό-</span> 
     </span>
    </p>
   </div>
   <div class='ocr_carea' id='block_1_26' title="bbox 396 2413 2009 2489">
    <p class='ocr_par' dir='ltr' id='par_1_26' title="bbox 396 2413 2009 2489">
     <span class='ocr_line' id='line_1_26' title="bbox 396 2413 2009 2489; baseline -0.005 -14"><span class='ocrx_word' id='word_1_187' title='bbox 396 2419 573 2487; x_wconf 75' lang='grc' dir='ltr'>δειξιν</span> <span class='ocrx_word' id='word_1_188' title='bbox 599 2418 662 2473; x_wconf 82' lang='grc' dir='ltr'>τὸ</span> <span class='ocrx_word' id='word_1_189' title='bbox 705 2416 861 2489; x_wconf 85' lang='grc' dir='ltr'><strong>παρά</strong></span> <span class='ocrx_word' id='word_1_190' title='bbox 888 2415 987 2471; x_wconf 88' lang='grc' dir='ltr'><strong>τοῦ</strong></span> <span class='ocrx_word' id='word_1_191' title='bbox 1018 2415 1271 2487; x_wconf 85' lang='grc' dir='ltr'>Σωτῆρος</span> <span class='ocrx_word' id='word_1_192' title='bbox 1298 2414 1456 2486; x_wconf 80' lang='grc' dir='ltr'>ἡμῶν</span> <span class='ocrx_word' id='word_1_193' title='bbox 1486 2413 1627 2486; x_wconf 81' lang='grc' dir='ltr'>πρὸς</span> <span class='ocrx_word' id='word_1_194' title='bbox 1657 2414 1787 2477; x_wconf 81' lang='grc' dir='ltr'>τοὺς</span> <span class='ocrx_word' id='word_1_195' title='bbox 1818 2413 2009 2483; x_wconf 79' lang='grc' dir='ltr'>ἁγίους</span> 
     </span>
    </p>
   </div>
   <div class='ocr_carea' id='block_1_27' title="bbox 394 2504 2007 2585">
    <p class='ocr_par' dir='ltr' id='par_1_27' title="bbox 394 2504 2007 2585">
     <span class='ocr_line' id='line_1_27' title="bbox 394 2504 2007 2585; baseline -0.006 -17"><span class='ocrx_word' id='word_1_196' title='bbox 394 2512 700 2585; x_wconf 71' lang='grc' dir='ltr'>εἰρημένον</span> <span class='ocrx_word' id='word_1_197' title='bbox 743 2509 1079 2574; x_wconf 77' lang='grc' dir='ltr'>ἀποστόλους</span> <span class='ocrx_word' id='word_1_198' title='bbox 1103 2524 1119 2541; x_wconf 74' lang='grc' dir='ltr'><strong>ο</strong></span> <span class='ocrx_word' id='word_1_199' title='bbox 1177 2526 1198 2561; x_wconf 84' lang='grc' dir='ltr'><strong>ι</strong></span> <span class='ocrx_word' id='word_1_200' title='bbox 1234 2508 1424 2579; x_wconf 85' lang='grc' dir='ltr'>Ὑμεῖς</span> <span class='ocrx_word' id='word_1_201' title='bbox 1476 2508 1602 2562; x_wconf 83' lang='grc' dir='ltr'>ὲστε</span> <span class='ocrx_word' id='word_1_202' title='bbox 1642 2506 1704 2560; x_wconf 84' lang='grc' dir='ltr'>τὸ</span> <span class='ocrx_word' id='word_1_203' title='bbox 1747 2506 1863 2575; x_wconf 82' lang='grc' dir='ltr'>φῶς</span> <span class='ocrx_word' id='word_1_204' title='bbox 1910 2504 2007 2560; x_wconf 85' lang='grc' dir='ltr'><strong>τοῦ</strong></span> 
     </span>
    </p>
   </div>
   <div class='ocr_carea' id='block_1_28' title="bbox 395 2598 2012 2675">
    <p class='ocr_par' dir='ltr' id='par_1_28' title="bbox 395 2598 2012 2675">
     <span class='ocr_line' id='line_1_28' title="bbox 395 2598 2012 2675; baseline -0.002 -16"><span class='ocrx_word' id='word_1_205' title='bbox 395 2605 647 2675; x_wconf 75' lang='grc' dir='ltr'>κόσμους</span> <span class='ocrx_word' id='word_1_206' title='bbox 683 2620 705 2655; x_wconf 74' lang='grc' dir='ltr'><strong>ι</strong></span> <span class='ocrx_word' id='word_1_207' title='bbox 734 2600 981 2657; x_wconf 82' lang='grc' dir='ltr'>Τοιαῦτα</span> <span class='ocrx_word' id='word_1_208' title='bbox 1014 2603 1113 2673; x_wconf 78' lang='grc' dir='ltr'>μὲν</span> <span class='ocrx_word' id='word_1_209' title='bbox 1153 2601 1219 2674; x_wconf 87' lang='grc' dir='ltr'>δή</span> <span class='ocrx_word' id='word_1_210' title='bbox 1266 2617 1351 2665; x_wconf 87' lang='grc' dir='ltr'><strong>τις</strong></span> <span class='ocrx_word' id='word_1_211' title='bbox 1393 2600 1535 2655; x_wconf 83' lang='grc' dir='ltr'>κατά</span> <span class='ocrx_word' id='word_1_212' title='bbox 1576 2600 1639 2653; x_wconf 84' lang='grc' dir='ltr'>τὸ</span> <span class='ocrx_word' id='word_1_213' title='bbox 1678 2598 1827 2664; x_wconf 79' lang='grc' dir='ltr'>είκδς</span> <span class='ocrx_word' id='word_1_214' title='bbox 1872 2601 2012 2655; x_wconf 70' lang='lat'><strong>67:1-</strong></span> 
     </span>
    </p>
   </div>
   <div class='ocr_carea' id='block_1_29' title="bbox 393 2690 2011 2772">
    <p class='ocr_par' dir='ltr' id='par_1_29' title="bbox 393 2690 2011 2772">
     <span class='ocr_line' id='line_1_29' title="bbox 393 2690 2011 2772; baseline -0.004 -20"><span class='ocrx_word' id='word_1_215' title='bbox 393 2698 656 2772; x_wconf 81' lang='grc' dir='ltr'>πορήσας</span> <span class='ocrx_word' id='word_1_216' title='bbox 678 2697 815 2767; x_wconf 78' lang='grc' dir='ltr'>ἐρεῖ.</span> <span class='ocrx_word' id='word_1_217' title='bbox 845 2694 997 2767; x_wconf 87' lang='grc' dir='ltr'><strong>παρά</strong></span> <span class='ocrx_word' id='word_1_218' title='bbox 1022 2693 1079 2748; x_wconf 83' lang='grc' dir='ltr'>δὲ</span> <span class='ocrx_word' id='word_1_219' title='bbox 1112 2693 1272 2766; x_wconf 84' lang='grc' dir='ltr'>ἡμῶν</span> <span class='ocrx_word' id='word_1_220' title='bbox 1295 2690 1717 2749; x_wconf 78' lang='grc' dir='ltr'>ἀντακούσεταιο</span> <span class='ocrx_word' id='word_1_221' title='bbox 1766 2692 1855 2746; x_wconf 87' lang='grc' dir='ltr'>Ἐν</span> <span class='ocrx_word' id='word_1_222' title='bbox 1887 2708 2011 2746; x_wconf 90' lang='grc' dir='ltr'>συν-</span> 
     </span>
    </p>
   </div>
   <div class='ocr_carea' id='block_1_30' title="bbox 400 2778 2009 2858">
    <p class='ocr_par' dir='ltr' id='par_1_30' title="bbox 400 2778 2009 2858">
     <span class='ocr_line' id='line_1_30' title="bbox 400 2778 2009 2858; baseline -0.002 -15"><span class='ocrx_word' id='word_1_223' title='bbox 400 2789 555 2844; x_wconf 74' lang='grc' dir='ltr'>θέσει</span> <span class='ocrx_word' id='word_1_224' title='bbox 582 2789 655 2843; x_wconf 85' lang='grc' dir='ltr'>τὰ</span> <span class='ocrx_word' id='word_1_225' title='bbox 686 2786 834 2841; x_wconf 80' lang='grc' dir='ltr'><strong>κατά</strong></span> <span class='ocrx_word' id='word_1_226' title='bbox 858 2786 959 2858; x_wconf 77' lang='grc' dir='ltr'>τὴν</span> <span class='ocrx_word' id='word_1_227' title='bbox 987 2785 1165 2841; x_wconf 81' lang='grc' dir='ltr'>κτίσιν</span> <span class='ocrx_word' id='word_1_228' title='bbox 1192 2784 1432 2857; x_wconf 80' lang='grc' dir='ltr'>ὁρῶμεν,</span> <span class='ocrx_word' id='word_1_229' title='bbox 1456 2778 1503 2839; x_wconf 84' lang='grc' dir='ltr'>ὧ</span> <span class='ocrx_word' id='word_1_230' title='bbox 1531 2778 1705 2850; x_wconf 75' lang='grc' dir='ltr'>οὗτος,</span> <span class='ocrx_word' id='word_1_231' title='bbox 1736 2784 1832 2838; x_wconf 75' lang='grc' dir='ltr'><strong>καὶ</strong></span> <span class='ocrx_word' id='word_1_232' title='bbox 1854 2782 2009 2839; x_wconf 82' lang='grc' dir='ltr'>οὐδὲν</span> 
     </span>
    </p>
   </div>
   <div class='ocr_carea' id='block_1_31' title="bbox 403 2875 2009 2954">
    <p class='ocr_par' dir='ltr' id='par_1_31' title="bbox 403 2875 2009 2954">
     <span class='ocr_line' id='line_1_31' title="bbox 403 2875 2009 2954; baseline -0.006 -17"><span class='ocrx_word' id='word_1_233' title='bbox 403 2883 466 2937; x_wconf 71' lang='grc' dir='ltr'>ιν</span> <span class='ocrx_word' id='word_1_234' title='bbox 497 2881 634 2954; x_wconf 70' lang='grc' dir='ltr'>αὐτῇ</span> <span class='ocrx_word' id='word_1_235' title='bbox 671 2880 736 2935; x_wconf 81' lang='grc' dir='ltr'>τὸ</span> <span class='ocrx_word' id='word_1_236' title='bbox 769 2878 977 2935; x_wconf 86' lang='grc' dir='ltr'>ἁπλοῦν</span> <span class='ocrx_word' id='word_1_237' title='bbox 1001 2895 1014 2909; x_wconf 76' lang='grc' dir='ltr'><strong>ο</strong></span> <span class='ocrx_word' id='word_1_238' title='bbox 1066 2876 1266 2942; x_wconf 72' lang='grc' dir='ltr'>οὐκοῦν</span> <span class='ocrx_word' id='word_1_239' title='bbox 1299 2880 1328 2933; x_wconf 92' lang='lat'><strong>6</strong></span> <span class='ocrx_word' id='word_1_240' title='bbox 1361 2876 1559 2947; x_wconf 84' lang='grc' dir='ltr'>σοφοῦν</span> <span class='ocrx_word' id='word_1_241' title='bbox 1589 2875 1809 2947; x_wconf 80' lang='grc' dir='ltr'>ἑτέρους</span> <span class='ocrx_word' id='word_1_242' title='bbox 1851 2875 2009 2943; x_wconf 69' lang='grc' dir='ltr'>δυνά-</span> 
     </span>
    </p>
   </div>
   <div class='ocr_carea' id='block_1_32' title="bbox 394 2966 2007 3047">
    <p class='ocr_par' dir='ltr' id='par_1_32' title="bbox 394 2966 2007 3047">
     <span class='ocr_line' id='line_1_32' title="bbox 394 2966 2007 3047; baseline -0.006 -18"><span class='ocrx_word' id='word_1_243' title='bbox 394 2991 589 3047; x_wconf 73' lang='grc' dir='ltr'>μενος,</span> <span class='ocrx_word' id='word_1_244' title='bbox 614 2974 779 3043; x_wconf 77' lang='grc' dir='ltr'>εἴπερ</span> <span class='ocrx_word' id='word_1_245' title='bbox 824 2971 912 3043; x_wconf 73' lang='grc' dir='ltr'>εἴη</span> <span class='ocrx_word' id='word_1_246' title='bbox 960 2971 1211 3042; x_wconf 81' lang='grc' dir='ltr'>γενητὸς,</span> <span class='ocrx_word' id='word_1_247' title='bbox 1258 2970 1361 3024; x_wconf 80' lang='grc' dir='ltr'><strong>οὐκ</strong></span> <span class='ocrx_word' id='word_1_248' title='bbox 1434 2966 1764 3040; x_wconf 81' lang='grc' dir='ltr'>αὑτόχρημά</span> <span class='ocrx_word' id='word_1_249' title='bbox 1796 2968 1943 3021; x_wconf 79' lang='grc' dir='ltr'>ἐστιν</span> <span class='ocrx_word' id='word_1_250' title='bbox 1972 2968 2007 3038; x_wconf 82' lang='grc' dir='ltr'><strong>ἠ</strong></span> 
     </span>
    </p>
   </div>
   <div class='ocr_carea' id='block_1_33' title="bbox 390 3060 2002 3139">
    <p class='ocr_par' dir='ltr' id='par_1_33' title="bbox 390 3060 2002 3139">
     <span class='ocr_line' id='line_1_33' title="bbox 390 3060 2002 3139; baseline -0.004 -20"><span class='ocrx_word' id='word_1_251' title='bbox 390 3068 592 3139; x_wconf 76' lang='grc' dir='ltr'>σοφία,</span> <span class='ocrx_word' id='word_1_252' title='bbox 636 3066 775 3122; x_wconf 88' lang='grc' dir='ltr'><strong>ἀλλά</strong></span> <span class='ocrx_word' id='word_1_253' title='bbox 802 3065 907 3135; x_wconf 84' lang='grc' dir='ltr'>τῆς</span> <span class='ocrx_word' id='word_1_254' title='bbox 952 3063 1184 3137; x_wconf 66' lang='grc' dir='ltr'>ἐνούσης</span> <span class='ocrx_word' id='word_1_255' title='bbox 1210 3064 1271 3119; x_wconf 79' lang='grc' dir='ltr'>ὲν</span> <span class='ocrx_word' id='word_1_256' title='bbox 1311 3060 1463 3133; x_wconf 82' lang='grc' dir='ltr'><strong>αύτῷ</strong></span> <span class='ocrx_word' id='word_1_257' title='bbox 1496 3060 1690 3129; x_wconf 81' lang='grc' dir='ltr'>σοφίας</span> <span class='ocrx_word' id='word_1_258' title='bbox 1716 3060 1965 3123; x_wconf 82' lang='grc' dir='ltr'>διάκονος</span> <span class='ocrx_word' id='word_1_259' title='bbox 1988 3074 2002 3089; x_wconf 73' lang='grc'><strong><em>⁸</em></strong></span> 
     </span>
    </p>
   </div>
   <div class='ocr_carea' id='block_1_34' title="bbox 2124 581 3706 656">
    <p class='ocr_par' dir='ltr' id='par_1_34' title="bbox 2124 581 3706 656">
     <span class='ocr_line' id='line_1_34' title="bbox 2124 581 3706 656; baseline 0.013 -19"><span class='ocrx_word' id='word_1_260' title='bbox 2124 581 2367 639; x_wconf 80' lang='lat' dir='ltr'><strong>visiones</strong></span> <span class='ocrx_word' id='word_1_261' title='bbox 2403 584 2601 640; x_wconf 71' lang='lat' dir='ltr'><strong>oblatas</strong></span> <span class='ocrx_word' id='word_1_262' title='bbox 2634 595 2796 653; x_wconf 86' lang='lat' dir='ltr'><strong>sunt,</strong></span> <span class='ocrx_word' id='word_1_263' title='bbox 2849 604 3035 647; x_wconf 92' lang='lat' dir='ltr'><strong>nonne</strong></span> <span class='ocrx_word' id='word_1_264' title='bbox 3079 606 3272 648; x_wconf 91' lang='lat' dir='ltr'><strong>earum</strong></span> <span class='ocrx_word' id='word_1_265' title='bbox 3308 598 3706 656; x_wconf 74' lang='lat' dir='ltr'><strong>revelationem</strong></span> 
     </span>
    </p>
   </div>
   <div class='ocr_carea' id='block_1_35' title="bbox 2121 675 3706 759">
    <p class='ocr_par' dir='ltr' id='par_1_35' title="bbox 2121 675 3706 759">
     <span class='ocr_line' id='line_1_35' title="bbox 2121 675 3706 759; baseline 0.014 -33"><span class='ocrx_word' id='word_1_266' title='bbox 2121 675 2443 744; x_wconf 75' lang='lat' dir='ltr'><strong>angelorum</strong></span> <span class='ocrx_word' id='word_1_267' title='bbox 2495 692 2632 734; x_wconf 82' lang='lat' dir='ltr'><strong>voce</strong></span> <span class='ocrx_word' id='word_1_268' title='bbox 2688 679 2931 751; x_wconf 88' lang='lat' dir='ltr'><strong>accipit?</strong></span> <span class='ocrx_word' id='word_1_269' title='bbox 2975 682 3118 738; x_wconf 77' lang='lat' dir='ltr'><strong>Audi</strong></span> <span class='ocrx_word' id='word_1_270' title='bbox 3173 685 3322 740; x_wconf 89' lang='lat' dir='ltr'><strong>enim</strong></span> <span class='ocrx_word' id='word_1_271' title='bbox 3388 687 3706 759; x_wconf 86' lang='lat' dir='ltr'><strong>loquentem</strong></span> 
     </span>
    </p>
   </div>
   <div class='ocr_carea' id='block_1_36' title="bbox 2119 762 3706 843">
    <p class='ocr_par' dir='ltr' id='par_1_36' title="bbox 2119 762 3706 843">
     <span class='ocr_line' id='line_1_36' title="bbox 2119 762 3706 843; baseline 0.014 -27"><span class='ocrx_word' id='word_1_272' title='bbox 2119 762 2323 834; x_wconf 90' lang='lat' dir='ltr'><strong>ipsum.</strong></span> <span class='ocrx_word' id='word_1_273' title='bbox 2351 783 2370 817; x_wconf 81' lang='grc' dir='ltr'><strong>ι</strong></span> <span class='ocrx_word' id='word_1_274' title='bbox 2411 763 2477 820; x_wconf 81' lang='lat' dir='ltr'><strong>Et</strong></span> <span class='ocrx_word' id='word_1_275' title='bbox 2504 765 2712 823; x_wconf 81' lang='lat' dir='ltr'><strong>factum</strong></span> <span class='ocrx_word' id='word_1_276' title='bbox 2754 777 2869 836; x_wconf 90' lang='lat' dir='ltr'><strong>est,</strong></span> <span class='ocrx_word' id='word_1_277' title='bbox 2908 789 2927 824; x_wconf 79' lang='grc' dir='ltr'><strong>ι</strong></span> <span class='ocrx_word' id='word_1_278' title='bbox 2985 772 3189 843; x_wconf 91' lang='lat' dir='ltr'><strong>inquit,</strong></span> <span class='ocrx_word' id='word_1_279' title='bbox 3217 792 3237 827; x_wconf 83' lang='grc' dir='ltr'><strong>ι</strong></span> <span class='ocrx_word' id='word_1_280' title='bbox 3276 791 3405 833; x_wconf 87' lang='lat' dir='ltr'><strong>cum</strong></span> <span class='ocrx_word' id='word_1_281' title='bbox 3458 780 3706 838; x_wconf 80' lang='lat' dir='ltr'><strong>viderem</strong></span> 
     </span>
    </p>
   </div>
   <div class='ocr_carea' id='block_1_37' title="bbox 2119 855 3704 941">
    <p class='ocr_par' dir='ltr' id='par_1_37' title="bbox 2119 855 3704 941">
     <span class='ocr_line' id='line_1_37' title="bbox 2119 855 3704 941; baseline 0.011 -30"><span class='ocrx_word' id='word_1_282' title='bbox 2119 870 2221 928; x_wconf 92' lang='lat' dir='ltr'><strong>ego</strong></span> <span class='ocrx_word' id='word_1_283' title='bbox 2244 855 2435 914; x_wconf 88' lang='lat' dir='ltr'><strong>Daniel</strong></span> <span class='ocrx_word' id='word_1_284' title='bbox 2465 859 2733 916; x_wconf 81' lang='lat' dir='ltr'><strong>visionem</strong></span> <span class='ocrx_word' id='word_1_285' title='bbox 2756 905 2770 927; x_wconf 88' lang='lat'><strong>,</strong></span> <span class='ocrx_word' id='word_1_286' title='bbox 2798 871 2854 918; x_wconf 91' lang='lat' dir='ltr'><strong>et</strong></span> <span class='ocrx_word' id='word_1_287' title='bbox 2881 866 3199 934; x_wconf 66' lang='lat' dir='ltr'><strong>quaerebam</strong></span> <span class='ocrx_word' id='word_1_288' title='bbox 3235 869 3663 939; x_wconf 73' lang='lat' dir='ltr'><strong>intelligentiam</strong></span> <span class='ocrx_word' id='word_1_289' title='bbox 3688 892 3704 941; x_wconf 91' lang='lat'><strong>;</strong></span> 
     </span>
    </p>
   </div>
   <div class='ocr_carea' id='block_1_38' title="bbox 2118 948 3708 1028">
    <p class='ocr_par' dir='ltr' id='par_1_38' title="bbox 2118 948 3708 1028">
     <span class='ocr_line' id='line_1_38' title="bbox 2118 948 3708 1028; baseline 0.009 -24"><span class='ocrx_word' id='word_1_290' title='bbox 2118 955 2173 1005; x_wconf 82' lang='lat' dir='ltr'><strong>et</strong></span> <span class='ocrx_word' id='word_1_291' title='bbox 2209 948 2366 1004; x_wconf 86' lang='lat' dir='ltr'><strong>stetit</strong></span> <span class='ocrx_word' id='word_1_292' title='bbox 2419 949 2476 1006; x_wconf 91' lang='lat' dir='ltr'><strong>in</strong></span> <span class='ocrx_word' id='word_1_293' title='bbox 2529 964 2836 1023; x_wconf 87' lang='lat' dir='ltr'><strong>conspectu</strong></span> <span class='ocrx_word' id='word_1_294' title='bbox 2872 970 2995 1011; x_wconf 86' lang='lat' dir='ltr'><strong>meo</strong></span> <span class='ocrx_word' id='word_1_295' title='bbox 3024 958 3189 1027; x_wconf 88' lang='lat' dir='ltr'><strong>quasi</strong></span> <span class='ocrx_word' id='word_1_296' title='bbox 3228 961 3444 1028; x_wconf 79' lang='lat' dir='ltr'><strong>species</strong></span> <span class='ocrx_word' id='word_1_297' title='bbox 3478 963 3617 1028; x_wconf 83' lang='lat' dir='ltr'><strong>viri,</strong></span> <span class='ocrx_word' id='word_1_298' title='bbox 3654 972 3708 1019; x_wconf 86' lang='lat' dir='ltr'><strong>et</strong></span> 
     </span>
    </p>
   </div>
   <div class='ocr_carea' id='block_1_39' title="bbox 2118 1039 3705 1111">
    <p class='ocr_par' dir='ltr' id='par_1_39' title="bbox 2118 1039 3705 1111">
     <span class='ocr_line' id='line_1_39' title="bbox 2118 1039 3705 1111; baseline 0.007 -19"><span class='ocrx_word' id='word_1_299' title='bbox 2118 1039 2305 1093; x_wconf 80' lang='lat' dir='ltr'><strong>audivi</strong></span> <span class='ocrx_word' id='word_1_300' title='bbox 2344 1054 2539 1096; x_wconf 82' lang='lat' dir='ltr'><strong>vocem</strong></span> <span class='ocrx_word' id='word_1_301' title='bbox 2599 1041 2744 1096; x_wconf 88' lang='lat' dir='ltr'><strong>inter</strong></span> <span class='ocrx_word' id='word_1_302' title='bbox 2783 1042 2956 1109; x_wconf 88' lang='lat' dir='ltr'><strong>Ubal,</strong></span> <span class='ocrx_word' id='word_1_303' title='bbox 3005 1053 3062 1099; x_wconf 87' lang='lat' dir='ltr'><strong>et</strong></span> <span class='ocrx_word' id='word_1_304' title='bbox 3107 1048 3361 1111; x_wconf 81' lang='lat' dir='ltr'><strong>vocavit,</strong></span> <span class='ocrx_word' id='word_1_305' title='bbox 3409 1057 3466 1103; x_wconf 89' lang='lat' dir='ltr'><strong>et</strong></span> <span class='ocrx_word' id='word_1_306' title='bbox 3514 1049 3705 1104; x_wconf 75' lang='lat' dir='ltr'><strong>dixit;</strong></span> 
     </span>
    </p>
   </div>
   <div class='ocr_carea' id='block_1_40' title="bbox 2117 1127 3708 1210">
    <p class='ocr_par' dir='ltr' id='par_1_40' title="bbox 2117 1127 3708 1210">
     <span class='ocr_line' id='line_1_40' title="bbox 2117 1127 3708 1210; baseline 0.004 -26"><span class='ocrx_word' id='word_1_307' title='bbox 2117 1127 2362 1196; x_wconf 85' lang='lat' dir='ltr'><strong>Gabriel,</strong></span> <span class='ocrx_word' id='word_1_308' title='bbox 2405 1131 2493 1187; x_wconf 85' lang='lat' dir='ltr'><strong>fac</strong></span> <span class='ocrx_word' id='word_1_309' title='bbox 2546 1131 2850 1205; x_wconf 75' lang='lat' dir='ltr'><strong>intelligere</strong></span> <span class='ocrx_word' id='word_1_310' title='bbox 2875 1134 3042 1190; x_wconf 92' lang='lat' dir='ltr'><strong>istum</strong></span> <span class='ocrx_word' id='word_1_311' title='bbox 3079 1134 3351 1191; x_wconf 83' lang='lat' dir='ltr'><strong>visionem</strong></span> <span class='ocrx_word' id='word_1_312' title='bbox 3373 1137 3441 1190; x_wconf 81' lang='grc'><strong>⁷⁸.</strong></span> <span class='ocrx_word' id='word_1_313' title='bbox 3474 1156 3493 1190; x_wconf 77' lang='grc' dir='ltr'><strong>ι</strong></span> <span class='ocrx_word' id='word_1_314' title='bbox 3536 1136 3708 1210; x_wconf 85' lang='lat' dir='ltr'><strong>igitur</strong></span> 
     </span>
    </p>
   </div>
   <div class='ocr_carea' id='block_1_41' title="bbox 2118 1222 3704 1300">
    <p class='ocr_par' dir='ltr' id='par_1_41' title="bbox 2118 1222 3704 1300">
     <span class='ocr_line' id='line_1_41' title="bbox 2118 1222 3704 1300; baseline 0.004 -24"><span class='ocrx_word' id='word_1_315' title='bbox 2118 1222 2432 1279; x_wconf 83' lang='lat' dir='ltr'><strong>illuminare</strong></span> <span class='ocrx_word' id='word_1_316' title='bbox 2456 1233 2692 1296; x_wconf 87' lang='lat' dir='ltr'><strong>possunt</strong></span> <span class='ocrx_word' id='word_1_317' title='bbox 2714 1227 2918 1296; x_wconf 89' lang='lat' dir='ltr'><strong>angeli,</strong></span> <span class='ocrx_word' id='word_1_318' title='bbox 2950 1243 3132 1299; x_wconf 88' lang='lat' dir='ltr'><strong>neque</strong></span> <span class='ocrx_word' id='word_1_319' title='bbox 3155 1243 3289 1283; x_wconf 78' lang='lat' dir='ltr'><strong>vero</strong></span> <span class='ocrx_word' id='word_1_320' title='bbox 3319 1229 3426 1300; x_wconf 87' lang='lat' dir='ltr'><strong>ipsi</strong></span> <span class='ocrx_word' id='word_1_321' title='bbox 3463 1236 3704 1292; x_wconf 85' lang='lat' dir='ltr'><strong>tantum,</strong></span> 
     </span>
    </p>
   </div>
   <div class='ocr_carea' id='block_1_42' title="bbox 2116 1313 3710 1388">
    <p class='ocr_par' dir='ltr' id='par_1_42' title="bbox 2116 1313 3710 1388">
     <span class='ocr_line' id='line_1_42' title="bbox 2116 1313 3710 1388; baseline 0.005 -17"><span class='ocrx_word' id='word_1_322' title='bbox 2116 1313 2214 1371; x_wconf 87' lang='lat' dir='ltr'><strong>sed</strong></span> <span class='ocrx_word' id='word_1_323' title='bbox 2244 1322 2299 1370; x_wconf 90' lang='lat' dir='ltr'><strong>et</strong></span> <span class='ocrx_word' id='word_1_324' title='bbox 2326 1316 2491 1372; x_wconf 88' lang='lat' dir='ltr'><strong>homo</strong></span> <span class='ocrx_word' id='word_1_325' title='bbox 2515 1317 2796 1373; x_wconf 88' lang='lat' dir='ltr'><strong>hominem</strong></span> <span class='ocrx_word' id='word_1_326' title='bbox 2826 1319 3128 1376; x_wconf 88' lang='lat' dir='ltr'><strong>illuminat.</strong></span> <span class='ocrx_word' id='word_1_327' title='bbox 3155 1320 3433 1388; x_wconf 81' lang='lat' dir='ltr'><strong>Quocirca</strong></span> <span class='ocrx_word' id='word_1_328' title='bbox 3458 1322 3710 1379; x_wconf 80' lang='lat' dir='ltr'><strong>discendi</strong></span> 
     </span>
    </p>
   </div>
   <div class='ocr_carea' id='block_1_43' title="bbox 2115 1406 3711 1487">
    <p class='ocr_par' dir='ltr' id='par_1_43' title="bbox 2115 1406 3711 1487">
     <span class='ocr_line' id='line_1_43' title="bbox 2115 1406 3711 1487; baseline 0.004 -23"><span class='ocrx_word' id='word_1_329' title='bbox 2115 1406 2400 1464; x_wconf 81' lang='lat' dir='ltr'><strong>studiosus</strong></span> <span class='ocrx_word' id='word_1_330' title='bbox 2446 1408 2536 1465; x_wconf 90' lang='lat' dir='ltr'><strong>ille</strong></span> <span class='ocrx_word' id='word_1_331' title='bbox 2586 1411 2902 1475; x_wconf 87' lang='lat' dir='ltr'><strong>eunuchus,</strong></span> <span class='ocrx_word' id='word_1_332' title='bbox 2935 1426 3062 1467; x_wconf 88' lang='lat' dir='ltr'><strong>cum</strong></span> <span class='ocrx_word' id='word_1_333' title='bbox 3100 1412 3409 1471; x_wconf 77' lang='lat' dir='ltr'><strong>Salvatoris</strong></span> <span class='ocrx_word' id='word_1_334' title='bbox 3463 1416 3711 1487; x_wconf 81' lang='lat' dir='ltr'><strong>prophe-</strong></span> 
     </span>
    </p>
   </div>
   <div class='ocr_carea' id='block_1_44' title="bbox 2117 1499 3709 1573">
    <p class='ocr_par' dir='ltr' id='par_1_44' title="bbox 2117 1499 3709 1573">
     <span class='ocr_line' id='line_1_44' title="bbox 2117 1499 3709 1573; baseline 0.006 -21"><span class='ocrx_word' id='word_1_335' title='bbox 2117 1499 2222 1553; x_wconf 90' lang='lat' dir='ltr'><strong>tias</strong></span> <span class='ocrx_word' id='word_1_336' title='bbox 2245 1515 2357 1553; x_wconf 89' lang='lat' dir='ltr'><strong>non</strong></span> <span class='ocrx_word' id='word_1_337' title='bbox 2390 1500 2747 1571; x_wconf 83' lang='lat' dir='ltr'><strong>intelligeret,</strong></span> <span class='ocrx_word' id='word_1_338' title='bbox 2775 1499 3095 1573; x_wconf 84' lang='lat' dir='ltr'><strong>Philippum</strong></span> <span class='ocrx_word' id='word_1_339' title='bbox 3123 1505 3451 1573; x_wconf 90' lang='lat' dir='ltr'><strong>compellat:</strong></span> <span class='ocrx_word' id='word_1_340' title='bbox 3482 1522 3502 1557; x_wconf 84' lang='grc' dir='ltr'><strong>ι</strong></span> <span class='ocrx_word' id='word_1_341' title='bbox 3532 1502 3709 1561; x_wconf 86' lang='lat' dir='ltr'><strong>Obse-</strong></span> 
     </span>
    </p>
   </div>
   <div class='ocr_carea' id='block_1_45' title="bbox 2115 1591 3707 1664">
    <p class='ocr_par' dir='ltr' id='par_1_45' title="bbox 2115 1591 3707 1664">
     <span class='ocr_line' id='line_1_45' title="bbox 2115 1591 3707 1664; baseline 0.005 -19"><span class='ocrx_word' id='word_1_342' title='bbox 2115 1604 2215 1646; x_wconf 90' lang='lat' dir='ltr'><strong>cro</strong></span> <span class='ocrx_word' id='word_1_343' title='bbox 2254 1599 2326 1655; x_wconf 89' lang='lat' dir='ltr'><strong>te,</strong></span> <span class='ocrx_word' id='word_1_344' title='bbox 2355 1591 2425 1647; x_wconf 89' lang='lat' dir='ltr'><strong>de</strong></span> <span class='ocrx_word' id='word_1_345' title='bbox 2462 1609 2574 1662; x_wconf 93' lang='lat' dir='ltr'><strong>quo</strong></span> <span class='ocrx_word' id='word_1_346' title='bbox 2608 1595 2881 1664; x_wconf 85' lang='lat' dir='ltr'><strong>propheta</strong></span> <span class='ocrx_word' id='word_1_347' title='bbox 2931 1597 3065 1651; x_wconf 88' lang='lat' dir='ltr'><strong>dicit</strong></span> <span class='ocrx_word' id='word_1_348' title='bbox 3099 1596 3260 1653; x_wconf 73' lang='lat' dir='ltr'><strong>haec?</strong></span> <span class='ocrx_word' id='word_1_349' title='bbox 3293 1599 3362 1654; x_wconf 90' lang='lat' dir='ltr'><strong>de</strong></span> <span class='ocrx_word' id='word_1_350' title='bbox 3408 1614 3491 1661; x_wconf 89' lang='lat' dir='ltr'><strong>se,</strong></span> <span class='ocrx_word' id='word_1_351' title='bbox 3532 1614 3603 1653; x_wconf 86' lang='lat' dir='ltr'><strong>an</strong></span> <span class='ocrx_word' id='word_1_352' title='bbox 3637 1597 3707 1654; x_wconf 86' lang='lat' dir='ltr'><strong>de</strong></span> 
     </span>
    </p>
   </div>
   <div class='ocr_carea' id='block_1_46' title="bbox 2115 1679 3708 1759">
    <p class='ocr_par' dir='ltr' id='par_1_46' title="bbox 2115 1679 3708 1759">
     <span class='ocr_line' id='line_1_46' title="bbox 2115 1679 3708 1759; baseline 0.008 -27"><span class='ocrx_word' id='word_1_353' title='bbox 2115 1679 2228 1733; x_wconf 90' lang='lat' dir='ltr'><strong>alio</strong></span> <span class='ocrx_word' id='word_1_354' title='bbox 2265 1680 2456 1751; x_wconf 85' lang='lat' dir='ltr'><strong>aliquo</strong></span> <span class='ocrx_word' id='word_1_355' title='bbox 2487 1681 2576 1735; x_wconf 70' lang='lat'><strong>7&quot;!</strong></span> <span class='ocrx_word' id='word_1_356' title='bbox 2612 1701 2633 1735; x_wconf 72' lang='grc' dir='ltr'><strong>ι</strong></span> <span class='ocrx_word' id='word_1_357' title='bbox 2670 1681 2939 1740; x_wconf 84' lang='lat' dir='ltr'><strong>Doctores</strong></span> <span class='ocrx_word' id='word_1_358' title='bbox 2971 1686 3098 1741; x_wconf 87' lang='lat' dir='ltr'><strong>item</strong></span> <span class='ocrx_word' id='word_1_359' title='bbox 3147 1695 3201 1743; x_wconf 91' lang='lat' dir='ltr'><strong>et</strong></span> <span class='ocrx_word' id='word_1_360' title='bbox 3233 1687 3486 1759; x_wconf 85' lang='lat' dir='ltr'><strong>magistri</strong></span> <span class='ocrx_word' id='word_1_361' title='bbox 3522 1704 3708 1744; x_wconf 86' lang='lat' dir='ltr'><strong>rerum</strong></span> 
     </span>
    </p>
   </div>
   <div class='ocr_carea' id='block_1_47' title="bbox 2113 1774 3706 1850">
    <p class='ocr_par' dir='ltr' id='par_1_47' title="bbox 2113 1774 3706 1850">
     <span class='ocr_line' id='line_1_47' title="bbox 2113 1774 3706 1850; baseline 0.005 -22"><span class='ocrx_word' id='word_1_362' title='bbox 2113 1774 2241 1828; x_wconf 77' lang='lat' dir='ltr'><strong>vita:</strong></span> <span class='ocrx_word' id='word_1_363' title='bbox 2295 1774 2545 1838; x_wconf 88' lang='lat' dir='ltr'><strong>utilium,</strong></span> <span class='ocrx_word' id='word_1_364' title='bbox 2598 1790 2710 1829; x_wconf 90' lang='lat' dir='ltr'><strong>non</strong></span> <span class='ocrx_word' id='word_1_365' title='bbox 2765 1775 2933 1830; x_wconf 86' lang='lat' dir='ltr'><strong>aliam</strong></span> <span class='ocrx_word' id='word_1_366' title='bbox 3001 1778 3075 1833; x_wconf 87' lang='lat' dir='ltr'><strong>ob</strong></span> <span class='ocrx_word' id='word_1_367' title='bbox 3132 1792 3359 1834; x_wconf 88' lang='lat' dir='ltr'><strong>causam</strong></span> <span class='ocrx_word' id='word_1_368' title='bbox 3416 1795 3583 1850; x_wconf 88' lang='lat' dir='ltr'><strong>quam</strong></span> <span class='ocrx_word' id='word_1_369' title='bbox 3630 1780 3706 1836; x_wconf 90' lang='lat' dir='ltr'><strong>ob</strong></span> 
     </span>
    </p>
   </div>
   <div class='ocr_carea' id='block_1_48' title="bbox 2115 1865 3705 1937">
    <p class='ocr_par' dir='ltr' id='par_1_48' title="bbox 2115 1865 3705 1937">
     <span class='ocr_line' id='line_1_48' title="bbox 2115 1865 3705 1937; baseline 0.004 -16"><span class='ocrx_word' id='word_1_370' title='bbox 2115 1866 2280 1921; x_wconf 90' lang='lat' dir='ltr'><strong>istam</strong></span> <span class='ocrx_word' id='word_1_371' title='bbox 2312 1865 2399 1922; x_wconf 90' lang='lat' dir='ltr'><strong>sui</strong></span> <span class='ocrx_word' id='word_1_372' title='bbox 2438 1867 2655 1937; x_wconf 88' lang='lat' dir='ltr'><strong>copiam</strong></span> <span class='ocrx_word' id='word_1_373' title='bbox 2690 1868 2927 1925; x_wconf 75' lang='lat' dir='ltr'><strong>faciunt.</strong></span> <span class='ocrx_word' id='word_1_374' title='bbox 2956 1866 3063 1924; x_wconf 85' lang='lat' dir='ltr'><strong>Sed</strong></span> <span class='ocrx_word' id='word_1_375' title='bbox 3104 1885 3205 1924; x_wconf 92' lang='lat' dir='ltr'><strong>cur</strong></span> <span class='ocrx_word' id='word_1_376' title='bbox 3234 1870 3291 1924; x_wconf 91' lang='lat' dir='ltr'><strong>in</strong></span> <span class='ocrx_word' id='word_1_377' title='bbox 3320 1870 3407 1926; x_wconf 88' lang='lat' dir='ltr'><strong>his</strong></span> <span class='ocrx_word' id='word_1_378' title='bbox 3437 1871 3705 1926; x_wconf 84' lang='lat' dir='ltr'><strong>immora-</strong></span> 
     </span>
    </p>
   </div>
   <div class='ocr_carea' id='block_1_49' title="bbox 2111 1956 3707 2029">
    <p class='ocr_par' dir='ltr' id='par_1_49' title="bbox 2111 1956 3707 2029">
     <span class='ocr_line' id='line_1_49' title="bbox 2111 1956 3707 2029; baseline 0.004 -19"><span class='ocrx_word' id='word_1_379' title='bbox 2111 1971 2257 2023; x_wconf 90' lang='lat' dir='ltr'><strong>mur,</strong></span> <span class='ocrx_word' id='word_1_380' title='bbox 2311 1970 2437 2011; x_wconf 91' lang='lat' dir='ltr'><strong>cum</strong></span> <span class='ocrx_word' id='word_1_381' title='bbox 2475 1956 2544 2010; x_wconf 89' lang='lat' dir='ltr'><strong>ad</strong></span> <span class='ocrx_word' id='word_1_382' title='bbox 2589 1956 2695 2012; x_wconf 88' lang='lat' dir='ltr'><strong>hoc</strong></span> <span class='ocrx_word' id='word_1_383' title='bbox 2724 1958 3073 2029; x_wconf 89' lang='lat' dir='ltr'><strong>probandum</strong></span> <span class='ocrx_word' id='word_1_384' title='bbox 3117 1959 3429 2015; x_wconf 80' lang='lat' dir='ltr'><strong>Salvatoris</strong></span> <span class='ocrx_word' id='word_1_385' title='bbox 3459 1962 3707 2017; x_wconf 86' lang='lat' dir='ltr'><strong>auctori-</strong></span> 
     </span>
    </p>
   </div>
   <div class='ocr_carea' id='block_1_50' title="bbox 2112 2048 3706 2121">
    <p class='ocr_par' dir='ltr' id='par_1_50' title="bbox 2112 2048 3706 2121">
     <span class='ocr_line' id='line_1_50' title="bbox 2112 2048 3706 2121; baseline 0.005 -18"><span class='ocrx_word' id='word_1_386' title='bbox 2112 2055 2226 2104; x_wconf 91' lang='lat' dir='ltr'><strong>tate</strong></span> <span class='ocrx_word' id='word_1_387' title='bbox 2273 2048 2440 2103; x_wconf 80' lang='lat' dir='ltr'><strong>liccat</strong></span> <span class='ocrx_word' id='word_1_388' title='bbox 2471 2049 2551 2103; x_wconf 89' lang='lat' dir='ltr'><strong>uti</strong></span> <span class='ocrx_word' id='word_1_389' title='bbox 2578 2048 2674 2120; x_wconf 87' lang='lat' dir='ltr'><strong>qui</strong></span> <span class='ocrx_word' id='word_1_390' title='bbox 2724 2050 2844 2106; x_wconf 90' lang='lat' dir='ltr'><strong>suis</strong></span> <span class='ocrx_word' id='word_1_391' title='bbox 2887 2051 3157 2121; x_wconf 86' lang='lat' dir='ltr'><strong>apostolis</strong></span> <span class='ocrx_word' id='word_1_392' title='bbox 3204 2053 3282 2106; x_wconf 91' lang='lat' dir='ltr'><strong>ait</strong></span> <span class='ocrx_word' id='word_1_393' title='bbox 3314 2070 3328 2107; x_wconf 89' lang='lat'><strong>:</strong></span> <span class='ocrx_word' id='word_1_394' title='bbox 3360 2072 3378 2104; x_wconf 82' lang='grc' dir='ltr'><strong>ι</strong></span> <span class='ocrx_word' id='word_1_395' title='bbox 3411 2051 3524 2109; x_wconf 82' lang='lat' dir='ltr'><strong>Vos</strong></span> <span class='ocrx_word' id='word_1_396' title='bbox 3567 2054 3706 2111; x_wconf 84' lang='lat' dir='ltr'><strong>estis</strong></span> 
     </span>
    </p>
   </div>
   <div class='ocr_carea' id='block_1_51' title="bbox 2112 2137 3708 2210">
    <p class='ocr_par' dir='ltr' id='par_1_51' title="bbox 2112 2137 3708 2210">
     <span class='ocr_line' id='line_1_51' title="bbox 2112 2137 3708 2210; baseline 0.001 -17"><span class='ocrx_word' id='word_1_397' title='bbox 2112 2139 2205 2193; x_wconf 76' lang='lat' dir='ltr'><strong>lux</strong></span> <span class='ocrx_word' id='word_1_398' title='bbox 2242 2138 2434 2193; x_wconf 89' lang='lat' dir='ltr'><strong>mundi</strong></span> <span class='ocrx_word' id='word_1_399' title='bbox 2456 2138 2543 2192; x_wconf 68' lang='lat'><strong>&quot;1&#39;</strong></span> <span class='ocrx_word' id='word_1_400' title='bbox 2580 2158 2599 2191; x_wconf 74' lang='grc' dir='ltr'><strong>ι</strong></span> <span class='ocrx_word' id='word_1_401' title='bbox 2634 2137 2790 2192; x_wconf 88' lang='lat' dir='ltr'><strong>Talia</strong></span> <span class='ocrx_word' id='word_1_402' title='bbox 2843 2138 3100 2210; x_wconf 87' lang='lat' dir='ltr'><strong>quidem,</strong></span> <span class='ocrx_word' id='word_1_403' title='bbox 3139 2146 3201 2194; x_wconf 90' lang='lat' dir='ltr'><strong>ut</strong></span> <span class='ocrx_word' id='word_1_404' title='bbox 3246 2137 3489 2205; x_wconf 75' lang='lat' dir='ltr'><strong>videtur,</strong></span> <span class='ocrx_word' id='word_1_405' title='bbox 3542 2139 3708 2196; x_wconf 86' lang='lat' dir='ltr'><strong>dubi-</strong></span> 
     </span>
    </p>
   </div>
   <div class='ocr_carea' id='block_1_52' title="bbox 2108 2230 3695 2302">
    <p class='ocr_par' dir='ltr' id='par_1_52' title="bbox 2108 2230 3695 2302">
     <span class='ocr_line' id='line_1_52' title="bbox 2108 2230 3695 2302; baseline 0.002 -17"><span class='ocrx_word' id='word_1_406' title='bbox 2108 2231 2278 2285; x_wconf 87' lang='lat' dir='ltr'><strong>tando</strong></span> <span class='ocrx_word' id='word_1_407' title='bbox 2305 2237 2514 2302; x_wconf 62' lang='lat' dir='ltr'><strong>quaeret</strong></span> <span class='ocrx_word' id='word_1_408' title='bbox 2556 2230 2779 2302; x_wconf 88' lang='lat' dir='ltr'><strong>aliquis.</strong></span> <span class='ocrx_word' id='word_1_409' title='bbox 2817 2230 2926 2287; x_wconf 87' lang='lat' dir='ltr'><strong>Sed</strong></span> <span class='ocrx_word' id='word_1_410' title='bbox 2956 2247 2987 2286; x_wconf 85' lang='lat' dir='ltr'><strong>a</strong></span> <span class='ocrx_word' id='word_1_411' title='bbox 3022 2232 3182 2287; x_wconf 90' lang='lat' dir='ltr'><strong>nobis</strong></span> <span class='ocrx_word' id='word_1_412' title='bbox 3216 2232 3461 2288; x_wconf 78' lang='lat' dir='ltr'><strong>vicissim</strong></span> <span class='ocrx_word' id='word_1_413' title='bbox 3495 2231 3650 2288; x_wconf 91' lang='lat' dir='ltr'><strong>audit</strong></span> <span class='ocrx_word' id='word_1_414' title='bbox 3680 2250 3695 2288; x_wconf 90' lang='lat'><strong>:</strong></span> 
     </span>
    </p>
   </div>
   <div class='ocr_carea' id='block_1_53' title="bbox 2109 2322 3702 2395">
    <p class='ocr_par' dir='ltr' id='par_1_53' title="bbox 2109 2322 3702 2395">
     <span class='ocr_line' id='line_1_53' title="bbox 2109 2322 3702 2395; baseline 0 -17"><span class='ocrx_word' id='word_1_415' title='bbox 2109 2322 2299 2390; x_wconf 83' lang='lat' dir='ltr'><strong>Nihil,</strong></span> <span class='ocrx_word' id='word_1_416' title='bbox 2335 2339 2369 2378; x_wconf 93' lang='grc' dir='ltr'><strong>ο</strong></span> <span class='ocrx_word' id='word_1_417' title='bbox 2398 2323 2658 2395; x_wconf 90' lang='lat' dir='ltr'><strong>quisquis</strong></span> <span class='ocrx_word' id='word_1_418' title='bbox 2689 2339 2783 2388; x_wconf 90' lang='lat' dir='ltr'><strong>es,</strong></span> <span class='ocrx_word' id='word_1_419' title='bbox 2831 2323 2888 2378; x_wconf 93' lang='lat' dir='ltr'><strong>in</strong></span> <span class='ocrx_word' id='word_1_420' title='bbox 2931 2324 3210 2379; x_wconf 87' lang='lat' dir='ltr'><strong>creaturis</strong></span> <span class='ocrx_word' id='word_1_421' title='bbox 3252 2322 3525 2393; x_wconf 86' lang='lat' dir='ltr'><strong>reperitur</strong></span> <span class='ocrx_word' id='word_1_422' title='bbox 3562 2322 3702 2380; x_wconf 87' lang='lat' dir='ltr'><strong>sim-</strong></span> 
     </span>
    </p>
   </div>
   <div class='ocr_carea' id='block_1_54' title="bbox 2110 2414 3703 2488">
    <p class='ocr_par' dir='ltr' id='par_1_54' title="bbox 2110 2414 3703 2488">
     <span class='ocr_line' id='line_1_54' title="bbox 2110 2414 3703 2488; baseline 0 -19"><span class='ocrx_word' id='word_1_423' title='bbox 2110 2416 2237 2488; x_wconf 81' lang='lat' dir='ltr'><strong>plex</strong></span> <span class='ocrx_word' id='word_1_424' title='bbox 2281 2422 2381 2470; x_wconf 90' lang='lat' dir='ltr'><strong>aut</strong></span> <span class='ocrx_word' id='word_1_425' title='bbox 2429 2415 2860 2486; x_wconf 86' lang='lat' dir='ltr'><strong>compositionis</strong></span> <span class='ocrx_word' id='word_1_426' title='bbox 2893 2430 3091 2487; x_wconf 81' lang='lat' dir='ltr'><strong>expers</strong></span> <span class='ocrx_word' id='word_1_427' title='bbox 3122 2432 3136 2469; x_wconf 90' lang='lat'><strong>:</strong></span> <span class='ocrx_word' id='word_1_428' title='bbox 3167 2414 3336 2486; x_wconf 86' lang='lat' dir='ltr'><strong>igitur</strong></span> <span class='ocrx_word' id='word_1_429' title='bbox 3381 2414 3703 2486; x_wconf 83' lang='lat' dir='ltr'><strong>quicunque</strong></span> 
     </span>
    </p>
   </div>
   <div class='ocr_carea' id='block_1_55' title="bbox 2110 2506 3703 2579">
    <p class='ocr_par' dir='ltr' id='par_1_55' title="bbox 2110 2506 3703 2579">
     <span class='ocr_line' id='line_1_55' title="bbox 2110 2506 3703 2579; baseline -0.002 -16"><span class='ocrx_word' id='word_1_430' title='bbox 2110 2509 2280 2564; x_wconf 88' lang='lat' dir='ltr'><strong>alium</strong></span> <span class='ocrx_word' id='word_1_431' title='bbox 2308 2508 2534 2564; x_wconf 89' lang='lat' dir='ltr'><strong>erudire</strong></span> <span class='ocrx_word' id='word_1_432' title='bbox 2566 2514 2748 2579; x_wconf 88' lang='lat' dir='ltr'><strong>potest</strong></span> <span class='ocrx_word' id='word_1_433' title='bbox 2778 2508 2846 2563; x_wconf 83' lang='lat' dir='ltr'><strong>ad</strong></span> <span class='ocrx_word' id='word_1_434' title='bbox 2879 2508 3233 2579; x_wconf 88' lang='lat' dir='ltr'><strong>sapientiam,</strong></span> <span class='ocrx_word' id='word_1_435' title='bbox 3267 2506 3313 2564; x_wconf 87' lang='lat' dir='ltr'><strong>si</strong></span> <span class='ocrx_word' id='word_1_436' title='bbox 3344 2516 3568 2563; x_wconf 88' lang='lat' dir='ltr'><strong>creatus</strong></span> <span class='ocrx_word' id='word_1_437' title='bbox 3591 2514 3703 2572; x_wconf 89' lang='lat' dir='ltr'><strong>est,</strong></span> 
     </span>
    </p>
   </div>
   <div class='ocr_carea' id='block_1_56' title="bbox 2109 2598 3705 2672">
    <p class='ocr_par' dir='ltr' id='par_1_56' title="bbox 2109 2598 3705 2672">
     <span class='ocr_line' id='line_1_56' title="bbox 2109 2598 3705 2672; baseline -0.001 -17"><span class='ocrx_word' id='word_1_438' title='bbox 2109 2615 2224 2655; x_wconf 91' lang='lat' dir='ltr'><strong>non</strong></span> <span class='ocrx_word' id='word_1_439' title='bbox 2249 2608 2337 2655; x_wconf 90' lang='lat' dir='ltr'><strong>est</strong></span> <span class='ocrx_word' id='word_1_440' title='bbox 2375 2599 2613 2671; x_wconf 90' lang='lat' dir='ltr'><strong>ipsamet</strong></span> <span class='ocrx_word' id='word_1_441' title='bbox 2637 2600 2932 2672; x_wconf 86' lang='lat' dir='ltr'><strong>sapientia,</strong></span> <span class='ocrx_word' id='word_1_442' title='bbox 2961 2600 3058 2655; x_wconf 89' lang='lat' dir='ltr'><strong>sed</strong></span> <span class='ocrx_word' id='word_1_443' title='bbox 3091 2598 3383 2667; x_wconf 69' lang='lat' dir='ltr'><strong>sapientiae</strong></span> <span class='ocrx_word' id='word_1_444' title='bbox 3409 2613 3518 2668; x_wconf 85' lang='lat' dir='ltr'><strong>qua</strong></span> <span class='ocrx_word' id='word_1_445' title='bbox 3560 2613 3705 2670; x_wconf 65' lang='lat' dir='ltr'><strong>prae-</strong></span> 
     </span>
    </p>
   </div>
   <div class='ocr_carea' id='block_1_57' title="bbox 2109 2689 3710 2763">
    <p class='ocr_par' dir='ltr' id='par_1_57' title="bbox 2109 2689 3710 2763">
     <span class='ocr_line' id='line_1_57' title="bbox 2109 2689 3710 2763; baseline 0 -16"><span class='ocrx_word' id='word_1_446' title='bbox 2109 2690 2262 2749; x_wconf 86' lang='lat' dir='ltr'><strong>ditus</strong></span> <span class='ocrx_word' id='word_1_447' title='bbox 2297 2701 2383 2748; x_wconf 89' lang='lat' dir='ltr'><strong>est</strong></span> <span class='ocrx_word' id='word_1_448' title='bbox 2416 2693 2693 2747; x_wconf 86' lang='lat' dir='ltr'><strong>minister.</strong></span> <span class='ocrx_word' id='word_1_449' title='bbox 2745 2690 2856 2763; x_wconf 59' lang='lat'><strong>75</strong></span> <span class='ocrx_word' id='word_1_450' title='bbox 2890 2693 2949 2758; x_wconf 89' lang='lat' dir='ltr'><strong>_ln</strong></span> <span class='ocrx_word' id='word_1_451' title='bbox 2982 2691 3261 2763; x_wconf 88' lang='lat' dir='ltr'><strong>sapientia</strong></span> <span class='ocrx_word' id='word_1_452' title='bbox 3292 2690 3440 2746; x_wconf 88' lang='lat' dir='ltr'><strong>enim</strong></span> <span class='ocrx_word' id='word_1_453' title='bbox 3479 2689 3710 2760; x_wconf 85' lang='lat' dir='ltr'><strong>sapiens</strong></span> 
     </span>
    </p>
   </div>
   <div class='ocr_carea' id='block_1_58' title="bbox 2108 2784 3706 2855">
    <p class='ocr_par' dir='ltr' id='par_1_58' title="bbox 2108 2784 3706 2855">
     <span class='ocr_line' id='line_1_58' title="bbox 2108 2784 3706 2855; baseline 0.001 -16"><span class='ocrx_word' id='word_1_454' title='bbox 2108 2791 2198 2839; x_wconf 89' lang='lat' dir='ltr'><strong>est</strong></span> <span class='ocrx_word' id='word_1_455' title='bbox 2238 2784 2489 2853; x_wconf 83' lang='lat' dir='ltr'><strong>sapiens,</strong></span> <span class='ocrx_word' id='word_1_456' title='bbox 2549 2792 2603 2838; x_wconf 89' lang='lat' dir='ltr'><strong>et</strong></span> <span class='ocrx_word' id='word_1_457' title='bbox 2643 2784 2739 2854; x_wconf 91' lang='lat' dir='ltr'><strong>qui</strong></span> <span class='ocrx_word' id='word_1_458' title='bbox 2791 2784 3146 2855; x_wconf 88' lang='lat' dir='ltr'><strong>prudentiam</strong></span> <span class='ocrx_word' id='word_1_459' title='bbox 3192 2785 3411 2851; x_wconf 88' lang='lat' dir='ltr'><strong>edocet,</strong></span> <span class='ocrx_word' id='word_1_460' title='bbox 3455 2799 3567 2839; x_wconf 92' lang='lat' dir='ltr'><strong>non</strong></span> <span class='ocrx_word' id='word_1_461' title='bbox 3615 2792 3706 2840; x_wconf 87' lang='lat' dir='ltr'><strong>est</strong></span> 
     </span>
    </p>
   </div>
   <div class='ocr_carea' id='block_1_59' title="bbox 2109 2873 3705 2946">
    <p class='ocr_par' dir='ltr' id='par_1_59' title="bbox 2109 2873 3705 2946">
     <span class='ocr_line' id='line_1_59' title="bbox 2109 2873 3705 2946; baseline 0.004 -19"><span class='ocrx_word' id='word_1_462' title='bbox 2109 2873 2351 2945; x_wconf 84' lang='lat' dir='ltr'><strong>ipsamet</strong></span> <span class='ocrx_word' id='word_1_463' title='bbox 2404 2875 2725 2944; x_wconf 84' lang='lat' dir='ltr'><strong>prudentia,</strong></span> <span class='ocrx_word' id='word_1_464' title='bbox 2774 2875 2870 2930; x_wconf 89' lang='lat' dir='ltr'><strong>sed</strong></span> <span class='ocrx_word' id='word_1_465' title='bbox 2924 2874 3236 2945; x_wconf 68' lang='lat' dir='ltr'><strong>prudentiae</strong></span> <span class='ocrx_word' id='word_1_466' title='bbox 3285 2890 3393 2946; x_wconf 90' lang='lat' dir='ltr'><strong>qua</strong></span> <span class='ocrx_word' id='word_1_467' title='bbox 3438 2875 3705 2946; x_wconf 70' lang='lat' dir='ltr'><strong>praeditus</strong></span> 
     </span>
    </p>
   </div>
   <div class='ocr_carea' id='block_1_60' title="bbox 2107 2965 3702 3040">
    <p class='ocr_par' dir='ltr' id='par_1_60' title="bbox 2107 2965 3702 3040">
     <span class='ocr_line' id='line_1_60' title="bbox 2107 2965 3702 3040; baseline 0.001 -15"><span class='ocrx_word' id='word_1_468' title='bbox 2107 2975 2194 3025; x_wconf 86' lang='lat' dir='ltr'><strong>est</strong></span> <span class='ocrx_word' id='word_1_469' title='bbox 2227 2967 2498 3022; x_wconf 88' lang='lat' dir='ltr'><strong>minister.</strong></span> <span class='ocrx_word' id='word_1_470' title='bbox 2530 2965 2589 3021; x_wconf 87' lang='lat' dir='ltr'><strong>In</strong></span> <span class='ocrx_word' id='word_1_471' title='bbox 2633 2967 2925 3038; x_wconf 87' lang='lat' dir='ltr'><strong>prudentia</strong></span> <span class='ocrx_word' id='word_1_472' title='bbox 2957 2969 3164 3039; x_wconf 92' lang='lat' dir='ltr'><strong>quippe</strong></span> <span class='ocrx_word' id='word_1_473' title='bbox 3193 2979 3324 3025; x_wconf 88' lang='lat' dir='ltr'><strong>sunt</strong></span> <span class='ocrx_word' id='word_1_474' title='bbox 3356 2968 3702 3040; x_wconf 87' lang='lat' dir='ltr'><strong>prudentes;</strong></span> 
     </span>
    </p>
   </div>
   <div class='ocr_carea' id='block_1_61' title="bbox 2109 3052 3707 3131">
    <p class='ocr_par' dir='ltr' id='par_1_61' title="bbox 2109 3052 3707 3131">
     <span class='ocr_line' id='line_1_61' title="bbox 2109 3052 3707 3131; baseline -0.001 -15"><span class='ocrx_word' id='word_1_475' title='bbox 2109 3061 2192 3116; x_wconf 87' lang='lat' dir='ltr'><strong>sic</strong></span> <span class='ocrx_word' id='word_1_476' title='bbox 2230 3059 2551 3131; x_wconf 90' lang='lat' dir='ltr'><strong>quicunque</strong></span> <span class='ocrx_word' id='word_1_477' title='bbox 2586 3052 2747 3115; x_wconf 79' lang='lat' dir='ltr'><strong>alios</strong></span> <span class='ocrx_word' id='word_1_478' title='bbox 2804 3059 3122 3116; x_wconf 88' lang='lat' dir='ltr'><strong>illuminare</strong></span> <span class='ocrx_word' id='word_1_479' title='bbox 3181 3069 3401 3131; x_wconf 87' lang='lat' dir='ltr'><strong>potest,</strong></span> <span class='ocrx_word' id='word_1_480' title='bbox 3457 3076 3568 3116; x_wconf 89' lang='lat' dir='ltr'><strong>non</strong></span> <span class='ocrx_word' id='word_1_481' title='bbox 3620 3067 3707 3118; x_wconf 88' lang='lat' dir='ltr'><strong>est</strong></span> 
     </span>
    </p>
   </div>
   <div class='ocr_carea' id='block_1_62' title="bbox 388 3139 2010 3248">
    <p class='ocr_par' dir='ltr' id='par_1_62' title="bbox 388 3153 2002 3232">
     <span class='ocr_line' id='line_1_62' title="bbox 388 3153 2002 3232; baseline -0.009 -13"><span class='ocrx_word' id='word_1_482' title='bbox 388 3167 456 3220; x_wconf 71' lang='grc' dir='ltr'>ιν</span> <span class='ocrx_word' id='word_1_483' title='bbox 484 3156 659 3232; x_wconf 73' lang='grc' dir='ltr'>σοφίᾳ</span> <span class='ocrx_word' id='word_1_484' title='bbox 683 3162 792 3232; x_wconf 78' lang='grc' dir='ltr'>γὰρ</span> <span class='ocrx_word' id='word_1_485' title='bbox 823 3160 854 3213; x_wconf 92' lang='lat'><strong>6</strong></span> <span class='ocrx_word' id='word_1_486' title='bbox 884 3158 1048 3227; x_wconf 82' lang='grc' dir='ltr'>σοφός</span> <span class='ocrx_word' id='word_1_487' title='bbox 1080 3158 1199 3211; x_wconf 65' lang='grc' dir='ltr'>ἔστι</span> <span class='ocrx_word' id='word_1_488' title='bbox 1232 3154 1418 3224; x_wconf 83' lang='grc' dir='ltr'>σοφὸς,</span> <span class='ocrx_word' id='word_1_489' title='bbox 1449 3153 1545 3208; x_wconf 83' lang='grc' dir='ltr'><strong>καὶ</strong></span> <span class='ocrx_word' id='word_1_490' title='bbox 1574 3154 1603 3206; x_wconf 95' lang='lat'><strong>6</strong></span> <span class='ocrx_word' id='word_1_491' title='bbox 1631 3154 1885 3215; x_wconf 76' lang='grc' dir='ltr'>συνετοὺς</span> <span class='ocrx_word' id='word_1_492' title='bbox 1913 3153 2002 3205; x_wconf 84' lang='grc' dir='ltr'><strong>ὲκ-</strong></span> 
     </span>
    </p>
   </div>
   <div class='ocr_carea' id='block_1_63' title="bbox 2112 3139 3704 3248">
    <p class='ocr_par' dir='ltr' id='par_1_63' title="bbox 2112 3139 3704 3225">
     <span class='ocr_line' id='line_1_63' title="bbox 2112 3139 3704 3225; baseline 0 -17"><span class='ocrx_word' id='word_1_493' title='bbox 2112 3153 2234 3225; x_wconf 87' lang='lat' dir='ltr'><strong>ipsa</strong></span> <span class='ocrx_word' id='word_1_494' title='bbox 2262 3153 2485 3225; x_wconf 91' lang='lat' dir='ltr'><strong>proprie</strong></span> <span class='ocrx_word' id='word_1_495' title='bbox 2515 3153 2629 3218; x_wconf 80' lang='lat' dir='ltr'><strong>lux,</strong></span> <span class='ocrx_word' id='word_1_496' title='bbox 2663 3152 2763 3209; x_wconf 90' lang='lat' dir='ltr'><strong>sed</strong></span> <span class='ocrx_word' id='word_1_497' title='bbox 2810 3152 2954 3207; x_wconf 89' lang='lat' dir='ltr'><strong>lucis</strong></span> <span class='ocrx_word' id='word_1_498' title='bbox 2982 3168 3091 3224; x_wconf 89' lang='lat' dir='ltr'><strong>qua</strong></span> <span class='ocrx_word' id='word_1_499' title='bbox 3127 3152 3395 3223; x_wconf 70' lang='lat' dir='ltr'><strong>praeditus</strong></span> <span class='ocrx_word' id='word_1_500' title='bbox 3427 3139 3515 3209; x_wconf 78' lang='lat' dir='ltr'><strong>est</strong></span> <span class='ocrx_word' id='word_1_501' title='bbox 3546 3167 3704 3208; x_wconf 79' lang='lat' dir='ltr'><strong>com-</strong></span> 
     </span>
    </p>
   </div>
   <div class='ocr_carea' id='block_1_64' title="bbox 388 3243 2008 3322">
    <p class='ocr_par' dir='ltr' id='par_1_64' title="bbox 388 3243 2008 3322">
     <span class='ocr_line' id='line_1_64' title="bbox 388 3243 2008 3322; baseline -0.008 -13"><span class='ocrx_word' id='word_1_502' title='bbox 388 3252 695 3319; x_wconf 82' lang='grc' dir='ltr'>διδάσκων,</span> <span class='ocrx_word' id='word_1_503' title='bbox 719 3252 820 3306; x_wconf 82' lang='grc' dir='ltr'><strong>οὐκ</strong></span> <span class='ocrx_word' id='word_1_504' title='bbox 853 3248 1183 3322; x_wconf 77' lang='grc' dir='ltr'>αὐτόχρημα</span> <span class='ocrx_word' id='word_1_505' title='bbox 1208 3252 1358 3301; x_wconf 74' lang='grc' dir='ltr'>ἐστιν</span> <span class='ocrx_word' id='word_1_506' title='bbox 1415 3245 1450 3317; x_wconf 83' lang='grc' dir='ltr'>ἡ</span> <span class='ocrx_word' id='word_1_507' title='bbox 1484 3244 1718 3310; x_wconf 80' lang='grc' dir='ltr'>σύνεσις,</span> <span class='ocrx_word' id='word_1_508' title='bbox 1747 3243 1882 3298; x_wconf 84' lang='grc' dir='ltr'><strong>ἀλλά</strong></span> <span class='ocrx_word' id='word_1_509' title='bbox 1908 3243 2008 3312; x_wconf 77' lang='grc' dir='ltr'>τῆς</span> 
     </span>
    </p>
   </div>
   <div class='ocr_carea' id='block_1_65' title="bbox 390 3334 2006 3415">
    <p class='ocr_par' dir='ltr' id='par_1_65' title="bbox 390 3334 2006 3415">
     <span class='ocr_line' id='line_1_65' title="bbox 390 3334 2006 3415; baseline -0.008 -15"><span class='ocrx_word' id='word_1_510' title='bbox 390 3338 829 3415; x_wconf 68' lang='grc' dir='ltr'>ινυπὰρχούσης</span> <span class='ocrx_word' id='word_1_511' title='bbox 854 3341 1008 3413; x_wconf 82' lang='grc' dir='ltr'>αὐτῷ</span> <span class='ocrx_word' id='word_1_512' title='bbox 1042 3340 1313 3403; x_wconf 86' lang='grc' dir='ltr'>συνέσεως</span> <span class='ocrx_word' id='word_1_513' title='bbox 1345 3337 1641 3411; x_wconf 84' lang='grc' dir='ltr'>ύπουργός.</span> <span class='ocrx_word' id='word_1_514' title='bbox 1680 3336 1769 3389; x_wconf 86' lang='grc' dir='ltr'>Ἐν</span> <span class='ocrx_word' id='word_1_515' title='bbox 1794 3334 2006 3389; x_wconf 82' lang='grc' dir='ltr'>συνέσει</span> 
     </span>
    </p>
   </div>
   <div class='ocr_carea' id='block_1_66' title="bbox 392 3422 2007 3508">
    <p class='ocr_par' dir='ltr' id='par_1_66' title="bbox 392 3422 2007 3508">
     <span class='ocr_line' id='line_1_66' title="bbox 392 3422 2007 3508; baseline -0.007 -16"><span class='ocrx_word' id='word_1_516' title='bbox 392 3436 514 3508; x_wconf 83' lang='grc' dir='ltr'><strong>γάρ</strong></span> <span class='ocrx_word' id='word_1_517' title='bbox 543 3436 654 3488; x_wconf 82' lang='grc' dir='ltr'>είσι</span> <span class='ocrx_word' id='word_1_518' title='bbox 679 3435 776 3488; x_wconf 74' lang='grc' dir='ltr'><strong>καὶ</strong></span> <span class='ocrx_word' id='word_1_519' title='bbox 803 3427 949 3488; x_wconf 78' lang='grc' dir='ltr'>οὗτοι</span> <span class='ocrx_word' id='word_1_520' title='bbox 985 3432 1222 3495; x_wconf 72' lang='grc' dir='ltr'>συνετοὶ,</span> <span class='ocrx_word' id='word_1_521' title='bbox 1252 3430 1348 3489; x_wconf 73' lang='grc' dir='ltr'><strong>καὶ</strong></span> <span class='ocrx_word' id='word_1_522' title='bbox 1373 3430 1402 3482; x_wconf 93' lang='lat'><strong>6</strong></span> <span class='ocrx_word' id='word_1_523' title='bbox 1436 3426 1694 3499; x_wconf 75' lang='grc' dir='ltr'>φωτίζειν</span> <span class='ocrx_word' id='word_1_524' title='bbox 1728 3422 1797 3481; x_wconf 82' lang='grc' dir='ltr'>αὖ</span> <span class='ocrx_word' id='word_1_525' title='bbox 1843 3425 2007 3481; x_wconf 83' lang='grc' dir='ltr'>πάλιν</span> 
     </span>
    </p>
   </div>
   <div class='ocr_carea' id='block_1_67' title="bbox 394 3514 2005 3599">
    <p class='ocr_par' dir='ltr' id='par_1_67' title="bbox 394 3514 2005 3599">
     <span class='ocr_line' id='line_1_67' title="bbox 394 3514 2005 3599; baseline -0.009 -18"><span class='ocrx_word' id='word_1_526' title='bbox 394 3527 632 3599; x_wconf 68' lang='grc' dir='ltr'>ἑτέρους</span> <span class='ocrx_word' id='word_1_527' title='bbox 678 3523 856 3589; x_wconf 78' lang='grc' dir='ltr'>εἰδὼς,</span> <span class='ocrx_word' id='word_1_528' title='bbox 913 3523 1015 3578; x_wconf 80' lang='grc' dir='ltr'><strong>οὐκ</strong></span> <span class='ocrx_word' id='word_1_529' title='bbox 1059 3520 1193 3575; x_wconf 83' lang='grc' dir='ltr'>αὐτὸ</span> <span class='ocrx_word' id='word_1_530' title='bbox 1240 3518 1446 3592; x_wconf 85' lang='grc' dir='ltr'>κυρίως</span> <span class='ocrx_word' id='word_1_531' title='bbox 1479 3517 1546 3572; x_wconf 83' lang='grc' dir='ltr'>ἂν</span> <span class='ocrx_word' id='word_1_532' title='bbox 1576 3519 1749 3570; x_wconf 82' lang='grc' dir='ltr'>νοοῖτο</span> <span class='ocrx_word' id='word_1_533' title='bbox 1776 3514 1837 3568; x_wconf 84' lang='grc' dir='ltr'>τὸ</span> <span class='ocrx_word' id='word_1_534' title='bbox 1867 3514 2005 3583; x_wconf 80' lang='grc' dir='ltr'>φῶς,</span> 
     </span>
    </p>
   </div>
   <div class='ocr_carea' id='block_1_68' title="bbox 394 3606 2008 3689">
    <p class='ocr_par' dir='ltr' id='par_1_68' title="bbox 394 3606 2008 3689">
     <span class='ocr_line' id='line_1_68' title="bbox 394 3606 2008 3689; baseline -0.012 -10"><span class='ocrx_word' id='word_1_535' title='bbox 394 3622 546 3679; x_wconf 81' lang='grc' dir='ltr'>ἀλλὰ</span> <span class='ocrx_word' id='word_1_536' title='bbox 578 3617 758 3689; x_wconf 78' lang='grc' dir='ltr'>φωτὸς</span> <span class='ocrx_word' id='word_1_537' title='bbox 777 3615 874 3672; x_wconf 91' lang='grc' dir='ltr'><strong>τοῦ</strong></span> <span class='ocrx_word' id='word_1_538' title='bbox 907 3618 965 3670; x_wconf 78' lang='grc' dir='ltr'>ὲν</span> <span class='ocrx_word' id='word_1_539' title='bbox 998 3613 1149 3687; x_wconf 83' lang='grc' dir='ltr'>αὐτῷ</span> <span class='ocrx_word' id='word_1_540' title='bbox 1171 3614 1499 3684; x_wconf 50' lang='grc' dir='ltr'>δανειστήν</span> <span class='ocrx_word' id='word_1_541' title='bbox 1530 3612 1610 3673; x_wconf 86' lang='grc' dir='ltr'><strong>είς</strong></span> <span class='ocrx_word' id='word_1_542' title='bbox 1633 3609 1852 3680; x_wconf 82' lang='grc' dir='ltr'>ἐτέρους</span> <span class='ocrx_word' id='word_1_543' title='bbox 1875 3606 2008 3661; x_wconf 81' lang='grc' dir='ltr'>αὐτὸ</span> 
     </span>
    </p>
   </div>
   <div class='ocr_carea' id='block_1_69' title="bbox 396 3701 2008 3787">
    <p class='ocr_par' dir='ltr' id='par_1_69' title="bbox 396 3701 2008 3787">
     <span class='ocr_line' id='line_1_69' title="bbox 396 3701 2008 3787; baseline -0.013 -15"><span class='ocrx_word' id='word_1_544' title='bbox 396 3712 803 3787; x_wconf 79' lang='grc' dir='ltr'>παραπέμπων</span> <span class='ocrx_word' id='word_1_545' title='bbox 854 3707 1121 3772; x_wconf 84' lang='grc' dir='ltr'>διδακτῶς</span> <span class='ocrx_word' id='word_1_546' title='bbox 1143 3746 1160 3770; x_wconf 85' lang='grc'><strong>,</strong></span> <span class='ocrx_word' id='word_1_547' title='bbox 1213 3706 1308 3761; x_wconf 85' lang='grc' dir='ltr'><strong>καί</strong></span> <span class='ocrx_word' id='word_1_548' title='bbox 1368 3701 1846 3773; x_wconf 84' lang='grc' dir='ltr'>κοινοποιούμενος</span> <span class='ocrx_word' id='word_1_549' title='bbox 1894 3701 2008 3763; x_wconf 89' lang='grc' dir='ltr'>τοῖς</span> 
     </span>
    </p>
   </div>
   <div class='ocr_carea' id='block_1_70' title="bbox 392 3790 2007 3876">
    <p class='ocr_par' dir='ltr' id='par_1_70' title="bbox 392 3790 2007 3876">
     <span class='ocr_line' id='line_1_70' title="bbox 392 3790 2007 3876; baseline -0.012 -12"><span class='ocrx_word' id='word_1_550' title='bbox 392 3807 590 3870; x_wconf 74' lang='grc' dir='ltr'>ἄλλοις</span> <span class='ocrx_word' id='word_1_551' title='bbox 619 3806 760 3876; x_wconf 80' lang='grc' dir='ltr'>ὅπερ</span> <span class='ocrx_word' id='word_1_552' title='bbox 803 3803 1030 3873; x_wconf 76' lang='grc' dir='ltr'>εἴληφεν</span> <span class='ocrx_word' id='word_1_553' title='bbox 1057 3797 1284 3869; x_wconf 86' lang='grc' dir='ltr'>ἀγαθόν.</span> <span class='ocrx_word' id='word_1_554' title='bbox 1338 3798 1524 3851; x_wconf 86' lang='grc' dir='ltr'>Διάτοι</span> <span class='ocrx_word' id='word_1_555' title='bbox 1550 3792 1708 3849; x_wconf 88' lang='grc' dir='ltr'>τοῦτο</span> <span class='ocrx_word' id='word_1_556' title='bbox 1741 3793 1835 3847; x_wconf 83' lang='grc' dir='ltr'><strong>καὶ</strong></span> <span class='ocrx_word' id='word_1_557' title='bbox 1869 3790 2007 3863; x_wconf 80' lang='grc' dir='ltr'>πρὸς</span> 
     </span>
    </p>
   </div>
   <div class='ocr_carea' id='block_1_71' title="bbox 390 3884 2004 3967">
    <p class='ocr_par' dir='ltr' id='par_1_71' title="bbox 390 3884 2004 3967">
     <span class='ocr_line' id='line_1_71' title="bbox 390 3884 2004 3967; baseline -0.012 -10"><span class='ocrx_word' id='word_1_558' title='bbox 390 3902 531 3964; x_wconf 72' lang='grc' dir='ltr'>τοὺς</span> <span class='ocrx_word' id='word_1_559' title='bbox 562 3898 757 3967; x_wconf 81' lang='grc' dir='ltr'>ἁγίους</span> <span class='ocrx_word' id='word_1_560' title='bbox 788 3894 1124 3957; x_wconf 80' lang='grc' dir='ltr'>ἀποστόλους</span> <span class='ocrx_word' id='word_1_561' title='bbox 1154 3891 1374 3960; x_wconf 72' lang='grc' dir='ltr'>ἐλέγετο</span> <span class='ocrx_word' id='word_1_562' title='bbox 1400 3905 1413 3918; x_wconf 91' lang='grc'><strong>·</strong></span> <span class='ocrx_word' id='word_1_563' title='bbox 1454 3906 1474 3939; x_wconf 84' lang='grc' dir='ltr'><strong>ι</strong></span> <span class='ocrx_word' id='word_1_564' title='bbox 1504 3887 1725 3958; x_wconf 85' lang='grc' dir='ltr'>Δωρεάν</span> <span class='ocrx_word' id='word_1_565' title='bbox 1757 3884 2004 3949; x_wconf 73' lang='grc' dir='ltr'>ἐλάϐετε,</span> 
     </span>
    </p>
   </div>
   <div class='ocr_carea' id='block_1_72' title="bbox 390 3976 2007 4066">
    <p class='ocr_par' dir='ltr' id='par_1_72' title="bbox 390 3976 2007 4066">
     <span class='ocr_line' id='line_1_72' title="bbox 390 3976 2007 4066; baseline -0.011 -18"><span class='ocrx_word' id='word_1_566' title='bbox 390 3991 616 4066; x_wconf 82' lang='grc' dir='ltr'>δωρεὰν</span> <span class='ocrx_word' id='word_1_567' title='bbox 643 3991 784 4046; x_wconf 85' lang='grc' dir='ltr'>δότε.</span> <span class='ocrx_word' id='word_1_568' title='bbox 817 4008 839 4041; x_wconf 76' lang='grc' dir='ltr'><strong>ι</strong></span> <span class='ocrx_word' id='word_1_569' title='bbox 871 3988 1016 4042; x_wconf 86' lang='grc' dir='ltr'>Ὅσα</span> <span class='ocrx_word' id='word_1_570' title='bbox 1041 3984 1149 4057; x_wconf 84' lang='grc' dir='ltr'><strong>γὰρ</strong></span> <span class='ocrx_word' id='word_1_571' title='bbox 1176 3979 1246 4056; x_wconf 77' lang='grc' dir='ltr'>ἦν</span> <span class='ocrx_word' id='word_1_572' title='bbox 1275 3982 1459 4045; x_wconf 79' lang='grc' dir='ltr'>αὐτοῖς</span> <span class='ocrx_word' id='word_1_573' title='bbox 1493 3978 1701 4051; x_wconf 78' lang='grc' dir='ltr'>ἀγαθὰ,</span> <span class='ocrx_word' id='word_1_574' title='bbox 1726 3979 1902 4036; x_wconf 87' lang='grc' dir='ltr'>ταῦτα</span> <span class='ocrx_word' id='word_1_575' title='bbox 1941 3976 2007 4049; x_wconf 82' lang='grc' dir='ltr'>δὴ</span> 
     </span>
    </p>
   </div>
   <div class='ocr_carea' id='block_1_73' title="bbox 392 4068 2008 4149">
    <p class='ocr_par' dir='ltr' id='par_1_73' title="bbox 392 4068 2008 4149">
     <span class='ocr_line' id='line_1_73' title="bbox 392 4068 2008 4149; baseline -0.013 -7"><span class='ocrx_word' id='word_1_576' title='bbox 392 4087 630 4149; x_wconf 84' lang='grc' dir='ltr'>πάντως</span> <span class='ocrx_word' id='word_1_577' title='bbox 677 4082 794 4137; x_wconf 73' lang='grc' dir='ltr'>ἐστὶ</span> <span class='ocrx_word' id='word_1_578' title='bbox 841 4081 941 4135; x_wconf 76' lang='grc' dir='ltr'><strong>καὶ</strong></span> <span class='ocrx_word' id='word_1_579' title='bbox 988 4077 1261 4133; x_wconf 84' lang='grc' dir='ltr'>θεόσδοτα.</span> <span class='ocrx_word' id='word_1_580' title='bbox 1298 4075 1411 4131; x_wconf 70' lang='grc' dir='ltr'><strong>Καὶ</strong></span> <span class='ocrx_word' id='word_1_581' title='bbox 1437 4073 1539 4127; x_wconf 75' lang='grc' dir='ltr'><strong>οὐκ</strong></span> <span class='ocrx_word' id='word_1_582' title='bbox 1581 4071 1648 4135; x_wconf 84' lang='grc' dir='ltr'>ἂν</span> <span class='ocrx_word' id='word_1_583' title='bbox 1680 4071 1818 4136; x_wconf 82' lang='grc' dir='ltr'>ὅλως</span> <span class='ocrx_word' id='word_1_584' title='bbox 1856 4068 2008 4133; x_wconf 84' lang='grc' dir='ltr'>ίδίοις</span> 
     </span>
    </p>
   </div>
   <div class='ocr_carea' id='block_1_74' title="bbox 391 4158 2005 4250">
    <p class='ocr_par' dir='ltr' id='par_1_74' title="bbox 391 4158 2005 4250">
     <span class='ocr_line' id='line_1_74' title="bbox 391 4158 2005 4250; baseline -0.014 -15"><span class='ocrx_word' id='word_1_585' title='bbox 391 4177 638 4250; x_wconf 79' lang='grc' dir='ltr'>ἀγαθοῖς</span> <span class='ocrx_word' id='word_1_586' title='bbox 681 4177 716 4247; x_wconf 71' lang='grc' dir='ltr'><strong>ἡ</strong></span> <span class='ocrx_word' id='word_1_587' title='bbox 749 4173 860 4227; x_wconf 83' lang='grc' dir='ltr'>τῶν</span> <span class='ocrx_word' id='word_1_588' title='bbox 890 4168 1200 4242; x_wconf 85' lang='grc' dir='ltr'>ἀνθρώπων</span> <span class='ocrx_word' id='word_1_589' title='bbox 1247 4162 1627 4236; x_wconf 68' lang='grc' dir='ltr'>ὲναγλαῖζοιτο</span> <span class='ocrx_word' id='word_1_590' title='bbox 1656 4162 1840 4231; x_wconf 79' lang='grc' dir='ltr'>φύσις,</span> <span class='ocrx_word' id='word_1_591' title='bbox 1889 4158 2005 4215; x_wconf 87' lang='grc' dir='ltr'>ἀλλ’</span> 
     </span>
    </p>
   </div>
   <div class='ocr_carea' id='block_1_75' title="bbox 390 4250 2007 4340">
    <p class='ocr_par' dir='ltr' id='par_1_75' title="bbox 390 4250 2007 4340">
     <span class='ocr_line' id='line_1_75' title="bbox 390 4250 2007 4340; baseline -0.015 -13"><span class='ocrx_word' id='word_1_592' title='bbox 390 4271 529 4327; x_wconf 76' lang='grc' dir='ltr'>οὐδὲ</span> <span class='ocrx_word' id='word_1_593' title='bbox 558 4270 595 4340; x_wconf 78' lang='grc' dir='ltr'>ἡ</span> <span class='ocrx_word' id='word_1_594' title='bbox 623 4265 735 4321; x_wconf 84' lang='grc' dir='ltr'><strong>τῶν</strong></span> <span class='ocrx_word' id='word_1_595' title='bbox 761 4264 933 4333; x_wconf 79' lang='grc' dir='ltr'>ἁγίων</span> <span class='ocrx_word' id='word_1_596' title='bbox 957 4260 1229 4331; x_wconf 84' lang='grc' dir='ltr'>ἀγγέλων.</span> <span class='ocrx_word' id='word_1_597' title='bbox 1262 4257 1420 4313; x_wconf 79' lang='grc' dir='ltr'>Μετά</span> <span class='ocrx_word' id='word_1_598' title='bbox 1453 4255 1564 4326; x_wconf 81' lang='grc' dir='ltr'><strong>γάρ</strong></span> <span class='ocrx_word' id='word_1_599' title='bbox 1584 4253 1679 4308; x_wconf 90' lang='grc' dir='ltr'><strong>τοῦ</strong></span> <span class='ocrx_word' id='word_1_600' title='bbox 1702 4250 2007 4322; x_wconf 83' lang='grc' dir='ltr'>κεκλῆσθαι</span> 
     </span>
    </p>
   </div>
   <div class='ocr_carea' id='block_1_76' title="bbox 395 4342 2007 4434">
    <p class='ocr_par' dir='ltr' id='par_1_76' title="bbox 395 4342 2007 4434">
     <span class='ocr_line' id='line_1_76' title="bbox 395 4342 2007 4434; baseline -0.012 -20"><span class='ocrx_word' id='word_1_601' title='bbox 395 4362 546 4434; x_wconf 70' lang='grc' dir='ltr'>πρὸς</span> <span class='ocrx_word' id='word_1_602' title='bbox 576 4359 813 4429; x_wconf 83' lang='grc' dir='ltr'>γένεσιν,</span> <span class='ocrx_word' id='word_1_603' title='bbox 849 4354 946 4409; x_wconf 79' lang='grc' dir='ltr'><strong>καὶ</strong></span> <span class='ocrx_word' id='word_1_604' title='bbox 979 4352 1071 4408; x_wconf 81' lang='grc' dir='ltr'>τὸν</span> <span class='ocrx_word' id='word_1_605' title='bbox 1100 4350 1195 4406; x_wconf 89' lang='grc' dir='ltr'><strong>τοῦ</strong></span> <span class='ocrx_word' id='word_1_606' title='bbox 1229 4350 1349 4413; x_wconf 81' lang='grc' dir='ltr'>πῶς</span> <span class='ocrx_word' id='word_1_607' title='bbox 1392 4344 1531 4402; x_wconf 75' lang='grc' dir='ltr'>εἶναι</span> <span class='ocrx_word' id='word_1_608' title='bbox 1574 4346 1733 4414; x_wconf 83' lang='grc' dir='ltr'>λόγον</span> <span class='ocrx_word' id='word_1_609' title='bbox 1777 4342 2007 4427; x_wconf 75' lang='grc' dir='ltr'>ἕκαστον</span> 
     </span>
    </p>
   </div>
   <div class='ocr_carea' id='block_1_77' title="bbox 392 4435 2009 4518">
    <p class='ocr_par' dir='ltr' id='par_1_77' title="bbox 392 4435 2009 4518">
     <span class='ocr_line' id='line_1_77' title="bbox 392 4435 2009 4518; baseline -0.014 -8"><span class='ocrx_word' id='word_1_610' title='bbox 392 4454 517 4510; x_wconf 79' lang='grc' dir='ltr'><strong>τῶν</strong></span> <span class='ocrx_word' id='word_1_611' title='bbox 570 4452 743 4507; x_wconf 73' lang='grc' dir='ltr'>ὅντων</span> <span class='ocrx_word' id='word_1_612' title='bbox 787 4448 904 4518; x_wconf 79' lang='grc' dir='ltr'>εχει</span> <span class='ocrx_word' id='word_1_613' title='bbox 959 4444 1113 4517; x_wconf 90' lang='grc' dir='ltr'><strong>παρά</strong></span> <span class='ocrx_word' id='word_1_614' title='bbox 1155 4440 1325 4506; x_wconf 84' lang='grc' dir='ltr'>Θεοῦ,</span> <span class='ocrx_word' id='word_1_615' title='bbox 1372 4439 1467 4494; x_wconf 73' lang='grc' dir='ltr'><strong>καὶ</strong></span> <span class='ocrx_word' id='word_1_616' title='bbox 1514 4436 1667 4492; x_wconf 82' lang='grc' dir='ltr'>οὐδὲν</span> <span class='ocrx_word' id='word_1_617' title='bbox 1715 4438 1773 4489; x_wconf 81' lang='grc' dir='ltr'>ὲν</span> <span class='ocrx_word' id='word_1_618' title='bbox 1822 4435 2009 4499; x_wconf 76' lang='grc' dir='ltr'>αὐτοῖς</span> 
     </span>
    </p>
   </div>
   <div class='ocr_carea' id='block_1_78' title="bbox 2110 3243 3703 3315">
    <p class='ocr_par' dir='ltr' id='par_1_78' title="bbox 2110 3243 3703 3315">
     <span class='ocr_line' id='line_1_78' title="bbox 2110 3243 3703 3315; baseline 0.001 -16"><span class='ocrx_word' id='word_1_619' title='bbox 2110 3244 2384 3311; x_wconf 86' lang='lat' dir='ltr'><strong>modator,</strong></span> <span class='ocrx_word' id='word_1_620' title='bbox 2417 3243 2547 3299; x_wconf 90' lang='lat' dir='ltr'><strong>dum</strong></span> <span class='ocrx_word' id='word_1_621' title='bbox 2576 3244 2702 3299; x_wconf 91' lang='lat' dir='ltr'><strong>aliis</strong></span> <span class='ocrx_word' id='word_1_622' title='bbox 2732 3243 2979 3298; x_wconf 78' lang='lat' dir='ltr'><strong>infundit</strong></span> <span class='ocrx_word' id='word_1_623' title='bbox 3007 3244 3372 3315; x_wconf 86' lang='lat' dir='ltr'><strong>docendoque</strong></span> <span class='ocrx_word' id='word_1_624' title='bbox 3390 3246 3703 3300; x_wconf 89' lang='lat' dir='ltr'><strong>communi-</strong></span> 
     </span>
    </p>
   </div>
   <div class='ocr_carea' id='block_1_79' title="bbox 2110 3336 3707 3409">
    <p class='ocr_par' dir='ltr' id='par_1_79' title="bbox 2110 3336 3707 3409">
     <span class='ocr_line' id='line_1_79' title="bbox 2110 3336 3707 3409; baseline 0.001 -15"><span class='ocrx_word' id='word_1_625' title='bbox 2110 3347 2203 3395; x_wconf 91' lang='lat' dir='ltr'><strong>cat</strong></span> <span class='ocrx_word' id='word_1_626' title='bbox 2232 3340 2381 3409; x_wconf 85' lang='lat' dir='ltr'><strong>quod</strong></span> <span class='ocrx_word' id='word_1_627' title='bbox 2431 3338 2654 3409; x_wconf 89' lang='lat' dir='ltr'><strong>accepit</strong></span> <span class='ocrx_word' id='word_1_628' title='bbox 2702 3338 2934 3393; x_wconf 84' lang='lat' dir='ltr'><strong>bonum.</strong></span> <span class='ocrx_word' id='word_1_629' title='bbox 2979 3337 3334 3409; x_wconf 88' lang='lat' dir='ltr'><strong>Proindeque</strong></span> <span class='ocrx_word' id='word_1_630' title='bbox 3364 3336 3579 3393; x_wconf 90' lang='lat' dir='ltr'><strong>dictum</strong></span> <span class='ocrx_word' id='word_1_631' title='bbox 3619 3345 3707 3395; x_wconf 82' lang='lat' dir='ltr'><strong>est</strong></span> 
     </span>
    </p>
   </div>
   <div class='ocr_carea' id='block_1_80' title="bbox 2108 3428 3707 3502">
    <p class='ocr_par' dir='ltr' id='par_1_80' title="bbox 2108 3428 3707 3502">
     <span class='ocr_line' id='line_1_80' title="bbox 2108 3428 3707 3502; baseline 0 -15"><span class='ocrx_word' id='word_1_632' title='bbox 2108 3431 2274 3487; x_wconf 88' lang='lat' dir='ltr'><strong>etiam</strong></span> <span class='ocrx_word' id='word_1_633' title='bbox 2308 3430 2518 3486; x_wconf 89' lang='lat' dir='ltr'><strong>sanctis</strong></span> <span class='ocrx_word' id='word_1_634' title='bbox 2553 3429 2863 3499; x_wconf 86' lang='lat' dir='ltr'><strong>apostolis:</strong></span> <span class='ocrx_word' id='word_1_635' title='bbox 2902 3448 2922 3482; x_wconf 85' lang='grc' dir='ltr'><strong>ι</strong></span> <span class='ocrx_word' id='word_1_636' title='bbox 2960 3428 3147 3487; x_wconf 87' lang='lat' dir='ltr'><strong>Gratis</strong></span> <span class='ocrx_word' id='word_1_637' title='bbox 3199 3431 3534 3500; x_wconf 89' lang='lat' dir='ltr'><strong>accepistis,</strong></span> <span class='ocrx_word' id='word_1_638' title='bbox 3578 3445 3707 3502; x_wconf 79' lang='lat' dir='ltr'><strong>gra-</strong></span> 
     </span>
    </p>
   </div>
   <div class='ocr_carea' id='block_1_81' title="bbox 2109 3520 3699 3593">
    <p class='ocr_par' dir='ltr' id='par_1_81' title="bbox 2109 3520 3699 3593">
     <span class='ocr_line' id='line_1_81' title="bbox 2109 3520 3699 3593; baseline 0 -15"><span class='ocrx_word' id='word_1_639' title='bbox 2109 3524 2182 3580; x_wconf 91' lang='lat' dir='ltr'><strong>tis</strong></span> <span class='ocrx_word' id='word_1_640' title='bbox 2234 3521 2442 3577; x_wconf 79' lang='lat' dir='ltr'><strong>date&quot;.</strong></span> <span class='ocrx_word' id='word_1_641' title='bbox 2482 3541 2501 3575; x_wconf 75' lang='grc' dir='ltr'><strong>ι</strong></span> <span class='ocrx_word' id='word_1_642' title='bbox 2548 3520 2831 3593; x_wconf 83' lang='lat' dir='ltr'><strong>Quidquid</strong></span> <span class='ocrx_word' id='word_1_643' title='bbox 2878 3524 3025 3578; x_wconf 90' lang='lat' dir='ltr'><strong>enim</strong></span> <span class='ocrx_word' id='word_1_644' title='bbox 3060 3524 3333 3579; x_wconf 87' lang='lat' dir='ltr'><strong>bonorum</strong></span> <span class='ocrx_word' id='word_1_645' title='bbox 3387 3523 3699 3591; x_wconf 85' lang='lat' dir='ltr'><strong>habebant,</strong></span> 
     </span>
    </p>
   </div>
   <div class='ocr_carea' id='block_1_82' title="bbox 2110 3614 3707 3687">
    <p class='ocr_par' dir='ltr' id='par_1_82' title="bbox 2110 3614 3707 3687">
     <span class='ocr_line' id='line_1_82' title="bbox 2110 3614 3707 3687; baseline 0.001 -17"><span class='ocrx_word' id='word_1_646' title='bbox 2110 3614 2244 3670; x_wconf 89' lang='lat' dir='ltr'><strong>illud</strong></span> <span class='ocrx_word' id='word_1_647' title='bbox 2269 3614 2537 3670; x_wconf 84' lang='lat' dir='ltr'><strong>divinitus</strong></span> <span class='ocrx_word' id='word_1_648' title='bbox 2563 3615 2857 3672; x_wconf 85' lang='lat' dir='ltr'><strong>consecuti</strong></span> <span class='ocrx_word' id='word_1_649' title='bbox 2897 3623 3081 3671; x_wconf 92' lang='lat' dir='ltr'><strong>erant.</strong></span> <span class='ocrx_word' id='word_1_650' title='bbox 3110 3614 3301 3687; x_wconf 83' lang='lat' dir='ltr'><strong>Neque</strong></span> <span class='ocrx_word' id='word_1_651' title='bbox 3334 3630 3468 3671; x_wconf 83' lang='lat' dir='ltr'><strong>vero</strong></span> <span class='ocrx_word' id='word_1_652' title='bbox 3503 3622 3707 3672; x_wconf 89' lang='lat' dir='ltr'><strong>natura</strong></span> 
     </span>
    </p>
   </div>
   <div class='ocr_carea' id='block_1_83' title="bbox 2111 3705 3707 3780">
    <p class='ocr_par' dir='ltr' id='par_1_83' title="bbox 2111 3705 3707 3780">
     <span class='ocr_line' id='line_1_83' title="bbox 2111 3705 3707 3780; baseline -0.001 -15"><span class='ocrx_word' id='word_1_653' title='bbox 2111 3707 2395 3767; x_wconf 82' lang='lat' dir='ltr'><strong>hominum</strong></span> <span class='ocrx_word' id='word_1_654' title='bbox 2455 3707 2512 3763; x_wconf 92' lang='lat' dir='ltr'><strong>in</strong></span> <span class='ocrx_word' id='word_1_655' title='bbox 2566 3708 2890 3763; x_wconf 85' lang='lat' dir='ltr'><strong>universum</strong></span> <span class='ocrx_word' id='word_1_656' title='bbox 2959 3709 3204 3779; x_wconf 88' lang='lat' dir='ltr'><strong>propriis</strong></span> <span class='ocrx_word' id='word_1_657' title='bbox 3261 3708 3424 3764; x_wconf 87' lang='lat' dir='ltr'><strong>bonis</strong></span> <span class='ocrx_word' id='word_1_658' title='bbox 3478 3705 3707 3780; x_wconf 87' lang='lat' dir='ltr'><strong>gloriari</strong></span> 
     </span>
    </p>
   </div>
   <div class='ocr_carea' id='block_1_84' title="bbox 2107 3801 3702 3874">
    <p class='ocr_par' dir='ltr' id='par_1_84' title="bbox 2107 3801 3702 3874">
     <span class='ocr_line' id='line_1_84' title="bbox 2107 3801 3702 3874; baseline 0 -19"><span class='ocrx_word' id='word_1_659' title='bbox 2107 3808 2321 3873; x_wconf 82' lang='lat' dir='ltr'><strong>potest,</strong></span> <span class='ocrx_word' id='word_1_660' title='bbox 2378 3817 2446 3856; x_wconf 91' lang='lat' dir='ltr'><strong>ne</strong></span> <span class='ocrx_word' id='word_1_661' title='bbox 2508 3801 2630 3872; x_wconf 88' lang='lat' dir='ltr'><strong>ipsa</strong></span> <span class='ocrx_word' id='word_1_662' title='bbox 2698 3801 2921 3873; x_wconf 89' lang='lat' dir='ltr'><strong>quidem</strong></span> <span class='ocrx_word' id='word_1_663' title='bbox 2984 3810 3313 3857; x_wconf 90' lang='lat' dir='ltr'><strong>sanctorum</strong></span> <span class='ocrx_word' id='word_1_664' title='bbox 3373 3802 3702 3874; x_wconf 85' lang='lat' dir='ltr'><strong>angelorum</strong></span> 
     </span>
    </p>
   </div>
   <div class='ocr_carea' id='block_1_85' title="bbox 2108 3882 3706 3965">
    <p class='ocr_par' dir='ltr' id='par_1_85' title="bbox 2108 3882 3706 3965">
     <span class='ocr_line' id='line_1_85' title="bbox 2108 3882 3706 3965; baseline 0 -16"><span class='ocrx_word' id='word_1_665' title='bbox 2108 3902 2331 3949; x_wconf 88' lang='lat' dir='ltr'><strong>natura.</strong></span> <span class='ocrx_word' id='word_1_666' title='bbox 2376 3892 2513 3948; x_wconf 84' lang='lat' dir='ltr'><strong>Nam</strong></span> <span class='ocrx_word' id='word_1_667' title='bbox 2552 3882 2751 3964; x_wconf 58' lang='lat' dir='ltr'><strong>praeter</strong></span> <span class='ocrx_word' id='word_1_668' title='bbox 2782 3910 2947 3964; x_wconf 86' lang='lat' dir='ltr'><strong>quam</strong></span> <span class='ocrx_word' id='word_1_669' title='bbox 2980 3896 3129 3964; x_wconf 91' lang='lat' dir='ltr'><strong>quod</strong></span> <span class='ocrx_word' id='word_1_670' title='bbox 3171 3895 3239 3950; x_wconf 90' lang='lat' dir='ltr'><strong>ad</strong></span> <span class='ocrx_word' id='word_1_671' title='bbox 3269 3910 3397 3962; x_wconf 82' lang='lat' dir='ltr'><strong>esse</strong></span> <span class='ocrx_word' id='word_1_672' title='bbox 3432 3893 3706 3965; x_wconf 78' lang='lat' dir='ltr'><strong>producta</strong></span> 
     </span>
    </p>
   </div>
   <div class='ocr_carea' id='block_1_86' title="bbox 2109 3986 3705 4058">
    <p class='ocr_par' dir='ltr' id='par_1_86' title="bbox 2109 3986 3705 4058">
     <span class='ocr_line' id='line_1_86' title="bbox 2109 3986 3705 4058; baseline -0.001 -15"><span class='ocrx_word' id='word_1_673' title='bbox 2109 3994 2239 4044; x_wconf 91' lang='lat' dir='ltr'><strong>sunt</strong></span> <span class='ocrx_word' id='word_1_674' title='bbox 2260 3989 2465 4054; x_wconf 88' lang='lat' dir='ltr'><strong>omnia,</strong></span> <span class='ocrx_word' id='word_1_675' title='bbox 2495 3986 2932 4058; x_wconf 87' lang='lat' dir='ltr'><strong>unumquodque</strong></span> <span class='ocrx_word' id='word_1_676' title='bbox 2957 3987 3266 4044; x_wconf 82' lang='lat' dir='ltr'><strong>exsisteudi</strong></span> <span class='ocrx_word' id='word_1_677' title='bbox 3296 3987 3518 4042; x_wconf 90' lang='lat' dir='ltr'><strong>modum</strong></span> <span class='ocrx_word' id='word_1_678' title='bbox 3539 3986 3705 4042; x_wconf 82' lang='lat' dir='ltr'><strong>habet</strong></span> 
     </span>
    </p>
   </div>
   <div class='ocr_carea' id='block_1_87' title="bbox 2109 4077 3704 4150">
    <p class='ocr_par' dir='ltr' id='par_1_87' title="bbox 2109 4077 3704 4150">
     <span class='ocr_line' id='line_1_87' title="bbox 2109 4077 3704 4150; baseline 0.003 -16"><span class='ocrx_word' id='word_1_679' title='bbox 2109 4094 2140 4134; x_wconf 89' lang='lat' dir='ltr'><strong>a</strong></span> <span class='ocrx_word' id='word_1_680' title='bbox 2187 4077 2320 4141; x_wconf 90' lang='lat' dir='ltr'><strong>Deo,</strong></span> <span class='ocrx_word' id='word_1_681' title='bbox 2372 4092 2475 4134; x_wconf 91' lang='lat' dir='ltr'><strong>nec</strong></span> <span class='ocrx_word' id='word_1_682' title='bbox 2505 4080 2561 4133; x_wconf 92' lang='lat' dir='ltr'><strong>in</strong></span> <span class='ocrx_word' id='word_1_683' title='bbox 2594 4078 2663 4135; x_wconf 88' lang='lat' dir='ltr'><strong>iis</strong></span> <span class='ocrx_word' id='word_1_684' title='bbox 2708 4079 3014 4150; x_wconf 89' lang='lat' dir='ltr'><strong>quidquam</strong></span> <span class='ocrx_word' id='word_1_685' title='bbox 3083 4080 3541 4135; x_wconf 88' lang='lat' dir='ltr'><strong>substantialiter</strong></span> <span class='ocrx_word' id='word_1_686' title='bbox 3575 4094 3704 4139; x_wconf 84' lang='lat' dir='ltr'><strong>esse</strong></span> 
     </span>
    </p>
   </div>
   <div class='ocr_carea' id='block_1_88' title="bbox 2109 4168 3705 4242">
    <p class='ocr_par' dir='ltr' id='par_1_88' title="bbox 2109 4168 3705 4242">
     <span class='ocr_line' id='line_1_88' title="bbox 2109 4168 3705 4242; baseline -0.001 -17"><span class='ocrx_word' id='word_1_687' title='bbox 2109 4170 2449 4242; x_wconf 75' lang='lat' dir='ltr'><strong>putabimus,</strong></span> <span class='ocrx_word' id='word_1_688' title='bbox 2481 4169 2626 4240; x_wconf 91' lang='lat' dir='ltr'><strong>quod</strong></span> <span class='ocrx_word' id='word_1_689' title='bbox 2648 4185 2676 4224; x_wconf 85' lang='lat' dir='ltr'><strong>a</strong></span> <span class='ocrx_word' id='word_1_690' title='bbox 2707 4169 3051 4241; x_wconf 83' lang='lat' dir='ltr'><strong>benignitate</strong></span> <span class='ocrx_word' id='word_1_691' title='bbox 3085 4169 3374 4227; x_wconf 85' lang='lat' dir='ltr'><strong>Creatoris</strong></span> <span class='ocrx_word' id='word_1_692' title='bbox 3396 4186 3506 4225; x_wconf 86' lang='lat' dir='ltr'><strong>non</strong></span> <span class='ocrx_word' id='word_1_693' title='bbox 3535 4168 3705 4240; x_wconf 80' lang='lat' dir='ltr'><strong>proli-</strong></span> 
     </span>
    </p>
   </div>
   <div class='ocr_carea' id='block_1_89' title="bbox 2108 4259 3702 4333">
    <p class='ocr_par' dir='ltr' id='par_1_89' title="bbox 2108 4259 3702 4333">
     <span class='ocr_line' id='line_1_89' title="bbox 2108 4259 3702 4333; baseline -0.001 -16"><span class='ocrx_word' id='word_1_694' title='bbox 2108 4262 2374 4326; x_wconf 81' lang='lat' dir='ltr'><strong>ciscatur,</strong></span> <span class='ocrx_word' id='word_1_695' title='bbox 2426 4268 2481 4317; x_wconf 92' lang='lat' dir='ltr'><strong>et</strong></span> <span class='ocrx_word' id='word_1_696' title='bbox 2530 4260 2748 4331; x_wconf 85' lang='lat' dir='ltr'><strong>opilicis</strong></span> <span class='ocrx_word' id='word_1_697' title='bbox 2798 4261 2996 4333; x_wconf 66' lang='lat' dir='ltr'><strong>gratiae</strong></span> <span class='ocrx_word' id='word_1_698' title='bbox 3061 4259 3338 4317; x_wconf 89' lang='lat' dir='ltr'><strong>radicitus</strong></span> <span class='ocrx_word' id='word_1_699' title='bbox 3402 4261 3702 4316; x_wconf 86' lang='lat' dir='ltr'><strong>innitatur.</strong></span> 
     </span>
    </p>
   </div>
   <div class='ocr_carea' id='block_1_90' title="bbox 2108 4352 3702 4426">
    <p class='ocr_par' dir='ltr' id='par_1_90' title="bbox 2108 4352 3702 4426">
     <span class='ocr_line' id='line_1_90' title="bbox 2108 4352 3702 4426; baseline -0.002 -15"><span class='ocrx_word' id='word_1_700' title='bbox 2108 4353 2298 4426; x_wconf 84' lang='lat' dir='ltr'><strong>itaque</strong></span> <span class='ocrx_word' id='word_1_701' title='bbox 2314 4370 2437 4410; x_wconf 91' lang='lat' dir='ltr'><strong>cum</strong></span> <span class='ocrx_word' id='word_1_702' title='bbox 2460 4370 2551 4410; x_wconf 89' lang='lat' dir='ltr'><strong>res</strong></span> <span class='ocrx_word' id='word_1_703' title='bbox 2572 4362 2773 4410; x_wconf 69' lang='lat' dir='ltr'><strong>creatae</strong></span> <span class='ocrx_word' id='word_1_704' title='bbox 2804 4352 3137 4425; x_wconf 68' lang='lat' dir='ltr'><strong>compositae</strong></span> <span class='ocrx_word' id='word_1_705' title='bbox 3173 4353 3321 4420; x_wconf 91' lang='lat' dir='ltr'><strong>sint,</strong></span> <span class='ocrx_word' id='word_1_706' title='bbox 3358 4352 3451 4407; x_wconf 83' lang='lat' dir='ltr'><strong>lux</strong></span> <span class='ocrx_word' id='word_1_707' title='bbox 3478 4352 3702 4423; x_wconf 88' lang='lat' dir='ltr'><strong>quidem</strong></span> 
     </span>
    </p>
   </div>
   <div class='ocr_carea' id='block_1_91' title="bbox 2109 4444 3723 4518">
    <p class='ocr_par' dir='ltr' id='par_1_91' title="bbox 2109 4444 3723 4518">
     <span class='ocr_line' id='line_1_91' title="bbox 2109 4444 3723 4518; baseline -0.001 -13"><span class='ocrx_word' id='word_1_708' title='bbox 2109 4450 2257 4505; x_wconf 87' lang='lat' dir='ltr'><strong>inter</strong></span> <span class='ocrx_word' id='word_1_709' title='bbox 2286 4463 2381 4504; x_wconf 90' lang='lat' dir='ltr'><strong>eas</strong></span> <span class='ocrx_word' id='word_1_710' title='bbox 2411 4446 2551 4502; x_wconf 88' lang='lat' dir='ltr'><strong>nihil</strong></span> <span class='ocrx_word' id='word_1_711' title='bbox 2586 4445 2817 4518; x_wconf 88' lang='lat' dir='ltr'><strong>proprie</strong></span> <span class='ocrx_word' id='word_1_712' title='bbox 2835 4460 2898 4499; x_wconf 92' lang='lat' dir='ltr'><strong>ac</strong></span> <span class='ocrx_word' id='word_1_713' title='bbox 2922 4444 3257 4516; x_wconf 89' lang='lat' dir='ltr'><strong>simpliciter</strong></span> <span class='ocrx_word' id='word_1_714' title='bbox 3287 4446 3417 4511; x_wconf 87' lang='lat' dir='ltr'><strong>crit,</strong></span> <span class='ocrx_word' id='word_1_715' title='bbox 3449 4446 3723 4503; x_wconf 35' lang='lat' dir='ltr'><strong>autcitras</strong></span> 
     </span>
    </p>
   </div>
   <div class='ocr_carea' id='block_1_92' title="bbox 391 4525 2010 4612">
    <p class='ocr_par' dir='ltr' id='par_1_92' title="bbox 391 4525 2006 4610">
     <span class='ocr_line' id='line_1_92' title="bbox 391 4525 2006 4610; baseline -0.015 -6"><span class='ocrx_word' id='word_1_716' title='bbox 391 4543 685 4607; x_wconf 83' lang='grc' dir='ltr'>οὐσιωδῶς</span> <span class='ocrx_word' id='word_1_717' title='bbox 718 4540 1050 4610; x_wconf 66' lang='grc' dir='ltr'>ἐνυπάρχειν</span> <span class='ocrx_word' id='word_1_718' title='bbox 1078 4530 1493 4603; x_wconf 81' lang='grc' dir='ltr'>διακεισόμεθα,</span> <span class='ocrx_word' id='word_1_719' title='bbox 1526 4527 1554 4581; x_wconf 87' lang='lat'><strong>6</strong></span> <span class='ocrx_word' id='word_1_720' title='bbox 1586 4527 1662 4599; x_wconf 81' lang='grc' dir='ltr'>μὴ</span> <span class='ocrx_word' id='word_1_721' title='bbox 1692 4525 1864 4595; x_wconf 85' lang='grc' dir='ltr'>δῶρόν</span> <span class='ocrx_word' id='word_1_722' title='bbox 1891 4528 2006 4580; x_wconf 74' lang='grc' dir='ltr'>ἐστι</span> 
     </span>
    </p>
   </div>
   <div class='ocr_carea' id='block_1_93' title="bbox 2112 4525 3707 4612">
    <p class='ocr_par' dir='ltr' id='par_1_93' title="bbox 2114 4537 3707 4612">
     <span class='ocr_line' id='line_1_93' title="bbox 2114 4537 3707 4612; baseline -0.003 -14"><span class='ocrx_word' id='word_1_723' title='bbox 2114 4540 2619 4612; x_wconf 84' lang='lat' dir='ltr'><strong>compositionem,</strong></span> <span class='ocrx_word' id='word_1_724' title='bbox 2684 4538 2780 4597; x_wconf 89' lang='lat' dir='ltr'><strong>sed</strong></span> <span class='ocrx_word' id='word_1_725' title='bbox 2851 4553 2951 4611; x_wconf 84' lang='lat' dir='ltr'><strong>per</strong></span> <span class='ocrx_word' id='word_1_726' title='bbox 3013 4537 3496 4609; x_wconf 85' lang='lat' dir='ltr'><strong>participationem</strong></span> <span class='ocrx_word' id='word_1_727' title='bbox 3557 4539 3707 4594; x_wconf 84' lang='lat' dir='ltr'><strong>istud</strong></span> 
     </span>
    </p>
   </div>
   <div class='ocr_carea' id='block_1_94' title="bbox 392 4615 2008 4712">
    <p class='ocr_par' dir='ltr' id='par_1_94' title="bbox 392 4615 2008 4712">
     <span class='ocr_line' id='line_1_94' title="bbox 392 4615 2008 4712; baseline -0.014 -19"><span class='ocrx_word' id='word_1_728' title='bbox 392 4641 506 4712; x_wconf 79' lang='grc' dir='ltr'>τῆς</span> <span class='ocrx_word' id='word_1_729' title='bbox 529 4635 629 4691; x_wconf 88' lang='grc' dir='ltr'><strong>τοῦ</strong></span> <span class='ocrx_word' id='word_1_730' title='bbox 655 4634 946 4696; x_wconf 81' lang='grc' dir='ltr'>κτίσαντος</span> <span class='ocrx_word' id='word_1_731' title='bbox 975 4626 1308 4701; x_wconf 81' lang='grc' dir='ltr'>φιλοτιμίας,</span> <span class='ocrx_word' id='word_1_732' title='bbox 1354 4623 1451 4679; x_wconf 71' lang='grc' dir='ltr'><strong>καὶ</strong></span> <span class='ocrx_word' id='word_1_733' title='bbox 1476 4621 1629 4696; x_wconf 75' lang='grc' dir='ltr'>ῥίζαν</span> <span class='ocrx_word' id='word_1_734' title='bbox 1658 4618 1772 4691; x_wconf 71' lang='grc' dir='ltr'>ἔχει</span> <span class='ocrx_word' id='word_1_735' title='bbox 1794 4619 1895 4691; x_wconf 86' lang='grc' dir='ltr'>τὴν</span> <span class='ocrx_word' id='word_1_736' title='bbox 1915 4615 2008 4672; x_wconf 90' lang='grc' dir='ltr'><strong>τοῦ</strong></span> 
     </span>
    </p>
   </div>
   <div class='ocr_carea' id='block_1_95' title="bbox 393 4712 2009 4801">
    <p class='ocr_par' dir='ltr' id='par_1_95' title="bbox 393 4712 2009 4801">
     <span class='ocr_line' id='line_1_95' title="bbox 393 4712 2009 4801; baseline -0.016 -14"><span class='ocrx_word' id='word_1_737' title='bbox 393 4728 925 4801; x_wconf 82' lang='grc' dir='ltr'>δημιουργήσαντος</span> <span class='ocrx_word' id='word_1_738' title='bbox 965 4722 1148 4795; x_wconf 87' lang='grc' dir='ltr'>χάριν.</span> <span class='ocrx_word' id='word_1_739' title='bbox 1182 4716 1393 4773; x_wconf 81' lang='grc' dir='ltr'>Οὐκοῦν</span> <span class='ocrx_word' id='word_1_740' title='bbox 1438 4713 1739 4787; x_wconf 77' lang='grc' dir='ltr'>ἐπειδήπερ</span> <span class='ocrx_word' id='word_1_741' title='bbox 1785 4712 1841 4764; x_wconf 81' lang='grc' dir='ltr'>ὲν</span> <span class='ocrx_word' id='word_1_742' title='bbox 1883 4727 2009 4764; x_wconf 81' lang='grc' dir='ltr'>συν-</span> 
     </span>
    </p>
   </div>
   <div class='ocr_carea' id='block_1_96' title="bbox 396 4803 2009 4891">
    <p class='ocr_par' dir='ltr' id='par_1_96' title="bbox 396 4803 2009 4891">
     <span class='ocr_line' id='line_1_96' title="bbox 396 4803 2009 4891; baseline -0.015 -10"><span class='ocrx_word' id='word_1_743' title='bbox 396 4825 562 4881; x_wconf 73' lang='grc' dir='ltr'>θέσει</span> <span class='ocrx_word' id='word_1_744' title='bbox 609 4823 682 4876; x_wconf 88' lang='grc' dir='ltr'><strong>τά</strong></span> <span class='ocrx_word' id='word_1_745' title='bbox 725 4818 955 4891; x_wconf 84' lang='grc' dir='ltr'>γενητὰ,</span> <span class='ocrx_word' id='word_1_746' title='bbox 1001 4814 1121 4887; x_wconf 84' lang='grc' dir='ltr'>φῶς</span> <span class='ocrx_word' id='word_1_747' title='bbox 1166 4813 1263 4885; x_wconf 73' lang='grc' dir='ltr'>μὲν</span> <span class='ocrx_word' id='word_1_748' title='bbox 1313 4812 1371 4865; x_wconf 79' lang='grc' dir='ltr'>ἐν</span> <span class='ocrx_word' id='word_1_749' title='bbox 1417 4809 1603 4871; x_wconf 78' lang='grc' dir='ltr'>αὐτοῖς</span> <span class='ocrx_word' id='word_1_750' title='bbox 1651 4805 1805 4861; x_wconf 82' lang='grc' dir='ltr'>οὐδὲν</span> <span class='ocrx_word' id='word_1_751' title='bbox 1854 4803 2009 4858; x_wconf 78' lang='grc' dir='ltr'>ἔσται</span> 
     </span>
    </p>
   </div>
   <div class='ocr_carea' id='block_1_97' title="bbox 397 4896 2011 4987">
    <p class='ocr_par' dir='ltr' id='par_1_97' title="bbox 397 4896 2011 4987">
     <span class='ocr_line' id='line_1_97' title="bbox 397 4896 2011 4987; baseline -0.015 -15"><span class='ocrx_word' id='word_1_752' title='bbox 397 4916 622 4987; x_wconf 81' lang='grc' dir='ltr'>κυρίως</span> <span class='ocrx_word' id='word_1_753' title='bbox 651 4930 712 4967; x_wconf 87' lang='grc' dir='ltr'><strong>τε</strong></span> <span class='ocrx_word' id='word_1_754' title='bbox 761 4911 856 4967; x_wconf 73' lang='grc' dir='ltr'><strong>καὶ</strong></span> <span class='ocrx_word' id='word_1_755' title='bbox 886 4907 1115 4973; x_wconf 83' lang='grc' dir='ltr'>ἁπλῶς,</span> <span class='ocrx_word' id='word_1_756' title='bbox 1168 4905 1291 4976; x_wconf 70' lang='grc' dir='ltr'>ἦτοι</span> <span class='ocrx_word' id='word_1_757' title='bbox 1338 4899 1685 4964; x_wconf 86' lang='grc' dir='ltr'>ἀσυνθέτως,</span> <span class='ocrx_word' id='word_1_758' title='bbox 1727 4896 2011 4968; x_wconf 82' lang='grc' dir='ltr'>μεθεκτῶς</span> 
     </span>
    </p>
   </div>
   <div class='ocr_carea' id='block_1_98' title="bbox 397 4991 2013 5074">
    <p class='ocr_par' dir='ltr' id='par_1_98' title="bbox 397 4991 2013 5074">
     <span class='ocr_line' id='line_1_98' title="bbox 397 4991 2013 5074; baseline -0.011 -10"><span class='ocrx_word' id='word_1_759' title='bbox 397 5011 462 5066; x_wconf 77' lang='grc' dir='ltr'>δὲ</span> <span class='ocrx_word' id='word_1_760' title='bbox 496 5008 596 5062; x_wconf 74' lang='grc' dir='ltr'><strong>καὶ</strong></span> <span class='ocrx_word' id='word_1_761' title='bbox 624 5003 785 5059; x_wconf 87' lang='grc' dir='ltr'>τοῦτο</span> <span class='ocrx_word' id='word_1_762' title='bbox 814 5003 1039 5074; x_wconf 84' lang='grc' dir='ltr'>φορέσει</span> <span class='ocrx_word' id='word_1_763' title='bbox 1086 4997 1226 5072; x_wconf 76' lang='grc' dir='ltr'>μετὰ</span> <span class='ocrx_word' id='word_1_764' title='bbox 1257 4996 1367 5051; x_wconf 87' lang='grc' dir='ltr'><strong>τῶν</strong></span> <span class='ocrx_word' id='word_1_765' title='bbox 1392 4995 1567 5051; x_wconf 78' lang='grc' dir='ltr'>ἄλλων</span> <span class='ocrx_word' id='word_1_766' title='bbox 1594 4992 1830 5048; x_wconf 78' lang='grc' dir='ltr'>λαϐόντα</span> <span class='ocrx_word' id='word_1_767' title='bbox 1857 4991 2013 5064; x_wconf 83' lang='grc' dir='ltr'><strong>παρά</strong></span> 
     </span>
    </p>
   </div>
   <div class='ocr_carea' id='block_1_99' title="bbox 399 5083 2014 5163">
    <p class='ocr_par' dir='ltr' id='par_1_99' title="bbox 399 5083 2014 5163">
     <span class='ocr_line' id='line_1_99' title="bbox 399 5083 2014 5163; baseline -0.01 -8"><span class='ocrx_word' id='word_1_768' title='bbox 399 5098 571 5155; x_wconf 82' lang='grc' dir='ltr'>Θεοῦ.</span> <span class='ocrx_word' id='word_1_769' title='bbox 600 5096 722 5160; x_wconf 63' lang='grc' dir='ltr'><strong>1ἱῶς</strong></span> <span class='ocrx_word' id='word_1_770' title='bbox 747 5095 806 5150; x_wconf 80' lang='grc' dir='ltr'>δὲ</span> <span class='ocrx_word' id='word_1_771' title='bbox 828 5091 897 5151; x_wconf 80' lang='grc' dir='ltr'>αὖ</span> <span class='ocrx_word' id='word_1_772' title='bbox 923 5093 984 5155; x_wconf 76' lang='grc' dir='ltr'>τὸ</span> <span class='ocrx_word' id='word_1_773' title='bbox 1006 5088 1282 5163; x_wconf 76' lang='grc' dir='ltr'>ἀληθινὸν,</span> <span class='ocrx_word' id='word_1_774' title='bbox 1312 5086 1374 5141; x_wconf 83' lang='grc' dir='ltr'><strong>τὸ</strong></span> <span class='ocrx_word' id='word_1_775' title='bbox 1402 5083 1637 5156; x_wconf 79' lang='grc' dir='ltr'>φωτίζον</span> <span class='ocrx_word' id='word_1_776' title='bbox 1666 5085 1834 5151; x_wconf 74' lang='grc' dir='ltr'>ἐστὶν,</span> <span class='ocrx_word' id='word_1_777' title='bbox 1862 5085 1924 5138; x_wconf 81' lang='grc' dir='ltr'>οὐ</span> <span class='ocrx_word' id='word_1_778' title='bbox 1951 5083 2014 5139; x_wconf 81' lang='grc' dir='ltr'>τὸ</span> 
     </span>
    </p>
   </div>
   <div class='ocr_carea' id='block_1_100' title="bbox 400 5175 2018 5265">
    <p class='ocr_par' dir='ltr' id='par_1_100' title="bbox 400 5175 2018 5265">
     <span class='ocr_line' id='line_1_100' title="bbox 400 5175 2018 5265; baseline -0.01 -17"><span class='ocrx_word' id='word_1_779' title='bbox 400 5192 543 5265; x_wconf 84' lang='grc' dir='ltr'>παρ’</span> <span class='ocrx_word' id='word_1_780' title='bbox 569 5190 761 5262; x_wconf 78' lang='grc' dir='ltr'>ἑτέρου</span> <span class='ocrx_word' id='word_1_781' title='bbox 792 5188 1184 5260; x_wconf 78' lang='grc' dir='ltr'>φωτιζόμενον,</span> <span class='ocrx_word' id='word_1_782' title='bbox 1214 5183 1352 5253; x_wconf 82' lang='grc' dir='ltr'>ὅπερ</span> <span class='ocrx_word' id='word_1_783' title='bbox 1382 5181 1530 5233; x_wconf 71' lang='grc' dir='ltr'>ἐστὶν</span> <span class='ocrx_word' id='word_1_784' title='bbox 1553 5181 1582 5231; x_wconf 93' lang='lat'><strong>6</strong></span> <span class='ocrx_word' id='word_1_785' title='bbox 1615 5175 1929 5248; x_wconf 78' lang='grc' dir='ltr'>Μονογενῆς</span> <span class='ocrx_word' id='word_1_786' title='bbox 1959 5180 2018 5233; x_wconf 77' lang='grc' dir='ltr'>ἐν</span> 
     </span>
    </p>
   </div>
   <div class='ocr_carea' id='block_1_101' title="bbox 404 5272 2012 5358">
    <p class='ocr_par' dir='ltr' id='par_1_101' title="bbox 404 5272 2012 5358">
     <span class='ocr_line' id='line_1_101' title="bbox 404 5272 2012 5358; baseline -0.012 -15"><span class='ocrx_word' id='word_1_787' title='bbox 404 5286 562 5358; x_wconf 73' lang='grc' dir='ltr'>ἁπλῇ</span> <span class='ocrx_word' id='word_1_788' title='bbox 621 5285 720 5339; x_wconf 79' lang='grc' dir='ltr'><strong>καὶ</strong></span> <span class='ocrx_word' id='word_1_789' title='bbox 750 5282 1036 5355; x_wconf 79' lang='grc' dir='ltr'>ἀσυνθέτῳ</span> <span class='ocrx_word' id='word_1_790' title='bbox 1077 5278 1368 5350; x_wconf 84' lang='grc' dir='ltr'>νοούμενος</span> <span class='ocrx_word' id='word_1_791' title='bbox 1412 5274 1597 5347; x_wconf 83' lang='grc' dir='ltr'>φύσει,</span> <span class='ocrx_word' id='word_1_792' title='bbox 1644 5272 1871 5344; x_wconf 82' lang='grc' dir='ltr'>διπλόης</span> <span class='ocrx_word' id='word_1_793' title='bbox 1902 5272 2012 5345; x_wconf 85' lang='grc' dir='ltr'><strong>γάρ</strong></span> 
     </span>
    </p>
   </div>
   <div class='ocr_carea' id='block_1_102' title="bbox 396 5365 2010 5450">
    <p class='ocr_par' dir='ltr' id='par_1_102' title="bbox 396 5365 2010 5450">
     <span class='ocr_line' id='line_1_102' title="bbox 396 5365 2010 5450; baseline -0.012 -14"><span class='ocrx_word' id='word_1_794' title='bbox 396 5378 640 5450; x_wconf 78' lang='grc' dir='ltr'>ἀπάσης</span> <span class='ocrx_word' id='word_1_795' title='bbox 678 5377 742 5431; x_wconf 81' lang='grc' dir='ltr'>τὸ</span> <span class='ocrx_word' id='word_1_796' title='bbox 777 5376 924 5430; x_wconf 90' lang='grc' dir='ltr'>θεῖον</span> <span class='ocrx_word' id='word_1_797' title='bbox 975 5372 1266 5444; x_wconf 78' lang='grc' dir='ltr'>ἀποφοιτᾷ.</span> <span class='ocrx_word' id='word_1_798' title='bbox 1321 5370 1436 5423; x_wconf 74' lang='grc' dir='ltr'><strong>Καὶ</strong></span> <span class='ocrx_word' id='word_1_799' title='bbox 1483 5365 1661 5421; x_wconf 80' lang='grc' dir='ltr'>ταῦτα</span> <span class='ocrx_word' id='word_1_800' title='bbox 1711 5366 1811 5438; x_wconf 86' lang='grc' dir='ltr'>μὲν</span> <span class='ocrx_word' id='word_1_801' title='bbox 1843 5365 1973 5438; x_wconf 79' lang='grc' dir='ltr'>τῇδε</span> <span class='ocrx_word' id='word_1_802' title='bbox 1997 5379 2010 5392; x_wconf 78' lang='grc' dir='ltr'><strong>ο</strong></span> 
     </span>
    </p>
   </div>
   <div class='ocr_carea' id='block_1_103' title="bbox 400 5456 2012 5541">
    <p class='ocr_par' dir='ltr' id='par_1_103' title="bbox 400 5456 2012 5541">
     <span class='ocr_line' id='line_1_103' title="bbox 400 5456 2012 5541; baseline -0.012 -13"><span class='ocrx_word' id='word_1_803' title='bbox 400 5470 582 5528; x_wconf 76' lang='grc' dir='ltr'>πάλιν</span> <span class='ocrx_word' id='word_1_804' title='bbox 613 5469 674 5523; x_wconf 73' lang='grc' dir='ltr'>δὲ</span> <span class='ocrx_word' id='word_1_805' title='bbox 704 5470 842 5541; x_wconf 81' lang='grc' dir='ltr'>ἡμῖν</span> <span class='ocrx_word' id='word_1_806' title='bbox 876 5468 999 5538; x_wconf 66' lang='grc' dir='ltr'>ἐρεῖ</span> <span class='ocrx_word' id='word_1_807' title='bbox 1028 5464 1194 5537; x_wconf 83' lang='grc' dir='ltr'>τυχὸν</span> <span class='ocrx_word' id='word_1_808' title='bbox 1222 5464 1251 5518; x_wconf 91' lang='lat'><strong>6</strong></span> <span class='ocrx_word' id='word_1_809' title='bbox 1278 5462 1344 5518; x_wconf 80' lang='grc' dir='ltr'>δι’</span> <span class='ocrx_word' id='word_1_810' title='bbox 1374 5459 1649 5523; x_wconf 79' lang='grc' dir='ltr'>ὲναντίαςο</span> <span class='ocrx_word' id='word_1_811' title='bbox 1694 5456 1761 5512; x_wconf 82' lang='grc' dir='ltr'><strong>Εἰ</strong></span> <span class='ocrx_word' id='word_1_812' title='bbox 1789 5458 1865 5530; x_wconf 85' lang='grc' dir='ltr'>μὴ</span> <span class='ocrx_word' id='word_1_813' title='bbox 1896 5457 2012 5528; x_wconf 79' lang='grc' dir='ltr'><strong>φῶς</strong></span> 
     </span>
    </p>
   </div>
   <div class='ocr_carea' id='block_1_104' title="bbox 403 5550 2014 5638">
    <p class='ocr_par' dir='ltr' id='par_1_104' title="bbox 403 5550 2014 5638">
     <span class='ocr_line' id='line_1_104' title="bbox 403 5550 2014 5638; baseline -0.01 -17"><span class='ocrx_word' id='word_1_814' title='bbox 403 5567 668 5638; x_wconf 78' lang='grc' dir='ltr'>ὑπῆρχον</span> <span class='ocrx_word' id='word_1_815' title='bbox 685 5561 830 5618; x_wconf 82' lang='grc' dir='ltr'><strong>κατά</strong></span> <span class='ocrx_word' id='word_1_816' title='bbox 854 5559 1019 5631; x_wconf 84' lang='grc' dir='ltr'>φύσιν</span> <span class='ocrx_word' id='word_1_817' title='bbox 1043 5560 1094 5614; x_wconf 80' lang='lat' dir='ltr'><strong>ei</strong></span> <span class='ocrx_word' id='word_1_818' title='bbox 1123 5557 1291 5627; x_wconf 72' lang='grc' dir='ltr'>ἅγιοι,</span> <span class='ocrx_word' id='word_1_819' title='bbox 1314 5554 1405 5610; x_wconf 71' lang='grc' dir='ltr'>διὰ</span> <span class='ocrx_word' id='word_1_820' title='bbox 1426 5553 1587 5608; x_wconf 79' lang='grc' dir='ltr'>ποίαν</span> <span class='ocrx_word' id='word_1_821' title='bbox 1612 5550 1793 5607; x_wconf 74' lang='grc' dir='ltr'>αἰτίαν</span> <span class='ocrx_word' id='word_1_822' title='bbox 1815 5551 2014 5618; x_wconf 82' lang='grc' dir='ltr'>αὐτοὺς</span> 
     </span>
    </p>
   </div>
   <div class='ocr_carea' id='block_1_105' title="bbox 403 5643 2018 5729">
    <p class='ocr_par' dir='ltr' id='par_1_105' title="bbox 403 5643 2018 5729">
     <span class='ocr_line' id='line_1_105' title="bbox 403 5643 2018 5729; baseline -0.009 -14"><span class='ocrx_word' id='word_1_823' title='bbox 403 5657 538 5729; x_wconf 81' lang='grc' dir='ltr'>οὐχὶ</span> <span class='ocrx_word' id='word_1_824' title='bbox 562 5654 744 5728; x_wconf 76' lang='grc' dir='ltr'>φωτὸς</span> <span class='ocrx_word' id='word_1_825' title='bbox 772 5652 1045 5729; x_wconf 75' lang='grc' dir='ltr'>ἀπεκάλει</span> <span class='ocrx_word' id='word_1_826' title='bbox 1083 5650 1369 5723; x_wconf 85' lang='grc' dir='ltr'>μετόχους,</span> <span class='ocrx_word' id='word_1_827' title='bbox 1402 5645 1538 5703; x_wconf 86' lang='grc' dir='ltr'><strong>ἀλλά</strong></span> <span class='ocrx_word' id='word_1_828' title='bbox 1583 5643 1701 5715; x_wconf 80' lang='grc' dir='ltr'><strong>φῶς</strong></span> <span class='ocrx_word' id='word_1_829' title='bbox 1734 5643 2018 5716; x_wconf 73' lang='grc' dir='ltr'>ὠνόμαζεν</span> 
     </span>
    </p>
   </div>
   <div class='ocr_carea' id='block_1_106' title="bbox 2112 4629 3708 4705">
    <p class='ocr_par' dir='ltr' id='par_1_106' title="bbox 2112 4629 3708 4705">
     <span class='ocr_line' id='line_1_106' title="bbox 2112 4629 3708 4705; baseline -0.005 -12"><span class='ocrx_word' id='word_1_830' title='bbox 2112 4636 2295 4705; x_wconf 14' lang='lat' dir='ltr'><strong>etiam,</strong></span> <span class='ocrx_word' id='word_1_831' title='bbox 2323 4649 2449 4689; x_wconf 89' lang='lat' dir='ltr'><strong>cum</strong></span> <span class='ocrx_word' id='word_1_832' title='bbox 2511 4633 2730 4690; x_wconf 66' lang='lat' dir='ltr'><strong>caeteris</strong></span> <span class='ocrx_word' id='word_1_833' title='bbox 2782 4646 2813 4687; x_wconf 91' lang='lat' dir='ltr'><strong>a</strong></span> <span class='ocrx_word' id='word_1_834' title='bbox 2868 4630 2981 4687; x_wconf 85' lang='lat' dir='ltr'><strong>Deo</strong></span> <span class='ocrx_word' id='word_1_835' title='bbox 3018 4631 3309 4703; x_wconf 87' lang='lat' dir='ltr'><strong>suscipiet.</strong></span> <span class='ocrx_word' id='word_1_836' title='bbox 3368 4629 3484 4685; x_wconf 77' lang='lat' dir='ltr'><strong>Lux</strong></span> <span class='ocrx_word' id='word_1_837' title='bbox 3522 4640 3708 4686; x_wconf 90' lang='lat' dir='ltr'><strong>autem</strong></span> 
     </span>
    </p>
   </div>
   <div class='ocr_carea' id='block_1_107' title="bbox 2114 4705 3708 4795">
    <p class='ocr_par' dir='ltr' id='par_1_107' title="bbox 2114 4705 3708 4795">
     <span class='ocr_line' id='line_1_107' title="bbox 2114 4705 3708 4795; baseline -0.004 -13"><span class='ocrx_word' id='word_1_838' title='bbox 2114 4741 2246 4782; x_wconf 86' lang='lat' dir='ltr'><strong>vera</strong></span> <span class='ocrx_word' id='word_1_839' title='bbox 2277 4733 2361 4781; x_wconf 85' lang='lat' dir='ltr'><strong>est</strong></span> <span class='ocrx_word' id='word_1_840' title='bbox 2392 4705 2513 4795; x_wconf 75' lang='lat' dir='ltr'><strong>quae</strong></span> <span class='ocrx_word' id='word_1_841' title='bbox 2547 4723 2857 4789; x_wconf 86' lang='lat' dir='ltr'><strong>illuminat,</strong></span> <span class='ocrx_word' id='word_1_842' title='bbox 2906 4736 3020 4775; x_wconf 90' lang='lat' dir='ltr'><strong>non</strong></span> <span class='ocrx_word' id='word_1_843' title='bbox 3058 4737 3183 4792; x_wconf 68' lang='lat' dir='ltr'><strong>quae</strong></span> <span class='ocrx_word' id='word_1_844' title='bbox 3237 4721 3583 4775; x_wconf 81' lang='lat' dir='ltr'><strong>illuuiinatur</strong></span> <span class='ocrx_word' id='word_1_845' title='bbox 3636 4721 3708 4775; x_wconf 88' lang='lat' dir='ltr'><strong>ab</strong></span> 
     </span>
    </p>
   </div>
   <div class='ocr_carea' id='block_1_108' title="bbox 2113 4811 3712 4889">
    <p class='ocr_par' dir='ltr' id='par_1_108' title="bbox 2113 4811 3712 4889">
     <span class='ocr_line' id='line_1_108' title="bbox 2113 4811 3712 4889; baseline -0.005 -14"><span class='ocrx_word' id='word_1_846' title='bbox 2113 4822 2248 4884; x_wconf 88' lang='lat' dir='ltr'><strong>alio,</strong></span> <span class='ocrx_word' id='word_1_847' title='bbox 2292 4814 2606 4889; x_wconf 86' lang='lat' dir='ltr'><strong>cujusmodi</strong></span> <span class='ocrx_word' id='word_1_848' title='bbox 2657 4824 2742 4871; x_wconf 89' lang='lat' dir='ltr'><strong>est</strong></span> <span class='ocrx_word' id='word_1_849' title='bbox 2767 4813 3127 4884; x_wconf 81' lang='lat' dir='ltr'><strong>Unigenitus,</strong></span> <span class='ocrx_word' id='word_1_850' title='bbox 3162 4813 3256 4884; x_wconf 90' lang='lat' dir='ltr'><strong>qui</strong></span> <span class='ocrx_word' id='word_1_851' title='bbox 3306 4814 3361 4866; x_wconf 92' lang='lat' dir='ltr'><strong>in</strong></span> <span class='ocrx_word' id='word_1_852' title='bbox 3394 4811 3631 4882; x_wconf 87' lang='lat' dir='ltr'><strong>simplici</strong></span> <span class='ocrx_word' id='word_1_853' title='bbox 3656 4818 3712 4867; x_wconf 85' lang='lat' dir='ltr'><strong>et</strong></span> 
     </span>
    </p>
   </div>
   <div class='ocr_carea' id='block_1_109' title="bbox 2113 4900 3701 4979">
    <p class='ocr_par' dir='ltr' id='par_1_109' title="bbox 2113 4900 3701 4979">
     <span class='ocr_line' id='line_1_109' title="bbox 2113 4900 3701 4979; baseline -0.008 -14"><span class='ocrx_word' id='word_1_854' title='bbox 2113 4907 2488 4979; x_wconf 86' lang='lat' dir='ltr'><strong>incomposita</strong></span> <span class='ocrx_word' id='word_1_855' title='bbox 2515 4913 2717 4960; x_wconf 88' lang='lat' dir='ltr'><strong>natura</strong></span> <span class='ocrx_word' id='word_1_856' title='bbox 2746 4920 2872 4959; x_wconf 89' lang='lat' dir='ltr'><strong>esse</strong></span> <span class='ocrx_word' id='word_1_857' title='bbox 2908 4903 3261 4974; x_wconf 81' lang='lat' dir='ltr'><strong>intelligitur,</strong></span> <span class='ocrx_word' id='word_1_858' title='bbox 3282 4917 3411 4957; x_wconf 91' lang='lat' dir='ltr'><strong>cum</strong></span> <span class='ocrx_word' id='word_1_859' title='bbox 3444 4902 3500 4957; x_wconf 91' lang='lat' dir='ltr'><strong>in</strong></span> <span class='ocrx_word' id='word_1_860' title='bbox 3529 4900 3701 4957; x_wconf 89' lang='lat' dir='ltr'><strong>Deum</strong></span> 
     </span>
    </p>
   </div>
   <div class='ocr_carea' id='block_1_110' title="bbox 2113 4996 3716 5070">
    <p class='ocr_par' dir='ltr' id='par_1_110' title="bbox 2113 4996 3716 5070">
     <span class='ocr_line' id='line_1_110' title="bbox 2113 4996 3716 5070; baseline -0.004 -12"><span class='ocrx_word' id='word_1_861' title='bbox 2113 5003 2262 5058; x_wconf 91' lang='lat' dir='ltr'><strong>nulla</strong></span> <span class='ocrx_word' id='word_1_862' title='bbox 2301 5001 2504 5057; x_wconf 83' lang='lat' dir='ltr'><strong>cadere</strong></span> <span class='ocrx_word' id='word_1_863' title='bbox 2559 4996 2738 5070; x_wconf 89' lang='lat' dir='ltr'><strong>possit</strong></span> <span class='ocrx_word' id='word_1_864' title='bbox 2769 4996 3124 5067; x_wconf 88' lang='lat' dir='ltr'><strong>compositio.</strong></span> <span class='ocrx_word' id='word_1_865' title='bbox 3155 4996 3338 5068; x_wconf 86' lang='lat' dir='ltr'><strong>Atque</strong></span> <span class='ocrx_word' id='word_1_866' title='bbox 3368 4996 3485 5051; x_wconf 64' lang='lat' dir='ltr'><strong>haec</strong></span> <span class='ocrx_word' id='word_1_867' title='bbox 3526 4996 3599 5051; x_wconf 87' lang='lat' dir='ltr'><strong>ita</strong></span> <span class='ocrx_word' id='word_1_868' title='bbox 3650 5011 3716 5052; x_wconf 76' lang='lat' dir='ltr'><strong>se</strong></span> 
     </span>
    </p>
   </div>
   <div class='ocr_carea' id='block_1_111' title="bbox 2072 5088 3712 5168">
    <p class='ocr_par' dir='ltr' id='par_1_111' title="bbox 2072 5088 3712 5168">
     <span class='ocr_line' id='line_1_111' title="bbox 2072 5088 3712 5168; baseline -0.005 -16"><span class='ocrx_word' id='word_1_869' title='bbox 2072 5138 2088 5151; x_wconf 66' lang='grc' dir='ltr'><strong><em>ρ</em></strong></span> <span class='ocrx_word' id='word_1_870' title='bbox 2114 5096 2335 5168; x_wconf 88' lang='lat' dir='ltr'><strong>quidem</strong></span> <span class='ocrx_word' id='word_1_871' title='bbox 2370 5092 2612 5158; x_wconf 86' lang='lat' dir='ltr'><strong>habent;</strong></span> <span class='ocrx_word' id='word_1_872' title='bbox 2643 5090 2741 5147; x_wconf 90' lang='lat' dir='ltr'><strong>sed</strong></span> <span class='ocrx_word' id='word_1_873' title='bbox 2793 5105 3026 5146; x_wconf 89' lang='lat' dir='ltr'><strong>rursum</strong></span> <span class='ocrx_word' id='word_1_874' title='bbox 3062 5090 3225 5145; x_wconf 91' lang='lat' dir='ltr'><strong>nobis</strong></span> <span class='ocrx_word' id='word_1_875' title='bbox 3259 5088 3451 5146; x_wconf 80' lang='lat' dir='ltr'><strong>forsan</strong></span> <span class='ocrx_word' id='word_1_876' title='bbox 3481 5088 3712 5161; x_wconf 63' lang='lat' dir='ltr'><strong>objiciet</strong></span> 
     </span>
    </p>
   </div>
   <div class='ocr_carea' id='block_1_112' title="bbox 2116 5179 3712 5240">
    <p class='ocr_par' dir='ltr' id='par_1_112' title="bbox 2116 5179 3712 5240">
     <span class='ocr_line' id='line_1_112' title="bbox 2116 5179 3712 5240; baseline -0.004 0"><span class='ocrx_word' id='word_1_877' title='bbox 2116 5182 2517 5240; x_wconf 84' lang='lat' dir='ltr'><strong>adversarius:</strong></span> <span class='ocrx_word' id='word_1_878' title='bbox 2555 5179 2613 5236; x_wconf 87' lang='lat' dir='ltr'><strong>Si</strong></span> <span class='ocrx_word' id='word_1_879' title='bbox 2669 5181 2847 5238; x_wconf 86' lang='lat' dir='ltr'><strong>sancti</strong></span> <span class='ocrx_word' id='word_1_880' title='bbox 2903 5181 2996 5236; x_wconf 81' lang='lat' dir='ltr'><strong>lux</strong></span> <span class='ocrx_word' id='word_1_881' title='bbox 3049 5195 3161 5236; x_wconf 92' lang='lat' dir='ltr'><strong>non</strong></span> <span class='ocrx_word' id='word_1_882' title='bbox 3216 5187 3347 5239; x_wconf 89' lang='lat' dir='ltr'><strong>sunt</strong></span> <span class='ocrx_word' id='word_1_883' title='bbox 3401 5179 3712 5236; x_wconf 87' lang='lat' dir='ltr'><strong>secundum</strong></span> 
     </span>
    </p>
   </div>
   <div class='ocr_carea' id='block_1_113' title="bbox 2117 5273 3711 5346">
    <p class='ocr_par' dir='ltr' id='par_1_113' title="bbox 2117 5273 3711 5346">
     <span class='ocr_line' id='line_1_113' title="bbox 2117 5273 3711 5346; baseline -0.005 -13"><span class='ocrx_word' id='word_1_884' title='bbox 2117 5284 2408 5338; x_wconf 91' lang='lat' dir='ltr'><strong>naturam,</strong></span> <span class='ocrx_word' id='word_1_885' title='bbox 2440 5289 2608 5346; x_wconf 90' lang='lat' dir='ltr'><strong>quam</strong></span> <span class='ocrx_word' id='word_1_886' title='bbox 2656 5274 2729 5331; x_wconf 93' lang='lat' dir='ltr'><strong>ob</strong></span> <span class='ocrx_word' id='word_1_887' title='bbox 2760 5288 2991 5331; x_wconf 90' lang='lat' dir='ltr'><strong>causam</strong></span> <span class='ocrx_word' id='word_1_888' title='bbox 3027 5290 3137 5329; x_wconf 88' lang='lat' dir='ltr'><strong>non</strong></span> <span class='ocrx_word' id='word_1_889' title='bbox 3180 5273 3323 5329; x_wconf 89' lang='lat' dir='ltr'><strong>lucis</strong></span> <span class='ocrx_word' id='word_1_890' title='bbox 3372 5273 3711 5345; x_wconf 90' lang='lat' dir='ltr'><strong>participes,</strong></span> 
     </span>
    </p>
   </div>
   <div class='ocr_carea' id='block_1_114' title="bbox 2118 5361 3710 5439">
    <p class='ocr_par' dir='ltr' id='par_1_114' title="bbox 2118 5361 3710 5439">
     <span class='ocr_line' id='line_1_114' title="bbox 2118 5361 3710 5439; baseline -0.006 -12"><span class='ocrx_word' id='word_1_891' title='bbox 2118 5368 2215 5427; x_wconf 87' lang='lat' dir='ltr'><strong>sed</strong></span> <span class='ocrx_word' id='word_1_892' title='bbox 2236 5369 2416 5425; x_wconf 84' lang='lat' dir='ltr'><strong>lucem</strong></span> <span class='ocrx_word' id='word_1_893' title='bbox 2443 5383 2542 5424; x_wconf 85' lang='lat' dir='ltr'><strong>eos</strong></span> <span class='ocrx_word' id='word_1_894' title='bbox 2573 5365 2833 5425; x_wconf 86' lang='lat' dir='ltr'><strong>Salvator</strong></span> <span class='ocrx_word' id='word_1_895' title='bbox 2872 5366 3258 5439; x_wconf 74' lang='lat' dir='ltr'><strong>nuncupavit?</strong></span> <span class='ocrx_word' id='word_1_896' title='bbox 3285 5366 3395 5420; x_wconf 83' lang='lat' dir='ltr'><strong>Aut</strong></span> <span class='ocrx_word' id='word_1_897' title='bbox 3430 5361 3710 5435; x_wconf 79' lang='lat' dir='ltr'><strong>quomodo</strong></span> 
     </span>
    </p>
   </div>
   <div class='ocr_carea' id='block_1_115' title="bbox 2118 5450 3706 5533">
    <p class='ocr_par' dir='ltr' id='par_1_115' title="bbox 2118 5450 3706 5533">
     <span class='ocr_line' id='line_1_115' title="bbox 2118 5450 3706 5533; baseline -0.009 -14"><span class='ocrx_word' id='word_1_898' title='bbox 2118 5463 2349 5519; x_wconf 90' lang='lat' dir='ltr'><strong>alterius</strong></span> <span class='ocrx_word' id='word_1_899' title='bbox 2386 5462 2493 5518; x_wconf 89' lang='lat' dir='ltr'><strong>erit</strong></span> <span class='ocrx_word' id='word_1_900' title='bbox 2516 5460 2586 5518; x_wconf 92' lang='lat' dir='ltr'><strong>ab</strong></span> <span class='ocrx_word' id='word_1_901' title='bbox 2617 5461 2741 5533; x_wconf 92' lang='lat' dir='ltr'><strong>ipso</strong></span> <span class='ocrx_word' id='word_1_902' title='bbox 2771 5469 2986 5516; x_wconf 62' lang='lat' dir='ltr'><strong>natura:</strong></span> <span class='ocrx_word' id='word_1_903' title='bbox 3032 5466 3314 5521; x_wconf 79' lang='lat' dir='ltr'><strong>creatura,</strong></span> <span class='ocrx_word' id='word_1_904' title='bbox 3354 5450 3401 5512; x_wconf 91' lang='lat' dir='ltr'><strong>si</strong></span> <span class='ocrx_word' id='word_1_905' title='bbox 3441 5450 3706 5525; x_wconf 87' lang='lat' dir='ltr'><strong>quemad-</strong></span> 
     </span>
    </p>
   </div>
   <div class='ocr_carea' id='block_1_116' title="bbox 2118 5543 3705 5626">
    <p class='ocr_par' dir='ltr' id='par_1_116' title="bbox 2118 5543 3705 5626">
     <span class='ocr_line' id='line_1_116' title="bbox 2118 5543 3705 5626; baseline -0.01 -14"><span class='ocrx_word' id='word_1_906' title='bbox 2118 5555 2347 5612; x_wconf 89' lang='lat' dir='ltr'><strong>modum</strong></span> <span class='ocrx_word' id='word_1_907' title='bbox 2383 5555 2503 5626; x_wconf 90' lang='lat' dir='ltr'><strong>ipse</strong></span> <span class='ocrx_word' id='word_1_908' title='bbox 2544 5555 2639 5609; x_wconf 79' lang='lat' dir='ltr'><strong>lux</strong></span> <span class='ocrx_word' id='word_1_909' title='bbox 2672 5560 3029 5625; x_wconf 86' lang='lat' dir='ltr'><strong>nuncupatus</strong></span> <span class='ocrx_word' id='word_1_910' title='bbox 3058 5559 3173 5613; x_wconf 91' lang='lat' dir='ltr'><strong>est,</strong></span> <span class='ocrx_word' id='word_1_911' title='bbox 3208 5550 3284 5603; x_wconf 91' lang='lat' dir='ltr'><strong>ita</strong></span> <span class='ocrx_word' id='word_1_912' title='bbox 3316 5547 3480 5603; x_wconf 86' lang='lat' dir='ltr'><strong>etiam</strong></span> <span class='ocrx_word' id='word_1_913' title='bbox 3528 5543 3705 5598; x_wconf 85' lang='lat' dir='ltr'><strong>homi-</strong></span> 
     </span>
    </p>
   </div>
   <div class='ocr_carea' id='block_1_117' title="bbox 2133 5636 3708 5721">
    <p class='ocr_par' dir='ltr' id='par_1_117' title="bbox 2133 5636 3708 5721">
     <span class='ocr_line' id='line_1_117' title="bbox 2133 5636 3708 5721; baseline -0.011 -14"><span class='ocrx_word' id='word_1_914' title='bbox 2133 5649 2349 5707; x_wconf 78' lang='lat' dir='ltr'><strong>neslux</strong></span> <span class='ocrx_word' id='word_1_915' title='bbox 2376 5647 2637 5721; x_wconf 85' lang='lat' dir='ltr'><strong>appellati</strong></span> <span class='ocrx_word' id='word_1_916' title='bbox 2673 5647 2844 5704; x_wconf 85' lang='lat' dir='ltr'><strong>sunt?</strong></span> <span class='ocrx_word' id='word_1_917' title='bbox 2865 5666 2884 5700; x_wconf 84' lang='grc' dir='ltr'><strong>ι</strong></span> <span class='ocrx_word' id='word_1_918' title='bbox 2923 5644 3037 5703; x_wconf 72' lang='lat' dir='ltr'><strong>Vos</strong></span> <span class='ocrx_word' id='word_1_919' title='bbox 3066 5643 3215 5699; x_wconf 79' lang='lat' dir='ltr'><strong>enim</strong></span> <span class='ocrx_word' id='word_1_920' title='bbox 3248 5638 3387 5697; x_wconf 85' lang='lat' dir='ltr'><strong>estis</strong></span> <span class='ocrx_word' id='word_1_921' title='bbox 3421 5636 3514 5692; x_wconf 80' lang='lat' dir='ltr'><strong>lux</strong></span> <span class='ocrx_word' id='word_1_922' title='bbox 3547 5649 3708 5691; x_wconf 86' lang='lat' dir='ltr'><strong>mun-</strong></span> 
     </span>
    </p>
   </div>
   <div class='ocr_carea' id='block_1_118' title="bbox 482 5784 2010 5907">
    <p class='ocr_par' dir='ltr' id='par_1_118' title="bbox 482 5834 2010 5907">
     <span class='ocr_line' id='line_1_118' title="bbox 482 5834 2010 5907; baseline -0.001 -13"><span class='ocrx_word' id='word_1_923' title='bbox 482 5840 532 5876; x_wconf 80' lang='lat'><strong><em>&quot;&#39;</em></strong></span> <span class='ocrx_word' id='word_1_924' title='bbox 568 5836 739 5896; x_wconf 81' lang='lat' dir='ltr'><strong>Zach.</strong></span> <span class='ocrx_word' id='word_1_925' title='bbox 777 5851 858 5907; x_wconf 84' lang='grc' dir='ltr'><strong>ιι,</strong></span> <span class='ocrx_word' id='word_1_926' title='bbox 892 5836 946 5902; x_wconf 80' lang='lat'><strong>3,</strong></span> <span class='ocrx_word' id='word_1_927' title='bbox 979 5835 1031 5891; x_wconf 68' lang='grc'>4.</span> <span class='ocrx_word' id='word_1_928' title='bbox 1110 5836 1156 5869; x_wconf 77' lang='grc'><strong>⁷⁵</strong></span> <span class='ocrx_word' id='word_1_929' title='bbox 1193 5834 1325 5892; x_wconf 87' lang='lat' dir='ltr'><strong>Dan.</strong></span> <span class='ocrx_word' id='word_1_930' title='bbox 1365 5850 1493 5902; x_wconf 84' lang='lat' dir='ltr'><strong>vm,</strong></span> <span class='ocrx_word' id='word_1_931' title='bbox 1533 5835 1632 5901; x_wconf 79' lang='lat' dir='ltr'><strong>l5,</strong></span> <span class='ocrx_word' id='word_1_932' title='bbox 1677 5835 1757 5892; x_wconf 86' lang='lat' dir='ltr'><strong>l6.</strong></span> <span class='ocrx_word' id='word_1_933' title='bbox 1834 5835 1878 5869; x_wconf 79' lang='lat'><em>&quot;</em></span> <span class='ocrx_word' id='word_1_934' title='bbox 1919 5834 2010 5893; x_wconf 79' lang='lat' dir='ltr'><strong>Acl</strong></span> 
     </span>
    </p>
   </div>
   <div class='ocr_carea' id='block_1_119' title="bbox 2112 5784 3461 5907">
    <p class='ocr_par' dir='ltr' id='par_1_119' title="bbox 2113 5821 3461 5902">
     <span class='ocr_line' id='line_1_119' title="bbox 2113 5821 3461 5902; baseline -0.011 -10"><span class='ocrx_word' id='word_1_935' title='bbox 2113 5850 2209 5902; x_wconf 83' lang='lat' dir='ltr'><strong>ut,</strong></span> <span class='ocrx_word' id='word_1_936' title='bbox 2246 5834 2339 5891; x_wconf 71' lang='grc' dir='ltr'>δι.</span> <span class='ocrx_word' id='word_1_937' title='bbox 2420 5832 2464 5867; x_wconf 76' lang='grc'><strong>⁸⁸</strong></span> <span class='ocrx_word' id='word_1_938' title='bbox 2507 5830 2701 5888; x_wconf 79' lang='lat' dir='ltr'><strong>Matth.</strong></span> <span class='ocrx_word' id='word_1_939' title='bbox 2738 5846 2791 5897; x_wconf 79' lang='grc' dir='ltr'><strong>ν,</strong></span> <span class='ocrx_word' id='word_1_940' title='bbox 2824 5829 2911 5886; x_wconf 63' lang='lat' dir='ltr'><strong>ll.</strong></span> <span class='ocrx_word' id='word_1_941' title='bbox 2990 5828 3033 5861; x_wconf 81' lang='grc'><strong>⁶¹</strong></span> <span class='ocrx_word' id='word_1_942' title='bbox 3079 5824 3270 5883; x_wconf 84' lang='lat' dir='ltr'><strong>Matth.</strong></span> <span class='ocrx_word' id='word_1_943' title='bbox 3304 5839 3373 5888; x_wconf 67' lang='grc' dir='ltr'>κ,</span> <span class='ocrx_word' id='word_1_944' title='bbox 3408 5821 3461 5878; x_wconf 91' lang='grc'><strong>8.</strong></span> 
     </span>
    </p>
   </div>
  </div>
