4156 6486
511 379 617 440 127

1537 383 1596 440 S.
1628 380 1907 442 CYRlLLI
1937 376 2409 439 ALEXANDRINI
2445 382 2767 439 ARCHIEP.

3673 387 3776 443 ιειε

522 503 579 559 di
601 502 672 569 ⁸³,
705 522 723 555 ι
747 502 1006 573 discipuli
1050 502 1366 559 audierunt.
1398 501 1500 559 Cui
1535 504 1619 560 sic
1652 504 2081 575 respondemus:

2188 501 2216 553 ό
2245 498 2473 572 Σωτήρ;
2533 500 2659 564 Πῶς
2706 499 2762 554 δὲ
2796 500 3094 572 ἑτεροφυὴς
3126 502 3159 572 ἡ
3187 500 3362 566 κτίσις
3394 501 3470 566 ὡς
3505 500 3641 575 πρὸς
3679 505 3778 558 αὐ-

509 596 624 651 Cur
661 611 815 666 ergo,
838 596 981 652 bone
1007 597 1111 660 vir,
1136 596 1210 652 dii
1242 596 1452 669 Deique
1482 597 1580 653 ﬁlii
1605 600 1750 669 apud
1773 599 2088 670 Scripturas

509 684 725 742 divinas
764 687 1064 756 nuncupati
1093 688 1488 759 sumus,juxta
1523 690 1695 746 illud:
1725 710 1744 743 ι
1787 689 1898 761 Ego
1938 691 2083 756 dixi,

510 777 596 831 Dii
626 778 781 841 estis,
814 791 867 834 et
900 778 994 834 ﬁlii
1024 778 1552 839 Excelsiomnes"?
1580 803 1598 836 ι
1636 788 1718 839 An
1742 784 1910 855 igitur
1939 785 2087 841 desi-

507 880 701 925 nentes
728 886 852 927 esse
882 880 1079 929 natura
1113 875 1165 929 id
1197 876 1347 945 quod
1383 893 1607 944 sumus,
1642 880 1709 933 ad
1764 881 2005 936 divinam
2032 891 2086 938 et

507 960 838 1018 ineﬂ'abilem
867 956 1238 1020 substantiam
1271 969 1591 1035 evehemur,
1618 979 1674 1027 et
1712 971 1954 1027 Verbum
1985 974 2081 1030 Dei

505 1063 777 1121 negantes
838 1071 965 1111 esse
1016 1072 1147 1113 vere
1218 1057 1457 1125 Filium,
1520 1062 1673 1118 illius
1732 1063 1855 1125 loco
1937 1063 2083 1121 Patri

504 1146 912 1215 assidebimus,
965 1157 1020 1203 et
1088 1151 1321 1220 gratiam
1394 1168 1503 1222 qua
1565 1170 1669 1210 nos
1736 1165 1926 1221 ornat,
1979 1158 2084 1212 im-

502 1237 727 1304 pietatis
775 1239 1062 1294 materiam
1118 1242 1423 1299 faciemus?
1463 1246 1645 1302 Absit.
1701 1246 1809 1303 Sed
1867 1249 1920 1303 in
1965 1251 2082 1306 suis

502 1325 668 1383 bonis
713 1329 1134 1389 immutabiiiter
1187 1345 1368 1391 manet
1399 1336 1491 1392 Dei
1544 1337 1719 1396 Filius
1761 1360 1774 1396 :
1819 1357 1925 1397 nos
1980 1359 2081 1400 au-

502 1424 612 1471 tem
668 1418 962 1490 adoptione
1009 1423 1104 1479 filii
1158 1442 1371 1493 sumus,
1430 1436 1483 1483 et
1535 1429 1612 1484 dii
1672 1447 1771 1502 per
1824 1434 2076 1504 gratiam,

500 1523 613 1562 non
673 1508 993 1581 ignorantes
1039 1513 1095 1569 id
1149 1518 1298 1587 quod
1358 1534 1584 1598 sumus,
1636 1530 1691 1578 et
1757 1525 1862 1580 boc
1917 1538 2078 1598 pacto

500 1613 723 1670 quoque
767 1614 988 1660 sanctos
1047 1606 1224 1662 lucem
1259 1623 1383 1665 esse
1437 1596 1738 1670 credimus.
1774 1614 1881 1672 Sed
1918 1596 2077 1674 ἰιιυά

501 1692 1050 1753 animadvertendum
1136 1699 1362 1772 insuper
1474 1704 1757 1763 existimo.
1843 1707 2077 1766 Creatu-

501 1795 577 1835 rae
648 1785 881 1842 rationis
950 1797 1234 1859 compotes
1309 1802 1536 1864 accepto
1584 1797 1793 1854 lumine
1866 1800 2074 1857 illumi-

2194 591 2302 657 τὸν,
2333 593 2382 645 εί
2418 590 2669 663 καθάπερ
2698 592 2861 657 αὐτὸς
2898 592 3213 664 ὠνόμασται
3243 593 3381 664 φῶς,
3411 593 3555 649 οὕτω
3587 596 3683 650 καὶ
3706 594 3777 651 τὰ

2191 681 2411 751 λογικά;
2470 702 2489 735 ι
2524 684 2713 755 Ὑμεῖς
2755 682 2868 755 γάρ
2913 685 3035 737 ὲστε
3076 684 3171 739 τοῦ
3217 686 3427 757 κόσμου
3474 686 3536 741 τὸ
3582 687 3717 756 φῶς,
3750 706 3771 740 ι

2191 775 2388 846 ἢκουον
2415 776 2465 829 oi
2498 774 2757 846 μαθηταί.
2790 775 2856 827 Τί
2883 770 2977 829 οὖν
2999 794 3012 840 ;
3038 769 3083 829 ὧ
3109 775 3374 848 βέλτιστε,
3410 778 3573 832 πάλιν
3614 778 3776 850 ἐροῦ-

2191 885 2290 939 μεν
2332 869 2483 940 αύτῷ
2504 885 2516 898 ·
2562 868 2675 922 θεοὶ
2705 869 2798 922 καὶ
2822 867 2958 921 Θεοῦ
2989 869 3097 922 υίολ⁵
3131 869 3285 940 παρὰ
3315 871 3436 934 ταῖς
3475 869 3651 933 θείαις
3684 886 3777 923 κε-

2188 961 2434 1033 κλήμεθα
2463 961 2725 1030 Γραφαῖς,
2758 960 2899 1014 κατά
2937 960 2998 1014 τό
3025 964 3087 1012 ’ἰ
3121 959 3262 1029 Ἐγὼ
3292 956 3445 1026 εἶπα,
3468 960 3593 1015 Θεοί
3624 963 3773 1030 ἐστε,
3820 993 3843 1010 .

2187 1050 2279 1105 καὶ
2300 1054 2405 1106 υἱοὶ
2444 1053 2698 1122 Ὑψίστου
2725 1053 2922 1115 πάντες
2943 1069 2957 1119 ;
2990 1072 3009 1103 ι
3028 1048 3153 1123 Ἆρ’
3178 1047 3272 1106 οὖν
3298 1053 3525 1123 ἀφέντες
3550 1052 3612 1106 τὸ
3634 1049 3774 1107 εἶναι

2186 1144 2326 1198 κατὰ
2356 1144 2535 1214 φύσιν,
2570 1146 2708 1214 ὅπερ
2746 1144 2934 1213 ἐσμὲν,
2978 1143 3071 1196 ἐπὶ
3103 1142 3202 1215 τὴν
3229 1142 3379 1197 θείαν
3408 1160 3491 1205 τε,
3537 1143 3632 1197 καὶ
3674 1143 3776 1215 ἄῤ-

2186 1235 2349 1304 ρητον
2376 1234 2564 1287 οὐσίαν
2611 1233 3015 1303 ἀναϐησόμεθα,
3063 1234 3158 1288 καὶ
3185 1234 3278 1287 τὸν
3313 1234 3408 1287 τοῦ
3435 1233 3572 1288 Θεοῦ
3597 1234 3773 1302 Λόγον

2181 1325 2281 1395 τῆς
2311 1327 2430 1378 κατ’
2460 1326 2718 1397 ἀλήθειαν
2746 1324 3104 1389 ἐκϐάλλοντες
3148 1325 3398 1394 υίότητος
3417 1367 3431 1392 ,
3475 1326 3589 1378 ἀντ’
3623 1326 3773 1379 ὲκεί-

2182 1431 2273 1470 νου
2300 1416 2377 1487 τῷ
2405 1417 2582 1489 Πατρὶ
2623 1417 3069 1489 συνεδρεύσομεν,
3097 1417 3193 1470 καὶ
3225 1417 3485 1470 ὑπόθεσιν
3516 1416 3773 1481 ἀσεϐείας

2180 1505 2279 1577 τὴν
2321 1508 2414 1560 τοῦ
2461 1508 2732 1579 τιμῶντος
2766 1507 3108 1581 ποιησόμεθα
3147 1508 3346 1581 χάριν;
3398 1508 3492 1578 Μὴ
3532 1508 3767 1579 γένοιτο·

2179 1596 2293 1651 ἀλλ’
2342 1597 2496 1652 ἔσται
2547 1600 2645 1669 μὲν
2702 1601 2761 1654 ἐν
2817 1595 3013 1671 οἷσπερ
3059 1600 3208 1652 ἐστὶν
3262 1600 3699 1671 ἀπαραποιήτως
3743 1602 3773 1654 ὁ

2179 1688 2308 1753 Υίός
2338 1707 2354 1721 ο
2413 1687 2556 1743 θετολ.
2597 1689 2654 1743 δὲ
2692 1691 2854 1762 ἡμεῖς
2902 1692 2981 1754 είς
3027 1691 3272 1762 υἱότητα,
3325 1691 3421 1745 καὶ
3460 1690 3572 1744 θεοὶ
3628 1691 3770 1745 κατά

2178 1782 2358 1853 χάριν,
2401 1783 2502 1836 οὐκ
2538 1782 2859 1851 ἀγνοοῦντες
2897 1784 3035 1855 ὅπερ
3077 1783 3278 1855 ἐσμένθ
3330 1783 3474 1838 οὕτω
3520 1783 3578 1837 δὲ
3626 1781 3767 1838 εἶναι

499 1878 674 1936 nant,
715 1873 821 1943 75
865 1881 1368 1938 communicatione
1400 1883 1785 1942 doctrinarum
1835 1905 1975 1961 quas
2012 1908 2081 1949 ex

2186 1874 2282 1927 καὶ
2348 1873 2463 1944 φῶς
2548 1876 2673 1938 τοὺς
2739 1875 2928 1944 ἁγίους
2998 1877 3352 1947 πιστεύομεν.
3429 1876 3645 1949 Χρῆναι
3710 1876 3769 1930 δὲ

500 1977 601 2017 sua
636 1973 814 2021 mente
833 1966 890 2021 in
917 1969 1147 2024 aliorum
1175 1981 1413 2030 mentem
1439 1977 1775 2036 infundunt:
1801 1999 1925 2053 quae
1956 1986 2082 2044 illu-

499 2055 731 2111 minatio
769 2058 1016 2121 doctrina
1055 2063 1185 2131 jure
1216 2069 1399 2136 potius
1439 2072 1760 2141 appellanda
1794 2084 1878 2133 est
1917 2094 2082 2150 quam

498 2149 781 2205 revelatio.
814 2150 920 2207 Sed
944 2151 1038 2208 Dei
1056 2153 1296 2224 Verbum
1331 2181 1351 2213 ι
1378 2163 1653 2222 illuminat
1676 2185 1891 2226 omnem
1914 2149 2084 2230 homi-

497 2253 625 2294 nem
651 2243 956 2299 venientem
985 2247 1039 2302 in
1073 2249 1340 2306 mundum
1368 2297 1381 2320 ,
1422 2275 1440 2308 ι
1483 2273 1596 2314 non
1649 2260 1901 2319 docendo
1933 2267 2080 2324 sicut

500 2332 719 2401 angeli,
757 2336 908 2390 verbi
948 2341 1158 2408 gratia,
1196 2343 1281 2398 vel
1309 2345 1597 2405 homines:
1648 2353 1743 2407 sed
1789 2357 1974 2425 potius
2021 2370 2083 2415 ut

500 2421 666 2489 Deus,
697 2427 969 2496 creando,
1005 2433 1305 2506 unicuique
1331 2438 1409 2494 rei
1443 2440 1497 2495 in
1526 2450 1709 2499 ortum
1741 2446 1960 2506 educta;
1992 2466 2080 2507 sa-

499 2514 720 2583 pientiae
747 2516 860 2573 sive
890 2521 1227 2591 cognitionis
1257 2525 1455 2584 divinae
1483 2545 1671 2588 semen
1696 2535 1875 2604 indit,
1913 2548 1967 2594 et
1997 2541 2081 2597 in-

499 2606 816 2677 telligentiae
861 2612 1105 2669 radicem
1166 2617 1396 2687 inserit,
1454 2630 1623 2694 atque
1677 2627 1753 2683 ita
1809 2633 2081 2692 rationale

499 2699 704 2754 animal
732 2702 912 2770 eﬂicit,
948 2716 1158 2763 naturae
1195 2708 1330 2766 illud
1358 2728 1473 2769 suze
1499 2719 1776 2789 particeps
1802 2723 2040 2782 reddens
2061 2768 2078 2794 ,

498 2798 554 2845 et
588 2792 878 2853 ineﬂ'ubilis
905 2796 990 2852 sui
1014 2801 1325 2870 splendoris
1357 2806 1573 2863 lucidos
1607 2812 1773 2866 veluti
1809 2792 2079 2884 quosdam

496 2899 730 2955 vapores
759 2889 879 2957 ejus
917 2891 1101 2947 animo
1130 2894 1448 2965 immittens,
1490 2916 1553 2956 ea
1581 2905 1795 2962 ratione
1822 2921 1888 2962 ac
1917 2910 2080 2966 modo

495 2990 606 3045 quo
638 2976 756 3047 ipse
784 2981 954 3045 n0vit,
993 2984 1127 3039 nihil
1156 2989 1301 3043 enim
1331 3006 1804 3061 supervacaneum
1833 2998 1924 3054 hic
1952 3000 2081 3057 alre-

494 3067 723 3122 rendum
775 3081 931 3140 puto.
959 3074 1234 3141 Quocirca
1273 3088 1467 3137 auctor
1510 3084 1602 3139 ille
1645 3088 1821 3143 nostri
1860 3092 2079 3160 generis

493 3151 702 3224 Adam,
755 3177 863 3217 non
907 3164 961 3218 in
1001 3172 1287 3237 tempore,
1337 3171 1501 3227 sicuti
1555 3188 1656 3231 nos
1685 3217 1698 3240 ,
1751 3151 2075 3249 sapientiam
2105 3201 2147 3259 ρ

493 3248 715 3303 videtur
748 3267 874 3308 esse
897 3267 1232 3321 consecutus
1255 3301 1269 3323 ,
1305 3263 1401 3317 sed
1432 3279 1461 3317 a
1498 3266 1674 3335 primo
1705 3248 1889 3326 statim
1922 3282 2078 3331 ortus

496 3339 580 3394 sui
625 3338 782 3395 initio
812 3343 1054 3412 perfecta
1098 3348 1477 3420 intelligentia.
1498 3357 1763 3424 praeditus
1788 3363 2038 3419 cernitur
2058 3403 2074 3431 ,

495 3427 629 3483 dum
668 3438 950 3503 acceptam
987 3434 1255 3496 divinitus
1294 3441 1747 3504 illuminationem
1807 3427 2076 3512 illibatam

495 3521 551 3576 in
599 3522 797 3592 seipse:
835 3540 1233 3599 conservaret,
1277 3543 1333 3588 et
1386 3535 1655 3609 integram
1702 3551 1917 3601 natura:
1964 3563 2079 3603 suae

496 3614 761 3671 retineret
813 3616 1160 3689 dignitatem.
1208 3624 1484 3684 Illuminat
1525 3630 1729 3701 igitur,
1784 3643 1844 3690 ut
1893 3638 2078 3709 opifex

499 3706 721 3775 quidem
763 3706 967 3774 Filius,
1003 3713 1239 3771 maxime
1265 3732 1389 3774 cum
1418 3719 1490 3775 sit
1520 3722 1636 3793 ipse
1670 3724 1761 3780 lux
1789 3726 1882 3782 illa
1912 3706 2074 3797 vera,

496 3807 749 3855 creatura
781 3812 962 3858 autem
990 3806 1407 3878 participatione
1437 3828 1561 3869 cum
1591 3817 1713 3875 luce
1736 3860 1750 3885 ,
1792 3820 2076 3877 illumina-

498 3899 626 3957 tur,
655 3902 710 3948 et
740 3894 948 3951 idcirco
979 3898 1073 3957 lux
1108 3900 1313 3957 dicitur
1345 3912 1398 3959 et
1436 3914 1549 3973 est,
1579 3910 1647 3970 ad
1689 3927 1778 3968 res
1805 3928 2078 3984 superna-

399 3982 405 3987 ’
496 3986 708 4041 turales
751 3995 976 4056 evecta,
1020 3991 1378 4062 glorificantis
1418 3996 1545 4066 Dei,
1598 4010 1655 4056 et
1695 3982 2076 4075 variis'ipsam

496 4078 820 4135 coronantis
871 4079 1176 4141 honoribus
1223 4089 1439 4158 gratia,
1494 4092 1635 4147 adeo
1682 4100 1742 4147 ut
1804 4103 2079 4168 quotquot

496 4164 644 4222 hunc
692 4169 958 4226 honorem
1004 4177 1318 4246 accepimus
1358 4182 1686 4250 juremerito
1728 4185 1783 4238 in
1836 4188 2076 4243 medium

495 4259 736 4328 prodire,
769 4270 823 4317 et
852 4275 1050 4336 magna
1080 4283 1215 4324 voce
1240 4271 1443 4342 gratias
1464 4285 1686 4345 agentes
1713 4278 2077 4348 gratulatorio

499 4353 743 4408 carmine
773 4354 958 4411 dicere
995 4357 1290 4424 debeamus
1320 4380 1334 4416 :
1393 4381 1412 4416 ι
1445 4364 1699 4434 Benedic,
1730 4369 1909 4423 anima
1933 4386 2073 4440 mea,

499 4440 751 4511 Domino,
779 4452 832 4501 et
861 4450 969 4504 noli
1007 4452 1254 4511 oblivisci
1276 4470 1468 4512 omnes
1503 4460 1891 4518 retributiones
1920 4463 2072 4533 ejus:

497 4535 592 4605 qui
645 4538 972 4608 prepitiatur
1019 4546 1276 4604 omnibus
1331 4549 1717 4621 iniquitatibus
1771 4555 1924 4621 tuis,
1979 4556 2074 4627 qui
2107 4566 2151 4622 ι)

496 4635 866 4687 sanatomnes
898 4633 1241 4695 inﬁrmitates
1270 4649 1424 4708 tuas;
1452 4641 1546 4712 qui
1574 4643 1792 4698 redimit
1808 4643 1876 4700 de
1909 4646 2081 4703 inter-

494 4718 574 4773 itu
626 4723 789 4777 vitam
836 4732 1017 4794 tuam;
1069 4729 1160 4799 qui
1202 4740 1435 4786 coronat
1475 4741 1527 4787 te
1582 4733 1637 4787 in
1692 4734 2076 4793 misericordia

492 4819 545 4866 et
578 4813 1062 4888 miserationibus;
1111 4823 1204 4893 qui
1236 4823 1411 4892 replet
1446 4824 1500 4878 in
1543 4824 1704 4880 bonis
1742 4826 2075 4887 desiderium

494 4910 648 4959 tuum
666 4906 730 4961 “.
769 4926 786 4960 ι
821 4907 974 4965 Facit
1000 4913 1144 4968 enim
1169 4913 1417 4986 profecto
1445 4916 1858 4975 misericordias
1892 4920 2071 4979 Domi-

494 5011 600 5052 nus
622 5039 638 5064 ,
675 4999 769 5069 qui
804 5016 893 5057 res
918 5017 1120 5073 parvas
1151 5012 1316 5076 atque
1349 5006 1626 5078 abjectas,
1661 5010 1707 5065 si
1735 5020 1949 5069 naturae
1974 5031 2072 5071 cu-

490 5088 692 5161 jusque
738 5093 879 5149 ratio
925 5104 1243 5165 spectetur,
1294 5114 1526 5171 magnas
1575 5108 1740 5174 atque
1789 5107 2075 5167 mirabiles

493 5180 657 5236 enicit
690 5198 790 5240 sua
811 5201 938 5257 erga
965 5187 1115 5257 ipsas
1146 5187 1394 5246 bonitate
1416 5231 1430 5257 ,
1468 5193 1669 5265 quippe
1700 5199 1790 5267 qui
1817 5202 1940 5256 ‘suis
1972 5216 2072 5258 nos

493 5275 777 5330 cumulare
799 5273 958 5331 donis
980 5276 1171 5344 voluit,
1200 5287 1258 5332 ut
1283 5276 1448 5345 Deus,
1478 5289 1643 5353 atque
1677 5285 1884 5341 idcirco
1938 5286 2072 5343 deos

493 5374 548 5419 et
594 5365 772 5419 lucem
819 5366 1142 5444 appellavit,
1188 5370 1421 5441 aliisque
1480 5375 1750 5444 ejusmodi
1803 5377 2072 5433 bonorum

496 5456 812 5520 nominibus
854 5440 1094 5514 ornavit.
1131 5460 1296 5516 Addit
1339 5440 1623 5538 theologus
1670 5483 1771 5524 nec
1820 5468 2029 5525 frustra
2054 5510 2070 5536 ,

501 5569 519 5601 σ
551 5549 609 5606 1η
638 5550 841 5606 mundo
863 5560 1002 5620 erat,
1036 5572 1055 5606 ι
1091 5558 1457 5613 necessariam
1481 5559 1610 5615 hinc
1637 5560 1794 5617 nobis
1825 5570 2075 5617 contem-

497 5640 792 5714 plationem
827 5641 1089 5702 inferens.
1121 5646 1258 5703 Cum
1300 5651 1443 5706 enim
1477 5651 1716 5708 dixerit:
1757 5671 1777 5706 ι
1813 5652 1941 5709 Erat
1980 5654 2074 5708 lux

2183 1959 2337 2035 οἶμαι
2383 1965 3148 2037 κάκεῖνοιδιασκεπτομένους
3181 1968 3333 2038 όρᾷν.
3381 1965 3465 2020 Τά
3515 1966 3612 2036 μὲν
3658 1963 3771 2037 γάρ

2182 2053 2376 2124 λογικά
2422 2053 2532 2108 τῶν
2584 2056 2899 2126 κτισμάτων
2946 2056 3292 2128 φωτιζόμενα
3335 2055 3590 2126 φωτίζει,
3626 2055 3771 2110 κατά

2186 2145 2470 2217 μετάδοσιν
2535 2145 2909 2217 θεωρημάτων
2962 2146 3072 2201 τῶν
3130 2149 3195 2202 ἐκ
3248 2147 3341 2202 νοῦ
3388 2147 3527 2219 πρὸς
3573 2146 3773 2218 ἑτέραν

2182 2238 2542 2308 είσχεομένων
2570 2238 2843 2303 διάνοιαν,
2905 2239 3003 2293 καὶ
3051 2238 3368 2293 διδασκαλία
3406 2238 3606 2310 μᾶλλον
3646 2238 3771 2309 ἦτοι

2180 2327 2524 2399 ἀποκάλυψις
2549 2331 2578 2383 ό
2600 2328 2838 2394 τοιοῦτος
2872 2329 2938 2384 ἀν
2970 2329 3195 2394 δικαίως
3227 2329 3446 2383 καλοῖτο
3469 2329 3767 2399 φωτισμός.

2191 2417 2252 2472 ’0
2270 2418 2327 2472 δὲ
2353 2418 2447 2473 τοῦ
2480 2419 2617 2474 Θεοῦ
2643 2421 2820 2491 Λόγος
2844 2438 2864 2473 ι
2895 2422 3119 2491 φωτίζει
3167 2421 3341 2475 πάντα
3366 2419 3653 2490 ἄνθρωπον
3674 2421 3769 2490 Ep-

2180 2511 2408 2583 χόμενον
2445 2513 2523 2575 εἰς
2551 2511 2644 2568 τὸν
2674 2512 2881 2584 κόσμον
2913 2531 2932 2565 ι
2968 2513 3029 2566 οὐ
3056 2511 3452 2575 διδασκαλικῶς
3474 2549 3489 2577 ,
3517 2510 3775 2581 καθάπερ

2180 2606 2405 2675 ἄγγελοι
2430 2606 2609 2678 τυχὸν,
2641 2607 2676 2680 ἢ
2710 2608 2805 2661 καὶ
2828 2605 2924 2663 ἀνθ
2932 2623 3125 2680 ρωποι,
3150 2605 3295 2660 ἀλλά·
3313 2603 3514 2676 μᾶλλον
3536 2605 3613 2667 ὡς
3637 2603 3770 2671 Θεὸς

2180 2694 2586 2772 δημιουργικῶς
2627 2697 2845 2770 ἑκάστῳ
2873 2697 2982 2752 τῶν
3018 2698 3099 2761 είς
3130 2696 3195 2750 τὸ
3231 2691 3372 2749 εἶναι
3417 2692 3768 2765 καλουμένων

2183 2790 2406 2860 σπέρμα
2435 2789 2648 2859 σοφίας,
2681 2788 2800 2860 ἢτοι
2830 2786 3159 2857 θεογνωσίας
3187 2785 3450 2855 ἐντίθησι,
3485 2784 3578 2839 καὶ
3615 2784 3770 2855 ῥίζαν

2181 2882 2476 2954 ὲμφυτεύει
2507 2882 2776 2946 συνέσεως
2796 2921 2810 2945 ,
2865 2879 3084 2949 λογικόν
3121 2895 3182 2933 τε
3215 2877 3389 2942 οὕτως
3427 2875 3681 2931 ἀποτελεῖ
3707 2876 3775 2929 τὸ

2181 2975 2319 3040 ζῶον
2355 2975 2455 3047 τῆς
2483 2974 2691 3038 οἰκείας
2716 2972 2931 3042 φύσεως
2965 2970 3194 3042 μέτοχον
3218 2968 3621 3032 ἀποδεικνύων,
3671 2966 3769 3020 καὶ

2179 3067 2279 3137 τῆς
2336 3066 2618 3136 ἀφράστου
2680 3065 3067 3136 λαμπρότητος
3121 3062 3311 3134 ὥσπερ
3357 3064 3511 3125 τινας
3561 3060 3767 3145 ἀτμοὺς

2181 3158 2490 3225 φωτοειδεῖς
2512 3158 2677 3220 ὲνιεὶς
2702 3154 2781 3227 τῷ
2804 3155 2901 3227 νῷ,
2920 3153 3044 3209 καθ’
3081 3153 3142 3208 ὃν
3162 3153 3326 3217 αὐτὸς
3352 3149 3462 3207 οἶδε
3489 3151 3685 3225 τρόπον
3707 3168 3770 3204 τε

2181 3248 2273 3301 καὶ
2301 3248 2460 3317 λόγον
2479 3265 2495 3280 ·
2538 3248 2623 3301 δεῖ
2648 3247 2787 3317 γάρ,
2830 3242 2985 3317 οἶμαι
3007 3286 3021 3311 ,
3043 3245 3224 3315 λέγειν
3251 3245 3314 3298 ἐν
3341 3244 3552 3307 τούτοις
3576 3243 3640 3296 ού
3673 3259 3773 3296 πε-

2184 3340 2339 3411 ριττά
2364 3356 2375 3368 ’
2404 3339 2576 3393 διάτοι
2614 3337 2775 3391 τοῦτο
2817 3336 2913 3391 καὶ
2949 3339 2978 3391 ὁ
3017 3336 3319 3408 προπάτωρ
3350 3334 3554 3407 Ἀδὰμ,
3589 3335 3690 3388 οὐκ
3712 3336 3771 3388 ὲν

2179 3432 2358 3503 χρόνῳ
2376 3474 2390 3498 ,
2430 3428 2683 3501 καθάπερ
2707 3430 2872 3500 ἡμεῖς
2889 3470 2904 3495 ,
2932 3427 2996 3482 τὸ
3035 3424 3175 3483 εἶναι
3205 3427 3368 3496 σοφὸς
3393 3424 3771 3497 ἀποκερδᾶνας

2179 3523 2404 3595 ὁρᾶται,
2448 3520 2569 3575 ἀλλ’
2603 3523 2669 3574 ὲκ
2717 3519 2952 3589 πρώτων
3004 3518 3166 3583 εὐθὺς
3206 3517 3316 3573 τῶν
3365 3518 3465 3589 τῆς
3502 3516 3773 3586 γενέσεως

2179 3614 2387 3687 χρόνων
2416 3613 2621 3678 τέλειος
2659 3614 2718 3666 ὲν
2761 3611 2975 3666 συνέσει
3008 3611 3293 3681 φαίνεται,
3338 3608 3429 3662 τὸν
3457 3607 3768 3678 δοθέντα-τῇ

2181 3704 2340 3775 φύσει
2370 3703 2522 3776 παρά
2536 3703 2672 3757 Θεοῦ
2702 3703 2981 3776 φωτισμὸν
2995 3702 3264 3758 ἀθόλωτον
3284 3701 3385 3765 ἔτι,
3409 3699 3505 3756 καὶ
3527 3699 3769 3770 καθαρὸν

2178 3796 2460 3861 δεασώζων
2494 3798 2552 3851 ὲν
2581 3795 2791 3868 ἑαυτῷ,
2836 3797 2932 3851 καὶ
2962 3794 3342 3868 ἀκαπήλευτον
3369 3793 3508 3865 ἔχων
3532 3791 3634 3862 τῆς
3665 3791 3769 3861 φύ-

2181 3908 2318 3955 σεως
2343 3890 2404 3944 τὸ
2434 3889 2672 3963 ἀξίωμα.
2733 3888 2962 3963 Φωτίζει
2999 3888 3320 3961 τοιγαροῦν,
3362 3885 3772 3959 δημιουργικῶς

2183 3981 2282 4052 μὲν
2308 3983 2336 4035 ὁ
2364 3981 2513 4049 Υἱὸς,
2545 3981 2641 4035 ἅτε
2658 3980 2722 4053 δὴ
2752 3980 2811 4034 τὸ
2832 3979 2948 4051 φῶς
2973 3980 3234 4052 ὑπάρχων
3256 3979 3390 4033 αὐτὸ
3406 3979 3469 4033 τὸ
3492 3976 3767 4050 ἀληθινὸν,

2180 4073 2321 4127 κατά
2338 4073 2573 4144 μετοχὴν
2601 4073 2657 4125 δὲ
2686 4073 2718 4144 ἡ
2737 4070 2916 4136 κτίσις
2935 4070 3038 4143 τὴν
3055 4070 3194 4144 πρὸς
3220 4070 3282 4125 τὸ
3302 4070 3419 4141 φῶς
3447 4068 3771 4141 ἑκλαμπρύ-

2162 4180 2328 4217 ονεται
2348 4204 2362 4229 ,
2408 4165 2504 4218 καὶ
2533 4162 2780 4217 καλεῖται
2804 4162 2894 4217 διὰ
2920 4161 3110 4227 τοῦτο,
3158 4162 3255 4218 καὶ
3280 4162 3489 4230 γίνεται
3519 4160 3656 4231 φῶς,
3688 4160 3769 4223 εις

2177 4256 2246 4310 τά
2279 4254 2419 4328 ὑπὲρ
2456 4255 2618 4325 φύσιν
2659 4254 3026 4311 ἀναϐαίνουσα
3067 4254 3154 4310 διά
3181 4254 3282 4327 τὴν
3304 4249 3401 4309 τοῦ
3444 4253 3769 4322 δοξάσαντος

2177 4347 2358 4421 χάριν,
2405 4347 2499 4401 καὶ
2532 4348 2811 4420 διαφόροις
2860 4346 3032 4420 αὐτὴν
3080 4346 3372 4417 στέφοντος
3418 4346 3640 4416 τιμαῖς,
3692 4342 3769 4407 ὡς

2177 4442 2334 4512 ἥκειν
2363 4442 2442 4505 είς
2479 4441 2643 4512 μέσον
2688 4438 2928 4509 εὐλόγως
2961 4437 3072 4493 τῶν
3102 4437 3481 4510 τετιμημένων
3511 4436 3766 4501 ἕκαστον,

2177 4532 2271 4584 καὶ
2298 4531 2362 4602 δὴ
2395 4531 2785 4617 χαριστηρίους
2818 4529 3165 4617 ἀνατείνοντα
3189 4526 3518 4601 προσευχὰς,
3556 4525 3767 4598 μεγάλῃ

2178 4623 2364 4678 λοιπὸν
2397 4610 2762 4695 ἀναμελῳδεῖν
2792 4625 2858 4694 τῇ
2895 4610 3047 4693 φωνῇ
3074 4638 3089 4653 ο
3122 4639 3143 4673 ι
3171 4620 3400 4690 Εύλόγει
3427 4622 3461 4692 ὴ
3486 4619 3635 4691 ψυχή
3663 4634 3768 4690 μου

2178 4714 2270 4768 τὸν
2300 4714 2530 4787 Κύριον,
2568 4715 2663 4769 καὶ
2691 4714 2768 4786 μὴ
2794 4713 3153 4767 ὲπιλανθάνου
3190 4713 3372 4777 πάσας
3400 4712 3501 4776 τάς
3528 4712 3767 4765 ἀνταπο-

2176 4805 2350 4870 δόσεις
2378 4807 2566 4862 αὕτοῦ’
2602 4807 2691 4861 τὸν
2720 4805 3099 4862 εύιλατεύοντα
3130 4790 3335 4870 πάσαις
3355 4806 3476 4868 ταῖς
3512 4802 3767 4873 ἀνομίαις

2177 4914 2294 4964 σου,
2323 4897 2416 4952 τὸν
2447 4897 2677 4971 ἰώμενον
2709 4898 2891 4963 πάσας
2923 4899 3024 4964 τὰς
3044 4898 3234 4963 νόσους
3264 4914 3379 4963 σου,
3426 4896 3518 4952 τὸν
3543 4893 3767 4967 λυτρού-

2179 5006 2338 5062 μενον
2361 4990 2425 5043 ἐκ
2442 4989 2650 5062 φθορᾶς
2679 4989 2778 5062 τὴν
2802 4991 2946 5063 ζωήν
2972 5007 3090 5056 σου,
3110 4989 3203 5045 τὸν
3225 4987 3592 5057 στεφανοῦντά
3624 5003 3685 5040 σε
3707 4987 3767 5039 ἐν

2180 5083 2341 5148 ἐλέει,
2361 5084 2456 5137 καὶ
2475 5085 2798 5155 οἱκτιρμοῖς,
2829 5083 2921 5137 τὸν
2946 5082 3314 5156 ὲμπιπλῶντα
3338 5083 3397 5136 ὲν
3424 5079 3649 5150 ἀγαθοῖς
3666 5079 3767 5151 τὴν

2127 5188 2147 5207 ⁸
2180 5175 2473 5247 ἐπιθυμίαν
2527 5192 2641 5231 σου.
2692 5194 2711 5229 ι
2759 5177 2912 5230 Ποιεῖ
2953 5176 3063 5249 γάρ
3114 5177 3284 5240 ὅντως
3330 5172 3699 5245 ἐλεημοσύνας
3740 5173 3771 5225 ό

2178 5267 2405 5340 Κύριος,
2437 5268 2507 5323 τὰ
2537 5267 2710 5341 μικρὰ
2736 5269 2832 5323 καὶ
2846 5267 3263 5341 ἐξουθενημένα,
3293 5265 3439 5321 κατὰ
3460 5282 3526 5335 γε
3553 5264 3646 5319 τὸν
3665 5262 3769 5340 τῇς

2179 5358 2384 5423 οἰκείας
2435 5361 2651 5430 φύσεως
2683 5359 2876 5431 λόγον,
2935 5359 3172 5432 μεγάλα,
3223 5358 3321 5413 καὶ
3353 5355 3768 5428 ἀξιοθαύμαστα

2181 5449 2270 5504 διά
2298 5450 2401 5522 τῆς
2441 5453 2522 5516 είς
2553 5452 2697 5507 αύτά
2732 5453 3098 5526 χρηστότητος
3135 5441 3538 5514 ἀποδεικνύων,
3577 5446 3767 5517 ὥσπερ

2181 5535 2274 5596 οῦν
2294 5542 2486 5613 ἀμέλει
2512 5544 2607 5598 καὶ
2633 5546 2666 5616 ἡ
2676 5546 2783 5614 μᾶς
2811 5548 2923 5610 τοῖς
2950 5544 3106 5610 ίδίοις
3133 5543 3299 5600 αὐτοῦ
3332 5540 3763 5614 κατασεμνύνειν

2182 5635 2408 5704 ἀγαθοῖς
2437 5634 2635 5710 χρῆναι
2664 5636 2773 5691 δεῖν
2813 5635 3061 5709 ἀψθόνως
3090 5635 3413 5709 ἐδοκίμασεν
3436 5634 3512 5700 ὡς
3554 5635 3582 5687 ὁ
3610 5631 3767 5699 Θεὸς,

570 5801 615 5833 ⁶¹
655 5805 845 5866 Matth.
880 5827 930 5875 ν,
968 5812 1052 5870 Η.
1130 5814 1175 5879 ’Ξ
1209 5813 1353 5872 Psal.
1386 5830 1548 5871 um
1573 5853 1586 5877 ,
1625 5813 1675 5868 ti.
1757 5812 1801 5847 "
1839 5812 1988 5869 Psai.
2023 5829 2131 5881 cu,
2170 5814 2281 5871 l-5.
