4156 6508
408 381 522 439 129

1518 374 1585 431 ΙΝ
1614 373 1915 432 JOANNIS
1950 373 2407 434 EVANGELIUM
2447 377 2577 436 LIB.
2619 381 2660 436 1.

3606 387 3711 444 150

402 498 512 552 καὶ
537 493 627 548 διά
655 491 816 546 τοῦτο
847 490 1005 556 θεοὺς
1029 508 1111 561 τε,
1129 493 1222 548 καὶ
1243 492 1380 563 φῶς,
1404 492 1499 546 καὶ
1528 491 1582 544 τί
1613 491 1722 562 γάρ
1754 491 1876 561 οὐχὶ
1905 489 2007 543 τῶν

2120 505 2268 558 vera,
2294 507 2417 562 quae
2446 494 2721 551 illuminat
2751 509 2970 553 omnem
2997 497 3276 556 hominem
3309 502 3617 559 venientem
3651 505 3708 560 in

400 587 644 660 ἀγαθῶν
697 585 988 640 ἀποκαλεῖ.
1042 581 1176 640 Εῐτα
1218 585 1355 655 πρὸς
1388 583 1564 655 τούτῳ
1594 583 1779 654 φησὶν,
1814 583 1897 637 ὅτι
1926 583 2018 636 καὶ

408 703 428 735 ι
460 682 552 735 Ἑν
583 679 663 751 τῷ
698 678 896 749 κόσμῳ
919 673 1022 751 ἦν·
1059 696 1080 730 ι
1133 677 1330 746 ἐπάγει
1362 676 1457 730 καὶ
1483 675 1652 728 τοῦτο
1677 673 1964 746 χρησίμως
1988 675 2016 726 6

401 772 700 842 θεολόγος,
746 770 1193 841 ἀναγκαιοτάτην
1215 771 1347 840 ἡμῖν
1363 767 1432 821 δι’
1452 767 1618 822 αὐτοῦ
1656 767 1755 837 τὴν
1781 764 2016 835 θεωρίαν

401 863 661 933 εἰσφέρει
680 862 794 934 [τσ.
811 859 1129 933 είσφέρων].
1161 859 1382 931 Ἐπειδὴ
1398 858 1504 930 γὰρ
1521 859 1646 930 ἔφη,
1667 853 1804 910 (Ἦν
1819 857 1880 910 τὸ
1900 857 2016 927 φῶς

373 935 468 1010 ’τὸ
497 953 781 1028 ἀληθινὸν,
807 955 836 1007 ὂ
854 953 1080 1024 φωτίζει
1099 955 1278 1008 πάντα
1298 953 1584 1024 ἄνθρωπον
1608 951 1904 1022 ἐρχόμενον
1927 951 2009 1016 είς

403 1049 500 1103 τὸν
520 1049 753 1118 κόσμον,
771 1045 865 1119 »ἦν
884 1048 941 1101 δὲ
957 1048 1020 1100 οὐ
1051 1046 1256 1117 σφόδρα
1276 1049 1390 1110 τοῖς
1406 1045 1778 1118 ἀκροωμένοις
1798 1061 1861 1098 συ
1869 1061 2014 1114 μερα-

410 1143 536 1206 νὲς,
575 1141 810 1211 πότερόν
839 1156 970 1192 ποτε
1003 1139 1096 1192 τὸν
1143 1138 1432 1210 ἄνθρωπον
1461 1139 1758 1208 ἐρχόμενον
1805 1139 1884 1199 είς
1916 1137 2008 1190 τὸν

405 1235 617 1304 κόσμον
648 1233 873 1302 φωτίζει
896 1231 958 1284 τὸ
984 1231 1120 1301 φῶς,
1157 1231 1190 1302 ἢ
1217 1231 1349 1284 αὐτὸ
1369 1231 1429 1284 τὸ
1464 1231 1578 1300 φῶς
1622 1231 1684 1282 τὸ
1733 1229 2007 1299 ἀληθινὸν,

399 1327 481 1390 ὡς
494 1326 610 1379 ἀπό
626 1342 774 1388 τινος
791 1324 984 1396 ἑτέρου
1013 1323 1182 1376 τόπου
1208 1322 1562 1404 μεταχωροῆν
1575 1324 1654 1385 είς
1672 1323 1763 1375 τὸν
1784 1322 2008 1390 κόσμον,

393 1419 497 1471 τὸν
526 1419 610 1481 εἰς
636 1417 845 1478 πάντας
878 1415 1205 1487 ἀνθρώπους
1237 1418 1470 1469 ποιεῖται
1505 1415 1808 1484 φωτισμὸν,
1846 1415 2013 1482 ἀναγ-

395 1511 586 1573 καίως
620 1511 750 1580 ἡμῖν
783 1512 813 1563 6
843 1507 1300 1579 Πνευματοφόρος
1326 1506 1661 1561 ὲκκαλύπτει
1693 1506 1756 1560 τὸ
1787 1505 2008 1577 ἀληθὲς,

397 1601 508 1655 καὶ
542 1600 652 1654 τῶν
693 1600 908 1653 οἰκείων
941 1598 1206 1670 ῥημάτων
1235 1598 1583 1670 διερμηνεύει
1629 1599 1726 1670 τὴν
1755 1597 2007 1666 δύναμιν,

397 1692 591 1761 λέγων
630 1692 792 1754 εὐθὺς
835 1692 968 1762 περὶ
1009 1691 1106 1745 τοῦ
1147 1691 1356 1762 φωτὸς,
1385 1692 1467 1744 ὅτι
1513 1709 1532 1742 ι
1576 1691 1666 1744 Ἐν
1699 1689 1777 1761 τῷ
1819 1691 2009 1760 κόσμῳ

392 1782 508 1856 ἦν·
552 1804 573 1836 ι
626 1783 715 1837 ῖνοι
741 1783 932 1836 λοιπὸν
957 1784 1018 1837 τὸ
1059 1802 1078 1835 ι
1125 1783 1424 1856 ἐρχόμενον
1463 1784 1544 1846 είς
1590 1783 1682 1836 τὸν
1733 1782 1938 1852 κόσμον
1981 1798 2003 1835 ι

2119 580 2268 638 hunc
2298 585 2586 653 mundum,
2623 602 2724 642 nec
2750 589 2860 660 76
2904 591 3250 650 auditoribus
3280 595 3573 650 admodum
3614 611 3712 666 pa-

2117 679 2301 740 teret,
2348 682 2535 731 utrum
2578 677 2993 751 intelligendum
3028 692 3212 750 esset,
3285 685 3573 742 Hominem
3613 704 3706 743 ve-

2117 767 2361 824 nientem
2411 770 2465 824 in
2497 771 2651 826 hunc
2684 775 2951 829 mundum
2983 777 3074 830 lux
3112 777 3416 845 illuminat,
3483 795 3550 834 an
3589 779 3710 836 Lux

2117 874 2249 915 vera
2273 861 2382 917 alio
2404 865 2641 933 quodam
2664 879 2729 920 ex
2758 866 2882 921 loco
2897 870 3123 924 veniens
3147 871 3201 924 in
3232 872 3378 926 hunc
3402 874 3665 928 mundum
3691 893 3705 928 :

2115 955 2440 1008 necessario
2496 955 2660 1013 nobis
2703 954 2948 1014 Joannes
2997 961 3286 1016 veritatem
3330 966 3600 1034 exponit,
3653 973 3710 1021 et

2116 1057 2344 1099 suorum
2389 1046 2688 1102 verborum
2738 1050 2850 1104 vim
2890 1059 2945 1107 et
2991 1066 3213 1108 sensum
3267 1054 3706 1126 interpretatur,

2112 1133 2263 1190 illico
2298 1137 2604 1208 subjiciens
2655 1141 2724 1196 de
2782 1142 2909 1198 luce
2941 1161 2955 1198 :
3008 1164 3028 1198 ι
3065 1145 3123 1200 1η
3161 1147 3367 1202 mundo
3397 1158 3554 1213 erat,
3585 1166 3604 1200 ι
3650 1153 3710 1203 ut

2112 1229 2245 1284 illud
2300 1230 2519 1286 demum
2550 1273 2566 1299 ,
2625 1253 2646 1287 ι
2684 1237 2988 1292 venientem
3043 1239 3098 1294 in
3138 1239 3287 1294 hunc
3334 1233 3601 1295 mundum
3626 1279 3643 1305 ,
3683 1259 3703 1294 ι

2114 1322 2454 1394 intelligatur
2486 1327 2554 1382 de
2580 1328 2826 1394 homine,
2856 1339 2910 1387 et
2935 1333 3002 1387 de
3025 1342 3219 1388 natura
3238 1334 3544 1389 illuminata
3570 1351 3709 1406 pra:-

2111 1412 2362 1479 dicetur,
2408 1425 2601 1488 utpote
2647 1437 2772 1491 qua:
2824 1438 2894 1478 ex
2955 1425 3128 1480 nihilo
3169 1427 3237 1480 ad
3286 1443 3412 1482 esse
3455 1437 3704 1483 vocatur.

2111 1502 2316 1560 Locum
2356 1510 2500 1563 enim
2536 1513 2704 1568 veluti
2745 1516 3038 1584 quemdam
3089 1529 3473 1574 creaturarum
3518 1521 3710 1577 animo

2110 1599 2495 1668 concipimus,
2549 1605 2811 1661 nimirum
2842 1608 3143 1679 aliquando
3189 1628 3299 1666 non
3351 1628 3507 1678 esse,
3565 1613 3710 1670 unde

2090 1688 2179 1760 _ad
2234 1705 2359 1746 esse
2409 1695 2828 1764 quodammodo
2874 1700 3241 1770 prodeuntes,
3279 1705 3446 1758 alium
3483 1707 3704 1761 tandem

2111 1779 2294 1835 locum
2334 1783 2388 1837 in
2431 1787 2754 1842 exsistentia
2793 1791 3039 1860 capiunt.
3063 1793 3548 1851 Accommodatius
3576 1812 3706 1868 ergo

395 1877 546 1932 κατά
572 1877 668 1930 τοῦ
701 1877 996 1947 ἀνθρώπου
1023 1879 1176 1948 νοῇς,
1210 1877 1306 1930 καὶ
1338 1875 1551 1948 μςΞίλλονν
1570 1875 1672 1947 τῆς
1699 1874 2007 1945 φωτιζομέ-

2113 1878 2282 1942 atque
2325 1875 2616 1933 decentius
2660 1878 2727 1934 de
2757 1889 2955 1936 natura
3008 1883 3289 1938 hominum
3338 1884 3446 1939 dici
3485 1894 3704 1956 potest,

398 1989 502 2044 νης
531 1970 914 2040 κατηγορῆται
951 1969 1200 2039 φύσεως,
1233 1969 1308 2033 ὡς
1340 1971 1404 2022 ἐκ
1433 1967 1527 2022 τοῦ
1560 1967 1634 2040 μὴ
1667 1968 1820 2031 ὄντος
1842 1970 1920 2031 εἰς
1949 1967 2012 2022 τὺ

406 2060 546 2117 εἶναι
582 2061 928 2133 καλουμένης
961 2079 974 2092 ·
1024 2062 1190 2124 τόπος
1241 2061 1350 2132 γὰρ
1385 2061 1576 2132 ὥσπερ
1620 2059 1703 2124 τίς
1749 2062 1868 2114 ἐστι
1898 2063 2013 2125 τοῖς

404 2159 660 2227 γενητοῖς
697 2154 918 2225 ἐπινοίᾳ
953 2152 1335 2224 θεωρούμενος
1359 2152 1421 2206 τὸ
1462 2153 1536 2222 μὴ
1565 2147 1706 2206 εἷναί
1737 2168 1890 2217 ποτε,
1915 2151 2011 2220 ἀφ’

397 2242 462 2302 οὗ
486 2250 554 2319 δὴ
599 2247 810 2321 τρόπον
848 2245 974 2300 τινὰ
1018 2244 1158 2316 πρὸς
1190 2245 1251 2299 τὸ
1299 2240 1439 2298 εἶναι
1481 2243 1800 2315 βαδίζοντα,
1845 2241 2013 2298 τόπον

398 2341 596 2412 ἕτερον
629 2340 734 2412 ήδη
769 2340 864 2394 τὸν
898 2340 957 2392 ὲν
993 2337 1226 2410 ὑπάρξει
1253 2337 1544 2409 λαμὸάνει.
1577 2336 1787 2392 Οὐκοῦν
1814 2335 2012 2390 οίκειό·

397 2433 566 2504 τερόν
599 2449 660 2486 τε
721 2433 817 2485 καὶ
845 2431 1299 2504 πρεπωδέστατον
1325 2432 1359 2502 ἡ
1391 2429 1501 2484 τῶν
1551 2428 1856 2501 ἀνθρώπων
1884 2429 2009 2481 ἑπι-

392 2524 621 2590 δέξεται
645 2522 815 2594 ’φύσις
854 2521 918 2575 τὸ
950 2524 1016 2575 ὲκ
1047 2521 1280 2594 πρώτων
1322 2521 1486 2586 εὐθὺς
1518 2519 1850 2590 φωτίζεσθαι
1882 2518 2010 2590 χρόα-

394 2635 540 2682 νων,
599 2614 923 2687 σύνδρομόν¹
957 2631 1050 2679 τε,
1113 2614 1209 2668 καὶ
1261 2604 1886 2683 συγκατεσκευασμένην
1931 2607 2012 2684 τῷ

392 2705 542 2763 εἶναι
587 2707 901 2778 λαμσάνειν
925 2696 1049 2779 ’τὴν
1082 2706 1299 2762 σύνεσιν
1345 2706 1499 2778 παρά
1543 2707 1637 2760 τοῦ
1665 2707 1816 2770 ὄντος
1843 2709 1899 2761 ἐν
1932 2705 2013 2778 τῷ

395 2802 596 2872 κόσμῳ
624 2801 830 2870 φωτὸς,
861 2798 1009 2853 τοῦτ’
1033 2797 1150 2852 ἐστι
1167 2841 1184 2867 ,
1217 2797 1310 2853 τοῦ
1342 2797 1684 2868 Μονογενοῦς
1703 2839 1717 2863 ,
1741 2797 1801 2862 ὃς
1826 2799 1891 2869 δὴ
1915 2797 2010 2852 καὶ

398 2894 629 2966 apem?
664 2895 734 2964 τῇ
777 2891 880 2962 τῆς
912 2890 1166 2961 θεότητος
1197 2891 1436 2962 ίδυνάμει
1479 2890 1550 2943 τὰ
1579 2891 1758 2945 πάντα
1789 2891 2008 2961 πληροῖ,

394 2985 494 3038 καὶ
528 2983 884 3055 συμπάρεστι
927 2981 1026 3053 μὲν
1053 2980 1307 3050 ἀγγέλοις
1334 2983 1393 3034 ὲν
1419 2981 1632 3052 οὐρανῷ
1650 3022 1664 3047 ,
1714 2980 1930 3034 σύνεστι
1950 2978 2011 3034 δὲ

383 3079 509 3140 τοῖς
544 3077 642 3129 ἐπὶ
666 3077 770 3146 τῆς
805 3076 930 3147 γῆς,
955 3073 1111 3130 κενδν
1157 3073 1216 3126 δὲ
1241 3073 1340 3145 τῆς
1366 3073 1562 3136 ἑαυτοῦ
1599 3073 1854 3143 θεότητος
1885 3069 2009 3127 οὐδὲ

386 3169 570 3227 αὐτὸν
591 3167 790 3240 ἀφίησι
817 3167 912 3221 τὸν
940 3166 1097 3239 ᾅδην,
1133 3166 1227 3219 καὶ
1260 3169 1510 3237 πανταχῇ
1542 3169 1656 3230 τοῖς
1685 3168 1850 3221 πᾶσιν
1880 3167 2006 3220 ὲπι-

2117 1965 2314 2035 primis
2366 1968 2552 2022 statim
2594 1971 3322 2041 temporibusdlluminari,
3353 1985 3405 2030 et
3437 1993 3546 2030 una
3576 1993 3703 2032 cum

2117 2056 2238 2127 ipso
2282 2073 2407 2114 esse
2447 2059 2558 2114 vim
2607 2062 2777 2116 etiam
2831 2062 3171 2136 intelligendi
3218 2066 3289 2121 ab
3347 2082 3413 2121 ea
3472 2084 3596 2138 quae
3649 2071 3704 2124 in

2115 2149 2326 2206 mundo
2365 2157 2450 2206 est
2486 2151 2640 2219 luce,
2697 2154 2966 2210 nimirum
3028 2155 3344 2230 Unigenito,
3377 2163 3661 2232 suscipere
3688 2203 3705 2230 ,

2113 2241 2209 2312 qui
2242 2241 2504 2298 ineﬂ‘abili
2532 2245 2756 2302 deitatis
2791 2249 2993 2304 virtute
3018 2258 3220 2305 cuncta
3249 2253 3424 2321 replet
3456 2295 3472 2321 ,
3519 2262 3576 2310 et
3618 2263 3707 2312 est

2113 2334 2335 2404 quidem
2363 2350 2486 2390 cum
2515 2339 2728 2408 angelis
2760 2339 2816 2394 in
2852 2341 2997 2395 ccelo
3023 2382 3038 2406 ,
3083 2341 3137 2396 in
3173 2344 3338 2399 terris
3365 2361 3490 2399 cum
3524 2346 3703 2401 homi-

2114 2427 2312 2490 nibus,
2354 2429 2600 2500 nihilque
2637 2430 2760 2500 ejus
2781 2431 2982 2488 deitate
3023 2448 3259 2489 vacuum
3312 2445 3424 2503 est,
3467 2453 3536 2492 ne
3568 2439 3704 2509 ipsis

2112 2517 2333 2588 quidem
2383 2519 2580 2576 inferis
2627 2525 2917 2593 exceptis,
2970 2533 3028 2579 et
3083 2525 3289 2597 ubique
3337 2537 3539 2584 cuncta
3598 2532 3704 2584 im-

2111 2624 2346 2676 means,
2425 2628 2458 2666 a
2507 2614 2662 2669 nullo
2722 2615 2910 2681 abest,
2958 2617 3096 2672 adeo
3148 2626 3208 2672 ut
3255 2621 3610 2676 vehementer
3650 2622 3704 2678 id

2112 2704 2559 2773 sapientissimus
2593 2704 2889 2762 Psalmista
2919 2709 3152 2766 miratus
3177 2710 3327 2764 dicat
3357 2729 3371 2766 :
3409 2731 3428 2762 ι
3466 2712 3588 2779 Quo
3615 2714 3706 2769 ibo

2112 2809 2144 2848 a
2174 2794 2384 2866 Spiritu
2412 2806 2530 2864 tuo,
2566 2809 2619 2854 et
2648 2815 2758 2869 quo
2788 2815 2819 2854 a
2851 2799 2988 2856 facie
3021 2809 3114 2856 tua
3147 2802 3389 2872 fugiam?
3423 2804 3482 2859 Si
3511 2821 3706 2860 ascen.

2112 2887 2246 2941 dero
2275 2889 2328 2941 in
2353 2889 2578 2952 cmlum,
2612 2899 2667 2943 tu
2701 2891 2812 2944 illic
2846 2906 2906 2946 es
2941 2908 2954 2943 :
2999 2892 3045 2948 si
3084 2893 3424 2950 descendere
3451 2897 3506 2950 in
3543 2897 3709 2952 infer-

2111 2991 2268 3043 num,
2307 2976 2477 3032 ades:
2515 2977 2561 3033 si
2591 2994 2882 3048 sumpsero
2909 2995 3120 3050 pennas
3157 2998 3307 3039 meas
3342 2984 3613 3052 diluculo,
3650 2994 3706 3042 et

2113 3067 2433 3121 habitavero
2470 3067 2524 3121 in
2554 3070 2819 3124 extremis
2868 3070 3058 3137 maris,
3112 3075 3315 3127 etenim
3347 3073 3479 3130 iJluc
3505 3091 3705 3134 manus

2110 3168 2205 3215 tua
2241 3160 2476 3216 deducet
2512 3176 2600 3216 me
2623 3202 2638 3228 ,
2679 3169 2732 3217 et
2765 3162 2972 3218 tenebit
3023 3179 3111 3219 me
3163 3164 3392 3221 dextera
3440 3176 3534 3222 tua
3567 3169 3635 3224 ⁸⁵.
3677 3190 3697 3222 ι

385 3260 592 3331 δημῶν
629 3235 844 3324 οὐδενὸς
878 3235 1279 3325 ἀπανίσταται,
1319 3258 1396 3322 ὡς
1552 3257 1728 3329 τούτῳ
1759 3257 1855 3312 καὶ
1887 3256 2006 3314 λίαν

2111 3252 2340 3311 Omnem
2377 3254 2523 3310 enim
2567 3255 2750 3310 locum
2797 3265 2852 3313 et
2893 3272 3112 3313 omnem
3169 3268 3481 3315 creaturam
3501 3250 3700 3318 divina

386 3353 630 3416 εἰκότως
660 3351 1126 3423 ἀποθαυμάζοντα
1147 3351 1328 3420 λέγειν
1351 3351 1443 3405 τὸν
1477 3349 1789 3420 σοφώτατον
1813 3351 2008 3422 Μελῳ-

386 3447 508 3500 δόν-
540 3466 561 3500 ι
584 3446 697 3501 Ποῦ
731 3445 982 3518 πορευθῶ
1011 3446 1121 3500 ἀπὸ
1153 3446 1248 3500 τοῦ
1266 3445 1591 3516 Πνεύματός
1621 3461 1739 3511 σου,
1769 3445 1864 3498 καὶ
1896 3444 2009 3499 ἀπὸ

385 3540 491 3594 τοῦ
526 3537 828 3613 προσώπου
872 3556 967 3592 σου
1013 3539 1117 3591 ποῦ
1153 3537 1349 3608 φύγως
1414 3537 1541 3591 Ἐὰν
1567 3536 1755 3591 άνασῶ
1794 3537 1875 3601 είς
1912 3537 2008 3592 τὸν

386 3633 454 3687 οὐ
467 3631 654 3704 ρανδν,
685 3634 750 3685 σὺ
773 3626 822 3685 εἷ
847 3633 968 3686 ἐκεῖ
987 3646 1002 3660 °
1030 3632 1127 3686 ἐὰν
1149 3631 1376 3685 καταϐῶ
1400 3632 1479 3695 είς
1508 3630 1598 3684 τὸν
1631 3629 1790 3702 ᾅδην,
1813 3629 2002 3702 πάρει·

385 3727 493 3782 ἐὰν
521 3725 784 3781 ἀναλάϐω
833 3724 934 3789 τὰς
983 3724 1268 3795 πτέρυγάς
1323 3741 1424 3794 μου
1465 3722 1587 3776 κατ’
1631 3721 1859 3796 δρθρον,
1911 3720 2007 3776 καὶ

385 3817 819 3888 κατασκηνὼσω
847 3818 930 3883 είς
965 3816 1034 3874 τὰ
1061 3816 1265 3887 ἔσχατα
1299 3817 1398 3887 τῆς
1426 3815 1727 3886 θαλάσσης,
1778 3817 1872 3870 καὶ
1896 3814 2008 3885 γὰρ

383 3913 516 3965 ἐκεῖ
540 3912 575 3982 ἠ
617 3909 738 3981 χείρ
771 3925 864 3962 σου
893 3907 1156 3978 ὁδηγήσει
1187 3923 1257 3977 με
1276 3945 1290 3971 ,
1317 3905 1412 3958 καὶ
1436 3904 1659 3971 καθέξει
1694 3921 1760 3976 με
1792 3905 1826 3976 ὴ
1853 3903 2006 3971 δεξιά

386 4022 516 4059 σου.
552 4023 572 4056 ι
619 4002 832 4066 Παντὸς
857 4000 966 4075 γὰρ
1001 4001 1192 4066 τόπου,
1227 4000 1321 4053 καὶ
1350 4000 1531 4070 πάσης
1555 3998 1790 4061 κτίσεως
1821 3999 1854 4069 ἡ
1883 3996 2004 4050 θεία

382 4095 818 4169 περιδράττεται
848 4094 995 4166 χεὶρ,
1033 4093 1334 4164 συνέχουσα
1375 4092 1514 4164 πρὸς
1539 4093 1600 4145 τὸ
1641 4087 1779 4146 εἶναι
1805 4089 1874 4144 τὰ
1905 4107 2004 4142 πε-

383 4189 708 4262 ποιημένα,
753 4187 850 4241 καὶ
894 4186 1338 4258 περισφίγγουσα
1372 4183 1510 4256 πρὸς
1559 4182 1705 4256 ζωὴν
1749 4183 1819 4237 τὰ
1858 4183 2003 4254 ζωῆς

379 4284 660 4354 δεόμενα,
705 4282 800 4335 καὶ
827 4279 1245 4354 τοῖςησυνέσεως
1273 4277 1545 4340 δεκτικοῖς
1589 4278 1650 4330 τὸ
1683 4277 1874 4346 νοητὸν
1917 4278 2004 4329 ἐν·

386 4377 704 4448 σπείρουσα
737 4375 874 4445 φῶς.
908 4375 1066 4428 Ἔστι
1092 4372 1148 4426 δὲ
1179 4373 1280 4426 οὐκ
1318 4373 1376 4426 ὲν
1408 4372 1582 4441 τόπῳ,
1620 4370 1874 4440 καθάπερ
1900 4370 2000 4441 ήδη

380 4469 760 4542 προείπομεν,
786 4467 907 4520 οὐδὲ
936 4466 1034 4539 τὴν
1059 4465 1431 4538 μεταθατικὴν
1462 4463 1724 4534 ὑπομένει
1752 4463 1964 4533 κίνησιν
1984 4477 1997 4492 ⁶

2107 3365 2307 3406 manus
2353 3351 2776 3422 complectitur,
2817 3355 3113 3410 continens
3157 3364 3212 3410 et
3253 3370 3599 3414 conservans
3645 3360 3700 3413 in

2107 3459 2212 3501 suo
2239 3460 2368 3502 esse
2413 3461 2504 3502 res
2537 3455 2756 3501 creatas
2781 3487 2796 3513 ,
2848 3457 2902 3502 et
2926 3447 3108 3502 .vitam
3151 3447 3449 3505 infundens
3478 3450 3545 3504 iis
3579 3467 3702 3522 quae

2107 3539 2220 3593 vita
2249 3546 2479 3607 carent,
2516 3549 2572 3595 et
2604 3540 2984 3610 intelligentiae
3017 3541 3315 3611 capacibus
3350 3543 3702 3598 intellectua-
3757 3598 3760 3600 γ

2103 3630 2210 3686 lem
2243 3631 2422 3687 lucem
2455 3631 2725 3688 inserens.
2765 3632 2888 3687 Non
2919 3642 3005 3690 est
3036 3641 3221 3690 autem
3270 3634 3324 3689 in
3356 3635 3478 3690 loco
3501 3675 3516 3702 ,
3557 3637 3702 3691 sicut

2104 3735 2266 3780 antea
2300 3725 2564 3791 diximus,
2596 3741 2700 3783 nec
2728 3728 2782 3782 in
2813 3743 2942 3784 eum
2973 3727 3122 3782 cadit
3151 3735 3338 3784 motus
3379 3727 3573 3785 localis
3601 3730 3621 3801 (
3644 3729 3698 3784 id

2102 3817 2249 3870 enim
2301 3817 2585 3887 proprium
2637 3827 2724 3872 est
2769 3817 3127 3888 corporum),
3159 3818 3256 3873 sed
3293 3817 3480 3872 omnia
3515 3819 3702 3888 potius

2103 3905 2327 3976 implet,
2359 3915 2419 3961 ut
2451 3905 2616 3963 Deus.
2645 3906 2752 3962 Sed
2781 3908 2849 3962 ad
2887 3907 3004 3962 haec
3027 3907 3227 3982 .forsan
3257 3908 3406 3963 dicet
3443 3909 3646 3980 aliquis
3679 3927 3695 3964 :

2104 3997 2246 4064 Quid
2282 4013 2414 4068 ergo
2451 3999 2778 4068 responsuri
2813 4015 3011 4054 sumus
3035 4039 3049 4064 ,
3085 4014 3118 4053 ο
3145 3999 3321 4067 bone,
3357 3999 3404 4055 si
3444 4002 3574 4070 quis
3613 4001 3698 4054 lo-

2103 4098 2360 4158 quentem
2383 4088 2669 4145 Christum
2701 4090 2863 4146 nobis
2895 4091 2949 4145 in
2979 4090 3223 4146 medium
3247 4091 3484 4146 aﬂ‘erat:
3532 4109 3552 4143 ι
3583 4090 3698 4162 Ego

2105 4183 2198 4238 lux
2230 4183 2284 4236 in
2313 4181 2579 4237 mundum
2611 4181 2733 4236 veni
2762 4182 2826 4236 ⁸⁸.
2855 4201 2874 4234 ι
2913 4181 3056 4249 Quid
3084 4197 3217 4238 vero
3245 4197 3371 4237 cum
3399 4181 3698 4240 Psalmista

2103 4276 2326 4337 clamat,
2357 4292 2376 4326 ι
2406 4272 2799 4329 Emittelucem
2819 4281 2991 4341 tuam,
3014 4283 3068 4328 et
3088 4274 3374 4329 veritatem
3394 4281 3545 4329 tuam
3572 4277 3638 4330 ⁸⁷.
3673 4295 3694 4329 ι

2105 4367 2244 4423 Ecce
2282 4368 2427 4423 enim
2461 4368 2580 4439 ipse
2625 4367 2716 4422 hic
2748 4375 2940 4438 aperte
2975 4367 3053 4420 ait
3098 4381 3158 4423 se
3201 4367 3256 4422 in
3292 4367 3556 4421 mundum
3598 4383 3696 4424 vc-

2104 4463 2292 4528 nisse,
2339 4468 2402 4515 ut
2448 4460 2542 4532 qui
2591 4475 2699 4515 non
2750 4469 2899 4516 esset
2943 4460 3000 4514 in
3050 4460 3174 4532 ipso
3221 4461 3506 4516 nimirum.
3555 4460 3698 4517 Mitti

382 4559 670 4629 σωμάτων
718 4556 830 4626 γὰρ
866 4555 997 4608 ἴδιον
1034 4555 1193 4608 τοῦτό
1231 4570 1327 4623 γε’
1376 4553 1576 4624 πληροῖ
1603 4552 1659 4605 δὲ
1711 4552 1910 4624 μᾶλλον
1933 4553 2001 4606 τὰ

2109 4562 2294 4609 autem
2322 4568 2544 4608 rursum
2574 4551 2742 4606 David
2775 4554 3006 4624 rogabat
3037 4569 3162 4609 eum
3191 4555 3284 4624 qui
3317 4554 3425 4625 77
3450 4557 3693 4610 nondum

380 4652 576 4704 πάντα
600 4649 676 4712 ὡς
709 4648 866 4709 Θεός.
914 4647 1053 4700 Ἀλλ’
1085 4649 1202 4719 ἐρεῖ
1227 4664 1311 4710 τις
1335 4645 1473 4717 πρὸς
1504 4645 1679 4700 ταῦτα
1707 4646 1867 4716 τυχόν
1893 4665 1904 4676 ’
1934 4646 1998 4698 Τί

380 4738 483 4796 οὖν
521 4756 735 4810 φαμεν,
781 4732 828 4791 ὦ
859 4741 1107 4806 γενναῖε,
1152 4739 1282 4791 ὅταν
1309 4754 1393 4800 τις
1421 4738 1556 4808 ἡμῖν
1585 4739 1664 4801 εἰς
1697 4737 1863 4808 μέσον
1892 4738 2000 4810 ἄγῃ

378 4834 629 4901 λέγοντα
657 4831 750 4882 τὸν
774 4828 1032 4900 Χριστόνο
1059 4846 1077 4879 ι
1101 4827 1244 4895 Ἐγὼ
1274 4827 1392 4896 φῶς
1421 4829 1502 4890 είς
1530 4828 1622 4882 τὸν
1651 4829 1856 4898 κόσμον
1879 4828 2000 4900 ἐλή-

378 4925 530 4980 λυθα
553 4942 604 4993 ;ι
634 4925 701 4978 Τί
730 4907 794 4979 δὲ’
821 4927 950 4978 ὅταν
979 4927 1006 4978 6
1030 4925 1338 4996 Ψαλμῳδδς
1371 4925 1802 4996 άναφθέγγηται·
1833 4945 1851 4977 ι
1885 4927 2003 4993 Ἐξ-

378 5018 720 5074 απόστειλον
751 5025 812 5072 τὸ
837 5018 954 5088 φῶς
980 5034 1096 5083 σου,
1127 5019 1222 5072 καὶ
1249 5017 1348 5088 τὴν
1371 5018 1629 5090 ἀλήθειάν
1665 5036 1759 5072 σου
1783 5036 1830 5084 ;›
1869 5019 2002 5072 Ἰδοὺ

379 5117 502 5185 γὰρ
539 5111 732 5166 ἐνθάδε
783 5111 971 5181 σαφῶς
1006 5110 1170 5174 αὐτὸς
1213 5110 1313 5181 μὲν
1363 5109 1680 5182 ἐληλυθέναι
1727 5110 1892 5181 φησὶν
1923 5112 2004 5174 εἰς

377 5207 482 5260 τὸν
511 5205 743 5275 κόσμον,
776 5194 974 5266 ὼςόὺκ
1004 5202 1080 5254 ὢν
1110 5203 1166 5253 ἐν
1187 5200 1338 5273 αὐτῷ
1363 5201 1605 5272 δηλονότι
1640 5219 1653 5232 ο
1685 5200 2002 5272 πέμπεσθαι

379 5300 443 5352 δὲ
501 5296 669 5352 πάλιν
713 5298 742 5350 ό
783 5294 1038 5365 Μελῳδὸς
1083 5292 1334 5364 ἐλιπάρει
1380 5293 1472 5346 τὸν
1518 5291 1672 5347 οὔπω
1735 5293 2001 5364 παρόντα,

381 5391 541 5446 κατά
587 5406 654 5459 γε
698 5388 761 5441 τὺ
815 5389 874 5442 ὲν
903 5386 982 5458 τῷ
1009 5386 1156 5457 λόγῳ
1186 5385 1401 5456 σχῆμα,
1457 5385 1683 5456 καὶτῆς
1730 5387 1806 5448 ὡς
1856 5386 2004 5456 ἡμᾶς

383 5480 708 5552 ἀποστολῆς
731 5478 831 5552 τὴν
864 5479 1129 5550 ἔμφασιν.
1181 5477 1328 5549 Πρὸς
1358 5477 1422 5548 δὴ
1450 5478 1518 5530 τὰ
1542 5476 1772 5532 τοιαῦτά
1799 5493 2001 5548 φαμεν,

378 5576 471 5631 ὅτι
529 5573 611 5645 τῷ
652 5573 954 5641 Μονογενεῖ
1009 5569 1314 5640 θεοπρεπὲς
1359 5569 1581 5642 ἀξίωμα
1627 5569 1926 5641 περιτιθεὶς
1977 5570 2006 5620 6

379 5665 683 5735 θεολόγος,
729 5664 788 5715 ὲν
817 5660 898 5734 τῷ
941 5661 1137 5734 κόσμῳ
1169 5660 1334 5734 φησὶν
1377 5660 1494 5727 ἀεὶ,
1551 5661 1648 5714 καὶ
1679 5659 1767 5714 διὰ
1803 5659 2003 5724 παντὸς

2106 4647 2334 4713 aderat,
2385 4653 2444 4700 ut
2485 4653 2706 4701 constat
2751 4661 2818 4700 ex
2871 4646 3131 4715 loquendi
3170 4645 3447 4714 formula,
3487 4654 3542 4701 et
3577 4649 3692 4718 ipsa

2108 4739 2394 4794 missionis
2430 4738 2497 4793 ad
2531 4754 2633 4793 nos
2663 4738 3091 4808 signiﬁcatione.
3122 4738 3203 4792 Ad
3241 4739 3354 4792 haec
3396 4741 3700 4808 responde~

2107 4847 2233 4886 mus
2270 4830 2590 4900 theologum
2646 4828 2949 4900 Unigenito
2983 4829 3308 4900 dignitatem
3341 4828 3452 4884 Deo
3488 4846 3696 4885 convc-

2107 4927 2350 4980 nientem
2384 4925 2645 4989 tribuere,
2684 4923 2813 4978 dum
2841 4925 2919 4978 ait
2943 4923 2998 4976 in
3029 4923 3235 4977 mundo
3264 4922 3444 4992 ipsum
3478 4939 3700 4995 semper

2107 5020 2414 5082 exsistere,
2445 5027 2501 5072 ut
2531 5017 2696 5070 vitam
2730 5032 2826 5087 per
2861 5023 3152 5079 naturam,
3192 5022 3252 5069 ut
3286 5015 3465 5070 lucem
3501 5031 3700 5071 secun-
3767 5038 3775 5072 2

2107 5111 2237 5166 dum
2311 5111 2744 5176 substantiam,,
2790 5108 3168 5181 perﬁcientem
3223 5117 3575 5177 creaturam,
3638 5119 3700 5167 ut

2107 5201 2279 5256 Deum
2303 5244 2316 5268 ,
2361 5216 2472 5255 non
2508 5201 2629 5255 loco
2665 5201 3157 5272 circumscriptum
3180 5241 3194 5266 ,
3235 5217 3344 5256 non
3373 5203 3569 5273 spatiis
3599 5203 3699 5259 de-

2109 5294 2359 5359 ﬁnitum,
2404 5309 2515 5348 non
2555 5294 2867 5365 quantitate
2905 5296 3244 5359 coercitum,
3293 5309 3401 5349 non
3441 5296 3511 5349 ab
3545 5295 3696 5362 ullo,

2109 5398 2169 5442 ut
2195 5388 2364 5443 verbo
2390 5387 2570 5444 dicam
2598 5388 3125 5461 ,-c0mprehensum,
3164 5402 3343 5457 neque
3367 5385 3456 5440 cui
3486 5399 3550 5438 ex
3585 5399 3699 5439 uno

2110 5481 2232 5536 loco
2265 5482 2320 5535 in
2359 5481 2528 5536 alium
2574 5482 2861 5537 incumbat
2909 5480 3180 5553 migrandi
3227 5476 3561 5540 necessitas,
3600 5475 3699 5530 sed

2106 5574 2201 5643 qui
2250 5587 2497 5642 praesens
2547 5571 2623 5628 sit
2664 5573 2959 5636 omnibus,
3008 5586 3112 5626 nec
3153 5569 3224 5624 ab
3263 5569 3375 5623 ullo
3415 5565 3579 5621 absit.
3627 5569 3701 5625 Se

2107 5671 2289 5718 autem
2337 5665 2392 5718 in
2444 5662 2712 5720 mundum
2745 5663 2966 5720 venisse
2992 5701 3008 5730 ,
3049 5658 3303 5731 quamvis
3347 5669 3594 5730 pmsens
3627 5658 3700 5714 sit

453 5845 506 5879 "
551 5841 703 5902 Psal.
734 5857 1016 5913 cxxxvut,
1052 5841 1215 5900 7-10.
1292 5842 1339 5876 '°
1375 5841 1538 5900 Joan.
1581 5835 1694 5912 xii,
1731 5843 1821 5926 46,
1900 5845 1945 5880 ⁸⁷
1986 5843 2134 5901 Psal.
2171 5858 2320 5936 mi,
2354 5842 2408 5898 ὃ.
