4156 6492
529 363 621 421 ιδι
1557 355 1615 412 S.
1642 352 1923 412 CYRlLLl
1949 351 2442 408 ALEXANDBINI.
2476 353 2800 410 ARCIIIEP.
3689 362 3794 421 I32

529 490 583 540 in
634 496 722 549 eo,
750 479 1095 537 conﬁrmavit
1141 476 1354 534 ratione
1400 474 1820 531 incarnationis.
1873 491 1892 525 ι
1943 471 2098 528 Visus

2213 474 2476 546 ὑπάρχειν
2504 475 2686 542 αὐτὸν,
2725 476 2800 539 ὼς
2825 475 2970 548 ζωὴν
2999 477 3138 531 κατά
3173 477 3336 547 φύσιν
3355 520 3369 545 ,
3404 481 3481 545 ὼς
3506 479 3623 550 φῶς
3672 481 3791 535 κατ’

526 578 671 632 enim
704 581 790 630 est
829 575 884 630 in
925 580 1103 635 terra,
1138 577 1193 626 et
1229 584 1354 624 cum
1401 567 1720 623 hominibus
1751 575 2098 621 conversatur

2209 565 2399 618 ούσίαν
2419 606 2434 629 ,
2491 565 2804 638 πληροῦντα
2834 567 2930 638 τὴν
2961 569 3170 635 κτίσιν,
3214 570 3289 632 ὡς
3327 571 3460 624 Θεὸν
3480 610 3494 635 ,
3547 573 3608 626 ού
3639 573 3794 643 τόπῳ

527 677 611 723 est
639 667 685 699 ⁸⁸
708 705 722 730 ,
755 685 773 718 ι
808 681 930 718 cum
971 678 1138 717 carne
1162 662 1435 722 videlicet,
1470 657 1908 713 manifestiorem
1950 656 2098 711 nobis

2210 659 2584 729 περιγραπτὺν
2605 702 2618 725 ,
2650 661 2712 713 οὐ
2743 660 3074 732 διαστήμασι
3108 665 3378 735 μετρητὸν
3397 705 3412 726 ,
3443 665 3505 719 οὐ
3535 665 3792 734 ποσότητι

527 773 683 812 suam
715 756 1060 826 praesentiam
1097 755 1203 808 hoc
1227 760 1392 823 pacto
1412 750 1654 806 eﬂiciens
1674 791 1688 815 ,
1719 758 1774 804 et
1804 750 1898 819 qui
1930 764 2109 819 quon-

528 850 652 904 dam
706 851 826 905 solo
874 849 1154 902 intellectu
1212 842 1875 914 comprehendi‘poterat
1907 881 1923 905 ,
1970 841 2108 911 ipsis

527 957 745 1012 quoque
787 955 934 995 nunc
981 938 1236 1009 corporis
1281 937 1463 992 oculis
1511 943 1806 1005 perceptus
1862 933 2105 989 crassio-

527 1049 684 1099 rem,
731 1041 792 1086 ut
839 1034 912 1085 ita
965 1029 1183 1092 dicam,
1245 1026 1577 1098 cognitionis
1627 1025 1830 1080 divinae
1881 1037 2107 1106 sensum

527 1127 690 1181 nobis
729 1124 911 1178 intulit
943 1123 1072 1177 dum
1113 1137 1211 1190 per
1250 1119 1520 1174 miracula
1559 1123 1612 1172 et
1653 1115 1902 1188 prodigia
1944 1115 2108 1170 nobis

528 1226 612 1272 est
643 1217 880 1286 agnitus.
914 1212 1026 1268 Nec
1056 1214 1161 1267 alia
1193 1212 1425 1276 ratione,
1455 1216 1515 1263 ut
1544 1209 1820 1271 existimo,
1861 1206 2003 1260 mitti
2039 1205 2108 1261 ad

529 1321 634 1362 nos
694 1306 786 1359 Dei
853 1303 1090 1362 Verbum
1142 1306 1406 1356 mundum
1462 1301 1611 1356 hunc
1669 1299 2106 1354 illuminaturum

527 1393 830 1449 Psalmista
865 1394 1114 1463 rogabat.
1141 1392 1274 1446 Illud
1300 1393 1530 1461 insuper
1555 1389 2102 1445 animadvertendum

526 1485 814 1549 existimo,
851 1486 1110 1539 nimirum
1147 1482 1293 1553 quod
1330 1483 1478 1535 omni
1515 1495 1771 1538 sermone
1810 1494 1964 1534 ruens
2008 1493 2104 1549 pec

527 1577 853 1631 netrabilior
910 1587 1033 1641 est,
1080 1584 1135 1629 et
1181 1576 1379 1630 mentis
1410 1581 1592 1628 motus
1635 1573 1820 1643 lingua
1864 1573 2102 1626 acutior.

525 1670 715 1740 Igitur,
753 1669 952 1722 mentis
981 1668 1281 1722 subtilitate
1310 1675 1364 1721 et
1403 1667 1658 1720 acumine
1685 1705 1700 1729 ,
1737 1665 1946 1718 variant
1980 1665 2105 1733 qui-

522 1761 645 1815 dem
677 1771 883 1814 natura:
907 1759 1108 1813 divinae
1137 1757 1605 1827 pulchritudinem
1637 1756 2100 1824 contemplamur,

2207 749 2554 818 καταληπτὸν
2575 789 2590 814 ,
2638 750 2699 802 ού
2728 749 2784 803 δὲ
2813 751 2920 804 ὑπό
2957 769 3101 815 τινος
3133 753 3269 816 ὅλως
3303 754 3793 825 ἐμπεριεχόμενον,

2206 840 2326 892 οὐδὲ
2362 840 2714 911 μεταϐάσεως
2747 842 2844 914 τῆς
2894 844 2973 907 εἰς
3002 844 3166 898 τόπον
3213 847 3278 898 ὲκ
3309 845 3473 898 τόπου
3511 845 3790 916 δεόμενον,

2208 931 2323 986 ἀλλ’
2351 933 2602 1003 ἐνδημεῖν
2647 934 2744 1004 μὲν
2769 933 2973 988 ἅπασιν
2995 975 3010 1000 ,
3037 936 3511 1005 ἀπολιμπάνεσθαι
3535 937 3592 992 δὲ
3624 937 3794 1008 μηδε-

2206 1023 2315 1085 νός.
2364 1024 2708 1095 Ἐληλυθέναι
2747 1026 2803 1080 δὲ
2837 1028 3028 1080 ἑαυτὸν
3063 1029 3120 1081 ὲν
3158 1029 3350 1098 κόσμῳ
3394 1028 3793 1099 διῖσχυρίσατο,

2207 1113 2384 1167 καίτοι
2417 1113 2610 1186 παρὼν
2639 1117 2696 1168 ὲν
2725 1115 2874 1186 αὐτῷ
2905 1117 3045 1171 κατὰ
3070 1119 3161 1173 τὸν
3189 1121 3288 1188 τῆς
3317 1119 3795 1190 ὲνανθρωπήσεως

2204 1204 2427 1274 τρόπον.
2479 1224 2497 1256 ι
2531 1207 2710 1276 Ὠφθη
2747 1207 2856 1278 γάρ
2889 1208 2980 1262 ἐπὶ
3007 1208 3106 1277 τῆς
3132 1209 3265 1279 γῆς,
3300 1209 3394 1264 κα)⁴
3427 1212 3538 1272 τοῖς
3576 1207 3794 1278 ἀνθρώο

2207 1312 2331 1360 ποις
2373 1299 2783 1370 συνανεστράφη
2825 1318 2844 1351 ι
2898 1300 3038 1370 μετά
3080 1301 3316 1370 σαρκὸς,
3373 1299 3791 1370 ἐμφανεστέραν

2206 1387 2403 1441 ἑαυτοῦ
2442 1389 2539 1460 τὴν
2587 1390 2645 1442 ἐν
2685 1393 2876 1461 κόσμῳ
2909 1392 3212 1463 παρουσίαν
3252 1391 3342 1445 διὰ
3370 1392 3559 1446 τούτου
3593 1390 3789 1457 τιθεὶς,

2208 1479 2302 1532 καὶ
2329 1481 2356 1533 6
2389 1479 2560 1534 πάλαι
2582 1483 2764 1552 νοήσει
2791 1483 3138 1553 καταληπτὸς
3159 1525 3173 1549 ,
3207 1484 3302 1538 καὶ
3328 1484 3512 1547 αὐτοῖς
3541 1484 3640 1555 ἤδη
3673 1487 3792 1547 τοῖς

2204 1568 2298 1620 τοῦ
2343 1567 2590 1640 σώματος
2617 1572 2893 1643 ὁρώμενος
2941 1573 3262 1643 ὀφθαλμοῖς,
3296 1575 3638 1644 παχυτέραν,
3703 1575 3792 1627 ἵνα

2203 1659 2375 1725 οὕτως
2404 1663 2563 1728 εῖπω,
2583 1664 2681 1733 τῆς
2714 1665 3040 1734 θεογνωσίας
3065 1668 3198 1738 ἡμῖν
3222 1666 3448 1720 ἐνετίθει
3479 1667 3577 1737 την
3600 1665 3792 1736 αἴσθη-

2207 1771 2311 1818 σιν,
2353 1754 2441 1808 διά
2499 1756 2796 1827 θαυμάτων
2856 1759 2952 1812 καὶ
2995 1761 3397 1832 μεγαλουργίας
3431 1761 3788 1828 ὲπιγινωσκόυ

523 1852 617 1905 sed
635 1851 702 1906 de
726 1851 843 1919 ipsa
870 1851 1111 1903 humano
1136 1823 1300 1902 modo
1319 1855 1373 1902 et
1398 1855 1592 1903 nostro
1617 1860 1770 1900 more
1795 1823 2096 1914 loquimur,

2207 1861 2384 1915 μενος.
2455 1823 2906 1902 Ἀποστέλλεσθαι
2943 1823 3008 1904 δὲ.
3155 1823 3303 1921 ἡμῖὶς
3354 1823 3658 1919 φωτιοῦντα
3695 1850 3788 1905 τὸν

522 1959 646 1998 cum
691 1943 839 1997 illius
879 1941 1127 1996 veritatis
1168 1955 1436 1994 cacumen
1490 1939 1714 2008 assequi
1755 1937 1942 2007 lingua
1992 1949 2102 1990 non

522 2036 717 2104 possit.
774 2033 1010 2102 Ideoque
1065 2030 1271 2086 Paulus
1312 2032 1403 2086 ille
1458 2030 1848 2100 mysteriorum
1905 2025 2101 2081 Salva-

525 2128 664 2181 toris
697 2126 1089 2195 dispensator,
1140 2138 1448 2178 sermonem
1495 2122 1714 2192 petebat
1781 2134 1811 2174 a
1880 2119 1991 2174 Deo
2034 2117 2103 2174 ad

523 2219 876 2289 aperiendum
925 2232 988 2272 os
1037 2231 1197 2272 suum
1237 2215 1305 2269 ⁸⁸.
1342 2213 1486 2269 Nihil
1515 2229 1645 2284 ergo
1673 2213 1916 2268 naturali
1955 2209 2099 2265 Uni-

521 2313 691 2384 geniti
727 2311 979 2381 dignitati
1019 2310 1274 2364 detrahet
1315 2317 1518 2364 nostra;
1567 2307 1840 2362 orationis
1883 2306 2098 2376 inopia,

520 2402 613 2459 sed
650 2403 834 2456 omnia
873 2401 939 2454 de
975 2401 1112 2470 ipso,
1148 2415 1246 2469 pro
1274 2414 1340 2454 eo
1383 2413 1448 2453 ac
1487 2397 1657 2453 Deum
1689 2398 1868 2464 decet,
1899 2397 2100 2452 intelli-

520 2502 747 2566 gentur;
789 2509 912 2562 quae
941 2508 1071 2547 vero
1104 2507 1334 2546 necesse
1373 2499 1462 2546 est
1500 2489 1728 2560 eloqui,
1762 2503 1825 2544 ea
1858 2487 2101 2544 humano

521 2601 672 2641 more
697 2587 952 2641 dicentur
977 2625 992 2649 ,
1038 2601 1163 2641 cum
1207 2585 1276 2638 ab
1323 2584 1444 2654 ipso
1480 2593 1701 2652 propter
1735 2595 1837 2635 nos
1865 2618 1880 2644 ,
1923 2590 2037 2633 tum
2068 2593 2100 2633 a

515 2678 732 2732 sanctis
765 2677 832 2729 de
861 2677 981 2744 ipso
1005 2714 1019 2739 ,
1066 2689 1163 2744 pro
1192 2675 1413 2728 modulo
1446 2683 1658 2726 naturae
1685 2678 1910 2725 nostrae.
1939 2667 2100 2722 Suili-

518 2775 708 2822 cerent
741 2767 959 2836 quidem
988 2781 1049 2820 ea
1078 2782 1200 2834 qua:
1228 2766 1499 2820 hactenus
1535 2763 1779 2818 diximus
1811 2761 1879 2816 ad
1911 2775 2098 2816 rerum

519 2858 927 2926 propositarum
963 2858 1429 2928 explicationem:
1469 2856 1564 2911 sed
1603 2856 1863 2925 quoniam
1904 2853 2101 2908 decere

518 2949 796 3016 arbitror,
831 2958 892 3004 ut
934 2951 1204 3006 desidiam
1249 2950 1436 3005 vincat
1479 2949 1726 3003 calamus
1763 2945 1968 3000 divinis
1999 2943 2100 2998 do-

517 3043 718 3110 gmatis
752 3043 1092 3110 inserviens,
1132 3043 1360 3112 agedum
1403 3042 1580 3112 ipsam
1613 3039 1902 3094 lectionem
1938 3049 2101 3090 accu-

2205 1938 2408 2007 κόσμον
2438 1938 2530 1992 τὸν
2572 1939 2667 1993 τοῦ
2710 1940 2845 1994 Θεοῦ
2888 1942 3061 2009 Λόγον
3087 1983 3102 2007 ,
3169 1945 3198 1996 6
3255 1942 3506 2011 Μελῳδδς
3548 1943 3609 1995 οὐ
3661 1941 3787 1995 καθ’

2202 2029 2389 2100 ἔτερόν
2418 2047 2538 2084 τινα
2569 2031 2794 2101 τρόπον,
2819 2035 2897 2096 ὥς
2922 2033 2984 2102 γέ
3012 2051 3099 2103 μοι
3129 2033 3557 2101 φαίνεται,κατά
3584 2033 3640 2087 δὲ
3663 2032 3786 2086 τοῦ·

2201 2138 2293 2176 τον
2331 2123 2490 2176 αὐτὸν
2535 2124 2853 2194 παρεκάλει.
2887 2124 3100 2196 Χρῆναι
3137 2125 3195 2178 δὲ
3228 2121 3384 2196 οἶμαι
3433 2124 3570 2195 πρὸς
3611 2125 3787 2197 τούτῳ

2203 2211 2423 2265 κάκεῖνο
2455 2211 2858 2282 διενθυμεῖσθαι
2890 2213 2980 2265 τὸν
3007 2214 3314 2284 φιλομαθῆ,
3349 2215 3430 2268 ὅτι
3458 2214 3658 2278 παντὸς
3685 2214 3786 2285 μὲι

2201 2299 2362 2369 λόγου
2387 2300 2699 2373 τομώτερος
2729 2301 2852 2366 νοῦς
2873 2343 2887 2368 ,
2916 2303 3148 2375 ὀξυτέρα
3169 2305 3225 2358 δὲ
3259 2302 3506 2376 γλώττης
3533 2307 3631 2376 τῆς
3665 2304 3784 2359 δια-

2201 2391 2348 2454 νοίας
2375 2393 2408 2460 ἡ
2441 2391 2674 2460 κίνησις.
2698 2393 2906 2446 Οὐκοῦν
2934 2395 3058 2447 ὅσον
3082 2389 3216 2467 ἧκεν
3236 2396 3315 2458 είς
3334 2395 3637 2464 λεπτότητα
3665 2395 3781 2458 νοῦ,

2201 2486 2297 2538 καὶ
2337 2483 2434 2556 τὴν
2485 2484 2662 2551 ὀξεῖαν
2708 2487 2766 2538 ὲν
2811 2485 2960 2555 αύτῷ
2989 2487 3237 2556 κίνησιν,
3293 2487 3354 2540 τὸ
3395 2485 3636 2541 ποικίλον
3685 2488 3781 2558 τῆς

2201 2574 2352 2640 θείας
2397 2575 2617 2646 φύσεως
2661 2577 3052 2648 κατεθεώμεθα
3100 2579 3332 2643 κάλλος*
3406 2579 3676 2650 λαλοῦμεν
3725 2581 3782 2636 δὲ

2202 2667 2331 2737 περὶ
2359 2667 2526 2738 αὐτῆς
2547 2667 3039 2740 άνθρωπινότερον,
3064 2670 3159 2723 καὶ
3178 2669 3321 2740 λόγῳ
3348 2670 3427 2740 τῷ
3461 2670 3584 2724 καθ’
3615 2672 3779 2742 ἡμᾶς,

2198 2757 2298 2811 οὐκ
2330 2757 2562 2830 ἐχούσης
2602 2761 2701 2830 τῆς
2733 2759 2981 2830 γλώττης
3012 2761 3150 2833 πρὸς
3173 2762 3232 2814 τὸ
3260 2762 3360 2833 τῆς
3390 2761 3647 2832 ἀληθείας
3694 2765 3782 2818 ὲκο

2197 2850 2468 2905 τείνεσθαι
2515 2851 2732 2924 μέτρον.
2791 2854 2884 2906 Διὸ
2933 2855 2997 2926 δὴ
3033 2854 3127 2908 καὶ
3156 2857 3185 2908 6
3223 2855 3436 2919 Παῦλος
3463 2857 3492 2909 6
3534 2857 3641 2911 τῶν
3687 2857 3780 2911 τοῦ

2200 2943 2452 3014 Σωτῆρος
2501 2945 2812 3016 μυστηρίων
2870 2947 3106 3018 ταμίας,
3170 2949 3327 3018 λόγον
3387 2949 3584 3021 ἀπῄτει
3630 2951 3781 3021 παρά

2199 3031 2334 3086 Θεοῦ
2355 3034 2447 3087 τὸν
2466 3035 2523 3086 ὲν
2543 3034 2743 3102 ἀνοίξει
2765 3035 2858 3089 τοῦ
2878 3037 3144 3108 στόματος
3164 3038 3543 3110 αὐτοῦκούδὲν
3557 3035 3646 3094 οὖν
3667 3039 3780 3111 ἄρα

516 3135 695 3188 ratius
745 3123 1189 3204 perpendamus,
1242 3133 1519 3203 quomodo
1574 3131 1840 3185 nimirum
1899 3141 2098 3183 conve-

2201 3122 2521 3195 λυμανεῖται
2552 3129 2666 3190 τοῖς
2693 3132 2942 3196 φυσικοῖς
2971 3128 3066 3184 τοῦ
3097 3108 3433 3200 Μονογενοῦς
3477 3108 3780 3203 ἀξιώμασιν

517 3228 732 3281 nienter
769 3226 1106 3296 intelligatur
1152 3225 1220 3280 de
1264 3225 1484 3278 homine
1515 3221 1648 3278 illud
1673 3263 1689 3290 ,
1731 3239 1750 3273 ‹
1784 3219 2098 3276 Venientem

2202 3215 2235 3284 ἠ
2265 3215 2372 3268 τῶν
2401 3216 2532 3288 παρ’
2557 3219 2690 3288 ἡμῖν
2713 3219 2884 3286 λόγων
2917 3220 3077 3273 πενία
3097 3261 3112 3286 ,
3166 3221 3302 3275 ἀλλὰ
3322 3222 3642 3293 νοηθήσεται
3677 3222 3780 3292 μὲν

518 3319 574 3373 in
606 3319 751 3372 hunc
779 3317 1063 3371 mundum.
1093 3335 1112 3368 ι
1151 3315 1205 3369 In
1232 3316 1353 3385 ipso
1379 3317 1524 3369 enim
1545 3323 1660 3368 erat
1682 3314 1798 3378 lux,
1819 3312 1964 3368 sicut
1986 3311 2101 3380 ipse

517 3423 737 3478 quoque
773 3407 933 3462 nobis
986 3407 1097 3477 78
1131 3413 1368 3461 testatus
1397 3412 1481 3460 est
1509 3404 1846 3474 evangelista
1872 3441 1887 3465 ,
1923 3415 2100 3471 neque

523 3513 543 3547 ι
563 3497 870 3551 venientem
895 3496 950 3549 in
981 3497 1127 3550 hunc
1156 3495 1442 3558 mundum,
1467 3493 1532 3548 ad
1567 3494 1742 3549 lucem
1781 3491 2094 3556 referimus,

517 3585 614 3641 sed
653 3585 719 3638 ad
765 3585 1042 3640 hominem
1076 3585 1170 3654 qui
1209 3585 1578 3638 illuminatur.
1613 3583 1782 3636 Aiunt
1804 3598 1936 3652 ergo
1962 3597 2101 3635 nono

519 3677 692 3742 nulli,
739 3692 806 3730 ex
837 3675 1002 3730 corde
1028 3691 1130 3731 suo
1160 3685 1477 3732 eructantes
1517 3684 1570 3731 et
1596 3691 1705 3730 non
1743 3692 1810 3730 ex
1851 3690 1947 3730 ore
1988 3674 2098 3729 Do-

517 3767 697 3832 mini,
747 3768 911 3822 sicuti
961 3768 1235 3838 scriptum
1279 3768 1471 3832 est",
1523 3775 1817 3837 antequam
1861 3780 2100 3835 corpora

518 3861 931 3926 conderentur,
988 3861 1046 3922 in
1098 3862 1242 3915 caelo
1289 3860 1460 3917 fuisse
1504 3862 1788 3916 hominum
1838 3862 2096 3927 animas,

519 3953 680 4022 longo
707 3961 952 4022 tempore
988 3952 1045 4006 in
1081 3953 1408 4022 incorporea
1444 3951 1709 4008 felicitate
1738 3951 2094 4018 constitutas,

513 4053 568 4099 et
597 4060 728 4099 vero
757 4045 900 4100 bono
930 4045 1124 4115 purius
1157 4045 1405 4101 fruentes
1447 4065 1458 4100 :
1511 4045 1606 4101 sed
1641 4045 1886 4100 melioris
1930 4045 2098 4100 sortis

515 4137 765 4193 satietate
805 4152 870 4192 ac
909 4137 1205 4194 deterioris
1231 4137 1538 4208 cupiditate
1563 4179 1577 4202 ,
1625 4138 1693 4192 ad
1728 4146 2096 4208 praeposterus

514 4230 877 4299 cogitationes
918 4239 972 4283 et
1006 4229 1336 4300 cupiditates
1363 4246 1488 4286 esse
1519 4230 1792 4301 delapsas.
1839 4228 2098 4300 Indigna-

403 4345 408 4352 ι
515 4323 628 4369 ιυιιι
669 4316 794 4384 jure
828 4314 1088 4385 Opificem
1109 4358 1123 4383 ,
1155 4333 1249 4372 eas
1281 4318 1499 4387 quidem
1532 4319 1586 4372 in
1625 4317 1891 4372 mundum
1921 4318 2098 4372 mitte-

514 4417 594 4468 re,
624 4412 677 4456 et
706 4405 1033 4473 corporibus
1065 4405 1362 4474 implicitas
1383 4449 1398 4474 ,
1442 4416 1497 4462 et
1537 4407 1604 4461 ad
1641 4405 1925 4462 ferendum
1952 4421 2095 4461 onus

2202 3304 2519 3379 θεοπρεπῶς
2537 3309 2606 3362 τὰ
2627 3309 2754 3380 περὶ
2776 3310 2940 3363 αὑτοῦ
2957 3351 2970 3375 ,
2988 3310 3352 3384 λαληθήσεται
3370 3311 3429 3365 δὲ
3452 3312 3520 3366 τὰ
3540 3313 3668 3384 περὶ
3687 3311 3786 3382 τὴν

2200 3398 2390 3468 χρείαν
2440 3398 2955 3474 ἀνθρωπινώτερον,
3005 3404 3159 3474 παρά
3204 3421 3264 3457 τε
3302 3403 3468 3458 αὐτοῦ
3513 3404 3579 3458 δι’
3611 3407 3783 3475 ἡμᾶς,

2199 3489 2296 3544 καὶ
2326 3490 2477 3562 παρὰ
2503 3492 2610 3545 τῶν
2633 3493 2804 3562 ἀγίων
2828 3497 2956 3566 περὶ
2983 3495 3151 3549 αὑτοῦ
3185 3497 3326 3550 κατὰ
3348 3495 3408 3549 τὸ
3446 3497 3545 3565 τῆς
3567 3495 3786 3564 φύσεως

2203 3579 2422 3650 μέτρον.
2466 3575 2574 3634 Ἦν
2603 3581 2700 3652 μὲν
2735 3577 2826 3635 οὖν
2846 3622 2861 3648 ,
2890 3582 2965 3646 ὡς
2996 3583 3139 3636 ἔοικε
3157 3623 3171 3648 ,
3203 3585 3315 3647 τοῖς
3343 3583 3654 3654 είρημένοις
3681 3583 3785 3652 ἀρ-

2199 3671 2414 3726 κεῖσθαι
2454 3672 2618 3726 καλὸν
2667 3675 2749 3736 είς
2798 3674 2896 3744 τὴν
2942 3673 3050 3726 τῶν
3079 3675 3457 3745 προκειμένων
3485 3673 3781 3744 ἐξήγησιν·

2197 3763 2466 3834 ἐπειδὴδὲ
2488 3759 2642 3833 οἶμαι
2670 3767 2968 3836 προσήκειν
2998 3765 3157 3819 ὄκνου
3190 3765 3452 3836 φέρεσθαι
3497 3765 3784 3834 κρείττονα

2197 3851 2288 3905 τὸν
2312 3855 2424 3916 τοῖς
2449 3851 2612 3917 θείοις
2644 3853 2909 3922 δόγμασιν
2939 3851 3317 3924 ὑπηρετοῦντα
3352 3851 3620 3922 κάλαμον,
3649 3848 3782 3920 φέρε

2201 3943 2363 3996 πάλιν
2401 3943 2533 3996 αὐτὸ
2561 3943 2897 4014 παραθέντες
2933 3943 2994 3996 τὸ
3020 3944 3355 4013 ἀνάγνωσμα
3402 3941 3782 4012 βασανίσωμεν

2151 4043 2156 4048 '
2198 4028 2616 4104 ἀκριϐέστερον,
2645 4034 2762 4096 πῶς
2794 4032 2859 4086 ἂν
2888 4035 3059 4087 νοοῖτο
3098 4032 3240 4086 κατὰ
3261 4032 3351 4087 τὸν
3389 4033 3666 4102 πρέποντα
3692 4029 3780 4084 λό·

2199 4139 2295 4192 γον
2325 4122 2419 4176 τοῦ
2446 4122 2738 4194 ἀνθρώπου
2768 4123 3264 4196 κατηγορούμενον,
3288 4125 3369 4189 τὸ,
3404 4141 3422 4175 ι
3461 4123 3782 4197 Ἑρχόμενον

2199 4216 2277 4278 είς
2307 4215 2396 4268 τὸν
2421 4215 2645 4285 κόσμον.
2696 4233 2716 4269 ι
2752 4210 2860 4270 τΗν
2886 4215 2994 4287 γὰρ
3026 4218 3083 4270 ὲν
3107 4216 3255 4286 αὺτῷ
3283 4215 3344 4269 τὸ
3367 4215 3500 4284 φῶς,
3531 4215 3779 4284 καθάπερ

2199 4303 2292 4362 οὖν
2339 4307 2434 4362 καὶ
2475 4309 2635 4372 αὐτὸς
2676 4309 2810 4379 ἡμῖν
2848 4311 2877 4362 6
2924 4307 3314 4380 εύαγγελιστὴς
3357 4308 3777 4380 διεμαρτύρατο,

2199 4400 2297 4453 καὶ
2325 4401 2383 4453 οὐ
2409 4400 2469 4454 τὸ
2499 4401 2616 4471 φῶς
2641 4401 2722 4463 εἰς
2750 4400 2843 4454 τδν
2868 4399 3071 4470 κόσμον
3097 4401 3353 4471 ἔρχεσθαι
3381 4401 3582 4472 μᾶλλον
3599 4441 3613 4465 ,
3645 4399 3782 4454 ἀλλά

514 4502 758 4557 coactas,
789 4510 852 4548 ac
880 4497 1025 4550 velut
1055 4496 1109 4550 in
1135 4499 1397 4568 spelunca
1425 4499 1664 4568 quadam
1687 4497 2092 4552 vehementium

2200 4492 2289 4546 τὸν
2338 4491 2698 4562 φωτιζόμενον
2763 4491 3049 4563 ἄνθρωπον
3117 4492 3584 4563 διεῦεὸαιούμεθα.
3645 4491 3782 4546 Φασὶ

514 4586 879 4656 cupiditatum
913 4588 1155 4644 inclusas
1191 4590 1308 4658 ipso
1341 4590 1720 4659 experimento
1749 4604 1843 4644 eas
1874 4589 2093 4654 docere,

517 4695 680 4748 quam
709 4681 966 4734 acerbum
1014 4682 1087 4735 sit
1141 4683 1196 4736 in
1238 4681 1394 4751 pejus
1427 4679 1754 4743 deﬂectere,
1797 4685 1851 4734 ct
1884 4686 2094 4733 rectum

517 4769 674 4824 nihili
704 4768 904 4826 facere.
957 4770 1040 4824 Ad
1088 4759 1450 4827 astruendum
1496 4783 1626 4824 vero
1657 4777 1768 4822 tam
1795 4767 2090 4822 ridiculum

515 4874 674 4914 suum
705 4869 1074 4924 commentum
1101 4901 1116 4926 ,
1166 4861 1406 4931 primum
1443 4859 1690 4913 omnium
1731 4859 1913 4912 locum
1943 4857 2092 4912 hunc

511 4953 859 5021 evangelista:
895 4953 1172 5022 arripiunt
1209 4971 1224 5008 :
1274 4969 1294 5003 ι
1324 4951 1452 5006 Erat
1481 4950 1570 5009 lux
1603 4965 1767 5017 vera,
1813 4965 1933 5020 quae
1969 4950 2092 5005 illu-

513 5043 686 5098 minat
721 5058 938 5100 omnem
983 5043 1260 5097 hominem
1297 5042 1606 5097 venientem
1647 5041 1702 5095 in
1750 5041 1900 5096 hunc
1931 5056 2093 5096 mun-

511 5133 678 5199 dum;
710 5153 729 5186 ι
763 5133 962 5189 deinde
1007 5132 1113 5186 alia
1157 5133 1407 5202 quaedam
1440 5147 1508 5187 ex
1543 5131 1832 5203 Scriptura
1863 5131 2048 5186 divina
2075 5170 2090 5197 ,

512 5224 826 5296 eujusmodi
855 5231 939 5280 est
969 5223 1143 5278 illud:
1183 5241 1202 5274 ι
1237 5223 1563 5294 Priusquam
1599 5224 1945 5292 humiliarer,
1991 5237 2092 5294 ego

511 5317 717 5387 deliqui
740 5318 828 5384 ἰς
888 5334 905 5368 ι
981 5331 1082 5370 nec
1147 5317 1270 5371 illos
1344 5331 1458 5373 suae
1525 5317 1692 5388 pudet
1757 5317 2091 5389 migacitatis

511 5419 642 5463 dum
679 5409 854 5476 aiunt,
904 5406 1047 5464 Ecce
1101 5417 1390 5478 antequam
1450 5409 1860 5474 humiliaretur,
1913 5410 1967 5465 id
2009 5417 2095 5466 est

511 5510 804 5569 antequam
838 5515 1073 5572 corpore
1107 5500 1520 5570 includeretur,
1569 5517 1629 5558 se
1673 5501 1976 5573 deliquisse
2014 5502 2095 5556 fa-

513 5598 660 5647 tetur
695 5591 880 5646 anima
904 5633 920 5661 ,
951 5601 1120 5664 atque
1153 5593 1363 5649 ideirco
1389 5594 1516 5665 jure
1553 5595 1750 5651 merito
1799 5610 1858 5652 se
1913 5595 2094 5650 humi-

2198 4583 2486 4653 τοιγαροῦν
2518 4601 2692 4648 τινες,
2731 4583 2803 4638 τά
2844 4585 2910 4636 ὲκ
2939 4583 3166 4655 καρδίας
3189 4585 3369 4639 αὐτῶν
3405 4582 3778 4656 ἐρευγόμενοι,

2199 4676 2294 4728 καί
2331 4676 2430 4728 οῦκ
2473 4675 2580 4729 ἀπὸ
2630 4675 2900 4746 στόματος
2931 4676 3169 4746 Κυρίου,
3225 4675 3410 4740 καθὼς
3445 4678 3788 4748 γέγραπται,-

2199 4767 2280 4821 ὃτι
2328 4767 2432 4838 πρὸ
2461 4770 2558 4839 τῆς
2593 4767 2700 4821 τῶν
2750 4767 3019 4838 σωμάτων
3049 4769 3398 4840 κατασκευῆς
3428 4770 3781 4841 προϋπῆρχον

2203 4861 2301 4930 μὲν
2337 4860 2479 4914 κατά
2512 4861 2602 4915 τὸν
2629 4860 2856 4933 οὐρανὸν
2879 4862 2935 4915 αί
2966 4861 3076 4915 τῶν
3101 4861 3405 4934 ἀνθρώπων
3433 4862 3630 4933 ψυχαὶ,
3677 4879 3781 4932 μα-

2198 4953 2331 5025 κρὸν
2386 4955 2444 5008 ὲν
2495 4955 2774 5027 ἀσωμάτῳ
2823 4956 3186 5028 μακαριότητι
3231 4955 3513 5026 τρίϐουσαι
3566 4953 3778 5025 χρόνον,

2199 5047 2289 5099 καὶ
2337 5046 2718 5119 καθαρώτερον
2755 5046 3126 5102 ἀπολαύουσαι
3176 5045 3269 5099 τοῦ
3315 5045 3483 5108 ὅντως
3526 5041 3731 5113 ἀγαθοῦ
3762 5059 3775 5070 ·

2197 5138 2384 5210 ἐπειδὴ
2414 5137 2469 5192 δὲ
2514 5139 2685 5204 αὑτάς
2726 5142 2754 5192 6
2793 5139 2902 5192 τῶν
2936 5139 3236 5210 ἀμεινόνων
3265 5138 3436 5209 είσῄει
3463 5136 3623 5209 κόρος
3642 5177 3657 5202 ,
3684 5135 3779 5190 καὶ

2198 5231 2334 5302 πρὸς
2367 5231 2434 5284 τά
2465 5231 2634 5304 χείρω
2660 5232 2846 5287 λοιπὸν
2878 5231 3302 5296 ἀποκλίνουσαι,
3348 5230 3485 5304 πρὸς
3515 5229 3780 5292 ὲκτόπους

2197 5323 2514 5377 κατέὄαινον
2551 5324 2762 5388 ἐννοίας
2799 5342 2861 5378 τε
2893 5324 2988 5379 καὶ
3027 5322 3344 5393 ἐπιθυμίας,
3390 5323 3779 5392 ἀγανακτήσας

2195 5413 2416 5477 εἰκότως
2443 5416 2471 5468 6
2499 5415 2840 5488 Δημιουργὸς
2871 5416 3192 5470 ἀποστέλλει
3227 5415 3327 5486 μὲν
3365 5412 3535 5477 αὐτὰς
3577 5414 3657 5476 είς
3686 5411 3776 5466 τόν

2195 5506 2422 5576 κόσμον,
2459 5509 2574 5572 τοῖς
2605 5507 2664 5562 δὲ
2697 5508 2804 5562 ἀπὸ
2837 5508 2941 5578 γῆς
2979 5508 3236 5574 ἐνέπλεξε
3272 5506 3521 5579 σώμασιν
3549 5504 3778 5576 ἀχθοφο-

2197 5600 2312 5669 ρεῖν
2343 5599 2683 5667 ἀναγκάσας,
2705 5599 2801 5653 καὶ
2824 5599 3108 5671 μονονουχὶ
3135 5597 3383 5672 σπηλαίῳ
3408 5597 3517 5651 τινὶ
3552 5596 3658 5651 τῶν
3688 5597 3778 5648 ὲκο

578 5773 621 5806 ’⁸
665 5775 881 5833 Baruch
913 5792 1013 5848 ιιι,
1051 5778 1142 5834 38.
1217 5776 1263 5809 ⁸⁸
1302 5776 1422 5832 Col.
1457 5791 1546 5844 tv,
1578 5778 1631 5832 3.
1708 5778 1752 5812 '°
1791 5775 1992 5835 Jcrem.
2028 5797 2196 5852 um,
2238 5781 2323 5839 I6.
2403 5779 2447 5812 “
2485 5776 2629 5834 Psal.
2665 5793 2870 5846 csvtn,
2913 5777 3003 5840 67.
