4156 6482
359 357 473 416 17.5
1454 357 1522 415 IN
1556 357 1842 416 JOANNIS
1880 358 2333 421 EVANGELIUM
2374 363 2504 419 LIB.
2546 363 2588 421 1.
3552 364 3659 427 ιει

352 475 551 531 τόπων
599 472 1038 543 ὲγκατακλεὶσας
1075 472 1310 545 ἡδονῶν,
1363 475 1647 530 παιδεύειν
1701 475 1874 541 αὑτάς
1913 477 1967 545 ἐξ

2074 479 2265 534 liatam
2297 495 2421 536 esse
2446 520 2461 545 ,
2495 480 2690 535 mortis
2720 488 2775 535 et
2806 477 3183 549 corruptionis
3218 477 3456 536 vinculis
3483 476 3660 553 illiga-

354 567 541 638 αὐτῆς
577 564 878 636 ἐδοκίμασε
924 566 1025 635 τῆς
1062 566 1298 638 πείρας,
1339 568 1540 640 πικρὸν
1580 571 1729 633 ὅπως
1768 569 1887 623 ὲστλ
1912 571 1967 624 τὸ

2077 579 2185 624 tam
2209 609 2225 633 ,
2269 570 2733 641 quemadmodum
2787 570 2995 627 Paulus
3052 570 3169 642 ipse
3199 586 3421 642 quoque
3457 586 3661 643 corpus

351 662 459 714 ἐπὶ
497 659 573 715 τὰ
613 659 786 732 χείρω
831 657 1136 730 φέρεσθαι,
1183 659 1278 713 καὶ
1332 659 1605 716 ποιεῖσθαι
1653 661 1811 730 λόγον
1862 661 1967 715 τῶν

2070 660 2324 715 nominat
2369 660 2611 717 dicens:
2671 679 2690 715 ι
2725 661 2861 728 Quis
2900 677 2989 717 me
3017 662 3275 719 liberabit
3319 663 3386 719 de
3430 678 3662 734 corpore

348 751 590 819 ἀγαθῶν
642 750 861 806 οὐδένα.
914 752 1250 823 Ἀρπάζουσι
1300 751 1356 806 δὲ
1416 755 1501 816 είς
1557 751 1835 818 ἀπόδειξιν
1872 752 1967 825 την

2072 754 2268 835 mortis
2288 753 2455 842 huius
2487 754 2575 807 “1'
2597 772 2615 803 ›
2649 752 2807 820 Quod
2837 755 2886 810 si
2919 756 3102 810 anima
3133 765 3344 826 peccat,
3372 755 3654 826 inquiunt,

348 844 507 899 οὕτω
545 843 903 916 γελοιοτάτης
953 842 1168 898 ἑαυτῶν
1209 843 1560 915 μυθολογίας,
1603 845 1700 897 καὶ
1736 844 1867 897 αὐτὸ
1904 843 1967 915 δὴ

2070 852 2370 923 antequam
2423 845 2786 910 bumilietur,
2844 852 2899 902 et
2943 846 3094 902 venit
3146 846 3202 901 in
3246 846 3535 909 mundum,
3564 860 3659 915 pa-

350 936 586 1009 πρῶτον
632 937 696 989 τὸ
730 934 827 990 νῦν
863 938 922 989 ὲν
961 936 1182 1009 χερσίν*
1231 955 1249 987 ι
1283 931 1391 991 Ἦν
1429 936 1489 990 τὸ
1528 936 1646 1007 φῶς
1683 935 1744 990 τὸ
1779 935 1967 1007 ἀληθι-

2072 944 2149 993 tet
2192 937 2342 1008 quod
2381 939 2541 1009 prius
2585 939 2856 1006 exsistat;
2910 939 3185 1009 quomodo
3230 939 3402 1003 enim,
3447 952 3657 1008 quaeso,

351 1029 449 1082 νδν
471 1069 487 1095 ,
548 1027 580 1082 δ
619 1026 848 1098 φωτίζει
895 1028 1073 1081 πάντα
1106 1026 1397 1100 ἄνθρωπον
1438 1029 1736 1100 ἐρχόμενον
1766 1030 1846 1093 είς
1874 1028 1967 1083 τὸν

2070 1038 2322 1100 peccaret
2358 1030 2412 1085 id
2445 1029 2592 1100 quod
2618 1031 2866 1085 nondum
2897 1030 3152 1086 exsistit?
3180 1028 3344 1085 Venit
3378 1036 3563 1084 autem
3602 1028 3658 1082 iu

358 1119 569 1189 κόσμον
593 1133 608 1148 ·
641 1137 663 1171 ι
723 1117 866 1189 πρὸς
909 1116 968 1170 δέ
1009 1133 1073 1185 γε
1110 1116 1318 1188 τούτῳ,
1369 1118 1463 1172 καὶ
1500 1118 1666 1191 ἕτερά
1707 1136 1829 1173 τινα
1856 1118 1967 1173 τῶν

2070 1121 2358 1187 mundum,
2394 1121 2493 1179 sed
2518 1122 2797 1192 aliquibus
2823 1137 2891 1176 ex
2932 1122 3072 1177 locis
3100 1121 3353 1176 videlicet
3384 1120 3656 1191 profecta.

354 1209 470 1264 ἀπὸ
492 1209 596 1281 τῆς
616 1207 772 1272 θείας
815 1208 1039 1279 Γραφῆς
1061 1248 1074 1271 ,
1134 1201 1248 1262 οἷον
1294 1208 1386 1273 τὸ,
1431 1227 1449 1258 ι
1481 1208 1596 1280 Πρὸ
1629 1208 1726 1262 τοῦ
1767 1226 1838 1280 με
1872 1225 1967 1261 τα-

2070 1209 2389 1268 Istiusmodi
2432 1228 2612 1284 nugas
2649 1213 2918 1269 adversus
2954 1212 3217 1269 Ecclesiae
3262 1212 3519 1282 dogmata
3547 1250 3563 1277 ,
3604 1216 3659 1265 et

351 1301 735 1372 παινωθῆναι,
782 1300 896 1370 ἐγὼ
947 1300 1378 1373 ἐπλημμέλησα’
1413 1319 1431 1353 ι
1469 1304 1564 1355 καὶ
1595 1302 1660 1372 δὴ
1699 1304 1793 1357 καί
1832 1319 1965 1371 φασι

2070 1321 2242 1361 vanas
2292 1305 2516 1363 fabulas
2560 1306 2966 1378 simpliciorum
3022 1307 3256 1361 auribus
3302 1306 3657 1376 ingerentes,

347 1393 708 1465 παραληρεῖν
753 1393 854 1446 οὐκ
892 1393 1239 1464 αἰδούμενοι·
1296 1394 1429 1449 Ἰδοὺ
1467 1395 1577 1465 πρὸ
1622 1394 1725 1464 τῆς
1770 1410 1964 1448 ταπειο

2070 1395 2190 1468 iure
2221 1390 2448 1453 audient
2478 1414 2491 1451 :
2538 1418 2559 1451 ι
2598 1397 2692 1456 Va:
2725 1399 2819 1470 qui
2853 1397 3188 1470 prophetant
3220 1397 3290 1454 de
3318 1396 3484 1452 cerde
3517 1408 3656 1460 suo,

346 1485 611 1551 νὼσεως,
657 1483 802 1539 τοῦτ’
840 1484 958 1539 ἐστι
1047 1486 1146 1555 τῆς
1201 1484 1649 1555 ὲνσωματώσεως
1710 1486 1966 1558 πεπλημ-

2070 1500 2123 1549 et
2150 1508 2380 1563 prorsus
2420 1509 2528 1547 non
2562 1493 2751 1549 vident
2778 1492 2845 1548 ".
2886 1511 2906 1544 ι
2979 1490 3234 1548 Visiones
3277 1492 3423 1545 enim
3469 1503 3659 1544 revera

352 1576 673 1649 μληκὲναι
692 1577 856 1647 φησὶν
887 1577 921 1647 ἡ
954 1576 1123 1649 ψυχὴ,
1149 1577 1238 1633 διά
1257 1595 1316 1632 τε
1340 1576 1500 1632 τοῦτο
1530 1577 1966 1632 τεταπεινῶσθαι

2070 1592 2122 1640 et
2150 1582 2527 1641 divinationes
2559 1623 2574 1649 ,
2625 1599 2690 1639 ac
2719 1585 3036 1654 prophetias
3074 1584 3263 1639 cordis
3288 1582 3376 1640 sui
3414 1579 3660 1652 Spiritus

346 1669 596 1733 δικαίως
619 1668 923 1723 ἑνδεθεῖσαν
952 1666 1191 1740 θανάτῳ,
1222 1670 1319 1723 καὶ
1359 1668 1556 1740 φθορᾷ,
1594 1668 1847 1741 καθάπερ
1872 1665 1966 1723 οὖν

2070 1674 2422 1730 sermonibus
2452 1685 2795 1744 opponentes
2825 1715 2840 1738 ,
2884 1689 2994 1730 non
3025 1677 3273 1730 sentiunt
3302 1682 3566 1743 quantam
3601 1673 3658 1729 in

346 1761 451 1814 καὶ
477 1761 510 1813 6
534 1756 753 1824 Παῦλος
788 1759 964 1824 οὑτως
997 1759 1257 1831 ὀνομάζει
1291 1760 1352 1814 τὸ
1374 1760 1764 1831 σῶμα,-λέγων
1786 1774 1801 1789 ⁸
1828 1780 1843 1811 ι
1867 1760 1965 1823 Τίς

2070 1766 2461 1820 absurditatem
2492 1781 2594 1821 sua
2623 1765 2859 1820 consilia
2895 1771 3191 1835 properent
3217 1805 3232 1827 ,
3265 1761 3559 1818 Psalmista
3589 1761 3658 1817 ad

347 1870 425 1924 με
466 1852 701 1925 ῥύσεται
752 1853 820 1906 ὲκ
847 1847 941 1906 τοῦ
983 1851 1238 1924 σώματος
1264 1852 1358 1906 τοῦ
1395 1853 1631 1908 θανάτου
1681 1853 1955 1920 τούτους»

2070 1855 2234 1911 Deum
2257 1857 2473 1913 dicente
2500 1876 2553 1912 τι
2573 1855 2656 1911 TI
2684 1857 2951 1913 terribilis
2968 1873 3049 1923 es,
3070 1866 3126 1913 et
3147 1856 3274 1926 quis
3292 1856 3511 1911 resistet
3535 1854 3654 1922 tibi,

351 1944 421 1999 Ei.
472 1943 532 1998 δὲ
571 1943 924 2015 πλημμελεῖ,
969 1946 1170 2017 φησὶν,
1223 1943 1331 2017 πρὸ
1359 1945 1458 2016 τῆς
1504 1944 1960 2018 ταπεινῶσεωςή

2070 1964 2133 2003 ex
2163 1955 2295 2003 tunc
2322 1949 2403 2003 ira
2427 1957 2520 2003 tua
2541 1949 2589 1982 "'
2609 1949 2632 2002 ?
2653 1968 2672 2000 ›
2702 1948 2857 2014 Quod
2888 1958 3072 2004 autem
3104 1948 3560 2003 absurdissimum
3586 1948 3661 2003 sit

355 2034 531 2107 ψυχὴ,
556 2036 653 2090 καὶ
693 2034 918 2107 ἔρχεται
944 2039 1024 2101 είς
1056 2036 1148 2090 τὸν
1172 2035 1399 2108 κόσμον,
1427 2034 1504 2102 ῶς
1529 2038 1963 2109 προϋπάρχουσα

2070 2051 2259 2110 putare
2284 2041 2524 2095 animam
2548 2047 2678 2096 ante
2706 2055 2910 2108 corpus
2942 2040 3211 2096 exsistere
3229 2078 3243 2101 ,
3270 2048 3326 2095 et
3352 2039 3424 2094 ob
3457 2052 3661 2110 praece-

358 2127 638 2199 δηλονότι·
689 2128 810 2193 πῶς
846 2129 958 2209 γὰρ
998 2128 1137 2193 ὅλως
1166 2128 1404 2200 ἁμάρτοι
1438 2128 1500 2182 τὸ
1536 2129 1705 2200 μήπω
1735 2129 1966 2200 ὑφεστη-

2070 2131 2250 2189 dentia
2272 2129 2383 2200 79
2401 2139 2626 2201 peccata
2658 2134 2713 2185 in
2734 2140 2951 2186 terrena
2975 2132 3211 2202 corpora
3226 2130 3402 2200 ipsam
3420 2128 3658 2193 demitti,

352 2221 495 2290 κός;
526 2221 796 2294 Ἔρχεται
821 2218 880 2276 δὲ
919 2223 999 2286 εἰς
1038 2222 1128 2301 τρν
1159 2222 1365 2292 κόσμον
1389 2219 1500 2274 ἀπό
1526 2237 1688 2274 τινων
1723 2219 1964 2293 δηλονότι

2070 2236 2133 2277 ex
2166 2222 2484 2292 subjunctis
2510 2225 2854 2296 argumentis
2883 2232 3147 2295 quantum
3179 2223 3236 2279 in
3268 2223 3426 2277 nobis
3454 2229 3539 2277 est
3565 2220 3661 2277 de-

348 2312 541 2369 τόπων
579 2314 903 2387 κινουμένη.
933 2313 1177 2373 Τοιαῦτά
1211 2330 1333 2367 τινα
1358 2311 1471 2367 τῶν
1500 2311 1604 2383 τῆς
1634 2310 1964 2384 Ἐκκλησίας

2070 2321 2382 2369 monstrare
2411 2316 2760 2382 conabimur,
2786 2317 3027 2373 scientes
3056 2314 3203 2387 quod
3235 2314 3505 2383 scripturn
3530 2320 3615 2369 est
3640 2331 3656 2369 :

349 2406 933 2480 καταρραψῳδοῦντες
974 2406 1297 2477 δογμάτων,
1362 2405 1456 2459 καὶ
1507 2404 1702 2469 ὓθλους
1738 2404 1964 2459 εἰκαίων

2074 2421 2094 2453 ‹
2123 2402 2199 2457 Da
2241 2405 2477 2475 sapienti
2509 2410 2854 2464 occasionem
2895 2417 2951 2463 et
2976 2408 3279 2479 sapientior
3309 2408 3448 2475 erit,
3479 2406 3659 2461 mani-

345 2497 723 2570 διηγημάτων
757 2501 881 2563 ταῖς
933 2497 1044 2553 τῶν
1090 2496 1479 2568 ἁπλουστέρων
1533 2495 1966 2568 ὲπισωρεύοντες

2086 2491 2224 2548 festa
2246 2493 2397 2564 justo
2427 2503 2482 2552 et
2515 2497 2743 2567 insuper
2776 2497 3013 2569 accipiet
3044 2498 3110 2548 ⁸⁸.
3148 2516 3167 2550 ι

348 2591 573 2660 ἀκοαῖς,
601 2592 832 2657 δικαίως
869 2590 1195 2646 ἀκούσονται
1220 2607 1233 2621 ο
1279 2610 1299 2644 ί
1336 2591 1473 2644 Οὐαὶ¹
1505 2592 1620 2654 τοῖς
1647 2587 2086 2662 προφητεύουσιν
2122 2588 2232 2643 ἀπὸ
2267 2590 2498 2660 καρδίας
2529 2591 2711 2645 αὐτῶν
2736 2632 2753 2660 ,
2805 2593 2901 2647 καὶ¹
2966 2589 3030 2645 τδ
3091 2590 3321 2646 καθόλου
3400 2591 3476 2664 μὴ
3538 2589 3659 2662 βλέ-

346 2702 575 2742 πουσιν.
614 2704 635 2739 ι
687 2685 941 2757 Ὀράσεις
973 2682 1082 2754 γὰρ
1106 2682 1311 2747 ὅντως,
1341 2681 1434 2736 καὶ
1461 2682 1822 2752 οίωνίσματα,
1865 2680 1960 2736 καὶ
2000 2680 2342 2752 προφητείας
2390 2683 2619 2756 καρδίας
2657 2682 2837 2737 αὑτῶν
2869 2686 2984 2747 τοῖς
3025 2683 3113 2738 διὰ
3174 2683 3267 2738 τοῦ
3342 2684 3662 2755 Πνεύματος

350 2778 828 2853 ἀντιπαραθὼτες
894 2776 1106 2845 λόγοις,
1188 2775 1290 2829 οὑκ
1328 2773 1678 2828 αἰσθάνονται
1717 2772 1855 2845 πρὸς
1897 2773 2030 2846 ὅσην
2068 2775 2255 2838 αὑτοῖς
2288 2775 2523 2831 ἀτοπίαν
2569 2775 2862 2848 δραμεῖται
2902 2778 2979 2851 τὺη
2997 2777 3334 2850 ἐπιχείρημα
3357 2819 3373 2844 ,
3409 2778 3662 2848 λέγοντος

356 2870 454 2926 τοῦ
490 2866 806 2941 ιΙάλμῳδοῦ
842 2867 980 2939 πρὸς
1014 2864 1167 2919 Θεόν·
1202 2882 1222 2916 ι
1256 2863 1329 2916 Σὺ
1369 2862 1601 2934 φοϐερὸς
1641 2855 1712 2928 εἷ,
1752 2862 1848 2915 καὶ¹
1881 2861 1966 2926 τίς
2002 2864 2387 2936 ἀντιστήσεται
2423 2882 2505 2918 σοι
2558 2867 2666 2919 ἀπὸ
2714 2867 2813 2938 τῆς
2843 2866 3015 2938 ὀργῆς
3052 2885 3182 2936 σου;
3225 2871 3344 2924 Ὅτι
3411 2870 3470 2924 δὲ
3539 2870 3661 2925 λίαν

347 2967 507 3023 ἐστὶν
539 2964 901 3021 ἀτοπώτατον
952 2960 1221 3032 ὑπάρχειν
1252 2958 1352 3031 μὲν
1395 2958 1601 3012 οἴεσθαι
1669 2956 1765 3028 τὴν
1831 2956 2032 3029 ψυχὴν,
2073 2959 2138 3012 ὲκ
2178 2958 2627 3032 προγενεστέρων
2668 2959 2726 3014 δὲ
2763 2961 3177 3033 ἁμαρτημάτων
3213 2963 3295 3025 είς
3343 2961 3414 3016 τά
3467 2964 3533 3017 ὲκ
3558 2962 3663 3035 γῆς

342 3060 822 3135 καταπέμπεσθαι
851 3058 1082 3131 σώματα
1128 3055 1372 3128 νομίζειν
1410 3054 1572 3109 αὑτὸν
1599 3053 1723 3127 [ἵσ.
1754 3054 1978 3127 αὐτὴνι,
2020 3054 2110 3110 διὰ
2145 3055 2265 3135 τῶν.
2301 3056 2728 3126 ὑπεζευγμένων
2779 3056 2998 3112 ἐννοιῶν
3062 3058 3204 3111 κατὰ
3278 3057 3339 3111 τδ
3381 3056 3662 3131 ἐγχωροῦν

343 3166 490 3239 ἡμῖν
537 3159 821 3225 ἀποδεῖξαι
857 3155 1277 3229 πειρασόμεθα,
1319 3152 1382 3207 τὸ
1410 3152 1798 3225 γεγραμμένον
1818 3152 2058 3218 ειδότεςο
2105 3172 2127 3207 ι
2174 3154 2330 3209 Δίδου
2381 3153 2532 3226 σοφῷ
2602 3155 2862 3227 ἀφορμὴν
2894 3197 2909 3223 ,
2965 3157 3061 3209 καὶ
3115 3154 3423 3227 σοφώτερος
3484 3157 3659 3238 ἔσται⁹

336 3250 599 3329 ἣγνὼριζε
626 3251 842 3323 δικαίῳ,
868 3250 964 3305 καὶ
1002 3246 1303 3321 προσθήσει
1327 3243 1423 3299 τοῦ
1456 3243 1726 3317 δέχεσθαι.
1757 3263 1778 3296 ι

350 3371 640 3429 Ἔννοιαι
679 3368 814 3438 ἦτοι
862 3336 1208 3435 θεωρήματα
1258 3361 1572 3438 ρ’χήματος
1619 3362 1967 3432 συμπεπλε-

2075 3354 2368 3437 Ratioaes,
2430 3334 2535 3409 sive
2591 3352 2975 3424 propositiones
3027 3369 3093 3408 ea:
3150 3353 3473 3425 syllogismis
3532 3374 3660 3414 con-

423 3442 659 3515 τμένου
684 3433 788 3496 καὶ
808 3433 1310 3515 συλλογιστιικοῦ.
2138 3433 2306 3480 nexis.

2138 3563 2191 3619 1.
2226 3560 2282 3617 Si
2310 3561 2495 3618 anima
2519 3560 2762 3618 hominis
2795 3571 2923 3617 ante
2955 3561 3371 3619 fabricationem
3414 3565 3663 3636 corporis

2066 3654 2397 3721 exsistebat,
2433 3655 2530 3710 sed
2578 3655 2634 3709 in
2666 3654 2862 3710 vitium
2911 3655 3159 3726 delapsa,
3216 3664 3275 3712 ut
3305 3658 3532 3728 quidam
3564 3674 3660 3715 su-

428 3585 503 3659 a’.
530 3572 603 3631 Εἰ.
619 3575 727 3646 τῆς
749 3573 858 3629 τῶν
886 3571 1157 3642 σωμάτων
1194 3573 1541 3643 κατασκευῆς
1567 3572 1599 3645 ἡ
1622 3571 1718 3627 τοῦ
1746 3570 1958 3659 ἁνθρώ-

350 3688 462 3726 που
498 3658 923 3741 νπροῦφεστήκει
972 3663 1142 3736 ψυχὴ,
1196 3663 1536 3719 ἀποκλίνασα
1580 3664 1639 3718 δὲ
1710 3654 1848 3736 πρὸς
1902 3663 1964 3718 τὸ

347 3760 590 3832 φαῦλον,
635 3758 780 3814 κατὰ
821 3757 923 3822 τάς
942 3774 1107 3812 τινων
1149 3755 1428 3820 ὑπονοίας,
1458 3756 1683 3810 κόλασιν
1721 3756 1834 3828 ἔχει
1867 3754 1964 3809 τοῦ

340 3836 840 3925 ⁴ιιτλημμελήματος
880 3849 980 3922 τὴν
1017 3850 1098 3914 είς
1138 3849 1322 3922 σάρκα
1362 3832 1611 3915 κάθοδον,
1654 3847 1798 3914 πῶς,
1841 3847 1963 3902 εἰπέ

351 3965 475 4020 μοι,
498 3942 835 4017 φωτίζεσθαί
855 3959 1021 4013 φησιν
1038 3943 1343 4014 ἐρχομένην
1358 3941 1530 4013 αὐτὴν
1553 3941 1632 4005 εἰς
1648 3940 1740 3995 τὸν
1759 3942 1966 4012 κόσμον

346 4040 380 4095 6
405 4035 851 4108 εὑαγγελιστήςς
880 4035 1030 4105 Τιμὴ
1059 4033 1191 4106 γὰρ,
1233 4028 1408 4104 οἶμαι,
1448 4034 1511 4087 τὸ
1545 4033 1781 4105 πρᾶγμά
1824 4035 1962 4098 ἐστι,

350 4134 454 4190 καὶ
483 4130 846 4205 χαρισμάτων
899 4128 1189 4202 προσθήκη
1237 4126 1532 4199 λαμπρῶν’
1571 4124 1866 4191 κολάζεται
1907 4125 1967 4180 δέ

347 4243 444 4291 τις
475 4224 539 4279 οὑ
596 4221 930 4294 τιμώμενος,
976 4218 1098 4274 οὑδὲ
1145 4220 1471 4292 τιμωρεῖται
1528 4219 1754 4291 μέτοχος
1803 4220 1967 4274 θείων

349 4314 825 4386 ἁναδεικνὺμενος
850 4312 1098 4383 ἀγαθῶν,
1145 4312 1286 4367 ἀλλὰ
1309 4315 1424 4376 τοῖς
1452 4311 1512 4377 ἐξ
1537 4314 1709 4384 ὀργῆς
1745 4312 1846 4384 τῆς
1870 4311 1966 4366 τοῦ

350 4408 691 4474 κολάζοντος
726 4405 952 4477 ὁμιλῶν.
998 4404 1217 4476 Ἐπειδὴ
1256 4403 1313 4457 δὲ
1335 4404 1437 4459 οὑκ
1468 4404 1528 4459 ὲν
1558 4404 1773 4466 τούτοις
1802 4403 1965 4474 ἐρχό-

356 4516 530 4572 μενος
561 4500 640 4563 είς
667 4496 757 4552 τὸν
791 4496 995 4569 κόσμον
1025 4496 1054 4549 6
1081 4495 1395 4568 ἄνθρωπος,
1428 4494 1545 4549 ἀλλ’
1578 4495 1645 4548 ἐκ
1670 4495 1780 4549 τῶν
1806 4496 1964 4549 ἐναν-

348 4593 494 4648 τίων
552 4588 875 4660 φωτίζεται,
929 4586 1198 4660 πρὸδηλον
1236 4586 1301 4658 δή
1362 4603 1466 4641 που
1518 4586 1727 4652 λοιπὸν,
1775 4588 1968 4659 ὅτιπερ

350 4686 417 4741 οὑ
449 4684 681 4739 κόλασιν
706 4681 820 4755 ἔχει
849 4681 952 4755 τὴν
990 4682 1270 4754 σάρκωσιν
1298 4682 1327 4735 6
1379 4679 1520 4765 μετὰ
1567 4679 1771 4753 σαρκὸς
1800 4677 1968 4751 τιμώ-

353 4795 551 4852 μενος.

431 4911 507 4984 β’.
549 4909 758 4963 MAG.
800 4909 866 4963 Εί
910 4907 1019 4981 πρὸ
1045 4906 1144 4963 τοῦ
1176 4905 1428 4978 σώματος
1470 4906 1504 4979 ὴ
1533 4904 1683 4976 ψυχὴ
1710 4902 1836 4968 νοῦς
1864 4897 1969 4975 ἦν,

348 5004 442 5060 ἔτι
485 5000 731 5074 καθαρὸς
752 5003 814 5056 ἐν
851 4999 1221 5074 μακαριότητι
1252 4998 1546 5066 διατελῶν,
1587 4996 1888 5061 ἀποκλίνας
1913 4995 1970 5050 δὲ

349 5094 504 5169 πρὸς
533 5093 599 5148 τὸ
628 5093 829 5163 φαῦλον
874 5092 1084 5163 ὑπέὁη,
1124 5091 1218 5147 καὶ
1246 5089 1334 5145 διὰ
1378 5089 1538 5144 τοῦτο
1575 5090 1637 5144 ὲν
1675 5089 1844 5162 σαρκὶ
1875 5087 1971 5157 γέ-

350 5204 516 5260 γονε,
565 5185 688 5250 πῶς
750 5186 1043 5258 ἐρχόμενος
1098 5186 1179 5249 είς
1235 5184 1328 5240 τὸν
1372 5183 1578 5254 κόσμον
1632 5181 1963 5254 (meritum;

370 5279 625 5348 ’Δνάγκη
654 5276 767 5349 γὰρ
792 5277 974 5348 λέγειν
1019 5276 1119 5349 ερη
1128 5293 1228 5350 μον
1256 5271 1395 5331 εἶναι
1419 5276 1599 5347 φωτὸς
1628 5277 1759 5348 πρὶν
1788 5275 1966 5329 ὲλθετν

354 5369 554 5427 αὑτόν·
589 5370 641 5423 εἰ
675 5369 732 5423 δὲ
767 5368 960 5434 τοῦτο,
1002 5368 1120 5433 πῶς
1142 5365 1210 5442 ἦν
1231 5368 1312 5423 ἔτι
1350 5368 1478 5432 νοῦς
1499 5367 1743 5440 καθαρὸς
1782 5367 1812 5421 6
1842 5366 1967 5421 τότε

359 5461 528 5534 μόλις
569 5458 715 5532 ἔχων
739 5459 836 5516 τοῦ
863 5459 1196 5531 φωτίζεσθαι
1231 5459 1332 5532 τὴν
1387 5459 1583 5531 ἀρχὴν,
1622 5459 1712 5514 ὅτε
1757 5457 1854 5513 καὶ
1885 5457 1968 5522 είς

357 5553 457 5609 τὸν
488 5546 703 5625 κόσμον
732 5551 982 5624 ἔρχεται,
1009 5551 1104 5607 καὶ
1132 5552 1199 5606 οὐ
1215 5551 1340 5623 δίχα
1372 5550 1610 5624 σαρκός;

426 5839 478 5874 ³³
520 5835 690 5895 Rom.
720 5850 840 5905 vn,
872 5834 963 5893 24.
1046 5835 1095 5871 ’⁸
1130 5832 1337 5894 Jerem.
1379 5849 1517 5891 uin
1545 5875 1561 5904 ,
1602 5834 1689 5892 16.
1764 5834 1808 5870 ’³
1842 5832 1991 5894 Psal.

2064 3750 2379 3822 spieantur,
2408 3763 2588 3820 pinna
2616 3749 2740 3804 loco
2764 3748 2821 3803 in
2853 3763 3056 3820 corpus
3096 3750 3327 3807 detrusa
3352 3759 3441 3808 est
3474 3773 3486 3807 :
3524 3768 3662 3823 quo-

2065 3843 2254 3910 modo,
2283 3858 2495 3915 quaso,
2521 3843 2858 3914 evangelista
2885 3842 3062 3912 ipsam
3096 3843 3153 3898 in
3194 3843 3341 3899 hunc
3392 3845 3660 3901 mundum

2068 3938 2383 3993 venientem
2417 3934 2720 3990 illuminari
2759 3935 2930 3990 dicit?
2958 3934 3145 3991 Honor
3182 3936 3329 3991 enim
3369 3935 3518 3991 istud
3549 3944 3659 3998 est,

2070 4034 2127 4085 et
2156 4026 2457 4083 illustrium
2485 4026 2792 4097 gratiarum
2823 4026 3100 4082 accessio.
3127 4026 3237 4082 Sed
3277 4042 3440 4083 nemo
3470 4027 3663 4096 plecti-

2068 4127 2163 4175 tur
2190 4119 2320 4175 dum
2353 4119 2679 4184 honoratur,
2705 4134 2882 4189 neque
2915 4118 3144 4189 punitur
3187 4134 3313 4174 cum
3346 4118 3659 4174 divinorum

2069 4212 2341 4266 bonorum
2376 4209 2435 4264 ﬁt
2456 4210 2753 4281 particeps,
2785 4208 2884 4263 sed
2936 4223 3062 4264 eum
3119 4207 3175 4263 in
3202 4209 3482 4278 punientis
3521 4208 3660 4263 iram

2071 4302 2326 4357 incurrit.
2351 4300 2493 4356 Cum
2524 4311 2707 4356 autem
2752 4299 2918 4355 homo
2958 4297 3189 4354 veniens
3218 4299 3274 4353 in
3319 4299 3467 4355 hunc
3496 4313 3659 4354 mun—

2068 4394 2201 4450 dum
2230 4392 2461 4448 minime
2500 4388 2785 4464 puniatur,
2812 4391 2910 4447 sed
2944 4396 3139 4446 contra
3169 4390 3356 4460 potius
3388 4391 3663 4446 illumine-

2073 4492 2180 4550 tur,
2212 4491 2365 4555 patet
2412 4483 2603 4554 utique
2632 4494 2810 4553 poenae
2851 4481 2975 4536 loco
3015 4481 3065 4536 ei
3109 4496 3218 4537 non
3252 4494 3376 4537 esse
3403 4495 3664 4553 corpora-

2071 4574 2300 4641 tionem,
2326 4575 2423 4646 qui
2454 4575 2508 4630 in
2541 4588 2717 4630 carne
2747 4573 3119 4670 honoratur“

1996 4739 2043 4797 ἶ)

2139 4889 2195 4946 2.
2213 4885 2447 4944 ALIUD.
2476 4885 2536 4941 Si
2570 4890 2697 4939 ante
2725 4896 2930 4952 corpus
2961 4878 3144 4934 anima
3170 4891 3326 4934 mens
3351 4884 3471 4932 erat
3501 4891 3667 4949 pura,

2071 4984 2129 5040 in
2164 4981 2430 5038 felicitate
2457 4979 2687 5046 degens,
2726 4973 2823 5029 sed
2858 4971 3225 5028 conversione
3248 4969 3305 5025 in
3340 4969 3533 5025 vitium
3564 4969 3667 5025 de-

2070 5077 2225 5147 lapsa
2272 5078 2381 5136 est,
2422 5076 2589 5141 atque
2638 5066 2850 5122 ideirco
2909 5065 3113 5120 innexa
3168 5072 3254 5119 est
3317 5063 3493 5127 carni,
3529 5077 3671 5133 quo-

2073 5166 2240 5226 modo
2271 5162 2502 5219 veniens
2535 5161 2591 5217 in
2635 5159 2784 5215 hunc
2834 5155 3102 5214 mundum
3146 5153 3530 5210 illuminatur?
3565 5152 3671 5209 Ne-

2075 5259 2321 5320 cessario
2348 5256 2495 5313 enim
2531 5254 2824 5311 dicendum
2857 5258 2941 5307 est
2970 5249 3148 5322 ipsam
3193 5247 3336 5307 lucis
3389 5252 3669 5318 expertem

2075 5366 2200 5410 esse
2245 5356 2541 5420 antequam
2575 5334 2781 5403 veniat.
2814 5340 2974 5410 Quod
3023 5341 3072 5398 si
3117 5340 3198 5395 ita
3247 5345 3352 5405 est,
3389 5333 3671 5408 quomodo

2076 5458 2215 5517 pura
2256 5455 2413 5497 mens
2461 5447 2606 5505 erat,
2636 5452 2760 5507 qua:
2789 5436 2879 5491 vix
2916 5444 3035 5490 tum
3072 5431 3314 5503 primum
3362 5422 3668 5517 illuminari
3750 5482 3759 5490 η

2074 5514 2276 5608 incipit
2303 5549 2431 5592 cum
2462 5532 2613 5590 venit
2655 5530 2714 5587 in
2760 5527 3054 5595 mundum,
3101 5524 3268 5596 idque
3312 5530 3425 5575 non
3454 5514 3670 5587 absque

2076 5645 2247 5688 carne
2261 5629 2285 5686 τ

2034 5847 2199 5900 Lxxv,
2231 5829 2285 5887 8.
2363 5830 2407 5861 ³⁵
2448 5825 2616 5883 Prov.
2648 5839 2702 5879 ix
2727 5861 2742 5887 ,
2773 5820 2828 5875 9.
