4156 6484
559 359 665 416 155
1554 367 1612 426 S.
1651 369 1934 427 CYRILLI
1988 371 2459 430 ALEXANDRI‘NI
2499 371 2821 428 ARCIllEP.
3710 363 3812 418 456

626 482 681 537 5.
724 480 958 539 ALIUD.
993 483 1051 540 Si
1083 493 1212 542 ante
1257 500 1460 558 corpus
1485 489 1665 546 anima
1697 490 1936 548 hominis
1971 493 2127 549 exsti-

2313 503 2386 564 γ’.
2426 495 2632 548 ΑΛΛΟ.
2673 495 2734 547 Εἰ
2785 493 3188 565 προῦφεστήκει
3235 494 3330 548 τοῦ
3371 493 3623 567 σώματος
3656 503 3690 571 ἠ
3722 504 3814 558 τοῦ

557 571 644 636 tit,
687 581 743 629 et
772 574 1002 645 proinde
1034 592 1190 633 mens
1219 591 1357 650 pura
1397 589 1516 634 erat
1543 581 1813 637 bonorum
1845 583 2127 653 cupiditati

2238 585 2522 656 ἀνθρώπου
2556 585 2724 655 ψυχὴ,
2751 584 2844 636 καὶ
2872 584 2996 648 νοῦς
3022 584 3266 656 ὑπῆρχεν
3309 585 3389 639 ἐτι
3421 586 3508 642 διὰ
3537 589 3697 644 τοῦτο
3729 610 3821 646 κα-

557 664 784 733 propius
832 667 1150 736 conjuncta,
1184 670 1279 724 sed
1311 671 1673 725 conversione
1704 672 1757 725 in
1788 672 1977 726 vitium
2028 679 2127 727 ter-

2236 677 2422 746 θαρὸς,
2459 675 2785 746 οίκειότερον
2813 677 2879 746 τῇ
2929 675 3034 728 τῶν
3074 675 3299 742 ἀγαθῶν
3334 678 3519 744 ἐφέσει
3557 683 3820 749 προσκεί-

557 768 692 808 reno
741 759 960 826 corpori
1004 758 1249 828 impacta
1279 768 1388 825 est,
1418 768 1472 815 et
1509 762 1565 814 in
1602 777 1667 815 eo
1703 763 1990 818 exsistens
2010 777 2138 833 pec-

556 856 685 898 care
710 860 820 900 non
846 847 963 901 vult
989 849 1229 918 amplius
1267 867 1279 902 :
1309 849 1590 919 quomodo
1619 868 1728 907 non
1751 853 1800 907 ei
1827 854 1884 907 [it
1911 854 2131 923 injuria,

556 949 678 1004 quae
706 944 820 990 tum
853 939 1091 994 maxime
1123 940 1176 994 id
1219 939 1398 996 facere
1429 942 1586 1012 jussa
1624 959 1733 1011 non
1785 945 1878 1012 sit,
1901 959 2025 998 cum
2067 944 2135 998 ad

555 1027 815 1082 virtutem
855 1037 975 1083 erat
1032 1032 1361 1100 expeditior,
1401 1033 1644 1086 nondum
1683 1034 1848 1088 malis
1887 1035 2135 1103 corporis

555 1116 790 1187 illigata,
821 1119 917 1174 sed
949 1118 1339 1190 intempestive
1373 1123 1425 1177 id
1457 1131 1718 1192 praestare
1748 1127 1984 1195 cogitur,
2008 1140 2133 1180 cum

553 1216 639 1263 est
671 1210 958 1279 inquinata
1000 1213 1265 1282 peccato?
1291 1214 1454 1282 Atqui
1506 1214 1648 1269 Deus
1700 1215 1834 1268 nihil
1869 1216 2134 1286 intempe-

556 1299 694 1354 stive
721 1300 897 1369 jubet,
932 1316 1107 1372 neque
1140 1302 1399 1372 injuriam
1441 1303 1574 1358 facit
1607 1305 1654 1362 is
1684 1307 1776 1376 qui
1806 1315 2001 1362 natura
2033 1322 2133 1362 sua

555 1405 760 1446 nocere
795 1393 1002 1462 nequit.
1049 1393 1370 1463 Opportune
1410 1396 1579 1466 igitur
1618 1406 1674 1452 et
1717 1398 1865 1468 juste
1906 1413 1936 1452 a
1976 1399 2134 1454 nobis

553 1483 721 1552 exigit
763 1493 823 1537 ut
860 1485 915 1538 in
956 1485 1061 1540 hac
1093 1501 1259 1540 carne
1294 1501 1404 1540 non
1435 1503 1750 1557 peccemus,
1795 1505 1924 1543 cum
1978 1490 2130 1544 exsi-

559 1574 742 1629 stendi
779 1583 993 1647 tempus
1028 1577 1172 1632 istud
1202 1579 1382 1632 solum
1417 1579 1737 1646 habeamus,
1768 1597 1877 1651 quo
1907 1584 1961 1636 in
1987 1583 2133 1638 hunc

553 1667 814 1719 mundum
871 1667 1144 1733 venimus,
1190 1669 1321 1724 illud
1372 1669 1526 1739 prius
1572 1686 1685 1725 non
1712 1688 1853 1737 esse,
1887 1674 2000 1744 80
2032 1689 2131 1728 ceu

550 1755 729 1810 locum
778 1758 1067 1826 quemdam
1129 1761 1526 1830 relinquentes,
1581 1770 1636 1817 et
1693 1781 1756 1820 ex
1811 1767 1931 1835 ipso
1967 1765 2128 1836 quasi

551 1849 1002 1917 praeexsisleutia:
1040 1850 1374 1921 principium
1410 1853 1708 1908 mutantes.

619 2139 676 2194 4.
715 2137 949 2196 ALIUD.
996 2139 1256 2195 Libenter
1299 2141 1368 2196 ab
1396 2142 1478 2198 eis
1507 2159 1832 2214 quaererem,
1865 2146 1961 2215 qui
1995 2160 2133 2201 con-

552 2243 871 2287 sentaneum
913 2232 986 2288 sit
1016 2233 1255 2286 animam
1289 2249 1409 2302 quae
1439 2244 1567 2291 ante
1598 2251 1829 2308 corpora
1859 2241 2130 2308 peccavit,

551 2322 608 2376 in
641 2339 845 2394 corpus
875 2323 1115 2388 detrudi,
1144 2332 1205 2377 ut
1239 2327 1615 2394 experimento
1647 2328 1771 2397 ipso
1818 2329 1998 2386 discat
2030 2347 2129 2386 cu-

549 2413 840 2483 piditatum
871 2429 1093 2469 suarum
1139 2415 1539 2485 turpitudinem
1567 2435 1580 2483 ;
1618 2419 1734 2473 haec
1753 2421 1900 2474 enim
1931 2421 2131 2478 docere

551 2519 662 2559 non
718 2512 1003 2559 verentur.
1054 2506 1218 2574 Atqui
1276 2506 1344 2560 ab
1397 2507 1518 2576 ipso
1573 2509 1844 2563 malorum
1901 2521 2127 2582 aspectu

551 2597 834 2651 avellenda
877 2597 1059 2667 potius
1107 2605 1276 2662 esset,
1323 2613 1487 2666 quam
1535 2599 1589 2652 in
1642 2602 1822 2669 ipsum
1873 2602 2130 2672 turpissi-

550 2704 766 2743 marum
817 2689 1162 2759 voluptatum
1215 2688 1550 2758 prolundum
1587 2689 1946 2746 detrudenda.
1991 2692 2130 2747 lllud

551 2779 697 2832 enim
754 2778 980 2833 remedii
1026 2793 1199 2848 genus
1256 2786 1374 2833 erat
1428 2780 1615 2850 potius
1649 2797 1810 2850 quam
1859 2783 2027 2838 istud.
2071 2785 2126 2838 Si

551 2884 682 2940 ergo
744 2877 804 2923 ut
847 2869 1132 2938 corporeis
1171 2870 1538 2939 voluptatibus
1583 2871 1965 2944 immergatur,
2014 2889 2130 2928 ma-

549 2961 728 3014 lorum
777 2960 1154 3014 accessionem
1207 2960 1395 3028 habet,
1425 2963 1571 3032 quod
1608 2964 1662 3016 in
1706 2980 1904 3035 corpus
1942 2967 2127 3021 detru-

548 3052 720 3115 ditur,
764 3066 922 3106 nemo
953 3051 1260 3105 laudaverit
1319 3053 1594 3107 medicum
1645 3056 1738 3126 qui
1777 3072 1985 3126 aegrum
2033 3059 2129 3112 ad-

545 3143 725 3213 jutum
780 3142 846 3195 iri
889 3147 1048 3211 putat
1085 3156 1181 3209 per
1213 3156 1276 3195 ea
1316 3143 1433 3211 ipsa
1478 3144 1680 3211 quibus
1711 3145 1760 3198 ei
1815 3154 1998 3200 nocet.
2029 3146 2126 3202 Sin
2157 3180 2200 3238 ϐ

549 3244 729 3289 autem
761 3240 819 3285 ut
849 3229 1119 3300 peccandi
1153 3228 1312 3284 linem
1345 3230 1527 3299 faciat,
1554 3235 1832 3301 quomodo
1865 3235 1918 3289 in
1945 3239 2126 3305 ipsum

551 3322 876 3394 cupiditatis
931 3321 1153 3390 delapsa
1197 3319 1535 3391 profundum
1591 3338 1869 3394 emergere
1922 3329 2124 3397 potuit,

496 3458 500 3462 .
551 3429 615 3468 ac
648 3429 765 3467 non
799 3412 981 3482 potius
1028 3411 1207 3480 ipsum
1258 3414 1430 3467 morbi
1481 3413 1698 3468 initium
1745 3415 1972 3486 depulit,
2003 3435 2125 3474 cum

551 3504 687 3559 nihil
727 3503 908 3556 adhuc
961 3507 1109 3557 esset
1165 3515 1274 3570 quo
1329 3501 1396 3555 ad
1457 3502 1794 3571 peccandum
1844 3505 2127 3574 pertrahe-

550 3594 734 3650 retur?

621 3709 674 3763 5.
715 3706 944 3762 ALIUD.
977 3707 1035 3761 Si
1071 3713 1199 3763 ante
1235 3720 1437 3775 corpus
1468 3705 1743 3762 exsistens
1776 3706 1960 3761 anima
1992 3723 2124 3778 pec-

550 3802 716 3863 cavit,
747 3809 802 3853 ut
843 3800 924 3853 illi
961 3799 1175 3858 volunt,
1208 3798 1441 3867 ideoque
1473 3799 1709 3867 impacta
1749 3808 1833 3854 est
1872 3799 2028 3854 carni
2071 3806 2127 3855 et

551 3893 824 3964 sanguini,
867 3892 989 3946 loco
1022 3905 1197 3962 poma:
1230 3889 1284 3945 id
1337 3889 1615 3959 accipiens
1649 3906 1662 3943 :
1699 3889 1978 3958 quomodo
2015 3904 2124 3944 non

547 3993 796 4055 oporteat
830 3984 1118 4040 credentes
1153 3983 1208 4037 in
1242 3981 1547 4045 Christum,
1578 3987 1633 4035 et
1665 3979 1875 4036 idcirco
1910 3981 2125 4053 peccati

546 4072 930 4128 remissionem
956 4077 1309 4132 consecutos,
1337 4067 1486 4122 illico
1513 4067 1581 4122 de
1613 4067 1945 4137 corporibus
1967 4066 2124 4121 exire

545 4175 596 4220 et
631 4165 906 4219 sarcinam
931 4165 1092 4218 istam
1117 4176 1291 4232 patum
1323 4161 1447 4214 loco
1482 4157 1796 4227 impositam
1828 4157 2126 4212 excutere?

546 4253 834 4319 Quomodo
873 4253 1042 4314 enim,
1072 4264 1281 4318 quaeso,
1310 4248 1609 4317 perlectam
1661 4245 1871 4316 peccati
1925 4247 2123 4300 remis-

548 4347 758 4402 sionem
807 4347 1106 4398 consecuta
1168 4345 1254 4394 est
1301 4338 1485 4391 anima
1548 4335 1816 4398 hominis,
1861 4335 1907 4389 si
1950 4351 2126 4404 poenae

546 4439 727 4492 adhuc
795 4444 1012 4490 tenetur
1082 4431 1395 4487 obnoxius?
1457 4429 1525 4481 At
1591 4427 1841 4482 videmus
1911 4435 2122 4482 tantum

2239 783 2420 836 μενος,
2476 766 2540 817 ἐκ
2567 766 2921 836 παρατροπῆς
2956 765 3013 818 δέ
3035 766 3134 835 τῆς
3165 767 3258 819 ἐπὶ
3297 767 3358 820 τὸ
3401 771 3582 839 χεῖρὀν
3627 773 3706 834 είς
3759 773 3822 825 τὸ

2233 855 2434 925 γεῶδες
2469 856 2746 926 πέμπεται
2779 857 2956 926 σῶμα,
2979 857 3072 909 καὶ
3101 859 3342 926 γεγονὼς
3365 861 3422 913 ἐν
3447 861 3595 930 αὑτῷ
3625 863 3684 915 τὸ
3720 881 3826 934 μη-

2236 947 2354 1000 κέτι
2379 946 2664 1016 βούλεσθαι
2696 946 3037 1018 πλημμελεῖν
3059 949 3392 1014 ἀπαιτεῖται,
3439 951 3556 1015 πῶς
3585 954 3686 1007 οὐκ
3709 953 3830 1008 ἁδι-

2237 1039 2412 1090 κεῖται
2446 1038 2519 1110 μὴ
2541 1039 2660 1091 τότε
2690 1040 2920 1109 μάλιστα
2949 1039 3110 1092 τοῦτο
3133 1045 3305 1095 ποιεῖν
3325 1045 3824 1116 ἐπιτετραμμένος,

2234 1129 2321 1182 ὅτε
2341 1129 2404 1200 δὴ
2439 1129 2532 1182 καὶ
2578 1129 2778 1197 μᾶλλον
2820 1130 3064 1201 ὑπῆρχεν
3105 1132 3448 1201 ἑτοιμότερος
3488 1136 3566 1198 είς
3592 1137 3825 1203 ἀρετὴν,

2235 1223 2386 1278 οὔπω
2411 1226 2521 1286 τοῖς
2550 1223 2656 1277 ἀπὸ
2685 1225 2776 1277 τοῦ
2798 1224 3047 1295 σώματος
3081 1225 3426 1296 ἐνδεδυμένος
3457 1231 3668 1292 κακοῖς,
3701 1229 3825 1282 ἀλλ’

2235 1313 2325 1365 ὅτε
2380 1313 2600 1381 γέγονεν
2651 1314 2709 1366 ἐν
2743 1313 2964 1366 θολώσει
3008 1314 3108 1383 τῆς
3156 1313 3448 1385 ἁμαρτίας,
3483 1315 3603 1368 τότε
3658 1316 3828 1370 τοῦτο

2235 1405 2407 1457 ποιεῖν
2457 1405 2556 1457 οὐκ
2604 1404 2873 1476 εὐκαίρως
2919 1403 3318 1472 ἀναγκάζεται;
3375 1405 3581 1474 Καιροῦ
3629 1405 3686 1458 δέ
3724 1406 3823 1458 τοῦ

2234 1496 2538 1566 πρέποντος
2564 1496 2664 1548 οὐκ
2691 1495 2757 1549 ἂν
2781 1495 3015 1567 ἁμάρτοι
3044 1495 3102 1549 τὸ
3129 1497 3304 1560 Θεῖον,
3334 1496 3449 1548 ἀλλ’
3468 1497 3577 1550 οὐδ’
3612 1495 3679 1550 ἂν
3697 1498 3826 1552 ἀδι-

2233 1589 2400 1658 κήσαι
2437 1587 2570 1640 ποτὲ
2615 1588 2675 1641 τὸ
2711 1588 2914 1641 ἀδικεῖν
2959 1589 3019 1641 οὐ
3053 1589 3317 1657 πεφυκός.
3362 1589 3648 1660 Εὐκαίρως
3685 1592 3821 1662 ἄρα,

2234 1678 2328 1730 καὶ
2355 1677 2577 1742 δικαίως
2599 1678 2734 1748 μετά
2754 1679 2954 1750 σαρκὸς
2982 1680 3042 1731 τὸ
3087 1680 3161 1752 μὴ
3192 1679 3526 1750 ἁμαρτάνειν
3555 1681 3824 1734 ἀπαιτού-

2239 1771 2399 1840 μεθα,
2433 1771 2590 1841 μόνον
2615 1773 2835 1842 ἔχοντας
2861 1770 3047 1826 τοῦτον
3078 1770 3170 1825 τοῦ
3195 1767 3334 1824 εἶναι
3359 1772 3569 1843 καιρὸν,
3601 1772 3728 1825 καθ’
3756 1773 3821 1824 ὃν

2164 1837 2208 1891 Β
2237 1837 2372 1935 μετὰ
2408 1837 2763 1934 σώματος-είς
2794 1864 2883 1919 τὸν
2910 1865 3111 1936 κόσμον
3143 1863 3438 1936 ἐρχόμεθα,
3457 1837 3529 1917 ’τὸ
3561 1863 3636 1934 μὴ
3675 1860 3820 1918 εἶναι

2165 1999 2172 2022 ,
2235 1956 2538 2026 πρότερον,
2609 1955 2797 2028 ῶσπερ
2863 1956 2988 2009 τινὰ
3044 1957 3209 2009 τόπον
3275 1955 3816 2025 καταλιμπάνοντες,

2233 2046 2327 2098 καὶ
2358 2044 2416 2110 ἐξ
2443 2045 2608 2099 αὐτοῦ
2640 2047 3032 2118 προῦπάρξεως
3055 2047 3230 2117 ἀρχὴν
3271 2045 3677 2116 μεθιστάμενοι.

2301 2135 2364 2188 δ’.
2423 2136 2629 2192 ΔΛΛΟ.
2665 2137 2823 2190 Ποῖον
2863 2137 2977 2206 ἔχει
3036 2135 3228 2204 λόγον,
3267 2135 3494 2205 ἐροίμην
3531 2133 3597 2186 ἂν
3643 2133 3819 2204 ὴωως

2234 2228 2452 2293 αὐτοὺς,
2491 2230 2553 2282 τὸ
2609 2229 3011 2301 ἁμαρτήσασαν
3058 2225 3165 2301 πρὸ
3207 2228 3476 2298 σωμάτων
3518 2228 3598 2290 είς
3652 2227 3818 2296 σῶμα

2233 2319 2548 2391 πέμπεσθαι
2591 2322 2688 2390 τὴν
2720 2321 2917 2391 ψυχὴν,
2948 2321 3035 2374 ἵνα
3085 2320 3148 2392 δὴ
3183 2320 3341 2391 μάθοι
3379 2321 3443 2388 τῇ
3483 2318 3668 2390 πείρᾳ,
3705 2318 3816 2370 τῶν

2232 2413 2446 2466 οἰκείων
2485 2411 2790 2482 ἐπιθυμιῶν
2822 2411 2921 2483 τὴν
2952 2411 3307 2482 αίσχρότητα;
3347 2411 3457 2464 Καὶ
3501 2410 3674 2464 ταῦτα
3703 2407 3812 2480 γάρ

2230 2503 2332 2556 οὐκ
2363 2501 2689 2572 ἐρυθριῶσιν
2736 2501 3109 2573 ἐξηγούμενοι.
3151 2501 3344 2554 Καίτοι
3398 2499 3600 2571 μᾶλλον
3642 2499 3814 2570 ἐχρῆν

2231 2595 2325 2648 καὶ
2345 2594 2514 2664 αὐτῆς
2535 2595 2630 2665 τῆς
2643 2593 2750 2647 τῶν
2766 2593 2951 2646 κακῶν
2969 2592 3279 2657 ἐξέλκεσθαι
3302 2591 3603 2660 φαντασίας
3616 2591 3810 2661 αὐτὴν,

2231 2687 2323 2740 καὶ
2361 2687 2461 2739 οὐκ
2491 2686 2570 2749 είς
2592 2686 2751 2739 αὐτὸν
2782 2683 3143 2737 κατωθεῖσθαι
3171 2682 3374 2752 ἡδονῶν
3406 2682 3498 2736 τὸν
3532 2682 3805 2752 πυθμένα·

2229 2778 2429 2847 τρόπος
2457 2777 2564 2848 γὰρ
2594 2771 2661 2848 ἦν
2685 2776 2979 2844 θεραπείας
3011 2777 3185 2828 ἐκεῖνο
3211 2774 3410 2844 μᾶλλον
3435 2813 3448 2836 ,
3475 2775 3508 2845 ἢ
3543 2773 3723 2827 τοῦτο.
3747 2775 3811 2827 Et

2232 2868 2332 2939 μὲν
2367 2866 2458 2922 οὖν
2501 2869 2588 2921 ἵνα
2623 2872 2743 2931 ταῖς
2768 2867 2862 2921 τοῦ
2906 2866 3173 2938 σώματως
3221 2867 3436 2936 ἡδοναῖς
3483 2866 3808 2937 ἐντρυφήσῃ

2229 2957 2550 3029 προσθήκην
2576 2958 2685 3028 ἔχει
2723 2957 3042 3028 νοσημάτων
3059 2957 3157 3027 τὴν
3181 2957 3478 3027 σάρκωσιν,
3497 2956 3596 3009 οὐκ
3627 2956 3694 3010 ἄν
3719 2971 3812 3018 τις

2230 3049 2514 3103 ἐπαινέσαι
2559 3051 2648 3103 τὸν
2689 3050 3083 3119 σωφρονιστὴν,
3114 3048 3182 3101 δι’
3225 3041 3300 3100 ὧν
3346 3047 3575 3116 ὠφελεῖν
3609 3044 3811 3098 ὑπετό-

2231 3155 2403 3208 πησεν
2433 3139 2719 3192 ἀδικοῦντα
2751 3140 2812 3192 τὸ
2849 3139 3158 3208 νενοσηκὸς.
3194 3137 3256 3191 Εἰ
3300 3137 3357 3191 δέ
3389 3138 3477 3190 ἵνα
3530 3137 3811 3206 παύσηται

2231 3228 2340 3282 τῶν
2369 3230 2576 3294 παθῶν,
2610 3231 2726 3293 πῶς
2752 3233 2832 3294 είς
2863 3231 2994 3283 αὐτὸ
3031 3229 3270 3283 πεσοῦσα
3297 3229 3398 3298 τῆς
3427 3227 3724 3299 ἐπιθυμίας
3747 3229 3812 3282 τὸ

2237 3319 2400 3390 βάθος
2446 3321 2780 3376 ἀνακύπτειν
2806 3321 3045 3384 ἐδύνατο,
3079 3322 3172 3375 καὶ
3200 3321 3320 3392 οὐχὶ
3353 3321 3552 3391 μᾶλλον
3581 3321 3675 3376 καὶ
3707 3322 3812 3374 αὺ-

2231 3414 2330 3485 τὴν
2353 3415 2714 3468 άποπτύσασα
2739 3413 2834 3467 τοῦ
2873 3415 3182 3485 νοσήματος
3227 3414 3324 3483 τὴν
3350 3413 3546 3484 ἀρχὴν,
3572 3415 3664 3467 ὅτε
3713 3413 3813 3467 καὶ

2233 3505 2414 3578 γυμνὴ
2437 3504 2530 3560 τοῦ
2561 3507 2915 3570 καθέλκοντος
2945 3508 3023 3569 εἰς
3051 3505 3325 3577 ἁμαρτίαν
3355 3506 3625 3574 ἐφαίνετο.

2303 3689 2365 3739 ε’.
2402 3684 2604 3737 ΑΛΛΟ.
2656 3683 2720 3736 Ei
2754 3680 2998 3753 προοῦσα
3037 3679 3506 3750 πεπλημμέληκεν
3544 3680 3577 3747 ἡ
3625 3675 3810 3746 ψυχὴ,

2232 3773 2321 3828 διά
2339 3791 2394 3825 τε
2409 3773 2566 3825 τοῦτο
2599 3770 2910 3842 συνεπλάκη
2930 3771 3112 3842 σαρκὶ,
3147 3770 3240 3822 καὶ
3276 3769 3488 3840 αἵματι,
3511 3769 3593 3831 είς
3633 3785 3809 3837 τιμω-

2235 3865 2356 3937 ρίας
2383 3866 2579 3936 τρόπον
2603 3863 2842 3917 λαϐοῦσα
2864 3863 2924 3916 τὸ
2964 3864 3218 3933 πρᾶγμα.
3245 3861 3361 3925 πῶς
3394 3862 3495 3914 οὐκ
3542 3861 3650 3913 ἔδει
3679 3863 3811 3925 τοὺς

2233 3958 2588 4023 πιστεύοντας
2621 3959 2699 4022 εἰς
2722 3958 2974 4030 Χριστὸν,
3018 3957 3112 4010 καὶ
3131 3955 3536 4027 κομισαμένους
3567 3954 3655 4008 διά
3681 3955 3810 4008 τού-

2230 4068 2324 4105 του
2353 4053 2451 4122 τῆς
2481 4051 2754 4122 ἁμαρτίας
2785 4050 2882 4118 τὴν
2912 4049 3123 4118 ἄφεσιν,
3155 4050 3496 4121 παραχρῆμα
3539 4050 3810 4120 σωμάτων

2233 4143 2571 4215 ἐξέρχεσθαι,
2600 4142 2691 4194 καὶ
2720 4143 2778 4195 τὸ
2793 4143 2937 4212 λόγῳ
2960 4141 3230 4213 τιμωρίας
3269 4139 3552 4211 περιτεθὲν
3577 4138 3810 4193 ἀποϐάλ-

2231 4236 2382 4303 λειν;
2419 4236 2571 4289 Ἐπεὶ
2618 4235 2734 4299 πῶς
2767 4235 2978 4288 τελείαν
3007 4235 3120 4304 ἔχει
3161 4234 3258 4305 τὴν
3296 4235 3544 4304 ἄφεσινή
3585 4230 3678 4286 τοῦ
3713 4233 3808 4287 ἀν⁹

2234 4327 2451 4398 θρώπου
2499 4327 2664 4398 ψυχὴ,
2715 4327 2793 4379 ἔτι
2851 4327 3204 4398 περικειμένη
3243 4325 3332 4378 τὸν
3381 4324 3481 4394 τῆς
3533 4323 3805 4386 κολάσεως

2231 4419 2464 4489 τρόπον;
2511 4419 2647 4470 Ἀλλ’
2699 4418 2914 4488 ὁρῶμεν
2951 4419 3029 4472 ὅτι
3056 4417 3308 4472 τοσοῦτον
3330 4419 3672 4488 ἀφεστήκασι
3711 4415 3804 4468 τοῦ

549 4528 741 4582 abesse
769 4533 830 4580 ut
857 4524 1040 4578 licleles
1070 4520 1398 4590 corporibus
1431 4518 1652 4574 liberari
1682 4519 1871 4581 velint,
1905 4525 1962 4571 ut
1997 4533 2120 4572 cum

2236 4508 2502 4577 σωμάτων
2562 4506 3000 4561 ἀπαλλάττεσθαι
3033 4505 3207 4559 θέλειν
3248 4507 3296 4559 οἱ
3323 4507 3690 4568 πιστεύοντες,
3729 4505 3805 4566 ὡς

548 4616 672 4672 ﬁdei
734 4614 946 4670 Christi
1003 4611 1355 4666 confessione
1417 4607 1600 4663 carnis
1661 4609 2125 4662 resurrectionem

545 4707 902 4778 conjungant.
935 4703 1053 4758 Non
1089 4704 1194 4758 erit
1220 4716 1352 4771 ergo
1383 4714 1559 4771 poenae
1587 4699 1706 4753 loco
1739 4699 1792 4753 id
1825 4699 1970 4768 quod
1999 4698 2122 4753 ﬁdei

545 4813 764 4867 quoque
806 4795 1157 4851 confessione
1214 4793 1539 4857 honoratur,
1589 4799 1640 4845 et
1693 4789 1761 4843 ad
1814 4788 2118 4846 Salvatoris

545 4889 953 4957 omnipotentiae
975 4886 1349 4942 testimonium
1383 4883 1631 4951 aﬂ‘ertur,
1666 4897 1734 4937 ex
1770 4897 1835 4937 eo
1861 4881 2004 4952 quod
2036 4881 2118 4935 sic

545 4977 615 5032 ad
643 4979 808 5032 vitam
838 4976 1086 5031 redierit.

613 5064 667 5119 6.
711 5063 938 5118 ALIUD.
975 5062 1032 5116 Si
1060 5071 1186 5118 ante
1225 5078 1428 5131 corpus
1460 5061 1733 5118 exsistens
1764 5062 1946 5116 anima
1985 5077 2116 5133 pec-

544 5153 711 5217 cavit,
750 5159 812 5205 ut
858 5151 938 5205 illi
967 5155 1177 5217 volunt,
1218 5161 1271 5205 et
1312 5153 1517 5206 idcirco
1559 5153 1756 5207 innexa
1815 5161 1899 5208 est
1943 5152 2119 5218 carni,

543 5245 708 5319 quam
773 5243 842 5298 ob
888 5256 1110 5297 causam
1173 5242 1260 5296 lex
1316 5242 1565 5312 graviora
1618 5244 1836 5313 quidem
1897 5254 2119 5313 peccata

542 5347 719 5394 morte
772 5334 957 5406 plecti,
1014 5335 1362 5390 innocentem
1412 5350 1542 5389 vero
1573 5335 1758 5390 vivere
1805 5335 2113 5404 permittit?

540 5431 836 5507 Praastaret
890 5425 1092 5497 quippe
1133 5425 1448 5495 permittere
1496 5425 1943 5496 turpissimorum
2003 5425 2114 5479 cri-

541 5521 748 5576 minum
797 5533 923 5574 reos
967 5517 1063 5572 diu
1118 5516 1174 5571 in
1229 5516 1560 5586 corporibus
1621 5516 1852 5583 haerere,
1899 5523 1959 5570 ut
2008 5516 2114 5571 hoc

539 5617 700 5680 pacto
733 5608 958 5680 gravius
998 5609 1348 5680 punirentur,
1381 5607 1704 5664 innocentes
1736 5623 1867 5662 vero
1917 5623 2113 5678 corpo-

535 5700 694 5755 ribus
731 5700 960 5764 exsolvi,
986 5701 1031 5756 si
1070 5713 1245 5770 paenae
1292 5698 1414 5754 loco
1445 5699 1672 5754 inclusae
1705 5707 1838 5754 sunt
1877 5699 1933 5752 in
1981 5713 2109 5753 cor-

537 5792 766 5866 poribus
796 5791 1008 5848 anima.
1044 5789 1150 5848 Sed
1181 5798 1395 5863 contra,
1425 5799 1602 5849 morte
1629 5789 1850 5862 quidem
1879 5779 2109 5863 punitur

2231 4601 2348 4661 ταῖς
2383 4599 2458 4662 εἰς
2494 4599 2726 4669 Χριστὸν
2782 4599 3094 4668 ὁμολογίαις
3131 4597 3649 4666 συνεπισφίγγεσθαι
3703 4599 3804 4668 τῆς

2231 4687 2432 4758 σαρκὸς
2479 4688 2577 4758 τὴν
2627 4688 2945 4740 ἀνάστασιν.
2997 4687 3110 4739 Οὐκ
3171 4686 3277 4756 ἄρα
3328 4685 3602 4748 κολάσεως
3649 4683 3803 4735 ἔσται

2225 4778 2443 4848 τρόπος,
2469 4777 2528 4830 τὸ
2553 4777 2648 4830 καὶ
2668 4776 2901 4839 πίστεως
2922 4775 3180 4847 ὁμολογία
3198 4776 3584 4850 τετιμημένον,
3624 4775 3700 4838 ὠς
3732 4776 3800 4845 τῇ

2224 4866 2344 4938 θείᾳ
2375 4867 2467 4920 τοῦ
2485 4867 2739 4936 Σωτῆρος
2759 4866 2988 4936 δυνάμει
3013 4867 3074 4920 τὸ
3098 4867 3274 4920 πάντα
3301 4866 3562 4920 δύνασθαι
3605 4867 3803 4937 ῥᾳδίως

2223 4961 2650 5032 ἐπιμαρτυροῦν,
2676 4958 2763 5012 διὰ
2783 4958 2876 5012 τοῦ
2905 4959 3338 5030 παλινδρομῆσαι
3365 4960 3502 5029 πρὸς
3533 4960 3701 5028 ζωήν.

2295 5052 2370 5117 ς’,
2409 5053 2612 5104 ΑΛΛΟ.
2654 5051 2716 5103 Ei
2743 5051 2990 5121 προοῦσα
3025 5050 3144 5104 κατ’
3174 5050 3413 5113 ἐκείνους
3441 5050 3746 5122 ἐξήμαρτεν
3767 5054 3800 5121 ἡ

2221 5141 2482 5212 ψυχὴ,διά
2507 5158 2566 5194 τε
2585 5140 2746 5194 τοῦτο
2767 5141 3077 5212 συνεπλάκη
3108 5143 3294 5211 σαρκὶ,
3319 5143 3408 5196 διὰ
3431 5143 3590 5195 ποίαν
3620 5144 3802 5196 αἰτίαν

2221 5235 2250 5286 ὁ
2274 5233 2436 5302 νόμος
2464 5232 2530 5286 τὰ
2569 5231 2666 5302 μὲν
2695 5231 2804 5284 τῶν
2842 5232 3203 5302 ἐγκλημάτων
3237 5232 3513 5304 βαρύτερα
3533 5233 3801 5304 τιμᾶσθαι

2221 5325 2457 5396 θανάτῳ,
2487 5325 2577 5378 τὸν
2609 5325 2666 5378 δὲ
2688 5325 2840 5378 οὐδὲν
2873 5325 3233 5395 ἡμαρτηκότα
3264 5325 3453 5396 διαξῇν
3489 5325 3797 5397 ἐπιτρέπει;

2219 5415 2371 5487 Χρῆν
2393 5415 2502 5487 γὰρ
2521 5417 2582 5486 δή
2608 5433 2708 5470 που
2736 5414 2956 5486 μᾶλλον,
2983 5417 3110 5480 τοὺς
3131 5417 3228 5487 μὲν
3252 5417 3344 5468 ἐπὶ
3364 5420 3475 5480 τοῖς
3497 5418 3799 5486 αἰσχίστοις

2221 5511 2446 5574 ἁλόντας
2479 5513 2668 5573 κακοῖς
2693 5509 3008 5580 ἐπιτρέπειν
3040 5508 3380 5579 ἐγχρονίζειν
3399 5508 3668 5578 σώμασιν,
3710 5509 3799 5560 ἵνα

2218 5601 2282 5672 δὴ
2315 5601 2407 5654 καὶ
2430 5601 2690 5672 μειζόνως
2717 5598 3048 5666 κολάζοιντο,
3080 5601 3205 5665 τοὺς
3226 5600 3282 5653 δὲ
3300 5601 3451 5654 οὐδὲν
3474 5600 3796 5671 ἡμαρτηκό-

2216 5711 2313 5757 τας
2337 5693 2603 5763 σωμάτων
2646 5691 2910 5759 ἀνεῖσθαι,
2951 5692 3111 5764 εἴπερ
3156 5693 3212 5744 ἐν
3238 5685 3414 5755 τάξει⁶
3442 5690 3712 5761 τιμωρίας
3761 5691 3795 5760 ἡ

2215 5785 2629 5859 ἐνσωμάτωσις.
2689 5783 2826 5838 Ἀλλ’
2855 5786 2919 5838 ἐκ
2948 5783 3056 5841 τῶν
3091 5786 3369 5854 ἐναντίων,
3403 5783 3619 5855 θανάτῳ
3642 5783 3739 5854 μὲν
3763 5785 3796 5837 6
