4156 6480
499 408 598 463 I39

1539 386 1595 441 S.
1625 381 1900 475 QYRIILI
1941 374 2417 445 ALEXANDRlNI
2454 374 2777 433 ARCIIIEP.

3654 368 3757 424 “0

491 538 589 578 eos
621 520 761 575 votis
796 514 1171 589 prosequitur,
1197 509 1389 587 dicens
1421 523 1432 560 :
1465 525 1482 557 ι
1520 504 1583 559 Et
1601 518 1730 559 ecce
1749 503 1887 559 estis
1917 498 2077 553 hodie

2191 496 2407 560 δικαίως
2448 492 2880 566 ὑπερθαυμάσας
2913 493 2941 546 ό
2983 489 3306 563 ἱεροφάντης
3330 482 3573 559 Μωύσῆς
3597 486 3758 539 ἐπεύι

497 614 645 668 velut
695 621 843 667 astra
890 607 1014 661 coeli
1053 600 1427 659 multitudine.
1471 596 1739 651 Dominus
1788 593 1934 647 Deus
1978 606 2072 660 pa-

488 718 642 759 trum
663 712 968 758 vestrorum
990 692 1391 767 adjiciatvobis
1417 691 1559 748 sicut
1583 688 1719 743 estis
1745 687 1944 740 millies
1958 686 2025 755 ’7,
2051 701 2069 734 ι

497 801 565 853 At
604 798 650 853 si
682 791 1010 864 corporibus
1043 787 1115 853 ad
1156 796 1379 857 ptenam
1406 780 1825 837 includerentur
1854 775 2075 838 animat,

496 891 663 960 idque
736 884 1070 942 necessitate
1138 877 1413 949 quadam,
1489 869 1813 943 imprecatio
1882 880 2076 922 revera

494 958 665 1047 esset,
697 995 809 1035 non
838 985 1029 1033 votum
1057 973 1150 1028 illa
1190 968 1395 1040 Hoysis
1430 966 1634 1023 oratio.
1671 960 1842 1032 Atqui
1872 974 1960 1015 res
2002 958 2079 1012 ita

496 1084 605 1129 non
648 1079 754 1136 est,
799 1066 896 1125 sed
949 1066 1095 1121 facta
1137 1069 1224 1119 est
1270 1075 1303 1114 a
1335 1058 1521 1129 Moyse
1566 1053 1901 1113 benedictio.
1957 1048 2080 1104 Non

495 1143 629 1236 ergo
660 1164 724 1219 ad
753 1174 968 1233 pmnam
1018 1153 1352 1226 corporibus
1381 1150 1659 1206 immersae
1684 1153 1817 1205 sunt
1860 1143 2078 1198 animae.

573 1428 657 1483 12.
699 1420 929 1480 ALIUD.
966 1419 1107 1477 Male
1150 1415 1469 1489 petentibus
1505 1412 1649 1493 Deus
1701 1425 1811 1467 non
1859 1405 2074 1463 annuit.

500 1522 672 1589 Cujus
712 1516 791 1572 rei
826 1513 1073 1584 locuples
1101 1509 1259 1566 testis
1300 1506 1459 1562 nobis
1493 1504 1599 1560 erit
1638 1501 1943 1558 Salvatoris
1967 1499 2083 1555 dis-

502 1609 724 1679 cipulus
753 1624 767 1661 :
800 1624 821 1657 ι
845 1602 1062 1666 Petitis,
1086 1619 1107 1653 ι
1149 1595 1350 1669 inquit,
1387 1614 1405 1647 ι
1444 1602 1500 1650 et
1531 1608 1642 1649 non
1704 1590 1981 1662 accipitis,
2019 1602 2085 1643 eo

500 1699 648 1771 quod
681 1698 824 1754 male
866 1693 1064 1767 petatis
1087 1691 1153 1747 ⁸⁸.
1192 1710 1211 1743 ι
1256 1690 1315 1745 Si
1346 1702 1477 1757 ergo
1518 1684 1584 1740 ad
1634 1697 1849 1771 pinnam
1884 1696 2085 1771 corpo-

503 1768 657 1846 ribus
699 1787 899 1841 anima:
948 1781 1357 1850 mancipantur,
1409 1772 1689 1846 quomodo
1738 1770 1895 1823 Anna
1945 1768 2086 1821 Pha-

2179 602 2333 657 χεται
2360 583 2529 653 λέγων
2568 583 2769 647 αὐτοῖς*
2808 602 2826 635 ι
2855 583 2967 637 Καὶ
2996 581 3127 649 ίδού,
3156 581 3281 633 ἐστὲ
3320 578 3562 652 σήμερον
3589 578 3663 642 ὼς
3691 578 3763 630 τά

2177 680 2351 753 ἄστρα
2394 676 2489 731 τοῦ
2543 675 2777 747 οὐρανοῦ
2803 673 2882 746 τῷ
2919 673 3134 745 πλήθει.
3185 674 3392 745 Κύριος
3420 671 3449 724 ὁ
3488 669 3621 733 Θεὸς
3653 688 3766 724 των

2179 776 2430 841 πατέρων
2450 769 2604 840 ὐμῶν
2631 767 2895 841 προσθείη
2914 767 3065 838 ὐμῖν,
3085 767 3159 830 ὡς
3180 760 3278 836 ἦτε
3302 762 3708 836 χιλιοπλασίως.
3739 779 3758 812 ι

2191 861 2493 934 ’Δλλέίπερ
2507 857 2575 933 ἦν
2594 860 2839 927 κόλασις,
2857 862 2980 923 ταῖς
3003 859 3102 912 ἀνθ
3109 857 3307 929 ρώπων
3326 855 3526 927 ψυχαῖς
3547 854 3608 908 τὸ
3624 847 3767 906 εἶναι.

2183 954 2322 1025 μετὰ
2345 954 2615 1024 σωμάτων
2630 954 2687 1007 ὲν
2716 953 2927 1023 κόσμῳ,
2945 952 3054 1005 ἔδει
3075 951 3132 1005 δὲ
3158 945 3319 1013 εἶναι,
3342 948 3437 1003 καὶ
3452 948 3512 1001 οὐ
3525 945 3767 1019 γυμνάς,

2179 1047 2290 1120 ἀρά
2323 1046 2522 1119 μᾶλλον
2553 1045 2638 1116 εἴη
2675 1062 2781 1115 περ
2807 1044 3043 1115 άληθῶς,
3073 1044 3173 1097 οὐκ
3191 1043 3278 1117 ὲπξ
3313 1041 3581 1113 εὐχῇ,καὶ
3608 1041 3639 1094 ό
3668 1038 3767 1093 τοῦ

2179 1140 2424 1204 Μωσέως
2451 1140 2759 1212 εὑρίσκοιτο
2790 1137 2969 1209 λόγος.
3001 1138 3158 1209 Ἔχει
3187 1136 3244 1191 δὲ
3278 1136 3378 1210 οὐχ
3404 1134 3600 1199 οὕτως,
3648 1123 3768 1189 cm.“

2180 1233 2240 1287 ὲν
2264 1232 2515 1302 εὐλογίας
2536 1232 2689 1298 τάξει
2735 1232 3051 1303 πεποίηται·
3080 1212 3183 1283 obii
3216 1228 3325 1301 ἄρα
3346 1227 3617 1300 τιμωρίας
3652 1224 3769 1297 ἔχει

2182 1322 2339 1392 λόγον
2364 1326 2398 1395 ἡ
2433 1324 2727 1398 σάρκωσις.

2256 1411 2342 1483 ιβ’.
2371 1414 2706 1477 ΑΛΛο.Τοῖς
2719 1414 2891 1468 αἰτεῖν
2908 1410 3248 1485 ἐπιχειροῦσι
3268 1409 3477 1475 κακῶς,
3493 1409 3775 1465 ἐπινεύειν

2184 1502 2315 1567 Θεὸς
2346 1504 2447 1558 οὐκ
2476 1503 2747 1574 ἀνέχεται.
2781 1504 2890 1557 Καὶ
2917 1502 3106 1556 τούτου
3140 1500 3349 1572 μάρτυς
3377 1501 3508 1595 ἡμῖν
3531 1498 3772 1571 ἀψευδὴς

2184 1598 2214 1651 ὁ
2232 1595 2325 1650 τοῦ
2346 1597 2598 1668 Σωτῆρος
2618 1596 2905 1667 γενήσεται
2929 1594 3201 1667 μαθητὴς,
3221 1612 3239 1644 ι
3279 1591 3546 1657 Atreis-3,!
3569 1591 3768 1659 λέγων,

2192 1706 2210 1739 ι
2241 1689 2336 1741 καὶ
2363 1689 2424 1741 οὐ
2454 1687 2784 1757 λαμϐάνετε,
2808 1687 2889 1740 ὅτι
2917 1686 3106 1751 κακῶς
3137 1684 3399 1740 αἰτεῖσθε.
3421 1703 3441 1739 ι
3476 1683 3650 1755 Εῐπερ
3674 1678 3773 1738 οὖν

2188 1781 2306 1834 ἐστι
2359 1779 2581 1841 κόλασις
2630 1778 2690 1832 τὸ
2745 1776 3144 1848 σωματωθῆναι
3203 1775 3406 1847 ψυχήν,
3462 1774 3631 1829 Ἄννα
3672 1772 3772 1827 τοι]

504 1879 683 1936 nuclis
716 1876 851 1940 lilia,
883 1872 1098 1945 inquiet
1144 1869 1368 1939 aliquis,
1400 1880 1511 1920 non
1540 1863 1897 1918 vehementer
1925 1872 2085 1911 erra-

2191 1872 2431 1942 Φανουὴλ
2455 1872 2489 1940 ἡ
2530 1868 2799 1940 θυγάτηρ,
2830 1867 2946 1933 πῶς
2988 1868 3091 1925 οὐκ
3129 1867 3366 1936 εὐλόγως
3394 1868 3511 1938 ὲρεῖ
3537 1881 3648 1931 τις,
3684 1865 3770 1933 ὅτι

505 1974 622 2034 bat,
650 1986 776 2024 cum
814 1979 927 2021 tam
971 1965 1129 2018 enixe
1180 1961 1349 2015 lilium
1382 1957 1491 2012 sibi
1531 1971 1562 2010 ιι
1600 1952 1711 2008 Deo
1763 1956 1974 2023 peteret
2002 1948 2087 2001 εστ

502 2066 758 2129 Animam
786 2036 988 2131 quippe
1015 2055 1277 2110 deorsum
1305 2050 1529 2122 pelli,ct
1549 2048 1604 2102 in
1634 2058 1837 2115 corpus
1868 2039 2085 2098 detrudi

506 2155 788 2228 poscebat.
832 2152 904 2205 At
947 2146 1253 2220 quomodo,
1294 2157 1506 2213 quaeso,
1556 2140 1728 2195 ﬁlium
1777 2134 1880 2209 ipsi
1942 2133 2087 2189 Deus

506 2250 725 2305 beatum
769 2242 1086 2299 Samuelem
1147 2236 1407 2299 tradidit,
1474 2234 1519 2289 si
1568 2232 1786 2304 quidem
1829 2239 2089 2300 peccasse

506 2342 662 2411 prius
695 2337 935 2391 animam
976 2329 1289 2403 oportebat,
1333 2335 1395 2381 ut
1423 2325 1656 2396 implexa
1697 2320 1921 2392 corpori
1970 2334 2089 2373 mu-

506 2409 662 2491 lieris
710 2441 899 2487 votum
958 2425 1247 2499 impleret?
1277 2423 1442 2494 Atqui
1496 2420 1640 2477 Deus
1672 2414 1938 2485 tradidit,
1993 2409 2089 2483 qui

504 2523 730 2582 nonnisi
784 2522 931 2579 bona
978 2520 1113 2575 dare
1158 2524 1378 2589 potest,
1431 2526 1670 2583 eumque
1722 2508 1777 2565 id
1834 2513 2090 2579 prompto

506 2618 696 2673 animo
723 2614 826 2685 ipsi
854 2610 1141 2674 annuerit,
1162 2616 1350 2667 votum
1382 2605 1505 2676 ejus
1532 2604 1603 2659 ab
1633 2600 1782 2657 omni
1812 2595 2090 2654 calumnia

507 2712 727 2767 liberat.
769 2708 890 2771 Non
922 2704 1090 2776 igitur
1127 2703 1200 2761 ob
1231 2700 1537 2757 admissum
1570 2704 1859 2767 peccatum
1892 2703 2091 2760 corpo-

508 2804 663 2856 ribus
690 2799 873 2854 anima
912 2793 1238 2859 includitur,
1273 2804 1455 2863 neque
1482 2787 1539 2843 id
1565 2784 1618 2845 ei
1647 2784 1716 2841 ad
1745 2797 1963 2856 pinnam
1996 2778 2091 2835 da-

508 2907 648 2962 tum,
676 2899 735 2947 ut
759 2891 950 2945 volunt
975 2885 1251 2941 nonnulli.

583 2987 666 3044 l3.
697 2980 930 3039 ALIUD.
966 2977 1027 3039 Si
1048 2991 1254 3049 corpus
1278 2973 1481 3031 anima
1506 2968 1747 3029 hominis
1772 2967 1838 3024 ad
1871 2978 2093 3037 postiam

506 3080 694 3135 datum
745 3083 850 3141 est,
889 3072 1021 3143 quid
1071 3068 1368 3127 Ezechiatn
1400 3062 1601 3134 adegit,
1634 3060 1789 3115 illum
1828 3056 2091 3115 Hieroso-

2187 1963 2282 2021 τοῦ
2349 1962 2653 2034 πρέποντος
2710 1958 3090 2028 άπεσφάλλετο
3148 1959 3392 2029 μακράν,
3444 1958 3586 2013 οὓτω
3632 1958 3775 2029 πρὸς

2187 2055 2320 2109 Θεὸν
2368 2053 2722 2109 ἀνατείνουσα
2748 2051 2847 2121 τήν
2896 2050 3084 2122 εὐχήν,
3135 2050 3230 2103 καὶ
3277 2049 3503 2104 αίτοῦσα
3545 2051 3776 2121 σπέρμα

2188 2148 2416 2219 άνδρός;
2449 2146 2630 2217 ψυχῆς
2678 2147 2786 2218 γὰρ
2821 2145 2938 2216 ᾔτει
2992 2144 3369 2209 κατάπτωσιν,
3415 2143 3511 2197 καὶ
3560 2143 3659 2214 τὴν
3689 2146 3775 2208 εἰς

2192 2240 2350 2311 σῶμα
2395 2237 2643 2294 κάθοδον.
2671 2238 2796 2301 Πῶς
2823 2236 2880 2290 δὲ
2925 2236 3063 2300 ὅλως
3095 2235 3191 2289 καὶ
3243 2235 3358 2289 υἱὸν
3407 2235 3546 2308 αὐτῇ
3596 2234 3775 2290 idiom:

2188 2330 2325 2394 Θεὸς
2344 2329 2435 2384 τὸν
2463 2330 2616 2399 άγιον
2646 2327 2921 2399 Σαμουὴλ,
2956 2327 3115 2398 ειπερ
3146 2326 3251 2381 ἔδει
3274 2327 3491 2392 πάντως
3523 2322 3775 2401 ἀμαρτῆ-

2192 2442 2287 2479 σαι
2306 2424 2507 2496 ψυχὴν,
2528 2424 2616 2478 ἵνα
2644 2423 2711 2495 δὴ
2729 2424 2824 2477 καὶ
2853 2420 3204 2493 ὲμπλακεῖσα
3216 2420 3430 2492 σώματι
3455 2422 3523 2493 τῇ
3550 2423 3776 2489 γυναικὶ

2191 2516 2458 2592 πληρώσῃ
2490 2517 2590 2589 τὴν
2628 2516 2880 2587 almam;
2921 2514 3086 2568 ’Δλλά
3125 2514 3233 2586 μὴν
3260 2514 3356 2567 καὶ
3404 2511 3537 2577 Θεὸς
3576 2513 3775 2581 ἐδίδου,

2191 2611 2331 2689 μόνα
2352 2608 2612 2681 πεφυκὼς
2632 2608 2835 2662 διδόναι
2859 2607 2928 2661 τά
2954 2605 3158 2677 ἀγαθὰ,
3197 2608 3292 2662 καὶ
3320 2606 3629 2678 προχείρως
3656 2607 3776 2659 επις

2190 2702 2387 2768 νεύσας
2411 2702 2571 2774 αὐτῇ,
2594 2699 2864 2771 λοιδορίας
2891 2699 3115 2771 ἁπάσης
3131 2697 3517 2770 ὲλευθεροῖτὴν
3534 2698 3755 2770 αἴτησιν

2192 2794 2305 2850 οὐκ
2323 2794 2432 2867 ἄρα
2454 2790 2517 2857 ἐξ
2536 2791 2816 2864 άμαρτίας
2834 2793 2870 2863 ἡ
2897 2794 3196 2861 σάρκωσις,
3225 2789 3340 2844 ἀλλ’
3358 2789 3481 2847 οὐδὲ
3503 2788 3778 2856 κολάσεως

2191 2883 2392 2951 τρόπος
2410 2883 2551 2937 κατά
2578 2899 2752 2946 τινας.

2267 2972 2356 3044 ιγ’.
2389 2973 2593 3029 AAAO.
2623 2974 2686 3027 ΕΞ
2720 2975 2779 3029 ἐν
2801 2971 2953 3040 τάξει
2988 2973 3261 3044 τιμωρίας
3281 2971 3492 3028 δέδοται
3526 2973 3586 3028 τὸ
3616 2973 3778 3044 σῶμα

2193 3068 2261 3138 τῇ
2282 3065 2575 3138 ἀνθρώπου
2599 3067 2769 3138 ψυχῇ,
2806 3065 2859 3119 τί
2880 3065 2939 3119 τὸ
2976 3065 3238 3130 πεπεικὸς
3275 3063 3526 3138 Ἐζεκίαν
3553 3064 3643 3121 τὸν
3673 3065 3779 3135 τῆς

508 3168 783 3238 lymorum
815 3177 999 3233 regem
1031 3159 1333 3232 sapientem
1366 3170 1431 3212 ac
1461 3154 1690 3217 bonum,
1725 3160 1781 3207 ut
1826 3165 1937 3205 non
1975 3150 2088 3205 sine

2206 3159 2563 3231 Ἰερουσαλὴμ
2591 3158 2839 3229 βασιλέα,
2871 3158 3050 3213 καίτοι
3075 3159 3238 3226 σοφὸν
3262 3157 3397 3213 ὅντα
3420 3158 3517 3214 καὶ
3545 3157 3781 3229 ἀγαθὸν,

506 3257 726 3316 acerbis
780 3251 1044 3325 lacrymis
1092 3249 1351 3320 corporis
1392 3253 1629 3305 mortem
1679 3242 2091 3312 deprecaretur,

506 3365 611 3406 πει*
643 3349 738 3404 illo
769 3343 1045 3416 supplicio
1076 3342 1239 3421 vellet
1267 3338 1477 3396 exsolvi
1503 3339 1544 3403 ί,
1569 3335 1666 3393 sed
1696 3349 1966 3390 annorum
2001 3349 2095 3389 ac-

510 3441 769 3497 cessione
788 3452 997 3508 corpus
1019 3449 1181 3493 suum
1199 3430 1464 3489 honorari
1484 3438 1716 3502 peteret,
1735 3443 1861 3487 cum
1888 3427 2093 3499 alioqui

514 3534 676 3603 longe
723 3528 900 3585 satius
943 3536 1114 3592 esset,
1156 3524 1205 3581 si
1255 3538 1446 3581 verum
1494 3529 1581 3577 est
1638 3535 1874 3591 corpore
1929 3518 2091 3590 plecti

510 3621 780 3682 animant,
803 3633 912 3672 non
941 3624 1176 3671 mortem
1215 3610 1530 3685 deprecari,
1554 3609 1648 3667 sed
1680 3625 1846 3684 grave
1884 3617 1940 3666 et
1976 3624 2095 3664 mo-

510 3718 715 3769 lestum
742 3710 950 3767 dueere
992 3708 1236 3763 animam
1288 3719 1413 3761 eum
1444 3718 1681 3774 corpore
1722 3702 2008 3775 conjungi,
2040 3708 2093 3757 ct

513 3807 583 3860 ob
613 3804 734 3872 ejus
779 3799 1205 3857 dissolutionem
1234 3795 1446 3868 gratias
1494 3810 1655 3867 agere
1697 3794 1886 3867 potius
1924 3809 2090 3866 quam

514 3897 583 3951 ob
634 3894 824 3949 vitam.
868 3890 982 3962 83
1019 3887 1305 3956 Quomodo
1346 3900 1475 3942 vero
1500 3885 1799 3959 singularis
1840 3882 2092 3955 beneﬁcii

514 3989 638 4042 loco
666 3983 1023 4056 promittebat
1055 3981 1132 4035 illi
1168 3979 1311 4036 Deus
1333 3980 1560 4037 dicens:
1586 3997 1605 4031 ι
1634 3977 1778 4033 Ecce
1804 3976 2001 4035 addam
2024 3974 2091 4032 ad

512 4076 629 4131 «lies
673 4082 799 4129 tuos
848 4074 1096 4143 quinque
1128 4076 1182 4125 et
1231 4068 1422 4125 decem
1476 4083 1651 4124 annos
1683 4069 1729 4136 ’,
1768 4087 1786 4121 ι
1819 4082 1946 4123 cum
1998 4067 2093 4122 illa

514 4167 810 4237 promissio
874 4163 1128 4235 supplicii
1194 4162 1509 4232 prorogatio
1551 4169 1721 4226 esset,
1762 4175 1874 4215 non
1925 4158 2094 4215 beuec

514 4258 737 4323 lirium,
774 4256 819 4313 si
860 4270 1052 4309 verum
1110 4252 1185 4307 illi
1235 4251 1456 4306 docent.
1492 4250 1562 4304 At
1612 4263 1743 4307 vero
1790 4262 2090 4319 supernum

514 4353 719 4423 tlonutn
772 4356 827 4403 et
863 4348 1041 4418 gratia
1071 4355 1190 4400 erat
1240 4345 1329 4408 illa
1362 4343 1679 4412 promissio,
1719 4350 1775 4395 et
1816 4355 2090 4396 annorum

514 4439 833 4513 prorogatio
868 4456 880 4491 :
924 4452 1032 4491 non
1074 4452 1206 4507 ergo
1248 4436 1315 4491 ad
1368 4435 1697 4505 supplicium
1752 4446 1957 4505 corpus
1993 4431 2092 4486 do-

510 4541 674 4590 natur
700 4530 916 4585 anima.
1448 4568 1451 4573 .
1698 4594 1703 4597 _
1992 4570 2003 4585 ς

586 4621 672 4677 Ill.
704 4616 935 4674 ALIUD.
970 4616 1026 4672 Si
1056 4617 1125 4673 ad
1157 4631 1376 4687 pwnam
1406 4615 1592 4670 datum
1624 4619 1709 4667 est
1738 4626 1941 4682 corpus
1971 4613 2090 4666 ani-

512 4730 635 4789 mte,
666 4727 832 4787 quam
864 4712 1098 4784 gratiam
1117 4709 1266 4768 Deus
1294 4707 1549 4764 retribuit
1576 4706 1834 4761 eunucho
1865 4704 1964 4771 illi,
1998 4704 2092 4777 qui

510 4804 803 4865 Jeretniam
841 4803 1031 4861 eduxit
1054 4817 1085 4858 e
1112 4801 1256 4867 lacu,
1283 4799 1508 4857 dicens:
1539 4814 1559 4848 ι
1586 4796 1653 4850 Et
1682 4796 1825 4852 dabo
1850 4796 2090 4850 animam

512 4907 660 4952 tuam
694 4897 752 4952 in
778 4909 892 4950 rem
915 4892 1217 4957 inventam,
1238 4900 1293 4948 et
1319 4888 1555 4947 servabo
1575 4898 1630 4944 te
1657 4886 1978 4944 aChaldaeis
2000 4888 2039 4941 ³.
2068 4906 2087 4938 ι

515 4989 700 5049 Satius
727 4988 872 5044 enim
902 4984 1096 5040 luisset
1125 4983 1283 5038 illum
1316 4980 1459 5036 mori
1489 4980 1691 5046 sinere,
1716 4987 1775 5034 ut
1803 4980 1907 5034 hoc
1932 4987 2093 5051 pacto

508 5097 636 5141 eum
663 5082 987 5145 honoraret,
1012 5074 1252 5131 vinculis
1281 5084 1336 5130 et
1364 5085 1529 5143 paena
1550 5072 1801 5145 corporis
1831 5072 2090 5127 solutum.

514 5173 690 5242 Quam
735 5180 941 5237 autem,
960 5181 1170 5239 quaeso,
1204 5161 1470 5222 Israelitis
1500 5162 1937 5231 adolescentibus
1968 5180 2094 5235 gra-

513 5267 643 5323 tiam
682 5264 936 5321 contulit.
963 5262 1093 5318 dum
1122 5272 1219 5314 eos
1252 5273 1282 5312 a
1329 5255 1547 5311 ﬂamma
1607 5258 1845 5313 servavit
1888 5267 1945 5312 et
1986 5257 2092 5311 im-

515 5356 773 5412 manitate
798 5349 1272 5424 Babyloniorum?
1299 5345 1477 5413 Quam
1515 5346 1585 5401 ob
1618 5362 1844 5403 causam
1895 5347 2093 5402 Danie-

517 5450 621 5505 lem
648 5463 680 5503 a
713 5445 1043 5502 crudelitate
1072 5441 1289 5496 leonum
1317 5439 1523 5509 eripuit
1548 5438 1608 5492 ‘2
1635 5440 1703 5493 At
1731 5439 2094 5509 vero.buneli-

513 5539 598 5593 cia
636 5538 741 5593 ista
796 5542 948 5596 sunt,
990 5545 1100 5601 pro
1150 5530 1352 5601 quibus
1387 5528 1537 5582 illum
1572 5529 1735 5583 etiam
1777 5529 1998 5598 hymnis
2039 5537 2093 5581 et

516 5629 772 5686 laudibus
806 5622 1213 5697 prosequimur.
1240 5623 1360 5678 Non
1386 5635 1522 5692 ergo
1544 5620 1609 5674 ad
1647 5634 1868 5691 pinnam
1892 5622 2090 5675 animae

586 5745 628 5774 ’⁷
673 5741 827 5795 Deut.
864 5756 917 5803 ι,
945 5739 1036 5794 2‘2.
1102 5741 1147 5771 ³⁸
1183 5738 1296 5794 .lac.
1332 5756 1405 5801 ιν,
1438 5738 1489 5794 5.
1549 5741 1593 5771 ⁹⁹
1636 5739 1650 5791 Ι
1687 5741 1816 5812 Reg.
1854 5759 1901 5805 ι,
1938 5737 2088 5794 10-2!

2215 5744 2230 5776 ⁸
2271 5742 2337 5797 IV
2372 5742 2506 5812 Reg.
2550 5760 2615 5797 xx
2639 5783 2652 5808 ,
2688 5741 2711 5793 l
2748 5756 2868 5810 sqq.

538 5813 713 5889 ‘Duni
747 5825 803 5863 Ill
829 5850 842 5876 ,
884 5812 906 5865 l
944 5826 1065 5881 sqq.

2167 3251 2449 3330 ,δακρύων
2483 3252 2543 3305 οὐ
2582 3251 2703 3322 δίχα
2756 3250 2973 3321 πικρῶν
3000 3249 3385 3321 παραιτεῖσθαι
3430 3250 3529 3321 μὲν
3559 3250 3651 3304 τὸν
3678 3250 3781 3322 τῆς

2198 3343 2399 3415 σαρκὸς
2417 3343 2668 3407 θάνατον,
2703 3342 2797 3396 καὶ
2825 3341 3200 3397 ἀποδύσασθαι
3224 3342 3287 3396 τὸ
3320 3341 3546 3409 κολάζον
3575 3342 3779 3407 ὀκνεῖν,

2194 3433 2333 3487 ἐτῶν
2354 3434 2410 3489 δὲ
2442 3432 2732 3505 προσθήκῃ
2755 3416 3019 3502 τιμᾶσθαι
3055 3432 3416 3504 παρακαλεῖν,
3454 3433 3634 3488 καίτοι
3661 3431 3783 3488 λίαν

2194 3524 2386 3597 ἐχρῆν,
2434 3524 2591 3597 εἴπερ
2633 3520 2702 3595 ἦν
2742 3524 2933 3590 ὅντως,
2976 3526 3037 3578 οὐ
3087 3525 3342 3579 τεθνάναι
3394 3523 3781 3596 παραιτεῖσθαι

2196 3617 2419 3689 μᾶλλον,
2453 3616 2707 3689 ἡγεῖσθαι
2723 3616 2781 3670 δὲ
2811 3615 3069 3688 φορτικὸν
3109 3617 3170 3670 τὸ
3215 3616 3634 3688 συμπεπλέχθαι
3675 3616 3781 3671 σώ-

2198 3718 2351 3780 ματι,
2381 3705 2477 3761 καὶ
2512 3707 2605 3761 ἐπὶ
2629 3705 2806 3778 τούτῳ
2848 3707 3010 3778 χάριν
3038 3706 3185 3777 ἢπερ
3223 3706 3317 3760 ἐπὶ
3358 3708 3471 3770 τοῖς
3506 3705 3776 3770 ἐναντίοις

2194 3797 2494 3869 ὁμολογεῖν.
2520 3795 2644 3861 Πῶς
2685 3795 2742 3850 δὲ
2792 3795 2867 3860 ὡς
2910 3798 2968 3849 ὲν
2997 3796 3218 3868 χάριτος
3261 3795 3419 3869 μέρει
3447 3795 3582 3860 Θεὸς
3602 3797 3778 3867 ὲπηγα

2194 3889 2413 3959 γέλλετο
2430 3888 2604 3956 λέγων
2628 3886 2795 3958 αὐτῷ·
2835 3887 2996 3949 «Ἰδοὺ
3024 3888 3357 3958 προστίθημι
3377 3889 3458 3952 είς
3478 3887 3569 3943 τὸν
3585 3887 3780 3961 χρόνον

2196 3998 2291 4034 σου
2331 3979 2425 4050 ἐτη
2473 3978 2808 4046 δεκαπέντες
2857 3997 2876 4032 ι
2924 3979 3102 4034 καίτοι
3168 3978 3454 4051 προσθήκη
3505 3979 3779 4044 κολάσεως

2200 4073 2301 4127 οὐκ
2332 4073 2579 4135 εὐποιίας
2612 4072 2833 4144 τρόπος,
2862 4074 2896 4143 ἡ
2932 4072 3227 4144 ὑπόσχεσις
3267 4067 3358 4144 ἦν,
3389 4072 3548 4144 είπερ
3580 4072 3783 4125 ἐκεῖνοι

2194 4165 2591 4238 πρεσϐεύουσιν
2614 4164 2812 4236 ἀληθῆ.
2857 4164 3017 4219 Ἀλλὰ
3038 4165 3337 4237 μὴνδῶρον
3356 4163 3561 4221 ἄνωθεν
3589 4166 3623 4236 ή
3650 4165 3780 4219 ὑπό-

2196 4276 2380 4330 σχεσις
2400 4254 2489 4330 ἦν,
2534 4260 2630 4313 καὶ
2677 4260 2711 4329 ἡ
2741 4258 3033 4331 προσθήκη
3071 4260 3251 4332 χάρις’
3283 4260 3383 4313 οὐκ
3421 4259 3532 4331 ἄρα
3560 4259 3781 4321 κόλασις

2193 4353 2309 4415 ταῖς
2341 4352 2542 4423 ψυχαῖς
2573 4352 2607 4424 ἡ
2638 4351 2983 4424 σωμάτωσις,

2269 4612 2349 4668 ιδ’.
2385 4613 2587 4669 ΔΛΛΟ.
2621 4613 2683 4671 Εἰ
2712 4613 2769 4669 ἐν
2800 4612 2949 4679 τάξει
2978 4612 3253 4676 κολάσεως
3284 4612 3491 4667 δέδοται
3518 4613 3581 4668 τὸ
3615 4613 3778 4686 σῶμα

2193 4705 2260 4776 τῇ
2285 4701 2379 4757 τοῦ
2408 4702 2699 4775 ἀνθρώπου
2748 4702 2918 4774 ψυχῇ,
2961 4703 3120 4757 ποίαν
3168 4704 3442 4759 ἀντεδίδου
3502 4706 3663 4777 χάριν
3699 4705 3778 4776 τῷ

2192 4794 2434 4867 εὐνούχῳ
2471 4795 2602 4860 Θεὸς
2645 4795 2721 4866 τῷ
2766 4794 3112 4863 άνενεγκόντι
3156 4794 3247 4847 τὸν
3285 4796 3552 4867 Ἰερεμίαν
3591 4799 3654 4851 ὲκ
3686 4797 3776 4855 τοῦ

2193 4886 2422 4951 λάκκου,
2443 4887 2638 4958 λέγων,
2679 4905 2697 4941 ι
2723 4885 2833 4941 Καὶ
2858 4885 3017 4941 δώσω
3054 4887 3153 4959 τὴν
3179 4886 3358 4958 ψυχήν
3394 4904 3487 4941 σου
3521 4889 3603 4952 είς
3625 4887 3781 4959 εὐρε-

2200 4998 2297 5054 μα,
2336 4980 2427 5035 καὶ
2461 4979 2710 5035 διασὼσω
2741 4996 2801 5032 σε
2846 4981 2910 5035 ὲκ
2942 4978 3051 5034 τῶν
3074 4978 3395 5047 Χαλδαίων;
3427 4998 3448 5037 ι
3491 4981 3639 5034 Ἔδει
3669 4980 3778 5052 γὰρ

2201 5066 2400 5141 μᾶλλον
2431 5068 2796 5138 ἀποθνήσκειν
2824 5069 2938 5140 ὲᾷν,
2964 5069 3049 5123 ἵνα
3075 5068 3171 5126 καὶ
3196 5070 3429 5143 τιμήσῃ,
3457 5069 3660 5141 δεσμοῦ
3686 5070 3783 5124 καὶ

2197 5161 2474 5225 κολάσεως
2527 5159 2780 5215 ἀπολύων
2828 5161 3011 5216 αὐτόν.
3058 5162 3122 5216 Τί
3146 5161 3224 5227 δὲ,
3259 5162 3381 5219 είπέ
3425 5180 3538 5234 μοι,
3582 5165 3696 5227 τοῖς
3722 5162 3781 5229 ἐξ

2210 5251 2425 5325 Ἰσραὴλ
2478 5252 2717 5327 νεανίαις
2771 5252 3092 5322 ἐχαρίζετο,
3135 5251 3417 5320 διασώζων
3462 5254 3660 5316 αὐτοὺς
3717 5254 3784 5307 ἐκ

2199 5346 2395 5417 φλογὸς
2474 5345 2570 5399 καὶ
2618 5347 2716 5417 τῆς
2768 5343 2877 5399 τῶν
2936 5344 3294 5403 Βαϐυλωνίων
3345 5346 3779 5418 ἅπανθρωπίας;

2205 5439 2367 5492 Ὅτου
2398 5438 2455 5491 δὲ
2479 5438 2638 5509 χάριν
2667 5437 2770 5508 τῆς
2797 5437 2906 5490 τῶν
2934 5438 3163 5490 λεόντων
3190 5437 3469 5508 ὠμότητος
3498 5438 3587 5491 τὸν
3620 5435 3784 5505 σοφὸν

2200 5528 2477 5601 ἐξήρπαξε
2499 5530 2732 5602 Δανιήλς
2778 5528 2939 5583 Ἀλλά
2974 5529 3080 5601 μὴν
3111 5528 3286 5585 ταῦτα
3330 5528 3585 5600 πράττων
3627 5528 3785 5598 εὐερ-

2200 5625 2367 5691 γετεῖ,
2406 5622 2496 5676 καὶ
2528 5622 2617 5676 διὰ
2644 5620 2813 5676 ταῦτα
2842 5621 3150 5688 δοξάζεται.
3186 5622 3299 5675 Οὐκ
3320 5621 3430 5694 ἄρα
3460 5621 3660 5694 τρόπος
3693 5635 3783 5676 τι·

2949 5745 2967 5773 ²
3010 5740 3213 5796 ibid.6.
3292 5739 3535 5796 'Jerem.
3573 5753 3696 5806 ην,
3721 5738 3799 5796 δέ
