4156 6488
460 439 565 494 HI

1583 427 1656 484 IN
1683 424 1969 484 JOANNIS
2009 422 2461 481 EVANGEIJITM
2507 427 2635 485 LIB.
2662 430 2701 483 1.

3648 437 3750 496 Mil

461 555 683 626 μωρίας
707 555 824 607 ἐστὶ
878 554 940 607 τὸ
981 553 1210 606 ἐνοικεῖν
1257 552 1325 622 τῇ
1372 550 1574 622 σαρκὶ,
1615 550 1703 604 ἵνα
1742 549 1816 621 μή
1863 549 2060 602 ταυτὸν

2168 560 2366 616 corpus
2401 557 2486 602 est
2519 548 2803 614 traditum,
2835 564 2904 604 ne
2938 550 3078 606 idem
3107 551 3181 604 sit
3207 552 3355 622 apud
3401 550 3567 606 Deum
3612 567 3750 621 pra--

457 648 552 717 εἴη
584 646 742 717 παρὰ
769 644 890 720 θεῷ
933 645 1063 714 τιμὴ
1088 645 1181 697 καὶ
1213 643 1455 705 κόλασις.

537 739 620 792 ιε’.
646 739 852 791 ΑΛΛΟ.
881 737 1004 790 Ὀτι
1036 735 1143 790 τῶν
1188 735 1404 804 ἑκάστῳ
1434 733 1783 804 βεϐιωμένων
1815 731 2062 798 ἐξέτασις

457 833 618 886 ἔσται
640 833 783 885 κατὰ
813 831 1006 900 καιρὸν
1029 832 1120 884 ἐπὶ
1150 829 1241 883 τοῦ
1277 813 1421 882 θείου
1447 829 1689 899 βήματος
1733 826 2064 880 ἐκδιδάσκων

456 929 486 980 ὁ
519 925 758 990 Παῦλος,
795 924 951 994 φησί·
987 923 1169 996 ιλΤοὺς
1193 925 1301 994 γὰρ
1336 924 1544 986 πάντας
1567 923 1714 993 ἡμᾶς
1744 919 2065 993 φανερωθῆ-

457 1036 551 1072 ναι
573 1019 659 1072 δεῖ
681 1017 998 1089 ἔμπροσθεν
1027 1015 1122 1070 τοῦ
1149 1015 1392 1086 βήματος
1431 1013 1526 1069 τοῦ
1555 1013 1814 1086 Χριστοῦ,
1853 1013 1938 1067 ἵνα
1974 1029 2066 1066 κο-

462 1111 698 1184 μίσηται
733 1111 971 1172 ἕκαστος
1002 1107 1072 1160 τὰ
1103 1107 1189 1162 διὰ
1218 1107 1310 1160 τοῦ
1344 1105 1620 1178 σώματος,
1669 1106 1806 1176 πρὸς
1829 1104 1863 1158 ἃ
1891 1103 2063 1175 ἔπρα-

458 1201 576 1268 ξεν,
607 1201 719 1254 εἴτε
749 1201 976 1270 ἀγαθὸν,
1008 1201 1118 1254 εἴτε
1147 1201 1371 1269 φαῦλον.
1400 1220 1418 1252 ι
1444 1200 1507 1253 Ei
1531 1199 1693 1252 δὲὲπὶ
1728 1198 1909 1268 μόνοις
1952 1198 2067 1260 τοῖς

455 1292 553 1346 διὰ
583 1292 680 1345 τοῦ
713 1294 967 1362 σώματος
997 1293 1029 1364 ἢ
1065 1292 1356 1358 κολάζεταί
1389 1309 1493 1356 τις,
1525 1293 1692 1363 ῆγουν
1713 1291 1812 1360 τῆς
1839 1288 2067 1357 δεούσης

457 1383 714 1449 ἀξιοῦται
758 1386 948 1456 τιμῆς,
1001 1387 1187 1456 μνήμη
1242 1385 1298 1438 δὲ
1350 1385 1577 1454 οὐδεμία
1621 1381 2065 1455 προγενεστέρων

463 1475 911 1546 ἁμαρτημάτων,
966 1475 1081 1531 ἀλλ’
1112 1475 1234 1528 οὐδὲ
1262 1475 1635 1546 πρεσϐύτερον
1662 1474 1761 1543 τῆς
1796 1472 2066 1540 γενέσεως

466 1567 726 1637 ἔγκλημα
756 1565 1160 1638 ζητηθήσεταιο
1215 1567 1333 1631 πῶς
1368 1567 1476 1638 ἄρα
1528 1565 1706 1638 προῆν
1747 1568 1779 1636 ἡ
1812 1564 1996 1636 ψυχῆς
2027 1564 2062 1635 ἢ

466 1659 593 1722 πῶς
628 1659 682 1724 ἐξ
703 1660 980 1730 ἁμαρτίας
1009 1659 1372 1730 ἐταπεινώθη,
1401 1659 1544 1713 κατά
1571 1677 1745 1722 τινας,
1842 1659 1937 1711 καὶ
1967 1657 2066 1728 μό-

463 1768 559 1814 νος
588 1750 830 1822 ὁρίζεται
861 1751 1052 1822 χρόνος
1077 1754 1105 1806 ὁ
1143 1753 1280 1824 μετὰ
1311 1753 1535 1825 σαρκὸς,
1572 1752 1660 1807 διὰ
1684 1751 1776 1806 τοῦ
1812 1753 1949 1822 μόνα
1971 1751 2068 1823 ζη-

456 1844 676 1898 τεῖσθαι
702 1844 772 1897 τὰ
797 1845 863 1898 δι’
898 1846 1104 1918 αὐτῆς;

535 2021 623 2085 ις’.
681 2021 890 2075 ΑΛΛΟ.
951 2022 1011 2074 Ei
1065 2022 1131 2076 ἐκ
1195 2021 1586 2095 πρεσϐυτέρων
1650 2024 2066 2096 ἁμαρτημάτων

464 2110 917 2182 ἐσωματὼθησαν
963 2113 1018 2165 αί
1059 2111 1246 2182 ψυχαὶ,
1293 2112 1411 2176 πῶς
1444 2115 1473 2166 ὁ
1512 2112 1724 2177 Παῦλος
1768 2115 1900 2185 ἡμῖν
1941 2117 2065 2168 ἐπι-

461 2202 702 2263 στέλλει,
730 2220 750 2254 ι
783 2204 1207 2274 Παραστήσατε,
1241 2221 1260 2254 ι
1283 2204 1476 2272 λέγων,
1511 2225 1530 2256 ι
1557 2205 1627 2259 τὰ
1651 2205 1882 2275 σώματα
1912 2207 1941 2260 ὐ
1951 2206 2067 2276 μῶν

457 2291 661 2348 θυσίαν
697 2293 901 2359 ζῶσαν,
937 2294 1122 2363 ἁγίαν,
1160 2294 1456 2366 εὐάρεστον
1489 2293 1567 2366 τῷ
1609 2294 1750 2365 Θεῷ.
1797 2315 1815 2346 ι
1853 2295 1918 2348 Ei
1957 2295 2066 2366 γὰρ

456 2387 524 2438 ἐν
551 2385 708 2450 τάξει
740 2388 1017 2457 τιμωρίας
1048 2377 1256 2442 δέδοται
1284 2384 1406 2453 ταῖς
1444 2388 1659 2452 ἀθλίαις
1696 2388 1920 2459 ψυχαῖς,
1951 2389 2069 2453 πῶς

457 2477 545 2542 τίς
566 2479 747 2549 ὀσμὴν
770 2480 1001 2544 εὐωδίας
1028 2483 1457 2553 παραστήσομεν
1484 2482 1624 2536 αὑτά
1651 2482 1732 2553 τῷ
1753 2483 1874 2554 Θεῷ
1893 2500 1907 2548 ;
1926 2483 2068 2537 κατὰ

456 2569 592 2624 τίνα
615 2569 674 2622 δὲ
705 2570 908 2641 τρόπον
940 2572 1237 2642 εὐάρεστον
1265 2572 1419 2625 ἔσται
1444 2573 1507 2625 τὸ
1535 2572 1602 2624 δι’
1639 2566 1702 2625 οὗ
1733 2572 2068 2646 κατακεκρί-

460 2661 641 2733 Iastia;
671 2662 706 2735 ἢ
749 2665 906 2716 ποῖον
929 2661 1070 2726 ὅλως
1093 2663 1297 2735 ἀρετῆς
1315 2663 1626 2731 ὲπιδέξεται
1652 2664 1856 2736 τρόπον
1888 2665 1950 2719 τὸ
1974 2682 2068 2719 κο-

454 2755 652 2822 λάζειν
691 2757 957 2826 πεφυκὸς,
985 2759 1080 2813 καὶ
1117 2758 1276 2830 ῥίζαν
1305 2758 1429 2830 ἔχον
1453 2758 1554 2830 τὴν
1587 2760 1898 2832 apum-(av;

533 2936 626 3001 ιζ’.
663 2937 871 2990 ΑΛΛΟ.
899 2935 1058 2991 Κατὰ
1083 2937 1266 3008 πάσης
1313 2937 1696 3010 ἐκτεινομένην
1722 2937 1822 3010 τῆς
1859 2938 2070 3010 ἀνθρὼ-

454 3046 566 3083 ποιυ
589 3028 809 3099 φύσεως
825 3029 926 3101 τὴν
959 3029 1190 3101 φθορὰν,
1210 3030 1299 3085 διὰ
1326 3029 1428 3102 τὴν
1461 3032 1518 3083 ἐν
1547 3030 1722 3100 Ἀδὰμ
1755 3030 2068 3102 παράϐασιν

465 3123 824 3177 ἰταδεικνύων
867 3125 897 3176 ὁ
925 3122 1158 3192 Παῦλος,
1190 3122 1374 3194 φησίν·
1413 3142 1433 3176 ι
1487 3123 1624 3178 Ἀλλ’
1669 3123 2015 3177 ἐϐασίλευσεν
2041 3126 2070 3177 ὁ

2167 633 2336 688 mium
2361 643 2414 690 et
2440 651 2622 706 pretia.

2240 731 2328 785 i5.
2364 732 2596 788 ALIUD.
2625 733 2831 789 Eorum
2867 750 2990 806 quae
3021 735 3260 807 quisque
3292 736 3348 791 in
3383 736 3493 790 vita
3522 739 3754 806 patrarit

2166 821 2468 893 aliquando
2497 825 2944 896 disquisitionem
2990 827 3102 882 fore
3147 827 3293 899 apud
3359 826 3451 883 Dei
3509 829 3754 884 tribunal

2165 913 2370 971 Paulus
2393 917 2653 982 edocens,
2687 920 2801 976 ait:
2844 937 2864 970 ι
2921 917 3126 975 Omnes
3183 920 3330 974 enim
3379 936 3483 976 nos
3524 919 3756 976 manife-

2167 1011 2304 1065 stari
2329 1019 2544 1082 oportet
2568 1020 2695 1068 ante
2727 1011 2968 1066 tribunal
2991 1011 3196 1066 Clu-isti
3221 1051 3234 1076 ,
3267 1021 3325 1065 ut
3347 1011 3547 1066 referat
3583 1029 3756 1066 unus-

2167 1101 2402 1172 quisque
2434 1103 2652 1172 propria
2671 1101 2942 1172 corporis,
2975 1107 3136 1171 prout
3159 1101 3352 1171 gessit,
3380 1103 3494 1154 sive
3524 1101 3752 1164 bonum,

2168 1191 2286 1244 sive
2310 1191 2511 1244 malum
2541 1192 2582 1245 ⁸.
2630 1211 2650 1245 ι
2684 1191 2740 1246 Si
2766 1205 2899 1245 vero
2932 1206 3032 1264 pro
3061 1191 3193 1245 solis
3217 1193 3467 1256 corporis
3495 1186 3757 1261 operibus

2167 1283 2394 1352 punitur
2442 1285 2663 1354 aliquis,
2701 1292 2796 1339 aut
2846 1300 2947 1354 pro
3005 1301 3070 1339 eo
3127 1299 3190 1339 ac
3221 1284 3381 1347 decet
3426 1284 3755 1350 honoratur,

2168 1376 2320 1430 nulla
2352 1384 2533 1430 autem
2561 1378 2986 1447 prteeedentium
3028 1386 3377 1448 peccatorum
3420 1379 3628 1431 mentio
3665 1377 3758 1433 l'u-

2169 1476 2292 1524 tura
2324 1479 2427 1531 est,
2473 1485 2576 1525 nec
2620 1471 2674 1524 in
2716 1486 2779 1526 ea
2825 1486 2947 1540 quae
2987 1480 3115 1525 ante
3153 1485 3360 1541 corpus
3399 1463 3569 1541 geSta
3627 1478 3758 1525 sunt

2170 1559 2482 1631 inquiretur
2508 1581 2520 1616 :
2557 1564 2835 1632 quomodo
2864 1579 3002 1633 ergo
3027 1573 3156 1618 ante
3184 1579 3387 1634 corpus
3417 1563 3520 1617 i'uit,
3551 1563 3756 1629 anima,

2170 1661 2265 1707 aut
2295 1653 2573 1723 quomodo
2622 1655 2884 1724 depressa
2918 1663 3002 1722 est
3049 1654 3120 1707 ob
3178 1664 3485 1724 peccatum,
3523 1662 3580 1708 ut
3613 1668 3759 1708 non-

2171 1745 2305 1800 nttlli
2333 1746 2549 1809 volunt,
2586 1746 2672 1799 cui
2730 1756 2948 1816 tempus
3005 1747 3386 1800 tantummodo
3436 1746 3568 1799 illud
3630 1761 3756 1800 cum

2171 1853 2337 1894 carne
2371 1838 2752 1910 praescribitur
2772 1854 2838 1893 ex
2867 1853 2933 1894 eo
2964 1839 3110 1908 quod
3136 1853 3199 1893 ea
3231 1838 3583 1902 solummodo
3607 1853 3754 1908 quae-

2169 1940 2365 1986 runtur
2394 1947 2515 2001 qute
2533 1947 2630 2000 per
2659 1947 2882 1986 carnem
2910 1931 3176 1994 admisit?
3812 2000 3824 2008 _

2237 2018 2324 2073 I6.
2353 2018 2587 2074 ALIUD.
2623 2019 2680 2074 Si
2715 2019 2786 2074 ob
2833 2021 3109 2090 praeterita
3157 2027 3382 2090 peccata
3425 2017 3773 2087 corporibus-

2166 2110 2398 2166 addictae
2423 2121 2553 2166 sunt
2582 2112 2797 2176 animae,
2819 2112 3100 2182 quomodo
3120 2110 3326 2169 Paulus
3344 2110 3503 2165 nobis
3525 2111 3740 2166 scribit:

2172 2223 2190 2256 σ
2228 2204 2496 2260 Evhibete
2524 2221 2759 2276 corpora
2793 2213 2971 2261 vestra
3004 2207 3238 2262 hostiam
3270 2205 3573 2269 viventem,
3623 2219 3755 2260 san-

2167 2304 2337 2360 ctam,
2372 2297 2481 2353 Deo
2516 2298 2822 2368 placentem
2849 2299 2889 2352 ⁸.
2935 2317 2954 2350 ι
2995 2297 3054 2352 Si
3088 2298 3235 2351 enim
3269 2296 3337 2350 ad
3376 2310 3596 2366 poenam
3627 2298 3756 2358 data

2167 2395 2296 2444 sunt
2321 2402 2556 2458 corpora
2583 2389 2800 2445 miseris
2821 2388 3134 2454 animabus,
3153 2389 3431 2459 quomodo
3451 2389 3505 2443 in
3529 2389 3754 2444 odorem

2165 2481 2455 2536 suavitatis
2499 2495 2563 2536 ea
2616 2480 2728 2537 Deo
2779 2480 3218 2537 exhibebimus?
3269 2487 3364 2535 aut
3427 2495 3540 2552 quo
3596 2488 3758 2550 pacto

2167 2583 2382 2642 gratum
2412 2580 2469 2628 et
2519 2581 2807 2644 acceptum
2849 2574 2957 2628 erit
2989 2573 3130 2630 illud
3164 2585 3262 2644 per
3313 2571 3464 2644 quod
3510 2572 3757 2627 damnati

2167 2667 2408 2722 sumus?
2445 2675 2543 2722 aut
2570 2681 2741 2738 quam.
2764 2667 2992 2728 virtutis
3011 2669 3282 2731 rationem
3318 2665 3639 2723 habiturum
3670 2674 3760 2722 est

2168 2760 2221 2815 id
2247 2760 2392 2830 quod
2427 2775 2604 2830 pmnae
2631 2769 2685 2816 et
2715 2761 2993 2834 supplicio
3030 2761 3194 2818 nobis
3249 2767 3356 2826 est,
3398 2766 3453 2815 et
3482 2760 3570 2814 cui
3600 2759 3755 2825 radix

2167 2860 2254 2908 est
2285 2860 2572 2922 peccatum
2596 2852 2621 2906 ?

2240 2943 2328 2996 I7.
2371 2941 2606 2998 ALIUD.
2638 2941 3063 3014 Corruptionem
3095 2959 3194 3014 per
3230 2944 3544 2999 universam
3577 2942 3759 2998 humi-2

2177 3036 2264 3090 nis
2315 3043 2566 3089 naturam
2596 3043 2879 3090 extensam
2913 3037 2986 3092 ob
3028 3036 3141 3114 84
3165 3036 3661 3106 transgressionem
3698 3037 3756 3098 iu

2169 3125 2340 3180 Adam
2374 3126 2578 3182 Paulus
2609 3129 2929 3194 ostendens,
2969 3129 3039 3182 ait
3071 3147 3084 3183 :
3117 3147 3136 3180 ι
3178 3126 3284 3183 Sed
3320 3131 3571 3200 regnavit
3606 3144 3757 3188 mors

428 3212 430 3214 ⁷
456 3216 700 3280 θάνατος
715 3215 826 3270 ἀπὸ
867 3217 1038 3288 Ἀδὰμ
1069 3217 1232 3288 μέχρι
1259 3216 1530 3281 Μωσέως,
1570 3217 1666 3270 καὶ
1696 3217 1789 3270 ἐπὶ
1820 3217 1947 3279 τοὺς
1992 3214 2066 3287 μὴ

2172 3218 2243 3273 ab
2272 3219 2442 3273 Adam
2477 3235 2654 3290 usque
2695 3219 2762 3273 ad
2795 3218 3046 3292 Moysen,
3083 3221 3247 3278 etiam
3283 3220 3339 3277 in
3384 3236 3480 3276 eos
3510 3221 3602 3291 qui
3646 3237 3758 3282 non

457 3310 921 3382 ἁμαρτήσαντας,
965 3311 1058 3364 ἐπὶ
1080 3309 1159 3381 τῷ
1193 3309 1506 3381 ὁμοιώματι
1551 3311 1650 3381 τῆς
1696 3309 2066 3381 παραϐάσεως

460 3401 560 3455 τοῦ
606 3401 799 3473 Ἀδάμ.
837 3419 855 3453 ι
899 3403 1024 3467 Πῶς
1071 3398 1166 3458 οὖν
1201 3404 1309 3475 ἄρα
1354 3403 1510 3474 φησὶ,
1551 3403 1647 3456 καὶ
1688 3402 1780 3454 ἐπὶ
1818 3402 1944 3465 τοὺς
1991 3399 2066 3473 μή

456 3493 899 3564 ἁμαρτήσαντας
964 3493 1273 3564 βασιλεύειν
1329 3495 1422 3547 τὸν
1461 3495 1712 3559 θάνατον,
1783 3493 1942 3565 εἴπερ
2002 3495 2067 3547 ὲκ

460 3583 861 3654 πρεσϐυτέρων
893 3586 1310 3658 ἁμαρτημάτων
1337 3585 1398 3638 τδ
1422 3586 1766 3656 ἀποθνῆσκον
1812 3588 1946 3656 ἡμῖν
1959 3579 2065 3641 ’δὲ-

459 3674 616 3729 δοται
645 3674 836 3745 amita;
879 3675 990 3738 Ποῦ
1023 3676 1132 3748 γὰρ
1167 3677 1306 3738 ὅλως
1333 3677 1384 3729 oi
1433 3677 1506 3748 μὴ
1537 3678 1980 3749 ἁμαρτήσαντες,
2016 3681 2066 3734 εί

458 3766 590 3837 δίκη
614 3768 976 3836 πταισμάτων
1015 3770 1047 3838 ή
1082 3769 1375 3843 σάρκωσις,
1406 3769 1501 3821 καὶ
1521 3768 1581 3821 τὸ
1613 3771 1671 3821 ὲν
1701 3768 1836 3838 τῷδε
1857 3767 1935 3840 τῷ
1965 3768 2066 3840 βίῳ

461 3855 724 3925 γενέσθαι
801 3857 940 3928 μετὰ
1003 3857 1287 3922 σώματος,
1353 3858 1758 3928 προανατέλλον
1816 3858 1930 3929 ἔχει
2003 3860 2068 3913 τὸ

461 3948 761 4018 Extaque;
807 3951 861 4003 Ἀ
873 3950 1042 4020 μαθὲς
1077 3946 1173 4003 οὖν
1199 3950 1308 4020 ἄρα
1337 3948 1444 4002 τῶν
1483 3949 1549 4002 δι’
1571 3950 1822 4014 ἐναντίας
1839 3950 1901 4002 τὸ
1929 3951 2066 4020 πρό-

459 4040 566 4112 ϐλη
577 4042 692 4110 μα.⁸

559 4131 632 4204 η’.
657 4129 866 4186 ΑΛΛΟ.
892 4133 1252 4204 Προσήγαγόν
1285 4149 1414 4186 ποτε
1446 4130 1524 4205 τῷ
1547 4133 1760 4204 Σωτῆρι
1791 4133 1986 4190 πεῦσιν
2013 4149 2044 4186 o

463 4225 717 4296 μαθηταὶ
755 4225 887 4296 περί
930 4242 1075 4288 τινος
1113 4225 1224 4278 τῶν
1261 4227 1327 4278 ἐκ
1355 4226 1581 4296 γενετῆς
1610 4225 1850 4296 τυφλῶν,
1883 4226 1978 4279 καὶ
2000 4224 2065 4297 δὴ

461 4319 560 4373 καὶ
593 4318 852 4384 ἔφασκον·
875 4337 893 4370 ι
928 4317 1138 4381 Ῥαϐϐὶ,
1159 4319 1243 4380 τίς
1271 4318 1538 4389 ἥμαρτεν,
1556 4313 1730 4382 οὗτος,
1758 4318 1790 4388 ἢ
1816 4320 1864 4371 oi
1888 4321 2068 4388 γονεῖς

455 4410 657 4471 αὐτοῦ,
691 4411 778 4462 ἴνα
804 4409 1004 4478 τυφλὸς
1030 4409 1264 4480 γεννηθῇ
1291 4427 1305 4474 ;
1347 4427 1366 4460 ι
1403 4409 1618 4480 Ἐπειδὴ
1643 4408 1751 4478 γὰρ
1777 4412 1836 4480 ἐν
1859 4426 2064 4480 προφη·

457 4505 640 4565 τικοϊς
667 4501 1081 4572 ἀναγέγραπται
1100 4500 1279 4570 λόγοις
1306 4499 1434 4571 περὶ
1465 4499 1624 4562 Θεοῦ,
1649 4503 1726 4563 ὼς
1759 4500 1906 4554 ἐστιν
1935 4503 2066 4555 ἀπο-

2171 3319 2585 3379 peccaverunt,
2651 3310 2707 3365 in
2781 3312 3207 3366 similitudinem
3281 3313 3758 3383 praevaricationis

2169 3401 2299 3454 Adae
2315 3400 2359 3453 ⁷.
2395 3419 2414 3452 ι
2460 3399 2752 3467 Quomodo
2787 3403 2960 3474 igitur
3001 3405 3076 3457 ait
3111 3413 3346 3459 mortem
3382 3404 3629 3460 etiamin
3661 3420 3759 3469 eos

2169 3505 2402 3560 regnare
2457 3492 2548 3561 qui
2609 3507 2720 3546 non
2785 3501 3177 3563 peccaverunt,
3243 3494 3288 3547 si
3341 3508 3407 3548 ex
3461 3494 3761 3564 prmteritia

2168 3586 2413 3656 peccatis
2469 3586 2703 3642 mortale
2762 3585 2924 3640 nobis
2967 3601 3172 3656 corpus
3229 3587 3420 3641 datum
3477 3586 3606 3641 est?
3652 3584 3756 3652 Ubi

2167 3677 2313 3731 enim
2338 3679 2606 3745 gentium,
2627 3684 2838 3748 quaeso,
2867 3684 2998 3733 sunt
3020 3677 3098 3730 illi
3123 3677 3216 3747 qui
3233 3692 3341 3731 non
3363 3687 3755 3754 peccaverunt,

2169 3769 2213 3823 si
2251 3778 2604 3838 peccatorum
2635 3784 2799 3839 poena
2828 3777 2914 3825 est
2947 3770 3147 3823 animae
3187 3781 3312 3822 cum
3347 3782 3580 3837 corpore
3621 3783 3752 3824 con-

2163 3861 2402 3930 iunctio,
2433 3871 2490 3917 et
2528 3862 2807 3916 sarcinam
2843 3863 3092 3930 corporis
3123 3863 3176 3914 in
3223 3861 3326 3915 hac
3359 3861 3470 3915 vita
3515 3869 3757 3931 gestare,

2167 3955 2532 4024 praecedentis
2578 3968 2739 4024 paena
2771 3961 2858 4008 est
2912 3953 3173 4022 peccati?
3217 3952 3405 4022 Inepta
3475 3952 3644 4022 igitur
3672 3963 3757 4008 est

2168 4036 2612 4102 adversariorum
2650 4045 2972 4116 propositio;

2239 4138 2326 4192 18.
2392 4135 2624 4191 ALIUD.
2687 4136 2952 4206 Discipuli
3003 4134 3285 4190 Christum
3341 4135 3756 4205 interrogarent

2168 4230 2466 4301 aliquando
2488 4230 2556 4286 de
2583 4243 2730 4284 cmro
2751 4229 2987 4300 quodam
3020 4245 3048 4289 a
3074 4229 3386 4291 nativitate,
3419 4229 3504 4282 his
3529 4229 3713 4283 verbis
3740 4249 3751 4282 :

2174 4340 2194 4374 ι
2234 4319 2434 4386 Rabbi,
2492 4321 2619 4390 quis
2655 4321 2950 4390 peccavit,
2989 4318 3100 4383 hic,
3157 4325 3249 4372 aut
3302 4327 3564 4389 parentes
3610 4318 3754 4388 ejus,

2169 4422 2228 4467 ut
2270 4428 2449 4467 caicus
2481 4410 2892 4468 nasceretur'?
2927 4430 2946 4462 ι
2991 4409 3130 4464 Cum
3179 4410 3328 4464 enim
3381 4411 3652 4479 scriptqu
3684 4413 3758 4464 sit

2170 4508 2224 4561 in
2254 4507 2647 4578 prophetarum
2688 4505 2852 4561 libris
2901 4505 2971 4560 de
3024 4504 3159 4566 Deo,
3218 4504 3396 4578 ipsum
3442 4504 3760 4559 retribuere

457 4588 642 4657 διδοὺς
676 4593 950 4664 ἁμαρτίας
971 4593 1224 4665 πατέρων
1255 4593 1348 4646 ἐπὶ
1364 4593 1550 4658 τέκνα,
1599 4592 1758 4646 τοῦτο
1798 4592 2065 4656 πεπονθέ-

2170 4606 2394 4670 peccata
2428 4606 2645 4669 patrum
2689 4598 2743 4651 in
2785 4596 2930 4652 Iilios
2951 4597 2998 4660 ³,
3038 4595 3196 4651 istud
3251 4596 3504 4651 accidere
3548 4596 3756 4650 homini

456 4705 555 4742 ναι
585 4687 679 4740 τὸν
713 4687 999 4755 ἄνθρωπον
1039 4686 1303 4740 ὐπνόουν
1322 4687 1373 4738 ei
1398 4685 1661 4756 μαθηταί.
1687 4683 1752 4738 Τί
1797 4682 1892 4738 οὖν
1925 4685 2063 4757 πρὸς

457 4778 644 4835 ταῦτα
669 4778 905 4849 Χριστός
926 4795 941 4844 ;
963 4797 980 4829 t
1017 4778 1188 4850 Ἀμὴν
1216 4778 1364 4846 λέγω
1389 4779 1538 4848 ὑμῖν,
1557 4775 1682 4831 οὔτε
1709 4771 2064 4852 οὖτοςῆμαρ-

456 4889 584 4937 τεν,
629 4871 757 4926 οὔτε
795 4874 846 4926 oi.
893 4875 1075 4941 γονεῖς
1117 4871 1309 4939 αὑτοῦ,
1344 4871 1461 4925 ἀλλ’
1516 4872 1604 4924 ῑνα
1649 4870 1941 4942 φανερωθῇ
1995 4869 2065 4926 τὰ

455 4965 610 5035 ἔργα
657 4963 752 5018 τοῦ
819 4964 958 5018 Θεοῦ
1019 4968 1078 5017 ἐν
1112 4963 1280 5035 αὐτῷ.
1321 4981 1340 5015 ι
1391 4961 1518 5028 Πῶς
1555 4958 1650 5018 οῦν
1699 4962 1806 5028 ἔξω
1849 4963 2064 5033 τίθησιν

455 5058 749 5130 ἁμαρτίας
762 5059 981 5121 αὐτοὺς,
1018 5057 1198 5110 καίτοι
1229 5055 1306 5127 μὴ
1337 5054 1492 5121 Bm;
1528 5055 1897 5126 ἀνεγκλήτους
1919 5054 2064 5109 κατὰ

451 5152 555 5206 τὸν
587 5151 703 5220 βίον
728 5166 743 5214 ;
771 5150 1086 5221 ’Ἄνθρωποι
1126 5149 1232 5220 γὰρ
1269 5147 1454 5218 ὀντες,
1494 5147 1668 5218 ἔνοχοί
1698 5164 1802 5200 που
1844 5148 2063 5212 πάντως

452 5241 610 5317 ἦσαν
643 5244 740 5306 καὶ
799 5244 1160 5313 πταίσμασιν.
1210 5241 1352 5295 Ἀλλ’
1390 5241 1510 5298 ἐστι
1554 5241 1820 5314 πρόδηλόν
1859 5259 1919 5295 τε
1967 5242 2064 5295 καὶ

457 5335 776 5406 συμφανὲς,
825 5335 1020 5405 ὅτιπερ
1056 5337 1084 5388 ὀ
1115 5335 1273 5404 λόγος
1316 5337 1396 5398 εἰς
1425 5334 1516 5386 τὸν
1545 5335 1654 5406 πρὸ
1677 5337 1772 5405 τῆς
1797 5336 2065 5404 γενέσεως

457 5429 757 5485 ἀναϐαίνει
810 5429 1026 5500 καιρὸν,
1079 5428 1203 5490 καθ’
1249 5428 1318 5482 ὃν
1362 5427 1516 5482 οὔπω
1567 5429 1876 5498 γεγονότες,
1939 5428 2063 5481 οὐδὲ

459 5520 804 5594 ἡμάρτανον,
845 5521 936 5574 ἵνα
963 5521 1060 5572 καὶ
1083 5519 1324 5593 ἀληθεύῃ
1356 5520 1610 5591 Χριστός.

540 5615 632 5669 ιϐ’.
665 5614 872 5668 ΑΛΛΟ.
921 5613 980 5666 '0
1019 5613 1289 5684 μακάριος
1337 5617 1626 5685 προφήτης
1673 5616 1925 5682 Ἡσαΐας,
1963 5615 2064 5688 τὴν

453 5708 650 5766 αἰτίαν
687 5706 782 5761 τοῦ
821 5705 1154 5776 πεποιῆσθαι
1196 5708 1296 5779 τὴν
1323 5708 1430 5779 γῆν
1467 5706 1856 5778 ἐξηγούμενος,
1895 5729 1913 5760 ι
1951 5709 2064 5763 Οὐκ

494 5883 536 5942 ."
601 5889 640 5948 Il
680 5888 811 5944 Cor.
850 5888 1022 5952 ν,1θ.
1103 5889 1122 5919 ⁸
1163 5887 1324 5944 Ilom.
1359 5905 1472 5952 xu,
1513 5890 1561 5943 I.
1640 5890 1659 5920 ’⁷
1697 5887 1857 5947 Rom.
1893 5907 1962 5960 ν,
2001 5891 2089 5949 Μ.

2167 4690 2426 4760 discipuli
2469 4689 2920 4759 suspicabamur.
2956 4686 3100 4754 Quid
3135 4701 3272 4756 ergo
3306 4683 3371 4738 ad
3433 4685 3549 4738 hate
3597 4685 3760 4739 Citri-

2168 4783 2335 4838 stus?
2364 4800 2382 4832 ι
2422 4781 2596 4841 Amen
2627 4780 2753 4834 dico
2789 4779 2969 4840 vobis,
3002 4791 3182 4846 neque
3219 4776 3307 4830 hic
3352 4774 3624 4844 peccavit,
3661 4789 3760 4830 ne-

2167 4889 2272 4946 que
2307 4885 2561 4944 parentes
2596 4873 2756 4940 ejus:
2791 4869 2973 4927 sed-ut
3006 4867 3432 4931 manifestcutur
3457 4881 3626 4936 opera
3662 4865 3758 4928 Dei

2170 4970 2222 5023 in
2255 4969 2349 5022 illo
2378 4967 2441 5020 '°.
2491 4985 2510 5017 ι
2555 4962 2844 5039 Quomodo
2899 4962 3067 5034 igitur
3105 4960 3314 5031 peccati
3346 4967 3604 5029 expertes
3633 4959 3762 5019 illos

2171 5064 2266 5125 ait,
2306 5059 2560 5131 quamvis
2591 5056 2644 5110 in
2688 5055 2798 5113 vita
2826 5054 3257 5123 reprehensione
3291 5067 3404 5107 non
3468 5051 3766 5108 carerent?

2169 5151 2331 5216 Nam,
2361 5151 2614 5205 homines
2648 5163 2774 5204 cum
2800 5146 3259 5208 essent,o~buosii
3292 5147 3486 5217 utique
3519 5145 3762 5216 peccatis

2170 5253 2349 5298 erant.
2378 5241 2543 5312 Atqui
2573 5238 2936 5295 manifestum
2967 5245 3056 5292 est
3085 5235 3306 5292 Domini
3345 5237 3511 5292 verba
3548 5235 3760 5291 intelli-

2171 5333 2348 5405 gentia
2377 5348 2502 5387 esse
2531 5332 2601 5388 de
2626 5343 2879 5402 tempore
2911 5329 3056 5401 quod
3084 5329 3427 5383 nativitatem
3454 5325 3758 5395 praecessit,

2173 5443 2306 5498 quo,
2342 5442 2468 5482 cum
2503 5425 2750 5482 nondum
2785 5433 3001 5489 essent,
3028 5425 3104 5478 ita
3137 5437 3317 5491 neque
3353 5422 3679 5489 pecearunt,
3700 5423 3762 5469 ut

2174 5537 2300 5578 vera
2325 5537 2544 5593 quoque
2575 5521 2784 5577 Christi
2825 5521 2896 5575 sit
2917 5518 3119 5574 oratio.

2247 5614 2334 5674 19.
2362 5613 2593 5669 ALIUD.
2627 5614 2831 5667 Beatus
2867 5611 3134 5681 propheta
3179 5604 3376 5666 Isaias.
3408 5615 3636 5656 causam
3687 5601 3762 5663 ob

2174 5723 2340 5779 quam
2379 5716 2526 5762 terra
2563 5706 2709 5761 facta
2751 5705 2823 5758 sit
2852 5715 3179 5773 exponens:
3211 5715 3230 5749 ι
3292 5693 3412 5751 Non
3449 5693 3678 5754 frustra,
3735 5713 3760 5759 ι

2166 5891 2190 5924 ⁸
2225 5889 2387 5949 Ιοιιιι.
2425 5904 2514 5953 1x,
2547 5888 2600 5940 ‘2.
2678 5889 2697 5919 θ
2745 5883 2901 5947 Deut.
2938 5897 3039 5948 x-x,
3077 5880 3130 5937 5.
3211 5879 3256 5912 “
3290 5875 3450 5940 Joan.
3484 5891 3564 5944 ιιι,
3592 5875 3652 5944 ᾖ,
