4156 6510
481 404 500 459 i
517 406 586 461 45

1597 400 1666 460 LV
1693 399 1984 459 JOANNIS
2022 397 2475 460 EVANGELIUM
2515 404 2640 460 LIB.
2666 404 2705 461 Ι.

3673 413 3731 464 l-'-.
3745 411 3776 464 6

489 519 656 573 tum
689 520 783 572 καὶ
823 518 988 572 πάλιν
1032 517 1249 588 εἰσῆλθε
1276 518 1366 572 διὰ
1397 518 1500 588 τῆς
1540 520 1817 590 ἁμαρτίας
1851 521 1878 572 ὁ
1906 518 2070 572 θάνα-

2187 516 2416 573 invenit.
2461 519 2567 574 Sed
2595 529 2650 575 et
2679 536 2774 589 per
2804 534 3090 590 peccatum
3118 541 3268 579 mors
3305 542 3498 580 mursns
3527 544 3773 597 ingressa

471 628 570 675 τος
599 631 606 638 ·
642 611 780 683 αὑτὴ
825 610 1121 682 τοιγαροῦν
1154 611 1278 666 καθ’
1309 611 1511 683 ἑαυτῆς
1553 613 1586 682 ή
1622 612 1867 683 ἁμαρτία
1895 611 2082 664 λοιπὸν

470 703 842 770 ἐξοπλίζουσα
891 703 1172 773 φαίνεται,
1215 703 1419 757 λύουσα
1465 706 1579 767 τοῖς
1624 704 1876 775 ὑστέροις
1919 701 1991 756 τὰ
2021 703 2080 755 ὲν

470 797 664 867 ἀρχῇ,
712 796 806 850 καὶ
854 798 884 850 ὁ
930 798 1175 860 Σατανᾶς
1231 797 1317 866 ἐφ’
1368 796 1548 868 ἑαυτῷ
1607 797 1937 868 μεμέρισται
1990 794 2079 849 διὰ

467 888 664 941 τοῦτο.
707 906 726 938 ι
773 887 898 952 Πῶς
947 884 1042 942 οὖν
1094 889 1423 960 σταθήσεται
1460 891 1492 959 ή
1536 888 1785 958 βασιλεία
1816 887 2021 954 αὑτοῦ,
2054 908 2071 940 ι

473 981 629 1036 κατὰ
660 981 763 1053 τήν
801 980 897 1034 τοῦ
939 981 1192 1052 Σωτῆρος
1229 984 1447 1053 φωνήν;
1499 981 1659 1035 Ἀλλὰ
1698 981 1802 1052 μὴν
1843 981 1902 1034 τὸ
1934 980 2079 1035 οὕτω

468 1077 642 1141 νοεῖν,
683 1073 967 1130 ἀπίθανον·
1007 1073 1206 1143 ἀληθὲς
1239 1069 1331 1128 οὖν
1359 1074 1468 1146 ἄρα
1501 1074 1560 1126 τὸ
1593 1074 1856 1127 ἐναντίον.

547 1168 648 1223 κδ’.
689 1167 895 1228 ΔΛΛΟ.
936 1169 1160 1222 "Emtae
1193 1168 1324 1232 Θεὸς
1361 1170 1418 1221 ὲν
1453 1168 1736 1239 ἀφθαρσίᾳ
1777 1167 1844 1221 τὰ
1876 1166 2073 1220 πάντα.

473 1280 494 1312 ι
539 1261 654 1314 Καὶ
687 1259 922 1314 θάνατον
967 1261 1065 1331 μὲν
1095 1261 1196 1314 οὐκ
1229 1261 1490 1330 ἐποίησεν
1522 1260 1705 1323 αὐτὸς,
1750 1280 1767 1310 ι
1803 1258 1985 1328 φθόνῳ
2018 1257 2074 1310 δὲ

464 1353 726 1408 διαϐόλου
746 1351 974 1416 Θάνατος
999 1352 1248 1424 εἰσῆλθεν
1270 1355 1348 1415 εἰς
1372 1353 1462 1405 τὸν
1487 1353 1712 1424 κόσμον.
1753 1353 1892 1405 Ἀλλ’
1916 1353 2076 1422 εἴπερ

467 1446 629 1501 ἐστὶν
651 1445 876 1516 ἀληθὲς,
906 1443 983 1509 ὡς
1017 1447 1074 1498 ὲν
1104 1445 1256 1509 τάξει
1284 1445 1558 1516 τιμωρίας
1579 1446 1790 1498 δέδοται
1823 1444 1885 1497 τὸ
1913 1443 2073 1514 σῶμα

474 1543 546 1612 τῇ
575 1539 670 1594 τοῦ
701 1538 994 1610 ἀνθρώπου
1034 1539 1215 1611 ψυχῇ,
1262 1540 1352 1593 διὰ
1388 1539 1547 1592 ποίαν
1580 1539 1760 1593 αἰτίαν
1782 1577 1796 1602 ,
1829 1531 1874 1590 ὦ
1903 1533 2070 1600 οὗτοι,

475 1633 573 1685 ’τὸν
596 1631 686 1686 τοῦ
710 1631 962 1686 διαὸόλου
992 1633 1188 1702 φθόνον
1219 1632 1606 1703 αἰτιασόμεθα.
1635 1631 1696 1685 τὸ
1728 1631 1906 1701 πέρας
1940 1632 2073 1701 ἡμῖν

473 1724 590 1777 τῶν
621 1725 980 1796 ἀνθρωπίνων
1014 1726 1361 1796 εἰσφέροντα,
1409 1727 1502 1780 καὶ
1539 1726 1600 1779 τὸ
1648 1725 1882 1790 κολάζον
1923 1727 2072 1798 ἡμᾶς

468 1817 812 1886 ἀφανίζοντα
853 1819 1053 1889 aliqu;
1099 1819 1192 1870 ἐπὶ
1225 1819 1336 1871 τίσι
1366 1818 1424 1872 δὲ
1455 1819 1588 1883 ὅλως
1617 1817 1966 1890 ἀναθήσομεν
1996 1820 2072 1890 τῷ

2185 620 2268 665 est
2303 614 2359 666 iu
2395 613 2662 667 minutum
2693 613 2736 645 ιδ
2764 632 2776 667 :
2807 615 2986 683 ipsum
3013 631 3148 685 ergo
3179 625 3468 685 peccatum
3501 628 3772 672 armatum

2185 704 2240 758 in
2282 720 2410 761 sese
2446 705 2670 761 videtur
2699 722 2842 770 esse,
2871 710 3278 778 posterioribus
3311 711 3498 780 priora
3529 713 3772 774 solvens.

2181 805 2236 853 et
2263 796 2496 855 Satanas
2525 800 2578 854 in
2605 801 2847 870 seipsum
2872 810 3166 872 propterea
3193 803 3408 861 divisus
3432 812 3536 858 est.
3575 824 3594 856 ‹
3627 804 3776 872 Quo.

2183 891 2347 945 modo
2382 908 2517 962 ergo
2541 894 2709 947 stabit
2743 910 2968 963 regnum
2993 895 3115 965 ejus
3137 896 3203 958 ”,
3238 915 3256 947 ι
3289 896 3445 965 juxta
3475 896 3776 955 Salvatoris

2179 984 2388 1040 dic-tum
2414 989 2437 1041 ?
2464 989 2578 1059 86
2607 989 2772 1059 Atqui
2827 991 2931 1045 hoc
2980 991 3307 1046 incredibile
3353 992 3598 1063 cogitatu
3645 1001 3773 1050 est:

2179 1091 2371 1131 verum
2390 1094 2521 1147 ergo
2553 1081 2920 1133 contrarium.

2249 1169 2341 1224 24.
2368 1168 2602 1224 ALIUD.
2623 1170 2819 1226 Omnia
2843 1173 3056 1228 creavit
3083 1173 3228 1228 Deus
3255 1148 3771 1246 ln'incorrnptione,

2183 1278 2201 1311 ι
2235 1259 2300 1314 Ει
2331 1273 2563 1318 mortem
2604 1265 2826 1334 quidem
2869 1281 2978 1320 non
3018 1264 3146 1321 fecit
3183 1267 3300 1336 ipse
3327 1268 3390 1330 “,
3418 1287 3435 1320 ι
3466 1269 3559 1324 sed
3585 1287 3604 1320 ι
3638 1270 3778 1323 invi-

2175 1351 2267 1405 dia
2279 1353 2486 1408 diaboli
2503 1370 2652 1410 mors
2671 1357 2895 1410 intravit
2909 1357 2962 1410 in
2981 1357 3243 1412 mundum
3263 1359 3347 1412 η’.
3363 1379 3378 1411 ι
3394 1359 3498 1414 Sed
3515 1363 3558 1414 si
3585 1375 3772 1417 verum

2175 1450 2260 1498 est
2291 1459 2496 1514 corpus
2526 1447 2715 1510 datum
2741 1464 2865 1504 esse
2897 1449 2962 1504 ad
3007 1465 3225 1519 pinnam
3265 1451 3510 1507 hominis
3556 1455 3774 1518 animae,

2175 1551 2342 1606 quam
2372 1539 2444 1593 ob
2473 1554 2721 1605 causam,
2760 1557 2950 1614 quaeso
2986 1558 3104 1606 vos,
3174 1544 3379 1600 diaboli
3421 1547 3776 1617 culpabimus

2176 1629 2440 1684 invidiam
2477 1633 2569 1701 qui
2599 1631 2762 1688 linem
2806 1617 2966 1688 nobis
2993 1634 3152 1690 atfert
3185 1636 3558 1693 humanorum
3595 1642 3768 1694 malo-

2175 1736 2320 1788 rum,
2355 1731 2408 1776 et
2433 1737 2635 1793 corpus
2660 1725 2804 1780 delet
2832 1727 2978 1796 quod
3013 1729 3270 1798 supplicii
3305 1730 3425 1793 loco
3459 1731 3621 1784 nobis
3650 1731 3776 1784 est?

2176 1832 2319 1886 quas
2355 1817 2425 1871 oh
2447 1832 2536 1872 res
2556 1833 2687 1872 vero
2721 1817 3017 1885 Salvatori,
3042 1835 3252 1891 quaeso,
3283 1823 3490 1892 gratias
3523 1838 3770 1892 agemus,

468 1875 695 1981 Σωτῆρι
724 1911 792 1964 τὰ
822 1875 1187 1984 χαρίστήρια,
1223 1875 1655 1984 πῳσδεσμοῦντι
1706 1875 1877 1966 πάλιν.
1923 1875 2072 1984 ἡμᾶς

2187 1926 2282 1965 nos
2307 1925 2405 1980 per
2432 1912 2903 1966 resurrectionem
2935 1929 3129 1968 rursus
3149 1915 3478 1984 corporibus
3505 1914 3777 1983 illiganti?

466 2005 535 2075 τῇ
577 2004 746 2074 σαρκὶ
781 2003 870 2056 διὰ
904 2004 1004 2074 τῆς
1045 2004 1427 2069 ἀναστάσεωςς
1473 2004 1634 2058 Ἀλλὰ
1683 2003 1791 2076 μὴν
1847 2007 2073 2077 εὐχαρι-

475 2095 710 2166 στοῦμεν
737 2137 750 2159 ,
794 2096 887 2148 καὶ
918 2095 1193 2166 λελύπηκε
1249 2097 1347 2169 τὴν
1397 2097 1560 2166 φύσιν
1596 2099 1626 2151 ὁ
1674 2096 1770 2150 τοῦ
1823 2097 2073 2152 διαϐόλου

470 2186 674 2256 φθόνος
702 2228 716 2249 ,
769 2188 1112 2259 προξενήσεις
1165 2192 1281 2253 τοῖς
1320 2175 1536 2260 σώμασι
1582 2189 1681 2260 τὴν
1724 2189 1954 2262 φθοράν.
1996 2193 2072 2246 Οὐ

471 2283 680 2353 τρόπος
728 2282 837 2352 ἄρα
887 2283 1164 2352 τιμωρίας
1203 2283 1264 2336 τὸ
1312 2283 1474 2355 σῶμά
1525 2287 1714 2350 ἐστιν,
1775 2284 1894 2339 ἀλλ’
1951 2286 2075 2340 οὐδὲ

471 2373 715 2446 ἀρχαίας
741 2374 903 2446 ήμῶν
942 2374 1217 2446 ἁμαρτίας
1255 2375 1508 2446 ὀψώνιον.

543 2468 660 2522 Καὶ
690 2471 724 2522 ὀ
762 2470 994 2538 κόσμος
1036 2468 1112 2522 δι’
1140 2471 1328 2526 αὐτοῦ
1361 2472 1620 2540 ἐγένετο.

545 2571 649 2625 Διὰ
700 2570 794 2625 τοῦ
839 2572 1018 2640 φωτὸς
1059 2577 1153 2625 τοῦ
1208 2572 1503 2644 ἀληθινοῦ,
1559 2571 1704 2628 τοῦτ’
1773 2572 1926 2638 ἐστι,
1980 2573 2076 2628 τοῦ

472 2663 845 2734 Μονογενοῦς,
876 2665 1215 2735 πεποιῆσθαι
1255 2665 1347 2719 τὸν
1383 2666 1624 2737 κόσμον,
1662 2665 1977 2734 ἀναγκαίως
2021 2667 2078 2718 ὲν

465 2757 693 2822 τούτοις
719 2761 748 2812 ὁ
791 2757 1185 2829 εὐαγγελιστὴς
1230 2759 1676 2829 ἐπισημαίνεται.
1729 2759 1791 2811 Εί
1840 2757 1950 2830 γὰρ
1984 2757 2078 2811 καὶ

466 2856 552 2907 ὅτι
589 2852 831 2924 μάλιστα
868 2852 1041 2920 Λόγον
1067 2851 1228 2903 αὑτὸν
1269 2851 1618 2914 ἀποκαλέσας
1653 2851 1796 2903 κατᾶ
1842 2850 1943 2921 τὴν
1979 2851 2079 2922 ἀρε

469 2948 615 3020 χὴν,
667 2945 849 3000 πάντα
900 2945 969 2998 δι’
1009 2943 1175 2998 αὑτοῦ
1226 2943 1519 3013 γενέσθαι,
1567 2944 1662 2997 καὶ
1707 2943 1878 3015 χωρὶς
1913 2944 2078 2998 αὐτοῦ

467 3039 766 3111 παρῆχθαι
794 3039 961 3111 μηδὲν
1009 3040 1088 3101 είς
1114 3037 1329 3106 γένεσιν
1363 3035 1815 3104 διεϐεϐαιὼσατο,
1847 3037 2080 3109 ποιητήν

464 3152 536 3189 τε
580 3134 672 3188 διὰ
722 3133 930 3187 τούτων
971 3131 1220 3198 ἀπέδειξε
1289 3131 1382 3184 καὶ
1428 3130 1801 3203 δημιουργόν⁸
1858 3131 1975 3184 ἀλλ’
2015 3127 2045 3203 ἧ

469 3229 782 3296 ἀναγκαῖον
850 3225 948 3278 νῦν
999 3226 1099 3295 ἤδη
1174 3224 1410 3295 μάλιστα
1470 3224 1630 3277 τοῦτο
1688 3225 1782 3277 καὶ
1835 3222 2081 3287 εἰσαῦθις

468 3320 823 3374 ἀναλαϐόντα
849 3321 1042 3380 εἰπεῖν,
1075 3317 1160 3370 ἵνα
1191 3318 1265 3389 μὴ
1296 3321 1408 3389 τοῖς
1444 3317 1822 3389 παρατρέπειν
1863 3316 2080 3371 εἰωθόσι

470 3415 578 3485 τὴν
606 3413 718 3466 τῶν
763 3411 922 3466 θείων
953 3411 1242 3485 δογμάτων
1285 3410 1558 3482 ὀρθότητα
1584 3453 1596 3470 ,
1642 3410 1849 3482 πλᾴνης
1893 3427 1950 3463 τε
1983 3410 2080 3465 καὶ

472 3504 764 3567 ἀπωλείας
799 3503 1276 3575 περιλιμπάνηται
1317 3503 1500 3565 τόπος.
1552 3501 1774 3572 Ἐπειδὴ
1809 3500 1920 3572 γὰρ
1973 3499 2078 3572 ἔφη

476 3598 615 3670 περὶ
647 3595 976 3667 τοῦφωτδς,
1017 3597 1097 3648 ὅτι
1126 3597 1184 3647 ὲν
1215 3593 1290 3666 τῷ
1325 3594 1517 3665 κόσμῳ
1553 3589 1643 3664 ἦν,
1687 3595 1796 3647 ἶνα
1815 3595 1976 3664 μήτις
2002 3594 2082 3656 είς

475 3694 754 3757 ἐκτὸπους
783 3692 994 3754 ἐννοίας
1026 3689 1330 3762 περιέλκων
1381 3689 1440 3741 τὸ
1471 3688 1790 3760 εἰρημένον,
1820 3690 1931 3752 τοῖς
1962 3689 2082 3741 κατ’

475 3784 623 3849 εἶδος
650 3784 745 3838 τοῦ
771 3785 976 3855 κῖσμου
1005 3783 1228 3853 μέρεσιν
1261 3782 1578 3853 ἐναρίθμιον
1613 3784 1819 3833 ποιοῖτο
1852 3780 1912 3833 τὸ
1945 3779 2081 3849 φῶς,

475 3879 677 3949 ὥσπερ
713 3873 808 3931 οὖν
860 3875 1092 3947 ἀμέλει,
1143 3873 1238 3926 καὶ
1290 3861 1483 3944 ἣλιος,
1543 3872 1641 3926 καὶ
1691 3873 1933 3945 σελήνη,
1993 3874 2086 3927 καὶ

477 3971 718 4041 ἀστέρες
739 3968 925 4040 τυχὸν,
961 3969 1018 4020 ἐν
1048 3965 1126 4038 τῷ
1161 3967 1351 4037 κόσμῳ
1384 3964 1483 4037 μέν
1511 3966 1641 4032 εἰσι,
1673 3964 1812 4036 πλὴν
1833 3965 1910 4030 ὡς
1942 3965 2085 4036 μέρη

476 4063 578 4118 τοῦ
609 4065 840 4134 κόσμου,
880 4061 974 4114 καὶ
1007 4059 1261 4129 καθάπερ
1291 4058 1412 4122 ἑνὸς
1454 4057 1590 4130 μέλη
1631 4057 1884 4129 σώματος
1904 4098 1917 4110 .
1951 4074 2089 4128 χρη-

481 4158 664 4229 σίμω,
702 4173 763 4208 τε
787 4156 883 4208 καὶ
907 4152 1220 4221 ἀναγκαίως
1236 4153 1264 4204 ὁ
1287 4150 1686 4221 εὐαγγελιστὴς
1704 4149 2087 4221 γενεσιουργὸν

481 4251 672 4316 εὐθὺς,
705 4249 799 4303 καὶ
829 4247 1031 4310 παντὸς
1070 4245 1163 4299 τοῦ
1199 4245 1405 4314 κόσμου
1437 4243 1690 4315 τεχνίτην
1719 4243 1962 4313 εἰσφέρει
1999 4244 2089 4296 τὸν

480 4346 796 4415 Μονοτενῆ,
832 4343 929 4395 καὶ
971 4341 1060 4394 διὰ
1102 4338 1294 4392 τούτου
1333 4338 1496 4391 πάλιν
1544 4339 1694 4408 ἡμᾶς
1724 4334 2089 4404 ὲξασφαλιζὸ-

487 4455 678 4512 μενος,
715 4437 808 4490 καὶ
842 4432 1203 4506 χειραγωγῶν
1230 4433 1310 4495 εἰς
1345 4430 1562 4500 ἀπλανῆ
1605 4430 1700 4482 καὶ
1744 4428 1960 4482 εὐθεῖαν
1993 4431 2092 4500 τῆς

481 4531 754 4603 ἀληθείας
813 4526 1146 4597 κατάληψιν.
1214 4525 1313 4588 Τίς
1364 4523 1474 4593 γὰρ
1533 4521 1707 4587 οὕτως
1753 4521 2011 4592 ἀμαθὴς,
2056 4521 2088 4591 ἢ

2177 2004 2244 2056 At
2282 2018 2408 2058 vero
2461 2005 2670 2074 gratias
2707 2006 2943 2073 agimus,
2976 2014 3032 2059 ct
3083 2018 3338 2060 naturam
3399 2009 3535 2062 laesit
3569 2007 3773 2060 invidia

2177 2097 2409 2157 diaboli,
2444 2099 2862 2166 corruptionem
2894 2100 3250 2154 conciliando
3274 2100 3628 2168 corporibus.
3656 2099 3773 2152 Non

2178 2205 2311 2260 ergo
2343 2191 2675 2260 supplicium
2710 2204 2794 2246 est
2831 2207 3062 2262 corpus,
3102 2194 3198 2246 sed
3239 2193 3638 2262 nequcvetrris
3679 2208 3771 2244 no-

2179 2286 2278 2341 stri
2312 2288 2525 2355 peccati
2561 2293 3070 2340 auctoramentum.

2254 2466 2293 2532 Ι,
2332 2467 2416 2524 l0.
2456 2468 2521 2522 Et
2545 2468 2772 2522 mundus
2803 2485 2896 2537 per
2932 2472 3103 2547 ipsum
3133 2469 3306 2538 {actus
3339 2480 3436 2526 est.

2251 2560 2355 2618 Per
2379 2563 2556 2617 lucem
2581 2579 2787 2627 veram,
2810 2563 2915 2618 hoc
2935 2574 3044 2628 est,
3082 2580 3164 2634 per
3197 2563 3551 2633 L'nigcnitum
3570 2564 3776 2619 factum

2180 2668 2304 2708 esse
2337 2653 2630 2719 mundum,
2677 2655 2768 2709 liic
2799 2655 3153 2727 evangelista
3192 2659 3509 2712 necessario
3573 2658 3775 2711 innuit.

2182 2743 2296 2801 Etsi
2329 2747 2473 2800 enim
2505 2746 2690 2816 ipsum
2729 2747 2977 2802 Verbum
3013 2747 3174 2802 initio
3224 2749 3529 2817 praesertim
3567 2763 3780 2802 nuncu-

2185 2843 2347 2909 parit,
2380 2840 2682 2908 omniaque
2714 2856 2812 2909 per
2840 2841 3020 2909 ipsmn
3049 2838 3192 2893 facta
3224 2856 3368 2905 esse,
3398 2848 3450 2895 et
3485 2841 3604 2894 sine
3660 2841 3782 2910 ipso

2183 2940 2430 2984 creatum
2503 2931 2640 2983 nihil
2679 2931 3034 2993 *asseruerit,
3069 2940 3236 3000 atque
3296 2931 3372 2984 ita
3416 2931 3682 2986 factorem
3726 2944 3783 2988 et.

2183 3019 2438 3089 upificem
2473 3035 2594 3074 esse
2629 3020 2978 3074 ostenderit:
3022 3021 3405 3076 necessarium
3450 3033 3628 3076 tamen
3661 3031 3783 3078 erat

2187 3111 2335 3168 istud
2366 3112 2547 3182 ipsum
2582 3127 2778 3168 rursus
2816 3128 3039 3182 quoque
3070 3111 3159 3166 hic
3207 3122 3474 3182 repetere,
3521 3129 3586 3169 ne
3617 3113 3784 3168 luere-

2107 3239 2152 3296 ϐ
2189 3205 2336 3269 ticis,
2376 3206 2468 3276 qui
2522 3205 2838 3268 divinorum
2867 3206 3184 3275 dogmatum
3237 3213 3553 3275 pervertere
3606 3207 3779 3261 solent

2189 3309 2393 3352 reetam
2426 3295 2724 3364 rationem,
2777 3297 3193 3366 relinqueretur.
3237 3296 3397 3353 locus
3449 3297 3782 3367 perditionis

2183 3401 2233 3444 et
2258 3390 2488 3444 erroris.
2516 3389 2652 3444 Nam
2679 3405 2803 3444 cum
2827 3387 3029 3443 dixerit
3057 3387 3126 3442 de
3154 3389 3301 3455 luce,
3323 3392 3472 3460 quod
3495 3392 3548 3446 in
3579 3393 3785 3445 mundo

2184 3493 2323 3547 erat,
2363 3498 2432 3537 ne
2463 3483 2591 3554 quis
2628 3483 2682 3537 in
2721 3483 2996 3540 absurdas
3050 3485 3359 3540 sententias
3414 3486 3622 3539 dictum
3659 3501 3780 3554 per-

2187 3576 2437 3640 traliens,
2467 3591 2633 3630 unam
2673 3579 2910 3646 partium
2943 3575 3114 3645 hujus
3155 3575 3345 3631 mundi
3405 3565 3579 3630 lucem
3634 3577 3782 3630 illam

2187 3668 2465 3739 suspicari
2528 3677 2736 3739 posset,
2770 3669 3082 3739 cujusmodi
3143 3670 3252 3733 sol,
3301 3669 3433 3722 luna
3483 3680 3538 3724 et
3591 3671 3784 3736 stellm,

2189 3762 2340 3816 verbi
2370 3762 2571 3833 gratia,
2605 3761 2660 3815 in
2699 3761 2908 3816 mundo
2943 3760 3168 3831 quidem
3208 3771 3359 3826 sunt,
3387 3763 3486 3817 sed
3521 3770 3783 3832 tanquam

2190 3859 2376 3922 partes
2407 3853 2624 3918 mundi,
2656 3868 2718 3907 ac
2758 3855 2911 3908 velut
2947 3853 3110 3908 unius
3175 3854 3422 3909 membra
3482 3841 3779 3923 corporis,

2189 3946 2403 4001 utiliter
2447 3961 2509 4001 ac
2557 3947 2876 4001 necessario
2929 3947 3268 4017 evangelista
3331 3962 3516 4001 rerum
3598 3947 3785 4000 statim

2191 4049 2476 4091 auctorem
2508 4051 2571 4091 ac
2600 4037 2771 4090 totius
2807 4038 3000 4092 mundi
3057 4037 3310 4108 Opiﬁcem
3351 4035 3516 4089 infert
3585 4034 3786 4106 Unige-

2193 4132 2395 4192 nilum,
2433 4129 2522 4182 bis
2563 4129 2750 4183 verbis
2779 4144 2876 4184 nos
2910 4144 3109 4183 rursus
3137 4127 3496 4198 confirmans,
3534 4135 3588 4181 et
3624 4129 3786 4197 quasi

2193 4238 2358 4276 manu
2392 4222 2600 4276 ducens
2629 4221 2694 4275 ad
2726 4229 2931 4275 certam
2993 4231 3046 4276 et
3077 4227 3284 4275 rectam
3345 4219 3593 4274 veritatis
3633 4234 3787 4273 com-

2195 4317 2645 4387 prehensionem.
2679 4313 2816 4379 Quis
2863 4312 3010 4367 enim
3055 4311 3193 4367 adeo
3233 4312 3390 4367 rudis
3427 4327 3491 4365 ac
3531 4310 3789 4387 stupidus

2194 4411 2297 4464 erit
2339 4408 2582 4479 ingenio,
2623 4415 2681 4460 ut
2707 4423 2814 4461 non
2848 4407 3010 4476 plane
3041 4406 3327 4461 diversum
3375 4420 3403 4458 a
3433 4405 3638 4462 mundo
3668 4405 3784 4460 exi-

2198 4503 2382 4556 stimet
2415 4518 2544 4556 eum
2581 4517 2682 4572 per
2715 4516 2878 4570 quem
2907 4499 3087 4572 factus
3111 4514 3237 4558 esse
3267 4499 3490 4563 dicitur,
3524 4505 3580 4554 et
3605 4507 3792 4568 partes

480 4623 766 4695 τοσαύτην
804 4621 916 4687 ἕξει
955 4619 1053 4691 τήν
1092 4617 1414 4688 ἠλιθιότητα
1442 4614 1583 4669 κατὰ
1606 4615 1696 4668 τὸν
1722 4614 1866 4678 νοῦν,
1902 4615 1978 4678 ὡς
2016 4614 2082 4686 μὴ

2198 4613 2330 4661 suas
2357 4606 2627 4649 treatnra:
2668 4595 2898 4658 tribuat,
2929 4594 3187 4664 Opificem
3221 4602 3406 4647 autem
3461 4593 3792 4646 rationose-

484 4717 714 4780 πάντως
743 4715 933 4785 ἕτερον
964 4708 1106 4766 εἶναι
1153 4709 1306 4781 παρὰ
1349 4705 1442 4762 τὸν
1485 4707 1692 4778 κόσμον
1719 4707 2087 4776 ὑποτοπῆσαι,

484 4812 581 4866 τὸν
630 4809 698 4863 δι’
732 4802 795 4864 οὗ
825 4804 1158 4877 γεγενῆσθαι
1194 4803 1450 4872 λέγεται,
1505 4802 1601 4854 καὶ
1635 4800 1842 4853 τιθέναι
1905 4801 2002 4871 μὲν
2035 4803 2101 4860 ἐν,

488 4903 613 4974 ἰδίῳ
645 4901 805 4973 μέρει
848 4899 948 4969 τὴν
989 4896 1168 4950 κτίσιν
1192 4937 1206 4961 ,
1242 4893 1546 4948 ἁποδιελείν
1583 4891 1640 4946 δὲ
1683 4891 1762 4961 τῷ
1814 4891 1958 4961 λόγῳ
2000 4893 2092 4944 τὸν

483 4993 859 5066 Δημιουργὸν,
892 4991 984 5043 καὶ
1009 4989 1106 5060 τὴν
1137 4987 1288 5040 θείαν
1316 4985 1480 5040 αὑτοῦ
1504 4983 1865 5055 φαντάζεσθαι
1898 4982 2091 5053 φύσιν;

483 5091 584 5144 Δεῖ
621 5086 732 5157 γὰρ
762 5083 952 5154 ἕτερον
987 5076 1127 5135 εἶναι
1158 5083 1224 5150 τῇ
1266 5078 1426 5149 φύσει
1459 5079 1519 5131 τδ
1549 5077 1773 5147 ποιηθὲν
1809 5076 1962 5149 παρὰ
1995 5077 2088 5129 τὸν

485 5156 753 5250 ποιητὴν,
783 5175 868 5229 ἵνα
904 5175 980 5244 μὴ
1021 5172 1284 5242 φαίνηται
1333 5169 1498 5234 ταυτρ
1536 5167 1598 5220 τὸ
1646 5164 1837 5218 ποιοῦν
1885 5166 1977 5217 καὶ
2035 5163 2097 5216 τὸ

484 5271 848 5343 ποιούμενον.
883 5269 946 5320 Ei
974 5267 1086 5336 γὰρ
1117 5266 1290 5338 νοοῖτο
1312 5260 1526 5323 ταυτὸν,
1561 5259 1681 5313 οὐδὲ
1714 5259 1844 5328 μιᾶς
1867 5256 2098 5328 ἐνούσης

486 5361 642 5420 κατὰ
669 5362 762 5414 τὸν
790 5359 884 5414 τοῦ
914 5358 1032 5421 πῶς
1059 5353 1199 5414 εἷναι
1223 5355 1382 5428 λόγον
1406 5350 1736 5420 ἐξαλλαγῆς,
1764 5349 2098 5421 ἀναϐήσεται

491 5460 600 5532 μὲν
634 5455 696 5509 τὺ
742 5452 970 5525 ποιηθὲν
1002 5453 1084 5526 εἰς,
1113 5450 1212 5521 τὴν
1242 5446 1337 5502 τοῦ
1387 5444 1674 5509 ποιοῦντος
1702 5443 1888 5512 φύσιν,
1932 5459 2099 5496 κατα-

487 5554 563 5620 δή
574 5565 729 5603 σεται
755 5547 811 5600 δὲ
843 5547 938 5599 καὶ
967 5545 1046 5609 εἰς
1066 5535 1310 5613 τὴντῶν
1337 5539 1656 5610 κτισμάτων
1677 5539 1704 5590 ὁ
1725 5535 2094 5608 Δημιουργὸς,

489 5642 688 5698 οὐκέτι
708 5639 765 5693 δὲ
804 5639 966 5709 μόνος
996 5636 1110 5701 ἕξει
1131 5635 1192 5687 τὸ
1219 5632 1483 5687 δύνασθαι
1517 5632 1948 5700 γενεσιουργεῖν,
1983 5629 2098 5681 ἀλλ’

488 5733 814 5804 ἐνυπάρχον
839 5730 999 5785 τοῦτο
1023 5729 1253 5799 δυνάμει
1281 5727 1376 5782 καὶ
1401 5727 1516 5790 τοῖς
1540 5725 1841 5796 ποιήμασιν
1872 5723 2100 5796 εὑρεθή-

577 5918 619 5950 “'
664 5917 704 5971 ιι
753 5933 824 5970 ιιι.
863 5932 930 5982 v,
975 5914 1056 5971 19..

1141 5913 1181 5946 ⁸⁸
1225 5913 1356 5971 Luc.
1400 5927 1476 5978 XI,
1514 5909 1598 5966 l8.
1679 5909 1722 5940 ιθ
1763 5906 1892 5980 Sap.
1924 5923 1972 5974 I,
2017 5907 2098 5962 15.

2200 4698 2377 4766 paret.
2413 4697 2465 4742 ct
2512 4688 2755 4743 divinam
2787 4688 2910 4754 eius
2963 4692 3216 4740 naturam
3257 4685 3593 4756 imagini-tur
3623 4683 3794 4738 esse?

2201 4785 2362 4838 Aliud
2394 4782 2540 4836 enim
2571 4788 2787 4850 oportet
2818 4795 2943 4835 esse
2971 4789 3169 4833 natura
3205 4793 3346 4846 opus
3383 4794 3410 4830 a
3459 4777 3690 4840 factore,
3725 4793 3793 4829 ne

2202 4878 2452 4931 videmur
2489 4873 2638 4928 idem
2668 4888 2792 4927 esse
2841 4873 2987 4941 quod
3045 4871 3154 4941 87
3187 4871 3322 4922 facit
3377 4885 3501 4923 eum
3547 4884 3613 4921 eo
3647 4869 3792 4937 quod

2200 4973 2454 5027 edicitur.
2496 4969 2553 5023 Si
2579 4969 2728 5024 enim
2756 4968 2899 5020 idem
2927 4980 3050 5019 esse
3079 4973 3397 5027 censeatur,
3437 4962 3588 5015 nullo
3614 4962 3793 5032 quoad

2200 5064 2460 5121 essentiae
2502 5061 2726 5116 modum
2776 5057 3159 5112 intercedente
3197 5055 3544 5118 discrimine,
3597 5055 3796 5109 evehe-

2204 5169 2293 5213 tnr
2323 5157 2547 5227 quidem
2585 5153 2636 5208 id
2671 5152 2818 5222 quod
2854 5150 3059 5205 factum
3088 5159 3172 5206 est
3213 5150 3282 5204 ad
3318 5148 3574 5202 facientis
3632 5156 3796 5200 natu-

2204 5267 2344 5316 ram,
2364 5259 2417 5305 et
2447 5249 2499 5303 in
2524 5255 2907 5302 creaturarum
2938 5252 3191 5298 naturam
3221 5240 3452 5297 Creator
3473 5239 3794 5301 descendet;

2207 5360 2385 5413 neque
2417 5342 2530 5412 jam
2567 5341 2720 5396 solus
2753 5355 2934 5394 rerum
2972 5346 3165 5391 auctor
3200 5352 3264 5390 ac
3292 5349 3493 5406 parcns
3523 5333 3650 5395 erit,
3699 5331 3797 5384 ιιι-ιι

2204 5438 2351 5495 istud
2381 5437 2561 5508 ipsum
2598 5449 2821 5504 quoque
2855 5432 3024 5486 rebus
3054 5431 3260 5485 creatis
3314 5429 3496 5480 inesse
3551 5424 3798 5492 potentia

2209 5532 2609 5602 comperietur,
2655 5529 2698 5583 si
2749 5525 2896 5582 nulla
2937 5523 3095 5593 plane
3134 5520 3277 5575 ratio
3320 5521 3442 5572 illas
3479 5529 3506 5569 a
3556 5515 3826 5587 (τιιιιςιιιν-ἰ

2209 5624 2572 5682 stantialitale
2610 5636 2735 5692 cum
2773 5620 2897 5691 ipso
2923 5614 3184 5687 sejuugit;
3220 5620 3385 5680 atque
3444 5611 3516 5662 ita
3577 5607 3798 5660 demum

2211 5719 2479 5790 sniipsius
2510 5721 2766 5779 creatura
2809 5707 3050 5765 creatrix
3085 5704 3212 5770 erit,
3262 5716 3328 5758 ac
3361 5699 3566 5756 nudam
3599 5695 3802 5768 linige-

2182 5906 2242 5937 ³⁸·
2271 5905 2398 5975 Sap.
2437 5919 2494 5956 ιι.
2525 5898 2616 5954 2i.
