4156 6476
464 364 570 432 tu

1504 370 1863 428 S.CYRILLI
1906 369 2380 427 ALEXANDBINI
2420 370 2741 428 ARCIIIEP.

3636 375 3737 431 iis

465 491 587 549 nito
614 490 941 563 dignitatem
966 490 1306 561 evangeiista
1327 488 1532 545 tribuet
1552 488 1766 556 dicens,
1785 488 1930 560 quod
1953 508 1972 540 ι
1993 488 2037 542 in

2154 504 2327 555 σεται,
2369 488 2532 560 εἴπερ
2564 488 2703 551 ὅλως
2738 488 2914 551 οὐδεὶς
2954 486 3094 541 αὐτὰ
3125 487 3226 557 τῆς
3258 488 3397 557 πρὸς
3433 489 3571 544 θεὸν
3600 490 3736 561 ὁμο-

467 583 678 640 mundo
703 594 843 647 erat,
865 591 922 641 et
950 582 1189 638 mundus
1211 596 1308 653 per
1325 581 1506 650 ipsum
1531 579 1713 636 factus
1739 591 1846 637 est.
1876 601 1895 634 ι
1939 580 2045 636 Sed

469 683 633 732 norat
671 690 839 731 unum
876 689 1001 730 esse
1047 683 1245 729 natura
1303 672 1549 728 universi
1587 672 1840 743 opiﬁcem
1872 690 1886 727 :
1939 687 2051 728 non

466 783 606 840 ergo
634 783 802 824 unum
830 781 957 827 esse
987 764 1308 822 censebitur
1355 763 1501 835 apud
1556 775 1705 820 recte
1734 764 2048 828 credentes,

467 875 608 931 opus
646 866 702 915 et
735 857 931 923 factor,
952 857 1096 915 Deus
1144 863 1202 913 et
1237 856 1512 922 conditor,
1537 856 1633 912 sed
1662 856 1792 911 illud
1824 856 2050 926 quidem

466 951 794 1021 subjicietur
847 950 994 1006 servi
1044 949 1101 1005 in
1141 964 1374 1015 morem,
1405 955 1622 1003 natura:
1650 962 1767 1003 suae
1824 945 2048 1002 modum

466 1057 577 1099 non
608 1042 869 1114 ignorans
895 1057 910 1097 :
938 1040 989 1097 ei
1029 1048 1212 1096 autem
1233 1034 1406 1095 Filius
1436 1036 1754 1107 imperabit,
1775 1038 1868 1108 qui
1894 1024 2049 1093 solus

464 1150 592 1191 cum
623 1132 789 1189 Patre
821 1139 1004 1202 potest
1032 1146 1122 1188 res
1156 1146 1189 1188 e
1219 1131 1392 1187 nihilo
1448 1130 1517 1186 ad
1543 1144 1667 1186 esse
1714 1142 1940 1194 vocare,
1994 1138 2050 1185 et

464 1226 612 1296 quod
653 1224 898 1281 nondum
946 1224 1167 1278 exsistit
1200 1221 1461 1278 ineiiabili
1510 1222 1721 1277 virtute
1763 1221 1819 1276 in
1868 1226 2048 1275 ortum

467 1315 795 1387 producere.
824 1313 981 1382 Quod
1042 1322 1229 1370 autem
1262 1312 1405 1370 Deus
1460 1317 1767 1369 secundum
1796 1321 2049 1367 naturam

463 1408 743 1464 exsistens
767 1405 939 1462 Filius
961 1406 1102 1462 alius
1130 1405 1320 1474 utique
1342 1405 1410 1460 sit
1447 1418 1477 1456 a
1508 1413 1785 1465 creatura,
1813 1402 1871 1458 in
1910 1403 2051 1458 libro

467 1494 547 1549 De
580 1504 768 1549 sancta
786 1494 1045 1549 Trinitas
1079 1502 1204 1549 cum
1222 1494 1336 1561 jam
1359 1492 1577 1548 abunde
1602 1492 2047 1557 tractaverimus,

466 1586 603 1641 nihil
632 1585 967 1655 superﬂuum
1000 1583 1088 1638 liie
1111 1581 1423 1637 aﬂ'eremus.
1460 1580 1601 1636 lllud
1637 1588 1818 1637 tamen
1840 1581 2050 1636 utiliter

464 1678 750 1742 addemus,
788 1676 937 1747 quod
966 1689 1092 1731 cum
1140 1675 1219 1730 ait
1257 1672 1522 1728 mundum
1572 1674 1642 1727 ab
1679 1672 1801 1743 ipso
1838 1672 2047 1728 factum

458 1784 607 1834 esse,
642 1769 707 1823 ad
739 1766 1092 1839 cogitandum
1138 1766 1209 1822 de
1243 1763 1407 1820 Patre
1436 1779 1541 1820 nos
1574 1764 1820 1829 adducit,
1860 1770 1918 1819 et
1952 1779 2049 1820 co-

2153 578 2472 649 ουσιότητος
2498 577 2777 632 άποδιελεῖ
2802 577 3006 649 τρόπος
3028 592 3040 606 ·
3064 576 3213 631 οὕτω
3230 592 3291 629 τε
3321 577 3508 633 λοιπὸν
3534 580 3737 649 ἑαυτῆς

2152 671 2187 740 ἡ
2213 669 2394 734 κτίσις
2425 668 2578 724 ῑσται
2608 669 2941 741 δημιουργὸς
2965 710 2979 734 ,
3012 669 3109 722 καὶ⁵
3148 669 3306 739 ψιλὸν
3332 670 3622 741 περιθήσει
3657 671 3736 741 τῷ

2151 763 2449 831 Μονογενεῑ
2491 761 2552 816 τὸ
2593 761 2811 832 ἀξίωμα
2853 760 3028 831 λέγων
3066 764 3096 815 6
3140 761 3533 832 εὐαγγελιστὴς
3558 800 3575 826 ,
3627 762 3733 825 δτι,

2151 854 2248 908 καὶ
2293 854 2424 907 «Ἑν
2465 852 2547 924 τῷ
2585 852 2776 924 κόσμῳ
2817 848 2921 924 ἦν,
2964 854 3059 906 καὶ
3105 854 3136 906 6
3180 854 3388 925 κόσμος
3437 853 3505 907 δι’
3566 845 3734 908 αὐτοῦ

2153 945 2391 1012 ἐγένετο.
2428 963 2449 997 ι
2500 943 2641 998 Ἀλλ’
2684 939 2825 998 οἶδεν
2878 943 2976 997 ἕνα
3024 944 3167 998 κατὰ
3226 943 3390 1013 φύσιν
3437 943 3568 998 ὅντα
3613 944 3726 998 τῶν

2149 1033 2408 1087 ἁπάντων
2430 1032 2783 1104 δημιουργόν.
2813 1032 2929 1087 Οὐκ
2956 1033 3069 1105 ἄρα
3083 1033 3278 1089 ταυτὸν
3311 1034 3380 1089 ἂν
3406 1035 3576 1088 νοοῖτό
3599 1046 3732 1088 ποτε

2150 1125 2303 1193 παρά
2331 1140 2395 1193 γε
2427 1126 2539 1188 τοῖς
2584 1124 2752 1178 εἰδόσι
2799 1123 3078 1178 πιστεύειν
3119 1123 3299 1195 ὀρθῶς
3323 1166 3339 1190 ,
3379 1124 3594 1196 ποίημα
3637 1122 3735 1179 καὶ

2150 1214 2411 1285 ποιητὴς,
2442 1214 2576 1278 Θεὸς
2609 1214 2704 1268 καὶ
2735 1214 2994 1284 κτίστης.
3030 1214 3147 1269 ἀλλ’
3186 1218 3220 1287 ή
3254 1215 3355 1285 μὲν
3379 1215 3732 1269 ὑποκείσεται

2148 1304 2553 1376 δουλοπρεπῶς,
2588 1305 2682 1359 τὸν
2712 1305 2814 1377 τῆς
2840 1306 3048 1370 οἰκείας
3077 1306 3297 1375 φύσεως
3326 1308 3454 1377 δρον
3480 1305 3735 1375 ἐπιγινώ-

2152 1411 2359 1450 σκουσα
2379 1410 2394 1425 ⁸
2426 1396 2739 1467 βασιλεύσει
2763 1398 2821 1452 δὲ
2844 1397 2934 1453 ἐπ’
2965 1396 3137 1470 αὐτὴν
3167 1400 3197 1451 6
3227 1399 3378 1462 Υἱὸς,
3406 1398 3565 1469 μόνος
3587 1398 3730 1469 ἔχων

2152 1486 2295 1557 μετά
2324 1487 2419 1541 τοῦ
2460 1482 2675 1562 [πατρὸς
2704 1492 2766 1543 τὸ
2805 1487 3067 1544 δύνασθαι
3108 1490 3205 1544 καὶ
3238 1489 3321 1554 ὡς
3366 1482 3499 1543 δντα
3539 1488 3611 1543 τὰ
3654 1490 3732 1561 μὴ

2148 1579 2280 1634 ὄντα
2323 1580 2530 1647 καλεῖν,
2563 1583 2659 1636 καὶ
2687 1582 2751 1636 τὸ
2786 1584 2953 1653 μήπω
2979 1582 3222 1654 ὑπάρχον
3247 1582 3473 1654 ἀρρήτῳ
3501 1581 3732 1650 δυνάμει

2151 1672 2424 1742 παράγειν
2451 1673 2532 1737 είς
2574 1672 2807 1742 γένεσιν.
2846 1675 2971 1728 Ὅτι
2996 1673 3056 1727 δὲ
3102 1674 3365 1745 ὑπάρχων
3401 1672 3545 1726 κατὰ
3568 1671 3732 1741 φύσιν

2149 1761 2285 1827 Θεὸς
2312 1765 2342 1816 6
2375 1763 2535 1830 Υίδς,
2578 1765 2766 1837 ἔτερος
2803 1765 2977 1836 δήπου
3026 1764 3245 1830 πάντως
3295 1764 3416 1818 ἔστι
3451 1763 3607 1834 παρὰ
3632 1763 3732 1834 τὴν

455 1862 759 1934 ﬁnitionem
808 1860 933 1930 ejus
976 1857 1052 1914 Ex
1092 1873 1228 1929 quo,
1276 1871 1387 1912 una
1441 1870 1569 1912 cum
1599 1870 1665 1911 eo
1715 1852 1820 1911 Per
1856 1871 2037 1925 quem,

2145 1855 2344 1923 κτίσιν,
2390 1856 2704 1932 ἀρκούντως
2730 1858 2831 1929 ήδη
2862 1856 3203 1929 διειληφότες
3238 1858 3297 1910 ὲν
3345 1855 3427 1926 τῷ
3452 1855 3589 1925 Περὶ
3620 1852 3733 1922 τῆς

458 1954 620 2008 nobis
648 1950 833 2006 infert.
869 1950 1067 2006 Omnia
1095 1950 1241 2004 enim
1274 1963 1304 2002 a
1344 1946 1507 2002 Patre
1536 1954 1667 2002 sunt
1717 1961 1814 2018 per
1842 1946 2043 2002 Filium

459 2045 516 2098 in
546 2050 740 2098 sancto
769 2041 997 2112 Spiritu.

2148 1945 2322 2031 άγίιις
2344 1946 2586 2014 Τριάὸος
2618 1947 2798 2016 λόγῳ,
2852 1948 3108 2020 περιττὸν
3157 1950 3219 2001 ὲν
3253 1947 3466 2011 τούτοις
3500 1946 3735 2018 ἐροῦμεν

2145 2037 2299 2093 οὐδέν
2321 2051 2334 2065 ’
2367 2038 2509 2111 πλὴν
2542 2040 2719 2094 ἐκεῖνο
2761 2040 3050 2111 χρησίμως
3089 2039 3501 2112 προσθήσομεν,
3535 2040 3618 2092 ὅτι
3662 2038 3734 2091 δι⁹

454 2133 624 2189 αὑτοῦ
669 2133 759 2187 τὸν
802 2131 1004 2202 κόσμον
1050 2127 1382 2200 πεποιῆσθαι
1423 2128 1632 2196 λέγων,
1681 2128 1760 2191 είς
1817 2126 2029 2181 ἔννοιαν
2103 2130 2253 2200 ἡμᾶς
2316 2131 2580 2203 ἀναφέρει
2626 2132 2727 2202 τὴν
2767 2133 2897 2203 περὶ
2937 2130 3185 2203 Πατρδς,
3240 2133 3337 2187 καὶ
3387 2130 3734 2205 συνεισφέρει

456 2228 532 2299 τῷ
567 2229 634 2282 δι’
668 2219 729 2279 οὗ
770 2226 861 2278 τὸν
914 2224 971 2291 ἐξ
1006 2215 1090 2278 οὗ.
1132 2222 1317 2276 Πάντα
1352 2220 1462 2290 γὰρ
1516 2219 1668 2291 παρὰ
1709 2221 1923 2293 [ἰατρὸς
1968 2220 2036 2275 δι’
2078 2220 2207 2276 Υἱοῦ
2233 2223 2295 2276 ὲν
2320 2222 2461 2292 ἁγίῳ
2487 2222 2790 2293 Πνεύματι.

535 2318 576 2381 Ι,
617 2316 698 2371 10.
737 2313 804 2368 Et
836 2312 1062 2367 ntundus
1092 2327 1209 2366 eum
1241 2327 1345 2365 non
1372 2310 1633 2380 cognovit.

528 2408 833 2464 Prudenter
870 2404 960 2460 hic
988 2418 1186 2459 rursus
1229 2401 1563 2473 evangelista
1605 2410 1797 2458 sancto
1830 2402 2042 2470 Spiritu

2213 2311 2325 2364 Kal
2368 2314 2402 2364 ό
2440 2312 2672 2379 κόσμος
2699 2314 2888 2368 αὑτὸν
2926 2315 3040 2368 οὐκ
3073 2314 3248 2384 Erro).
3685 2377 3694 2385 .

2223 2403 2403 2473 Νήφει
2433 2404 2597 2457 πάλιν
2630 2406 2659 2457 6
2697 2404 3166 2476 πνευματοφόρος,
3198 2404 3425 2475 φθάνειν
3446 2404 3730 2473 ἐπείγεται

456 2500 693 2566 afﬂatus,
746 2496 1111 2569 quorumdam
1144 2510 1334 2571 nugas
1383 2502 1728 2551 antevenere
1780 2502 2037 2563 conatur.

2146 2491 2247 2556 τὰς
2275 2494 2428 2565 παρά
2479 2511 2642 2548 τινων
2693 2495 3098 2567 εὑρεσιλογίαςο
3149 2495 3454 2566 θαυμάσεις
3503 2495 3562 2551 δὲ
3609 2495 3732 2550 λίαν

459 2591 703 2648 Docendi
758 2597 945 2646 autem
1000 2587 1271 2643 rationem
1327 2600 1438 2660 non
1495 2598 1689 2657 parum
1743 2585 2037 2640 mirabere.

2152 2580 2243 2637 τὸν
2273 2585 2329 2638 ὲν
2358 2588 2471 2649 τοῖς
2496 2584 2816 2657 θεωρήμασι
2854 2586 3139 2659 λογισμόν.
3167 2588 3289 2652 Φῶς
3329 2588 3581 2659 ἀληθινὸν
3622 2591 3731 2645 ἀπ-

454 2683 655 2739 Lucem
694 2694 880 2736 veram
919 2675 1265 2748 nuncupavit
1293 2674 1510 2740 Filium,
1546 2690 1786 2745 eumque
1817 2686 2037 2730 onmem

2148 2676 2377 2731 εκάλεσε
2422 2676 2515 2730 τὸν
2554 2676 2703 2742 Υίὸν,
2735 2677 3107 2750 διισχυρίσατό
3152 2696 3213 2733 τε
3257 2681 3513 2750 φωτίζειν
3565 2681 3733 2736 αὐτὸν

452 2776 733 2831 hominem
790 2772 1099 2830 venientem
1140 2770 1197 2825 in
1246 2770 1394 2826 hunc
1422 2773 1689 2826 mundum
1729 2770 2037 2826 illuminare

2147 2767 2327 2822 πάντα
2361 2766 2649 2840 ἄνθρωπον
2695 2769 2990 2842 ἐρχόμενον
3023 2770 3106 2834 εἰς
3153 2771 3244 2824 τὸν
3289 2774 3495 2842 κόσμον
3519 2790 3534 2804 ·
3588 2774 3727 2845 πρὸς

451 2865 827 2931 conﬁrmavit;
878 2863 1033 2920 addit
1084 2862 1234 2935 quod
1275 2871 1330 2919 et
1355 2881 1375 2915 ι
1412 2861 1481 2917 in
1513 2861 1718 2917 mundo
1748 2863 1868 2933 ipse
1896 2870 2037 2929 erat,

2145 2859 2204 2913 δέ
2253 2877 2317 2930 γε
2356 2858 2564 2930 τούτῳ,
2615 2860 2696 2913 ὅτι
2737 2862 2830 2915 καὶ
2865 2882 2884 2915 ι
2927 2857 3036 2916 Ἦν
3071 2863 3130 2916 ὲν
3157 2861 3234 2932 τῷ
3259 2861 3450 2935 κόσμῳ
3483 2882 3504 2916 ι
3539 2866 3726 2935 φησιν,

449 2967 510 3015 et
537 2958 778 3014 mundus
809 2971 907 3029 per
938 2957 1117 3028 ipsum
1150 2955 1331 3013 factus
1361 2964 1472 3011 est.
1505 2975 1524 3008 ι
1555 2954 1666 3010 Sed
1697 2954 1846 3010 illico
1880 2954 2037 3012 nobis

2154 2969 2173 3005 ι
2223 2952 2318 3006 καὶ
2359 2953 2387 3006 6
2436 2953 2639 3024 κόσμος
2675 2953 2745 3006 δι’
2791 2953 2955 3008 αὐτοῦ
3001 2954 3238 3022 ἐγένετο.
3297 2972 3318 3006 ι
3375 2955 3515 3009 Ἀλλ’
3566 2952 3722 3010 εἶπεν

451 3050 896 3105 adversariorum
944 3048 1167 3120 quidam
1203 3048 1473 3118 objiciet:
1510 3047 1570 3102 Si
1607 3047 1700 3102 lux
1745 3054 1866 3103 erat
1905 3045 2037 3103 Ver-

2146 3041 2211 3095 ἆν
2251 3060 2335 3106 τις
2365 3042 2525 3107 εὐθὺς
2558 3044 2688 3116 ἡμῖν
2736 3043 2845 3097 τῶν
2891 3044 2959 3098 δι’
2994 3046 3277 3110 ἑναντίας*
3321 3047 3385 3101 Ei
3433 3046 3545 3116 φῶς
3585 3043 3652 3117 ἦν
3696 3051 3727 3103 6

452 3139 605 3205 bum,
642 3150 697 3198 et
750 3141 1005 3212 cujusvis
1037 3139 1280 3195 hominis
1325 3152 1424 3193 cor
1464 3137 1763 3201 illuminat,
1787 3136 1856 3192 ad
1885 3137 2037 3208 agni-

2145 3133 2350 3203 Αόγος,
2382 3127 2430 3188 ὦ
2461 3127 2638 3201 οὗτοι,
2681 3135 2776 3190 καὶ
2821 3137 2871 3190 εί
2917 3134 3141 3206 φωτίζει
3194 3136 3393 3200 παντὸς
3436 3136 3727 3208 ἀνθρώπου

451 3236 664 3287 tionem
705 3231 803 3288 Dei
839 3220 1098 3287 videlicet
1136 3235 1193 3285 et
1239 3228 1535 3283 scientiam
1564 3226 1802 3283 hominis
1828 3235 2037 3283 nature

2141 3223 2393 3296 καρδίαν,
2429 3229 2509 3291 είς
2553 3226 2883 3297 θεογνωσίαν
2941 3225 3183 3299 δηλονότι
3237 3228 3333 3283 καὶ
3375 3231 3456 3293 είς
3503 3228 3725 3287 σύνεσιν

450 3331 876 3392 congruentem,
924 3322 1057 3381 etsi
1085 3322 1144 3377 in
1176 3321 1281 3377 hoc
1312 3319 1520 3375 mundo
1562 3334 1783 3389 semper
1808 3329 1951 3388 erat,
1985 3326 2037 3375 et

2139 3315 2609 3392 ἀνθρωποπρεπῆ,
2648 3321 2743 3374 καὶ
2771 3322 2931 3392 εἰπερ
2963 3314 3031 3393 ἦν
3059 3321 3149 3376 ἀεὶ
3178 3323 3237 3377 ιν
3274 3320 3355 3393 τῷ
3382 3322 3596 3392 κόσμῳ,
3628 3323 3727 3377 καὶ

452 3416 647 3470 mundi
688 3412 876 3486 opifex
902 3412 1226 3479 exsistebat,
1266 3409 1546 3483 quomodo
1576 3412 1897 3482 ignoratum
1932 3418 2037 3476 est,

2139 3407 2300 3473 αὐτὸς
2347 3404 2415 3481 ἦν
2457 3411 2700 3483 ἐργάτης
2750 3412 2951 3479 αὐτώ,
3004 3414 3124 3480 πῶς
3168 3415 3449 3488 ήγνοήθη,
3494 3417 3591 3470 καὶ
3640 3419 3723 3480 εἰς

448 3516 509 3563 et
531 3505 959 3577 quidem'tantis
986 3512 1298 3575 temporum
1329 3502 1571 3574 spatiis?
1615 3503 1789 3573 Igitur
1822 3518 1931 3558 non
1976 3502 2037 3557 il-

2139 3501 2361 3571 χρόνους
2391 3501 2536 3558 οὕτω
2573 3504 2857 3576 μακρούςς
2897 3506 3094 3561 οὐκοῦν
3127 3508 3230 3561 οὐκ
3276 3507 3562 3575 ἐφώτιζεν,
3606 3509 3724 3563 ἀλλ’

454 3597 784 3659 luminabat.
815 3597 912 3655 sed
941 3611 1117 3668 neque
1137 3598 1230 3652 lux
1262 3596 1423 3666 plane
1445 3603 1586 3651 erat.
1618 3594 1717 3651 His
1743 3594 2037 3652 confestim

2139 3592 2258 3648 οὐδὲ
2288 3592 2426 3658 ὅλως
2459 3595 2674 3666 ὑπῆρχε
2704 3594 2762 3647 τὸ
2788 3594 2905 3665 φῶς
2929 3596 3112 3660 αὑτός.
3147 3596 3291 3668 Πρὸς
3317 3597 3382 3669 δὴ
3408 3598 3478 3651 τὰ
3497 3597 3722 3653 τοιαῦτα

447 3689 699 3746 occurrit
728 3688 1064 3761 Tbeologus,
1093 3686 1324 3743 dicens:
1352 3704 1373 3740 ι
1392 3685 1625 3741 ﬂendus
1654 3700 1777 3741 eum
1812 3701 1917 3740 non
1944 3697 2042 3739 co-

452 3780 662 3853 gnovit.
701 3800 722 3834 ι
757 3779 883 3852 Ipse
926 3780 1226 3855 quominus
1266 3785 1682 3851 agnosceretur,
1734 3776 1935 3847 inquit,
1978 3774 2037 3831 in

446 3882 621 3928 causa
646 3886 755 3926 non
789 3870 892 3926 fuit
917 3889 928 3924 :
955 3870 1051 3926 sed
1071 3868 1380 3925 inﬁrmitati
1416 3868 1533 3940 88
1562 3883 1674 3926 suae
1706 3867 1759 3923 id
1796 3866 2036 3924 mundus

446 3963 720 4021 ascribat.
784 3962 1066 4019 illuminat
1100 3962 1249 4018 enim
1303 3959 1497 4027 Filius,
1534 3958 1634 4017 sed
1676 3959 1914 4030 gratiam
1949 3972 2038 4014 re-

453 4057 637 4114 tundit
660 4066 952 4113 creatura:
989 4055 1186 4112 oculos
1217 4054 1451 4126 accepit,
1485 4053 1689 4124 quibus
1721 4050 2033 4107 naturalem

448 4148 622 4207 Deum
666 4149 1016 4220 intelligeret,
1053 4146 1152 4204 sed
1198 4162 1266 4203 eo
1296 4160 1528 4202 munere
1572 4145 1765 4210 abusa,
1811 4145 1867 4199 in
1915 4142 2035 4199 sola

447 4253 833 4298 creaturarum
885 4239 1353 4311 contemplatione
1382 4238 1574 4294 haesit:
1627 4237 1862 4293 ulterius
1896 4233 2033 4293 i'erri

445 4334 672 4401 noluit,
712 4334 1171 4389 illuminationem
1230 4331 1451 4404 pigritia
1508 4328 1741 4394 obruit,
1793 4328 2035 4399 neglexit

2135 3686 2465 3758 θερμότερον
2486 3688 2515 3740 6
2539 3685 2784 3753 θεολόγος
2808 3686 3147 3757 ὑπαντιάζει,
3171 3688 3364 3759 λέγων’
3391 3707 3414 3743 ι
3434 3690 3493 3744 '0
3517 3691 3721 3762 κόσμος

2134 3778 2300 3832 αὑτὸν
2342 3795 2446 3832 ουκ
2506 3777 2700 3847 ἔγνω.»
2728 3780 2843 3835 Οὐκ
2885 3780 3047 3845 αὐτὸς
3095 3780 3162 3834 δι’
3210 3781 3404 3836 ἑαυτὸν
3449 3784 3719 3855 ήγνοήθη,

2135 3868 2299 3940 φησιν
2319 3886 2333 3900 ο
2366 3869 2629 3925 αἰτιάσθω
2656 3869 2714 3925 δὲ
2741 3871 2769 3924 6
2793 3871 2999 3943 κόσμος
3036 3871 3133 3944 τὴν
3173 3872 3383 3929 οἰκείαν
3410 3874 3717 3932 ἀσθένειαν.

2132 3960 2364 4025 Φωτίζει
2401 3961 2500 4031 μὲν
2526 3960 2636 4031 γάρ
2667 3962 2698 4014 6
2724 3961 2851 4026 Υἱὸς
2872 4002 2890 4027 ,
2942 3963 3291 4035 ἀπαμϐλύνει
3331 3965 3387 4019 δὲ
3413 3966 3512 4035 τὴν
3558 3967 3724 4038 χάριν

2134 4051 2169 4123 ή
2196 4051 2393 4116 κτίσις.
2437 4052 2771 4117 Ἐδανείζετο
2800 4054 2862 4107 τὸ
2887 4052 3127 4125 βλέπειν,
3151 4054 3240 4110 ἴνα
3268 4056 3361 4109 τὸν
3392 4055 3535 4110 κατὰ
3557 4056 3720 4127 φύσιν

2133 4145 2303 4216 νοήσῃ
2354 4144 2485 4199 Θεὸν
2504 4185 2519 4210 ,
2571 4146 2668 4200 καὶ
2723 4146 3098 4220 δεδαπάνηκεν
3151 4147 3378 4212 ἀσώτως
3432 4151 3497 4202 τὸ
3542 4147 3714 4214 δοθὲν,

2136 4236 2301 4307 μέχρι
2322 4237 2431 4289 τῶν
2457 4237 2780 4308 ποιημάτων
2801 4238 2997 4310 ἔστησε
3019 4239 3119 4312 τῆς
3145 4239 3377 4311 θεωρίας
3396 4238 3457 4292 τὸ
3483 4239 3680 4312 μέτρον
3696 4259 3711 4272 ·

2133 4327 2403 4400 ὲνάρκησε
2428 4327 2521 4382 τὸν
2549 4329 2805 4384 ἐπέκεινα
2840 4330 3062 4402 δρόμον,
3093 4330 3371 4403 κατέχωσε
3412 4331 3710 4404 ῥᾳθυμίαις

441 4425 680 4499 gratiam
713 4424 779 4490 ",
813 4424 964 4495 quod
994 4441 1065 4481 ne
1099 4424 1209 4481 sibi
1259 4423 1568 4493 contingat,
1600 4419 1829 4491 vigilare
1876 4418 2033 4474 Pauli

2139 4418 2227 4472 τὸν
2263 4419 2582 4492 φωτισμὸν,
2613 4420 2859 4493 ἠμέλησε
2897 4420 2992 4474 τοῦ
3026 4420 3406 4492 χαρίσματος,
3453 4423 3591 4494 ὅπερ
3627 4423 3713 4479 ἵνα

441 4516 752 4591 'disg'pulus
792 4514 1140 4571 admonetur.
1168 4514 1317 4569 Nihil
1344 4528 1476 4584 ergo
1502 4512 1573 4568 ad
1609 4511 1785 4566 lucem
1820 4510 2029 4594 illumi-

2139 4507 2215 4578 μὴ
2244 4508 2429 4571 πάθοι,
2461 4509 2654 4579 νήφειν
2697 4512 2726 4564 6
2759 4509 2974 4573 Παῦλος
3006 4509 3218 4567 κελεύει
3263 4509 3343 4583 τῷ
3383 4512 3570 4584 οἰκείῳ
3609 4530 3713 4584 μα·

448 4615 704 4664 natorum
762 4608 1113 4678 improbitas.
1164 4601 1640 4671 Quemadmodum
1692 4602 1838 4656 enim
1894 4601 2032 4656 solis

442 4703 630 4758 iumen
665 4706 884 4756 cunctis
926 4697 1206 4761 oboritur,
1240 4694 1335 4751 sed
1369 4693 1510 4749 nihil
1546 4708 1723 4749 caecus
1774 4693 2032 4749 utilitatis

442 4791 573 4847 inde
623 4790 866 4861 accipit:
908 4804 1017 4844 non
1061 4795 1248 4842 tamen
1300 4783 1538 4856 proinde
1587 4795 2029 4839 consentaneum

435 4899 572 4941 esse
604 4882 813 4939 dixeris
844 4882 979 4937 solis
1005 4894 1272 4935 accusare
1303 4877 1651 4947 splendorem
1680 4896 1696 4933 :
1748 4878 1884 4948 quin
1935 4892 2031 4948 po-

436 4976 557 5032 tius
601 4972 668 5028 ad
716 4974 1005 5028 oculorum
1051 4970 1245 5025 vitium
1278 4970 1334 5024 id
1389 4967 1712 5025 referemus.
1749 4968 1847 5025 Ille
1879 4970 2026 5025 enim

438 5065 744 5128 illuminat,
767 5065 824 5119 bi
848 5065 1025 5119 lucem
1058 5078 1167 5117 non
1201 5062 1450 5132 capiunt;
1482 5061 1564 5116 sic
1592 5063 1758 5117 etiam
1796 5065 1863 5119 de
1894 5060 2030 5119 Uni-

444 5157 630 5227 genito
663 5154 1015 5213 statuendum
1043 5153 1306 5217 arbitror,
1337 5153 1597 5208 nimirum
1633 5155 1812 5225 ipsum
1845 5156 2022 5211 lucem

433 5265 568 5306 esse
609 5260 824 5313 veram,
869 5247 967 5303 sed
1021 5247 1186 5303 deum
1227 5246 1393 5317 hujus
1426 5249 1639 5314 saeculi,
1671 5255 1729 5304 ut
1775 5249 2025 5319 loquitur

437 5333 671 5406 Paulus,
688 5354 994 5396 excazcasse
1020 5347 1233 5395 mentes
1253 5337 1574 5404 inﬁdelium,
1598 5354 1666 5394 ne
1689 5339 2022 5396 illuminatio

434 5431 776 5503 cognitionis
803 5430 1007 5486 divina:
1048 5431 1104 5485 in
1138 5430 1273 5499 ipsis
1321 5429 1616 5501 fulgeat".
1670 5429 2017 5487 Ειιοιιεουιιιιιι

436 5530 622 5577 autem
673 5521 765 5576 hic
815 5522 1053 5577 dicimus
1086 5519 1388 5588 hominem,
1423 5537 1533 5576 non
1559 5520 1707 5592 quod
1735 5523 1899 5592 plane
1941 5523 2015 5578 sit

443 5610 573 5666 luce
621 5614 853 5669 orbatus
906 5613 1179 5682 (servatur
1210 5612 1356 5669 enim
1407 5613 1462 5666 in
1516 5620 1713 5668 natura
1754 5611 2021 5669 divinitus

502 5784 552 5828 δ’
582 5791 606 5844 Ι
642 5790 784 5846 Tim.
827 5809 898 5855 iv,
964 5794 1043 5849 H.
1159 5795 1199 5826 ¹⁸
1257 5794 1299 5848 ll
1356 5795 1484 5850 Cor.
1528 5811 1603 5860 ιν,
1646 5797 1699 5850 «ιο

2132 4602 2270 4675 θητῇ
2298 4619 2309 4631 ·
2346 4605 2498 4658 οὐδὲν
2541 4600 2633 4659 οὖν
2662 4604 2771 4678 ἄρα
2799 4606 2936 4677 πρὸς
2965 4606 3026 4660 τὸ
3060 4605 3174 4675 φῶς
3212 4607 3244 4677 ή
3281 4605 3389 4660 τῶν
3422 4607 3715 4675 φωτισθέν-

2131 4710 2241 4748 των
2268 4695 2558 4767 φαυλότης.
2583 4696 2793 4768 "Ov-nep
2813 4698 2923 4769 γάρ
2950 4698 3172 4770 τρόπον,
3188 4699 3398 4770 ἀνίσχει
3422 4701 3519 4772 μὲν
3543 4700 3715 4755 ἅπασι

2131 4785 2227 4840 τοῦ
2259 4787 2409 4858 ήλεου
2439 4790 2499 4843 τὸ
2534 4791 2672 4859 φῶς,
2704 4791 2998 4860 ὠφελεῖται
3018 4792 3076 4846 δὲ
3106 4791 3256 4846 οὐδὲν
3290 4793 3319 4845 6
3341 4792 3562 4862 τυφλὸς,
3597 4792 3714 4847 ἀλλ’

2132 4879 2193 4931 οὺ
2224 4879 2316 4933 διὰ
2344 4881 2503 4937 τοῦτο
2527 4883 2623 4953 τῆς
2653 4883 2886 4955 ⁴ἡλιακῆς
2932 4882 2998 4937 ἂν
3039 4882 3277 4951 εὐλόγως
3307 4884 3714 4955 κατηγορῆσαι-

2136 4988 2236 5041 μεν
2274 4972 2478 5043 αὐγῆς·
2531 4973 2909 5044 αἰτιασώμεθα
2955 4974 3011 5029 δὲ
3053 4973 3253 5045 μᾶλλον
3302 4974 3363 5027 τὸ
3403 4974 3503 5043 τῆς
3540 4975 3713 5044 ὅψεως

2134 5065 2305 5129 πάθος
2343 5067 2398 5137 (ἡ
2449 5062 2548 5138 μὲν
2592 5066 2701 5136 γὰρ
2744 5066 3047 5136 ἐφώτιζεν,
3100 5068 3135 5138 ή
3184 5067 3242 5119 δὲ
3290 5066 3381 5121 τὸν
3432 5067 3713 5138 φωτισμὸν

2129 5156 2230 5210 οὐκ
2253 5158 2513 5228 ὲδέχετο)’
2538 5158 2713 5224 οὕτως
2732 5155 2885 5231 οἶμαι
2907 5160 3017 5214 δεῖν
3041 5159 3134 5213 καὶ
3155 5159 3248 5213 ἐπὶ
3267 5158 3361 5211 τοῦ
3376 5157 3711 5227 Μονογενοῦς

2127 5248 2348 5313 ἐννοεῖν,
2384 5249 2465 5303 ὅτι
2503 5249 2619 5319 φῶς
2648 5249 2749 5321 μέν
2764 5252 2882 5305 ἐστι
2908 5250 2971 5304 τὸ
2996 5248 3272 5320 ἀληθινὸν,
3299 5250 3329 5301 6
3361 5249 3415 5302 δὲ
3456 5247 3588 5312 Θεὸς
3616 5245 3709 5302 τοῦ

2126 5338 2323 5403 αἰῶνος
2354 5340 2570 5407 τούτου,
2601 5341 2747 5396 καθὰ
2774 5343 2866 5397 καὶ
2905 5344 2935 5395 6
2964 5340 3175 5405 Παῦλός
3214 5357 3399 5411 φησιν,
3432 5339 3708 5409 ἐτύφλωσε

2123 5431 2194 5486 τά
2236 5433 2485 5502 νοήματα
2523 5433 2634 5487 τῶν
2676 5434 2943 5500 ἀπίστων,
2970 5435 3051 5500 είς
3086 5432 3150 5488 τὸ
3180 5432 3255 5506 μὴ
3288 5432 3583 5501 διαυγάσαι
3616 5432 3709 5485 τὸν

2123 5524 2402 5594 φωτισμὸν
2428 5526 2486 5577 ἐν
2506 5525 2691 5590 αὐτοῖς
2717 5526 2816 5597 τῆς
2840 5524 3098 5595 γνώσεως
3117 5524 3213 5581 τοῦ
3240 5522 3398 5579 θεοῦ.
3423 5522 3708 5590 Τύφλωσιν

2128 5617 2184 5670 δέ
2219 5634 2399 5688 φαμεν
2444 5618 2541 5692 τὴν
2570 5621 2626 5673 ὲν
2660 5618 2870 5686 τούτοις
2913 5621 3213 5692 ὑποττῆναι
3264 5617 3353 5672 τὸν
3393 5614 3704 5686 ἄνθρωπον,
