4156 6512
430 381 456 432 1
473 382 546 438 49

1563 381 1628 435 l.\'
1659 382 1949 438 JOANNIS
1992 381 2446 441 EVANGELIUM
2489 383 2616 439 LIB.
2655 383 2694 437 Ι.

3658 378 3760 434 ίῖῗθ

428 479 540 532 οὐκ
594 479 680 541 είς
721 477 1023 550 ὁλόκληρον
1068 476 1163 533 τοῦ
1201 435 1409 548 ⁸φωτὸς
1470 481 1706 551 ἐρημίαν
1755 481 2041 552 ἐρχόμενοι

2157 483 2285 536 data
2315 479 2730 553 intelligeiuia),
2764 478 2860 534 sed
2887 477 3039 548 quod
3080 475 3295 532 inertia:
3318 474 3510 530 habitu
3542 486 3756 531 exstin-

431 568 704 636 (σώζεται
749 569 861 641 γὰρ
901 572 961 624 ἐν
991 573 1058 642 τῇ
1094 570 1252 640 φύσει
1293 571 1511 634 πάντως
1541 573 1573 640 ἡ
1613 572 1892 634 θεόσδοτος
1924 570 2051 624 σύν-

427 669 617 732 εσις)·
648 662 768 716 ἀλλ’
793 664 872 727 είς
906 662 1024 730 ἕξιν
1046 661 1436 734 ἀμαθεστέραν
1469 662 2050 736 κατασϐενίξνῇμενον,

428 757 534 811 καὶ
564 757 689 820 ταῖς
719 757 818 810 ἐπὶ
844 755 915 810 τὰ
943 758 1118 842 χείρω
1155 761 1545 829 παρατροπαῖς
1569 758 2056 832 καταμαραίνοντά

429 865 562 912 πως
602 850 700 902 καὶ
755 851 1142 920 κατατήκοντα
1183 851 1246 904 τὸ
1277 851 1380 922 τῆς
1425 851 1651 922 χάριτος
1697 852 1928 923 μέτρον⁶
1965 853 2054 907 διά

422 941 601 994 ⁴τοῦτο
645 941 742 994 καὶ
776 945 805 996 ὁ
851 943 1164 1013 σοφώτατος
1197 944 1454 1016 Μελῳδὺς
1481 985 1494 1009 ,
1540 945 1630 998 ὅτε
1673 945 1766 998 τὸν
1808 945 2052 1000 τοιοῦτον

425 1035 571 1104 ἡμῖν
622 1032 918 1106 ἄνθρωπον
961 1036 1352 1108 ὑποκρίνεται,
1401 1039 1524 1092 τότε
1571 1039 1638 1110 δὴ
1683 1039 1780 1092 καὶ
1821 1039 2054 1104 δικαίως

431 1128 924 1196 καταφωτίζεσθαι
959 1129 1306 1202 παρακαλεῖ,
1361 1131 1538 1202 λέγων
1583 1133 1662 1198 ὡς
1711 1134 1850 1207 πρὸς
1877 1134 2049 1190 Θεὸν·

435 1238 457 1271 ι
500 1220 892 1291 Ἀποκάλυψον
921 1222 1050 1286 τοὺς
1080 1222 1397 1295 ὀφθαλμούς
1437 1242 1564 1296 μου,
1597 1227 1696 1282 καὶ
1724 1230 2053 1300 κατανοήσω

424 1314 502 1367 τὰ
525 1314 816 1386 θαυμάσιά
857 1334 952 1370 σου
992 1318 1057 1371 ἐκ
1093 1316 1190 1371 τοῦ
1221 1319 1388 1390 νόμου
1419 1336 1515 1374 σου
1535 1337 1552 1355 ο
1591 1338 1609 1372 ι
1641 1321 1807 1393 νόμον
1831 1322 1941 1393 γὰρ
1973 1324 2052 1387 είς

427 1407 700 1479 βοήθειαν
730 1408 932 1476 ἔδωκε,
973 1410 1034 1463 τὸ
1061 1406 1206 1464 θετον
1248 1413 1308 1465 ἐν
1345 1413 1481 1484 ἡμῖν
1528 1415 2052 1488 ἀναξωπυρήσαντα

429 1501 599 1570 φῶς,
666 1502 760 1555 καὶ
830 1501 1023 1574 ὥσπερ
1085 1505 1211 1560 τινὰ
1261 1504 1444 1578 λήμην
1497 1507 1609 1560 τῶν
1661 1508 1763 1579 τῆς
1823 1509 2052 1580 καρδίας

424 1591 739 1661 ὀφθαλμῶν
803 1593 1213 1666 ἐκκαθαίρονται
1260 1597 1354 1651 τὸν
1407 1597 1467 1664 ἐξ
1525 1599 1762 1670 ἀρχαίας
1810 1601 2051 1670 ἀμαθίας

426 1686 826 1756 ἐπισκήψαντα
881 1688 1197 1760 ποτισμὸν.
1269 1690 1627 1765 Ἀχαριστίας
1665 1689 1760 1747 οὖν
1806 1693 1922 1764 ἅμα
1957 1695 2051 1748 καὶ

423 1778 806 1850 ἀναισθησίας
837 1780 866 1833 6
897 1782 1102 1852 κόσμος
1147 1783 1206 1837 ἐν
1249 1782 1465 1847 τούτοις
1501 1786 1765 1856 ὑπομένει
1802 1788 2044 1859 γραφὴν,

421 1872 528 1925 καὶ
556 1870 651 1925 τὸν
701 1874 904 1927 οἰκεῖον
949 1875 1228 1946 ἀγνοήσας
1273 1854 1696 1948 γενεσιουργδν,
1743 1854 1954 1933 καλ-τὸν
1981 1854 2044 1934 ἐκ
2080 1854 2119 1909 Β

423 1965 527 2019 τοῦ
558 1967 910 2036 πεφωτίσθαι
937 1968 1151 2040 καρπον
1195 1970 1295 2024 οὐκ
1344 1970 1551 2039 ἀγαθὸν
1593 1972 1903 2038 ἐπιδείξας,
1957 1974 2044 2028 ἵνα

431 2060 675 2130 φανῆται
708 2059 897 2114 λοιπὸν
938 2062 1025 2115 ἐπ’
1062 2061 1214 2133 αὐτῷ
1247 2063 1473 2117 κάκεῖνο
1518 2065 1682 2118 πάλιν
1721 2065 1942 2138 ἀληθὲς,
1981 2066 2043 2119 τὸ

424 2152 516 2220 ἐφ’
552 2153 693 2217 υἱοῖς
735 2152 955 2225 Ἰσραὴλ
998 2153 1086 2207 διὰ
1133 2156 1488 2228 προφητικῆς
1520 2157 1781 2229 ᾀδόμενον
1827 2158 2036 2228 φωνῆς·

425 2258 447 2289 ι
497 2241 736 2312 ’Ἑμεινα
766 2241 861 2295 τοῦ
905 2244 1135 2314 ποιῆσαι
1169 2245 1452 2318 σταφυλὴν
1475 2287 1490 2313 ,
1525 2247 1752 2318 ἐποίησε
1783 2249 1839 2302 δέ
1869 2250 2041 2303 ἀκάν-

417 2329 553 2395 θας.
598 2352 619 2385 ι
653 2327 765 2388 Ἦν
812 2333 923 2405 γὰρ
962 2333 1134 2400 ὅντως
1174 2338 1202 2389 6
1258 2336 1354 2390 τοῦ
1405 2338 1750 2406 -πεφωτίσθαι
1803 2339 2036 2409 καρπὸς,

420 2425 455 2493 ἡ
494 2423 708 2496 ἀληθὴς
759 2427 888 2500 περὶ
937 2426 1032 2480 τοῦ
1064 2427 1410 2496 Μονογενοῦς
1437 2429 1694 2501 διάληψις
1717 2471 1731 2493 ,
1785 2432 2034 2502 σταφυλή

2155 581 2360 646 guatur
2403 588 2468 629 ea
2519 573 2634 635 lux,
2667 581 2722 628 et
2761 570 3126 628 conversione
3170 569 3238 624 ad
3274 569 3404 623 vitia
3450 577 3758 624 marcescat

2155 665 2348 738 gratiae
2372 665 2570 723 modus
2609 677 2773 737 atque
2801 665 3185 722 contabescat.
3227 663 3498 729 Quocirca
3537 661 3756 731 sapien-

2157 761 2427 816 tissimus~
2460 758 2780 824 Psalmista,
2818 759 3133 816 istiusmodi
3161 757 3403 813 heminis
3457 770 3754 828 personam

2153 851 2493 924 agens,jure
2521 866 2554 906 a
2585 851 2697 907 Deo
2723 852 3034 906 illuminari
3066 851 3204 921 petit
3233 850 3320 906 his
3350 850 3569 908 verbis:
3594 867 3613 900 ι
3646 848 3756 902 Re-

2157 946 2276 1002 vela
2308 946 2502 1002 oculos
2535 961 2711 1013 meos,
2744 953 2800 1000 et
2829 943 3198 999 considerabo
3224 942 3500 998 mirabilia
3536 941 3604 997 de
3638 941 3756 1008 lege

2157 1048 2252 1096 tua
2285 1041 2355 1095 ¹⁹.
2394 1058 2414 1092 ι
2449 1037 2648 1109 Legem
2683 1039 2889 1109 quippe
2917 1039 2970 1092 in
3007 1036 3275 1091 auxilium
3313 1034 3488 1097 dedit,
3512 1048 3632 1102 qua:
3671 1032 3755 1087 di-

2154 1139 2348 1192 vinum
2385 1137 2443 1191 in
2487 1136 2649 1191 nobis
2691 1136 2878 1190 lumen
2920 1134 3149 1198 excitet,
3185 1140 3239 1187 et
3266 1131 3475 1186 veteris
3520 1129 3756 1184 inscitizc

2155 1229 2450 1303 caliginem
2467 1246 2568 1286 ceu
2597 1230 2990 1300 lippitudinem
3018 1227 3316 1300 quamdam
3341 1241 3406 1280 ex
3429 1224 3608 1280 oculis
3633 1237 3757 1278 cor-

2151 1322 2243 1380 dis
2276 1323 2546 1393 detergat.
2602 1320 2806 1393 Ingrati
2839 1336 2974 1391 ergo
3006 1318 3178 1375 animi
3222 1326 3278 1374 et
3315 1316 3566 1388 stuporis
3597 1331 3754 1370 mun-

2154 1414 2262 1470 dus
2293 1414 2387 1469 hic
2415 1413 2756 1485 postulatur,
2794 1413 2888 1483 qui
2922 1422 2976 1468 et
3007 1427 3167 1467 suum
3199 1416 3484 1464 auctorem
3531 1407 3756 1477 ignora-

2154 1508 2252 1573 vit,
2282 1515 2340 1563 et
2370 1506 2796 1561 illuminationis
2823 1520 2940 1562 suae
2976 1503 3220 1559 fructum
3261 1518 3372 1557 non
3404 1503 3610 1557 bonum
3637 1500 3755 1556 edi-

2153 1600 2254 1663 dit,
2293 1607 2354 1653 ut
2394 1599 2528 1653 illud
2565 1599 2634 1655 de
2669 1598 2790 1669 ipso
2821 1598 3043 1652 demum
3091 1597 3220 1667 jure
3259 1596 3365 1650 dici
3401 1595 3578 1666 possit
3609 1594 3754 1664 quod

2153 1691 2220 1747 de
2255 1691 2384 1745 ﬁliis
2416 1688 2582 1745 Israel
2630 1689 2958 1761 prephetica
3003 1703 3142 1742 voce
3177 1686 3557 1758 przedicatur:
3596 1709 3614 1735 ι
3650 1683 3752 1737 Ev-

2153 1783 2398 1855 spectavi
2430 1782 2719 1838 utfaceret
2737 1795 2899 1834 uvam
2931 1787 2987 1835 et
3011 1778 3139 1834 fecit
3165 1777 3442 1848 spinas”.
3464 1796 3482 1828 ι
3514 1775 3755 1831 Fructus

2153 1877 2301 1932 enim
2362 1875 2789 1930 illuminationi-s
2845 1874 3043 1936 istius,
3102 1871 3384 1942 Unigeniti
3437 1878 3589 1924 certe
3637 1878 3756 1924 erat

2153 1969 2380 2041 agnitio,
2414 1984 2522 2022 non
2560 1982 2724 2022 secus
2767 1981 2835 2021 ac
2858 1981 2986 2030 uva,
3037 1981 3104 2021 ex
3148 1965 3394 2019 hominis
3448 1971 3631 2018 men-te
3672 1961 3752 2016 ni-

2153 2062 2354 2115 mirum
2398 2077 2500 2115 ceu
2555 2059 2815 2114 malleolo
2860 2058 3130 2129 pendens,
3175 2071 3285 2111 non
3315 2063 3502 2112 autem
3545 2055 3636 2110 illa
3671 2064 3752 2109 te-

2152 2154 2406 2220 meritas,
2443 2169 2567 2224 quae
2600 2153 2885 2208 hominum
2916 2167 3094 2224 genus
3127 2152 3192 2207 ad
3232 2151 3574 2207 astruendos
3612 2150 3753 2206 ntul-

2149 2245 2370 2316 tiplices
2416 2245 2550 2301 deos
2596 2241 2889 2316 pertrahit,
2931 2244 3110 2300 instar
3161 2244 3429 2300 aculeata?
3470 2244 3648 2314 spinae
3698 2243 3749 2298 in
3795 2291 3815 2307 ,

2150 2338 2315 2394 nobis
2346 2337 2638 2395 suboritnr
2671 2346 2731 2394 et
2779 2337 3029 2395 animum
3060 2337 3353 2394 erroribus
3403 2337 3472 2392 ad
3517 2344 3748 2392 mortem

2145 2432 2422 2487 vulnerat.

413 2539 510 2586 τις
553 2522 750 2594 ὥσπερ
811 2524 1144 2596 κληματίδος
1194 2525 1564 2599 ἐξηρτημένη,
1605 2531 1706 2600 τῆς
1757 2527 2050 2599 ἀνθρώπου
2087 2529 2352 2594 διανοίας,
2387 2528 2553 2599 φημὶ,
2602 2530 2696 2582 καὶ
2727 2527 2942 2600 οὐχὶτὸ
2972 2529 3237 2593 ἐναντίον,
3273 2530 3306 2599 ἡ
3343 2529 3423 2592 είς
3490 2525 3752 2580 πολύθεον

413 2612 664 2666 ἕλκουσα
705 2613 914 2684 πλάνην
951 2614 1205 2681 ἀϐουλία,
1255 2616 1435 2682 ὀξείας
1484 2617 1734 2689 ἀκάνθης
1777 2617 1935 2688 δίκην
1976 2619 2034 2672 ἐν
2073 2620 2210 2690 ἡμῖν
2238 2618 2629 2686 ἀνατέλλουσα,
2661 2623 2757 2674 καὶ
2782 2621 3101 2692 πλήττουσα
3160 2623 3300 2693 πρὸς
3364 2619 3598 2674 θάνατον
3631 2621 3751 2690 ταῖς

415 2704 671 2769 ἀπάταις
697 2703 789 2761 τὸν
816 2706 964 2760 νοῦν.

487 2805 599 2868 Εἰς
637 2803 710 2857 τὰ
752 2803 874 2857 ἴδια
906 2799 1092 2875 ἦλθε,
1129 2804 1226 2859 καὶ
1267 2807 1322 2859 οἱ
1361 2803 1503 2860 ἴδιοι
1551 2805 1739 2861 αὐτὸν
1785 2805 1857 2860 οὐ
1897 2821 2046 2874 παρ-

419 2895 671 2949 ἐλαϐεν.

507 2987 812 3040 Ἐπιτείνει
854 2987 952 3060 τὴν
982 2989 1283 3057 ἀπολογίαν
1312 2989 1340 3043 6
1389 2989 1794 3060 εὐαγγελιστὴς
1831 2988 1925 3043 τοῦ
1966 2989 2041 3060 μὴ

411 3080 736 3150 ἐγνωκέναι
777 3081 870 3136 τὸν
922 3082 1127 3153 κόσμον
1182 3084 1276 3137 τὸν
1325 3083 1636 3154 φωτίζοντα
1669 3083 1852 3150 αὐτὸν,
1895 3084 2041 3137 τοῦτ’

2218 2799 2399 2881 891,
2430 2803 2518 2858 H.
2543 2801 2609 2857 In
2636 2805 2857 2875 praprr'a
2880 2804 3015 2860 venit
3059 2812 3111 2860 et
3143 2805 3229 2858 sui
3253 2820 3373 2860 eum
3403 2823 3507 2860 non
3547 2823 3751 2877 recepe-

2146 2903 2290 2960 runt,

2217 2990 2411 3062 Pergit
2441 2989 2780 3060 evangelista
2807 2989 2860 3043 in
2888 2989 3169 3045 reddenda
3202 2991 3438 3054 ratione,
3469 3007 3572 3046 cur
3598 3008 3750 3046 mutt-

2147 3081 2250 3136 dus
2280 3097 2393 3136 non
2423 3081 2710 3152 agnoverit
2740 3095 2868 3135 eunt
2903 3096 2933 3135 a
2966 3097 3078 3152 quo
3113 3082 3482 3148 illuminatur,
3523 3085 3630 3139 hoc
3663 3100 3748 3139 est

413 3175 543 3228 ἔστι
569 3213 585 3236 ,
632 3173 724 3228 τὸν
757 3173 1076 3246 Μονογενῆ,
1129 3176 1226 3230 καὶ
1259 3176 1371 3230 ἀπὸ
1414 3179 1512 3247 τῆς
1559 3176 1802 3248 χείρονος
1840 3177 1948 3230 τῶν
1981 3176 2041 3242 ἐξ

2149 3173 2529 3244 Unigenitum,
2587 3181 2642 3230 et
2686 3173 2972 3244 proposito
3014 3175 3254 3246 graviori
3298 3186 3526 3246 peccato
3575 3177 3749 3234 lsrae-

429 3263 661 3336 Ἰσραὴλ
712 3265 1015 3336 ἁμαρτίας,
1057 3269 1152 3321 καὶ
1194 3267 1264 3320 τὰ
1309 3268 1419 3321 τῶν
1473 3267 1648 3322 ἐθνῶν
1705 3271 2038 3341 ἐγκλήματα

2145 3268 2390 3333 litarum,
2444 3268 2689 3341 gentium
2726 3284 2948 3340 quoque
2972 3269 3192 3339 culpam
3240 3269 3573 3325 conﬁrmare
3617 3271 3747 3326 uiti-

417 3356 722 3427 κρατύνειν
747 3358 1054 3426 ἐπείγεται,
1087 3360 1183 3414 καὶ
1204 3362 1304 3432 τὴν
1330 3361 1723 3434 ἐπισκήψασαν
1742 3363 1821 3433 τῷ
1844 3363 2039 3434 κόσμῳ

419 3449 766 3521 δυσμαθείας
792 3467 852 3504 τε
903 3450 1041 3522 ὁμοῦ
1070 3454 1162 3507 καὶ
1189 3454 1476 3518 ἀπειθείας
1503 3455 1837 3510 ἐπιδεικνύει
1861 3457 2035 3511 νόσον.

416 3545 780 3616 Εῠαφόρμως
809 3546 866 3598 δέ
892 3545 1018 3600 λίαν
1041 3549 1122 3610 εἰς
1149 3547 1241 3601 τὸν
1270 3549 1402 3620 περὶ
1432 3549 1532 3620 τῆς
1560 3550 2038 3621 ἐνανθρωπήσεως

419 3636 738 3692 εἰσελαύνει
770 3637 964 3708 λόγον,
1007 3639 1102 3693 καὶ
1142 3639 1414 3712 καθέρπει
1459 3641 1648 3696 λοιπὸν
1691 3641 1749 3708 ἐξ
1796 3643 2037 3714 ἀκράτου

421 3731 713 3801 θεολογίας
756 3734 838 3796 εἰς
883 3731 1147 3805 ἐξήγησιν
1177 3734 1494 3806 οἰκονομίας
1523 3735 1625 3806 τῆς
1657 3735 1797 3807 μετά
1827 3735 2039 3808 σαρκώ·

420 3841 588 3888 σεως,
622 3826 690 3896 ἣν
717 3826 1018 3895 ἐποιήσατο
1043 3827 1110 3880 δι’
1140 3829 1288 3898 ἡμᾶς
1318 3829 1346 3881 6
1381 3829 1531 3892 Υἱός.
1565 3829 1896 3899 Θαυμαστὸν
1928 3829 2038 3901 γὰρ

413 3918 601 3981 οὐδὲν,
638 3920 687 3971 εί
720 3919 796 3990 μὴ
837 3918 1012 3988 ἔγνω,
1053 3921 1253 3991 φησὶν,
1297 3922 1326 3974 6
1366 3921 1573 3992 κόσμος
1607 3921 1698 3975 τὸν
1725 3921 2034 3995 Μονογενῆ,

413 4011 526 4082 τῆς
569 4011 673 4083 μὲν
713 4011 992 4084 ἀνθρώπῳ
1018 4012 1339 4085 πρεπούσης
1401 4015 1676 4078 συνέσεως
1703 4015 2040 4089 ἐκδεδραμη-

415 4103 560 4168 κὼς,
593 4105 690 4157 καὶ
730 4106 812 4159 ὅτι
849 4105 949 4176 μὲν
984 4107 1044 4159 ἐν
1077 4108 1218 4178 τιμῇ
1261 4106 1323 4159 τέ
1368 4109 1484 4160 ἐστι
1530 4109 1624 4160 καὶ
1669 4107 1896 4180 γέγονεν
1935 4108 2039 4163 οὐκ

415 4196 608 4262 εἰδὼς,
648 4197 1025 4268 παραϐληθείς
1070 4216 1131 4252 τε
1181 4202 1295 4262 τοῖς
1332 4200 1559 4271 κτήνεσι
1605 4202 1717 4264 τοῖς
1759 4201 2034 4272 ἀνοήτοις,

416 4288 686 4359 καθάπερ
717 4285 812 4344 οὖν
840 4290 938 4343 καὶ
977 4291 1005 4344 6
1037 4291 1181 4356 θεῖος
1212 4291 1416 4362 ἔφασκε
1448 4292 1704 4364 Μελῳδδς
1726 4335 1738 4356 ,
1772 4294 1909 4346 ὅπου
1941 4294 2038 4348 καὶ

413 4383 591 4447 αὐτὸς
626 4384 658 4436 6
695 4385 1002 4456 προσήκειν
1045 4386 1191 4450 ἰδίως
1236 4386 1389 4463 αὐτῷ
1440 4386 1595 4458 παρὰ
1642 4389 1778 4442 πᾶσι
1821 4388 2036 4460 νοηθεὶς

411 4475 552 4539 λαὸς
612 4477 947 4532 ἀπεσείσατο
997 4480 1253 4551 ’παρόντα
1306 4479 1449 4550 μετά
1496 4481 1738 4550 σαρκὸς,
1789 4481 1884 4534 καὶ
1941 4481 2036 4534 ἐπὶ

2143 3367 2256 3427 tur,
2284 3370 2338 3417 et
2374 3360 2700 3416 incubuisse
2742 3363 2946 3416 mundo
2977 3361 3214 3417 inscitiae
3249 3361 3416 3417 simul
3465 3369 3521 3417 et
3567 3363 3749 3417 incre—

2143 3455 2396 3513 dulitatis
2439 3457 2695 3514 morbum
2739 3457 3008 3512 ostendit.
3056 3455 3224 3512 Valde
3265 3465 3450 3511 autem
3495 3459 3749 3528 apposite

2143 3549 2211 3604 ad
2239 3547 2582 3604 mentionem
2611 3548 2680 3604 de
2712 3550 3102 3604 incarnatione
3146 3549 3455 3604 faciendam
3489 3550 3662 3617 subit,
3694 3558 3748 3604 et

2143 3656 2174 3695 a
2216 3642 2521 3712 purissima
2569 3643 2660 3696 illa
2713 3625 3235 3713 theologia'irrepit
3282 3643 3504 3702 demum
3544 3644 3610 3697 ad
3650 3659 3749 3698 οε·-

2142 3735 2456 3807 plicandam
2524 3736 2940 3792 incarnationis
2991 3737 3517 3808 dispensationem,
3579 3752 3744 3807 quam

2140 3831 2368 3892 propter
2400 3837 2502 3876 nos
2555 3823 2690 3878 fecit
2737 3821 2934 3879 Filius.
2985 3822 3187 3879 Mirum
3225 3825 3430 3897 quippe
3463 3826 3600 3881 nihil
3632 3836 3745 3888 est,

2143 3915 2344 3985 inquit,
2383 3916 2430 3970 si
2469 3916 2710 3970 mundus
2747 3915 3112 3988 Unigenitum
3154 3934 3265 3973 non
3307 3920 3621 3989 agnoverit,
3654 3922 3746 3990 qui

2141 4023 2171 4062 a
2201 4017 2354 4067 recta
2388 4009 2736 4080 intelligendi
2771 4011 2854 4063 via
2890 4010 3271 4076 deﬂexe'rit,et
3306 4029 3421 4067 sum
3455 4012 3746 4084 dignitatis

2142 4101 2370 4173 ignarus
2403 4111 2762 4171 comparatus
2799 4105 2870 4158 sit
2914 4104 3187 4174 jumcmis
3228 4104 3644 4174 insipientibus,
3688 4115 3748 4162 ut

2139 4197 2366 4253 divinus
2399 4196 2698 4252 Psalmista
2733 4198 2937 4253 cecinit
2969 4199 3036 4263 ²¹,
3072 4213 3199 4253 cum
3243 4199 3361 4269 ipse
3391 4217 3617 4272 quoque
3651 4219 3748 4273 po-

2139 4292 2327 4362 pulus,
2387 4307 2550 4360 quem
2600 4291 2704 4347 sibi
2760 4307 2873 4362 pra:
2923 4292 3144 4347 caeteris
3190 4293 3529 4364 peculiarem
3576 4297 3746 4369 elegit

2143 4383 2310 4447 Deus,
2347 4385 2399 4439 in
2439 4401 2608 4441 came
2661 4391 2989 4454 prmsen-tem
3047 4385 3339 4456 ahjeccrit,
3377 4395 3432 4443 et
3474 4403 3604 4442 eum
3648 4393 3743 4461 qui

2135 4479 2207 4533 ad
2243 4479 2492 4533 omiiium
2543 4479 2777 4534 salutem
2828 4480 3128 4535 advenerat
3175 4481 3431 4552 excipere
3476 4484 3744 4548 noluerit,

413 4571 681 4644 σωτηρίᾳ
712 4573 936 4627 πάντων
971 4573 1394 4644 ἐπιδημήσαντα
1431 4571 1619 4625 λαϐεῖν
1647 4574 1746 4626 οὐκ
1771 4573 2030 4645 ἠθέλησε,

2145 4572 2396 4641 quamvis
2441 4570 2601 4625 fidem
2653 4587 2821 4643 regno
2864 4572 3133 4628 caelorum
3182 4585 3584 4632 remuneraret.
3630 4575 3745 4630 Διί-ο

407 4665 518 4735 τὴν
543 4663 658 4719 τῶν
679 4665 930 4737 οὐρανῶν
955 4665 1239 4736 βασιλείαν
1269 4665 1369 4735 τῆς
1402 4665 1641 4731 πίστεως
1672 4667 2032 4725 ἀντιδιδόντα.

425 4762 725 4832 Ἐπιτήρει
753 4761 812 4814 δὲ
845 4762 993 4824 ὅπως
1031 4761 1258 4829 γέγονεν
1290 4760 1538 4832 ἀσφαλὴς
1573 4763 1601 4815 6
1646 4763 1775 4833 περὶ
1826 4763 2035 4817 τούτων

409 4854 601 4921 λόγος.
639 4852 744 4906 Τοῦ
783 4854 884 4925 μὲν
925 4853 1034 4926 γὰρ
1067 4854 1274 4922 κόσμου
1321 4853 1380 4906 τὸ
1431 4853 1679 4923 μηδὸλως
1722 4855 2028 4923 ἐγνωκέναι

404 4947 511 5004 τὸν
572 4945 881 5016 φωτίζοντα
926 4947 1244 5017 κατηγορεῖ.
1277 4944 1611 5018 συγγνώμην
1655 4945 1847 5018 ὥσπερ
1877 4946 2029 5018 αὐτῷ

403 5040 650 5104 δικαίως
671 5039 760 5094 διὰ
787 5037 981 5093 τούτου
1011 5039 1565 5110 πραγματευόμενος,
1600 5039 1694 5091 καὶ
1724 5039 1824 5110 τῆς
1854 5038 2026 5092 δοθεί-

405 5150 522 5206 σης
549 5131 703 5203 αὐτῷ
725 5131 948 5203 χάριτος
969 5130 1225 5203 ἀφορμὰς
1248 5131 1505 5200 εὐλόγους
1524 5131 1834 5204 προδιοικού
1844 5149 2026 5204 μενος·

403 5226 508 5281 ἐπὶ
536 5225 596 5278 δέ
625 5241 692 5294 γε
724 5224 835 5280 τῶν
864 5225 925 5290 ἐξ
967 5223 1207 5301 Ἰσραὴλ,
1241 5225 1290 5278 οἳ
1331 5229 1426 5280 καὶ
1459 5228 1517 5280 ἐν
1555 5225 1712 5296 μέρει
1743 5225 1852 5279 τῶν
1877 5225 2027 5290 ἰδίως

402 5318 570 5389 αὐτῷ
601 5317 991 5390 προσηκόντων
1013 5318 1360 5387 ἐτετάχαντο,
1408 5317 1471 5370 τὺ
1499 5336 1518 5370 ι
1546 5318 1620 5372 Οὐ
1656 5318 1970 5390 παρέλαϐον
2002 5337 2020 5370 ι

399 5411 635 5482 τίθησιν
662 5427 675 5440 ·
713 5411 773 5465 οὐ
812 5411 923 5482 γὰρ
951 5407 1018 5482 ἦν
1048 5409 1387 5482 ἀληθεύοντα
1410 5410 1590 5479 λέγειν
1610 5453 1623 5474 ,
1666 5429 1684 5461 ι
1713 5412 1827 5465 Οὐκ
1857 5410 2029 5481 ἔγνω⁴

403 5522 538 5568 σαν,
579 5524 597 5556 ι
627 5504 795 5574 νόμου
845 5503 944 5574 μὲν
987 5502 1348 5575 ἀρχαιοτέρου
1380 5502 1768 5576 κηρύττοντος,
1811 5521 2027 5576 προφηο

395 5595 611 5653 τῶνδέ
645 5595 757 5649 τῶν
790 5596 910 5668 μετ’
946 5597 1154 5651 ἐκεῖνον
1184 5595 1680 5666 παιδαγωγούντων
1711 5597 1910 5661 αὐτοὺς
1931 5596 2025 5650 ἐπὶ

397 5690 512 5762 τὴν
537 5688 643 5760 τῆς
672 5686 936 5759 ἀληθείας
965 5688 1292 5760 κατάληψιν.
1319 5689 1540 5744 Δίκαιον
1560 5685 1653 5744 οὖν
1678 5690 1790 5761 ἄρα
1812 5688 1906 5744 κα)⁸
1934 5689 2022 5742 ἐπ’

494 5871 537 5902 ²⁰
577 5869 726 5927 Psal.
759 5885 964 5940 cxvut,
1005 5870 1085 5927 l8.
1166 5871 1212 5905 ³ο
1253 5871 1358 5927 Isa.
1417 5889 1470 5938 τ,
1502 5873 1555 5926 2.

2140 4673 2291 4718 verte
2332 4681 2465 4720 vero
2494 4681 2660 4734 quam
2699 4668 2878 4723 solida
2916 4668 3028 4723 sint
3068 4681 3130 4723 ea
3180 4685 3302 4740 qua:
3356 4650 3444 4725 hic.
3480 4672 3550 4726 ab
3577 4687 3743 4727 evan-

2140 4757 2334 4827 gelista
2376 4757 2659 4812 dicuntur.
2715 4759 2976 4815 Mundum
3031 4773 3258 4817 accusat
3285 4801 3306 4828 ,-
3351 4763 3498 4834 quod
3538 4763 3745 4821 illumi—

2140 4860 2361 4905 nantcm
2413 4852 2565 4906 nullo
2611 4853 2774 4906 modo
2812 4855 3155 4924 cognoverit,
3202 4855 3412 4923 justam
3444 4857 3493 4911 ei
3527 4858 3744 4914 veniam

2140 4939 2244 4996 hoc
2276 4949 2438 5010 pacto
2468 4943 2638 4996 veluti
2668 4958 2940 5012 quzereus,
2965 4955 3018 5000 et
3046 4948 3440 5003 excusationes
3469 4949 3743 5019 legitimas

2139 5034 2280 5088 datae
2306 5035 2354 5090 ei
2391 5035 2586 5103 gratiae
2616 5044 2859 5091 struens.
2919 5037 2992 5092 De
3036 5039 3300 5096 Israelitis
3327 5057 3474 5106 vero,
3509 5061 3649 5111 quos
3686 5045 3738 5099 in

2135 5127 2470 5196 peculiarem
2510 5138 2716 5184 sortem
2768 5129 2874 5184 sibi
2938 5130 3082 5187 Deus
3147 5134 3449 5198 asciverat,
3509 5129 3737 5192 εει-ιωῑέ

2139 5238 2173 5277 ι.
2193 5219 2311 5277 Non
2345 5230 2696 5292 receperunt.
2741 5243 2758 5274 ι
2789 5222 2906 5278 Non
2940 5224 3086 5280 enim
3128 5245 3255 5282 vere
3282 5228 3467 5284 dicere
3502 5240 3736 5298 poterat,

2139 5333 2159 5368 ι
2197 5314 2317 5370 Non
2366 5325 2770 5387 cognoverunt,
2807 5335 2826 5368 ι
2877 5321 3062 5389 prisca
3117 5319 3232 5391 lege
3279 5321 3638 5391 praedicante,
3686 5331 3741 5377 ct

2134 5419 2260 5482 post
2284 5426 2406 5466 eam
2451 5411 2736 5482 prophetis
2771 5411 2838 5466 ad
2873 5414 3126 5468 veritatis
3172 5415 3736 5485 comprehensionem

2137 5504 2264 5561 illos
2292 5505 2702 5561 erudicntibus.
2751 5503 2992 5576 [Equum
3025 5522 3156 5576 ergo
3198 5507 3299 5560 fuit
3333 5509 3386 5560 in
3415 5521 3511 5558 eos
3537 5504 3734 5573 judicii

2134 5600 2486 5656 seVet'itatetu
2520 5599 2804 5666 adhibere,
2837 5609 2893 5654 ut
2929 5599 3191 5655 nimirum
3230 5613 3358 5669 erga
3403 5605 3596 5667 gentes
3640 5599 3737 5654 bo-

2133 5693 2386 5748 nitatem.
2429 5691 2667 5750 Mundus
2714 5693 2885 5756 enim,
2930 5690 3048 5747 sive
3098 5697 3312 5761 gentes,
3347 5703 3625 5744 concursu
3668 5690 3734 5744 ad

1673 5873 1713 5904 "
1752 5871 1897 5928 l’sal.
1929 5885 2120 5939 vant,
2156 5871 2242 5927 l5.
2321 5897 2323 5899 ί
