4156 6490
571 392 676 449 155

1598 391 1655 445 S.
1699 389 1975 446 CYRILLI
2019 384 2490 448 ALEXAI‘DRINI
2546 396 2871 457 ARCHIEP.

3728 418 3832 474 156

570 510 697 579 quis
721 522 819 565 eos
854 515 1074 579 putaret
1095 523 1154 564 ex
1186 508 1282 563 Dei
1308 523 1372 563 ac
1398 508 1580 564 Patris
1615 511 1927 565 substantia
1957 521 2139 565 revera

2253 513 2711 578 πεπιστευκότας,
2763 518 2850 571 ἵνα
2913 520 3078 591 μήτις
3127 524 3309 594 οἴηται
3350 527 3449 598 τῆς
3496 529 3689 594 οὐσίας
3735 533 3835 586 τοῦ

564 598 810 669 genitos,
857 606 914 654 et
946 615 1043 669 per
1069 599 1255 654 omnia
1292 600 1503 655 similes
1531 616 1656 655 esse
1702 600 2017 671 Uuigeuito,
2055 609 2150 654 aut

566 690 738 743 etiam
770 690 839 742 de
867 689 963 743 illo
1005 689 1231 745 abusive
1262 690 1370 746 dici
1406 710 1420 746 :
1456 709 1476 742 ι
1510 691 1589 745 Ex
1630 700 1788 746 utero
1829 699 1953 745 ante
1982 689 2146 745 Luci-

573 780 751 837 ferum
784 782 946 851 genui
980 790 1033 837 te
1064 782 1145 847 κς
1202 801 1221 833 ι
1274 790 1439 851 atque
1479 780 1554 834 ita
1584 780 1805 835 demum
1840 779 1896 832 in
1930 787 2148 833 creatu-

573 890 756 931 rarum
790 889 1041 932 naturam
1076 876 1194 947 ipse
1242 888 1462 945 quoque
1494 873 1906 936 tletruderetur,
1939 871 2070 926 licet
2116 886 2147 925 a

568 969 684 1024 Deo
718 970 939 1040 genitus
967 969 1207 1034 dicatur,
1236 968 1442 1023 idcirco
1467 968 1608 1021 hanc
1631 965 1948 1020 cautionem
1977 976 2148 1018 exco-

568 1063 729 1134 gitat.
762 1063 899 1119 Cum
925 1065 1071 1119 enim
1110 1069 1438 1133 potestatem
1466 1076 1495 1115 a
1522 1059 1763 1115 naturali
1792 1056 1934 1112 Filio
1960 1057 2148 1111 datam

570 1157 641 1212 iis
670 1170 794 1213 esse
812 1155 1042 1220 dixerit,
1082 1162 1143 1210 ut
1170 1153 1269 1209 lilii
1324 1150 1417 1209 Dei
1466 1152 1681 1216 ﬁerent,
1727 1150 2025 1220 adoptione
2063 1149 2149 1202 ni-

571 1250 774 1306 mirum
804 1256 860 1304 et
878 1250 1072 1320 gratia,
1091 1247 1309 1303 tandem
1334 1247 1611 1302 tutissime
1634 1243 1882 1313 subjicit,
1903 1261 1920 1293 ε
1943 1243 2018 1297 Ex
2038 1240 2150 1295 Deo

572 1347 687 1401 uati
708 1354 835 1401 sunt
850 1363 862 1398 :
878 1363 897 1397 ι
914 1354 972 1398 ut
986 1342 1176 1415 gratiae
1190 1356 1408 1411 quoque
1428 1338 1863 1409 magnitudinem
1875 1335 2145 1400 ostendat,

571 1454 679 1511 qua
713 1440 855 1511 quod
896 1438 1136 1493 alienum
1166 1444 1251 1492 est
1283 1450 1311 1488 a
1345 1433 1456 1489 Deo
1496 1448 1560 1487 ac
1584 1428 1766 1497 Patre,
1799 1429 1866 1484 ad
1899 1428 2020 1498 ejus
2052 1442 2150 1481 na-

572 1532 751 1585 turale
778 1527 1183 1601 quodammodo
1207 1525 1549 1580 consortium
1586 1523 1882 1592 colligitur,
1906 1527 1961 1575 et
2001 1517 2145 1588 quod

570 1637 788 1677 servum
820 1631 923 1685 est,
955 1619 1022 1674 ad
1054 1618 1269 1673 Domini
1298 1616 1638 1671 nobilitatem
1666 1614 1739 1669 ob
1771 1613 2145 1668 vehementem

568 1715 691 1782 ejus
720 1711 1045 1768 cbaritatem
1073 1710 1348 1766 evehitur.
1379 1707 1486 1764 Sed
1524 1707 1655 1779 quid
1694 1705 1894 1775 majus,
1935 1703 2149 1774 inquiet

571 1806 757 1861 forsan
794 1804 1016 1875 aliquis,
1046 1803 1130 1857 vel
1165 1801 1296 1872 quid
1326 1801 1512 1856 eximii
1544 1814 1656 1869 prae
1696 1797 1964 1853 lsraelitis
1997 1797 2143 1852 nacti

568 1906 698 1954 sunt
728 1898 942 1960 ﬁdeles,
966 1910 1096 1951 cum
1127 1902 1184 1950 et
1228 1893 1333 1964 ipsi
1363 1892 1625 1948 lsraelitae
1651 1891 1769 1946 nati
1812 1904 1937 1946 esse
1977 1906 2005 1944 a
2034 1889 2144 1945 Deo

567 1990 840 2053 dicantur,
870 1986 1027 2057 juxta
1065 1984 1200 2039 illud
1236 2001 1248 2038 :
1293 2003 1312 2037 ι
1361 1982 1532 2038 Filios
1562 1982 1749 2053 genui,
1794 1990 1849 2039 et
1876 1982 2139 2048 exaltari,

566 2089 621 2138 et
657 2082 762 2152 ipsi
791 2088 972 2135 autem
1020 2084 1348 2149 spreverunt
1380 2092 1466 2133 me
1507 2076 1571 2132 ”.
1613 2095 1633 2129 ι
1666 2076 1748 2132 Ad
1776 2076 1881 2131 hoc
1916 2091 2143 2146 respon-

565 2173 782 2237 demus,
830 2172 1068 2242 primum
1108 2169 1348 2238 quidem,
1396 2168 1542 2239 quod
1587 2183 1713 2223 cum
1763 2168 1847 2223 lex
1890 2167 2141 2223 umbram

569 2267 879 2321 futurorum
916 2264 1187 2320 bonorum
1215 2263 1462 2326 haberet,
1496 2277 1605 2316 non
1637 2270 1816 2317 autern
1846 2262 2019 2330 ipSam
2056 2275 2144 2316 re-

566 2373 690 2413 rum
717 2371 904 2412 veram
936 2357 1194 2427 speciem,
1230 2355 1306 2411 ita
1346 2370 1523 2426 neque
1550 2354 1694 2411 istud
1717 2353 1988 2411 lsraelitis
2016 2368 2144 2411 vere

558 2463 915 2513 concessum,
962 2447 1057 2504 sed
1096 2448 1275 2519 typice
1318 2454 1372 2503 et
1421 2449 1645 2519 ﬁgurate
1700 2447 2033 2517 descriptum
2086 2447 2140 2501 in

566 2541 703 2611 ipsis
741 2539 865 2606 fuit,
904 2559 923 2593 ‹
961 2539 1150 2611 Usque
1214 2537 1281 2595 ad
1331 2547 1544 2609 tempus
1590 2539 1953 2595 correctionis
1999 2538 2079 2603 ",
2117 2556 2136 2591 ι

560 2634 707 2690 sicut
736 2634 999 2705 scriptum
1031 2640 1133 2698 est,
1169 2647 1279 2703 quo
1316 2631 1582 2687 emersuri
1615 2642 1771 2687 erant
1806 2632 1902 2702 qui
1945 2631 2143 2686 decen-

564 2726 677 2781 tius
731 2733 896 2796 atque
925 2724 1108 2781 verius
1153 2732 1374 2794 prepter
1420 2724 1820 2779 iuhabitantem
1860 2722 2138 2794 Uuigeniti

566 2816 835 2886 Spiritum
872 2815 1092 2871 Patrem
1122 2813 1297 2870 Deum
1343 2816 1701 2885 appellarent.
1748 2814 1830 2870 Illi
1868 2815 2140 2885 siquidem

560 2909 837 2965 habebant
885 2928 903 2961 ι
948 2910 1208 2979 spiritum
1242 2908 1526 2964 servitutis
1559 2910 1617 2962 in
1659 2909 1877 2970 timore,
1909 2907 1964 2961 hi
2010 2922 2141 2961 vero

556 3001 817 3072 spiritum
846 2999 1165 3072 ad0ptionis
1198 2998 1456 3060 ﬁliorum,
1505 3018 1523 3051 ι
1557 3000 1611 3053 in
1647 2999 1973 3065 libertatem,
2024 3019 2042 3051 ι
2084 2999 2141 3056 in

553 3108 667 3164 quo
707 3093 1012 3148 clamamus
1037 3110 1049 3146 :
1079 3091 1232 3147 Abba
1260 3086 1423 3145 Pater
1444 3090 1510 3143 ⁸⁸.
1536 3112 1557 3143 o
1577 3090 1749 3162 Igitur
1775 3091 2010 3162 populus
2044 3106 2140 3162 per

2249 601 2385 656 Θεοῦ
2418 605 2513 658 καὶ
2532 606 2748 680 Πατρδς
2770 610 3137 681 ἐκπεφυκέναι
3174 616 3313 670 κατὰ
3332 618 3589 691 ἀλήθειαν
3609 622 3838 689 αὐτοὺς,

2250 697 2344 750 καὶ
2381 699 2460 762 είς
2496 699 2918 772 ἀπαράλλακτον
2956 707 3250 779 ὁμοιότητα
3282 710 3497 783 τρέχειν
3540 713 3617 784 τῷ
3652 716 3832 770 Μονο-

2248 794 2413 861 γενεῐ,
2436 793 2469 863 ἢ
2487 794 2580 847 καὶ
2602 792 2724 849 κατ’
2739 794 2946 851 ἐκείνου
2962 815 3209 872 καταχρη
3217 802 3444 856 στικώτε
3451 822 3543 875 ρον
3554 806 3835 874 λέγεσθαι,

2249 880 2344 946 τὸ,
2382 900 2401 933 ι
2459 882 2552 935 Ἐκ
2579 886 2814 955 γαστρὸς
2857 888 2964 959 πρὸ
2996 889 3274 962 ἐωσφόρου
3324 890 3654 965 ἐξεγέννησά
3683 913 3762 963 σε,
3808 917 3829 949 ι

2248 970 2390 1025 οῦτω
2417 989 2477 1026 τε
2517 974 2702 1029 λοιπὸν
2744 979 2824 1042 είς
2878 979 2976 1049 τὴν
3026 980 3134 1034 τῶν
3168 984 3489 1054 ποιημάτων
3534 988 3627 1041 καὶ
3665 988 3839 1053 αὐτὸς

2249 1066 2610 1137 καταφέροιτο
2634 1068 2814 1137 φύσιν,
2856 1071 2949 1123 καὶ
2973 1073 3021 1124 εἰ
3049 1071 3258 1141 λέγοιτο
3287 1077 3645 1149 γεγεννῆσθαι
3678 1079 3839 1150 παρὰ

2249 1155 2408 1223 Θεοῦ,
2448 1159 2762 1227 ἀναγκαίως
2795 1162 2927 1232 ἡμῖν
2975 1168 3295 1234 προεπινοεί
3343 1167 3445 1240 τὴν
3502 1171 3829 1239 ἀσφάλειαν.

2248 1250 2503 1304 Δεδόσθαι
2532 1252 2640 1322 γὰρ
2683 1253 2867 1314 αὐτοῖς
2893 1254 3143 1320 ἐξουσίαν
3174 1257 3346 1313 εἰπὼν
3380 1261 3531 1332 παρά
3558 1263 3653 1316 τοῦ
3685 1264 3835 1319 κατὰ

2249 1343 2412 1411 φύσιν
2444 1343 2575 1397 Υίοῦ
2618 1342 2755 1416 πρὸς
2791 1342 2851 1400 τὺ
2897 1348 3153 1418 γενέσθαι
3199 1350 3366 1405 τέκνα
3400 1351 3536 1405 Θεοῦ
3564 1392 3578 1415 ,
3623 1356 3719 1409 καὶ
3766 1354 3835 1410 τδ

2249 1435 2396 1489 θέσει
2434 1434 2528 1490 καὶ
2565 1438 2865 1509 χάριτισδιὰ
2894 1440 3082 1495 τούτου
3116 1445 3573 1513 προεισενεγκὼν,
3610 1446 3832 1499 ἀκινδύ-

2248 1542 2355 1589 νως
2390 1525 2585 1596 ἐπάγει
2627 1528 2812 1582 λοιπὸν
2855 1531 2950 1596 τὸ,
2989 1551 3007 1583 t
3070 1531 3166 1585 Ἐκ
3194 1532 3328 1586 Θεοῦ
3375 1533 3762 1606 ἐγεννήθησαν·
3802 1555 3822 1588 ι

2249 1615 2336 1671 ινα
2380 1618 2474 1672 καὶ
2506 1619 2605 1689 τῆς
2633 1620 2721 1672 ἐπ’
2755 1620 2939 1685 αὐτοῖς
2969 1623 3189 1694 χάριτος
3211 1623 3452 1696 ἐπιδείξῃ
3490 1625 3551 1680 τὸ
3572 1625 3827 1697 μέγεθος,

2244 1705 2437 1778 ὥσπερ
2478 1710 2561 1774 είς
2590 1710 2898 1782 οἰκειότητα
2932 1712 3167 1785 φυσικὴν
3208 1713 3553 1784 συλλέγοντος
3580 1717 3641 1771 τὸ
3670 1717 3825 1773 ἀλλόο

2246 1816 2397 1870 τριον
2426 1800 2521 1854 τοῦ
2545 1801 2681 1855 Θεοῦ
2712 1804 2806 1857 καὶ
2835 1805 3071 1876 Πατρδς,
3106 1806 3287 1861 καὶτὸ
3312 1807 3499 1862 δοῦλον
3532 1810 3613 1873 είς
3638 1809 3829 1864 δεσπο-

2243 1894 2402 1965 τικὴν
2448 1894 2727 1963 εὐγένειαν
2781 1896 3238 1964 ἀναϐιϐάζοντος,
3289 1899 3378 1953 διὰ
3423 1900 3522 1972 τήν
3552 1902 3633 1964 είς
3661 1902 3829 1955 αὑτὸν

2245 1983 2455 2057 θερμὴν
2498 1985 2796 2057 ἀγάπησιν.
2839 1986 2903 2041 Τί
2948 1983 3041 2043 οὖν
3083 1989 3192 2061 ἀρα
3223 1988 3283 2043 τὸ
3329 1989 3528 2055 πλέον,
3577 1992 3694 2061 ἐρεῖ
3738 2008 3825 2055 τις

2242 2076 2440 2148 τυχόν;
2487 2077 2520 2149 ἢ
2571 2079 2624 2131 τί
2672 2079 2735 2133 τδ
2764 2079 3042 2152 ἐξαίρετον
3092 2083 3151 2136 ἐν
3195 2083 3309 2147 τοῖς
3347 2082 3693 2137 πιστεύουσιν
3744 2084 3827 2147 εἰς

2242 2168 2479 2247 Χριστὸν
2510 2169 2662 2240 παρά
2683 2170 2775 2224 τὸν
2809 2171 3049 2244 Ἰσραὴλ,
3078 2173 3200 2227 ἐπεὶ⁵
3230 2173 3325 2227 καὶ
3367 2173 3530 2237 αὐτὸς
3557 2174 3826 2244 γεγεννῆ-

2243 2259 2369 2314 σθαι
2394 2260 2608 2329 λέγεται
2642 2262 2793 2334 παρά
2822 2262 2958 2317 Θεοῦ
2987 2265 3126 2319 κατά
3158 2264 3241 2329 τὸ,
3279 2283 3298 2317 ι
3338 2265 3502 2329 Υἱοὺς
3556 2264 3825 2335 ἐγέννησα

2243 2354 2337 2407 καὶ
2366 2352 2580 2423 ὖψωσα,
2629 2354 2783 2408 αὐτοὶ
2829 2355 2888 2410 δέ
2939 2374 3007 2426 με
3051 2357 3361 2426 ﬂetis-qam;
3407 2377 3425 2409 ι
3462 2356 3607 2428 Πρὸς
3657 2356 3723 2427 δὴ
3755 2358 3825 2412 τὰ

2244 2443 2466 2498 τοιαῦτα
2490 2441 2642 2516 οἶμαι
2666 2446 2844 2516 λέγειν
2872 2448 3005 2513 δεῖν,
3030 2448 3247 2521 πρῶτον
3272 2447 3372 2520 μὲν
3393 2451 3475 2504 ὅτι
3500 2450 3657 2504 σκιὰν
3683 2449 3824 2521 ἔχων

2242 2539 2271 2591 6
2306 2539 2469 2609 νόμος
2506 2540 2613 2593 τῶν
2664 2541 2968 2612 μελλόντων
3029 2544 3292 2613 ἀγαθῶν,
3346 2545 3449 2598 οὐκ
3499 2543 3672 2614 αὐτὴν
3721 2544 3822 2615 τὴν

2242 2631 2427 2685 εἰκόνα
2469 2631 2578 2685 τῶν
2619 2634 2994 2705 πραγμάτων,
3031 2635 3153 2689 οὐδὲ
3201 2634 3361 2689 τοῦτο
3403 2636 3523 2691 κατ’
3558 2634 3821 2706 ἀλήθειαν

2244 2719 2389 2791 ἔχειν
2441 2721 2613 2776 ἐδίδου
2660 2725 2771 2787 τοῖς
2806 2724 2864 2791 ἐξ
2907 2723 3146 2798 Ἰσραὴλ,
3184 2725 3300 2780 ἀλλ’
3332 2725 3409 2791 ὡς
3439 2728 3498 2781 ἐν
3526 2726 3683 2798 τύπῳ
3728 2727 3822 2783 καὶ

2245 2814 2481 2885 σχήματι
2502 2816 2847 2887 γραφόμενον
2872 2817 2928 2869 ἐν
2947 2817 3149 2881 αὐτοῖς’
3179 2836 3197 2869 t
3212 2818 3376 2890 Ι’Δχρι
3394 2817 3588 2889 καιροῦ
3608 2819 3825 2889 διορθώ-

2244 2922 2413 2972 σεως,
2460 2926 2478 2959 ι
2519 2906 2659 2962 καθὰ
2700 2907 3039 2980 γέγραπται,
3076 2898 3199 2963 καθ’
3245 2909 3305 2963 δν
3347 2909 3572 2981 ἔμελλον
3610 2911 3824 2965 ἀναδειο

2241 2996 2541 3069 χθήσεσθαι
2582 2998 2767 3052 λοιπὸν
2803 3001 2853 3053 οἱ
2908 2999 3356 3073 πρεπωδέστερόν
3384 3018 3445 3055 τε
3491 3004 3584 3056 καὶ
3626 3000 3823 3073 ἀληθέ-

2245 3105 2434 3159 στερον
2466 3089 2866 3156 ἀποκαλοῦντες
2900 3091 3119 3164 Πατέρα
3145 3092 3235 3147 τὸν
3272 3092 3425 3159 Θεὸν,
3465 3092 3554 3146 διὰ
3585 3092 3646 3145 τδ
3684 3094 3822 3146 ἐνοι-

558 3185 720 3241 Iidem
756 3185 810 3240 iu
840 3183 1120 3240 Christum
1152 3182 1217 3236 ad
1251 3183 1485 3237 liliorum
1521 3181 1872 3252 adoptionem
1904 3183 2139 3239 evehen-

2244 3180 2419 3251 κῆσαν
2447 3180 2629 3245 αὐτοῖς
2662 3177 2889 3254 Πνεῦμα
2918 3181 3011 3236 τοῦ
3042 3183 3381 3253 Μονογενοῦς
3404 3201 3418 3215 ·
3464 3185 3514 3239 οί
3566 3185 3664 3255 μὲν
3715 3184 3823 3255 γὰρ

549 3280 684 3341 Idus.
738 3278 796 3333 in
856 3277 974 3341 illo,
1028 3276 1176 3331 velut
1235 3276 1291 3330 in
1345 3276 1559 3339 umbra,
1609 3274 1991 3346 praeﬁguratus
2037 3287 2142 3347 est,

549 3370 1015 3443 quemadmodum
1047 3380 1241 3438 nempe
1266 3366 1515 3422 videmus
1537 3367 1699 3422 etiam
1718 3367 2017 3437 spiritalem
2044 3369 2144 3423 cir-

557 3462 955 3520 cumcisionem
994 3460 1047 3514 in
1073 3459 1287 3512 illorum
1310 3473 1479 3512 carne
1503 3456 1874 3527 prteﬁgurari;
1902 3458 1954 3513 in
1990 3475 2140 3514 sum-

559 3570 646 3609 tua
670 3594 685 3617 ,
718 3551 905 3608 omnia
946 3558 1141 3606 nostra
1171 3551 1224 3604 in
1257 3550 1366 3606 illis
1397 3557 1555 3604 erant
1585 3550 1764 3620 typiee
1790 3549 2135 3606 adumbrata.

555 3646 636 3700 Ad
660 3646 796 3707 haec,
832 3644 1069 3700 dicimus
1101 3641 1358 3697 lsraelem
1399 3641 1576 3713 typice
1601 3648 1851 3695 vocatum
1882 3640 2051 3697 fuisse
2084 3641 2138 3697 in

556 3737 908 3808 adoptionem
942 3734 1179 3789 ﬁliorum
1212 3731 1320 3803 93
1363 3731 1455 3787 Dei
1488 3750 1581 3803 per
1607 3734 1957 3789 mediatorem
1989 3733 2139 3806 Moy-

556 3846 653 3885 sen
688 3846 704 3897 ;
754 3830 988 3898 ideoque
1035 3827 1087 3880 iu
1133 3825 1311 3895 ipsum
1363 3840 1581 3895 quoque
1614 3824 1879 3895 baptizati
1913 3833 2042 3881 sunt
2081 3826 2135 3880 in

549 3922 704 3977 nube
755 3930 811 3976 et
844 3920 900 3974 in
950 3918 1116 3981 mari,
1163 3927 1224 3973 ut
1274 3913 1482 3974 Paulus
1516 3918 1587 3973 ait
1640 3918 1722 3984 ",
1758 3926 1807 3990 et
1856 3919 1910 3973 in
1962 3917 2134 3986 legem

550 4014 841 4072 servitutis
891 4032 957 4070 ex
1005 4015 1278 4070 idolorum
1314 4015 1462 4068 cultu
1510 4014 1937 4085 reparabantur,
1970 4012 2137 4068 mini-

552 4115 731 4163 strato
764 4108 846 4163 eis
877 4107 1015 4179 legis
1061 4116 1339 4178 praecepto
1373 4122 1467 4178 per
1495 4108 1742 4177 angelos.
1793 4105 1897 4175 Qui
1948 4114 2136 4161 autem

553 4201 609 4254 in
659 4199 897 4254 ﬁliorum
934 4198 1028 4254 Dei
1065 4199 1409 4269 adoptionem
1455 4199 1556 4254 ﬁde
1608 4200 1660 4254 in
1697 4199 1977 4254 Christum
2013 4211 2137 4253 eve-

2246 3268 2390 3344 εἶχον
2424 3291 2443 3325 t
2481 3273 2699 3344 πνεῦμα
2747 3274 2991 3339 δουλείας
3033 3278 3113 3341 εις
3160 3276 3358 3347 φόϐον,
3403 3278 3454 3331 οί
3501 3278 3557 3332 δὲ
3602 3276 3823 3348 πνεῦμα

2243 3365 2533 3429 υἱοθεσίας,
2557 3385 2578 3418 ι
2604 3365 2683 3429 είς
2711 3365 3042 3437 ἐλευθερίαν,
3080 3386 3099 3420 t
3134 3369 3193 3422 ἐν
3225 3361 3269 3438 ᾧ
3292 3369 3570 3440 κράζομεν
3597 3384 3611 3398 '
3654 3369 3825 3425 ’Δΰϐᾶ

2241 3458 2269 3511 6
2312 3459 2521 3529 Πατήρ.
2556 3478 2575 3509 ι
2613 3457 2825 3513 Οὐκοῦν
2860 3462 2890 3514 6
2942 3460 3031 3515 διὰ
3069 3460 3305 3526 πίστεως
3341 3463 3437 3535 τῆς
3471 3462 3551 3526 είς
3586 3463 3824 3533 Χριστὸν

2240 3551 2608 3623 ἀναϐήσεσθαι
2643 3551 2852 3623 μέλλων
2881 3554 2961 3618 είς
2987 3553 3261 3610 υἱοθεσίαν
3295 3554 3444 3621 λαὸς,
3483 3554 3739 3625 καθάπερ
3764 3556 3822 3609 ἐν

2214 3634 2222 3640 ’
2243 3645 2422 3705 σκιαῖς
2466 3642 2524 3695 ἐν
2553 3642 2746 3710 ἐκείνῳ
2769 3644 3278 3717 προκατεγράφετο,
3306 3646 3494 3717 ῶσπερ
3518 3641 3611 3699 οὖν
3632 3645 3823 3718 ἀμέλει

2240 3735 2334 3788 καὶ
2366 3734 2464 3805 τὴν
2492 3736 2552 3788 ἐν
2595 3736 2864 3809 πνεύματι
2891 3738 3116 3809 νοοῦμεν
3146 3738 3448 3810 περιτομὴν
3482 3742 3541 3795 ἐν
3571 3742 3636 3809 τῇ
3670 3738 3819 3793 ἐκεί-

2240 3844 2344 3880 νων
2410 3828 2573 3883 πάλιν
2637 3831 3150 3901 προανατυποῦτθαι
3217 3834 3379 3904 σαρκί
3404 3850 3417 3864 ·
3465 3833 3561 3887 καὶ
3628 3833 3823 3903 συλλή-

2239 3918 2370 3988 ϐδην
2421 3921 2625 3983 εἰπεῖν,
2687 3920 2866 3974 πάντα
2918 3916 2987 3993 ἦν
3037 3921 3095 3975 ἐν
3153 3923 3382 3986 ἐκείνοις
3446 3921 3513 3976 τὰ
3577 3923 3823 3994 ἡμέτερα

2237 4011 2503 4075 τυπικῶς.
2564 4008 2710 4082 Πρὸς
2771 4013 2828 4069 δέ
2890 4031 2951 4083 γε
2999 4014 3110 4079 τοῖς
3184 4015 3538 4087 εἰρημένοις,
3600 4016 3823 4071 κάκεῖνό

2239 4122 2454 4176 φαμεν,
2517 4107 2601 4160 ὅτι
2672 4106 2936 4179 κέκληται
2994 4107 3241 4170 τυπικῶς
3309 4109 3388 4172 είς
3460 4107 3733 4163 υἱοθεσίαν
3792 4112 3823 4163 ό

2249 4195 2463 4268 Ἰσραὴλ
2484 4196 2572 4250 διὰ
2604 4198 2823 4268 μεσίτου
2847 4198 3087 4262 Μωσέως
3108 4216 3119 4227 ·
3152 4198 3234 4252 διὸ
3261 4200 3354 4253 καὶ
3380 4200 3461 4262 εις
3497 4198 3661 4253 αὑτὸν
3694 4199 3824 4252 ἐϐα-

550 4292 785 4353 huntur,
824 4305 931 4344 non
964 4290 1017 4343 in
1051 4304 1211 4342 unam
1248 4305 1276 4342 a
1313 4291 1588 4346 creaturis
1639 4290 1903 4358 aliquam,
1950 4288 2045 4343 sed
2078 4288 2133 4342 in

2241 4287 2503 4352 πτίζοντο,
2552 4288 2802 4359 καθάπερ
2834 4290 2862 4342 6
2900 4288 3113 4354 Παῦλός
3152 4304 3336 4360 φησιν,
3383 4290 3444 4343 ἐν
3484 4292 3550 4361 τῇ
3602 4289 3821 4361 νεφέλη,

554 4382 733 4448 ipsam
780 4386 1027 4435 sanctam
1061 4376 1385 4435 Trinitatem
1425 4380 1811 4450 haptizantur,
1859 4379 2135 4434 mediante

2241 4380 2330 4432 καὶ
2363 4381 2420 4432 ἐν
2458 4383 2524 4452 τῇ
2556 4378 2822 4453 θαλάσσῃο
2859 4381 2954 4434 καὶ
2987 4381 3066 4443 εἰς
3097 4380 3259 4451 νόμον
3290 4378 3533 4444 δουλείας
3564 4378 3629 4447 ἐξ
3664 4379 3821 4433 εἰδω-

552 4466 757 4533 "crbo,
791 4470 939 4540 quod
989 4471 1093 4526 sibi
1136 4471 1531 4527 humanitatem
1579 4471 1799 4541 quidem
1848 4472 2134 4544 conjungit

2241 4471 2553 4542 λολατρείας
2578 4470 3023 4535 ἀνεσκευάζοντο,
3049 4471 3471 4543 διακονουμένης
3496 4473 3665 4544 αὐτῆς
3703 4472 3821 4544 [a6-

550 4574 650 4632 νοτ
688 4576 907 4617 carnem
941 4562 1167 4623 unitam.
1196 4562 1289 4617 sed
1332 4563 1661 4616 naturaliter
1705 4559 1856 4616 Patri
1898 4562 2132 4631 conjun-

2241 4560 2372 4632 τοῖς]
2401 4563 2510 4621 τοῖς
2541 4561 2639 4633 [οἷς.
2676 4560 2796 4634 τῆς]
2839 4563 2897 4617 ἐν
2937 4563 3259 4634 γράμμασιν
3300 4563 3517 4634 ἐντολῆς
3553 4563 3621 4618 δι’
3655 4565 3823 4632 ἀγγέ-

545 4655 721 4725 gitur,
754 4664 1031 4723 quatenus
1062 4662 1255 4709 natura
1291 4656 1455 4710 Deus.
1491 4653 1602 4707 Hoc
1623 4655 1768 4708 enim
1805 4664 1966 4723 pacto
1988 4657 2131 4711 servi

2241 4653 2370 4706 λων·
2400 4655 2448 4706 οἱ
2477 4652 2531 4707 δέ
2568 4654 2747 4709 πίστει
2789 4657 2855 4725 τῇ
2892 4656 2972 4717 εἰς
3004 4655 3238 4726 Χριστὸν
3271 4658 3352 4718 είς
3382 4656 3659 4710 υἱοθεσίαν
3691 4658 3825 4710 ἀνα-

548 4747 614 4799 a.l
652 4743 967 4800 ﬁliationem
1005 4757 1290 4808 vocantur.
1329 4762 1425 4815 per
1457 4747 1571 4799 veri
1598 4742 1719 4799 Filii
1754 4747 2133 4817 participatio-

546 4852 671 4892 nem
702 4836 771 4891 ad
800 4836 1126 4910 dignitatem
1151 4835 1559 4901 eiuaturaliter
1588 4836 1999 4892 inexsistentem
2033 4855 2133 4892 vu-

543 4929 654 4983 cali
690 4936 745 4983 et
799 4928 1211 4997 quodammodo
1264 4928 1464 4985 evecti.
1515 4927 1691 4993 Quam
1741 4928 1813 4984 ob
1861 4945 1975 4984 rem
2034 4928 2129 4984 ﬁlii

540 5017 640 5074 Dei
673 5018 909 5075 dicimur
938 5037 1001 5077 ac
1026 5037 1245 5080 sumus.
1274 5019 1372 5089 qui
1418 5020 1724 5088 spiritalem
1753 5022 2131 5092 regeneratio-

538 5122 670 5165 nem
703 5125 800 5180 per
838 5110 997 5165 tidem
1050 5108 1390 5178 accepimus.
1424 5108 1529 5164 Sed
1583 5112 1843 5179 quoniam
1883 5114 2128 5168 nonnulli

540 5201 814 5271 praecipiti
870 5201 1107 5279 quadam
1155 5199 1385 5254 audacia
1418 5198 1485 5255 de
1515 5199 1812 5272 Unigenito
1863 5204 2020 5274 juxta
2077 5214 2131 5259 et

544 5301 740 5348 sancto
793 5292 1001 5364 Spiritu
1061 5291 1195 5346 falsa
1231 5292 1462 5361 prodere
1512 5309 1621 5348 non
1654 5304 1936 5357 verentur.
1973 5313 2127 5353 crea-

540 5390 660 5435 tum
688 5393 741 5437 et
772 5384 977 5437 factum
1016 5382 1163 5436 hunc
1194 5397 1316 5437 esse
1333 5382 1597 5448 dicentes,
1626 5394 1678 5440 ct
1706 5387 1881 5456 ipsum
1905 5388 2129 5443 omnino

542 5470 643 5528 Dei
667 5489 730 5526 ac
762 5472 941 5525 Patris
968 5473 1544 5530 consubstantialitate
1567 5474 1824 5549 dejicere,
1859 5494 1978 5547 age,
2002 5493 2123 5531 rur-

547 5579 644 5618 sus
673 5579 862 5617 eorum
890 5563 1233 5631 intemperiei
1268 5577 1432 5622 recta:
1461 5568 1580 5622 ﬁdei
1616 5570 1923 5623 doctrinam
1954 5586 2129 5640 oppo-

541 5661 763 5721 nentes,
810 5654 956 5724 quod
995 5654 1152 5710 nobis
1180 5665 1229 5710 et
1265 5657 1566 5715 lectoribus
1598 5659 1718 5715 usui
1775 5660 1846 5715 sit
1889 5660 2129 5730 profera-

622 5822 667 5857 ³²
700 5822 843 5880 Psal.
877 5842 984 5894 cex,
1015 5828 1066 5884 3.
1146 5829 1190 5862 ³³
1220 5829 1323 5885 lsa.
1364 5847 1399 5895 I,
1440 5831 1493 5884 2.
1572 5833 1615 5863 ³³
1648 5831 1815 5890 llebr.
1846 5850 1919 5898 ix,
1962 5832 2040 5887 l0.

2232 4743 2508 4808 ϐαίνοντες
2534 4744 2690 4808 Θεοῦ,
2725 4745 2826 4798 οὐκ
2873 4746 2951 4808 είς
2985 4745 3042 4798 ἓν
3085 4763 3137 4799 τι
3167 4745 3274 4799 τῶν
3303 4746 3569 4817 γενητῶν,
3597 4746 3710 4800 ἀλλ’
3744 4749 3825 4810 εἰς

2233 4836 2405 4907 αὐτὴν
2448 4836 2547 4908 τὴν
2594 4836 2755 4906 ἁγίαν
2796 4836 3145 4907 βαπτίζονται
3190 4837 3417 4907 Τριάδα,
3466 4836 3555 4890 διὰ
3599 4837 3823 4908 μεσίτου

2233 4927 2328 4982 τοῦ
2376 4929 2572 4997 Λόγου,
2623 4928 2986 4993 συνάπτοντος
3030 4929 3128 5001 μὲν
3184 4928 3363 4999 ἐαυτῷ
3398 4928 3467 4982 τὰ
3507 4928 3824 4999 ἀνθρώπινα

2235 5019 2327 5074 διὰ
2351 5019 2450 5091 τῆς
2479 5020 2774 5089 ἐνωθείσης
2804 5019 3026 5089 σαρκὸς,
3056 5020 3461 5092 συναπτομένου
3484 5020 3543 5074 δὲ
3576 5020 3824 5091 φυσικῶς

2235 5109 2313 5182 τῷ
2346 5111 2691 5179 γεννήσαντι,
2739 5110 2873 5163 καθὸ
2925 5110 3087 5179 φύσει
3130 5110 3295 5175 Θεός’
3351 5110 3494 5164 οὔτω
3541 5110 3651 5181 γὰρ
3687 5112 3824 5163 ἁνα-

2233 5201 2419 5272 τρέχει
2444 5200 2505 5253 τὺ
2536 5199 2720 5253 δοῦλον
2761 5201 2838 5265 εξς
2887 5201 3132 5269 υίότητα,
3167 5199 3256 5253 διὰ
3290 5200 3530 5271 μετοχῆς
3573 5199 3666 5253 τοῦ
3701 5203 3825 5253 κατ’

2234 5291 2493 5362 ἀλήθειαν
2541 5290 2691 5356 Υίοῦ,
2739 5291 2875 5363 πρὸς
2919 5291 2981 5345 τὸ
3021 5292 3264 5364 ὑπάρχον
3295 5292 3447 5363 αὑτῷ
3487 5291 3627 5346 κατὰ
3661 5291 3825 5362 φύσιν

2238 5382 2476 5453 ἀξίωμα,
2504 5382 2835 5454 καλούμενόν
2861 5401 2918 5438 τε
2941 5386 3033 5438 καὶ
3062 5378 3173 5437 οἷον
3204 5382 3689 5454 ἀναϐιϐαζόμενον.
3726 5383 3825 5436 Διά

2234 5492 2317 5530 τοι
2370 5474 2528 5528 τοῦτο
2557 5476 2805 5545 γεννητοὶ
2832 5476 3101 5547 λεγόμεθα
3130 5476 3222 5537 καὶ
3260 5475 3428 5546 ἐσμὲν
3456 5475 3550 5529 τοῦ
3583 5474 3746 5541 Θεοῦ,
3776 5475 3825 5528 oi

2237 5565 2336 5637 τὴν
2387 5566 2479 5619 διὰ
2534 5567 2630 5621 τοῦ
2688 5567 3004 5637 Πνεύματος
3043 5566 3401 5639 ἀναγέννησιν
3450 5567 3540 5620 διὰ
3586 5564 3826 5628 πίστεως

2241 5659 2694 5730 παραδεξάμενοι.
2728 5658 2946 5729 Ἐπειδὴ
2973 5659 3029 5711 δὲ
3058 5657 3443 5728 ῥιψοκινδύνως
3470 5655 3825 5727 ἀῃτολμῶσί

2148 5834 2188 5867 ³³
2227 5833 2382 5887 Rom.
2412 5849 2531 5898 vm,
2562 5834 2644 5888 l3.
2724 5834 2767 5865 ³⁸
2823 5834 2839 5888 1
2893 5833 3018 5888 Cor.
3067 5850 3122 5899 ι,
3167 5834 3213 5888 l.
