4156 6472
236 371 345 425 157

1367 379 1434 435 ΙΝ
1471 378 1765 436 ιοΑΝΝιε
1804 379 2263 440 EVANGELIUM
2303 375 2434 439 LIB.
2475 375 2516 440 Ῑ.

3445 389 3545 441 158

228 507 407 554 τινες,
440 492 638 576 ᾣσπερ
689 496 788 549 τοῦ
823 497 1184 568 Μονογενοῦς,
1217 500 1362 555 οὕτω
1413 503 1508 557 καὶ⁸
1547 501 1644 556 τοῦ
1696 505 1854 572 ἁγίου

1963 522 2107 562 mus.
2143 505 2200 560 Si
2226 508 2378 561 enim
2406 522 2586 576 neque
2615 507 2759 562 Deus
2793 508 3099 564 secundum
3133 517 3411 574 naturam,
3450 526 3548 565 ne-

230 566 675 651 καταψεύδονται
734 566 1077 659 Πνεύματος,
1121 592 1351 662 γενητὸν
1405 593 1539 646 αὐτὸ
1583 593 1680 648 καὶ
1741 566 1859 647 κτι-

230 675 382 727 στὸν.
402 671 551 730 εἶναι
589 678 915 746 φάσκοντες,
968 683 1062 735 καὶ
1111 682 1249 746 ὅλως
1291 684 1399 754 τῆς
1439 684 1533 738 τοῦ
1585 685 1722 738 Θεοῦ
1764 688 1857 740 καὶ

235 765 468 838 lla-cpi);
504 767 749 833 ἐξέλκειν
782 772 1200 845 ὁμοουσιότητος
1227 789 1242 804 ·
1277 775 1411 846 φέρε
1452 775 1517 847 δή
1549 776 1711 830 πάλιν
1738 779 1860 841 ταῖς

223 857 469 911 ἐκείνων
532 859 1008 933 ἀθυρογλωσσίαις
1034 904 1048 927 ,
1105 865 1200 919 τὸν
1254 867 1352 936 τῆς
1403 867 1570 940 ὀρθῆς
1618 870 1860 933 πίστεως

221 949 637 1020 ἀντεξάγοντες
661 952 842 1023 λόγον,
866 956 1082 1020 ἑαυτοῖς
1109 974 1169 1010 τε
1195 958 1286 1012 καὶ
1313 962 1425 1023 τοῖς
1449 959 1856 1033 ἐντευξομένοις
1899 976 1904 980 ·

227 1039 513 1110 ὠφελείας
547 1045 905 1114 γεννήσωμεν
944 1047 1220 1119 ἀφορμάς.
1271 1050 1335 1103 Εἰ
1376 1051 1485 1121 γὰρ
1527 1055 1668 1122 μήτε
1718 1053 1852 1117 Θεὸς

238 1133 390 1185 κατὰ
426 1132 612 1201 φύσιν,
638 1128 686 1188 ὧ
713 1130 882 1201 οὗτοι,
921 1139 1058 1210 μήτε
1091 1139 1198 1210 μὴν
1245 1143 1310 1194 ὲκ
1343 1142 1479 1196 Θεοῦ
1524 1144 1586 1196 τὸ
1630 1145 1858 1215 Πνεῦμά

235 1228 394 1279 ἐστιν
437 1227 571 1281 ῐδιον
599 1228 792 1294 αὐτοῦ,
831 1231 925 1284 καὶ
962 1231 1052 1286 διὰ
1096 1232 1256 1290 τοῦτο
1299 1228 1572 1299 acamas;
1608 1236 1854 1306 ἐνυπάρ-

233 1334 337 1386 χον
384 1317 574 1388 αὐτῷ·
624 1316 815 1390 ἕτερον
867 1318 927 1373 δέ
975 1336 1027 1372 τι
1079 1322 1210 1386 παρ’
1241 1323 1422 1383 αὑτὸν,
1473 1324 1569 1376 καὶ
1609 1325 1708 1393 τῆς
1746 1324 1856 1377 τῶν

231 1407 639 1477 πεποιημένων
674 1409 944 1478 ὁμοφυΐας
988 1410 1088 1464 οὐκ
1127 1412 1534 1482 ἁπῳκισμένον·
1566 1413 1682 1477 πῶς
1711 1417 1759 1467 οἱ
1788 1414 1856 1466 δι’

225 1498 419 1552 αὐτοῦ
465 1499 822 1570 γεννηθέντες
852 1501 1095 1570 ήμεῖςὲκ
1137 1502 1272 1555 Θεοῦ
1301 1503 1663 1574 γεγεννῆσθαι
1702 1504 1856 1573 λεγό-

227 1589 433 1660 μεθα;
465 1590 540 1643 Ἢ
565 1590 669 1662 γὰρ
697 1592 780 1646 ὅτι
803 1591 1062 1662 ψεύδεται
1111 1597 1329 1659 πάντως
1367 1595 1599 1666 ἐροῦμεν
1628 1599 1656 1649 ὁ
1688 1597 1854 1665 εὐαγ-

227 1681 590 1752 γελιστὴς,ἢ
627 1683 785 1754 εἴπερ
827 1684 977 1739 ἐστὶν
1016 1685 1244 1756 ἀληθὴς,
1302 1685 1413 1756 ἔχει
1455 1686 1510 1739 δὲ
1539 1685 1718 1752 οὕτω,
1764 1687 1856 1742 καὶ

230 1774 337 1844 οὐχ
368 1773 601 1846 ἑτέρως,
631 1775 763 1839 Θεὸς
796 1776 950 1829 ἔσται
994 1778 1088 1832 καὶ
1133 1779 1199 1830 ὲκ
1241 1778 1376 1830 Θεοῦ
1410 1779 1551 1837 κατὰ
1593 1778 1754 1849 φύσιν
1794 1779 1854 1834 τὸ

232 1859 494 1936 Πνεῦμα,
537 1860 599 1921 οὗ
640 1865 706 1938 δὴ
753 1867 848 1920 καὶ
900 1869 1180 1938 μετίσχειν
1225 1869 1312 1922 διὰ
1361 1869 1599 1933 πίστεως
1635 1871 1738 1940 τῆς
1776 1873 1856 1936 εἰς

231 1952 482 2031 Χριστὸν
521 1960 862 2030 ἀξιούμενοι,
900 1961 1053 2024 Θείας
1085 1979 1145 2014 τε
1185 1961 1402 2030 φύσεως
1443 1962 1855 2034 ἀποτελούμεθα

245 2052 514 2115 κοινωνοὶ,
548 2052 643 2102 καὶ
669 2052 734 2104 ἐκ
761 2050 895 2104 Θεοῦ
921 2054 1285 2124 γεγεννῆσθαι
1303 2052 1598 2124 λεγόμεθα,
1629 2054 1721 2106 καὶ
1743 2054 1856 2108 θεοὶ

241 2141 330 2193 διὰ
352 2141 509 2192 τοῦτο
530 2142 973 2214 χρηματίζομεν,
1005 2145 1064 2196 ού
1091 2147 1274 2217 χάριτι
1298 2145 1457 2215 μόνον
1482 2146 1562 2209 εἰς
1585 2145 1682 2217 τὴν
1708 2145 1855 2218 ὑπὲρ

239 2225 390 2302 ἡμᾶς
442 2232 815 2303 ἀνιπτάμενοι
848 2233 1029 2300 δόξαν,
1056 2235 1171 2288 ἀλλ’
1201 2235 1276 2298 ὡς
1296 2237 1397 2308 ἤδη
1431 2238 1526 2291 καὶ
1541 2235 1674 2291 Θεὸν
1705 2237 1856 2308 ἔχον-

229 2341 328 2386 τες
349 2327 413 2379 ὲν
444 2325 665 2388 ἑαυτοῖς
685 2324 998 2379 ἐνοικοῦντα
1025 2327 1120 2382 καὶ
1147 2327 1521 2395 αὑλιζόμενον,
1555 2329 1699 2382 κατὰ
1715 2329 1774 2382 τὸ
1794 2332 1857 2384 ἐν

230 2415 314 2486 τῷ
369 2418 641 2490 προφήτῃ
683 2418 969 2489 κείμενον,
1019 2419 1103 2472 ὅτι
1155 2438 1174 2470 ι
1223 2420 1524 2491 Ἐνοικήσω
1569 2421 1627 2472 ἐν
1673 2421 1857 2486 αὐτοῖς

229 2508 326 2562 καὶ
359 2509 816 2578 ὲμπεριπατήσω
837 2524 853 2538 ·
891 2526 911 2560 ι
948 2509 1072 2562 ἐπεὶ
1111 2508 1257 2562 κατὰ
1291 2509 1413 2562 τίνα
1440 2511 1640 2581 τρόπον
1671 2511 1854 2580 λεγόν-

230 2617 342 2653 των
358 2601 502 2672 ήμῖν
533 2601 586 2653 οί
617 2599 719 2669 τῆς
733 2598 1004 2670 τοσαύτης
1015 2599 1257 2670 ἀμαθίας
1273 2601 1528 2674 ἀνάπλεῳ
1551 2603 1670 2656 ναοὶ
1695 2603 1851 2670 Θεοῦ,

235 2691 380 2744 κατὰ
405 2691 633 2745 Παῦλον
671 2691 866 2762 ἐσμὲν,
889 2691 951 2744 τὸ
968 2691 1197 2762 Πνεῦμα
1226 2692 1440 2763 ἔχοντες
1478 2693 1769 2749 κατοικοῦν
1799 2698 1856 2749 ὲν

241 2785 394 2853 ἡμῖν,
414 2785 465 2836 εί
491 2783 569 2854 μὴ
586 2783 723 2847 Θεὸς
740 2783 886 2836 κατὰ
903 2782 1064 2852 φύσιν
1083 2784 1229 2838 ἐστίν
1251 2801 1265 2849 ;
1287 2785 1349 2837 Εἰ
1378 2785 1486 2856 γὰρ
1503 2785 1706 2857 κτίσμα
1737 2788 1858 2840 ἐστὶ

244 2877 338 2928 καὶ
355 2875 610 2946 γενητόν,
624 2875 717 2928 διὰ
735 2877 899 2931 ποίαν
930 2877 1111 2932 αἰτίαν
1126 2879 1276 2947 ἡμᾶς
1301 2877 1597 2946 ὲκαταφθεί
1606 2896 1686 2947 ρει
1700 2879 1855 2944 Θεὸς,

237 2969 318 3028 ὡς
337 2967 478 3021 Θεοῦ
509 2968 990 3038 καταφθείροντας
1020 2969 1168 3033 ναὸν,
1205 2968 1337 3021 ὅταν
1355 2969 1414 3021 τὸ
1447 2969 1607 3040 σῶμα
1622 2987 1858 3040 καταμο-

236 3057 517 3129 ὶύνωμηεν,
544 3060 606 3111 ὲν
626 3043 671 3126 ᾧ
691 3058 752 3110 τὸ
775 3057 1001 3129 Πνεῦμα
1024 3061 1185 3124 οἰκεῖ,
1212 3060 1339 3130 ὃλην
1357 3059 1479 3130 ἔχον
1495 3059 1588 3112 τοῦ
1612 3059 1745 3112 Θεοῦ
1761 3059 1857 3114 καὶ

1963 613 2075 666 que
2111 613 2176 652 ex
2211 597 2322 653 Deo
2359 605 2446 654 est
2473 599 2717 667 Spiritus
2749 600 2894 668 ejus,
2927 601 3088 670 eique
3109 600 3557 656 substantialiter

1964 689 2323 752 in-exsistens,
2367 688 2463 744 sed
2495 690 2639 744 alius
2668 689 2738 743 ab
2769 689 2910 758 ipso,
2946 705 3046 744 nee
3079 705 3108 743 a
3155 697 3351 743 natura
3383 703 3554 743 erea-

1963 787 2213 834 terarum
2271 781 2506 846 alienus,
2571 782 2850 852 quomodo
2883 798 3006 848 nos,
3061 783 3154 852 qui
3226 797 3323 852 per
3372 783 3550 852 ipsum

1962 873 2075 926 nati
2105 887 2318 936 sumus,
2345 888 2412 927 ex
2438 871 2548 927 Deo
2572 873 2686 926 nati
2716 873 2994 926 dicimur?
3015 876 3125 927 Aut
3151 877 3295 928 enim
3331 872 3551 927 mentiri

1962 965 2124 1034 plane
2169 965 2564 1035 evangeiistam
2607 964 2904 1020 fatebimur
2939 984 2952 1020 :
3004 973 3097 1019 aut
3155 967 3202 1020 si
3240 981 3401 1020 verax
3444 975 3550 1027 est,

1964 1057 2125 1110 sicuti
2160 1064 2246 1111 est
2279 1055 2546 1126 profecto,
2572 1055 2718 1111 Deus
2755 1057 2880 1123 erit,
2916 1066 2972 1111 et
3001 1073 3064 1111 ex
3099 1056 3208 1111 Deo
3243 1057 3549 1112 secundum

1963 1157 2214 1202 naturam
2252 1147 2535 1218 Spiritus:
2582 1148 2744 1217 cujus
2792 1149 3219 1218 participatione
3256 1163 3351 1219 per
3391 1148 3551 1202 Iidem

1961 1240 2016 1292 in
2055 1239 2339 1294 Christum
2374 1241 2584 1305 donati,
2636 1248 2690 1294 et
2745 1249 2955 1293 natura:
3003 1239 3205 1294 divina:
3246 1239 3547 1309 participes

1959 1330 2250 1394 ellieimur,
2296 1339 2351 1385 et
2392 1347 2457 1386 ex
2497 1329 2606 1384 Deo
2639 1331 2752 1384 nati
2787 1345 2910 1384 esse
2944 1330 3202 1393 dicimur,
3233 1338 3288 1384 et
3322 1345 3443 1383 eam
3480 1331 3552 1382 ob

1962 1435 2074 1474 rem
2107 1421 2186 1474 dii
2219 1435 2624 1491 nuncupantur,
2673 1436 2782 1474 non
2823 1422 3001 1492 gratia
3032 1422 3211 1475 solum
3245 1421 3311 1474 ad
3345 1435 3544 1489 super-

1955 1513 2264 1567 natnralem
2304 1512 2532 1582 gloriam
2565 1511 2774 1575 evecti,
2809 1511 2906 1566 sed
2951 1525 3062 1581 quo
3105 1510 3218 1580 jam
3264 1510 3433 1564 Deum
3495 1510 3550 1563 in

1959 1601 2120 1656 nobis
2152 1603 2490 1657 habitantem
2547 1609 2714 1670 atque
2746 1601 3116 1656 diversantem
3148 1602 3451 1656 habeamus
3479 1599 3550 1666 "',

1953 1693 2112 1762 juxta
2141 1693 2276 1747 illud
2304 1693 2583 1763 propheta:
2611 1693 2821 1747 dictum
2857 1712 2870 1747 :
2917 1712 2934 1744 ι
2965 1692 3104 1758 Quia
3141 1691 3460 1746 inhabitabo
3497 1692 3552 1744 in

1958 1785 2095 1856 ipsis
2123 1793 2178 1841 et
2211 1785 2561 1840 inabulabo
2589 1786 2730 1838 inter
2753 1799 2850 1838 eos
2881 1785 2945 1838 ³⁸.
2987 1804 3006 1836 ι
3036 1783 3286 1852 Alioqui,
3322 1797 3554 1852 respon-

1890 1850 1931 1906 Β
1958 1850 2149 1942 deant,
2192 1892 2401 1947 qttteso,
2437 1878 2618 1943 nobis,
2655 1879 2751 1948 qui
2787 1885 2937 1932 tanta
2967 1877 3115 1947 pleni
3149 1850 3278 1931 sunt
3315 1850 3552 1935 Inscitia,

1956 1966 2237 2038 quomodo
2269 1967 2468 2036 templa
2521 1965 2612 2021 Dei
2649 1967 2848 2030 simus,
2890 1967 3051 2035 juxta
3090 1964 3321 2018 Pan-lum
3355 1963 3434 2026 '°,
3471 1964 3554 2016 in-

1959 2058 2297 2112 habitantem
2334 2057 2388 2111 in
2417 2057 2578 2112 nobis
2611 2057 2875 2128 Spiritum
2907 2056 3174 2110 habentes
3200 2095 3214 2119 ,
3245 2054 3352 2109 nisi
3384 2053 3556 2121 Spiri-

1960 2159 2048 2207 tus
2081 2149 2225 2206 Deus
2259 2149 2332 2204 sit
2365 2149 2672 2204 secundum
2710 2148 3006 2203 naturam?
3032 2147 3080 2202 si
3112 2147 3260 2202 enim
3297 2153 3552 2201 creatura

1956 2252 2062 2307 est,
2097 2257 2162 2297 ac
2193 2257 2351 2312 opus,
2407 2257 2573 2311 quam
2603 2242 2674 2297 ob
2705 2255 2931 2297 causam
2979 2239 3126 2296 Deus
3161 2254 3263 2294 nos
3293 2237 3552 2297 destruit,

1959 2343 2218 2404 tanquam
2251 2334 2345 2404 qui
2367 2333 2462 2388 Dei
2494 2335 2758 2404 templum
2790 2334 3168 2396 destruamus,
3202 2345 3326 2386 cum
3351 2345 3556 2399 corpus

1956 2425 2332 2497 inquinamus,
2377 2424 2433 2478 in
2468 2439 2578 2496 quo
2615 2424 2856 2494 Spiritus
2889 2424 3103 2479 habitat
3143 2422 3224 2488 ",
3256 2423 3353 2494 qui
3387 2429 3556 2476 totam

1961 2516 2052 2572 Dei
2091 2531 2158 2571 ac
2223 2515 2403 2572 Patris
2457 2524 2514 2570 et
2578 2516 2836 2571 similiter
2891 2515 3172 2586 Unigeniti
3243 2515 3558 2570 naturalem

1957 2606 2348 2675 proprietatem
2371 2604 2486 2676 94
2505 2605 2560 2659 in
2591 2620 2652 2660 se
2675 2605 2880 2660 habet?
2899 2603 3036 2659 Nam
3061 2605 3340 2672 quomodo
3365 2618 3555 2658 verum

1956 2696 2062 2750 erit
2101 2695 2247 2764 quod
2279 2712 2308 2749 a
2333 2696 2625 2751 Salvatore
2655 2695 2858 2750 dicitur
2895 2713 2908 2749 :
2949 2713 2968 2746 ι
3002 2694 3208 2765 Siquis
3235 2694 3415 2766 diligit
3447 2709 3556 2756 me,

1958 2803 2270 2841 sermonem
2323 2803 2506 2842 meum
2559 2787 2826 2847 servabit.
2883 2795 2938 2843 et
2975 2785 3136 2842 Pater
3171 2803 3325 2842 meus
3372 2786 3562 2856 diliget

1956 2891 2104 2940 eum,
2143 2882 2198 2931 et
2221 2875 2285 2928 ad
2314 2891 2439 2930 eum
2477 2876 2780 2942 veniemus,
2805 2884 2858 2930 et
2885 2877 3230 2930 mansionem
3256 2876 3402 2945 apud
3432 2890 3558 2930 eum

1959 2967 2280 3023 faciemus“
2305 3005 2320 3031 ,
2348 2986 2364 3017 ι
2399 2982 2523 3020 cum
2547 2967 2788 3036 Spiritus
2823 2970 2894 3023 sit
2921 2968 3013 3038 qui
3039 2967 3253 3022 habitat
3286 2966 3340 3020 in
3379 2967 3558 3029 nobis,

1958 3070 2013 3113 et
2047 3073 2141 3126 per
2178 3058 2360 3126 ipsum
2399 3058 2600 3112 habere
2639 3073 2740 3112 nos
2769 3057 3012 3113 Patrem
3049 3057 3215 3112 simul
3258 3063 3313 3113 et
3361 3055 3556 3110 Filium

237 3151 457 3222 Πατρὸς
493 3150 597 3222 τὴν
627 3151 869 3221 φυσικὴν
901 3151 1163 3222 ἰδιότητα,
1189 3153 1283 3206 καὶ
1324 3152 1527 3222 ὁμοίως
1555 3152 1649 3206 τοῦ
1680 3155 1856 3207 Μονο-

1962 3151 2276 3213 credamus,
2309 3149 2772 3219 quemadmodum
2816 3151 2933 3219 ipse
2963 3165 3190 3220 quoque
3223 3165 3420 3204 rursus
3464 3149 3536 3203 ali

237 3243 469 3313 γενοῦςς
509 3243 668 3296 Ἐπεὶ
693 3241 811 3306 πῶς
839 3241 1132 3314 ἀληθεύσει
1164 3243 1338 3313 λέγων
1367 3245 1396 3296 ὁ
1428 3244 1645 3315 Σωτὴρ,
1680 3261 1700 3296 ι
1732 3245 1858 3299 Ἐάν

237 3347 321 3401 τις
356 3337 562 3406 ἀγαπᾷ
596 3352 686 3406 με,
713 3335 806 3387 τὸν
837 3335 1004 3404 λόγον
1044 3353 1144 3399 μου
1190 3338 1442 3408 τηρήσει,
1474 3337 1568 3390 καὶ
1610 3339 1638 3391 ὁ
1672 3337 1864 3408 Πατήρ
1896 3328 1903 3333 ’

238 3446 343 3498 μου
373 3430 668 3500 ἀγαπήσει
718 3426 906 3492 αὑτὸν,
953 3429 1046 3480 καὶ
1103 3427 1241 3499 πρὸς
1299 3428 1464 3481 αὑτὸν
1506 3428 1862 3498 ἐλευσόμεθα,

235 3516 332 3568 καὶ
362 3518 424 3570 ὲν
454 3515 612 3586 αὐτῷ
654 3515 1069 3587 κατα).ύσομεν;
1102 3516 1326 3572 »Καίτοι
1368 3515 1429 3571 τὸ
1467 3517 1694 3590 Πνεῦμά
1747 3521 1864 3574 ἐστι

234 3610 296 3660 τὸ
320 3605 625 3661 κατοικοῦν
654 3609 714 3660 ὲν
742 3608 896 3677 ἡμῖν,
931 3608 1024 3659 καὶ
1054 3606 1122 3659 δι’
1151 3605 1319 3660 αὐτοῦ
1353 3608 1687 3678 πιστεύομεν
1719 3608 1864 3679 ἔχειν

231 3699 364 3769 ’ἅμα
391 3699 491 3752 τὸν
527 3697 756 3768 Πατέρα
809 3697 906 3750 ’καὶ
927 3697 1022 3750 τὸν
1061 3697 1205 3763 my,
1240 3697 1488 3769 καθάπερ
1515 3695 1608 3753 οὖν
1635 3699 1740 3771 ἔφη
1771 3702 1864 3754 καὶ

233 3790 405 3855 αὑτός
441 3804 550 3844 που
590 3791 753 3844 πάλιν
785 3790 815 3841 ὁ
861 3790 1120 3860 Ἰωάννης
1166 3791 1223 3844 ἐν
1268 3791 1646 3854 Ἐπιστολαῖς⁶
1709 3811 1726 3842 ι
1775 3792 1864 3845 Ἐν

235 3889 418 3958 τούτῳ
447 3885 822 3956 γινώσκομεν,
854 3886 939 3938 ὅτι
989 3886 1048 3938 ὲν
1095 3884 1246 3956 αὐτῷ
1280 3885 1537 3956 μένομεν,
1574 3885 1672 3938 καὶ
1704 3885 1866 3948 αὐτὸς

235 3981 297 4031 ἐν
330 3981 495 4049 ἡμῖν,
531 3979 616 4032 ὅτι
647 3979 714 4030 ἐκ
738 3977 832 4030 τοῦ
866 3976 1188 4047 Πνεύματος
1218 3977 1384 4030 αὐτοῦ
1413 3977 1616 4030 ἔδωκεν
1645 3979 1799 4049 ἡμῖν.
1839 3995 1858 4030 ι

238 4072 367 4135 Πῶς
397 4070 461 4124 ’δὲ
493 4071 636 4134 ὅλως
657 4070 751 4124 καὶ
777 4068 913 4124 Θεοῦ
947 4069 1277 4141 κεκλήσεται
1324 4069 1573 4141 Πνεῦμα,
1613 4071 1661 4122 εἰ
1700 4069 1774 4142 μὴ
1806 4070 1864 4136 ἐξ

235 4161 414 4217 αὑτοῦ
471 4161 570 4214 καὶ
597 4161 658 4212 ὲν
689 4157 842 4228 αὐτῷ
875 4156 1019 4212 κατὰ
1047 4157 1210 4227 φύσιν
1257 4157 1396 4223 ἐστὶ,
1441 4158 1536 4209 καὶ
1577 4157 1663 4210 διὰ
1706 4160 1866 4210 τοῦτο

230 4253 411 4320 Θεός;
469 4253 534 4305 Ei
585 4251 698 4323 γὰρ
738 4251 1008 4322 ὑπάρχον,
1035 4249 1111 4314 ὡς
1164 4248 1364 4302 ἐκεῖνοί
1418 4265 1574 4318 φασι,
1612 4247 1863 4317 γενητὸν,

237 4345 473 4417 πνεῦμά
505 4347 625 4398 ἐστι
673 4343 766 4398 τοῦ
800 4343 959 4420 Θεοῦ,
1007 4341 1069 4394 τὸ
1114 4342 1325 4394 κωλύον
1377 4339 1534 4393 οὐδὲν
1574 4337 1866 4408 πνεύματα

229 4438 379 4493 Θεοῦ
420 4439 518 4492 καὶ
564 4440 635 4492 τὰ
665 4438 802 4492 ἄλλα
839 4436 1127 4490 καλεῖσθαι
1175 4435 1490 4506 ποιήματαο
1524 4433 1729 4502 ’φθάσει
1756 4433 1864 4505 γὰρ

1968 3244 2094 3299 ett-bi
2133 3242 2377 3298 Joannes
2420 3245 2474 3296 in
2511 3242 2774 3314 Epistolis
2809 3244 2928 3299 ait:
2972 3261 2990 3295 ι
3032 3244 3090 3297 In
3142 3245 3246 3298 hoc
3273 3241 3563 3312 cognosci-

1968 3353 2111 3402 mus,
2143 3337 2400 3406 quoniam
2434 3336 2488 3390 itt
2528 3338 2648 3405 ipso
2680 3352 2992 3401 manemus,
3045 3344 3101 3391 et
3139 3336 3257 3406 ipse
3293 3335 3348 3388 in
3380 3335 3562 3397 nobis,

1966 3430 2226 3499 quoniam
2259 3428 2326 3482 de
2359 3427 2564 3498 Spiritu
2600 3444 2702 3484 suo
2735 3427 2888 3483 dedit
2917 3428 3079 3484 nobis
3109 3426 3176 3482 ⁸³.
3217 3445 3236 3478 ι
3274 3424 3565 3493 Quomodo

1965 3539 2118 3585 vero,
2155 3537 2380 3591 qttacso,
2421 3519 2667 3591 Spiritus
2707 3536 2929 3590 quoque
2966 3519 3057 3574 Dei
3089 3519 3400 3584 vocabitur,
3455 3517 3565 3572 nisi

1965 3631 2029 3670 ex
2067 3616 2189 3685 ipso
2212 3623 2265 3668 et
2290 3614 2343 3668 in
2377 3615 2498 3684 ipso
2534 3614 2838 3668 secundum
2873 3621 3127 3666 naturam
3159 3611 3250 3676 sit,
3276 3625 3342 3665 ac
3374 3611 3565 3680 proin-

1967 3708 2035 3762 de
2068 3707 2250 3762 Deus?
2291 3706 2348 3760 Si
2386 3706 2531 3760 cnim
2569 3716 2786 3760 creatus
2815 3720 2942 3760 cum
2985 3706 3079 3769 sit,
3118 3711 3177 3756 ut
3230 3703 3308 3757 illi
3348 3703 3564 3763 velunt,

1968 3799 2074 3872 Dei.
2111 3807 2293 3853 tamen
2348 3807 2434 3853 est
2491 3797 2770 3866 spiritus:
2826 3798 2965 3852 nihil
3022 3800 3208 3851 obstat
3268 3797 3567 3866 quominus

1967 3892 2103 3946 alias
2139 3906 2360 3961 quoque
2408 3900 2694 3944 creaturas
2738 3889 2970 3959 spiritus
3022 3887 3118 3944 Dei
3172 3904 3455 3943 vocemus.
3508 3887 3567 3940 id

1966 3983 2113 4038 enim
2157 3985 2210 4037 in
2243 3998 2338 4037 eas
2367 3982 2558 4051 utique
2589 3980 2790 4035 cadere
2823 3983 3051 4050 poterit,
3094 3982 3138 4035 si
3170 3979 3416 4050 profecto
3450 3978 3563 4032 ﬁeri

1968 4081 2148 4144 potest
2187 4081 2245 4127 ut
2275 4083 2458 4128 creata
2509 4073 2819 4127 substantia
2862 4074 2934 4127 sit
2962 4073 3195 4144 spiritus
3230 4072 3346 4127 Dei.
3398 4071 3564 4123 Plura

1967 4165 2188 4235 quidem
2220 4173 2369 4219 certe
2395 4164 2483 4218 hic
2511 4173 2700 4219 essent
2725 4163 2958 4218 dicenda
2985 4205 2999 4229 ,
3033 4172 3086 4219 et
3115 4163 3348 4233 longiori
3381 4162 3566 4230 dispu-

1969 4257 2178 4311 latione
2233 4255 2530 4312 evertenda
2586 4261 2734 4310 esset
2791 4255 3181 4309 haereticorum
3242 4253 3564 4308 temeritas:

1969 4349 2062 4404 sed
2091 4366 2217 4404 cum
2250 4349 2318 4404 de
2366 4357 2559 4404 sancto
2608 4348 2824 4420 Spiritu
2871 4348 2928 4401 in
2978 4347 3124 4401 libro
3176 4344 3256 4398 De
3305 4343 3569 4398 Triuitale

1966 4441 2080 4512 jam
2136 4441 2358 4496 abunde
2423 4441 2883 4505 tractaverimus,
2933 4438 3092 4510 plura
3141 4435 3329 4492 dicere
3380 4449 3570 4504 super-

235 4538 338 4592 καὶ
365 4539 460 4592 ἐπ’
487 4535 631 4592 αὐτὰ
667 4534 897 4604 δυνάμει
925 4531 986 4586 τὸ
1011 4532 1265 4602 πρᾶγμα,
1297 4529 1455 4600 εἴπερ
1485 4527 1623 4591 ὅλως
1651 4529 1860 4600 ὲνδέχε·

1975 4534 2314 4590 sedebimus.

234 4652 331 4690 ται
366 4631 616 4702 γενητὴν
650 4628 839 4682 οὐσίαν
866 4625 1085 4696 πνεῦμα
1122 4623 1392 4693 ὑπάρχειν
1423 4620 1517 4674 τοῦ
1553 4621 1710 4675 Θεοῦ.
1743 4624 1851 4676 Καὶ
1891 4622 1958 4698 ἦν
2004 4626 2104 4697 μὲν
2151 4627 2322 4691 ὅντως
2373 4625 2688 4690 ἀκόλουθον,
2746 4625 2956 4698 μακρὸν
3001 4623 3095 4676 ἐπὶ
3162 4621 3373 4683 τούτοις
3442 4619 3573 4672 ἀνα-

235 4726 453 4792 πτύξαι
505 4725 686 4792 λόγον,
731 4723 826 4776 καὶ
875 4719 964 4775 διὰ
1023 4719 1290 4774 πλειόνων
1343 4717 1726 4787 ἀδολεσχῆσαι,
1794 4718 1894 4785 τὰς
1931 4723 2041 4778 τῶν
2106 4723 2336 4777 ἀνοσίων
2381 4722 2676 4795 αἱρετικῶν
2703 4722 3110 4792 ἀνατρέποντας
3140 4717 3434 4778 ἀϐουλίας’
3471 4714 3575 4782 ἀρὴ

233 4821 493 4883 κούντως
516 4819 575 4872 δὲ
602 4818 702 4889 ήδη
734 4816 1066 4885 διειληφότες
1091 4813 1180 4868 διὰ
1206 4812 1302 4867 τοῦ
1331 4812 1488 4883 ἁγίου
1533 4811 1875 4883 Πνεύματος,
1919 4818 1977 4869 ἐν
2008 4817 2088 4889 τῷ
2133 4819 2274 4887 Περὶ
2312 4815 2418 4886 τῆς
2470 4816 2646 4888 ἁγίας
2721 4813 2964 4883 Τριάδος
3038 4810 3245 4882 Βιϐλίῳ,
3296 4808 3360 4860 τὸ
3405 4801 3574 4862 πολλὰ

231 4914 432 4984 λέγειν
475 4912 584 4973 ἔτι,
620 4912 793 4965 διάτοι
828 4908 989 4964 τοῦτο
1019 4907 1367 4979 παρήσομεν.

305 5007 430 5064 Καὶ
467 5009 502 5060 ὁ
531 5009 723 5075 Λόγος
753 5002 910 5072 σὰρξ
938 5001 1196 5072 ἐγένετο.

310 5097 668 5168 Εἰσϐἐὸηκεν
696 5096 800 5167 ήδη
842 5093 1098 5165 καθαρῶς
1133 5093 1222 5146 διὰ
1263 5090 1454 5145 τούτου
1494 5093 1574 5155 εἰς
1607 5090 1699 5144 τὸν
1728 5092 1856 5163 περὶ

226 5193 339 5264 τῆς
371 5189 850 5260 ὲνανθρωπήσεως
878 5186 1055 5256 λόγον.
1094 5185 1216 5238 Ὅτι
1251 5184 1362 5254 γὰρ
1387 5181 1520 5245 Υἱὸς
1563 5180 1856 5252 ἀνθρώπου

230 5285 442 5358 γέγονέ
479 5301 541 5336 τε
603 5281 706 5353 ήδη
749 5280 844 5334 καὶ
893 5277 1302 5350 κεχρημάτικεν
1338 5278 1367 5329 ὁ
1403 5273 1734 5346 Μονογενὴς,
1769 5274 1857 5338 ἐξ·

231 5382 468 5450 ηγεῖται
505 5374 729 5444 σαφῶς·
773 5371 1028 5442 σημαίνει
1057 5370 1166 5440 γὰρ
1209 5368 1384 5432 τοῦτο,
1420 5368 1516 5421 καὶ
1553 5366 1740 5438 ἕτερον
1772 5367 1864 5418 οὺ-

235 5473 355 5537 εὲν,
384 5469 455 5523 τὸ
485 5469 670 5537 σάρκα
696 5465 949 5534 γενέσθαι
976 5467 1068 5518 τὸν
1089 5462 1262 5532 Λόγον
1289 5463 1494 5516 εἰπεῖν·
1519 5461 1702 5531 ὅμοιον
1732 5458 1864 5528 γὰρ,

235 5566 316 5629 ὡς
362 5565 415 5617 εἰ
455 5563 553 5616 καὶ
591 5559 927 5629 γυμνότερον
975 5556 1233 5626 ἔφασκεν,
1285 5553 1344 5607 'O
1385 5553 1555 5622 Λόγος
1587 5553 1873 5622 ἄνθρωπος

239 5657 486 5728 ἐγένετο.
521 5654 691 5708 Ξένον
709 5651 768 5706 δὲ
797 5651 960 5706 πάλιν
989 5652 1141 5722 ἡμῖν,
1167 5649 1200 5720 ἥ
1231 5645 1498 5717 ἀσύνηθες
1532 5644 1684 5698 οὐδὲν
1715 5643 1857 5696 οὓτω

315 5777 412 5829 ⁷⁷1
473 5775 609 5828 Cor.
659 5786 730 5838 vi,
791 5776 896 5825 19.’
956 5771 1000 5801 ³⁸
1037 5769 1207 5825 Imrit.
1269 5782 1413 5830 xxw,
1469 5765 1642 5832 19;”
1698 5765 1820 5819 (lor.

1981 5762 2064 5818 l6.
2147 5762 2355 5819 a’Rotn.
2385 5777 2502 5828 \‘tn,
2537 5763 2585 5816 1.

252 5863 367 5910 ειν,
427 5849 525 5900 '23.
604 5841 704 5910 "1
742 5840 898 5903 JUML
938 5858 1005 5902 ιιι,
1042 5843 1101 5894 l'i

2032 4996 2092 5062 1,
2126 4996 2215 5051 14.
2256 4995 2322 5050 Et
2369 4993 2596 5049 Verbum
2645 5006 2770 5045 caro
2803 4989 3007 5060 factum
3048 4995 3148 5042 est.

2034 5088 2234 5161 Aperte
2266 5089 2486 5144 demum
2532 5087 2620 5142 his
2671 5084 2854 5141 verbis
2907 5081 3310 5138 incarnationis
3359 5097 3568 5138 sermo—

1966 5199 2090 5238 nem
2120 5182 2446 5253 ingreditur.
2496 5179 2658 5236 Clare
2703 5179 2850 5235 enim
2882 5176 3044 5233 docet
3097 5175 3295 5232 Filium
3332 5175 3578 5232 hominis

1969 5275 2176 5329 factum
2233 5283 2286 5329 et
2335 5274 2673 5345 appellatum
2721 5287 2846 5328 esse
2895 5271 3277 5343 Unigcnitum.
3322 5267 3380 5322 ld
3432 5270 3577 5323 enim

1973 5364 2251 5436 significat
2286 5365 2416 5419 illud
2467 5365 2618 5436 quod
2655 5364 2757 5429 ait,
2812 5361 3056 5418 Verbum
3095 5377 3319 5417 carnem
3372 5360 3577 5413 factum

1977 5474 2118 5514 esse.
2154 5459 2300 5513 Idem
2351 5460 2498 5512 enim
2550 5465 2637 5512 est
2695 5471 2761 5510 ac
2812 5455 2859 5512 si
2901 5454 3131 5516 diceret,
3166 5451 3407 5506 Verbum
3457 5465 3577 5503 esse

1984 5551 2186 5605 factum
2211 5551 2512 5605 hominem.
2548 5549 2702 5617 Quod
2735 5564 2860 5602 cum
2899 5547 2999 5613 ait,
3029 5544 3164 5599 nihil
3199 5541 3360 5596 nobis
3400 5540 3576 5594 inusi-

1969 5649 2141 5698 tatum
2180 5652 2271 5697 aut
2323 5645 2671 5715 peregrinum
2701 5639 2921 5711 ingerit,
2955 5651 3082 5691 cum
3127 5632 3454 5704 plerumque
3491 5629 3576 5685 di-

2667 5760 2708 5791 δο
2736 5755 2751 5809 l
2776 5757 2901 5812 Cor.
2940 5770 3022 5820 ιιι,
3053 5752 3140 5818 lii,
3178 5749 3260 5806 ιθ.
3340 5748 3379 5780 δ’
3416 5746 3576 5803 .loan.
