  <div class='ocr_page' id='page_1' title='image "/cluster/home/n/w/nwhite01/storage/ocr_20150623/73:no.6/coo.31924054869692/088.png"; bbox 0 0 4156 6476; ppageno 0'>
   <div class='ocr_carea' id='block_1_1' title="bbox 206 372 312 429">
    <p class='ocr_par' dir='ltr' id='par_1_1' title="bbox 206 372 312 429">
     <span class='ocr_line' id='line_1_1' title="bbox 206 372 312 429; baseline -0.028 0"><span class='ocrx_word' id='word_1_1' title='bbox 206 372 312 429; x_wconf 72' lang='grc'><strong>161</strong></span> 
     </span>
    </p>
   </div>
   <div class='ocr_carea' id='block_1_2' title="bbox 1318 369 2448 427">
    <p class='ocr_par' dir='ltr' id='par_1_2' title="bbox 1318 369 2448 427">
     <span class='ocr_line' id='line_1_2' title="bbox 1318 369 2448 427; baseline 0.003 -4"><span class='ocrx_word' id='word_1_2' title='bbox 1318 369 1382 423; x_wconf 79' lang='grc' dir='ltr'><strong>ΙΝ</strong></span> <span class='ocrx_word' id='word_1_3' title='bbox 1415 369 1704 425; x_wconf 67' lang='lat' dir='ltr'><strong>JOANNIS</strong></span> <span class='ocrx_word' id='word_1_4' title='bbox 1745 369 2201 427; x_wconf 67' lang='lat' dir='ltr'><strong>EVANGl-LLIL&#39;M</strong></span> <span class='ocrx_word' id='word_1_5' title='bbox 2241 372 2367 426; x_wconf 76' lang='lat' dir='ltr'><strong>LIB.</strong></span> <span class='ocrx_word' id='word_1_6' title='bbox 2409 373 2448 426; x_wconf 90' lang='grc' dir='ltr'><strong>Ι.</strong></span> 
     </span>
    </p>
   </div>
   <div class='ocr_carea' id='block_1_3' title="bbox 3425 330 3542 427">
    <p class='ocr_par' dir='ltr' id='par_1_3' title="bbox 3425 330 3542 427">
     <span class='ocr_line' id='line_1_3' title="bbox 3425 330 3542 427; baseline 0.017 -2"><span class='ocrx_word' id='word_1_7' title='bbox 3425 330 3460 425; x_wconf 60' lang='grc' dir='ltr'><strong>ἰ</strong></span> <span class='ocrx_word' id='word_1_8' title='bbox 3473 373 3542 427; x_wconf 69' lang='lat' dir='ltr'><strong>es</strong></span> 
     </span>
    </p>
   </div>
   <div class='ocr_carea' id='block_1_4' title="bbox 201 483 1830 560">
    <p class='ocr_par' dir='ltr' id='par_1_4' title="bbox 201 483 1830 557">
     <span class='ocr_line' id='line_1_4' title="bbox 201 483 1830 557; baseline 0.001 -19"><span class='ocrx_word' id='word_1_9' title='bbox 201 485 359 538; x_wconf 77' lang='grc' dir='ltr'>κατὰ</span> <span class='ocrx_word' id='word_1_10' title='bbox 413 483 584 553; x_wconf 82' lang='grc' dir='ltr'>φύσιν</span> <span class='ocrx_word' id='word_1_11' title='bbox 629 483 690 536; x_wconf 77' lang='grc' dir='ltr'>ὲν</span> <span class='ocrx_word' id='word_1_12' title='bbox 725 484 914 556; x_wconf 70' lang='grc' dir='ltr'>σαρκὶ,</span> <span class='ocrx_word' id='word_1_13' title='bbox 949 483 1046 537; x_wconf 68' lang='grc' dir='ltr'><strong>καὶ</strong></span> <span class='ocrx_word' id='word_1_14' title='bbox 1085 483 1225 555; x_wconf 78' lang='grc' dir='ltr'>μετὰ</span> <span class='ocrx_word' id='word_1_15' title='bbox 1277 485 1482 557; x_wconf 67' lang='grc' dir='ltr'>σαρκὸς</span> <span class='ocrx_word' id='word_1_16' title='bbox 1508 526 1522 551; x_wconf 89' lang='grc'><strong>,</strong></span> <span class='ocrx_word' id='word_1_17' title='bbox 1581 485 1658 548; x_wconf 81' lang='grc' dir='ltr'><strong>ὡς</strong></span> <span class='ocrx_word' id='word_1_18' title='bbox 1702 486 1830 540; x_wconf 74' lang='grc' dir='ltr'>ιδίαι</span> 
     </span>
    </p>
   </div>
   <div class='ocr_carea' id='block_1_5' title="bbox 1936 483 3543 560">
    <p class='ocr_par' dir='ltr' id='par_1_5' title="bbox 1949 487 3543 560">
     <span class='ocr_line' id='line_1_5' title="bbox 1949 487 3543 560; baseline 0.003 -20"><span class='ocrx_word' id='word_1_19' title='bbox 1949 487 2101 541; x_wconf 84' lang='lat' dir='ltr'><strong>illam</strong></span> <span class='ocrx_word' id='word_1_20' title='bbox 2130 487 2353 553; x_wconf 86' lang='lat' dir='ltr'><strong>habeat,</strong></span> <span class='ocrx_word' id='word_1_21' title='bbox 2387 497 2442 544; x_wconf 91' lang='lat' dir='ltr'><strong>et</strong></span> <span class='ocrx_word' id='word_1_22' title='bbox 2468 493 2651 542; x_wconf 89' lang='lat' dir='ltr'><strong>tamen</strong></span> <span class='ocrx_word' id='word_1_23' title='bbox 2683 495 2743 542; x_wconf 92' lang='lat' dir='ltr'><strong>ut</strong></span> <span class='ocrx_word' id='word_1_24' title='bbox 2764 487 2916 542; x_wconf 85' lang='lat' dir='ltr'><strong>aliud</strong></span> <span class='ocrx_word' id='word_1_25' title='bbox 2937 488 3072 559; x_wconf 87' lang='lat' dir='ltr'><strong>quid</strong></span> <span class='ocrx_word' id='word_1_26' title='bbox 3108 487 3450 560; x_wconf 91' lang='lat' dir='ltr'><strong>intelligatur</strong></span> <span class='ocrx_word' id='word_1_27' title='bbox 3473 490 3543 544; x_wconf 89' lang='lat' dir='ltr'><strong>ab</strong></span> 
     </span>
    </p>
   </div>
   <div class='ocr_carea' id='block_1_6' title="bbox 206 576 1837 650">
    <p class='ocr_par' dir='ltr' id='par_1_6' title="bbox 206 576 1837 650">
     <span class='ocr_line' id='line_1_6' title="bbox 206 576 1837 650; baseline 0 -18"><span class='ocrx_word' id='word_1_28' title='bbox 206 581 354 650; x_wconf 73' lang='grc' dir='ltr'>ἔχων</span> <span class='ocrx_word' id='word_1_29' title='bbox 382 577 583 648; x_wconf 78' lang='grc' dir='ltr'>αὐτὴν,</span> <span class='ocrx_word' id='word_1_30' title='bbox 621 576 719 630; x_wconf 75' lang='grc' dir='ltr'><strong>καὶ</strong></span> <span class='ocrx_word' id='word_1_31' title='bbox 745 577 822 641; x_wconf 82' lang='grc' dir='ltr'>ὡς</span> <span class='ocrx_word' id='word_1_32' title='bbox 855 576 1044 648; x_wconf 76' lang='grc' dir='ltr'>ἕτερόν</span> <span class='ocrx_word' id='word_1_33' title='bbox 1071 594 1124 631; x_wconf 88' lang='grc' dir='ltr'><strong>τι</strong></span> <span class='ocrx_word' id='word_1_34' title='bbox 1155 579 1284 650; x_wconf 80' lang='grc' dir='ltr'>παρ’</span> <span class='ocrx_word' id='word_1_35' title='bbox 1320 578 1493 650; x_wconf 79' lang='grc' dir='ltr'>αὐτὴν</span> <span class='ocrx_word' id='word_1_36' title='bbox 1525 578 1837 649; x_wconf 77' lang='grc' dir='ltr'>νοούμενος,</span> 
     </span>
    </p>
   </div>
   <div class='ocr_carea' id='block_1_7' title="bbox 207 671 1842 743">
    <p class='ocr_par' dir='ltr' id='par_1_7' title="bbox 207 671 1842 743">
     <span class='ocr_line' id='line_1_7' title="bbox 207 671 1842 743; baseline -0.001 -17"><span class='ocrx_word' id='word_1_37' title='bbox 207 674 307 726; x_wconf 79' lang='grc' dir='ltr'><strong>καὶ</strong></span> <span class='ocrx_word' id='word_1_38' title='bbox 337 673 404 725; x_wconf 81' lang='grc' dir='ltr'><strong>ἐν</strong></span> <span class='ocrx_word' id='word_1_39' title='bbox 434 672 578 743; x_wconf 77' lang='grc' dir='ltr'>αὐτῇ</span> <span class='ocrx_word' id='word_1_40' title='bbox 612 673 709 725; x_wconf 77' lang='grc' dir='ltr'><strong>καὶ</strong></span> <span class='ocrx_word' id='word_1_41' title='bbox 750 671 848 724; x_wconf 80' lang='grc' dir='ltr'><strong>σῦν</strong></span> <span class='ocrx_word' id='word_1_42' title='bbox 876 671 1014 741; x_wconf 80' lang='grc' dir='ltr'>αὐτῇ</span> <span class='ocrx_word' id='word_1_43' title='bbox 1047 671 1528 740; x_wconf 82' lang='grc' dir='ltr'>προσκυνούμενος</span> <span class='ocrx_word' id='word_1_44' title='bbox 1549 710 1565 735; x_wconf 88' lang='grc'><strong>,</strong></span> <span class='ocrx_word' id='word_1_45' title='bbox 1605 671 1748 733; x_wconf 82' lang='grc' dir='ltr'>κατὰ</span> <span class='ocrx_word' id='word_1_46' title='bbox 1780 671 1842 724; x_wconf 79' lang='grc' dir='ltr'><strong>τὸ</strong></span> 
     </span>
    </p>
   </div>
   <div class='ocr_carea' id='block_1_8' title="bbox 203 761 1843 836">
    <p class='ocr_par' dir='ltr' id='par_1_8' title="bbox 203 761 1843 836">
     <span class='ocr_line' id='line_1_8' title="bbox 203 761 1843 836; baseline -0.002 -16"><span class='ocrx_word' id='word_1_47' title='bbox 203 767 266 820; x_wconf 82' lang='grc' dir='ltr'><strong>ἐν</strong></span> <span class='ocrx_word' id='word_1_48' title='bbox 305 764 396 835; x_wconf 82' lang='grc' dir='ltr'>τῷ</span> <span class='ocrx_word' id='word_1_49' title='bbox 430 764 698 836; x_wconf 79' lang='grc' dir='ltr'><strong>προφήτῃ</strong></span> <span class='ocrx_word' id='word_1_50' title='bbox 735 761 994 833; x_wconf 88' lang='grc' dir='ltr'>κείμενον</span> <span class='ocrx_word' id='word_1_51' title='bbox 1038 763 1239 834; x_wconf 68' lang='grc' dir='ltr'>Ἠσαίᾳ</span> <span class='ocrx_word' id='word_1_52' title='bbox 1266 779 1278 792; x_wconf 92' lang='grc'><strong>·</strong></span> <span class='ocrx_word' id='word_1_53' title='bbox 1323 780 1342 813; x_wconf 83' lang='grc' dir='ltr'><strong>ι</strong></span> <span class='ocrx_word' id='word_1_54' title='bbox 1378 762 1604 834; x_wconf 83' lang='grc' dir='ltr'>’Λνδρες</span> <span class='ocrx_word' id='word_1_55' title='bbox 1644 762 1843 834; x_wconf 73' lang='grc' dir='ltr'>ὑψηλοὶ</span> 
     </span>
    </p>
   </div>
   <div class='ocr_carea' id='block_1_9' title="bbox 199 851 1842 925">
    <p class='ocr_par' dir='ltr' id='par_1_9' title="bbox 199 851 1842 925">
     <span class='ocr_line' id='line_1_9' title="bbox 199 851 1842 925; baseline -0.003 -15"><span class='ocrx_word' id='word_1_56' title='bbox 199 857 304 910; x_wconf 68' lang='grc' dir='ltr'>ἐπὶ</span> <span class='ocrx_word' id='word_1_57' title='bbox 329 856 395 908; x_wconf 85' lang='grc' dir='ltr'>σὲ</span> <span class='ocrx_word' id='word_1_58' title='bbox 426 853 812 925; x_wconf 82' lang='grc' dir='ltr'>διαϐήσονται,</span> <span class='ocrx_word' id='word_1_59' title='bbox 851 855 946 906; x_wconf 80' lang='grc' dir='ltr'><strong>καὶ</strong></span> <span class='ocrx_word' id='word_1_60' title='bbox 980 853 1064 907; x_wconf 77' lang='grc' dir='ltr'><strong>σοὶ</strong></span> <span class='ocrx_word' id='word_1_61' title='bbox 1104 853 1320 906; x_wconf 77' lang='grc' dir='ltr'>ἔσονται</span> <span class='ocrx_word' id='word_1_62' title='bbox 1349 851 1562 915; x_wconf 88' lang='grc' dir='ltr'>δοῦλοι,</span> <span class='ocrx_word' id='word_1_63' title='bbox 1592 853 1688 907; x_wconf 78' lang='grc' dir='ltr'><strong>καὶ</strong></span> <span class='ocrx_word' id='word_1_64' title='bbox 1720 851 1842 906; x_wconf 79' lang='grc' dir='ltr'>ὀπί-</span> 
     </span>
    </p>
   </div>
   <div class='ocr_carea' id='block_1_10' title="bbox 203 939 1841 1012">
    <p class='ocr_par' dir='ltr' id='par_1_10' title="bbox 203 939 1841 1012">
     <span class='ocr_line' id='line_1_10' title="bbox 203 939 1841 1012; baseline -0.001 -16"><span class='ocrx_word' id='word_1_65' title='bbox 203 961 290 996; x_wconf 92' lang='grc' dir='ltr'><strong>σω</strong></span> <span class='ocrx_word' id='word_1_66' title='bbox 342 959 444 995; x_wconf 89' lang='grc' dir='ltr'><strong>σου</strong></span> <span class='ocrx_word' id='word_1_67' title='bbox 493 941 933 1011; x_wconf 76' lang='grc' dir='ltr'>ἀκολουθήσουσι</span> <span class='ocrx_word' id='word_1_68' title='bbox 975 939 1253 1012; x_wconf 79' lang='grc' dir='ltr'>δεδεμένοι</span> <span class='ocrx_word' id='word_1_69' title='bbox 1296 941 1682 1012; x_wconf 84' lang='grc' dir='ltr'>χειροπέδαις,</span> <span class='ocrx_word' id='word_1_70' title='bbox 1745 943 1841 998; x_wconf 80' lang='grc' dir='ltr'>καὶ</span> 
     </span>
    </p>
   </div>
   <div class='ocr_carea' id='block_1_11' title="bbox 207 1032 1840 1108">
    <p class='ocr_par' dir='ltr' id='par_1_11' title="bbox 207 1032 1840 1108">
     <span class='ocr_line' id='line_1_11' title="bbox 207 1032 1840 1108; baseline -0.001 -20"><span class='ocrx_word' id='word_1_71' title='bbox 207 1033 672 1108; x_wconf 83' lang='grc' dir='ltr'>προσκυνήσουσί</span> <span class='ocrx_word' id='word_1_72' title='bbox 704 1050 820 1096; x_wconf 91' lang='grc' dir='ltr'>σοι,</span> <span class='ocrx_word' id='word_1_73' title='bbox 881 1033 974 1086; x_wconf 76' lang='grc' dir='ltr'><strong>καὶ</strong></span> <span class='ocrx_word' id='word_1_74' title='bbox 1009 1035 1069 1086; x_wconf 84' lang='grc' dir='ltr'>ὲν</span> <span class='ocrx_word' id='word_1_75' title='bbox 1105 1034 1190 1086; x_wconf 82' lang='grc' dir='ltr'>σο¹ι</span> <span class='ocrx_word' id='word_1_76' title='bbox 1219 1032 1634 1104; x_wconf 79' lang='grc' dir='ltr'>προσεύξονται,</span> <span class='ocrx_word' id='word_1_77' title='bbox 1661 1035 1743 1087; x_wconf 83' lang='grc' dir='ltr'>ὅτι</span> <span class='ocrx_word' id='word_1_78' title='bbox 1781 1035 1840 1088; x_wconf 81' lang='grc' dir='ltr'>ὲν</span> 
     </span>
    </p>
   </div>
   <div class='ocr_carea' id='block_1_12' title="bbox 215 1125 1839 1196">
    <p class='ocr_par' dir='ltr' id='par_1_12' title="bbox 215 1125 1839 1196">
     <span class='ocr_line' id='line_1_12' title="bbox 215 1125 1839 1196; baseline 0 -15"><span class='ocrx_word' id='word_1_79' title='bbox 215 1131 303 1181; x_wconf 70' lang='grc' dir='ltr'><strong>σοι</strong></span> <span class='ocrx_word' id='word_1_80' title='bbox 334 1133 363 1181; x_wconf 81' lang='grc' dir='ltr'><strong>ὁ</strong></span> <span class='ocrx_word' id='word_1_81' title='bbox 387 1127 524 1190; x_wconf 67' lang='grc' dir='ltr'><strong>Θεός,⁵</strong></span> <span class='ocrx_word' id='word_1_82' title='bbox 561 1129 704 1190; x_wconf 78' lang='grc' dir='ltr'>ἐστι,</span> <span class='ocrx_word' id='word_1_83' title='bbox 737 1125 832 1179; x_wconf 70' lang='grc' dir='ltr'><strong>καὶ</strong></span> <span class='ocrx_word' id='word_1_84' title='bbox 864 1125 964 1179; x_wconf 73' lang='grc' dir='ltr'><strong>οὐκ</strong></span> <span class='ocrx_word' id='word_1_85' title='bbox 992 1125 1110 1178; x_wconf 76' lang='grc' dir='ltr'>ἔστι</span> <span class='ocrx_word' id='word_1_86' title='bbox 1142 1125 1276 1190; x_wconf 85' lang='grc' dir='ltr'>Θεὸς</span> <span class='ocrx_word' id='word_1_87' title='bbox 1310 1126 1451 1196; x_wconf 80' lang='grc' dir='ltr'>πλὴν</span> <span class='ocrx_word' id='word_1_88' title='bbox 1481 1125 1598 1179; x_wconf 90' lang='grc' dir='ltr'>σοῦ.</span> <span class='ocrx_word' id='word_1_89' title='bbox 1637 1147 1656 1180; x_wconf 75' lang='grc' dir='ltr'><strong>ι</strong></span> <span class='ocrx_word' id='word_1_90' title='bbox 1707 1127 1839 1182; x_wconf 84' lang='grc' dir='ltr'>Ἰδοὺ</span> 
     </span>
    </p>
   </div>
   <div class='ocr_carea' id='block_1_13' title="bbox 215 1204 1836 1290">
    <p class='ocr_par' dir='ltr' id='par_1_13' title="bbox 215 1204 1836 1290">
     <span class='ocr_line' id='line_1_13' title="bbox 215 1204 1836 1290; baseline 0 -18"><span class='ocrx_word' id='word_1_91' title='bbox 215 1221 313 1273; x_wconf 77' lang='grc' dir='ltr'>καὶ</span> <span class='ocrx_word' id='word_1_92' title='bbox 360 1223 421 1274; x_wconf 79' lang='grc' dir='ltr'>ὲν</span> <span class='ocrx_word' id='word_1_93' title='bbox 450 1218 606 1288; x_wconf 75' lang='grc' dir='ltr'>αὐτῷ</span> <span class='ocrx_word' id='word_1_94' title='bbox 639 1219 772 1272; x_wconf 80' lang='grc' dir='ltr'>Θεὸν</span> <span class='ocrx_word' id='word_1_95' title='bbox 799 1213 943 1272; x_wconf 79' lang='grc' dir='ltr'><strong>εἷναί</strong></span> <span class='ocrx_word' id='word_1_96' title='bbox 980 1235 1153 1288; x_wconf 87' lang='grc' dir='ltr'>φασι,</span> <span class='ocrx_word' id='word_1_97' title='bbox 1215 1219 1291 1290; x_wconf 83' lang='grc' dir='ltr'>μὴ</span> <span class='ocrx_word' id='word_1_98' title='bbox 1328 1204 1710 1282; x_wconf 88' lang='grc' dir='ltr'>ἀποδιελόντες</span> <span class='ocrx_word' id='word_1_99' title='bbox 1738 1217 1836 1272; x_wconf 89' lang='grc' dir='ltr'><strong>τοῦ</strong></span> 
     </span>
    </p>
   </div>
   <div class='ocr_carea' id='block_1_14' title="bbox 210 1305 1838 1383">
    <p class='ocr_par' dir='ltr' id='par_1_14' title="bbox 210 1305 1838 1383">
     <span class='ocr_line' id='line_1_14' title="bbox 210 1305 1838 1383; baseline -0.001 -17"><span class='ocrx_word' id='word_1_100' title='bbox 210 1313 399 1380; x_wconf 89' lang='grc' dir='ltr'>Λόγου</span> <span class='ocrx_word' id='word_1_101' title='bbox 432 1309 536 1382; x_wconf 82' lang='grc' dir='ltr'>τὴν</span> <span class='ocrx_word' id='word_1_102' title='bbox 581 1310 768 1383; x_wconf 81' lang='grc' dir='ltr'>σάρκα</span> <span class='ocrx_word' id='word_1_103' title='bbox 792 1328 805 1342; x_wconf 73' lang='grc' dir='ltr'><strong>ο</strong></span> <span class='ocrx_word' id='word_1_104' title='bbox 847 1311 944 1364; x_wconf 74' lang='grc' dir='ltr'><strong>καὶ</strong></span> <span class='ocrx_word' id='word_1_105' title='bbox 977 1310 1144 1364; x_wconf 79' lang='grc' dir='ltr'>πάλιν</span> <span class='ocrx_word' id='word_1_106' title='bbox 1183 1310 1283 1363; x_wconf 85' lang='grc' dir='ltr'><strong>οὐκ</strong></span> <span class='ocrx_word' id='word_1_107' title='bbox 1315 1305 1455 1365; x_wconf 75' lang='grc' dir='ltr'>εἶναι</span> <span class='ocrx_word' id='word_1_108' title='bbox 1494 1308 1838 1382; x_wconf 65' lang='grc' dir='ltr'>ἕτερον’Θεὸν</span> 
     </span>
    </p>
   </div>
   <div class='ocr_carea' id='block_1_15' title="bbox 209 1402 1839 1475">
    <p class='ocr_par' dir='ltr' id='par_1_15' title="bbox 209 1402 1839 1475">
     <span class='ocr_line' id='line_1_15' title="bbox 209 1402 1839 1475; baseline 0.001 -18"><span class='ocrx_word' id='word_1_109' title='bbox 209 1405 361 1475; x_wconf 81' lang='grc' dir='ltr'>πλὴν</span> <span class='ocrx_word' id='word_1_110' title='bbox 398 1402 571 1458; x_wconf 77' lang='grc' dir='ltr'>αὑτοῦ</span> <span class='ocrx_word' id='word_1_111' title='bbox 617 1403 1056 1475; x_wconf 59' lang='grc' dir='ltr'>διισχυρωαντο,</span> <span class='ocrx_word' id='word_1_112' title='bbox 1085 1402 1335 1468; x_wconf 78' lang='grc' dir='ltr'>ὲνοῦντες</span> <span class='ocrx_word' id='word_1_113' title='bbox 1357 1402 1436 1475; x_wconf 79' lang='grc' dir='ltr'>τῷ</span> <span class='ocrx_word' id='word_1_114' title='bbox 1465 1403 1624 1474; x_wconf 85' lang='grc' dir='ltr'>Λόγῳ</span> <span class='ocrx_word' id='word_1_115' title='bbox 1649 1403 1710 1459; x_wconf 81' lang='grc' dir='ltr'><strong>τὸ</strong></span> <span class='ocrx_word' id='word_1_116' title='bbox 1741 1420 1839 1474; x_wconf 78' lang='grc' dir='ltr'><strong>φο-</strong></span> 
     </span>
    </p>
   </div>
   <div class='ocr_carea' id='block_1_16' title="bbox 209 1487 1837 1568">
    <p class='ocr_par' dir='ltr' id='par_1_16' title="bbox 209 1487 1837 1568">
     <span class='ocr_line' id='line_1_16' title="bbox 209 1487 1837 1568; baseline 0.001 -20"><span class='ocrx_word' id='word_1_117' title='bbox 209 1496 313 1568; x_wconf 78' lang='grc' dir='ltr'>ρού</span> <span class='ocrx_word' id='word_1_118' title='bbox 323 1506 519 1567; x_wconf 87' lang='grc' dir='ltr'>μενον,</span> <span class='ocrx_word' id='word_1_119' title='bbox 547 1496 621 1560; x_wconf 82' lang='grc' dir='ltr'>ὡς</span> <span class='ocrx_word' id='word_1_120' title='bbox 650 1487 784 1549; x_wconf 70' lang='lat' dir='ltr'><strong>tam</strong></span> <span class='ocrx_word' id='word_1_121' title='bbox 812 1496 1003 1564; x_wconf 80' lang='grc' dir='ltr'>αὑτοῦ,</span> <span class='ocrx_word' id='word_1_122' title='bbox 1034 1495 1180 1549; x_wconf 83' lang='grc' dir='ltr'>τοῦτ’</span> <span class='ocrx_word' id='word_1_123' title='bbox 1208 1495 1324 1549; x_wconf 80' lang='grc' dir='ltr'>ἔστι</span> <span class='ocrx_word' id='word_1_124' title='bbox 1346 1495 1439 1550; x_wconf 87' lang='grc' dir='ltr'><strong>τὸν</strong></span> <span class='ocrx_word' id='word_1_125' title='bbox 1466 1497 1532 1550; x_wconf 72' lang='grc' dir='ltr'>ἐκ</span> <span class='ocrx_word' id='word_1_126' title='bbox 1554 1495 1837 1566; x_wconf 80' lang='grc' dir='ltr'>Παρθένου</span> 
     </span>
    </p>
   </div>
   <div class='ocr_carea' id='block_1_17' title="bbox 205 1578 1327 1660">
    <p class='ocr_par' dir='ltr' id='par_1_17' title="bbox 205 1578 1327 1660">
     <span class='ocr_line' id='line_1_17' title="bbox 205 1578 1327 1660; baseline 0.003 -19"><span class='ocrx_word' id='word_1_127' title='bbox 205 1591 345 1643; x_wconf 83' lang='grc' dir='ltr'>ναόν</span> <span class='ocrx_word' id='word_1_128' title='bbox 373 1607 388 1620; x_wconf 91' lang='grc'><strong>·</strong></span> <span class='ocrx_word' id='word_1_129' title='bbox 429 1583 512 1651; x_wconf 73' lang='grc' dir='ltr'>εἷς</span> <span class='ocrx_word' id='word_1_130' title='bbox 538 1589 646 1660; x_wconf 86' lang='grc' dir='ltr'><strong>γάρ</strong></span> <span class='ocrx_word' id='word_1_131' title='bbox 672 1589 730 1655; x_wconf 80' lang='grc' dir='ltr'>ἐξ</span> <span class='ocrx_word' id='word_1_132' title='bbox 765 1578 970 1660; x_wconf 82' lang='grc' dir='ltr'>ἀμφοῖν</span> <span class='ocrx_word' id='word_1_133' title='bbox 1009 1591 1037 1642; x_wconf 87' lang='lat'><strong>6</strong></span> <span class='ocrx_word' id='word_1_134' title='bbox 1069 1588 1327 1660; x_wconf 83' lang='grc' dir='ltr'>Χριστός.</span> 
     </span>
    </p>
   </div>
   <div class='ocr_carea' id='block_1_18' title="bbox 280 1678 1103 1748">
    <p class='ocr_par' dir='ltr' id='par_1_18' title="bbox 280 1678 1103 1748">
     <span class='ocr_line' id='line_1_18' title="bbox 280 1678 1103 1748; baseline 0 -14"><span class='ocrx_word' id='word_1_135' title='bbox 280 1678 407 1734; x_wconf 82' lang='grc' dir='ltr'><strong>Καὶ</strong></span> <span class='ocrx_word' id='word_1_136' title='bbox 440 1679 802 1748; x_wconf 79' lang='grc' dir='ltr'><strong>ἐσκήνωσεν</strong></span> <span class='ocrx_word' id='word_1_137' title='bbox 830 1679 900 1732; x_wconf 82' lang='grc' dir='ltr'><strong>ἐν</strong></span> <span class='ocrx_word' id='word_1_138' title='bbox 938 1679 1103 1748; x_wconf 73' lang='grc' dir='ltr'>ἡμῖν.</span> 
     </span>
    </p>
   </div>
   <div class='ocr_carea' id='block_1_19' title="bbox 295 1771 1836 1847">
    <p class='ocr_par' dir='ltr' id='par_1_19' title="bbox 295 1771 1836 1847">
     <span class='ocr_line' id='line_1_19' title="bbox 295 1771 1836 1847; baseline 0.003 -21"><span class='ocrx_word' id='word_1_139' title='bbox 295 1772 776 1843; x_wconf 76' lang='grc' dir='ltr'>Ἐπεξεργάζεται</span> <span class='ocrx_word' id='word_1_140' title='bbox 823 1774 1117 1844; x_wconf 79' lang='grc' dir='ltr'><strong>χρησίμως</strong></span> <span class='ocrx_word' id='word_1_141' title='bbox 1161 1771 1222 1827; x_wconf 80' lang='grc' dir='ltr'><strong>τὸ</strong></span> <span class='ocrx_word' id='word_1_142' title='bbox 1275 1774 1568 1847; x_wconf 82' lang='grc' dir='ltr'>εἰρημένον</span> <span class='ocrx_word' id='word_1_143' title='bbox 1611 1775 1639 1830; x_wconf 88' lang='lat'><strong>6</strong></span> <span class='ocrx_word' id='word_1_144' title='bbox 1670 1777 1836 1847; x_wconf 84' lang='grc' dir='ltr'>εὐαγ-</span> 
     </span>
    </p>
   </div>
   <div class='ocr_carea' id='block_1_20' title="bbox 211 1867 1832 1940">
    <p class='ocr_par' dir='ltr' id='par_1_20' title="bbox 211 1867 1832 1940">
     <span class='ocr_line' id='line_1_20' title="bbox 211 1867 1832 1940; baseline 0.002 -20"><span class='ocrx_word' id='word_1_145' title='bbox 211 1867 497 1938; x_wconf 72' lang='grc' dir='ltr'>γελιστὴς,</span> <span class='ocrx_word' id='word_1_146' title='bbox 522 1867 618 1919; x_wconf 77' lang='grc' dir='ltr'>καὶ</span> <span class='ocrx_word' id='word_1_147' title='bbox 648 1867 728 1930; x_wconf 85' lang='grc' dir='ltr'>εἰς</span> <span class='ocrx_word' id='word_1_148' title='bbox 751 1868 1170 1940; x_wconf 76' lang='grc' dir='ltr'>ἐμφανεστέραν</span> <span class='ocrx_word' id='word_1_149' title='bbox 1198 1867 1320 1937; x_wconf 81' lang='grc' dir='ltr'>ἄγει</span> <span class='ocrx_word' id='word_1_150' title='bbox 1349 1867 1587 1923; x_wconf 89' lang='grc' dir='ltr'>διάνοιαν</span> <span class='ocrx_word' id='word_1_151' title='bbox 1609 1868 1707 1940; x_wconf 83' lang='grc' dir='ltr'>τὴν</span> <span class='ocrx_word' id='word_1_152' title='bbox 1736 1869 1832 1924; x_wconf 87' lang='grc' dir='ltr'><strong>τοῦ</strong></span> 
     </span>
    </p>
   </div>
   <div class='ocr_carea' id='block_1_21' title="bbox 215 1957 1834 2034">
    <p class='ocr_par' dir='ltr' id='par_1_21' title="bbox 215 1957 1834 2034">
     <span class='ocr_line' id='line_1_21' title="bbox 215 1957 1834 2034; baseline 0.024 -23"><span class='ocrx_word' id='word_1_153' title='bbox 215 1961 587 2031; x_wconf 52' lang='lat' dir='ltr'><strong>gemmam;</strong></span> <span class='ocrx_word' id='word_1_154' title='bbox 610 1957 848 2029; x_wconf 77' lang='grc' dir='ltr'>δύναμιν</span> <span class='ocrx_word' id='word_1_155' title='bbox 871 1976 884 1990; x_wconf 89' lang='grc'><strong>·</strong></span> <span class='ocrx_word' id='word_1_156' title='bbox 909 1958 1098 2030; x_wconf 64' lang='grc' dir='ltr'>ἐπειδὴ</span> <span class='ocrx_word' id='word_1_157' title='bbox 1129 1959 1240 2031; x_wconf 79' lang='grc' dir='ltr'><strong>γὰρ</strong></span> <span class='ocrx_word' id='word_1_158' title='bbox 1262 1961 1367 2034; x_wconf 70' lang='grc' dir='ltr'><strong>ἔφη</strong></span> <span class='ocrx_word' id='word_1_159' title='bbox 1396 1961 1577 2032; x_wconf 74' lang='grc' dir='ltr'>σάρκα</span> <span class='ocrx_word' id='word_1_160' title='bbox 1604 1962 1834 2032; x_wconf 70' lang='grc' dir='ltr'><strong>γεγενῆ⁶</strong></span> 
     </span>
    </p>
   </div>
   <div class='ocr_carea' id='block_1_22' title="bbox 225 2049 1833 2126">
    <p class='ocr_par' dir='ltr' id='par_1_22' title="bbox 225 2049 1833 2126">
     <span class='ocr_line' id='line_1_22' title="bbox 225 2049 1833 2126; baseline 0.001 -21"><span class='ocrx_word' id='word_1_161' title='bbox 225 2053 351 2105; x_wconf 65' lang='grc' dir='ltr'>σθαι</span> <span class='ocrx_word' id='word_1_162' title='bbox 385 2052 477 2103; x_wconf 66' lang='grc' dir='ltr'><strong>τὸν</strong></span> <span class='ocrx_word' id='word_1_163' title='bbox 507 2049 605 2102; x_wconf 89' lang='grc' dir='ltr'><strong>τοῦ</strong></span> <span class='ocrx_word' id='word_1_164' title='bbox 640 2049 778 2102; x_wconf 84' lang='grc' dir='ltr'>Θεοῦ</span> <span class='ocrx_word' id='word_1_165' title='bbox 798 2050 995 2118; x_wconf 86' lang='grc' dir='ltr'>Λόγον,</span> <span class='ocrx_word' id='word_1_166' title='bbox 1031 2051 1119 2106; x_wconf 77' lang='grc' dir='ltr'><strong>ἵνα</strong></span> <span class='ocrx_word' id='word_1_167' title='bbox 1149 2053 1226 2124; x_wconf 86' lang='grc' dir='ltr'>μή</span> <span class='ocrx_word' id='word_1_168' title='bbox 1257 2069 1339 2116; x_wconf 89' lang='grc' dir='ltr'><strong>τις</strong></span> <span class='ocrx_word' id='word_1_169' title='bbox 1362 2054 1428 2107; x_wconf 84' lang='grc' dir='ltr'>ὲκ</span> <span class='ocrx_word' id='word_1_170' title='bbox 1457 2053 1656 2126; x_wconf 84' lang='grc' dir='ltr'>πολλῆς</span> <span class='ocrx_word' id='word_1_171' title='bbox 1687 2054 1833 2122; x_wconf 79' lang='grc' dir='ltr'>ἅμα·</span> 
     </span>
    </p>
   </div>
   <div class='ocr_carea' id='block_1_23' title="bbox 225 2142 1833 2217">
    <p class='ocr_par' dir='ltr' id='par_1_23' title="bbox 225 2142 1833 2217">
     <span class='ocr_line' id='line_1_23' title="bbox 225 2142 1833 2217; baseline 0.001 -21"><span class='ocrx_word' id='word_1_172' title='bbox 225 2146 344 2208; x_wconf 76' lang='grc' dir='ltr'>δίας</span> <span class='ocrx_word' id='word_1_173' title='bbox 401 2144 501 2214; x_wconf 79' lang='grc' dir='ltr'><strong>τῆς</strong></span> <span class='ocrx_word' id='word_1_174' title='bbox 551 2142 654 2214; x_wconf 86' lang='grc' dir='ltr'>μὲν</span> <span class='ocrx_word' id='word_1_175' title='bbox 695 2143 832 2206; x_wconf 82' lang='grc' dir='ltr'>ἰδίας</span> <span class='ocrx_word' id='word_1_176' title='bbox 881 2144 1045 2196; x_wconf 80' lang='grc' dir='ltr'>αὐτὸν</span> <span class='ocrx_word' id='word_1_177' title='bbox 1089 2143 1350 2198; x_wconf 81' lang='grc' dir='ltr'>ὑπολάϐοι</span> <span class='ocrx_word' id='word_1_178' title='bbox 1387 2147 1602 2216; x_wconf 64' lang='grc' dir='ltr'>φύσεως</span> <span class='ocrx_word' id='word_1_179' title='bbox 1638 2145 1833 2217; x_wconf 72' lang='grc' dir='ltr'>ἐκδρα-</span> 
     </span>
    </p>
   </div>
   <div class='ocr_carea' id='block_1_24' title="bbox 219 2234 1834 2311">
    <p class='ocr_par' dir='ltr' id='par_1_24' title="bbox 219 2234 1834 2311">
     <span class='ocr_line' id='line_1_24' title="bbox 219 2234 1834 2311; baseline 0 -21"><span class='ocrx_word' id='word_1_180' title='bbox 219 2239 372 2309; x_wconf 66' lang='grc' dir='ltr'>μεῖν,</span> <span class='ocrx_word' id='word_1_181' title='bbox 410 2234 904 2307; x_wconf 80' lang='grc' dir='ltr'>μεταπεποιῆσθαι</span> <span class='ocrx_word' id='word_1_182' title='bbox 938 2235 994 2289; x_wconf 83' lang='grc' dir='ltr'><strong>δὲ</strong></span> <span class='ocrx_word' id='word_1_183' title='bbox 1026 2236 1196 2300; x_wconf 79' lang='grc' dir='ltr'>ὅντως</span> <span class='ocrx_word' id='word_1_184' title='bbox 1232 2240 1313 2301; x_wconf 77' lang='grc' dir='ltr'><strong>εἰς</strong></span> <span class='ocrx_word' id='word_1_185' title='bbox 1348 2238 1530 2311; x_wconf 81' lang='grc' dir='ltr'>σάρκα</span> <span class='ocrx_word' id='word_1_186' title='bbox 1565 2237 1696 2309; x_wconf 68' lang='grc' dir='ltr'>(καὶ</span> <span class='ocrx_word' id='word_1_187' title='bbox 1727 2253 1834 2290; x_wconf 84' lang='grc' dir='ltr'>πα-</span> 
     </span>
    </p>
   </div>
   <div class='ocr_carea' id='block_1_25' title="bbox 213 2326 1829 2403">
    <p class='ocr_par' dir='ltr' id='par_1_25' title="bbox 213 2326 1829 2403">
     <span class='ocr_line' id='line_1_25' title="bbox 213 2326 1829 2403; baseline 0 -19"><span class='ocrx_word' id='word_1_188' title='bbox 213 2334 350 2395; x_wconf 74' lang='grc' dir='ltr'>θεῖν,</span> <span class='ocrx_word' id='word_1_189' title='bbox 410 2332 557 2402; x_wconf 82' lang='grc' dir='ltr'>ὅπερ</span> <span class='ocrx_word' id='word_1_190' title='bbox 607 2326 677 2401; x_wconf 82' lang='grc' dir='ltr'>ἦν</span> <span class='ocrx_word' id='word_1_191' title='bbox 715 2328 981 2383; x_wconf 81' lang='grc' dir='ltr'>ἀδύνατον</span> <span class='ocrx_word' id='word_1_192' title='bbox 1007 2347 1021 2361; x_wconf 79' lang='grc' dir='ltr'><strong>ο</strong></span> <span class='ocrx_word' id='word_1_193' title='bbox 1054 2330 1397 2396; x_wconf 83' lang='grc' dir='ltr'>ἀλλοιώσεως</span> <span class='ocrx_word' id='word_1_194' title='bbox 1444 2333 1553 2402; x_wconf 77' lang='grc' dir='ltr'>γὰρ</span> <span class='ocrx_word' id='word_1_195' title='bbox 1589 2331 1829 2403; x_wconf 79' lang='grc' dir='ltr'>ἀπάσης,</span> 
     </span>
    </p>
   </div>
   <div class='ocr_carea' id='block_1_26' title="bbox 211 2421 1833 2494">
    <p class='ocr_par' dir='ltr' id='par_1_26' title="bbox 211 2421 1833 2494">
     <span class='ocr_line' id='line_1_26' title="bbox 211 2421 1833 2494; baseline 0.002 -20"><span class='ocrx_word' id='word_1_196' title='bbox 211 2426 304 2479; x_wconf 67' lang='grc' dir='ltr'><strong>καὶ</strong></span> <span class='ocrx_word' id='word_1_197' title='bbox 338 2422 663 2494; x_wconf 77' lang='grc' dir='ltr'>μεταϐολῆς</span> <span class='ocrx_word' id='word_1_198' title='bbox 708 2422 809 2492; x_wconf 84' lang='grc' dir='ltr'><strong>τῆς</strong></span> <span class='ocrx_word' id='word_1_199' title='bbox 839 2421 925 2493; x_wconf 80' lang='grc' dir='ltr'><strong>ἐφ’</strong></span> <span class='ocrx_word' id='word_1_200' title='bbox 959 2422 1146 2494; x_wconf 72' lang='grc' dir='ltr'>ἔτερόν</span> <span class='ocrx_word' id='word_1_201' title='bbox 1190 2440 1264 2489; x_wconf 89' lang='grc' dir='ltr'><strong>τι,</strong></span> <span class='ocrx_word' id='word_1_202' title='bbox 1307 2425 1449 2478; x_wconf 80' lang='grc' dir='ltr'>κατὰ</span> <span class='ocrx_word' id='word_1_203' title='bbox 1477 2423 1568 2477; x_wconf 80' lang='grc' dir='ltr'><strong>τὸν</strong></span> <span class='ocrx_word' id='word_1_204' title='bbox 1594 2424 1690 2477; x_wconf 85' lang='grc' dir='ltr'><strong>τοῦ</strong></span> <span class='ocrx_word' id='word_1_205' title='bbox 1714 2423 1833 2487; x_wconf 85' lang='grc' dir='ltr'><strong>πῶς</strong></span> 
     </span>
    </p>
   </div>
   <div class='ocr_carea' id='block_1_27' title="bbox 210 2513 1832 2588">
    <p class='ocr_par' dir='ltr' id='par_1_27' title="bbox 210 2513 1832 2588">
     <span class='ocr_line' id='line_1_27' title="bbox 210 2513 1832 2588; baseline 0 -20"><span class='ocrx_word' id='word_1_206' title='bbox 210 2513 350 2570; x_wconf 78' lang='grc' dir='ltr'>εἶναι</span> <span class='ocrx_word' id='word_1_207' title='bbox 379 2515 552 2583; x_wconf 88' lang='grc' dir='ltr'>λόγον</span> <span class='ocrx_word' id='word_1_208' title='bbox 595 2515 656 2568; x_wconf 82' lang='grc' dir='ltr'>τὺ</span> <span class='ocrx_word' id='word_1_209' title='bbox 691 2513 849 2568; x_wconf 89' lang='grc' dir='ltr'>Θεῖον</span> <span class='ocrx_word' id='word_1_210' title='bbox 897 2513 1232 2586; x_wconf 80' lang='grc' dir='ltr'>ἀπῴκισται)</span> <span class='ocrx_word' id='word_1_211' title='bbox 1264 2533 1277 2548; x_wconf 78' lang='grc'><em>’</em></span> <span class='ocrx_word' id='word_1_212' title='bbox 1311 2515 1494 2579; x_wconf 82' lang='grc' dir='ltr'>καλῶς</span> <span class='ocrx_word' id='word_1_213' title='bbox 1525 2533 1587 2585; x_wconf 87' lang='grc' dir='ltr'><strong>γε</strong></span> <span class='ocrx_word' id='word_1_214' title='bbox 1626 2515 1832 2588; x_wconf 73' lang='grc' dir='ltr'>σφόδρα</span> 
     </span>
    </p>
   </div>
   <div class='ocr_carea' id='block_1_28' title="bbox 216 2607 1836 2679">
    <p class='ocr_par' dir='ltr' id='par_1_28' title="bbox 216 2607 1836 2679">
     <span class='ocr_line' id='line_1_28' title="bbox 216 2607 1836 2679; baseline -0.002 -15"><span class='ocrx_word' id='word_1_215' title='bbox 216 2608 385 2664; x_wconf 75' lang='grc' dir='ltr'>ποιῶν</span> <span class='ocrx_word' id='word_1_216' title='bbox 415 2611 447 2662; x_wconf 86' lang='grc' dir='ltr'>ὁ</span> <span class='ocrx_word' id='word_1_217' title='bbox 481 2607 740 2676; x_wconf 82' lang='grc' dir='ltr'>θεολόγος</span> <span class='ocrx_word' id='word_1_218' title='bbox 780 2607 1089 2679; x_wconf 78' lang='grc' dir='ltr'>ἐπήνεγκεν</span> <span class='ocrx_word' id='word_1_219' title='bbox 1121 2607 1314 2672; x_wconf 79' lang='grc' dir='ltr'>εὐθὺς,</span> <span class='ocrx_word' id='word_1_220' title='bbox 1376 2609 1460 2664; x_wconf 82' lang='grc' dir='ltr'><strong>ὅτι</strong></span> <span class='ocrx_word' id='word_1_221' title='bbox 1497 2628 1515 2661; x_wconf 82' lang='grc' dir='ltr'><strong>ι</strong></span> <span class='ocrx_word' id='word_1_222' title='bbox 1541 2609 1651 2663; x_wconf 71' lang='grc' dir='ltr'><strong>Καὶ</strong></span> <span class='ocrx_word' id='word_1_223' title='bbox 1678 2607 1836 2679; x_wconf 75' lang='grc' dir='ltr'>ὲσκήο</span> 
     </span>
    </p>
   </div>
   <div class='ocr_carea' id='block_1_29' title="bbox 215 2700 1833 2773">
    <p class='ocr_par' dir='ltr' id='par_1_29' title="bbox 215 2700 1833 2773">
     <span class='ocr_line' id='line_1_29' title="bbox 215 2700 1833 2773; baseline -0.002 -17"><span class='ocrx_word' id='word_1_224' title='bbox 215 2720 386 2756; x_wconf 76' lang='grc' dir='ltr'>νωσεν</span> <span class='ocrx_word' id='word_1_225' title='bbox 417 2701 482 2754; x_wconf 83' lang='grc' dir='ltr'>ὲν</span> <span class='ocrx_word' id='word_1_226' title='bbox 505 2703 664 2772; x_wconf 80' lang='grc' dir='ltr'>ἡμῖν,</span> <span class='ocrx_word' id='word_1_227' title='bbox 691 2720 708 2752; x_wconf 79' lang='grc' dir='ltr'><strong>ι</strong></span> <span class='ocrx_word' id='word_1_228' title='bbox 744 2701 832 2754; x_wconf 80' lang='grc' dir='ltr'><strong>ἵνα</strong></span> <span class='ocrx_word' id='word_1_229' title='bbox 867 2700 962 2755; x_wconf 83' lang='grc' dir='ltr'><strong>δύο</strong></span> <span class='ocrx_word' id='word_1_230' title='bbox 982 2701 1183 2771; x_wconf 84' lang='grc' dir='ltr'>νοήσας</span> <span class='ocrx_word' id='word_1_231' title='bbox 1206 2700 1274 2754; x_wconf 82' lang='grc' dir='ltr'><strong>τὰ</strong></span> <span class='ocrx_word' id='word_1_232' title='bbox 1311 2702 1715 2773; x_wconf 81' lang='grc' dir='ltr'>σημαινόμενα,</span> <span class='ocrx_word' id='word_1_233' title='bbox 1740 2701 1833 2754; x_wconf 86' lang='grc' dir='ltr'><strong>τόν</strong></span> 
     </span>
    </p>
   </div>
   <div class='ocr_carea' id='block_1_30' title="bbox 217 2784 1835 2865">
    <p class='ocr_par' dir='ltr' id='par_1_30' title="bbox 217 2784 1835 2865">
     <span class='ocr_line' id='line_1_30' title="bbox 217 2784 1835 2865; baseline -0.001 -17"><span class='ocrx_word' id='word_1_234' title='bbox 217 2812 277 2848; x_wconf 83' lang='grc' dir='ltr'><strong>τε</strong></span> <span class='ocrx_word' id='word_1_235' title='bbox 308 2793 627 2864; x_wconf 78' lang='grc' dir='ltr'>σκηνοῦντα</span> <span class='ocrx_word' id='word_1_236' title='bbox 657 2794 750 2846; x_wconf 88' lang='grc' dir='ltr'><strong>καί</strong></span> <span class='ocrx_word' id='word_1_237' title='bbox 783 2793 846 2846; x_wconf 84' lang='grc' dir='ltr'><strong>τὸ</strong></span> <span class='ocrx_word' id='word_1_238' title='bbox 874 2793 930 2846; x_wconf 80' lang='grc' dir='ltr'>ὲν</span> <span class='ocrx_word' id='word_1_239' title='bbox 959 2784 1004 2860; x_wconf 84' lang='grc' dir='ltr'><strong>ᾧ</strong></span> <span class='ocrx_word' id='word_1_240' title='bbox 1032 2795 1064 2863; x_wconf 79' lang='grc' dir='ltr'>ἡ</span> <span class='ocrx_word' id='word_1_241' title='bbox 1098 2793 1396 2863; x_wconf 85' lang='grc' dir='ltr'>σκήνωσις,</span> <span class='ocrx_word' id='word_1_242' title='bbox 1433 2794 1508 2865; x_wconf 79' lang='grc' dir='ltr'>μὴ</span> <span class='ocrx_word' id='word_1_243' title='bbox 1537 2794 1618 2857; x_wconf 77' lang='grc' dir='ltr'>εἰς</span> <span class='ocrx_word' id='word_1_244' title='bbox 1653 2793 1835 2865; x_wconf 83' lang='grc' dir='ltr'>σάρκα</span> 
     </span>
    </p>
   </div>
   <div class='ocr_carea' id='block_1_31' title="bbox 223 2885 1834 2960">
    <p class='ocr_par' dir='ltr' id='par_1_31' title="bbox 223 2885 1834 2960">
     <span class='ocr_line' id='line_1_31' title="bbox 223 2885 1834 2960; baseline 0.001 -22"><span class='ocrx_word' id='word_1_245' title='bbox 223 2885 691 2960; x_wconf 73' lang='grc' dir='ltr'>παρατετράφθαι</span> <span class='ocrx_word' id='word_1_246' title='bbox 729 2885 962 2958; x_wconf 69' lang='grc' dir='ltr'>νομίσῃς</span> <span class='ocrx_word' id='word_1_247' title='bbox 1001 2886 1188 2950; x_wconf 85' lang='grc' dir='ltr'>αὑτὸν,</span> <span class='ocrx_word' id='word_1_248' title='bbox 1229 2887 1510 2958; x_wconf 83' lang='grc' dir='ltr'>σκηνῶσαι</span> <span class='ocrx_word' id='word_1_249' title='bbox 1541 2887 1596 2940; x_wconf 89' lang='grc' dir='ltr'>δὲ</span> <span class='ocrx_word' id='word_1_250' title='bbox 1631 2887 1834 2958; x_wconf 84' lang='grc' dir='ltr'>μᾶλλον</span> 
     </span>
    </p>
   </div>
   <div class='ocr_carea' id='block_1_32' title="bbox 213 2975 1834 3050">
    <p class='ocr_par' dir='ltr' id='par_1_32' title="bbox 213 2975 1834 3050">
     <span class='ocr_line' id='line_1_32' title="bbox 213 2975 1834 3050; baseline 0.004 -24"><span class='ocrx_word' id='word_1_251' title='bbox 213 2979 270 3026; x_wconf 81' lang='grc' dir='ltr'><strong>ἐν</strong></span> <span class='ocrx_word' id='word_1_252' title='bbox 302 2975 511 3046; x_wconf 75' lang='grc' dir='ltr'>σαρκὶ,</span> <span class='ocrx_word' id='word_1_253' title='bbox 561 2975 639 3038; x_wconf 83' lang='grc' dir='ltr'>ὡς</span> <span class='ocrx_word' id='word_1_254' title='bbox 673 2975 790 3045; x_wconf 82' lang='grc' dir='ltr'>ξδίῳ</span> <span class='ocrx_word' id='word_1_255' title='bbox 837 2977 1332 3050; x_wconf 80' lang='grc' dir='ltr'>προσχρησάμενον</span> <span class='ocrx_word' id='word_1_256' title='bbox 1363 2976 1606 3047; x_wconf 83' lang='grc' dir='ltr'>σώματι,</span> <span class='ocrx_word' id='word_1_257' title='bbox 1657 2976 1736 3048; x_wconf 89' lang='grc' dir='ltr'>τῷ</span> <span class='ocrx_word' id='word_1_258' title='bbox 1769 2979 1834 3032; x_wconf 85' lang='grc' dir='ltr'>ὲκ</span> 
     </span>
    </p>
   </div>
   <div class='ocr_carea' id='block_1_33' title="bbox 208 3067 1832 3142">
    <p class='ocr_par' dir='ltr' id='par_1_33' title="bbox 208 3067 1832 3142">
     <span class='ocr_line' id='line_1_33' title="bbox 208 3067 1832 3142; baseline 0.003 -25"><span class='ocrx_word' id='word_1_259' title='bbox 208 3067 310 3138; x_wconf 78' lang='grc' dir='ltr'>τῆς</span> <span class='ocrx_word' id='word_1_260' title='bbox 338 3068 514 3136; x_wconf 81' lang='grc' dir='ltr'>ἁγίας</span> <span class='ocrx_word' id='word_1_261' title='bbox 544 3067 832 3138; x_wconf 83' lang='grc' dir='ltr'>Παρθένου</span> <span class='ocrx_word' id='word_1_262' title='bbox 864 3067 996 3138; x_wconf 85' lang='grc' dir='ltr'>ναῷ·</span> <span class='ocrx_word' id='word_1_263' title='bbox 1031 3088 1048 3119; x_wconf 81' lang='grc' dir='ltr'><strong>ι</strong></span> <span class='ocrx_word' id='word_1_264' title='bbox 1094 3069 1184 3122; x_wconf 87' lang='grc' dir='ltr'>Ἐν</span> <span class='ocrx_word' id='word_1_265' title='bbox 1215 3068 1366 3140; x_wconf 83' lang='grc' dir='ltr'>αὐτῷ</span> <span class='ocrx_word' id='word_1_266' title='bbox 1397 3071 1504 3142; x_wconf 83' lang='grc' dir='ltr'><strong>γάρ</strong></span> <span class='ocrx_word' id='word_1_267' title='bbox 1541 3069 1832 3142; x_wconf 80' lang='grc' dir='ltr'>κατῴκησε</span> 
     </span>
    </p>
   </div>
   <div class='ocr_carea' id='block_1_34' title="bbox 210 3160 1831 3234">
    <p class='ocr_par' dir='ltr' id='par_1_34' title="bbox 210 3160 1831 3234">
     <span class='ocr_line' id='line_1_34' title="bbox 210 3160 1831 3234; baseline 0.004 -20"><span class='ocrx_word' id='word_1_268' title='bbox 210 3165 322 3217; x_wconf 79' lang='grc' dir='ltr'><strong>πᾶν</strong></span> <span class='ocrx_word' id='word_1_269' title='bbox 374 3163 442 3214; x_wconf 83' lang='grc' dir='ltr'><strong>τὸ</strong></span> <span class='ocrx_word' id='word_1_270' title='bbox 486 3161 772 3233; x_wconf 83' lang='grc' dir='ltr'>πλήρωμα</span> <span class='ocrx_word' id='word_1_271' title='bbox 805 3162 905 3232; x_wconf 84' lang='grc' dir='ltr'>τῆς</span> <span class='ocrx_word' id='word_1_272' title='bbox 952 3160 1208 3231; x_wconf 86' lang='grc' dir='ltr'>Θεότητος</span> <span class='ocrx_word' id='word_1_273' title='bbox 1240 3164 1601 3234; x_wconf 78' lang='grc' dir='ltr'>σωματικῶς,</span> <span class='ocrx_word' id='word_1_274' title='bbox 1651 3183 1669 3216; x_wconf 76' lang='grc' dir='ltr'><strong>ι</strong></span> <span class='ocrx_word' id='word_1_275' title='bbox 1698 3166 1774 3230; x_wconf 83' lang='grc' dir='ltr'>ὡς</span> <span class='ocrx_word' id='word_1_276' title='bbox 1803 3168 1831 3220; x_wconf 97' lang='lat'><strong>6</strong></span> 
     </span>
    </p>
   </div>
   <div class='ocr_carea' id='block_1_35' title="bbox 209 3255 1832 3329">
    <p class='ocr_par' dir='ltr' id='par_1_35' title="bbox 209 3255 1832 3329">
     <span class='ocr_line' id='line_1_35' title="bbox 209 3255 1832 3329; baseline 0.001 -19"><span class='ocrx_word' id='word_1_277' title='bbox 209 3256 432 3322; x_wconf 80' lang='grc' dir='ltr'>ιίαῦλός</span> <span class='ocrx_word' id='word_1_278' title='bbox 475 3271 648 3328; x_wconf 79' lang='grc' dir='ltr'>φησιν</span> <span class='ocrx_word' id='word_1_279' title='bbox 673 3271 686 3284; x_wconf 89' lang='grc'><strong>·</strong></span> <span class='ocrx_word' id='word_1_280' title='bbox 741 3255 1118 3325; x_wconf 84' lang='grc' dir='ltr'>ὲσκηνωκέναι</span> <span class='ocrx_word' id='word_1_281' title='bbox 1164 3273 1228 3326; x_wconf 86' lang='grc' dir='ltr'><strong>γε</strong></span> <span class='ocrx_word' id='word_1_282' title='bbox 1269 3259 1376 3329; x_wconf 85' lang='grc' dir='ltr'>μὴν</span> <span class='ocrx_word' id='word_1_283' title='bbox 1418 3257 1510 3312; x_wconf 79' lang='grc' dir='ltr'><strong>τὸν</strong></span> <span class='ocrx_word' id='word_1_284' title='bbox 1555 3259 1730 3329; x_wconf 87' lang='grc' dir='ltr'>Λόγον</span> <span class='ocrx_word' id='word_1_285' title='bbox 1773 3262 1832 3314; x_wconf 74' lang='grc' dir='ltr'>ἐν</span> 
     </span>
    </p>
   </div>
   <div class='ocr_carea' id='block_1_36' title="bbox 202 3344 1834 3421">
    <p class='ocr_par' dir='ltr' id='par_1_36' title="bbox 202 3344 1834 3421">
     <span class='ocr_line' id='line_1_36' title="bbox 202 3344 1834 3421; baseline -0.006 -5"><span class='ocrx_word' id='word_1_286' title='bbox 202 3351 345 3421; x_wconf 78' lang='grc' dir='ltr'>ἡμῖν</span> <span class='ocrx_word' id='word_1_287' title='bbox 392 3350 696 3419; x_wconf 77' lang='grc' dir='ltr'>χρησίμως</span> <span class='ocrx_word' id='word_1_288' title='bbox 745 3344 1174 3421; x_wconf 34' lang='grc' dir='ltr'>διισχυρίζεταρι,</span> <span class='ocrx_word' id='word_1_289' title='bbox 1232 3347 1365 3419; x_wconf 78' lang='grc' dir='ltr'>βαθὺ</span> <span class='ocrx_word' id='word_1_290' title='bbox 1398 3350 1490 3404; x_wconf 74' lang='grc' dir='ltr'><strong>καὶ</strong></span> <span class='ocrx_word' id='word_1_291' title='bbox 1522 3350 1680 3406; x_wconf 84' lang='grc' dir='ltr'>τοῦτο</span> <span class='ocrx_word' id='word_1_292' title='bbox 1711 3351 1834 3406; x_wconf 88' lang='grc' dir='ltr'>λίαν</span> 
     </span>
    </p>
   </div>
   <div class='ocr_carea' id='block_1_37' title="bbox 197 3419 1834 3516">
    <p class='ocr_par' dir='ltr' id='par_1_37' title="bbox 197 3419 1834 3516">
     <span class='ocr_line' id='line_1_37' title="bbox 197 3419 1834 3516; baseline 0.001 -19"><span class='ocrx_word' id='word_1_293' title='bbox 197 3445 347 3515; x_wconf 76' lang='grc' dir='ltr'>ἡμῖν</span> <span class='ocrx_word' id='word_1_294' title='bbox 399 3441 775 3496; x_wconf 83' lang='grc' dir='ltr'>ὲκκαλύπτων</span> <span class='ocrx_word' id='word_1_295' title='bbox 827 3419 1136 3513; x_wconf 74' lang='grc' dir='ltr'>μυστήριοῖ</span> <span class='ocrx_word' id='word_1_296' title='bbox 1153 3457 1166 3471; x_wconf 90' lang='grc'><strong>·</strong></span> <span class='ocrx_word' id='word_1_297' title='bbox 1209 3443 1409 3505; x_wconf 84' lang='grc' dir='ltr'>πάντες</span> <span class='ocrx_word' id='word_1_298' title='bbox 1444 3442 1553 3515; x_wconf 83' lang='grc' dir='ltr'><strong>γὰρ</strong></span> <span class='ocrx_word' id='word_1_299' title='bbox 1594 3438 1737 3516; x_wconf 75' lang='grc' dir='ltr'>ἦμεν</span> <span class='ocrx_word' id='word_1_300' title='bbox 1775 3444 1834 3498; x_wconf 84' lang='grc' dir='ltr'>ὲν</span> 
     </span>
    </p>
   </div>
   <div class='ocr_carea' id='block_1_38' title="bbox 198 3529 1833 3606">
    <p class='ocr_par' dir='ltr' id='par_1_38' title="bbox 198 3529 1833 3606">
     <span class='ocr_line' id='line_1_38' title="bbox 198 3529 1833 3606; baseline 0.001 -18"><span class='ocrx_word' id='word_1_301' title='bbox 198 3532 445 3606; x_wconf 76' lang='grc' dir='ltr'>Χριστῷ</span> <span class='ocrx_word' id='word_1_302' title='bbox 465 3572 480 3596; x_wconf 92' lang='grc'><strong>,</strong></span> <span class='ocrx_word' id='word_1_303' title='bbox 543 3532 640 3585; x_wconf 77' lang='grc' dir='ltr'><strong>καὶ</strong></span> <span class='ocrx_word' id='word_1_304' title='bbox 667 3529 729 3584; x_wconf 81' lang='grc' dir='ltr'>τὸ</span> <span class='ocrx_word' id='word_1_305' title='bbox 756 3529 934 3586; x_wconf 83' lang='grc' dir='ltr'>κοινὸν</span> <span class='ocrx_word' id='word_1_306' title='bbox 970 3534 1072 3602; x_wconf 81' lang='grc' dir='ltr'><strong>τῆς</strong></span> <span class='ocrx_word' id='word_1_307' title='bbox 1107 3531 1528 3605; x_wconf 84' lang='grc' dir='ltr'>άνθρωπότητος</span> <span class='ocrx_word' id='word_1_308' title='bbox 1561 3537 1640 3599; x_wconf 80' lang='grc' dir='ltr'>εἰς</span> <span class='ocrx_word' id='word_1_309' title='bbox 1669 3535 1833 3589; x_wconf 79' lang='grc' dir='ltr'>αὑτὸν</span> 
     </span>
    </p>
   </div>
   <div class='ocr_carea' id='block_1_39' title="bbox 196 3623 1832 3698">
    <p class='ocr_par' dir='ltr' id='par_1_39' title="bbox 196 3623 1832 3698">
     <span class='ocr_line' id='line_1_39' title="bbox 196 3623 1832 3698; baseline 0.001 -18"><span class='ocrx_word' id='word_1_310' title='bbox 196 3625 435 3680; x_wconf 78' lang='grc' dir='ltr'>ἀναϐιοῖ</span> <span class='ocrx_word' id='word_1_311' title='bbox 458 3623 780 3696; x_wconf 80' lang='grc' dir='ltr'>πρόσωπον.</span> <span class='ocrx_word' id='word_1_312' title='bbox 813 3624 969 3679; x_wconf 80' lang='grc' dir='ltr'>Ἐπεὶ</span> <span class='ocrx_word' id='word_1_313' title='bbox 997 3625 1092 3678; x_wconf 78' lang='grc' dir='ltr'>καὶ</span> <span class='ocrx_word' id='word_1_314' title='bbox 1118 3623 1345 3695; x_wconf 80' lang='grc' dir='ltr'>ἔσχατος</span> <span class='ocrx_word' id='word_1_315' title='bbox 1362 3626 1534 3698; x_wconf 79' lang='grc' dir='ltr'>Ἀδὰμ</span> <span class='ocrx_word' id='word_1_316' title='bbox 1561 3626 1649 3680; x_wconf 80' lang='grc' dir='ltr'>διὰ</span> <span class='ocrx_word' id='word_1_317' title='bbox 1674 3625 1832 3681; x_wconf 85' lang='grc' dir='ltr'>τοῦτο</span> 
     </span>
    </p>
   </div>
   <div class='ocr_carea' id='block_1_40' title="bbox 198 3716 1834 3788">
    <p class='ocr_par' dir='ltr' id='par_1_40' title="bbox 198 3716 1834 3788">
     <span class='ocr_line' id='line_1_40' title="bbox 198 3716 1834 3788; baseline 0 -16"><span class='ocrx_word' id='word_1_318' title='bbox 198 3717 652 3788; x_wconf 74' lang='grc' dir='ltr'>κατωνόμασται</span> <span class='ocrx_word' id='word_1_319' title='bbox 684 3718 755 3787; x_wconf 80' lang='grc' dir='ltr'>τῇ</span> <span class='ocrx_word' id='word_1_320' title='bbox 785 3716 1059 3788; x_wconf 84' lang='grc' dir='ltr'>κοινότητι</span> <span class='ocrx_word' id='word_1_321' title='bbox 1091 3717 1190 3788; x_wconf 83' lang='grc' dir='ltr'>τῆς</span> <span class='ocrx_word' id='word_1_322' title='bbox 1215 3718 1434 3787; x_wconf 65' lang='grc' dir='ltr'>φύσεως</span> <span class='ocrx_word' id='word_1_323' title='bbox 1469 3720 1647 3773; x_wconf 83' lang='grc' dir='ltr'>πάντα</span> <span class='ocrx_word' id='word_1_324' title='bbox 1679 3719 1834 3773; x_wconf 82' lang='grc' dir='ltr'>πλου-</span> 
     </span>
    </p>
   </div>
   <div class='ocr_carea' id='block_1_41' title="bbox 194 3807 1832 3883">
    <p class='ocr_par' dir='ltr' id='par_1_41' title="bbox 194 3807 1832 3883">
     <span class='ocr_line' id='line_1_41' title="bbox 194 3807 1832 3883; baseline 0.002 -20"><span class='ocrx_word' id='word_1_325' title='bbox 194 3811 380 3875; x_wconf 79' lang='grc' dir='ltr'>τίζων</span> <span class='ocrx_word' id='word_1_326' title='bbox 412 3809 481 3863; x_wconf 69' lang='grc' dir='ltr'>τὰ</span> <span class='ocrx_word' id='word_1_327' title='bbox 512 3810 594 3873; x_wconf 82' lang='grc' dir='ltr'>εἰς</span> <span class='ocrx_word' id='word_1_328' title='bbox 637 3809 908 3880; x_wconf 74' lang='grc' dir='ltr'>εὐθυμίαν</span> <span class='ocrx_word' id='word_1_329' title='bbox 959 3809 1054 3862; x_wconf 80' lang='grc' dir='ltr'><strong>καὶ</strong></span> <span class='ocrx_word' id='word_1_330' title='bbox 1082 3809 1241 3875; x_wconf 79' lang='grc' dir='ltr'>δόξαν</span> <span class='ocrx_word' id='word_1_331' title='bbox 1263 3853 1278 3878; x_wconf 87' lang='grc'><strong>,</strong></span> <span class='ocrx_word' id='word_1_332' title='bbox 1326 3811 1520 3883; x_wconf 83' lang='grc' dir='ltr'>ὥσπερ</span> <span class='ocrx_word' id='word_1_333' title='bbox 1559 3807 1650 3866; x_wconf 72' lang='grc' dir='ltr'><strong>οῦν</strong></span> <span class='ocrx_word' id='word_1_334' title='bbox 1679 3813 1772 3866; x_wconf 82' lang='grc' dir='ltr'><strong>καὶ</strong></span> <span class='ocrx_word' id='word_1_335' title='bbox 1804 3815 1832 3868; x_wconf 91' lang='lat'><strong>6</strong></span> 
     </span>
    </p>
   </div>
   <div class='ocr_carea' id='block_1_42' title="bbox 196 3902 1832 3977">
    <p class='ocr_par' dir='ltr' id='par_1_42' title="bbox 196 3902 1832 3977">
     <span class='ocr_line' id='line_1_42' title="bbox 196 3902 1832 3977; baseline 0.001 -19"><span class='ocrx_word' id='word_1_336' title='bbox 196 3903 439 3977; x_wconf 72' lang='grc' dir='ltr'>πρῶτος</span> <span class='ocrx_word' id='word_1_337' title='bbox 480 3903 655 3974; x_wconf 80' lang='grc' dir='ltr'>’Δδὰμ</span> <span class='ocrx_word' id='word_1_338' title='bbox 703 3905 784 3968; x_wconf 77' lang='grc' dir='ltr'><strong>εἰς</strong></span> <span class='ocrx_word' id='word_1_339' title='bbox 815 3902 1024 3973; x_wconf 82' lang='grc' dir='ltr'>φθορὰν</span> <span class='ocrx_word' id='word_1_340' title='bbox 1069 3904 1165 3957; x_wconf 79' lang='grc' dir='ltr'><strong>καὶ</strong></span> <span class='ocrx_word' id='word_1_341' title='bbox 1194 3905 1522 3976; x_wconf 85' lang='grc' dir='ltr'>κατήφειαν.</span> <span class='ocrx_word' id='word_1_342' title='bbox 1572 3907 1661 3959; x_wconf 85' lang='grc' dir='ltr'>Ἐν</span> <span class='ocrx_word' id='word_1_343' title='bbox 1696 3908 1832 3961; x_wconf 82' lang='grc' dir='ltr'>πᾶσι</span> 
     </span>
    </p>
   </div>
   <div class='ocr_carea' id='block_1_43' title="bbox 194 3994 1830 4067">
    <p class='ocr_par' dir='ltr' id='par_1_43' title="bbox 194 3994 1830 4067">
     <span class='ocr_line' id='line_1_43' title="bbox 194 3994 1830 4067; baseline 0.001 -16"><span class='ocrx_word' id='word_1_344' title='bbox 194 3994 518 4067; x_wconf 80' lang='grc' dir='ltr'>τοιγαροῦν</span> <span class='ocrx_word' id='word_1_345' title='bbox 563 3997 591 4048; x_wconf 95' lang='lat'><strong>6</strong></span> <span class='ocrx_word' id='word_1_346' title='bbox 622 3997 796 4063; x_wconf 84' lang='grc' dir='ltr'>Λόγος</span> <span class='ocrx_word' id='word_1_347' title='bbox 836 3995 1120 4066; x_wconf 78' lang='grc' dir='ltr'>ἐσκήνωσε</span> <span class='ocrx_word' id='word_1_348' title='bbox 1145 3995 1214 4050; x_wconf 85' lang='grc' dir='ltr'>δι’</span> <span class='ocrx_word' id='word_1_349' title='bbox 1250 3997 1370 4061; x_wconf 65' lang='grc' dir='ltr'>ἑνδς</span> <span class='ocrx_word' id='word_1_350' title='bbox 1394 4037 1408 4062; x_wconf 90' lang='grc'><strong>,</strong></span> <span class='ocrx_word' id='word_1_351' title='bbox 1465 3998 1551 4052; x_wconf 85' lang='grc' dir='ltr'><strong>ἴνα</strong></span> <span class='ocrx_word' id='word_1_352' title='bbox 1582 3998 1678 4052; x_wconf 82' lang='grc' dir='ltr'><strong>τοῦ</strong></span> <span class='ocrx_word' id='word_1_353' title='bbox 1713 3999 1830 4065; x_wconf 81' lang='grc' dir='ltr'>ἑνὸς</span> 
     </span>
    </p>
   </div>
   <div class='ocr_carea' id='block_1_44' title="bbox 194 4085 1831 4163">
    <p class='ocr_par' dir='ltr' id='par_1_44' title="bbox 194 4085 1831 4163">
     <span class='ocr_line' id='line_1_44' title="bbox 194 4085 1831 4163; baseline 0.001 -17"><span class='ocrx_word' id='word_1_354' title='bbox 194 4089 532 4163; x_wconf 71' lang='grc' dir='ltr'>ὁρισθέντος</span> <span class='ocrx_word' id='word_1_355' title='bbox 562 4085 694 4142; x_wconf 84' lang='grc' dir='ltr'>Υἰοῦ</span> <span class='ocrx_word' id='word_1_356' title='bbox 719 4088 856 4142; x_wconf 90' lang='grc' dir='ltr'>Θεοῦ</span> <span class='ocrx_word' id='word_1_357' title='bbox 887 4090 946 4144; x_wconf 80' lang='grc' dir='ltr'>ὲν</span> <span class='ocrx_word' id='word_1_358' title='bbox 968 4089 1217 4163; x_wconf 87' lang='grc' dir='ltr'>δυνάμει,</span> <span class='ocrx_word' id='word_1_359' title='bbox 1243 4091 1386 4145; x_wconf 80' lang='grc' dir='ltr'>κατὰ</span> <span class='ocrx_word' id='word_1_360' title='bbox 1409 4092 1630 4162; x_wconf 85' lang='grc' dir='ltr'>πνεῦμα</span> <span class='ocrx_word' id='word_1_361' title='bbox 1660 4094 1831 4161; x_wconf 81' lang='grc' dir='ltr'>ἁγιω-</span> 
     </span>
    </p>
   </div>
   <div class='ocr_carea' id='block_1_45' title="bbox 139 4177 1826 4256">
    <p class='ocr_par' dir='ltr' id='par_1_45' title="bbox 139 4177 1826 4256">
     <span class='ocr_line' id='line_1_45' title="bbox 139 4177 1826 4256; baseline 0.001 -20"><span class='ocrx_word' id='word_1_362' title='bbox 139 4177 155 4188; x_wconf 85' lang='grc'><em>’</em></span> <span class='ocrx_word' id='word_1_363' title='bbox 198 4185 383 4253; x_wconf 79' lang='grc' dir='ltr'>σύνης</span> <span class='ocrx_word' id='word_1_364' title='bbox 409 4185 495 4246; x_wconf 85' lang='grc' dir='ltr'>εἰς</span> <span class='ocrx_word' id='word_1_365' title='bbox 521 4182 652 4253; x_wconf 81' lang='grc' dir='ltr'>ὃλην</span> <span class='ocrx_word' id='word_1_366' title='bbox 682 4181 916 4254; x_wconf 75' lang='grc' dir='ltr'>ἔρχηται</span> <span class='ocrx_word' id='word_1_367' title='bbox 942 4181 1039 4255; x_wconf 84' lang='grc' dir='ltr'>τὴν</span> <span class='ocrx_word' id='word_1_368' title='bbox 1067 4183 1466 4256; x_wconf 85' lang='grc' dir='ltr'>άνθρωπότητα</span> <span class='ocrx_word' id='word_1_369' title='bbox 1492 4184 1555 4238; x_wconf 84' lang='grc' dir='ltr'>τὸ</span> <span class='ocrx_word' id='word_1_370' title='bbox 1585 4183 1826 4256; x_wconf 82' lang='grc' dir='ltr'>ἀξίωμα,</span> 
     </span>
    </p>
   </div>
   <div class='ocr_carea' id='block_1_46' title="bbox 195 4273 1828 4348">
    <p class='ocr_par' dir='ltr' id='par_1_46' title="bbox 195 4273 1828 4348">
     <span class='ocr_line' id='line_1_46' title="bbox 195 4273 1828 4348; baseline -0.001 -17"><span class='ocrx_word' id='word_1_371' title='bbox 195 4277 358 4332; x_wconf 77' lang='grc' dir='ltr'>οὕτω</span> <span class='ocrx_word' id='word_1_372' title='bbox 413 4293 476 4328; x_wconf 87' lang='grc' dir='ltr'><strong>τε</strong></span> <span class='ocrx_word' id='word_1_373' title='bbox 529 4274 716 4348; x_wconf 80' lang='grc' dir='ltr'>φθάσῃ</span> <span class='ocrx_word' id='word_1_374' title='bbox 752 4273 850 4328; x_wconf 80' lang='grc' dir='ltr'><strong>καὶ</strong></span> <span class='ocrx_word' id='word_1_375' title='bbox 895 4277 978 4345; x_wconf 76' lang='grc' dir='ltr'><strong>ἐφ’</strong></span> <span class='ocrx_word' id='word_1_376' title='bbox 1010 4277 1160 4348; x_wconf 81' lang='grc' dir='ltr'>ἡμᾶς</span> <span class='ocrx_word' id='word_1_377' title='bbox 1203 4275 1271 4328; x_wconf 78' lang='grc' dir='ltr'>δι’</span> <span class='ocrx_word' id='word_1_378' title='bbox 1301 4276 1394 4330; x_wconf 76' lang='grc' dir='ltr'><strong>ἕνα</strong></span> <span class='ocrx_word' id='word_1_379' title='bbox 1427 4277 1534 4330; x_wconf 85' lang='grc' dir='ltr'><strong>τῶν</strong></span> <span class='ocrx_word' id='word_1_380' title='bbox 1578 4277 1637 4342; x_wconf 80' lang='grc' dir='ltr'><strong>ἐξ</strong></span> <span class='ocrx_word' id='word_1_381' title='bbox 1671 4277 1828 4348; x_wconf 77' lang='grc' dir='ltr'>ἡμῶν</span> 
     </span>
    </p>
   </div>
   <div class='ocr_carea' id='block_1_47' title="bbox 193 4361 1822 4438">
    <p class='ocr_par' dir='ltr' id='par_1_47' title="bbox 193 4361 1822 4438">
     <span class='ocr_line' id='line_1_47' title="bbox 193 4361 1822 4438; baseline 0.001 -17"><span class='ocrx_word' id='word_1_382' title='bbox 193 4369 285 4432; x_wconf 76' lang='grc' dir='ltr'><strong>τὸ,</strong></span> <span class='ocrx_word' id='word_1_383' title='bbox 316 4385 335 4417; x_wconf 78' lang='grc' dir='ltr'><strong>ι</strong></span> <span class='ocrx_word' id='word_1_384' title='bbox 377 4365 528 4435; x_wconf 84' lang='grc' dir='ltr'><strong>Ἐγὼ</strong></span> <span class='ocrx_word' id='word_1_385' title='bbox 551 4361 702 4419; x_wconf 76' lang='grc' dir='ltr'>εἶπαο</span> <span class='ocrx_word' id='word_1_386' title='bbox 727 4366 851 4420; x_wconf 83' lang='grc' dir='ltr'>Θεοί</span> <span class='ocrx_word' id='word_1_387' title='bbox 877 4368 1018 4433; x_wconf 74' lang='grc' dir='ltr'>ἐστε,</span> <span class='ocrx_word' id='word_1_388' title='bbox 1039 4369 1137 4422; x_wconf 75' lang='grc' dir='ltr'><strong>καὶ</strong></span> <span class='ocrx_word' id='word_1_389' title='bbox 1161 4368 1541 4438; x_wconf 62' lang='grc' dir='ltr'>υἱοὶΎψίστου</span> <span class='ocrx_word' id='word_1_390' title='bbox 1569 4370 1788 4434; x_wconf 85' lang='grc' dir='ltr'>πάντες.</span> <span class='ocrx_word' id='word_1_391' title='bbox 1805 4389 1822 4422; x_wconf 77' lang='grc' dir='ltr'><strong>ι</strong></span> 
     </span>
    </p>
   </div>
   <div class='ocr_carea' id='block_1_48' title="bbox 195 4459 1824 4532">
    <p class='ocr_par' dir='ltr' id='par_1_48' title="bbox 195 4459 1824 4532">
     <span class='ocr_line' id='line_1_48' title="bbox 195 4459 1824 4532; baseline 0 -19"><span class='ocrx_word' id='word_1_392' title='bbox 195 4459 433 4513; x_wconf 71' lang='grc' dir='ltr'>ιὶῦκοῦν</span> <span class='ocrx_word' id='word_1_393' title='bbox 463 4460 523 4512; x_wconf 83' lang='grc' dir='ltr'><strong>ἐν</strong></span> <span class='ocrx_word' id='word_1_394' title='bbox 549 4459 775 4530; x_wconf 85' lang='grc' dir='ltr'>Χριστῷ</span> <span class='ocrx_word' id='word_1_395' title='bbox 809 4459 910 4530; x_wconf 82' lang='grc' dir='ltr'><strong>μὲν</strong></span> <span class='ocrx_word' id='word_1_396' title='bbox 944 4459 1164 4532; x_wconf 78' lang='grc' dir='ltr'>άληθῶς</span> <span class='ocrx_word' id='word_1_397' title='bbox 1186 4459 1570 4532; x_wconf 78' lang='grc' dir='ltr'>ἐλευθεροῦται</span> <span class='ocrx_word' id='word_1_398' title='bbox 1601 4462 1663 4514; x_wconf 86' lang='grc' dir='ltr'><strong>τὸ</strong></span> <span class='ocrx_word' id='word_1_399' title='bbox 1701 4461 1824 4515; x_wconf 82' lang='grc' dir='ltr'>δοῦ·-</span> 
     </span>
    </p>
   </div>
   <div class='ocr_carea' id='block_1_49' title="bbox 1946 581 3543 653">
    <p class='ocr_par' dir='ltr' id='par_1_49' title="bbox 1946 581 3543 653">
     <span class='ocr_line' id='line_1_49' title="bbox 1946 581 3543 653; baseline 0.001 -18"><span class='ocrx_word' id='word_1_400' title='bbox 1946 581 2088 652; x_wconf 91' lang='lat' dir='ltr'><strong>ipsa,</strong></span> <span class='ocrx_word' id='word_1_401' title='bbox 2107 581 2235 636; x_wconf 91' lang='lat' dir='ltr'><strong>etin</strong></span> <span class='ocrx_word' id='word_1_402' title='bbox 2258 581 2400 652; x_wconf 91' lang='lat' dir='ltr'><strong>ipsa,</strong></span> <span class='ocrx_word' id='word_1_403' title='bbox 2428 589 2597 651; x_wconf 89' lang='lat' dir='ltr'><strong>atque</strong></span> <span class='ocrx_word' id='word_1_404' title='bbox 2626 597 2751 637; x_wconf 90' lang='lat' dir='ltr'><strong>cum</strong></span> <span class='ocrx_word' id='word_1_405' title='bbox 2779 582 2898 653; x_wconf 88' lang='lat' dir='ltr'><strong>ipsa</strong></span> <span class='ocrx_word' id='word_1_406' title='bbox 2919 583 3378 653; x_wconf 81' lang='lat' dir='ltr'><strong>adoretur,juxta</strong></span> <span class='ocrx_word' id='word_1_407' title='bbox 3407 585 3543 638; x_wconf 78' lang='lat' dir='ltr'><strong>illud</strong></span> 
     </span>
    </p>
   </div>
   <div class='ocr_carea' id='block_1_50' title="bbox 1948 671 3544 739">
    <p class='ocr_par' dir='ltr' id='par_1_50' title="bbox 1948 671 3544 739">
     <span class='ocr_line' id='line_1_50' title="bbox 1948 671 3544 739; baseline 0.002 -14"><span class='ocrx_word' id='word_1_408' title='bbox 1948 672 2107 727; x_wconf 69' lang='lat' dir='ltr'><strong>Isaiae</strong></span> <span class='ocrx_word' id='word_1_409' title='bbox 2139 671 2395 726; x_wconf 89' lang='lat' dir='ltr'><strong>dictum:</strong></span> <span class='ocrx_word' id='word_1_410' title='bbox 2445 691 2463 724; x_wconf 78' lang='grc' dir='ltr'><strong>ι</strong></span> <span class='ocrx_word' id='word_1_411' title='bbox 2503 671 2620 728; x_wconf 87' lang='lat' dir='ltr'><strong>Viri</strong></span> <span class='ocrx_word' id='word_1_412' title='bbox 2651 674 2854 730; x_wconf 80' lang='lat' dir='ltr'><strong>excelsi</strong></span> <span class='ocrx_word' id='word_1_413' title='bbox 2895 673 2963 729; x_wconf 90' lang='lat' dir='ltr'><strong>ad</strong></span> <span class='ocrx_word' id='word_1_414' title='bbox 3004 683 3058 729; x_wconf 92' lang='lat' dir='ltr'><strong>te</strong></span> <span class='ocrx_word' id='word_1_415' title='bbox 3117 675 3458 739; x_wconf 85' lang='lat' dir='ltr'><strong>transibunt,</strong></span> <span class='ocrx_word' id='word_1_416' title='bbox 3487 682 3544 730; x_wconf 89' lang='lat' dir='ltr'><strong>et</strong></span> 
     </span>
    </p>
   </div>
   <div class='ocr_carea' id='block_1_51' title="bbox 1946 764 3541 837">
    <p class='ocr_par' dir='ltr' id='par_1_51' title="bbox 1946 764 3541 837">
     <span class='ocr_line' id='line_1_51' title="bbox 1946 764 3541 837; baseline 0.004 -21"><span class='ocrx_word' id='word_1_417' title='bbox 1946 764 2023 818; x_wconf 80' lang='lat' dir='ltr'><strong>tui</strong></span> <span class='ocrx_word' id='word_1_418' title='bbox 2063 774 2229 820; x_wconf 91' lang='lat' dir='ltr'><strong>erunt</strong></span> <span class='ocrx_word' id='word_1_419' title='bbox 2261 764 2431 831; x_wconf 84' lang='lat' dir='ltr'><strong>servi,</strong></span> <span class='ocrx_word' id='word_1_420' title='bbox 2452 774 2502 820; x_wconf 86' lang='lat' dir='ltr'><strong>et</strong></span> <span class='ocrx_word' id='word_1_421' title='bbox 2527 778 2652 836; x_wconf 88' lang='lat' dir='ltr'><strong>post</strong></span> <span class='ocrx_word' id='word_1_422' title='bbox 2678 775 2732 823; x_wconf 91' lang='lat' dir='ltr'><strong>te</strong></span> <span class='ocrx_word' id='word_1_423' title='bbox 2761 777 3064 837; x_wconf 86' lang='lat' dir='ltr'><strong>sequentur</strong></span> <span class='ocrx_word' id='word_1_424' title='bbox 3082 768 3250 822; x_wconf 88' lang='lat' dir='ltr'><strong>vincti</strong></span> <span class='ocrx_word' id='word_1_425' title='bbox 3284 768 3541 832; x_wconf 87' lang='lat' dir='ltr'><strong>manicis,</strong></span> 
     </span>
    </p>
   </div>
   <div class='ocr_carea' id='block_1_52' title="bbox 1948 858 3540 931">
    <p class='ocr_par' dir='ltr' id='par_1_52' title="bbox 1948 858 3540 931">
     <span class='ocr_line' id='line_1_52' title="bbox 1948 858 3540 931; baseline 0.001 -18"><span class='ocrx_word' id='word_1_426' title='bbox 1948 858 2062 930; x_wconf 74' lang='lat'><strong>96</strong></span> <span class='ocrx_word' id='word_1_427' title='bbox 2089 869 2142 913; x_wconf 90' lang='lat' dir='ltr'><strong>et</strong></span> <span class='ocrx_word' id='word_1_428' title='bbox 2175 858 2489 914; x_wconf 88' lang='lat' dir='ltr'><strong>adorabunt</strong></span> <span class='ocrx_word' id='word_1_429' title='bbox 2520 866 2596 924; x_wconf 91' lang='lat' dir='ltr'><strong>te,</strong></span> <span class='ocrx_word' id='word_1_430' title='bbox 2630 868 2684 913; x_wconf 83' lang='lat' dir='ltr'><strong>et</strong></span> <span class='ocrx_word' id='word_1_431' title='bbox 2713 861 2770 914; x_wconf 90' lang='lat' dir='ltr'><strong>in</strong></span> <span class='ocrx_word' id='word_1_432' title='bbox 2799 867 2854 912; x_wconf 89' lang='lat' dir='ltr'><strong>te</strong></span> <span class='ocrx_word' id='word_1_433' title='bbox 2883 861 3139 926; x_wconf 88' lang='lat' dir='ltr'><strong>orabunt,</strong></span> <span class='ocrx_word' id='word_1_434' title='bbox 3177 861 3439 931; x_wconf 90' lang='lat' dir='ltr'><strong>quoniam</strong></span> <span class='ocrx_word' id='word_1_435' title='bbox 3484 861 3540 914; x_wconf 92' lang='lat' dir='ltr'><strong>iu</strong></span> 
     </span>
    </p>
   </div>
   <div class='ocr_carea' id='block_1_53' title="bbox 1946 950 3543 1023">
    <p class='ocr_par' dir='ltr' id='par_1_53' title="bbox 1946 950 3543 1023">
     <span class='ocr_line' id='line_1_53' title="bbox 1946 950 3543 1023; baseline 0.003 -18"><span class='ocrx_word' id='word_1_436' title='bbox 1946 960 1999 1006; x_wconf 90' lang='lat' dir='ltr'><strong>te</strong></span> <span class='ocrx_word' id='word_1_437' title='bbox 2031 961 2117 1006; x_wconf 88' lang='lat' dir='ltr'><strong>est</strong></span> <span class='ocrx_word' id='word_1_438' title='bbox 2145 950 2313 1016; x_wconf 89' lang='lat' dir='ltr'><strong>Deus,</strong></span> <span class='ocrx_word' id='word_1_439' title='bbox 2345 961 2400 1008; x_wconf 91' lang='lat' dir='ltr'><strong>et</strong></span> <span class='ocrx_word' id='word_1_440' title='bbox 2433 969 2544 1006; x_wconf 91' lang='lat' dir='ltr'><strong>non</strong></span> <span class='ocrx_word' id='word_1_441' title='bbox 2579 961 2666 1008; x_wconf 91' lang='lat' dir='ltr'><strong>est</strong></span> <span class='ocrx_word' id='word_1_442' title='bbox 2709 951 2854 1008; x_wconf 88' lang='lat' dir='ltr'><strong>Deus</strong></span> <span class='ocrx_word' id='word_1_443' title='bbox 2914 961 3114 1023; x_wconf 64' lang='lat' dir='ltr'><strong>praeter</strong></span> <span class='ocrx_word' id='word_1_444' title='bbox 3146 961 3200 1008; x_wconf 88' lang='lat' dir='ltr'><strong>te</strong></span> <span class='ocrx_word' id='word_1_445' title='bbox 3222 954 3287 1006; x_wconf 79' lang='lat'><strong>&quot;.</strong></span> <span class='ocrx_word' id='word_1_446' title='bbox 3338 972 3356 1004; x_wconf 79' lang='grc' dir='ltr'><strong>ι</strong></span> <span class='ocrx_word' id='word_1_447' title='bbox 3399 952 3543 1009; x_wconf 87' lang='lat' dir='ltr'><strong>Ecce</strong></span> 
     </span>
    </p>
   </div>
   <div class='ocr_carea' id='block_1_54' title="bbox 1946 1043 3543 1116">
    <p class='ocr_par' dir='ltr' id='par_1_54' title="bbox 1946 1043 3543 1116">
     <span class='ocr_line' id='line_1_54' title="bbox 1946 1043 3543 1116; baseline 0.003 -18"><span class='ocrx_word' id='word_1_448' title='bbox 1946 1043 2124 1100; x_wconf 87' lang='lat' dir='ltr'><strong>Deum</strong></span> <span class='ocrx_word' id='word_1_449' title='bbox 2169 1046 2336 1100; x_wconf 89' lang='lat' dir='ltr'><strong>etiam</strong></span> <span class='ocrx_word' id='word_1_450' title='bbox 2377 1047 2429 1099; x_wconf 93' lang='lat' dir='ltr'><strong>in</strong></span> <span class='ocrx_word' id='word_1_451' title='bbox 2489 1046 2610 1116; x_wconf 85' lang='lat' dir='ltr'><strong>ipso</strong></span> <span class='ocrx_word' id='word_1_452' title='bbox 2642 1060 2770 1101; x_wconf 88' lang='lat' dir='ltr'><strong>esse</strong></span> <span class='ocrx_word' id='word_1_453' title='bbox 2818 1048 3000 1109; x_wconf 88' lang='lat' dir='ltr'><strong>aiunt,</strong></span> <span class='ocrx_word' id='word_1_454' title='bbox 3058 1062 3167 1100; x_wconf 90' lang='lat' dir='ltr'><strong>non</strong></span> <span class='ocrx_word' id='word_1_455' title='bbox 3219 1058 3543 1116; x_wconf 84' lang='lat' dir='ltr'><strong>separantes</strong></span> 
     </span>
    </p>
   </div>
   <div class='ocr_carea' id='block_1_55' title="bbox 1945 1136 3540 1194">
    <p class='ocr_par' dir='ltr' id='par_1_55' title="bbox 1945 1136 3540 1194">
     <span class='ocr_line' id='line_1_55' title="bbox 1945 1136 3540 1194; baseline 0 -2"><span class='ocrx_word' id='word_1_456' title='bbox 1945 1154 2173 1194; x_wconf 87' lang='lat' dir='ltr'><strong>carnem</strong></span> <span class='ocrx_word' id='word_1_457' title='bbox 2211 1153 2242 1192; x_wconf 89' lang='lat' dir='ltr'><strong>a</strong></span> <span class='ocrx_word' id='word_1_458' title='bbox 2277 1136 2498 1194; x_wconf 84' lang='lat' dir='ltr'><strong>Verbo:</strong></span> <span class='ocrx_word' id='word_1_459' title='bbox 2535 1149 2592 1192; x_wconf 88' lang='lat' dir='ltr'><strong>et</strong></span> <span class='ocrx_word' id='word_1_460' title='bbox 2629 1153 2825 1194; x_wconf 85' lang='lat' dir='ltr'><strong>rursus</strong></span> <span class='ocrx_word' id='word_1_461' title='bbox 2857 1138 3032 1192; x_wconf 90' lang='lat' dir='ltr'><strong>alium</strong></span> <span class='ocrx_word' id='word_1_462' title='bbox 3067 1153 3177 1193; x_wconf 92' lang='lat' dir='ltr'><strong>non</strong></span> <span class='ocrx_word' id='word_1_463' title='bbox 3209 1154 3333 1194; x_wconf 89' lang='lat' dir='ltr'><strong>esse</strong></span> <span class='ocrx_word' id='word_1_464' title='bbox 3367 1137 3540 1194; x_wconf 86' lang='lat' dir='ltr'><strong>Deum</strong></span> 
     </span>
    </p>
   </div>
   <div class='ocr_carea' id='block_1_56' title="bbox 1943 1227 3542 1302">
    <p class='ocr_par' dir='ltr' id='par_1_56' title="bbox 1943 1227 3542 1302">
     <span class='ocr_line' id='line_1_56' title="bbox 1943 1227 3542 1302; baseline 0.002 -18"><span class='ocrx_word' id='word_1_465' title='bbox 1943 1238 2148 1300; x_wconf 58' lang='lat' dir='ltr'><strong>prater</strong></span> <span class='ocrx_word' id='word_1_466' title='bbox 2207 1230 2390 1300; x_wconf 89' lang='lat' dir='ltr'><strong>ipsum</strong></span> <span class='ocrx_word' id='word_1_467' title='bbox 2459 1229 2818 1296; x_wconf 80' lang='lat' dir='ltr'><strong>confirmant,</strong></span> <span class='ocrx_word' id='word_1_468' title='bbox 2881 1231 3293 1302; x_wconf 87' lang='lat' dir='ltr'><strong>conjungentes</strong></span> <span class='ocrx_word' id='word_1_469' title='bbox 3357 1227 3542 1287; x_wconf 80' lang='lat' dir='ltr'><strong>Verbo</strong></span> 
     </span>
    </p>
   </div>
   <div class='ocr_carea' id='block_1_57' title="bbox 1941 1323 3542 1395">
    <p class='ocr_par' dir='ltr' id='par_1_57' title="bbox 1941 1323 3542 1395">
     <span class='ocr_line' id='line_1_57' title="bbox 1941 1323 3542 1395; baseline 0.001 -17"><span class='ocrx_word' id='word_1_470' title='bbox 1941 1334 2254 1394; x_wconf 75' lang='lat' dir='ltr'><strong>gestamen,</strong></span> <span class='ocrx_word' id='word_1_471' title='bbox 2297 1333 2356 1378; x_wconf 91' lang='lat' dir='ltr'><strong>ut</strong></span> <span class='ocrx_word' id='word_1_472' title='bbox 2384 1323 2506 1394; x_wconf 85' lang='lat' dir='ltr'><strong>ejus</strong></span> <span class='ocrx_word' id='word_1_473' title='bbox 2561 1324 2874 1394; x_wconf 87' lang='lat' dir='ltr'><strong>proprium,</strong></span> <span class='ocrx_word' id='word_1_474' title='bbox 2909 1325 3172 1395; x_wconf 88' lang='lat' dir='ltr'><strong>templum</strong></span> <span class='ocrx_word' id='word_1_475' title='bbox 3230 1323 3444 1379; x_wconf 88' lang='lat' dir='ltr'><strong>scilicet</strong></span> <span class='ocrx_word' id='word_1_476' title='bbox 3472 1339 3542 1380; x_wconf 75' lang='lat' dir='ltr'><strong>ex</strong></span> 
     </span>
    </p>
   </div>
   <div class='ocr_carea' id='block_1_58' title="bbox 1942 1413 3397 1486">
    <p class='ocr_par' dir='ltr' id='par_1_58' title="bbox 1942 1413 3397 1486">
     <span class='ocr_line' id='line_1_58' title="bbox 1942 1413 3397 1486; baseline 0.003 -19"><span class='ocrx_word' id='word_1_477' title='bbox 1942 1413 2201 1486; x_wconf 76' lang='lat' dir='ltr'><strong>Virgine:</strong></span> <span class='ocrx_word' id='word_1_478' title='bbox 2245 1431 2392 1470; x_wconf 89' lang='lat' dir='ltr'><strong>unus</strong></span> <span class='ocrx_word' id='word_1_479' title='bbox 2417 1417 2565 1471; x_wconf 90' lang='lat' dir='ltr'><strong>enim</strong></span> <span class='ocrx_word' id='word_1_480' title='bbox 2593 1431 2660 1472; x_wconf 78' lang='lat' dir='ltr'><strong>ex</strong></span> <span class='ocrx_word' id='word_1_481' title='bbox 2693 1416 2965 1473; x_wconf 85' lang='lat' dir='ltr'><strong>ambobus</strong></span> <span class='ocrx_word' id='word_1_482' title='bbox 2995 1415 3257 1472; x_wconf 81' lang='lat' dir='ltr'><strong>Christus</strong></span> <span class='ocrx_word' id='word_1_483' title='bbox 3289 1423 3397 1472; x_wconf 90' lang='lat' dir='ltr'><strong>est.</strong></span> 
     </span>
    </p>
   </div>
   <div class='ocr_carea' id='block_1_59' title="bbox 2010 1677 2862 1746">
    <p class='ocr_par' dir='ltr' id='par_1_59' title="bbox 2010 1677 2862 1746">
     <span class='ocr_line' id='line_1_59' title="bbox 2010 1677 2862 1746; baseline 0.005 -12"><span class='ocrx_word' id='word_1_484' title='bbox 2010 1679 2052 1746; x_wconf 88' lang='grc'><strong>1⁹</strong></span> <span class='ocrx_word' id='word_1_485' title='bbox 2091 1681 2179 1736; x_wconf 72' lang='grc'><strong>14.</strong></span> <span class='ocrx_word' id='word_1_486' title='bbox 2219 1677 2288 1735; x_wconf 83' lang='lat' dir='ltr'><strong>Et</strong></span> <span class='ocrx_word' id='word_1_487' title='bbox 2321 1681 2582 1736; x_wconf 78' lang='lat' dir='ltr'><strong>habitavit</strong></span> <span class='ocrx_word' id='word_1_488' title='bbox 2611 1681 2862 1738; x_wconf 72' lang='lat' dir='ltr'><strong>innobis.</strong></span> 
     </span>
    </p>
   </div>
   <div class='ocr_carea' id='block_1_60' title="bbox 2011 1772 3533 1846">
    <p class='ocr_par' dir='ltr' id='par_1_60' title="bbox 2011 1772 3533 1846">
     <span class='ocr_line' id='line_1_60' title="bbox 2011 1772 3533 1846; baseline -0.001 -18"><span class='ocrx_word' id='word_1_489' title='bbox 2011 1773 2264 1845; x_wconf 74' lang='lat' dir='ltr'><strong>Explicat</strong></span> <span class='ocrx_word' id='word_1_490' title='bbox 2294 1775 2551 1846; x_wconf 81' lang='lat' dir='ltr'><strong>pluribus</strong></span> <span class='ocrx_word' id='word_1_491' title='bbox 2594 1775 2779 1831; x_wconf 85' lang='lat' dir='ltr'><strong>verbis</strong></span> <span class='ocrx_word' id='word_1_492' title='bbox 2809 1773 3156 1844; x_wconf 80' lang='lat' dir='ltr'><strong>evangelista</strong></span> <span class='ocrx_word' id='word_1_493' title='bbox 3191 1773 3336 1844; x_wconf 88' lang='lat' dir='ltr'><strong>quod</strong></span> <span class='ocrx_word' id='word_1_494' title='bbox 3371 1772 3533 1837; x_wconf 80' lang='lat' dir='ltr'><strong>dixit,</strong></span> 
     </span>
    </p>
   </div>
   <div class='ocr_carea' id='block_1_61' title="bbox 1868 1848 3534 1938">
    <p class='ocr_par' dir='ltr' id='par_1_61' title="bbox 1868 1848 3534 1938">
     <span class='ocr_line' id='line_1_61' title="bbox 1868 1848 3534 1938; baseline 0.001 -18"><span class='ocrx_word' id='word_1_495' title='bbox 1868 1848 1910 1908; x_wconf 69' lang='grc' dir='ltr'><strong>Β</strong></span> <span class='ocrx_word' id='word_1_496' title='bbox 1948 1873 2116 1936; x_wconf 84' lang='lat' dir='ltr'><strong>atque</strong></span> <span class='ocrx_word' id='word_1_497' title='bbox 2142 1882 2299 1923; x_wconf 87' lang='lat' dir='ltr'><strong>suam</strong></span> <span class='ocrx_word' id='word_1_498' title='bbox 2333 1867 2668 1924; x_wconf 87' lang='lat' dir='ltr'><strong>sententiam</strong></span> <span class='ocrx_word' id='word_1_499' title='bbox 2702 1869 2911 1923; x_wconf 89' lang='lat' dir='ltr'><strong>clarius</strong></span> <span class='ocrx_word' id='word_1_500' title='bbox 2940 1868 3187 1938; x_wconf 78' lang='lat' dir='ltr'><strong>exponit.</strong></span> <span class='ocrx_word' id='word_1_501' title='bbox 3222 1868 3356 1922; x_wconf 71' lang='lat' dir='ltr'><strong>(lum</strong></span> <span class='ocrx_word' id='word_1_502' title='bbox 3387 1869 3534 1923; x_wconf 88' lang='lat' dir='ltr'><strong>enim</strong></span> 
     </span>
    </p>
   </div>
   <div class='ocr_carea' id='block_1_62' title="bbox 1944 1957 3537 2030">
    <p class='ocr_par' dir='ltr' id='par_1_62' title="bbox 1944 1957 3537 2030">
     <span class='ocr_line' id='line_1_62' title="bbox 1944 1957 3537 2030; baseline 0.001 -16"><span class='ocrx_word' id='word_1_503' title='bbox 1944 1957 2150 2014; x_wconf 82' lang='lat' dir='ltr'><strong>dixerit</strong></span> <span class='ocrx_word' id='word_1_504' title='bbox 2181 1974 2406 2014; x_wconf 90' lang='lat' dir='ltr'><strong>carnem</strong></span> <span class='ocrx_word' id='word_1_505' title='bbox 2438 1958 2649 2014; x_wconf 77' lang='lat' dir='ltr'><strong>factum</strong></span> <span class='ocrx_word' id='word_1_506' title='bbox 2689 1977 2815 2018; x_wconf 88' lang='lat' dir='ltr'><strong>esse</strong></span> <span class='ocrx_word' id='word_1_507' title='bbox 2869 1960 2968 2015; x_wconf 88' lang='lat' dir='ltr'><strong>Dei</strong></span> <span class='ocrx_word' id='word_1_508' title='bbox 3003 1959 3271 2026; x_wconf 82' lang='lat' dir='ltr'><strong>Verbum,</strong></span> <span class='ocrx_word' id='word_1_509' title='bbox 3314 1975 3383 2015; x_wconf 89' lang='lat' dir='ltr'><strong>ne</strong></span> <span class='ocrx_word' id='word_1_510' title='bbox 3411 1960 3537 2030; x_wconf 82' lang='lat' dir='ltr'><strong>quis</strong></span> 
     </span>
    </p>
   </div>
   <div class='ocr_carea' id='block_1_63' title="bbox 1935 2053 3538 2131">
    <p class='ocr_par' dir='ltr' id='par_1_63' title="bbox 1935 2053 3538 2131">
     <span class='ocr_line' id='line_1_63' title="bbox 1935 2053 3538 2131; baseline 0 -24"><span class='ocrx_word' id='word_1_511' title='bbox 1935 2055 2172 2124; x_wconf 75' lang='lat' dir='ltr'><strong>propria</strong></span> <span class='ocrx_word' id='word_1_512' title='bbox 2207 2054 2390 2124; x_wconf 90' lang='lat' dir='ltr'><strong>ipsum</strong></span> <span class='ocrx_word' id='word_1_513' title='bbox 2424 2064 2625 2109; x_wconf 88' lang='lat' dir='ltr'><strong>natura</strong></span> <span class='ocrx_word' id='word_1_514' title='bbox 2662 2053 2943 2131; x_wconf 76' lang='lat' dir='ltr'><strong>excidisse</strong></span> <span class='ocrx_word' id='word_1_515' title='bbox 2989 2053 3323 2109; x_wconf 81' lang='lat' dir='ltr'><strong>stultissime</strong></span> <span class='ocrx_word' id='word_1_516' title='bbox 3354 2054 3538 2124; x_wconf 82' lang='lat' dir='ltr'><strong>suspi-</strong></span> 
     </span>
    </p>
   </div>
   <div class='ocr_carea' id='block_1_64' title="bbox 1939 2147 3536 2211">
    <p class='ocr_par' dir='ltr' id='par_1_64' title="bbox 1939 2147 3536 2211">
     <span class='ocr_line' id='line_1_64' title="bbox 1939 2147 3536 2211; baseline 0 -9"><span class='ocrx_word' id='word_1_517' title='bbox 1939 2154 2186 2210; x_wconf 88' lang='lat' dir='ltr'><strong>caretur,</strong></span> <span class='ocrx_word' id='word_1_518' title='bbox 2224 2155 2280 2202; x_wconf 93' lang='lat' dir='ltr'><strong>et</strong></span> <span class='ocrx_word' id='word_1_519' title='bbox 2330 2147 2385 2201; x_wconf 91' lang='lat' dir='ltr'><strong>in</strong></span> <span class='ocrx_word' id='word_1_520' title='bbox 2430 2162 2657 2203; x_wconf 88' lang='lat' dir='ltr'><strong>carnem</strong></span> <span class='ocrx_word' id='word_1_521' title='bbox 2702 2162 2832 2203; x_wconf 83' lang='lat' dir='ltr'><strong>vere</strong></span> <span class='ocrx_word' id='word_1_522' title='bbox 2886 2151 3328 2201; x_wconf 87' lang='lat' dir='ltr'><strong>Iransmutatum</strong></span> <span class='ocrx_word' id='word_1_523' title='bbox 3385 2160 3536 2211; x_wconf 85' lang='lat' dir='ltr'><strong>esse,</strong></span> 
     </span>
    </p>
   </div>
   <div class='ocr_carea' id='block_1_65' title="bbox 1938 2237 3537 2310">
    <p class='ocr_par' dir='ltr' id='par_1_65' title="bbox 1938 2237 3537 2310">
     <span class='ocr_line' id='line_1_65' title="bbox 1938 2237 3537 2310; baseline -0.001 -16"><span class='ocrx_word' id='word_1_524' title='bbox 1938 2247 2104 2310; x_wconf 85' lang='lat' dir='ltr'><strong>atque</strong></span> <span class='ocrx_word' id='word_1_525' title='bbox 2139 2240 2191 2295; x_wconf 86' lang='lat' dir='ltr'><strong>id</strong></span> <span class='ocrx_word' id='word_1_526' title='bbox 2223 2241 2337 2310; x_wconf 89' lang='lat' dir='ltr'><strong>pati</strong></span> <span class='ocrx_word' id='word_1_527' title='bbox 2388 2241 2533 2310; x_wconf 92' lang='lat' dir='ltr'><strong>quod</strong></span> <span class='ocrx_word' id='word_1_528' title='bbox 2581 2241 2809 2294; x_wconf 90' lang='lat' dir='ltr'><strong>omnino</strong></span> <span class='ocrx_word' id='word_1_529' title='bbox 2865 2240 2989 2310; x_wconf 32' lang='lat' dir='ltr'><strong>pati.</strong></span> <span class='ocrx_word' id='word_1_530' title='bbox 3021 2255 3132 2295; x_wconf 89' lang='lat' dir='ltr'><strong>non</strong></span> <span class='ocrx_word' id='word_1_531' title='bbox 3190 2239 3368 2309; x_wconf 89' lang='lat' dir='ltr'><strong>possit</strong></span> <span class='ocrx_word' id='word_1_532' title='bbox 3422 2237 3537 2309; x_wconf 86' lang='lat' dir='ltr'><strong>(ab</strong></span> 
     </span>
    </p>
   </div>
   <div class='ocr_carea' id='block_1_66' title="bbox 1937 2330 3534 2405">
    <p class='ocr_par' dir='ltr' id='par_1_66' title="bbox 1937 2330 3534 2405">
     <span class='ocr_line' id='line_1_66' title="bbox 1937 2330 3534 2405; baseline -0.001 -17"><span class='ocrx_word' id='word_1_533' title='bbox 1937 2334 2090 2388; x_wconf 86' lang='lat' dir='ltr'><strong>Omni</strong></span> <span class='ocrx_word' id='word_1_534' title='bbox 2121 2335 2324 2405; x_wconf 90' lang='lat' dir='ltr'><strong>quippe</strong></span> <span class='ocrx_word' id='word_1_535' title='bbox 2359 2334 2694 2388; x_wconf 84' lang='lat' dir='ltr'><strong>alteratione</strong></span> <span class='ocrx_word' id='word_1_536' title='bbox 2743 2343 2798 2390; x_wconf 90' lang='lat' dir='ltr'><strong>et</strong></span> <span class='ocrx_word' id='word_1_537' title='bbox 2859 2333 3226 2389; x_wconf 79' lang='lat' dir='ltr'><strong>conversione</strong></span> <span class='ocrx_word' id='word_1_538' title='bbox 3261 2333 3314 2388; x_wconf 93' lang='lat' dir='ltr'><strong>in</strong></span> <span class='ocrx_word' id='word_1_539' title='bbox 3347 2330 3534 2397; x_wconf 84' lang='lat' dir='ltr'><strong>aliud,</strong></span> 
     </span>
    </p>
   </div>
   <div class='ocr_carea' id='block_1_67' title="bbox 1938 2424 3540 2495">
    <p class='ocr_par' dir='ltr' id='par_1_67' title="bbox 1938 2424 3540 2495">
     <span class='ocr_line' id='line_1_67' title="bbox 1938 2424 3540 2495; baseline 0.001 -18"><span class='ocrx_word' id='word_1_540' title='bbox 1938 2424 2156 2480; x_wconf 84' lang='lat' dir='ltr'><strong>ratione</strong></span> <span class='ocrx_word' id='word_1_541' title='bbox 2214 2427 2474 2480; x_wconf 71' lang='lat' dir='ltr'><strong>essentia:</strong></span> <span class='ocrx_word' id='word_1_542' title='bbox 2534 2424 2681 2481; x_wconf 94' lang='lat' dir='ltr'><strong>Deus</strong></span> <span class='ocrx_word' id='word_1_543' title='bbox 2718 2425 3042 2495; x_wconf 88' lang='lat' dir='ltr'><strong>longissime</strong></span> <span class='ocrx_word' id='word_1_544' title='bbox 3108 2424 3330 2494; x_wconf 85' lang='lat' dir='ltr'><strong>abest),</strong></span> <span class='ocrx_word' id='word_1_545' title='bbox 3387 2432 3540 2479; x_wconf 84' lang='lat' dir='ltr'><strong>recte</strong></span> 
     </span>
    </p>
   </div>
   <div class='ocr_carea' id='block_1_68' title="bbox 1941 2516 3537 2588">
    <p class='ocr_par' dir='ltr' id='par_1_68' title="bbox 1941 2516 3537 2588">
     <span class='ocr_line' id='line_1_68' title="bbox 1941 2516 3537 2588; baseline 0 -16"><span class='ocrx_word' id='word_1_546' title='bbox 1941 2516 2133 2587; x_wconf 88' lang='lat' dir='ltr'><strong>utique</strong></span> <span class='ocrx_word' id='word_1_547' title='bbox 2165 2518 2481 2588; x_wconf 79' lang='lat' dir='ltr'><strong>Thcologus</strong></span> <span class='ocrx_word' id='word_1_548' title='bbox 2511 2519 2697 2574; x_wconf 83' lang='lat' dir='ltr'><strong>statim</strong></span> <span class='ocrx_word' id='word_1_549' title='bbox 2748 2516 2938 2586; x_wconf 78' lang='lat' dir='ltr'><strong>infert,</strong></span> <span class='ocrx_word' id='word_1_550' title='bbox 2974 2537 2994 2570; x_wconf 83' lang='grc'>‹</span> <span class='ocrx_word' id='word_1_551' title='bbox 3045 2517 3109 2570; x_wconf 80' lang='lat' dir='ltr'><strong>Et</strong></span> <span class='ocrx_word' id='word_1_552' title='bbox 3169 2516 3440 2572; x_wconf 72' lang='lat' dir='ltr'><strong>habitavit</strong></span> <span class='ocrx_word' id='word_1_553' title='bbox 3479 2517 3537 2572; x_wconf 90' lang='lat' dir='ltr'><strong>in</strong></span> 
     </span>
    </p>
   </div>
   <div class='ocr_carea' id='block_1_69' title="bbox 1938 2611 3535 2682">
    <p class='ocr_par' dir='ltr' id='par_1_69' title="bbox 1938 2611 3535 2682">
     <span class='ocr_line' id='line_1_69' title="bbox 1938 2611 3535 2682; baseline -0.001 -16"><span class='ocrx_word' id='word_1_554' title='bbox 1938 2612 2103 2666; x_wconf 76' lang='lat' dir='ltr'><strong>nobis</strong></span> <span class='ocrx_word' id='word_1_555' title='bbox 2143 2631 2162 2662; x_wconf 74' lang='grc' dir='ltr'><strong>ι</strong></span> <span class='ocrx_word' id='word_1_556' title='bbox 2196 2620 2255 2666; x_wconf 87' lang='grc' dir='ltr'><strong>ιιι</strong></span> <span class='ocrx_word' id='word_1_557' title='bbox 2300 2629 2427 2668; x_wconf 91' lang='lat' dir='ltr'><strong>cum</strong></span> <span class='ocrx_word' id='word_1_558' title='bbox 2464 2611 2576 2667; x_wconf 89' lang='lat' dir='ltr'><strong>duo</strong></span> <span class='ocrx_word' id='word_1_559' title='bbox 2605 2613 2928 2669; x_wconf 90' lang='lat' dir='ltr'><strong>necessario</strong></span> <span class='ocrx_word' id='word_1_560' title='bbox 2983 2612 3286 2682; x_wconf 81' lang='lat' dir='ltr'><strong>intelligas,</strong></span> <span class='ocrx_word' id='word_1_561' title='bbox 3325 2618 3378 2665; x_wconf 89' lang='lat' dir='ltr'><strong>et</strong></span> <span class='ocrx_word' id='word_1_562' title='bbox 3409 2625 3535 2666; x_wconf 90' lang='lat' dir='ltr'><strong>eum</strong></span> 
     </span>
    </p>
   </div>
   <div class='ocr_carea' id='block_1_70' title="bbox 1937 2702 3534 2773">
    <p class='ocr_par' dir='ltr' id='par_1_70' title="bbox 1937 2702 3534 2773">
     <span class='ocr_line' id='line_1_70' title="bbox 1937 2702 3534 2773; baseline -0.002 -16"><span class='ocrx_word' id='word_1_563' title='bbox 1937 2703 2036 2773; x_wconf 87' lang='lat' dir='ltr'><strong>qui</strong></span> <span class='ocrx_word' id='word_1_564' title='bbox 2097 2703 2332 2768; x_wconf 82' lang='lat' dir='ltr'><strong>habitat,</strong></span> <span class='ocrx_word' id='word_1_565' title='bbox 2393 2711 2449 2758; x_wconf 92' lang='lat' dir='ltr'><strong>et</strong></span> <span class='ocrx_word' id='word_1_566' title='bbox 2483 2704 2537 2758; x_wconf 90' lang='lat' dir='ltr'><strong>id</strong></span> <span class='ocrx_word' id='word_1_567' title='bbox 2573 2703 2630 2758; x_wconf 90' lang='lat' dir='ltr'><strong>in</strong></span> <span class='ocrx_word' id='word_1_568' title='bbox 2699 2719 2809 2773; x_wconf 90' lang='lat' dir='ltr'><strong>quo</strong></span> <span class='ocrx_word' id='word_1_569' title='bbox 2845 2703 3152 2766; x_wconf 85' lang='lat' dir='ltr'><strong>habitatur,</strong></span> <span class='ocrx_word' id='word_1_570' title='bbox 3213 2702 3268 2756; x_wconf 91' lang='lat' dir='ltr'><strong>in</strong></span> <span class='ocrx_word' id='word_1_571' title='bbox 3311 2715 3534 2755; x_wconf 84' lang='lat' dir='ltr'><strong>carnem</strong></span> 
     </span>
    </p>
   </div>
   <div class='ocr_carea' id='block_1_71' title="bbox 1939 2792 3538 2868">
    <p class='ocr_par' dir='ltr' id='par_1_71' title="bbox 1939 2792 3538 2868">
     <span class='ocr_line' id='line_1_71' title="bbox 1939 2792 3538 2868; baseline -0.003 -16"><span class='ocrx_word' id='word_1_572' title='bbox 1939 2799 2120 2868; x_wconf 90' lang='lat' dir='ltr'><strong>ipsum</strong></span> <span class='ocrx_word' id='word_1_573' title='bbox 2154 2813 2267 2852; x_wconf 89' lang='lat' dir='ltr'><strong>non</strong></span> <span class='ocrx_word' id='word_1_574' title='bbox 2299 2813 2425 2852; x_wconf 89' lang='lat' dir='ltr'><strong>esse</strong></span> <span class='ocrx_word' id='word_1_575' title='bbox 2447 2805 2884 2852; x_wconf 84' lang='lat' dir='ltr'><strong>transmutatum</strong></span> <span class='ocrx_word' id='word_1_576' title='bbox 2909 2797 3222 2862; x_wconf 81' lang='lat' dir='ltr'><strong>existimes,</strong></span> <span class='ocrx_word' id='word_1_577' title='bbox 3253 2793 3350 2849; x_wconf 87' lang='lat' dir='ltr'><strong>sed</strong></span> <span class='ocrx_word' id='word_1_578' title='bbox 3375 2792 3538 2848; x_wconf 84' lang='lat' dir='ltr'><strong>habi-</strong></span> 
     </span>
    </p>
   </div>
   <div class='ocr_carea' id='block_1_72' title="bbox 1938 2886 3535 2958">
    <p class='ocr_par' dir='ltr' id='par_1_72' title="bbox 1938 2886 3535 2958">
     <span class='ocr_line' id='line_1_72' title="bbox 1938 2886 3535 2958; baseline -0.004 -16"><span class='ocrx_word' id='word_1_579' title='bbox 1938 2897 2057 2943; x_wconf 88' lang='lat' dir='ltr'><strong>tare</strong></span> <span class='ocrx_word' id='word_1_580' title='bbox 2096 2888 2281 2958; x_wconf 87' lang='lat' dir='ltr'><strong>potius</strong></span> <span class='ocrx_word' id='word_1_581' title='bbox 2306 2887 2364 2940; x_wconf 92' lang='lat' dir='ltr'><strong>in</strong></span> <span class='ocrx_word' id='word_1_582' title='bbox 2407 2901 2598 2951; x_wconf 89' lang='lat' dir='ltr'><strong>carne,</strong></span> <span class='ocrx_word' id='word_1_583' title='bbox 2640 2893 2700 2940; x_wconf 90' lang='lat' dir='ltr'><strong>ut</strong></span> <span class='ocrx_word' id='word_1_584' title='bbox 2744 2886 2972 2957; x_wconf 88' lang='lat' dir='ltr'><strong>proprio</strong></span> <span class='ocrx_word' id='word_1_585' title='bbox 3001 2893 3244 2938; x_wconf 88' lang='lat' dir='ltr'><strong>utentem</strong></span> <span class='ocrx_word' id='word_1_586' title='bbox 3279 2896 3535 2953; x_wconf 80' lang='lat' dir='ltr'><strong>corpore,</strong></span> 
     </span>
    </p>
   </div>
   <div class='ocr_carea' id='block_1_73' title="bbox 1940 2972 3534 3049">
    <p class='ocr_par' dir='ltr' id='par_1_73' title="bbox 1940 2972 3534 3049">
     <span class='ocr_line' id='line_1_73' title="bbox 1940 2972 3534 3049; baseline -0.003 -17"><span class='ocrx_word' id='word_1_587' title='bbox 1940 2979 2148 3049; x_wconf 90' lang='lat' dir='ltr'><strong>templo</strong></span> <span class='ocrx_word' id='word_1_588' title='bbox 2195 2978 2290 3033; x_wconf 88' lang='lat' dir='ltr'><strong>illo</strong></span> <span class='ocrx_word' id='word_1_589' title='bbox 2326 2977 2592 3031; x_wconf 87' lang='lat' dir='ltr'><strong>nimirum</strong></span> <span class='ocrx_word' id='word_1_590' title='bbox 2624 2977 2775 3047; x_wconf 88' lang='lat' dir='ltr'><strong>quod</strong></span> <span class='ocrx_word' id='word_1_591' title='bbox 2806 2985 2892 3031; x_wconf 89' lang='lat' dir='ltr'><strong>est</strong></span> <span class='ocrx_word' id='word_1_592' title='bbox 2929 2991 2995 3030; x_wconf 80' lang='lat' dir='ltr'><strong>ex</strong></span> <span class='ocrx_word' id='word_1_593' title='bbox 3028 2983 3218 3031; x_wconf 87' lang='lat' dir='ltr'><strong>sancta</strong></span> <span class='ocrx_word' id='word_1_594' title='bbox 3258 2972 3534 3043; x_wconf 84' lang='lat' dir='ltr'><strong>Virgine:</strong></span> 
     </span>
    </p>
   </div>
   <div class='ocr_carea' id='block_1_74' title="bbox 1943 3067 3538 3143">
    <p class='ocr_par' dir='ltr' id='par_1_74' title="bbox 1943 3067 3538 3143">
     <span class='ocr_line' id='line_1_74' title="bbox 1943 3067 3538 3143; baseline -0.003 -18"><span class='ocrx_word' id='word_1_595' title='bbox 1943 3091 1962 3125; x_wconf 78' lang='grc' dir='ltr'><strong>ι</strong></span> <span class='ocrx_word' id='word_1_596' title='bbox 2001 3069 2059 3126; x_wconf 83' lang='grc' dir='ltr'>1η</span> <span class='ocrx_word' id='word_1_597' title='bbox 2091 3073 2211 3143; x_wconf 88' lang='lat' dir='ltr'><strong>ipso</strong></span> <span class='ocrx_word' id='word_1_598' title='bbox 2231 3071 2380 3127; x_wconf 90' lang='lat' dir='ltr'><strong>enim</strong></span> <span class='ocrx_word' id='word_1_599' title='bbox 2412 3071 2747 3126; x_wconf 85' lang='lat' dir='ltr'><strong>inhabitavit</strong></span> <span class='ocrx_word' id='word_1_600' title='bbox 2779 3069 2968 3124; x_wconf 90' lang='lat' dir='ltr'><strong>omnis</strong></span> <span class='ocrx_word' id='word_1_601' title='bbox 3001 3067 3294 3140; x_wconf 85' lang='lat' dir='ltr'><strong>plenitudo</strong></span> <span class='ocrx_word' id='word_1_602' title='bbox 3336 3067 3538 3122; x_wconf 86' lang='lat' dir='ltr'><strong>divini-</strong></span> 
     </span>
    </p>
   </div>
   <div class='ocr_carea' id='block_1_75' title="bbox 1939 3159 3534 3234">
    <p class='ocr_par' dir='ltr' id='par_1_75' title="bbox 1939 3159 3534 3234">
     <span class='ocr_line' id='line_1_75' title="bbox 1939 3159 3534 3234; baseline -0.004 -15"><span class='ocrx_word' id='word_1_603' title='bbox 1939 3165 2071 3221; x_wconf 85' lang='lat' dir='ltr'><strong>tatis</strong></span> <span class='ocrx_word' id='word_1_604' title='bbox 2106 3163 2478 3234; x_wconf 87' lang='lat' dir='ltr'><strong>corporaliter</strong></span> <span class='ocrx_word' id='word_1_605' title='bbox 2514 3182 2532 3215; x_wconf 78' lang='grc' dir='ltr'><strong>ι</strong></span> <span class='ocrx_word' id='word_1_606' title='bbox 2594 3171 2653 3218; x_wconf 88' lang='grc' dir='ltr'><strong>ιιι</strong></span> <span class='ocrx_word' id='word_1_607' title='bbox 2687 3161 2895 3219; x_wconf 84' lang='lat' dir='ltr'><strong>Paulus</strong></span> <span class='ocrx_word' id='word_1_608' title='bbox 2950 3163 3027 3216; x_wconf 91' lang='lat' dir='ltr'><strong>ait</strong></span> <span class='ocrx_word' id='word_1_609' title='bbox 3052 3161 3121 3216; x_wconf 74' lang='grc'><strong>⁸⁸.</strong></span> <span class='ocrx_word' id='word_1_610' title='bbox 3171 3160 3318 3228; x_wconf 83' lang='lat' dir='ltr'><strong>Quin</strong></span> <span class='ocrx_word' id='word_1_611' title='bbox 3372 3169 3426 3216; x_wconf 89' lang='lat' dir='ltr'><strong>et</strong></span> <span class='ocrx_word' id='word_1_612' title='bbox 3479 3159 3534 3214; x_wconf 88' lang='lat' dir='ltr'><strong>in</strong></span> 
     </span>
    </p>
   </div>
   <div class='ocr_carea' id='block_1_76' title="bbox 1939 3254 3534 3316">
    <p class='ocr_par' dir='ltr' id='par_1_76' title="bbox 1939 3254 3534 3316">
     <span class='ocr_line' id='line_1_76' title="bbox 1939 3254 3534 3316; baseline -0.004 -5"><span class='ocrx_word' id='word_1_613' title='bbox 1939 3257 2100 3313; x_wconf 87' lang='lat' dir='ltr'><strong>nobis</strong></span> <span class='ocrx_word' id='word_1_614' title='bbox 2144 3257 2424 3312; x_wconf 83' lang='lat' dir='ltr'><strong>habitasse</strong></span> <span class='ocrx_word' id='word_1_615' title='bbox 2451 3255 2687 3310; x_wconf 87' lang='lat' dir='ltr'><strong>Verbum</strong></span> <span class='ocrx_word' id='word_1_616' title='bbox 2714 3256 2923 3311; x_wconf 86' lang='lat' dir='ltr'><strong>utiliter</strong></span> <span class='ocrx_word' id='word_1_617' title='bbox 2944 3255 3172 3316; x_wconf 84' lang='lat' dir='ltr'><strong>asserit,</strong></span> <span class='ocrx_word' id='word_1_618' title='bbox 3204 3254 3534 3309; x_wconf 71' lang='lat' dir='ltr'><strong>altissimum</strong></span> 
     </span>
    </p>
   </div>
   <div class='ocr_carea' id='block_1_77' title="bbox 1937 3348 3537 3422">
    <p class='ocr_par' dir='ltr' id='par_1_77' title="bbox 1937 3348 3537 3422">
     <span class='ocr_line' id='line_1_77' title="bbox 1937 3348 3537 3422; baseline -0.001 -19"><span class='ocrx_word' id='word_1_619' title='bbox 1937 3366 2161 3422; x_wconf 84' lang='lat' dir='ltr'><strong>quoque</strong></span> <span class='ocrx_word' id='word_1_620' title='bbox 2191 3351 2355 3406; x_wconf 89' lang='lat' dir='ltr'><strong>nobis</strong></span> <span class='ocrx_word' id='word_1_621' title='bbox 2395 3349 2545 3405; x_wconf 88' lang='lat' dir='ltr'><strong>istud</strong></span> <span class='ocrx_word' id='word_1_622' title='bbox 2607 3350 2866 3405; x_wconf 86' lang='lat' dir='ltr'><strong>revelans</strong></span> <span class='ocrx_word' id='word_1_623' title='bbox 2925 3349 3273 3419; x_wconf 83' lang='lat' dir='ltr'><strong>mysterium.</strong></span> <span class='ocrx_word' id='word_1_624' title='bbox 3332 3348 3537 3402; x_wconf 84' lang='lat' dir='ltr'><strong>Sumus</strong></span> 
     </span>
    </p>
   </div>
   <div class='ocr_carea' id='block_1_78' title="bbox 1938 3441 3538 3505">
    <p class='ocr_par' dir='ltr' id='par_1_78' title="bbox 1938 3441 3538 3505">
     <span class='ocr_line' id='line_1_78' title="bbox 1938 3441 3538 3505; baseline -0.001 -7"><span class='ocrx_word' id='word_1_625' title='bbox 1938 3447 2086 3498; x_wconf 89' lang='lat' dir='ltr'><strong>enim</strong></span> <span class='ocrx_word' id='word_1_626' title='bbox 2108 3459 2308 3498; x_wconf 90' lang='lat' dir='ltr'><strong>omnes</strong></span> <span class='ocrx_word' id='word_1_627' title='bbox 2344 3445 2399 3497; x_wconf 89' lang='lat' dir='ltr'><strong>in</strong></span> <span class='ocrx_word' id='word_1_628' title='bbox 2433 3442 2682 3505; x_wconf 84' lang='lat' dir='ltr'><strong>Christo,</strong></span> <span class='ocrx_word' id='word_1_629' title='bbox 2715 3449 2769 3495; x_wconf 91' lang='lat' dir='ltr'><strong>et</strong></span> <span class='ocrx_word' id='word_1_630' title='bbox 2814 3442 3130 3497; x_wconf 82' lang='lat' dir='ltr'><strong>communis</strong></span> <span class='ocrx_word' id='word_1_631' title='bbox 3167 3441 3538 3496; x_wconf 81' lang='lat' dir='ltr'><strong>humanitatis</strong></span> 
     </span>
    </p>
   </div>
   <div class='ocr_carea' id='block_1_79' title="bbox 1939 3533 3538 3610">
    <p class='ocr_par' dir='ltr' id='par_1_79' title="bbox 1939 3533 3538 3610">
     <span class='ocr_line' id='line_1_79' title="bbox 1939 3533 3538 3610; baseline -0.001 -18"><span class='ocrx_word' id='word_1_632' title='bbox 1939 3555 2178 3610; x_wconf 88' lang='lat' dir='ltr'><strong>persona</strong></span> <span class='ocrx_word' id='word_1_633' title='bbox 2223 3537 2279 3592; x_wconf 92' lang='lat' dir='ltr'><strong>in</strong></span> <span class='ocrx_word' id='word_1_634' title='bbox 2325 3538 2514 3606; x_wconf 89' lang='lat' dir='ltr'><strong>ipsum</strong></span> <span class='ocrx_word' id='word_1_635' title='bbox 2567 3533 2873 3592; x_wconf 83' lang='lat' dir='ltr'><strong>reviviseit.</strong></span> <span class='ocrx_word' id='word_1_636' title='bbox 2918 3533 3057 3589; x_wconf 85' lang='lat' dir='ltr'><strong>Nam</strong></span> <span class='ocrx_word' id='word_1_637' title='bbox 3091 3542 3146 3590; x_wconf 89' lang='lat' dir='ltr'><strong>et</strong></span> <span class='ocrx_word' id='word_1_638' title='bbox 3191 3534 3538 3590; x_wconf 84' lang='lat' dir='ltr'><strong>novissimus</strong></span> 
     </span>
    </p>
   </div>
   <div class='ocr_carea' id='block_1_80' title="bbox 1936 3625 3538 3698">
    <p class='ocr_par' dir='ltr' id='par_1_80' title="bbox 1936 3625 3538 3698">
     <span class='ocr_line' id='line_1_80' title="bbox 1936 3625 3538 3698; baseline -0.002 -14"><span class='ocrx_word' id='word_1_639' title='bbox 1936 3631 2110 3686; x_wconf 85' lang='lat' dir='ltr'><strong>Adam</strong></span> <span class='ocrx_word' id='word_1_640' title='bbox 2139 3631 2349 3686; x_wconf 65' lang='lat' dir='ltr'><strong>idcirco</strong></span> <span class='ocrx_word' id='word_1_641' title='bbox 2390 3638 2747 3698; x_wconf 78' lang='lat' dir='ltr'><strong>nuncupatus</strong></span> <span class='ocrx_word' id='word_1_642' title='bbox 2775 3635 2881 3690; x_wconf 84' lang='lat' dir='ltr'><strong>est,</strong></span> <span class='ocrx_word' id='word_1_643' title='bbox 2917 3627 3012 3698; x_wconf 90' lang='lat' dir='ltr'><strong>qui</strong></span> <span class='ocrx_word' id='word_1_644' title='bbox 3056 3635 3275 3682; x_wconf 71' lang='lat' dir='ltr'><strong>natura:</strong></span> <span class='ocrx_word' id='word_1_645' title='bbox 3311 3625 3538 3696; x_wconf 64' lang='lat' dir='ltr'><strong>particio</strong></span> 
     </span>
    </p>
   </div>
   <div class='ocr_carea' id='block_1_81' title="bbox 1937 3718 3534 3794">
    <p class='ocr_par' dir='ltr' id='par_1_81' title="bbox 1937 3718 3534 3794">
     <span class='ocr_line' id='line_1_81' title="bbox 1937 3718 3534 3794; baseline -0.004 -16"><span class='ocrx_word' id='word_1_646' title='bbox 1937 3726 2164 3794; x_wconf 90' lang='lat' dir='ltr'><strong>patione</strong></span> <span class='ocrx_word' id='word_1_647' title='bbox 2190 3724 2376 3778; x_wconf 89' lang='lat' dir='ltr'><strong>omnia</strong></span> <span class='ocrx_word' id='word_1_648' title='bbox 2403 3722 2704 3792; x_wconf 85' lang='lat' dir='ltr'><strong>locupletat</strong></span> <span class='ocrx_word' id='word_1_649' title='bbox 2734 3719 2804 3774; x_wconf 83' lang='lat' dir='ltr'><strong>ad</strong></span> <span class='ocrx_word' id='word_1_650' title='bbox 2841 3718 3164 3775; x_wconf 85' lang='lat' dir='ltr'><strong>felicitatem</strong></span> <span class='ocrx_word' id='word_1_651' title='bbox 3195 3726 3249 3774; x_wconf 90' lang='lat' dir='ltr'><strong>et</strong></span> <span class='ocrx_word' id='word_1_652' title='bbox 3279 3719 3534 3790; x_wconf 84' lang='lat' dir='ltr'><strong>gloriam,</strong></span> 
     </span>
    </p>
   </div>
   <div class='ocr_carea' id='block_1_82' title="bbox 1937 3812 3535 3886">
    <p class='ocr_par' dir='ltr' id='par_1_82' title="bbox 1937 3812 3535 3886">
     <span class='ocr_line' id='line_1_82' title="bbox 1937 3812 3535 3886; baseline -0.006 -14"><span class='ocrx_word' id='word_1_653' title='bbox 1937 3817 2104 3872; x_wconf 87' lang='lat' dir='ltr'><strong>sicuti</strong></span> <span class='ocrx_word' id='word_1_654' title='bbox 2137 3817 2354 3886; x_wconf 89' lang='lat' dir='ltr'><strong>primus</strong></span> <span class='ocrx_word' id='word_1_655' title='bbox 2409 3814 2583 3869; x_wconf 84' lang='lat' dir='ltr'><strong>Adam</strong></span> <span class='ocrx_word' id='word_1_656' title='bbox 2646 3814 2702 3867; x_wconf 92' lang='lat' dir='ltr'><strong>in</strong></span> <span class='ocrx_word' id='word_1_657' title='bbox 2762 3813 3178 3882; x_wconf 86' lang='lat' dir='ltr'><strong>corruptionem</strong></span> <span class='ocrx_word' id='word_1_658' title='bbox 3211 3821 3264 3865; x_wconf 88' lang='lat' dir='ltr'><strong>et</strong></span> <span class='ocrx_word' id='word_1_659' title='bbox 3299 3812 3535 3883; x_wconf 61' lang='lat' dir='ltr'><strong>ignomi.</strong></span> 
     </span>
    </p>
   </div>
   <div class='ocr_carea' id='block_1_83' title="bbox 1935 3901 3536 3972">
    <p class='ocr_par' dir='ltr' id='par_1_83' title="bbox 1935 3901 3536 3972">
     <span class='ocr_line' id='line_1_83' title="bbox 1935 3901 3536 3972; baseline -0.002 -12"><span class='ocrx_word' id='word_1_660' title='bbox 1935 3908 2086 3960; x_wconf 88' lang='lat' dir='ltr'><strong>niam</strong></span> <span class='ocrx_word' id='word_1_661' title='bbox 2115 3907 2186 3962; x_wconf 70' lang='grc' dir='ltr'><strong>δ’.</strong></span> <span class='ocrx_word' id='word_1_662' title='bbox 2218 3906 2272 3958; x_wconf 93' lang='lat' dir='ltr'><strong>ln</strong></span> <span class='ocrx_word' id='word_1_663' title='bbox 2300 3905 2563 3960; x_wconf 87' lang='lat' dir='ltr'><strong>omnibus</strong></span> <span class='ocrx_word' id='word_1_664' title='bbox 2597 3905 2788 3972; x_wconf 86' lang='lat' dir='ltr'><strong>itaque</strong></span> <span class='ocrx_word' id='word_1_665' title='bbox 2819 3901 3062 3957; x_wconf 80' lang='lat' dir='ltr'><strong>Verbum</strong></span> <span class='ocrx_word' id='word_1_666' title='bbox 3127 3903 3402 3957; x_wconf 78' lang='lat' dir='ltr'><strong>habitavit</strong></span> <span class='ocrx_word' id='word_1_667' title='bbox 3439 3918 3536 3972; x_wconf 91' lang='lat' dir='ltr'><strong>per</strong></span> 
     </span>
    </p>
   </div>
   <div class='ocr_carea' id='block_1_84' title="bbox 1938 3993 3535 4060">
    <p class='ocr_par' dir='ltr' id='par_1_84' title="bbox 1938 3993 3535 4060">
     <span class='ocr_line' id='line_1_84' title="bbox 1938 3993 3535 4060; baseline -0.002 -9"><span class='ocrx_word' id='word_1_668' title='bbox 1938 4014 2132 4060; x_wconf 90' lang='lat' dir='ltr'><strong>unum,</strong></span> <span class='ocrx_word' id='word_1_669' title='bbox 2177 4005 2264 4060; x_wconf 88' lang='lat' dir='ltr'><strong>ut,</strong></span> <span class='ocrx_word' id='word_1_670' title='bbox 2296 4013 2409 4051; x_wconf 91' lang='lat' dir='ltr'><strong>uno</strong></span> <span class='ocrx_word' id='word_1_671' title='bbox 2449 3998 2755 4050; x_wconf 78' lang='lat' dir='ltr'><strong>constituto</strong></span> <span class='ocrx_word' id='word_1_672' title='bbox 2801 3995 2894 4050; x_wconf 91' lang='lat' dir='ltr'><strong>Dei</strong></span> <span class='ocrx_word' id='word_1_673' title='bbox 2928 3993 3069 4050; x_wconf 80' lang='lat' dir='ltr'><strong>Filio</strong></span> <span class='ocrx_word' id='word_1_674' title='bbox 3099 3995 3154 4048; x_wconf 89' lang='lat' dir='ltr'><strong>in</strong></span> <span class='ocrx_word' id='word_1_675' title='bbox 3188 4000 3411 4060; x_wconf 81' lang='lat' dir='ltr'><strong>virtute,</strong></span> <span class='ocrx_word' id='word_1_676' title='bbox 3447 4008 3535 4049; x_wconf 81' lang='lat' dir='ltr'><strong>se-</strong></span> 
     </span>
    </p>
   </div>
   <div class='ocr_carea' id='block_1_85' title="bbox 1935 4087 3532 4162">
    <p class='ocr_par' dir='ltr' id='par_1_85' title="bbox 1935 4087 3532 4162">
     <span class='ocr_line' id='line_1_85' title="bbox 1935 4087 3532 4162; baseline -0.005 -14"><span class='ocrx_word' id='word_1_677' title='bbox 1935 4092 2181 4148; x_wconf 85' lang='lat' dir='ltr'><strong>cundum</strong></span> <span class='ocrx_word' id='word_1_678' title='bbox 2220 4092 2475 4162; x_wconf 87' lang='lat' dir='ltr'><strong>spiritum</strong></span> <span class='ocrx_word' id='word_1_679' title='bbox 2515 4089 2833 4145; x_wconf 85' lang='lat' dir='ltr'><strong>sanctitatis</strong></span> <span class='ocrx_word' id='word_1_680' title='bbox 2883 4089 2937 4143; x_wconf 90' lang='lat' dir='ltr'><strong>in</strong></span> <span class='ocrx_word' id='word_1_681' title='bbox 2983 4089 3296 4143; x_wconf 88' lang='lat' dir='ltr'><strong>universam</strong></span> <span class='ocrx_word' id='word_1_682' title='bbox 3331 4087 3532 4141; x_wconf 68' lang='lat' dir='ltr'><strong>humao</strong></span> 
     </span>
    </p>
   </div>
   <div class='ocr_carea' id='block_1_86' title="bbox 1934 4179 3532 4254">
    <p class='ocr_par' dir='ltr' id='par_1_86' title="bbox 1934 4179 3532 4254">
     <span class='ocr_line' id='line_1_86' title="bbox 1934 4179 3532 4254; baseline -0.004 -13"><span class='ocrx_word' id='word_1_683' title='bbox 1934 4187 2165 4242; x_wconf 86' lang='lat' dir='ltr'><strong>nitatem</strong></span> <span class='ocrx_word' id='word_1_684' title='bbox 2220 4183 2466 4254; x_wconf 86' lang='lat' dir='ltr'><strong>dignitas</strong></span> <span class='ocrx_word' id='word_1_685' title='bbox 2532 4183 2628 4238; x_wconf 86' lang='lat' dir='ltr'><strong>illa</strong></span> <span class='ocrx_word' id='word_1_686' title='bbox 2689 4179 3052 4245; x_wconf 88' lang='lat' dir='ltr'><strong>redundaret,</strong></span> <span class='ocrx_word' id='word_1_687' title='bbox 3115 4180 3363 4249; x_wconf 82' lang='lat' dir='ltr'><strong>adeoque</strong></span> <span class='ocrx_word' id='word_1_688' title='bbox 3435 4195 3532 4250; x_wconf 86' lang='lat' dir='ltr'><strong>per</strong></span> 
     </span>
    </p>
   </div>
   <div class='ocr_carea' id='block_1_87' title="bbox 1937 4271 3526 4344">
    <p class='ocr_par' dir='ltr' id='par_1_87' title="bbox 1937 4271 3526 4344">
     <span class='ocr_line' id='line_1_87' title="bbox 1937 4271 3526 4344; baseline -0.002 -13"><span class='ocrx_word' id='word_1_689' title='bbox 1937 4293 2104 4332; x_wconf 90' lang='lat' dir='ltr'><strong>unum</strong></span> <span class='ocrx_word' id='word_1_690' title='bbox 2145 4293 2210 4332; x_wconf 79' lang='lat' dir='ltr'><strong>ex</strong></span> <span class='ocrx_word' id='word_1_691' title='bbox 2246 4275 2406 4330; x_wconf 88' lang='lat' dir='ltr'><strong>nobis</strong></span> <span class='ocrx_word' id='word_1_692' title='bbox 2447 4277 2501 4330; x_wconf 92' lang='lat' dir='ltr'><strong>iu</strong></span> <span class='ocrx_word' id='word_1_693' title='bbox 2550 4290 2655 4331; x_wconf 87' lang='lat' dir='ltr'><strong>nos</strong></span> <span class='ocrx_word' id='word_1_694' title='bbox 2708 4289 2935 4344; x_wconf 88' lang='lat' dir='ltr'><strong>quoque</strong></span> <span class='ocrx_word' id='word_1_695' title='bbox 2994 4273 3306 4343; x_wconf 83' lang='lat' dir='ltr'><strong>perveniret</strong></span> <span class='ocrx_word' id='word_1_696' title='bbox 3351 4271 3526 4328; x_wconf 86' lang='lat' dir='ltr'><strong>illud:</strong></span> 
     </span>
    </p>
   </div>
   <div class='ocr_carea' id='block_1_88' title="bbox 1939 4365 3524 4442">
    <p class='ocr_par' dir='ltr' id='par_1_88' title="bbox 1939 4365 3524 4442">
     <span class='ocr_line' id='line_1_88' title="bbox 1939 4365 3524 4442; baseline -0.003 -20"><span class='ocrx_word' id='word_1_697' title='bbox 1939 4393 1955 4422; x_wconf 79' lang='grc' dir='ltr'><strong>ι</strong></span> <span class='ocrx_word' id='word_1_698' title='bbox 1995 4371 2106 4442; x_wconf 68' lang='lat' dir='ltr'><strong>iigo</strong></span> <span class='ocrx_word' id='word_1_699' title='bbox 2145 4370 2259 4424; x_wconf 78' lang='lat' dir='ltr'><strong>dixi</strong></span> <span class='ocrx_word' id='word_1_700' title='bbox 2298 4388 2311 4424; x_wconf 92' lang='lat'><strong>:</strong></span> <span class='ocrx_word' id='word_1_701' title='bbox 2347 4369 2432 4424; x_wconf 88' lang='lat' dir='ltr'><strong>Dii</strong></span> <span class='ocrx_word' id='word_1_702' title='bbox 2469 4371 2628 4434; x_wconf 84' lang='lat' dir='ltr'><strong>estis,</strong></span> <span class='ocrx_word' id='word_1_703' title='bbox 2659 4377 2714 4424; x_wconf 91' lang='lat' dir='ltr'><strong>et</strong></span> <span class='ocrx_word' id='word_1_704' title='bbox 2763 4368 2857 4422; x_wconf 84' lang='lat' dir='ltr'><strong>lilii</strong></span> <span class='ocrx_word' id='word_1_705' title='bbox 2915 4365 3131 4423; x_wconf 77' lang='lat' dir='ltr'><strong>Excelsi</strong></span> <span class='ocrx_word' id='word_1_706' title='bbox 3167 4381 3360 4421; x_wconf 88' lang='lat' dir='ltr'><strong>omnes</strong></span> <span class='ocrx_word' id='word_1_707' title='bbox 3383 4366 3454 4422; x_wconf 83' lang='lat'><strong>”.</strong></span> <span class='ocrx_word' id='word_1_708' title='bbox 3504 4385 3524 4418; x_wconf 77' lang='grc' dir='ltr'><strong>ι</strong></span> 
     </span>
    </p>
   </div>
   <div class='ocr_carea' id='block_1_89' title="bbox 1934 4459 3532 4536">
    <p class='ocr_par' dir='ltr' id='par_1_89' title="bbox 1934 4459 3532 4536">
     <span class='ocr_line' id='line_1_89' title="bbox 1934 4459 3532 4536; baseline -0.002 -17"><span class='ocrx_word' id='word_1_709' title='bbox 1934 4466 2108 4536; x_wconf 75' lang='lat' dir='ltr'><strong>Igitur</strong></span> <span class='ocrx_word' id='word_1_710' title='bbox 2135 4465 2189 4520; x_wconf 92' lang='lat' dir='ltr'><strong>in</strong></span> <span class='ocrx_word' id='word_1_711' title='bbox 2220 4464 2442 4518; x_wconf 85' lang='lat' dir='ltr'><strong>Christo</strong></span> <span class='ocrx_word' id='word_1_712' title='bbox 2497 4463 2718 4533; x_wconf 89' lang='lat' dir='ltr'><strong>quidem</strong></span> <span class='ocrx_word' id='word_1_713' title='bbox 2771 4476 2929 4516; x_wconf 86' lang='lat' dir='ltr'><strong>serva</strong></span> <span class='ocrx_word' id='word_1_714' title='bbox 3001 4469 3196 4516; x_wconf 88' lang='lat' dir='ltr'><strong>natura</strong></span> <span class='ocrx_word' id='word_1_715' title='bbox 3238 4459 3299 4514; x_wconf 79' lang='lat' dir='ltr'><strong>iit</strong></span> <span class='ocrx_word' id='word_1_716' title='bbox 3335 4475 3532 4532; x_wconf 78' lang='lat' dir='ltr'><strong>reapse</strong></span> 
     </span>
    </p>
   </div>
   <div class='ocr_carea' id='block_1_90' title="bbox 193 4547 1830 4628">
    <p class='ocr_par' dir='ltr' id='par_1_90' title="bbox 193 4547 1826 4626">
     <span class='ocr_line' id='line_1_90' title="bbox 193 4547 1826 4626; baseline 0.001 -19"><span class='ocrx_word' id='word_1_717' title='bbox 193 4555 326 4619; x_wconf 78' lang='grc' dir='ltr'>λον,</span> <span class='ocrx_word' id='word_1_718' title='bbox 366 4552 674 4608; x_wconf 83' lang='grc' dir='ltr'>ἀναϐαῖνον</span> <span class='ocrx_word' id='word_1_719' title='bbox 712 4555 792 4618; x_wconf 83' lang='grc' dir='ltr'>εἰς</span> <span class='ocrx_word' id='word_1_720' title='bbox 831 4553 1060 4625; x_wconf 80' lang='grc' dir='ltr'>ἑνότητα</span> <span class='ocrx_word' id='word_1_721' title='bbox 1087 4547 1201 4626; x_wconf 67' lang='grc' dir='ltr'>’τὴν</span> <span class='ocrx_word' id='word_1_722' title='bbox 1253 4553 1524 4626; x_wconf 78' lang='grc' dir='ltr'>μυστικὴν</span> <span class='ocrx_word' id='word_1_723' title='bbox 1555 4555 1634 4626; x_wconf 81' lang='grc' dir='ltr'>τῷ</span> <span class='ocrx_word' id='word_1_724' title='bbox 1664 4556 1826 4626; x_wconf 82' lang='grc' dir='ltr'>φορέ-</span> 
     </span>
    </p>
   </div>
   <div class='ocr_carea' id='block_1_91' title="bbox 1936 4547 3528 4628">
    <p class='ocr_par' dir='ltr' id='par_1_91' title="bbox 1936 4555 3528 4628">
     <span class='ocr_line' id='line_1_91' title="bbox 1936 4555 3528 4628; baseline -0.003 -14"><span class='ocrx_word' id='word_1_725' title='bbox 1936 4561 2130 4623; x_wconf 86' lang='lat' dir='ltr'><strong>libera,</strong></span> <span class='ocrx_word' id='word_1_726' title='bbox 2155 4559 2222 4613; x_wconf 88' lang='lat' dir='ltr'><strong>ad</strong></span> <span class='ocrx_word' id='word_1_727' title='bbox 2249 4557 2538 4628; x_wconf 79' lang='lat' dir='ltr'><strong>mysticam</strong></span> <span class='ocrx_word' id='word_1_728' title='bbox 2571 4556 2840 4611; x_wconf 90' lang='lat' dir='ltr'><strong>nimirum</strong></span> <span class='ocrx_word' id='word_1_729' title='bbox 2864 4555 3136 4610; x_wconf 85' lang='lat' dir='ltr'><strong>unitatem</strong></span> <span class='ocrx_word' id='word_1_730' title='bbox 3167 4555 3290 4624; x_wconf 86' lang='lat' dir='ltr'><strong>ejus</strong></span> <span class='ocrx_word' id='word_1_731' title='bbox 3315 4562 3528 4619; x_wconf 74' lang='lat' dir='ltr'><strong>evecta,</strong></span> 
     </span>
    </p>
   </div>
   <div class='ocr_carea' id='block_1_92' title="bbox 199 4646 1824 4720">
    <p class='ocr_par' dir='ltr' id='par_1_92' title="bbox 199 4646 1824 4720">
     <span class='ocr_line' id='line_1_92' title="bbox 199 4646 1824 4720; baseline -0.003 -16"><span class='ocrx_word' id='word_1_732' title='bbox 199 4660 364 4703; x_wconf 81' lang='grc' dir='ltr'>σαντι</span> <span class='ocrx_word' id='word_1_733' title='bbox 395 4647 502 4719; x_wconf 85' lang='grc' dir='ltr'>τὴν</span> <span class='ocrx_word' id='word_1_734' title='bbox 529 4647 626 4700; x_wconf 90' lang='grc' dir='ltr'><strong>τοῦ</strong></span> <span class='ocrx_word' id='word_1_735' title='bbox 656 4646 847 4700; x_wconf 83' lang='grc' dir='ltr'>δούλου</span> <span class='ocrx_word' id='word_1_736' title='bbox 881 4649 1118 4720; x_wconf 79' lang='grc' dir='ltr'>μορφὴν,</span> <span class='ocrx_word' id='word_1_737' title='bbox 1149 4648 1208 4701; x_wconf 81' lang='grc' dir='ltr'><strong>ἐν</strong></span> <span class='ocrx_word' id='word_1_738' title='bbox 1239 4649 1372 4719; x_wconf 80' lang='grc' dir='ltr'>ἡμῖν</span> <span class='ocrx_word' id='word_1_739' title='bbox 1395 4647 1450 4701; x_wconf 86' lang='grc' dir='ltr'>δὲ</span> <span class='ocrx_word' id='word_1_740' title='bbox 1478 4647 1620 4702; x_wconf 85' lang='grc' dir='ltr'>κατὰ</span> <span class='ocrx_word' id='word_1_741' title='bbox 1651 4647 1824 4719; x_wconf 74' lang='grc' dir='ltr'>μίμη-</span> 
     </span>
    </p>
   </div>
   <div class='ocr_carea' id='block_1_93' title="bbox 198 4741 1798 4814">
    <p class='ocr_par' dir='ltr' id='par_1_93' title="bbox 198 4741 1798 4814">
     <span class='ocr_line' id='line_1_93' title="bbox 198 4741 1798 4814; baseline -0.003 -15"><span class='ocrx_word' id='word_1_742' title='bbox 198 4763 292 4800; x_wconf 87' lang='grc' dir='ltr'><strong>σιν</strong></span> <span class='ocrx_word' id='word_1_743' title='bbox 320 4745 426 4814; x_wconf 74' lang='grc' dir='ltr'>τὴν</span> <span class='ocrx_word' id='word_1_744' title='bbox 452 4743 594 4814; x_wconf 75' lang='grc' dir='ltr'>πρὸς</span> <span class='ocrx_word' id='word_1_745' title='bbox 623 4742 712 4795; x_wconf 73' lang='grc' dir='ltr'><strong>τὸν</strong></span> <span class='ocrx_word' id='word_1_746' title='bbox 739 4741 838 4797; x_wconf 70' lang='grc' dir='ltr'>ἕνα</span> <span class='ocrx_word' id='word_1_747' title='bbox 864 4742 950 4798; x_wconf 81' lang='grc' dir='ltr'>διὰ</span> <span class='ocrx_word' id='word_1_748' title='bbox 975 4741 1075 4814; x_wconf 81' lang='grc' dir='ltr'>τὴν</span> <span class='ocrx_word' id='word_1_749' title='bbox 1096 4743 1238 4796; x_wconf 80' lang='grc' dir='ltr'>κατὰ</span> <span class='ocrx_word' id='word_1_750' title='bbox 1262 4743 1442 4814; x_wconf 86' lang='grc' dir='ltr'>σάρκα</span> <span class='ocrx_word' id='word_1_751' title='bbox 1475 4742 1798 4812; x_wconf 84' lang='grc' dir='ltr'>συγγένειαν</span> 
     </span>
    </p>
   </div>
   <div class='ocr_carea' id='block_1_94' title="bbox 209 4835 1818 4914">
    <p class='ocr_par' dir='ltr' id='par_1_94' title="bbox 209 4835 1818 4914">
     <span class='ocr_line' id='line_1_94' title="bbox 209 4835 1818 4914; baseline -0.001 -23"><span class='ocrx_word' id='word_1_752' title='bbox 209 4838 376 4892; x_wconf 75' lang='grc' dir='ltr'>Ἐπεὶ</span> <span class='ocrx_word' id='word_1_753' title='bbox 423 4836 518 4891; x_wconf 68' lang='grc' dir='ltr'>διὰ</span> <span class='ocrx_word' id='word_1_754' title='bbox 553 4837 716 4890; x_wconf 85' lang='grc' dir='ltr'>ποίαν</span> <span class='ocrx_word' id='word_1_755' title='bbox 745 4835 926 4891; x_wconf 76' lang='grc' dir='ltr'>αἰτίαν</span> <span class='ocrx_word' id='word_1_756' title='bbox 947 4837 1051 4891; x_wconf 80' lang='grc' dir='ltr'><strong>οὐκ</strong></span> <span class='ocrx_word' id='word_1_757' title='bbox 1083 4836 1332 4905; x_wconf 87' lang='grc' dir='ltr'>ἀγγέλων</span> <span class='ocrx_word' id='word_1_758' title='bbox 1361 4836 1818 4914; x_wconf 84' lang='grc' dir='ltr'>ἐπιλαμϐάνεται,</span> 
     </span>
    </p>
   </div>
   <div class='ocr_carea' id='block_1_95' title="bbox 198 4927 1822 5000">
    <p class='ocr_par' dir='ltr' id='par_1_95' title="bbox 198 4927 1822 5000">
     <span class='ocr_line' id='line_1_95' title="bbox 198 4927 1822 5000; baseline 0.001 -17"><span class='ocrx_word' id='word_1_759' title='bbox 198 4931 341 4984; x_wconf 70' lang='grc' dir='ltr'>ἀλλὰ</span> <span class='ocrx_word' id='word_1_760' title='bbox 377 4929 706 4999; x_wconf 74' lang='grc' dir='ltr'>σπέρματος</span> <span class='ocrx_word' id='word_1_761' title='bbox 754 4927 1039 5000; x_wconf 80' lang='grc' dir='ltr'>Ἀϐραάμ,</span> <span class='ocrx_word' id='word_1_762' title='bbox 1087 4929 1209 4983; x_wconf 83' lang='grc' dir='ltr'>ὃθεν</span> <span class='ocrx_word' id='word_1_763' title='bbox 1240 4927 1438 4998; x_wconf 71' lang='grc' dir='ltr'>ὤφειλε</span> <span class='ocrx_word' id='word_1_764' title='bbox 1469 4930 1612 4984; x_wconf 78' lang='grc' dir='ltr'>κατὰ</span> <span class='ocrx_word' id='word_1_765' title='bbox 1644 4929 1822 4984; x_wconf 74' lang='grc' dir='ltr'>πάντα</span> 
     </span>
    </p>
   </div>
   <div class='ocr_carea' id='block_1_96' title="bbox 199 5021 1823 5094">
    <p class='ocr_par' dir='ltr' id='par_1_96' title="bbox 199 5021 1823 5094">
     <span class='ocr_line' id='line_1_96' title="bbox 199 5021 1823 5094; baseline -0.002 -15"><span class='ocrx_word' id='word_1_766' title='bbox 199 5029 314 5086; x_wconf 71' lang='grc' dir='ltr'>τοῖς</span> <span class='ocrx_word' id='word_1_767' title='bbox 355 5023 622 5092; x_wconf 69' lang='grc' dir='ltr'>ἀδελφοῖς</span> <span class='ocrx_word' id='word_1_768' title='bbox 651 5021 1019 5092; x_wconf 81' lang='grc' dir='ltr'>ὁμοιωθῆναι,</span> <span class='ocrx_word' id='word_1_769' title='bbox 1077 5023 1172 5078; x_wconf 79' lang='grc' dir='ltr'><strong>καὶ</strong></span> <span class='ocrx_word' id='word_1_770' title='bbox 1197 5023 1451 5091; x_wconf 82' lang='grc' dir='ltr'>γενέσθαι</span> <span class='ocrx_word' id='word_1_771' title='bbox 1496 5023 1641 5077; x_wconf 82' lang='grc' dir='ltr'><strong>κατὰ</strong></span> <span class='ocrx_word' id='word_1_772' title='bbox 1687 5023 1823 5094; x_wconf 67' lang='grc' dir='ltr'>ἁλή-</span> 
     </span>
    </p>
   </div>
   <div class='ocr_carea' id='block_1_97' title="bbox 201 5111 1821 5188">
    <p class='ocr_par' dir='ltr' id='par_1_97' title="bbox 201 5111 1821 5188">
     <span class='ocr_line' id='line_1_97' title="bbox 201 5111 1821 5188; baseline -0.012 -1"><span class='ocrx_word' id='word_1_773' title='bbox 201 5119 357 5174; x_wconf 71' lang='grc' dir='ltr'>θειαν</span> <span class='ocrx_word' id='word_1_774' title='bbox 407 5116 707 5188; x_wconf 74' lang='grc' dir='ltr'>ἅνθρωπος</span> <span class='ocrx_word' id='word_1_775' title='bbox 731 5132 748 5182; x_wconf 86' lang='grc'><strong>;</strong></span> <span class='ocrx_word' id='word_1_776' title='bbox 787 5111 917 5188; x_wconf 62' lang='grc' dir='ltr'><strong>’Ἆρ’</strong></span> <span class='ocrx_word' id='word_1_777' title='bbox 942 5116 1065 5188; x_wconf 73' lang='grc' dir='ltr'>οὐχὶ</span> <span class='ocrx_word' id='word_1_778' title='bbox 1116 5116 1283 5171; x_wconf 85' lang='grc' dir='ltr'>πᾶσίν</span> <span class='ocrx_word' id='word_1_779' title='bbox 1325 5118 1443 5171; x_wconf 77' lang='grc' dir='ltr'>ἐστι</span> <span class='ocrx_word' id='word_1_780' title='bbox 1485 5115 1821 5185; x_wconf 65' lang='grc' dir='ltr'>καταφανὲς,</span> 
     </span>
    </p>
   </div>
   <div class='ocr_carea' id='block_1_98' title="bbox 197 5204 1824 5280">
    <p class='ocr_par' dir='ltr' id='par_1_98' title="bbox 197 5204 1824 5280">
     <span class='ocr_line' id='line_1_98' title="bbox 197 5204 1824 5280; baseline 0 -16"><span class='ocrx_word' id='word_1_781' title='bbox 197 5213 278 5264; x_wconf 67' lang='grc' dir='ltr'><strong>ὅτι</strong></span> <span class='ocrx_word' id='word_1_782' title='bbox 305 5204 706 5278; x_wconf 85' lang='grc' dir='ltr'>καταϐέϐηκεν</span> <span class='ocrx_word' id='word_1_783' title='bbox 750 5209 830 5272; x_wconf 75' lang='grc' dir='ltr'><strong>εἰς</strong></span> <span class='ocrx_word' id='word_1_784' title='bbox 858 5208 920 5262; x_wconf 86' lang='grc' dir='ltr'><strong>τὸ</strong></span> <span class='ocrx_word' id='word_1_785' title='bbox 947 5207 1135 5263; x_wconf 82' lang='grc' dir='ltr'>δοῦλον</span> <span class='ocrx_word' id='word_1_786' title='bbox 1156 5249 1172 5274; x_wconf 92' lang='grc'><strong>,</strong></span> <span class='ocrx_word' id='word_1_787' title='bbox 1213 5208 1376 5273; x_wconf 75' lang='grc' dir='ltr'>αὐτὸς</span> <span class='ocrx_word' id='word_1_788' title='bbox 1395 5251 1408 5276; x_wconf 88' lang='grc'><strong>,</strong></span> <span class='ocrx_word' id='word_1_789' title='bbox 1435 5209 1533 5280; x_wconf 84' lang='grc' dir='ltr'><strong>οὐχ</strong></span> <span class='ocrx_word' id='word_1_790' title='bbox 1557 5208 1741 5280; x_wconf 80' lang='grc' dir='ltr'>ἑαυτῷ</span> <span class='ocrx_word' id='word_1_791' title='bbox 1767 5226 1824 5264; x_wconf 79' lang='grc' dir='ltr'><strong>τι</strong></span> 
     </span>
    </p>
   </div>
   <div class='ocr_carea' id='block_1_99' title="bbox 195 5300 1820 5374">
    <p class='ocr_par' dir='ltr' id='par_1_99' title="bbox 195 5300 1820 5374">
     <span class='ocr_line' id='line_1_99' title="bbox 195 5300 1820 5374; baseline -0.002 -16"><span class='ocrx_word' id='word_1_792' title='bbox 195 5305 287 5358; x_wconf 78' lang='grc' dir='ltr'><strong>διὰ</strong></span> <span class='ocrx_word' id='word_1_793' title='bbox 312 5303 521 5358; x_wconf 79' lang='grc' dir='ltr'>τούτου</span> <span class='ocrx_word' id='word_1_794' title='bbox 547 5301 830 5374; x_wconf 75' lang='grc' dir='ltr'>προξενῶν</span> <span class='ocrx_word' id='word_1_795' title='bbox 854 5341 869 5366; x_wconf 91' lang='grc'><strong>,</strong></span> <span class='ocrx_word' id='word_1_796' title='bbox 897 5301 1015 5356; x_wconf 79' lang='grc' dir='ltr'>ἀλλ’</span> <span class='ocrx_word' id='word_1_797' title='bbox 1052 5304 1181 5374; x_wconf 74' lang='grc' dir='ltr'>ημῖν</span> <span class='ocrx_word' id='word_1_798' title='bbox 1215 5301 1408 5357; x_wconf 81' lang='grc' dir='ltr'>ἑαυτὸν</span> <span class='ocrx_word' id='word_1_799' title='bbox 1439 5300 1820 5374; x_wconf 68' lang='grc' dir='ltr'>χαριζόμενος,</span> 
     </span>
    </p>
   </div>
   <div class='ocr_carea' id='block_1_100' title="bbox 198 5394 1822 5468">
    <p class='ocr_par' dir='ltr' id='par_1_100' title="bbox 198 5394 1822 5468">
     <span class='ocr_line' id='line_1_100' title="bbox 198 5394 1822 5468; baseline -0.001 -19"><span class='ocrx_word' id='word_1_800' title='bbox 198 5398 288 5450; x_wconf 79' lang='grc' dir='ltr'><strong>ἵνα</strong></span> <span class='ocrx_word' id='word_1_801' title='bbox 326 5398 503 5467; x_wconf 78' lang='grc' dir='ltr'>ἡμεῖς</span> <span class='ocrx_word' id='word_1_802' title='bbox 535 5397 604 5466; x_wconf 80' lang='grc' dir='ltr'>τῇ</span> <span class='ocrx_word' id='word_1_803' title='bbox 637 5394 806 5452; x_wconf 84' lang='grc' dir='ltr'>αὑτοῦ</span> <span class='ocrx_word' id='word_1_804' title='bbox 842 5396 1088 5468; x_wconf 79' lang='grc' dir='ltr'>πτωχείᾳ</span> <span class='ocrx_word' id='word_1_805' title='bbox 1123 5396 1548 5466; x_wconf 78' lang='grc' dir='ltr'>πλουτήσωμεν,</span> <span class='ocrx_word' id='word_1_806' title='bbox 1589 5395 1822 5465; x_wconf 76' lang='grc' dir='ltr'>ἀνατρέ-</span> 
     </span>
    </p>
   </div>
   <div class='ocr_carea' id='block_1_101' title="bbox 199 5485 1822 5559">
    <p class='ocr_par' dir='ltr' id='par_1_101' title="bbox 199 5485 1822 5559">
     <span class='ocr_line' id='line_1_101' title="bbox 199 5485 1822 5559; baseline -0.002 -17"><span class='ocrx_word' id='word_1_807' title='bbox 199 5502 392 5556; x_wconf 75' lang='grc' dir='ltr'>χοντες</span> <span class='ocrx_word' id='word_1_808' title='bbox 413 5488 510 5540; x_wconf 66' lang='grc' dir='ltr'><strong>διὰ</strong></span> <span class='ocrx_word' id='word_1_809' title='bbox 548 5487 648 5557; x_wconf 85' lang='grc' dir='ltr'>τῆς</span> <span class='ocrx_word' id='word_1_810' title='bbox 678 5486 816 5559; x_wconf 84' lang='grc' dir='ltr'>πρὸς</span> <span class='ocrx_word' id='word_1_811' title='bbox 841 5487 1002 5542; x_wconf 80' lang='grc' dir='ltr'>αὑτὸν</span> <span class='ocrx_word' id='word_1_812' title='bbox 1032 5487 1350 5558; x_wconf 83' lang='grc' dir='ltr'>ὁμοιότητος</span> <span class='ocrx_word' id='word_1_813' title='bbox 1379 5485 1530 5550; x_wconf 82' lang='grc' dir='ltr'>εἰςτὸ</span> <span class='ocrx_word' id='word_1_814' title='bbox 1561 5485 1691 5540; x_wconf 81' lang='grc' dir='ltr'>ἴδιον</span> <span class='ocrx_word' id='word_1_815' title='bbox 1725 5487 1822 5539; x_wconf 82' lang='grc' dir='ltr'>αῦ-</span> 
     </span>
    </p>
   </div>
   <div class='ocr_carea' id='block_1_102' title="bbox 200 5578 1823 5650">
    <p class='ocr_par' dir='ltr' id='par_1_102' title="bbox 200 5578 1823 5650">
     <span class='ocr_line' id='line_1_102' title="bbox 200 5578 1823 5650; baseline 0.001 -18"><span class='ocrx_word' id='word_1_816' title='bbox 200 5579 293 5632; x_wconf 77' lang='grc' dir='ltr'><strong>τοῦ</strong></span> <span class='ocrx_word' id='word_1_817' title='bbox 326 5581 428 5633; x_wconf 73' lang='grc' dir='ltr'><strong>καὶ</strong></span> <span class='ocrx_word' id='word_1_818' title='bbox 460 5579 748 5650; x_wconf 77' lang='grc' dir='ltr'>ἐξαίρετον</span> <span class='ocrx_word' id='word_1_819' title='bbox 794 5579 1038 5648; x_wconf 80' lang='grc' dir='ltr'>ἀγαθὸν,</span> <span class='ocrx_word' id='word_1_820' title='bbox 1077 5578 1190 5634; x_wconf 86' lang='grc' dir='ltr'>θεοί</span> <span class='ocrx_word' id='word_1_821' title='bbox 1235 5597 1297 5634; x_wconf 88' lang='grc' dir='ltr'><strong>τε</strong></span> <span class='ocrx_word' id='word_1_822' title='bbox 1350 5579 1444 5634; x_wconf 77' lang='grc' dir='ltr'>καὶ</span> <span class='ocrx_word' id='word_1_823' title='bbox 1473 5578 1609 5632; x_wconf 85' lang='grc' dir='ltr'>Θεοῦ</span> <span class='ocrx_word' id='word_1_824' title='bbox 1652 5582 1823 5634; x_wconf 79' lang='grc' dir='ltr'>τέκνα</span> 
     </span>
    </p>
   </div>
   <div class='ocr_carea' id='block_1_103' title="bbox 200 5671 1826 5744">
    <p class='ocr_par' dir='ltr' id='par_1_103' title="bbox 200 5671 1826 5744">
     <span class='ocr_line' id='line_1_103' title="bbox 200 5671 1826 5744; baseline 0.001 -20"><span class='ocrx_word' id='word_1_825' title='bbox 200 5673 287 5727; x_wconf 76' lang='grc' dir='ltr'>διὰ</span> <span class='ocrx_word' id='word_1_826' title='bbox 317 5675 420 5744; x_wconf 73' lang='grc' dir='ltr'>τῆς</span> <span class='ocrx_word' id='word_1_827' title='bbox 471 5674 718 5737; x_wconf 83' lang='grc' dir='ltr'>πίστεως</span> <span class='ocrx_word' id='word_1_828' title='bbox 761 5671 1227 5744; x_wconf 73' lang='grc' dir='ltr'>άναφαινώμεθας</span> <span class='ocrx_word' id='word_1_829' title='bbox 1288 5673 1594 5744; x_wconf 75' lang='grc' dir='ltr'>Ἐσκήνωσε</span> <span class='ocrx_word' id='word_1_830' title='bbox 1618 5671 1729 5744; x_wconf 84' lang='grc' dir='ltr'><strong>γάρ</strong></span> <span class='ocrx_word' id='word_1_831' title='bbox 1767 5675 1826 5725; x_wconf 79' lang='grc' dir='ltr'>ὲν</span> 
     </span>
    </p>
   </div>
   <div class='ocr_carea' id='block_1_104' title="bbox 1934 4645 3527 4723">
    <p class='ocr_par' dir='ltr' id='par_1_104' title="bbox 1934 4645 3527 4723">
     <span class='ocr_line' id='line_1_104' title="bbox 1934 4645 3527 4723; baseline -0.003 -18"><span class='ocrx_word' id='word_1_832' title='bbox 1934 4652 2031 4723; x_wconf 92' lang='lat' dir='ltr'><strong>qui</strong></span> <span class='ocrx_word' id='word_1_833' title='bbox 2070 4650 2176 4706; x_wconf 76' lang='lat' dir='ltr'><strong>fert</strong></span> <span class='ocrx_word' id='word_1_834' title='bbox 2207 4650 2354 4706; x_wconf 87' lang='lat' dir='ltr'><strong>servi</strong></span> <span class='ocrx_word' id='word_1_835' title='bbox 2383 4648 2642 4714; x_wconf 82' lang='lat' dir='ltr'><strong>formam,</strong></span> <span class='ocrx_word' id='word_1_836' title='bbox 2679 4649 2732 4702; x_wconf 92' lang='lat' dir='ltr'><strong>in</strong></span> <span class='ocrx_word' id='word_1_837' title='bbox 2771 4647 2934 4704; x_wconf 85' lang='lat' dir='ltr'><strong>nobis</strong></span> <span class='ocrx_word' id='word_1_838' title='bbox 2982 4662 3111 4702; x_wconf 88' lang='lat' dir='ltr'><strong>vero</strong></span> <span class='ocrx_word' id='word_1_839' title='bbox 3143 4645 3452 4702; x_wconf 88' lang='lat' dir='ltr'><strong>imitatione</strong></span> <span class='ocrx_word' id='word_1_840' title='bbox 3474 4655 3527 4703; x_wconf 85' lang='lat' dir='ltr'><strong>et</strong></span> 
     </span>
    </p>
   </div>
   <div class='ocr_carea' id='block_1_105' title="bbox 1935 4739 3538 4822">
    <p class='ocr_par' dir='ltr' id='par_1_105' title="bbox 1935 4739 3538 4822">
     <span class='ocr_line' id='line_1_105' title="bbox 1935 4739 3538 4822; baseline -0.007 -20"><span class='ocrx_word' id='word_1_841' title='bbox 1935 4743 2302 4802; x_wconf 89' lang='lat' dir='ltr'><strong>similitudine</strong></span> <span class='ocrx_word' id='word_1_842' title='bbox 2333 4758 2460 4797; x_wconf 88' lang='lat' dir='ltr'><strong>cum</strong></span> <span class='ocrx_word' id='word_1_843' title='bbox 2516 4743 2610 4796; x_wconf 92' lang='lat' dir='ltr'><strong>illo</strong></span> <span class='ocrx_word' id='word_1_844' title='bbox 2659 4756 2790 4804; x_wconf 89' lang='lat' dir='ltr'><strong>uno,</strong></span> <span class='ocrx_word' id='word_1_845' title='bbox 2828 4750 3056 4810; x_wconf 88' lang='lat' dir='ltr'><strong>propter</strong></span> <span class='ocrx_word' id='word_1_846' title='bbox 3094 4739 3279 4792; x_wconf 89' lang='lat' dir='ltr'><strong>carnis</strong></span> <span class='ocrx_word' id='word_1_847' title='bbox 3327 4753 3501 4807; x_wconf 86' lang='lat' dir='ltr'><strong>cogna</strong></span> <span class='ocrx_word' id='word_1_848' title='bbox 3533 4814 3538 4822; x_wconf 32' lang='grc' dir='ltr'><em>Ι</em></span> 
     </span>
    </p>
   </div>
   <div class='ocr_carea' id='block_1_106' title="bbox 1933 4833 3523 4908">
    <p class='ocr_par' dir='ltr' id='par_1_106' title="bbox 1933 4833 3523 4908">
     <span class='ocr_line' id='line_1_106' title="bbox 1933 4833 3523 4908; baseline -0.003 -16"><span class='ocrx_word' id='word_1_849' title='bbox 1933 4841 2162 4895; x_wconf 89' lang='lat' dir='ltr'><strong>tionem.</strong></span> <span class='ocrx_word' id='word_1_850' title='bbox 2197 4838 2420 4908; x_wconf 82' lang='lat' dir='ltr'><strong>Alioqui</strong></span> <span class='ocrx_word' id='word_1_851' title='bbox 2450 4838 2624 4901; x_wconf 87' lang='lat' dir='ltr'><strong>enim,</strong></span> <span class='ocrx_word' id='word_1_852' title='bbox 2659 4849 2826 4904; x_wconf 83' lang='lat' dir='ltr'><strong>quam</strong></span> <span class='ocrx_word' id='word_1_853' title='bbox 2856 4833 2929 4888; x_wconf 84' lang='lat' dir='ltr'><strong>ob</strong></span> <span class='ocrx_word' id='word_1_854' title='bbox 2950 4847 3174 4886; x_wconf 72' lang='lat' dir='ltr'><strong>causam</strong></span> <span class='ocrx_word' id='word_1_855' title='bbox 3212 4846 3323 4885; x_wconf 91' lang='lat' dir='ltr'><strong>non</strong></span> <span class='ocrx_word' id='word_1_856' title='bbox 3354 4845 3523 4901; x_wconf 79' lang='lat' dir='ltr'><strong>ange-</strong></span> 
     </span>
    </p>
   </div>
   <div class='ocr_carea' id='block_1_107' title="bbox 1931 4923 3552 5002">
    <p class='ocr_par' dir='ltr' id='par_1_107' title="bbox 1931 4923 3552 5002">
     <span class='ocr_line' id='line_1_107' title="bbox 1931 4923 3552 5002; baseline -0.006 -16"><span class='ocrx_word' id='word_1_857' title='bbox 1931 4933 2111 4988; x_wconf 90' lang='lat' dir='ltr'><strong>lorum</strong></span> <span class='ocrx_word' id='word_1_858' title='bbox 2141 4932 2394 5002; x_wconf 83' lang='lat' dir='ltr'><strong>quidem,</strong></span> <span class='ocrx_word' id='word_1_859' title='bbox 2458 4929 2556 4984; x_wconf 79' lang='lat' dir='ltr'><strong>sed</strong></span> <span class='ocrx_word' id='word_1_860' title='bbox 2610 4927 2850 4982; x_wconf 75' lang='lat' dir='ltr'><strong>Abrahae</strong></span> <span class='ocrx_word' id='word_1_861' title='bbox 2897 4939 3086 4981; x_wconf 86' lang='lat' dir='ltr'><strong>semen</strong></span> <span class='ocrx_word' id='word_1_862' title='bbox 3141 4923 3552 4995; x_wconf 51' lang='lat' dir='ltr'><strong>apprehendit,</strong></span> 
     </span>
    </p>
   </div>
   <div class='ocr_carea' id='block_1_108' title="bbox 1926 5016 3530 5093">
    <p class='ocr_par' dir='ltr' id='par_1_108' title="bbox 1926 5016 3530 5093">
     <span class='ocr_line' id='line_1_108' title="bbox 1926 5016 3530 5093; baseline -0.003 -13"><span class='ocrx_word' id='word_1_863' title='bbox 1926 5027 2072 5081; x_wconf 88' lang='lat' dir='ltr'><strong>unde</strong></span> <span class='ocrx_word' id='word_1_864' title='bbox 2090 5025 2278 5080; x_wconf 87' lang='lat' dir='ltr'><strong>debuit</strong></span> <span class='ocrx_word' id='word_1_865' title='bbox 2299 5039 2394 5093; x_wconf 88' lang='lat' dir='ltr'><strong>per</strong></span> <span class='ocrx_word' id='word_1_866' title='bbox 2416 5023 2604 5073; x_wconf 88' lang='lat' dir='ltr'><strong>omnia</strong></span> <span class='ocrx_word' id='word_1_867' title='bbox 2634 5018 2902 5074; x_wconf 77' lang='lat' dir='ltr'><strong>fratribus</strong></span> <span class='ocrx_word' id='word_1_868' title='bbox 2916 5017 3214 5074; x_wconf 87' lang='lat' dir='ltr'><strong>assimilari</strong></span> <span class='ocrx_word' id='word_1_869' title='bbox 3238 5016 3306 5082; x_wconf 68' lang='grc'>⁸³,</span> <span class='ocrx_word' id='word_1_870' title='bbox 3324 5027 3375 5073; x_wconf 89' lang='lat' dir='ltr'><strong>et</strong></span> <span class='ocrx_word' id='word_1_871' title='bbox 3401 5033 3530 5075; x_wconf 78' lang='lat' dir='ltr'><strong>vere</strong></span> 
     </span>
    </p>
   </div>
   <div class='ocr_carea' id='block_1_109' title="bbox 1931 5109 3527 5182">
    <p class='ocr_par' dir='ltr' id='par_1_109' title="bbox 1931 5109 3527 5182">
     <span class='ocr_line' id='line_1_109' title="bbox 1931 5109 3527 5182; baseline -0.004 -9"><span class='ocrx_word' id='word_1_872' title='bbox 1931 5119 2097 5174; x_wconf 88' lang='lat' dir='ltr'><strong>homo</strong></span> <span class='ocrx_word' id='word_1_873' title='bbox 2135 5116 2302 5170; x_wconf 83' lang='lat' dir='ltr'><strong>ﬁeri?</strong></span> <span class='ocrx_word' id='word_1_874' title='bbox 2337 5114 2535 5170; x_wconf 83' lang='lat' dir='ltr'><strong>Annon</strong></span> <span class='ocrx_word' id='word_1_875' title='bbox 2574 5110 2935 5166; x_wconf 77' lang='lat' dir='ltr'><strong>manifestum</strong></span> <span class='ocrx_word' id='word_1_876' title='bbox 2967 5109 3077 5182; x_wconf 77' lang='lat'><strong>97</strong></span> <span class='ocrx_word' id='word_1_877' title='bbox 3127 5117 3216 5166; x_wconf 89' lang='lat' dir='ltr'><strong>est</strong></span> <span class='ocrx_word' id='word_1_878' title='bbox 3243 5110 3527 5177; x_wconf 86' lang='lat' dir='ltr'><strong>omnibus,</strong></span> 
     </span>
    </p>
   </div>
   <div class='ocr_carea' id='block_1_110' title="bbox 1930 5202 3524 5281">
    <p class='ocr_par' dir='ltr' id='par_1_110' title="bbox 1930 5202 3524 5281">
     <span class='ocr_line' id='line_1_110' title="bbox 1930 5202 3524 5281; baseline -0.004 -17"><span class='ocrx_word' id='word_1_879' title='bbox 1930 5209 2078 5281; x_wconf 90' lang='lat' dir='ltr'><strong>quod</strong></span> <span class='ocrx_word' id='word_1_880' title='bbox 2104 5209 2170 5262; x_wconf 86' lang='lat' dir='ltr'><strong>ad</strong></span> <span class='ocrx_word' id='word_1_881' title='bbox 2227 5207 2489 5262; x_wconf 85' lang='lat' dir='ltr'><strong>servilem</strong></span> <span class='ocrx_word' id='word_1_882' title='bbox 2547 5204 2926 5260; x_wconf 89' lang='lat' dir='ltr'><strong>conditionem</strong></span> <span class='ocrx_word' id='word_1_883' title='bbox 2991 5204 3109 5274; x_wconf 88' lang='lat' dir='ltr'><strong>ipse</strong></span> <span class='ocrx_word' id='word_1_884' title='bbox 3163 5218 3224 5259; x_wconf 80' lang='lat' dir='ltr'><strong>se</strong></span> <span class='ocrx_word' id='word_1_885' title='bbox 3280 5202 3524 5268; x_wconf 79' lang='lat' dir='ltr'><strong>demisit,</strong></span> 
     </span>
    </p>
   </div>
   <div class='ocr_carea' id='block_1_111' title="bbox 1932 5288 3527 5369">
    <p class='ocr_par' dir='ltr' id='par_1_111' title="bbox 1932 5288 3527 5369">
     <span class='ocr_line' id='line_1_111' title="bbox 1932 5288 3527 5369; baseline -0.004 -13"><span class='ocrx_word' id='word_1_886' title='bbox 1932 5303 2068 5357; x_wconf 88' lang='lat' dir='ltr'><strong>nihil</strong></span> <span class='ocrx_word' id='word_1_887' title='bbox 2100 5318 2165 5356; x_wconf 77' lang='lat' dir='ltr'><strong>ex</strong></span> <span class='ocrx_word' id='word_1_888' title='bbox 2204 5301 2309 5354; x_wconf 89' lang='lat' dir='ltr'><strong>hoc</strong></span> <span class='ocrx_word' id='word_1_889' title='bbox 2335 5299 2441 5356; x_wconf 88' lang='lat' dir='ltr'><strong>sibi</strong></span> <span class='ocrx_word' id='word_1_890' title='bbox 2467 5299 2791 5369; x_wconf 87' lang='lat' dir='ltr'><strong>acquirens,</strong></span> <span class='ocrx_word' id='word_1_891' title='bbox 2823 5299 2918 5352; x_wconf 85' lang='lat' dir='ltr'><strong>sed</strong></span> <span class='ocrx_word' id='word_1_892' title='bbox 2943 5296 3106 5352; x_wconf 77' lang='lat' dir='ltr'><strong>nobis</strong></span> <span class='ocrx_word' id='word_1_893' title='bbox 3139 5288 3382 5366; x_wconf 82' lang='lat' dir='ltr'><strong>seipsum</strong></span> <span class='ocrx_word' id='word_1_894' title='bbox 3417 5297 3527 5350; x_wconf 82' lang='lat' dir='ltr'><strong>lar-</strong></span> 
     </span>
    </p>
   </div>
   <div class='ocr_carea' id='block_1_112' title="bbox 1929 5386 3526 5467">
    <p class='ocr_par' dir='ltr' id='par_1_112' title="bbox 1929 5386 3526 5467">
     <span class='ocr_line' id='line_1_112' title="bbox 1929 5386 3526 5467; baseline -0.008 -16"><span class='ocrx_word' id='word_1_895' title='bbox 1929 5397 2106 5467; x_wconf 85' lang='lat' dir='ltr'><strong>giens.</strong></span> <span class='ocrx_word' id='word_1_896' title='bbox 2140 5405 2201 5448; x_wconf 85' lang='lat' dir='ltr'><strong>ut</strong></span> <span class='ocrx_word' id='word_1_897' title='bbox 2233 5409 2334 5448; x_wconf 87' lang='lat' dir='ltr'><strong>nos</strong></span> <span class='ocrx_word' id='word_1_898' title='bbox 2365 5393 2489 5461; x_wconf 83' lang='lat' dir='ltr'><strong>ejus</strong></span> <span class='ocrx_word' id='word_1_899' title='bbox 2518 5399 2848 5462; x_wconf 85' lang='lat' dir='ltr'><strong>paupertate</strong></span> <span class='ocrx_word' id='word_1_900' title='bbox 2875 5389 3185 5444; x_wconf 85' lang='lat' dir='ltr'><strong>ditaremur</strong></span> <span class='ocrx_word' id='word_1_901' title='bbox 3207 5388 3276 5451; x_wconf 77' lang='lat'><strong>&quot;,</strong></span> <span class='ocrx_word' id='word_1_902' title='bbox 3328 5386 3526 5441; x_wconf 69' lang='lat' dir='ltr'><strong>simiii-</strong></span> 
     </span>
    </p>
   </div>
   <div class='ocr_carea' id='block_1_113' title="bbox 1931 5477 3526 5555">
    <p class='ocr_par' dir='ltr' id='par_1_113' title="bbox 1931 5477 3526 5555">
     <span class='ocr_line' id='line_1_113' title="bbox 1931 5477 3526 5555; baseline -0.006 -14"><span class='ocrx_word' id='word_1_903' title='bbox 1931 5487 2121 5542; x_wconf 87' lang='lat' dir='ltr'><strong>tudine</strong></span> <span class='ocrx_word' id='word_1_904' title='bbox 2149 5503 2275 5541; x_wconf 83' lang='lat' dir='ltr'><strong>cum</strong></span> <span class='ocrx_word' id='word_1_905' title='bbox 2308 5486 2430 5554; x_wconf 87' lang='lat' dir='ltr'><strong>ipso</strong></span> <span class='ocrx_word' id='word_1_906' title='bbox 2460 5486 2527 5541; x_wconf 89' lang='lat' dir='ltr'><strong>ad</strong></span> <span class='ocrx_word' id='word_1_907' title='bbox 2561 5484 2844 5555; x_wconf 84' lang='lat' dir='ltr'><strong>proprium</strong></span> <span class='ocrx_word' id='word_1_908' title='bbox 2882 5491 2938 5537; x_wconf 90' lang='lat' dir='ltr'><strong>et</strong></span> <span class='ocrx_word' id='word_1_909' title='bbox 2969 5481 3232 5536; x_wconf 80' lang='lat' dir='ltr'><strong>eximium</strong></span> <span class='ocrx_word' id='word_1_910' title='bbox 3263 5479 3386 5546; x_wconf 78' lang='lat' dir='ltr'><strong>ejus</strong></span> <span class='ocrx_word' id='word_1_911' title='bbox 3424 5477 3526 5531; x_wconf 82' lang='lat' dir='ltr'><strong>ho-</strong></span> 
     </span>
    </p>
   </div>
   <div class='ocr_carea' id='block_1_114' title="bbox 1935 5565 3526 5646">
    <p class='ocr_par' dir='ltr' id='par_1_114' title="bbox 1935 5565 3526 5646">
     <span class='ocr_line' id='line_1_114' title="bbox 1935 5565 3526 5646; baseline -0.009 -12"><span class='ocrx_word' id='word_1_912' title='bbox 1935 5595 2066 5634; x_wconf 89' lang='lat' dir='ltr'><strong>num</strong></span> <span class='ocrx_word' id='word_1_913' title='bbox 2097 5577 2298 5639; x_wconf 86' lang='lat' dir='ltr'><strong>evecti,</strong></span> <span class='ocrx_word' id='word_1_914' title='bbox 2337 5576 2522 5646; x_wconf 86' lang='lat' dir='ltr'><strong>diique</strong></span> <span class='ocrx_word' id='word_1_915' title='bbox 2559 5584 2612 5630; x_wconf 92' lang='lat' dir='ltr'><strong>ct</strong></span> <span class='ocrx_word' id='word_1_916' title='bbox 2653 5572 2750 5629; x_wconf 90' lang='lat' dir='ltr'><strong>Dei</strong></span> <span class='ocrx_word' id='word_1_917' title='bbox 2787 5572 2883 5628; x_wconf 78' lang='lat' dir='ltr'><strong>ﬁlii</strong></span> <span class='ocrx_word' id='word_1_918' title='bbox 2932 5587 3026 5642; x_wconf 88' lang='lat' dir='ltr'><strong>per</strong></span> <span class='ocrx_word' id='word_1_919' title='bbox 3067 5569 3226 5623; x_wconf 79' lang='lat' dir='ltr'><strong>iidem</strong></span> <span class='ocrx_word' id='word_1_920' title='bbox 3261 5565 3526 5621; x_wconf 81' lang='lat' dir='ltr'><strong>reddere-</strong></span> 
     </span>
    </p>
   </div>
   <div class='ocr_carea' id='block_1_115' title="bbox 1939 5664 3524 5733">
    <p class='ocr_par' dir='ltr' id='par_1_115' title="bbox 1939 5664 3524 5733">
     <span class='ocr_line' id='line_1_115' title="bbox 1939 5664 3524 5733; baseline -0.008 -5"><span class='ocrx_word' id='word_1_921' title='bbox 1939 5673 2104 5728; x_wconf 84' lang='lat' dir='ltr'><strong>mur?</strong></span> <span class='ocrx_word' id='word_1_922' title='bbox 2143 5670 2422 5726; x_wconf 71' lang='lat' dir='ltr'><strong>llabitavit</strong></span> <span class='ocrx_word' id='word_1_923' title='bbox 2462 5669 2612 5724; x_wconf 90' lang='lat' dir='ltr'><strong>enim</strong></span> <span class='ocrx_word' id='word_1_924' title='bbox 2649 5668 2703 5722; x_wconf 87' lang='lat' dir='ltr'><strong>in</strong></span> <span class='ocrx_word' id='word_1_925' title='bbox 2757 5666 2938 5731; x_wconf 87' lang='lat' dir='ltr'><strong>nobis,</strong></span> <span class='ocrx_word' id='word_1_926' title='bbox 2997 5664 3092 5733; x_wconf 91' lang='lat' dir='ltr'><strong>qui</strong></span> <span class='ocrx_word' id='word_1_927' title='bbox 3134 5675 3230 5732; x_wconf 90' lang='lat' dir='ltr'><strong>per</strong></span> <span class='ocrx_word' id='word_1_928' title='bbox 3267 5665 3524 5715; x_wconf 82' lang='lat' dir='ltr'><strong>naturam</strong></span> 
     </span>
    </p>
   </div>
   <div class='ocr_carea' id='block_1_116' title="bbox 267 5777 1830 5858">
    <p class='ocr_par' dir='ltr' id='par_1_116' title="bbox 267 5786 1830 5858">
     <span class='ocr_line' id='line_1_116' title="bbox 267 5786 1830 5858; baseline 0 -14"><span class='ocrx_word' id='word_1_929' title='bbox 267 5793 310 5823; x_wconf 71' lang='grc' dir='ltr'><strong>δτ</strong></span> <span class='ocrx_word' id='word_1_930' title='bbox 350 5792 465 5844; x_wconf 83' lang='lat' dir='ltr'><strong>lsa.</strong></span> <span class='ocrx_word' id='word_1_931' title='bbox 519 5805 647 5845; x_wconf 64' lang='lat' dir='ltr'><strong>xcv,</strong></span> <span class='ocrx_word' id='word_1_932' title='bbox 682 5788 775 5841; x_wconf 69' lang='grc' dir='ltr'>ιι.</span> <span class='ocrx_word' id='word_1_933' title='bbox 851 5786 897 5818; x_wconf 72' lang='grc'><strong>⁸⁸</strong></span> <span class='ocrx_word' id='word_1_934' title='bbox 919 5786 1040 5846; x_wconf 89' lang='lat' dir='ltr'><strong>Col.</strong></span> <span class='ocrx_word' id='word_1_935' title='bbox 1103 5805 1166 5845; x_wconf 91' lang='grc' dir='ltr'><strong>ιι.</strong></span> <span class='ocrx_word' id='word_1_936' title='bbox 1202 5789 1256 5843; x_wconf 91' lang='grc'><strong>9.</strong></span> <span class='ocrx_word' id='word_1_937' title='bbox 1336 5786 1421 5841; x_wconf 77' lang='lat' dir='ltr'><strong>“l</strong></span> <span class='ocrx_word' id='word_1_938' title='bbox 1468 5787 1595 5845; x_wconf 89' lang='lat' dir='ltr'><strong>Cor.</strong></span> <span class='ocrx_word' id='word_1_939' title='bbox 1639 5805 1728 5858; x_wconf 76' lang='lat' dir='ltr'><strong>xv,</strong></span> <span class='ocrx_word' id='word_1_940' title='bbox 1765 5790 1830 5844; x_wconf 69' lang='lat'><strong>45</strong></span> 
     </span>
    </p>
   </div>
   <div class='ocr_carea' id='block_1_117' title="bbox 1936 5777 3524 5858">
    <p class='ocr_par' dir='ltr' id='par_1_117' title="bbox 1941 5777 3524 5854">
     <span class='ocr_line' id='line_1_117' title="bbox 1941 5777 3524 5854; baseline -0.011 -8"><span class='ocrx_word' id='word_1_941' title='bbox 1941 5829 1956 5846; x_wconf 91' lang='lat'><strong>.</strong></span> <span class='ocrx_word' id='word_1_942' title='bbox 2013 5791 2060 5823; x_wconf 84' lang='lat'><strong>”</strong></span> <span class='ocrx_word' id='word_1_943' title='bbox 2091 5789 2237 5846; x_wconf 85' lang='lat' dir='ltr'><strong>Psal.</strong></span> <span class='ocrx_word' id='word_1_944' title='bbox 2281 5803 2470 5854; x_wconf 70' lang='lat' dir='ltr'><strong>LXXXI,</strong></span> <span class='ocrx_word' id='word_1_945' title='bbox 2513 5787 2578 5852; x_wconf 82' lang='lat' dir='ltr'><strong>ti;</strong></span> <span class='ocrx_word' id='word_1_946' title='bbox 2609 5783 2768 5839; x_wconf 82' lang='lat' dir='ltr'><strong>Joau.</strong></span> <span class='ocrx_word' id='word_1_947' title='bbox 2811 5799 2864 5846; x_wconf 79' lang='grc' dir='ltr'><strong>ιι,</strong></span> <span class='ocrx_word' id='word_1_948' title='bbox 2895 5782 2982 5836; x_wconf 74' lang='lat' dir='ltr'><strong>5i.</strong></span> <span class='ocrx_word' id='word_1_949' title='bbox 3063 5782 3104 5813; x_wconf 83' lang='grc'><strong>⁵¹</strong></span> <span class='ocrx_word' id='word_1_950' title='bbox 3141 5777 3384 5840; x_wconf 83' lang='lat' dir='ltr'><strong>llebr.n,</strong></span> <span class='ocrx_word' id='word_1_951' title='bbox 3437 5782 3524 5840; x_wconf 81' lang='grc' dir='ltr'>Π,</span> 
     </span>
    </p>
   </div>
   <div class='ocr_carea' id='block_1_118' title="bbox 201 5860 765 5926">
    <p class='ocr_par' dir='ltr' id='par_1_118' title="bbox 201 5860 765 5926">
     <span class='ocr_line' id='line_1_118' title="bbox 201 5860 765 5926; baseline -0.007 -9"><span class='ocrx_word' id='word_1_952' title='bbox 201 5865 242 5894; x_wconf 62' lang='grc' dir='ltr'>δτ</span> <span class='ocrx_word' id='word_1_953' title='bbox 278 5863 319 5917; x_wconf 86' lang='lat' dir='ltr'><strong>ll</strong></span> <span class='ocrx_word' id='word_1_954' title='bbox 353 5862 492 5918; x_wconf 81' lang='lat' dir='ltr'><strong>Cor.</strong></span> <span class='ocrx_word' id='word_1_955' title='bbox 545 5875 666 5926; x_wconf 87' lang='lat' dir='ltr'><strong>vm,</strong></span> <span class='ocrx_word' id='word_1_956' title='bbox 711 5860 765 5915; x_wconf 82' lang='lat'><strong>9.</strong></span> 
     </span>
    </p>
   </div>
  </div>
