4106 6508
608 391 716 446 165

1610 385 1669 440 S.
1696 383 1977 441 CYRILLI
2014 380 2492 440 ALEXANDRINI
2535 382 2856 443 ARCHIEP.

3779 386 3892 442 ιδι

610 509 783 564 Fiﬁu's
814 515 899 563 est
960 521 1025 560 ac
1070 503 1251 561 Deus:
1292 504 1529 574 ideoque
1563 505 1617 559 in
1665 505 1785 576 ejus
1834 503 2043 574 Spiritu
2073 501 2187 558 cia—

2306 502 2429 572 ξμϊν
2469 502 2498 556 6
2539 503 2681 556 κατά
2723 500 2885 571 φύσιν
2927 498 3051 563 Υἱὸς
3086 498 3178 553 καὶ
3204 496 3339 565 Θεός
3363 514 3375 529 ·
3433 496 3515 552 διδ
3558 497 3651 551 καὶ
3698 496 3754 551 ἐν
3806 500 3896 571 τῷ

610 614 828 655 mamus
854 617 868 653 :
910 597 1095 652 «Abba
1121 597 1282 652 Pater
1296 596 1365 650 *³.
1382 614 1402 649 ι
1424 595 1647 651 Habitat
1663 605 1844 652 autem
1863 594 2106 652 Verbum
2133 596 2193 650 in

609 689 890 756 omnibus,
935 689 990 743 in
1018 703 1129 743 uno
1157 688 1362 759 templo
1394 690 1606 745 scilicet
1641 692 1787 760 quod
1826 700 2052 759 propter
2088 704 2193 746 nos

608 788 666 836 et
692 795 757 835 ex
785 781 943 834 nobis
971 781 1299 849 assumpsit,
1336 788 1399 834 ut
1427 795 1622 836 omnes
1656 782 1711 835 in
1741 781 1926 851 seipso
1954 780 2187 845 habens,

607 881 803 923 omnes
837 870 895 922 in
927 882 1037 923 uno
1060 882 1319 939 corpore,
1354 870 1521 927 sicuti
1565 869 1772 926 Paulus
1798 870 1965 934 ait“,
1996 884 2194 925 recon-

608 958 830 1014 ciliaret
855 958 1031 1015 Patri.

679 1051 721 1115 l,
761 1052 852 1105 14.
878 1050 947 1105 Et
966 1051 1199 1107 vidimus
1220 1052 1449 1123 gloriam
1476 1053 1590 1123 eius
1620 1054 1848 1124 gloriam
1876 1055 2031 1126 quasi
2060 1051 2195 1108 Uni-

609 1143 774 1212 ρεηίᾶ
808 1160 840 1197 ιι
862 1143 1055 1212 Patre,
1088 1144 1302 1213 plenum
1339 1146 1529 1216 gratim
1555 1154 1604 1199 et
1628 1145 1891 1201 ueritatis.

685 1326 821 1381 Cum
852 1324 1095 1381 Verbum
1124 1339 1351 1380 carnem
1402 1325 1607 1380 factum
1650 1338 1781 1381 esse
1814 1323 2040 1391 dixerit,
2094 1324 2199 1379 huc

613 1427 699 1474 est
730 1418 1010 1473 hominem
1033 1460 1048 1485 ,
1076 1427 1133 1473 et
1172 1417 1401 1473 fratrem
1450 1431 1738 1473 servorum
1774 1426 1938 1488 atque
1971 1424 2199 1473 creatu-

616 1522 840 1574 rarum,
894 1509 1163 1578 integram
1217 1518 1400 1565 tamen
1460 1510 1511 1565 ei
1564 1524 1786 1580 quoque
1839 1518 2027 1565 servat
2095 1509 2201 1565 hoc

618 1611 778 1669 pacto
807 1600 1051 1654 divinam
1083 1601 1406 1672 dignitatem
1427 1642 1441 1667 ,
1477 1608 1534 1659 et
1566 1603 1789 1670 plenum
1838 1617 1965 1660 esse
2016 1602 2200 1659 Patris

617 1690 960 1760 proprietate
1009 1707 1204 1748 rursus
1244 1692 1511 1749 ostendit.
1548 1694 1756 1750 Natura
1786 1695 1990 1766 quippe
2014 1695 2201 1751 divina

617 1779 672 1832 in
691 1780 873 1849 seipse
903 1779 1059 1835 ﬂrma
1083 1789 1138 1836 et
1154 1782 1372 1838 stabilis
1398 1790 1504 1849 est,
1533 1798 1639 1838 nec
1665 1785 2028 1839 mutationem
2051 1785 2201 1857 capit

615 1873 675 1924 in
696 1844 844 1926 aliud
867 1911 883 1937 ,
926 1871 1023 1927 sed
1056 1872 1250 1929 eodem
1286 1888 1347 1928 se
1376 1844 1542 1928 modo
1574 1888 1791 1946 semper
1830 1876 2025 1941 habet,
2059 1844 2198 1932 etIi‘n
2231 1844 2275 1901 Β

619 1963 736 2016 suis
773 1964 997 2018 dotibus
1045 1972 1368 2021 constanter
1414 1976 1618 2022 manet.
1652 1967 1841 2040 Itaque
1878 1968 2005 2023 licet
2035 1983 2202 2025 evan-

620 2054 812 2122 gelista
844 2053 1082 2109 Verbum
1115 2070 1339 2112 carnem
1372 2056 1576 2113 factum
1611 2075 1735 2115 esse
1768 2060 1938 2128 dicat,
1977 2076 2083 2115 non
2115 2070 2201 2117 ta-

622 2159 744 2199 men
776 2146 954 2215 ipsum
987 2147 1175 2202 carnis
1201 2148 1619 2206 inﬁrmitatibus
1652 2152 2012 2208 succubuisse
2053 2168 2205 2209 asse-

621 2239 713 2307 rit,
738 2255 839 2295 nec
870 2240 1103 2311 pristina
1137 2241 1226 2295 illa
1252 2256 1355 2297 sua
1390 2244 1594 2298 virtute
1627 2252 1679 2300 et
1709 2245 1882 2313 gloria
1904 2246 2202 2313 excidisse,

619 2347 688 2387 eo
735 2332 883 2403 quod
927 2333 1209 2388 infirmum
1261 2343 1516 2393 nostrum
1552 2345 1607 2397 et
1656 2337 1951 2409 inglorium
2001 2354 2205 2411 corpus

621 2426 823 2482 induit.
856 2425 1108 2483 Vidimus
1148 2429 1293 2483 enim
1340 2429 1572 2499 gloriam
1608 2423 1768 2499 ejus,
1802 2432 2008 2501 inquit,
2053 2433 2202 2487 omni

622 2517 794 2586 gloria
851 2517 1264 2583 sublimiorem,
1310 2527 1364 2575 et
1415 2522 1635 2591 qualem
1671 2523 1868 2579 decere
1909 2524 2105 2581 Filium
2138 2540 2207 2581 ex

624 2605 734 2661 Deo
767 2604 932 2663 Patre
960 2609 1303 2679 unigenitum
1350 2626 1512 2667 nemo
1546 2626 1656 2668 non
1708 2614 1968 2670 fateatur.
2006 2614 2204 2671 Plenus

618 2698 767 2753 enim
793 2709 910 2754 erat
925 2702 1097 2771 gratia
1123 2709 1176 2756 et
1199 2703 1450 2758 veritate.
1480 2701 1537 2758 Si
1562 2702 1690 2774 quis
1711 2704 1856 2758 enim
1882 2713 2203 2759 sanctorum

621 2789 849 2844 chorum
884 2793 1313 2861 contempletur,
1340 2800 1395 2848 et
1418 2790 1875 2866 uniuscujusque
1906 2811 1993 2850 res
2023 2805 2206 2867 gestas

620 2883 959 2954 perpendat,
1001 2885 1296 2939 mirabitur
1330 2888 1544 2957 utique,
1574 2894 1628 2942 et
1665 2888 1884 2942 illorum
1912 2888 2207 2945 virtutibus

620 2975 1011 3040 oblectabitur,
1047 2991 1259 3047 eosque
1310 2978 1485 3050 gloria
1524 2979 1761 3048 repletos
1801 2995 1831 3034 a
1880 2982 1988 3036 Deo
2034 2980 2207 3038 fuisse

620 3066 903 3123 fatebitur.
930 3066 1210 3141 Unigeaif’t
1242 3084 1374 3125 vero
1407 3070 1641 3142 gloriam
1668 3082 1722 3126 et
1750 3073 1984 3143 gratiam
2007 3111 2022 3137 ,
2054 3074 2208 3130 nullo

2294 590 2576 663 Ιινεύματι
2606 590 2773 645 αὐτοῦ
2791 589 3090 661 κράζομεν·
3122 608 3141 641 ι
3164 587 3335 641 Ἀϐϐᾶ
3353 588 3383 640 6
3402 587 3595 658 Πατήρ
3622 602 3668 637 ἰ
3694 590 3897 660 σκηνοῖ

2294 682 2351 737 δὲ
2380 684 2409 734 6
2434 682 2605 750 Λόγος
2635 684 2693 736 ὲν
2717 684 2904 747 πᾶσιν,
2936 683 2994 735 ὲν
3021 682 3102 736 ἑνὶ
3122 681 3204 753 τῷ
3239 682 3309 736 δι’
3339 684 3491 753 ἡμᾶς
3517 683 3611 737 καὶ
3637 682 3697 748 ἐξ
3719 683 3891 755 ἡμῶν

2295 772 2553 844 ληφθέντι
2580 773 2715 845 ναῷ,
2746 775 2833 829 ἵνα
2854 774 3062 841 πάντας
3093 774 3233 846 ἔχων
3265 776 3324 830 ἐν
3353 774 3555 845 ἑαυτῷ.
3580 774 3879 833 ἀποκαταλ

2295 864 2434 938 λάξῃ
2467 866 2677 929 πάντας
2706 867 2764 919 ἐν
2787 867 2867 919 ἑνὶ
2898 866 3116 939 σώματι
3154 865 3292 941 πρὸς
3318 866 3411 920 τὸν
3436 866 3683 939 Πατέρα,
3716 866 3896 921 καθά-

2297 975 2405 1029 περ
2438 959 2467 1010 ὁ
2505 956 2723 1022 Παῦλός
2748 976 2901 1029 φησι.

2368 1049 2483 1104 Καὶ
2524 1049 2896 1120 ἐθεασάμεθα
2928 1048 3042 1119 τὴν
3085 1047 3275 1116 δόξαν
3315 1049 3502 1107 αὐτοῦ
3526 1090 3540 1115 ,
3589 1050 3782 1112 δόξαν
3810 1049 3897 1115 ὡς

2298 1143 2681 1212 Μονογενοῦς
2719 1143 2879 1212 παρὰ
2920 1142 3174 1213 Πατρός,
3221 1142 3461 1212 πλήρης
3505 1140 3750 1211 χάριτος
3791 1142 3895 1196 καί

2298 1230 2515 1300 ἀιληρεί
2517 1250 2610 1298 ας.

2372 1296 2579 1395 ὶίάρκα-
2596 1327 2924 1397 γεγενῆσθαι
2962 1302 3257 1393 τὸνλόγον
3305 1322 3498 1389 εἰπὼν,
3530 1322 3676 1385 τοῦτ’
3717 1324 3893 1388 ἔστιν,

2300 1410 2587 1485 ἄνθρωπον
2610 1456 2624 1481 ,
2683 1418 2778 1469 καὶ
2833 1417 2913 1480 είς
2966 1414 3307 1484 ἀδελφότητα
3389 1413 3721 1484 καταγαγὼν
3794 1414 3895 1485 τὴν

2301 1507 2439 1576 πρὸς
2466 1507 2534 1561 τὰ
2562 1507 2727 1562 δοῦλα
2775 1510 2871 1563 καὶ
2924 1509 3239 1579 ποιήματα,
3286 1504 3548 1577 φυλάττει
3582 1506 3678 1559 καὶ
3716 1504 3896 1568 οὕτως

2300 1598 2559 1669 ἀκέραιον
2589 1598 2740 1671 αὐτῷ
2779 1600 2843 1654 τδ
2870 1599 3173 1671 θεοπρεπὲς
3205 1597 3442 1670 ἀξίωμα,
3476 1598 3574 1651 καὶ
3605 1600 3706 1668 τῆς
3740 1597 3897 1652 ἐνού-

2303 1706 2405 1760 σης
2435 1689 2584 1761 αὐτῷ
2612 1688 2889 1764 πατρικῆς
2936 1692 3197 1762 ἰδιότητος
3241 1688 3511 1746 ἀνάπλεον
3547 1689 3676 1743 ὅντα
3724 1690 3897 1747 πάλιν

2301 1777 2557 1833 δεικνύει.
2576 1780 2799 1852 Πέπηγε
2827 1780 2938 1852 γὰρ
2964 1780 3131 1845 ὅντως
3165 1782 3198 1851 ἡ
3237 1780 3358 1834 θεία
3392 1779 3552 1849 φύσις
3581 1781 3666 1850 ἐφ’
3695 1782 3895 1852 ἑαυτῇ,

2302 1870 2402 1942 τὴν
2430 1873 2517 1941 ἐφ’
2547 1872 2733 1944 ἕτερόν
2755 1890 2808 1926 τι
2835 1872 3198 1945 παρατροπὴν
3220 1872 3320 1926 οὐκ
3344 1872 3647 1947 ἀνεχομένη
3673 1872 3894 1935 παθεῖν,

2303 1958 2505 2035 ἔχουσα
2532 1959 2590 2021 δὲ
2623 1960 2825 2032 μᾶλλον
2851 1961 3114 2025 ὡσαύτως
3156 1962 3278 2027 ἀεὶ,
3332 1961 3429 2015 καὶ
3473 1964 3532 2014 ὲν
3576 1964 3693 2025 τοῖς
3739 1960 3897 2023 ίδίοις

2305 2050 2518 2107 ἑστῶσα
2543 2052 3036 2125 πλεονεκτήμασιν.
3070 2050 3280 2107 Οὐκοῦν
3312 2052 3362 2107 εί
3409 2052 3505 2106 καὶ
3538 2052 3720 2123 σάρκα
3755 2054 3896 2124 φησι

2302 2143 2635 2214 γεγενῆσθαι
2660 2144 2755 2201 τὸν
2780 2146 2954 2215 Λόγον
2985 2144 3013 2198 ὁ
3042 2145 3469 2218 εὐαγγελιστής,
3519 2147 3634 2201 ἀλλ’
3662 2149 3725 2200 ού
3771 2148 3897 2218 ταῖς

2303 2232 2405 2303 τῆς
2453 2236 2658 2303 σαρκὸς
2690 2235 3002 2301 ἀσθενείαις
3040 2237 3204 2291 αὐτὸν
3255 2232 3573 2309 νενικῆσθαι
3622 2236 3896 2309 διισχυρί-

2305 2323 2492 2391 (erat,
2540 2326 2661 2380 οὐδὲ
2706 2328 2806 2399 τῆς
2844 2329 3215 2401 ἀρχαιοτάτης
3259 2329 3441 2402 ἰσχύος
3492 2347 3553 2383 τε
3595 2331 3691 2383 καὶ
3730 2330 3896 2400 δόξης

2302 2408 2603 2474 ἀποπεσεῖν
2624 2461 2639 2486 ,
2673 2420 2973 2497 ἐπειδήπερ
3003 2423 3066 2476 τδ
3107 2423 3332 2488 ἀσθενὲς
3360 2423 3521 2496 ἡμῶν
3567 2423 3664 2478 καὶ
3704 2423 3892 2490 ἀδοξό-

2305 2528 2466 2572 τατον
2522 2512 2881 2584 περιεϐάλετο
2929 2512 3107 2586 σῶμα.
3155 2515 3386 2587 Εῐδομεν
3432 2515 3544 2587 γὰρ
3587 2516 3765 2573 αὑτοῦ
3798 2517 3895 2590 τὴν

2306 2603 2487 2669 δόξαν,
2521 2606 2697 2678 φησὶ,
2732 2605 2888 2678 παρά
2940 2606 3040 2679 τὴν
3082 2608 3190 2663 τῶν
3227 2607 3401 2663 ἄλλων
3443 2606 3756 2681 ἐξαίρετον,
3801 2612 3897 2665 καὶ

2305 2696 2499 2750 ὁποίαν
2525 2698 2590 2752 ἄν
2612 2714 2695 2762 τις
2720 2698 3041 2770 ὡμολόγησε
3060 2698 3290 2772 πρέπειν
3315 2698 3393 2775 τῷ
3421 2702 3487 2753 ὲκ
3515 2682 3652 2754 Θεοῦ
3679 2701 3897 2775 Ila-:96;

2310 2790 2423 2861 Τίῷ
2493 2791 2812 2861 Μονογενεῖ.
2873 2789 3100 2864 Πλήρης
3152 2793 3261 2865 γὰρ
3310 2777 3378 2864 ἦν
3428 2793 3652 2865 χάριτός
3678 2809 3739 2847 τε
3800 2796 3903 2857 καί

2305 2880 2583 2952 ἀληθείας.
2631 2881 2877 2955 Ἀφορῶν
2918 2882 3017 2954 μὲν
3060 2883 3169 2957 γάρ
3208 2901 3296 2948 τις
3329 2885 3409 2948 είς
3452 2887 3545 2939 τὸν
3576 2885 3686 2939 τῶν
3721 2886 3897 2957 ἁγίων

2305 2973 2503 3045 χορὸν,
2554 2974 2650 3028 καὶ
2698 2974 2767 3027 τὰ
2809 2974 2877 3028 δι’
2908 2975 3142 3035 ἑκάστου
3184 2976 3533 3048 γεγενημένα
3570 2976 3898 3045 παραδόξως

2307 3065 2806 3137 ἀναμετρούμενος,
2838 3066 3108 3138 θαυμάσει
3159 3067 3257 3139 μὲν
3295 3067 3438 3122 κατὰ
3485 3067 3546 3123 τὸ
3592 3069 3764 3133 εἰκὸς,
3798 3071 3898 3125 καὶ

618 3158 786 3213 modo
831 3173 960 3212 cum
1009 3167 1339 3214 caeterorum
1379 3161 1553 3230 gloria
1596 3163 2030 3232 comparandam
2085 3179 2206 3220 esse

2310 3160 2423 3222 τοῖς
2448 3159 2666 3230 ἑκάστῳ
2702 3158 3000 3230 προσοῦσιν
3050 3159 3274 3229 ἀγαθοῖς
3305 3159 3697 3232 ὲφησθήσεται,
3737 3160 3899 3234 δόξης

616 3248 861 3319 theologi
897 3248 1096 3304 docent
1128 3263 1192 3304 ac
1224 3250 1366 3305 sacri
1398 3258 1597 3313 testes,
1632 3251 1731 3307 sed
1762 3253 1925 3324 longe
1954 3253 2202 3309 eminen-

622 3339 815 3395 tiorem
852 3354 918 3394 ac
966 3340 1446 3409 praestantiorem,
1510 3351 1570 3396 ut
1614 3343 1709 3414 qui
1762 3358 1871 3399 non
1925 3344 2202 3401 definitam

622 3430 824 3487 habeat
859 3433 1050 3502 gratire
1072 3447 1387 3489 mensuram
1418 3434 1576 3505 quasi
1607 3434 1677 3491 ab
1694 3436 1868 3491 altero
1892 3448 2203 3509 acceptam,

622 3523 721 3579 sed
754 3531 1017 3594 tanquam
1049 3524 1105 3578 in
1147 3524 1395 3596 perfecto
1427 3525 1728 3597 perfectam
1750 3569 1764 3593 ,
1797 3544 1861 3584 ac
1893 3545 2078 3586 veram
2098 3573 2114 3599 ,
2148 3530 2204 3587 id

624 3621 742 3680 est,
770 3629 884 3669 non
915 3615 1209 3671 ascltitiam
1232 3659 1248 3684 ,
1282 3632 1384 3671 nec
1430 3617 1653 3674 aliunde
1683 3620 1840 3689 quasi
1869 3620 2204 3677 accessionis

627 3708 748 3762 loco
783 3707 1186 3777 suppeditatam
1210 3749 1224 3774 ,
1262 3707 1357 3765 sed
1391 3709 1832 3767 substantialiter
1873 3712 2206 3769 inexsisten-

622 3805 764 3863 tem,
800 3806 853 3853 et
899 3797 1136 3854 fructum
1162 3799 1276 3871 98
1316 3813 1560 3871 paternae
1589 3804 1944 3874 proprietatis
1978 3814 2206 3862 natura—

627 3891 752 3948 liter
780 3896 1174 3950 transmissum
1220 3896 1275 3950 in
1319 3895 1539 3954 Filium.
1584 3896 1741 3964 Quod
1800 3901 1846 3954 si
1875 3899 1966 3954 cui
2024 3900 2206 3969 placet

625 3982 943 4038 accuratius
968 3982 1023 4038 id
1055 3983 1203 4053 quod
1222 3984 1430 4039 dictum
1465 3993 1553 4041 est
1581 3987 1921 4052 examinare,
1951 3988 2205 4043 conside-

622 4081 707 4129 ret
738 4074 884 4144 apud
933 4088 1016 4139 se,
1050 4076 1183 4146 quid
1243 4079 1420 4133 sancti
1478 4078 1615 4149 ipsi,
1664 4088 1719 4137 et
1756 4081 1890 4156 quid
1951 4078 2205 4135 Salvator

624 4173 814 4220 noster
838 4164 1099 4223 Christus
1127 4166 1461 4227 mirabiliter
1500 4181 1830 4242 patrarunt,
1875 4179 2206 4243 tantumque

623 4254 834 4312 distare
886 4259 1210 4327 comperiet,
1243 4269 1508 4330 quantum
1560 4271 1721 4318 antea
1763 4263 2026 4318 diximus.
2061 4261 2204 4330 Quid

625 4344 772 4415 quod
802 4346 879 4405 iiii
912 4348 1137 4417 quidem
1164 4356 1224 4405 ut
1255 4354 1390 4409 meri
1444 4353 1639 4410 famuli
1691 4355 1745 4409 in
1778 4355 1944 4409 domo
1975 4371 2228 4437 versam,

626 4443 738 4504 tur,
802 4438 891 4493 hic
923 4448 1104 4497 autem
1138 4451 1196 4498 ut
1220 4442 1394 4503 Filius
1437 4445 1625 4502 domui
1650 4460 1765 4502 sua:
1794 4448 2031 4517 praeest?
2061 4447 2207 4503 Prat-

2308 3267 2369 3303 τε
2414 3249 2613 3314 αὐτοὺς
2671 3249 3095 3320 ἀναπεπλῆσθαι
3143 3251 3365 3316 πάντως
3419 3253 3539 3324 ἐρεῖ
3590 3253 3692 3325 τῆς
3745 3256 3898 3327 παρὰ

2308 3340 2447 3397 Θεοῦ
2470 3359 2484 3373 ·
2514 3344 2614 3415 τὴν
2642 3341 2700 3396 δέ
2726 3359 2791 3412 γε
2820 3339 2915 3401 τοῦ
2938 3344 3275 3412 Μονογενοῦς
3303 3344 3463 3409 δόξαν
3496 3362 3557 3398 τε
3584 3345 3681 3399 καὶ
3708 3344 3894 3419 χάριν,

2309 3432 2369 3486 ού
2400 3436 2524 3497 ταῖς
2551 3432 2662 3491 τῶν
2704 3433 2924 3493 πάντων
2957 3434 3344 3508 ἀμιλλωμένην
3393 3435 3687 3491 τεθεᾶσθαί
3730 3455 3899 3510 φασιν

2309 3526 2359 3579 οἱ
2388 3524 2628 3595 θεολόγοι
2663 3527 2758 3581 καὶ
2785 3525 3082 3599 μάρτυρες,
3110 3526 3248 3585 ἀλλά
3277 3525 3414 3587 πολὺ
3438 3527 3558 3583 λίαν
3599 3529 3896 3602 ὕπερτενῆ,

2308 3618 2405 3672 καὶ
2455 3617 2811 3691 ἀσυγκρίτοις
2854 3619 3153 3692 ὑπεροχαῖς
3182 3620 3602 3686 ἀναδαίνουσαν,
3634 3621 3697 3674 οὐ
3732 3614 3897 3693 μεμε-

2308 3711 2588 3782 τρημένην
2634 3709 2864 3781 ἔχουσαν
2914 3711 2990 3776 ὡς
3042 3713 3231 3785 ἑτέρου
3284 3712 3517 3777 διδόντος
3568 3712 3668 3784 τὴν
3712 3715 3894 3788 χάριν,

2310 3802 2429 3859 ἀλλ’
2471 3803 2547 3869 ὡς
2580 3804 2638 3858 ὲν
2686 3805 2880 3876 τελείῳ
2907 3805 3118 3858 τελείαν
3166 3805 3260 3859 καὶ
3291 3805 3464 3878 ἀληθῆ
3490 3846 3505 3869 ,
3546 3804 3691 3859 τοῦτ’
3722 3804 3895 3871 ἔστιν,

2310 3892 2412 3945 οὐκ
2437 3894 2787 3961 ἐπείσακτον,
2816 3894 2939 3950 οὐδὲ
2971 3893 3168 3960 ἔξωθεν
3196 3895 3272 3960 ὡς
3301 3898 3359 3949 ὲν
3392 3895 3709 3971 προσθήκης
3735 3898 3898 3970 μέρει

2310 3986 2905 4059 προσπεπορισμένην,
2963 3987 3078 4047 ἀλλ’
3129 3986 3405 4053 οὐσιωδῶς
3460 3988 3899 4062 ἐνυπάρχουσαν,

2311 4076 2406 4131 καὶ
2438 4079 2648 4151 καρπον
2674 4078 2930 4150 πατρῴου
2959 4079 3248 4151 ἰδιώματος
3283 4079 3528 4150 φυσικῶς
3567 4081 3659 4134 ἐπὶ
3702 4081 3796 4134 τὸν
3842 4082 3901 4157 ἐξ
3931 4117 3950 4137 ο

2312 4170 2479 4225 αὐτοῦ
2520 4171 2813 4241 διήκουσαν
2862 4170 3010 4225 Υίόν.
3044 4173 3110 4227 Εἰ
3148 4171 3205 4225 δέ
3249 4189 3329 4245 τῳ
3359 4172 3508 4226 δοκεῖ
3536 4170 3901 4249 πλατυτέροις

2313 4264 2635 4336 θεωρήμασι
2690 4261 2999 4337 βασανίζειν
3038 4265 3099 4318 τὸ
3129 4263 3452 4341 εἰρημένον..
3507 4265 3901 4321 άποσκοπείτω

2313 4355 2439 4411 καθ’
2494 4354 2685 4409 ἑαυτὸν
2735 4356 2828 4409 καὶ
2866 4356 2936 4409 τὰ
2974 4356 3040 4410 δι’
3086 4357 3316 4422 ἑκάστου
3354 4357 3464 4413 τῶν
3497 4358 3668 4428 ἁγίων
3716 4375 3900 4429 παρα-

2321 4447 2489 4523 δόξως
2534 4448 2906 4521 γεγενημένα,
2948 4449 3043 4503 καὶ
3081 4447 3153 4503 τά
3200 4449 3290 4511 διά
3332 4448 3427 4503 τοῦ
3458 4449 3711 4522 Σωτῆρος
3737 4450 3900 4521 ἡμῶν

628 4536 778 4589 terea
825 4531 1096 4603 scriptum
1148 4545 1234 4591 est
1284 4538 1353 4593 de
1407 4535 1753 4607 Unigenito:
1795 4554 1815 4590 ι
1871 4536 2202 4596 Benedictus

2318 4537 2579 4608 Χριστοῦ,
2619 4538 2714 4591 καὶ
2743 4536 3012 4609 τοσαύτην
3045 4530 3211 4590 οὖσαν
3236 4536 3460 4608 εὑρήσει
3486 4536 3585 4608 τὴν
3605 4536 3898 4608 διαφορὰν,

627 4620 721 4690 qui
769 4622 916 4677 venit
970 4627 1024 4679 in
1057 4627 1282 4683 nomine
1309 4627 1532 4683 Domini
1555 4629 1625 4683 ".
1658 4646 1677 4680 ›
1710 4626 1783 4683 De
1829 4630 2040 4690 Sanctis
2077 4646 2208 4687 vero

631 4708 777 4767 Deus
801 4726 865 4768 ac
885 4712 1046 4771 Pater
1069 4716 1146 4771 alt
1175 4734 1189 4771 :
1223 4737 1243 4769 ο
1286 4717 1350 4770 Et
1371 4717 1496 4773 misi
1527 4717 1594 4775 ad
1626 4733 1725 4774 vos
1770 4732 1967 4774 omnes
2017 4735 2208 4777 servos

627 4818 781 4861 meos
811 4808 1109 4877 prophetas
1138 4809 1207 4864 “.
1244 4830 1264 4863 ι
1291 4810 1639 4876 Quinetiam,
1690 4811 1769 4865 illi
1819 4825 2059 4881 superna
2093 4812 2209 4869 vir-

629 4900 744 4948 tute
764 4895 951 4951 donati
986 4905 1119 4952 sunt
1146 4915 1159 4951 :
1188 4898 1279 4951 hic
1304 4906 1486 4951 autem
1513 4905 1599 4952 est
1619 4898 1889 4953 virtutum
1919 4896 2206 4954 Dominus.

630 5003 652 5036 ο
685 4982 743 5039 Si
777 4999 885 5040 non
940 4984 1089 5043 facio
1134 5000 1304 5057 opera
1350 4983 1531 5039 Patris
1584 4985 1727 5046 mei,
1787 4984 1987 5053 inquit,
2031 4986 2206 5041 nolite

625 5076 759 5131 mihi
796 5078 1041 5135 credere.
1092 5076 1156 5132 Si
1188 5084 1371 5131 autem
1403 5074 1574 5138 facio,
1614 5085 1669 5130 et
1698 5077 1743 5130 si
1771 5074 1906 5130 mihi
1934 5092 2043 5132 non
2083 5092 2206 5133 cre-

625 5169 777 5233 ditis,
804 5171 1066 5239 operibus
1102 5169 1241 5224 meis
1273 5167 1485 5223 credite
1508 5168 1578 5221 ".
1620 5186 1639 5219 ι
1664 5166 1867 5237 itaque
1894 5171 1944 5224 si
1974 5185 2042 5225 ex
2069 5171 2205 5241 ipsis

623 5261 885 5329 operibus
908 5260 1063 5315 Patri
1086 5259 1291 5313 virtute
1312 5257 1545 5326 aqualis
1575 5256 1907 5329 Unigcnitus
1932 5276 2057 5317 esse
2077 5276 2203 5317 cer-

623 5351 794 5416 nitur,
822 5351 1022 5420 aequali
1062 5350 1257 5419 utique
1289 5349 1466 5420 gloria
1501 5363 1627 5404 cum
1680 5349 1845 5407 Patre
1882 5353 2084 5408 merito
2112 5367 2207 5408 ce-

622 5442 951 5509 lebrabitur,
975 5441 1215 5496 maxime
1241 5455 1367 5496 cum
1404 5441 1695 5513 aequaliter
1740 5452 2021 5515 operetur.
2057 5444 2206 5500 Tan-

622 5538 739 5586 tum
788 5539 1008 5597 autem,
1058 5532 1187 5587 licet
1220 5533 1294 5589 sit
1331 5532 1387 5588 in
1430 5549 1618 5601 carne,
1674 5537 1741 5592 ad
1797 5536 2243 5593 fraternitatem~

621 5628 848 5677 vocatos
908 5623 1225 5694 superabit,
1275 5632 1542 5697 quantum
1614 5627 1867 5683 homines
1929 5629 2204 5685 naturalis

2304 4631 2436 4700 ὅσην
2463 4629 2565 4700 ήδη
2591 4625 2958 4700 προλαϐόντες
2989 4628 3325 4700 εἰρήκαμεν·
3365 4627 3502 4699 πρὸς
3539 4627 3597 4681 δέ
3625 4644 3689 4695 γε
3718 4627 3899 4698 τούτῳ

2316 4720 2558 4775 κάκεῖνο.
2594 4716 2658 4773 Οἱ
2710 4720 2808 4790 μὲν
2837 4720 2945 4791 γὰρ
2984 4719 3060 4783 ὡς
3109 4719 3317 4772 οἰκέται
3360 4719 3578 4788 γνήσιοι
3623 4718 3754 4788 περὶ
3802 4719 3899 4772 τὸν

2303 4807 2453 4867 οἶκόν
2492 4812 2664 4874 εἰσιν,
2696 4810 2725 4864 6
2757 4811 2814 4871 δὲ
2844 4810 2921 4873 ὡς
2949 4811 3077 4874 Tib;
3108 4811 3200 4864 ἐπὶ
3241 4809 3333 4864 τὸν
3380 4805 3529 4864 οἶκον
3559 4808 3723 4863 αὑτοῦ
3749 4827 3762 4840 ·
3798 4809 3898 4864 καὶ

2306 4903 2435 4974 περὶ
2470 4903 2569 4974 μὲν
2594 4902 2691 4956 τοῦ
2719 4901 3057 4971 Μονογενοῦς
3090 4904 3123 4973 ἡ
3151 4902 3272 4956 θεία
3297 4901 3447 4971 λέγει
3487 4903 3702 4975 Γραφή·
3736 4921 3756 4955 ι
3783 4902 3896 4955 Εὐ-

2308 4994 2608 5066 λογημένος
2650 4996 2678 5048 6
2718 4995 3019 5066 ἐρχόμενος
3053 4995 3113 5047 ὲν
3153 4993 3379 5065 ὀνόματι
3422 4993 3663 5066 Κυρίου’
3706 5012 3725 5047 ι
3765 4995 3897 5064 περὶ

2309 5086 2367 5140 δὲ
2391 5086 2497 5139 τῶν
2530 5086 2701 5155 ἁγίων
2729 5086 2759 5140 6
2794 5087 2930 5151 Θεὸς
2975 5087 3071 5141 καὶ
3112 5084 3305 5161 Πατήρ
3329 5103 3343 5118 ·
3389 5105 3407 5142 ι
3444 5086 3556 5139 Καὶ
3595 5085 3896 5140 ἀπέστειλα

2312 5178 2452 5249 πρὸς
2470 5179 2615 5248 ὑμᾶς
2642 5178 2848 5242 πάντας
2867 5180 2994 5243 τοὺς
3014 5178 3234 5241 δούλους
3261 5190 3363 5249 μου
3385 5178 3515 5242 τοὺς
3535 5179 3846 5249 προφήτας.
3873 5196 3891 5229 ι

2312 5270 2421 5322 Καὶ
2450 5254 2631 5340 οἱμὲν
2674 5270 2773 5341 τὴν
2802 5270 3010 5325 ἀνωθεν
3034 5256 3369 5336 ἐδανείζοντο
3398 5268 3656 5342 δύναμιν
3682 5272 3711 5324 ὁ
3732 5269 3790 5334 δὲ
3819 5270 3896 5333 ὡς

2311 5359 2423 5413 τῶν
2452 5361 2738 5433 δυνάμεων
2782 5363 3012 5436 Κύριος,
3051 5384 3072 5418 ε
3119 5366 3186 5420 Ei
3228 5365 3289 5419 οὐ
3322 5365 3461 5419 ποιῶ
3509 5366 3580 5420 τὰ
3617 5365 3755 5437 ἔργα
3797 5364 3895 5419 τοῦ

2313 5451 2528 5521 Πατρός
2570 5470 2704 5523 μου,
2748 5455 2923 5527 φησι,
2979 5456 3053 5529 μὴ
3096 5455 3380 5512 πιστεύετέ
3418 5472 3530 5528 μοι*
3557 5459 3605 5513 εί
3637 5457 3696 5511 δὲ
3731 5457 3892 5521 ποιῶ,

2312 5544 2416 5603 κᾶν
2446 5546 2569 5615 ἐμοὶ
2600 5545 2675 5617 μὴ
2707 5546 3021 5619 πιστεύητε,
3048 5552 3162 5613 τοῖς
3191 5548 3373 5621 ἔργοις
3397 5562 3499 5620 μου
3531 5548 3841 5603 πιστεύετε.
3871 5568 3888 5600 ι

2311 5635 2519 5691 Οὐκοῦν
2549 5638 2600 5690 εἰ
2621 5637 2872 5705 τοσοῦτος
2896 5641 2975 5704 εἰς
2997 5640 3228 5713 δύναμιν
3246 5644 3275 5695 ὁ
3293 5642 3627 5712 Μονογενὴς,
3656 5642 3891 5712 ὅσοσπερ

692 5801 738 5832 ³³
767 5799 926 5854 Rom.
983 5817 1099 5865 vm,
1153 5805 1239 5860 15.
1317 5805 1362 5837 δ’*
1395 5804 1593 5875 Epltes.
1649 5821 1709 5869 It,
1762 5807 1847 5861 i6.
1926 5808 2137 5865 “"Psal.
2188 5826 2206 5868 ε

2306 5827 2355 5877 ιι,
2409 5772 2496 5870 26.
2573 5817 2619 5848 ⁸⁸
2666 5816 2866 5875 Jercm.
2918 5835 3016 5888 vn,
3056 5821 3145 5878 25.
3226 5822 3271 5855 ⁸⁷
3303 5820 3460 5877 Joan.
3501 5838 3554 5881 τι.
3597 5822 3687 5885 '57.
3728 5822 3820 5881 5.3.
