4106 6502
1786 311 1814 333 ἃ

283 426 397 483 165

1363 421 1427 476 IN
1453 419 1747 478 JOANNIS
1781 421 2237 476 EVANGELIUM
2279 422 2410 477 ΜΒ.
2458 422 2495 476 Ι.

3495 423 3600 479 166

279 544 354 598 ἂν
394 541 488 612 εἴη
527 540 626 594 καὶ
663 540 693 591 6
729 539 947 611 Πατὴρ,
977 539 1045 593 δι’
1079 540 1261 594 αὐτῶν
1303 541 1500 610 ὁρᾶται
1549 541 1662 594 τῶν
1698 540 1895 612 ἔργων·

2010 542 2153 596 Deus
2176 582 2190 607 ,
2221 551 2274 596 ct
2307 541 2452 595 ﬁlios
2481 540 2772 610 adoptivos
2802 549 3031 608 superat
3055 553 3240 594 verus.
3272 537 3448 593 Porro
3474 552 3600 594 cum

281 631 651 704 ίσοστάθμοις
696 631 981 700 ἀναλόγως
1032 629 1509 702 μεγαλυνθήσεται
1540 629 1721 695 δόξαις
1746 671 1760 695 ,
1803 630 1899 684 ἆτε

277 726 347 796 δὴ
405 725 507 778 καὶ
559 723 671 776 τῶν
730 723 864 775 ἰσων
919 722 1194 794 ἐργάτης”
1253 720 1512 793 ὑπερέξει
1565 721 1622 774 δὲ
1682 721 1901 785 πάντως

275 816 566 878 τοσοῦτον,
598 817 695 869 καὶ
718 817 776 868 ἐν
808 815 974 887 σαρκὶ
1001 814 1265 883 γεγονὼς,
1300 815 1427 878 τοὺς
1457 815 1538 877 εἰς
1561 813 1901 884 ἀδελφότητα

277 907 700 980 κεκλημένους,
745 908 870 962 ὅσον
903 906 1229 980 ἀνθρώπους
1265 907 1293 958 6
1346 905 1490 960 κατά
1536 906 1699 976 φύσιν
1740 906 1896 973 Θεὸς,

276 1001 381 1055 καὶ
407 1002 565 1065 υἱοὺς
586 1002 717 1063 τοὺς
747 1000 889 1054 κατά
915 999 1065 1052 θέσιν
1085 1001 1113 1053 6
1135 1000 1277 1054 κατά
1302 1000 1564 1071 ἀλήθειαν
1590 1000 1896 1064 ἐξάλλεται.

293 1092 525 1164 Ἐπειδὴ
581 1092 638 1145 δέ
697 1093 1010 1162 γέγραπται
1052 1092 1203 1162 παρά
1258 1090 1338 1162 τῷ
1383 1092 1643 1163 μακαρίῳ
1682 1090 1891 1160 Λουκᾷ’

291 1203 310 1236 ι
365 1185 579 1256 Ἰησοῦς
630 1183 689 1237 δὲ
753 1183 1097 1254 προέκοπτεν
1136 1185 1193 1235 ἐν
1235 1186 1396 1256 σοφίᾳ
1451 1186 1548 1238 καὶ
1609 1183 1828 1256 χάριτι·
1870 1201 1888 1233 ι

290 1277 638 1349 σημειωτέον
665 1279 724 1330 ἐν
746 1277 981 1344 τούτοις,
999 1278 1082 1331 ὅτι
1109 1276 1349 1346 πλήρης
1379 1276 1619 1347 χάριτος
1636 1275 1778 1370 ἔχειν
1799 1275 1901 1346 τὴν

278 1367 444 1435 δόξαν
467 1369 577 1442 ἔφη
613 1369 708 1424 τὸν
741 1370 872 1423 Υίὸν
894 1371 922 1423 6
961 1369 1411 1442 πνευματοφόρος
1438 1384 1451 1398 ·
1491 1365 1612 1423 εἶτα
1646 1365 1738 1422 ποῖ
1767 1385 1899 1422 ποτε

278 1463 562 1534 προκόψει
602 1462 666 1515 τὸ
705 1462 950 1534 πλῆρες,
979 1462 1013 1533 ἢ
1062 1464 1221 1516 ποίαν
1253 1461 1389 1526 ὅλως
1424 1459 1729 1526 ἐπιδέξεται
1763 1478 1900 1530 προ-

277 1555 544 1626 σθήκην,
585 1549 646 1608 οῦ
684 1553 951 1607 ἐπέκεινα
986 1554 1188 1624 μηδέν;
1222 1555 1434 1608 Οὐκοῦν
1457 1595 1472 1619 ,
1513 1556 1613 1626 οὐχ
1727 1554 1901 1624 Λόγος

275 1651 413 1702 ἐστὶ
450 1648 548 1702 καὶ
570 1647 702 1710 Θεὸς
733 1647 1072 1718 προκόπτειν
1095 1647 1334 1718 εἴρηται,
1373 1646 1489 1701 ἀλλ’
1515 1648 1598 1701 δτι
1630 1645 1896 1718 μειζόνως

275 1743 375 1797 ἀεὶ
409 1740 856 1811 θαυμαζόμενος,
895 1739 1250 1812 χαριέστερος
1278 1739 1429 1812 παρά
1469 1743 1582 1805 τοῖς
1605 1740 1776 1812 ὁρῶσι
1809 1739 1896 1793 διὰ

1998 633 2143 705 apud
2185 633 2405 688 beatum
2438 631 2642 686 Lucam
2681 633 2952 701 scriptum
2986 633 3062 687 sit
3095 651 3109 688 :
3150 651 3168 684 ι
3207 630 3371 688 Jesus
3417 641 3598 687 autem

1998 725 2319 798 proﬁciebat
2342 725 2608 794 sapientia
2643 731 2698 778 et
2723 726 2896 793 gratia
2921 725 2967 756 ⁵⁸
2988 745 3035 791 ι,
3090 724 3498 780 observandum
3517 733 3603 780 est

2000 815 2091 870 hic
2148 815 2548 886 evangelistam
2603 815 2816 870 dixisse
2870 814 3068 870 Filium
3129 818 3352 887 plenum
3417 815 3602 886 gratia

2001 909 2206 964 habere
2239 909 2494 979 gloriam.
2517 909 2585 961 At
2618 909 2900 978 quomodo
2930 909 3186 980 proliciet
3217 909 3269 963 id
3299 907 3448 979 quod
3485 908 3602 978 ple-

2003 1015 2134 1055 num
2155 1011 2264 1067 est,
2287 1009 2382 1053 aut
2409 999 2540 1070 quid
2577 1001 2650 1064 ei,
2683 1015 2894 1070 quaeso,
2948 999 3212 1056 accedere
3241 1007 3422 1070 potest
3456 999 3601 1052 ultra

2003 1093 2152 1165 quod
2207 1093 2345 1146 nihil
2397 1093 2517 1146 est?
2575 1092 2749 1162 Igitur
2803 1105 2916 1147 non
2954 1105 3063 1162 qua
3119 1088 3358 1144 Verbum
3409 1096 3495 1144 est
3537 1101 3602 1141 ac

2005 1183 2175 1249 Deus,
2226 1181 2406 1236 dictus
2457 1189 2543 1236 est
2592 1181 2880 1252 prolicere,
2929 1179 3025 1236 sed
3078 1179 3225 1250 quod
3264 1180 3440 1249 magis
3479 1192 3600 1231 ma-

2000 1275 2196 1352 gisque
2217 1274 2631 1329 admirationem
2655 1274 2738 1329 sui
2769 1273 3060 1344 praeberet,
3086 1287 3151 1327 ex
3171 1271 3437 1342 operibus
3466 1270 3602 1340 ipsis

2001 1369 2175 1440 gratia
2221 1367 2277 1422 in
2313 1367 2432 1422 dies
2459 1366 2645 1437 augeri
2683 1366 3092 1437 spectatoribus
3120 1359 3598 1431 videbatur,'pro-

2005 1461 2222 1516 ﬁeicnte
2244 1461 2452 1531 potius,
2494 1468 2546 1512 nt
2577 1473 2707 1517 vere
2743 1455 3360 1522 dicam,admirantium
3384 1454 3596 1518 habitu,

2003 1567 2167 1622 quam
2194 1551 2315 1621 ipso
2349 1549 2416 1607 ad
2449 1549 2712 1621 gratiam,
2747 1549 2840 1620 qui
2875 1548 3153 1620 perfectus
3181 1557 3288 1614 est,
3334 1556 3394 1603 ut
3426 1546 3597 1604 Deus.

2004 1647 2186 1714 Atque
2211 1644 2326 1698 haec
2350 1657 2820 1698 commemorasse
2848 1657 2958 1696 non
2992 1643 3100 1697 erit
3149 1643 3361 1707 inutile,
3397 1656 3600 1711 quam-

2004 1739 2090 1794 vis
2121 1736 2523 1808 aliquantulum
2560 1735 2809 1806 digressa
2838 1737 2907 1788 sit
2948 1737 3148 1790 oratio.

275 1835 394 1889 τῶν
431 1834 902 1905 ἀποτελεσμάτων
932 1833 1312 1901 ἁνεδείκνυτο,
1367 1835 1818 1907 προκοπτούσης,
1847 1834 1923 1898 ὡς
1963 1833 2080 1887 ἔστι
2113 1830 2315 1904 μᾶλλον
2346 1832 2522 1884 εἰπεῖν
2557 1828 2942 1900 ἀληθέστερον,
2982 1828 3081 1898 τῆς
3119 1827 3228 1881 τῶν
3293 1825 3601 1896 θαυμαζόν-

277 1947 397 1985 των
453 1927 659 1996 ἕξεως,
697 1928 848 1999 ’ήπερ
882 1927 1050 1982 αὐτου
1097 1926 1193 1980 τοῦ
1234 1927 1480 1996 τελείου,
1533 1929 1670 2002 πρὸς
1711 1928 1891 2000 χάριν,
1933 1928 2009 1991 ὡς
2042 1925 2200 1980 Θεοῦ.
2233 1923 2492 1997 Εἰρήσθω
2525 1921 2820 1977 καὶταῦτα
2873 1920 3182 1992 χρησίμως,
3214 1920 3263 1972 εἰ
3322 1919 3417 1972 καὶ
3483 1916 3600 1971 ἐστι

286 2021 704 2093 παρεκόατικὸς
725 2022 756 2074 ὁ
786 2019 968 2088 λόγος.

342 2142 625 2210 Ἰωάννης
661 2138 963 2211 μαρτυρεῖ
1002 2138 1139 2209 περὶ
1173 2139 1384 2205 αὐτοῦ,
1417 2141 1516 2197 καὶ
1548 2140 1863 2211 κέκραγεν.

2075 2133 2255 2201 1,15.
2287 2132 2526 2187 Joanne:
2577 2131 2937 2188 testimonium
2987 2128 3221 2199 perhibet
3267 2133 3332 2183 de
3383 2129 3496 2198 ipso
3548 2140 3602 2186 et

367 2313 702 2368 ’Λκολουθεῖ
732 2314 900 2368 πάλιν
927 2316 1049 2380 ταῖς
1077 2315 1238 2380 ἰδίαις
1261 2316 1495 2381 ἐννοίαις
1527 2318 1556 2371 ό
1588 2317 1902 2388 σοφώτατος

278 2406 724 2478 εὐαγγελιστὴς,
754 2407 852 2460 καὶ
878 2407 954 2472 ὡς
984 2409 1096 2472 τοῖς
1121 2409 1299 2462 ὀπίσω
1341 2408 1787 2480 χρεωστούμενον
1810 2409 1903 2462 τὸν

276 2500 493 2571 ἐφεξῆς
539 2499 839 2572 εὐρύθμως
881 2503 1120 2556 ποιεῖται
1168 2501 1348 2570 λόγον.
1393 2501 1613 2573 Ἐπειδὴ
1644 2501 1754 2572 γάρ
1798 2501 1904 2576 ἔφη

277 2595 415 2666 περὶ
442 2593 543 2646 τοῦ
590 2591 726 2646 Υἱοῦ
774 2592 873 2650 τοῦ
909 2593 1070 2657 Θεοῦ,
1110 2613 1128 2645 ι
1179 2593 1558 2664 Ἑθεασάμεθα
1602 2594 1701 2666 τὴν
1747 2592 1906 2659 δόξαν

278 2685 479 2749 αὑτοῦ,
512 2684 674 2749 δόξαν
704 2684 782 2747 ὡς
811 2685 1182 2755 Μονογενοῦς,
1225 2706 1243 2739 ι
1287 2685 1374 2742 ἵνα
1423 2686 1498 2758 μὴ
1557 2687 1717 2758 μόνος
1777 2687 1906 2756 φαί-

281 2792 447 2846 νηται
472 2777 640 2830 τοῦτο
688 2777 888 2846 λέγων,
923 2779 1022 2850 οὐχ
1051 2779 1135 2840 ἐνὶ
1167 2779 1449 2852 προσώπῳ
1485 2780 1580 2834 τοῦ
1617 2799 1634 2833 ι
1671 2780 1906 2834 ἐθεασά-

299 2868 443 2940 μεθα
474 2889 495 2922 ι
529 2869 864 2941 πρέποντος,
884 2871 977 2925 τὸν
1005 2871 1294 2944 ὁμώνυμον
1334 2873 1596 2928 συνάπτει
1627 2874 1904 2944 μάρτυρα,

285 2963 423 3033 μίαν
452 2962 659 3034 ἔχοντα
691 2963 832 3034 πρὸς
870 2964 1038 3020 αὐτὸν
1094 2966 1189 3018 καὶ
1234 2966 1335 3037 τὴν
1367 2966 1540 3036 αὐτὴν
1590 2964 1902 3019 εὐσέϐειαν.

275 3055 603 3128 Μαρτυρῶ,
635 3057 796 3127 φησι,
834 3055 1126 3128 τοιγαροῦν
1151 3056 1262 3124 ἐγὼ
1295 3057 1587 3128 (τεθέαμαι
1618 3057 1728 3129 γὰρ
1766 3058 1905 3129 ὅπερ

283 3140 470 3217 εἷπον)
495 3189 507 3207 ,
549 3150 824 3219 μαρτυρεῖ
861 3147 919 3201 δὲ
946 3148 1151 3219 ὁμοίως
1181 3149 1276 3201 καὶ
1302 3151 1330 3202 6
1353 3149 1688 3221 Βαπτιστής.
1731 3148 1906 3215 Ἀξιο-

282 3238 585 3311 λογωτάτη
628 3237 737 3293 τῶν
796 3240 1273 3312 πνευματοφό-ρων
1301 3241 1433 3304 δυὰς
1466 3243 1561 3295 καὶ
1600 3241 1904 3314 ἀξιόχρεως

284 3325 557 3402 ξυνωρὶς,
591 3330 825 3404 ἀληθείᾳ
871 3331 1401 3404 συντεθραμμένων,
1441 3335 1536 3392 καὶ
1559 3334 1658 3388 οὐκ
1687 3335 1907 3399 εἰδότων

281 3422 346 3475 τὸ
388 3421 718 3492 ψεύδεσθαι.
770 3423 882 3477 Θέα
935 3415 992 3477 δὲ
1045 3425 1194 3490 ὅπως
1239 3427 1733 3498 ἐμφαντικωτάτην
1774 3428 1905 3500 ἡμῖν

2005 2227 2228 2282 clamat.

2075 2317 2271 2374 Eidem
2323 2314 2614 2373 sententiae
2659 2314 2870 2372 insistit
2912 2315 3370 2386 sapientissimus
3423 2329 3606 2370 evan-t

2005 2408 2224 2479 gelista,
2262 2413 2316 2461 et
2341 2405 2707 2476 posteriorem
2749 2419 3062 2460 sermonem
3100 2405 3352 2474 apposite
3391 2418 3601 2460 conne-

2004 2500 2105 2556 ctit
2135 2499 2496 2570 praecedenti.
2544 2496 2684 2552 Nam
2719 2512 2846 2552 cum
2881 2497 2950 2554 de
2999 2496 3140 2553 Filio
3176 2497 3271 2554 Dei
3323 2498 3598 2554 dixisset:

2010 2613 2030 2646 ι
2071 2592 2326 2654 Vidimus
2381 2591 2620 2664 gloriam
2682 2590 2838 2662 ejus,
2893 2591 3129 2662 gloriam
3184 2592 3344 2662 quasi
3395 2591 3602 2662 linige-

2008 2688 2128 2752 niti,
2169 2706 2188 2740 ι
2225 2703 2295 2742 ne
2336 2687 2491 2744 solus
2523 2685 2674 2742 istud
2723 2684 2913 2742 dicere
2952 2685 3257 2750 videretur,
3291 2699 3418 2742 cum
3451 2705 3470 2738 ι
3504 2684 3599 2739 Vi-

2006 2779 2215 2844 dimus,
2249 2798 2267 2831 ι
2301 2795 2412 2835 non
2440 2779 2536 2833 uni
2565 2793 2821 2848 personae
2864 2779 3176 2842 conveniat,
3210 2778 3604 2848 cognominem

2007 2876 2111 2932 sibi
2173 2882 2374 2930 testem
2417 2873 2694 2942 adjungit,
2735 2888 2852 2932 una
2903 2888 3091 2928 secum
3137 2880 3196 2928 et
3227 2872 3420 2930 eadem
3469 2887 3603 2943 erga

2005 2968 2178 3024 Deum
2213 2969 2418 3038 pietate
2439 2965 2758 3037 praditum.
2791 2965 2990 3024 Testor
3021 2965 3210 3036 igitur,
3240 2966 3450 3036 inquit,
3474 2980 3603 3036 ego,

2009 3059 2404 3133 (spectavi99
2425 3060 2574 3118 enim
2607 3061 2754 3129 quod
2781 3059 2961 3129 dixi),
2993 3060 3379 3114 testaturitem
3411 3059 3598 3128 Βθριὶση

2006 3162 2113 3209 sta.
2186 3152 2586 3221 Dignissimum
2652 3167 2751 3222 par
2810 3151 3195 3222 theologorum
3263 3153 3604 3222 testiumque

2005 3245 2368 3315 locupletum,
2422 3245 2518 3314 qui
2563 3244 2787 3300 veritati
2825 3244 3087 3302 innutrili
3135 3251 3267 3300 sunt
3319 3255 3375 3300 et
3417 3247 3607 3304 omnis

2004 3329 2282 3386 mendacii
2328 3331 2529 3386 nescii.
2563 3331 2743 3387 Cerne
2787 3340 2972 3388 autem
3026 3348 3144 3405 quo
3196 3342 3358 3404 pacto
3393 3335 3605 3406 signina

2005 3424 2333 3481 cautissime
2373 3423 2429 3479 id
2465 3424 2630 3480 nobis
2661 3432 2922 3496 exponat.
2965 3425 3084 3493 Non
3118 3428 3263 3482 enim
3299 3429 3478 3486 solum
3526 3431 3603 3484 ait

284 3515 600 3584 ἐποιήσατο
631 3513 732 3586 τὴν
759 3514 1046 3586 ἐξήγησιν.
1077 3516 1153 3569 Οὐ
1183 3515 1293 3585 γὰρ
1324 3516 1487 3583 μόνον
1516 3519 1597 3570 ὅτι
1635 3519 1900 3589 μαρτυρεῖ

2008 3511 2278 3574 Joannem
2317 3516 2509 3570 testari
2541 3513 2612 3569 de
2644 3515 2788 3585 ipso,
2827 3516 2924 3570 sed
2956 3518 3123 3572 etiam
3157 3518 3402 3575 clamare
3455 3521 3604 3580 utili-

285 3624 461 3678 φησιν
497 3607 527 3658 6
569 3603 989 3679 Ἰωάννης-περὶ
1035 3607 1230 3684 αὐτοῦ,
1265 3609 1596 3680 προστίθησι
1630 3609 1686 3661 δὲ
1711 3609 1905 3681 χρησί-

287 3714 436 3770 μως,
481 3697 570 3750 ὃτι
615 3698 710 3750 καὶ
757 3699 1052 3770 κέκραγεν,
1108 3699 1216 3756 ἀπὸ
1248 3699 1344 3754 τοῦ
1369 3743 1384 3766 ,
1420 3720 1440 3753 ι
1473 3700 1630 3773 Φωνὴ
1672 3701 1904 3771 βοῶντος

283 3791 346 3843 ἐν
383 3790 454 3860 τῇ
490 3789 688 3860 ἐρήμῳ
713 3828 729 3854 ,
763 3809 782 3842 ι
818 3789 1113 3860 λαμϐάνων
1148 3791 1242 3846 τοῦ
1275 3791 1438 3862 λόγου
1475 3793 1574 3864 τὴν
1599 3793 1900 3862 άπόδειξινς

282 3881 478 3957 καλῶς
511 3881 570 3935 δέ
599 3883 694 3935 καὶ
728 3884 888 3936 τοῦτο
923 3883 1068 3940 λίαν.
1115 3883 1410 3958 Ἐνεχώρει
1451 3887 1559 3958 γάρ
1597 3904 1752 3952 τινας
1791 3887 1902 3942 τῶν

279 3973 350 4027 δι’
393 3974 655 4038 ἐναντίας
695 3976 894 4030 εἰπεῖν·
957 3977 1097 4030 Πότε
1137 3978 1216 4050 τῷ
1266 3979 1566 4048 Μονογενεί
1620 3979 1906 4053 μεμαρτύ-

283 4085 466 4139 ρηκεν
501 4067 531 4119 6
564 4067 904 4141 Βαπτιστὴς,
951 4068 986 4141 ἢ
1016 4071 1112 4128 καὶ
1139 4071 1282 4124 τίσιν
1309 4073 1516 4138 ἐκεῖνος
1542 4074 1672 4144 περ)⁸
1698 4074 1906 4128 τούτων

281 4156 742 4224 ἁνεκοινὼσατο;
792 4158 1085 4230 Κέκραγεν
1129 4159 1258 4225 οὖν.
1302 4164 1508 4234 φησὶν,
1553 4164 1700 4218 τοῦτ’
1732 4164 1902 4232 ἐστιν,

280 4250 390 4303 οὐκ
418 4250 481 4302 ἐν
511 4249 858 4321 παραϐύστῳ
886 4249 1062 4318 λαλεῖ,
1106 4255 1206 4306 οὐκ
1233 4255 1439 4326 ἡρέμα,
1477 4257 1572 4315 καὶ
1599 4257 1904 4330 ψιθυρίζων

284 4345 611 4415 μαρτυρεῖ·
653 4342 956 4414 σάλπιγγος
985 4345 1195 4418 ἀκούσῃ
1237 4347 1472 4413 ϐοῶντος
1519 4349 1900 4420 εύηχέστερον.

281 4436 363 4489 Ού
405 4434 579 4506 μόνος
608 4434 852 4499 ἀκούσας
881 4436 949 4494 τὰ
980 4437 1210 4493 τοιαῦτά
1242 4457 1407 4512 φημι,
1445 4441 1656 4505 πλατὺς
1686 4443 1782 4497 καὶ
1822 4443 1902 4507 εἰς

282 4527 507 4590 πάντας
536 4527 566 4578 ό
595 4527 774 4596 λόγος,
799 4528 1054 4602 λαμπρὸς
1074 4533 1102 4585 6
1127 4532 1324 4604 κῆρυξ,
1357 4532 1634 4606 ἐπίσημος
1661 4537 1693 4606 ή
1724 4535 1899 4610 φωνὴ,

283 4619 474 4690 μέγας
511 4617 610 4671 καὶ
654 4619 756 4671 οὐχ
783 4619 1062 4688 ἄγνωστος
1089 4621 1117 4674 ὁ
1155 4623 1480 4697 πρόδρομος,

360 4705 567 4775 Οὗτος
605 4705 705 4780 ἦν,
727 4709 803 4764 ὃν
840 4706 1012 4766 εἶπον
1039 4731 1052 4744 ·
1097 4713 1156 4767 '0
1185 4716 1380 4771 ὀπίσω
1407 4735 1529 4786 μου
1554 4718 1900 4790 ἐρχόμενος,

277 4801 646 4874 ἔμπροσθέν
672 4820 795 4872 μου
835 4805 1104 4874 γέγονεν,
1145 4807 1237 4862 ὅτι
1269 4809 1506 4877 πρῶτός
1542 4828 1664 4882 μου
1707 4808 1806 4883 ἦν.

2013 3617 2097 3662 ter
2137 3607 2326 3675 addit,
2378 3616 2600 3678 sumpta
2645 3609 2940 3666 occasione
2979 3627 3045 3668 ex
3074 3612 3375 3680 illodicto,
3415 3632 3433 3666 ι
3481 3612 3602 3671 Vox

2007 3700 2304 3756 clamantis
2331 3700 2388 3755 in
2411 3699 2762 3767 deserto”;i
2799 3710 2949 3757 recte
2983 3718 3152 3759 sane:
3186 3713 3416 3774 possent
3449 3707 3599 3763 enim

2006 3808 2253 3863 quaerere
2265 3792 2955 3862 adversarii,quandonam
2973 3796 3039 3850 de
3053 3793 3352 3867 Unigenito
3369 3806 3604 3854 testatus

2005 3894 2093 3940 est
2111 3883 2384 3955 Baptista,
2401 3892 2496 3939 aut
2519 3885 2852 3956 quibuscum
2872 3887 2940 3942 de
2970 3887 3124 3942 hisce
3148 3889 3316 3948 rebus
3350 3905 3606 3946 commun

2006 3977 2233 4034 nicavit.
2284 3977 2498 4031 Clamat
2556 3977 2744 4048 igitur,
2785 3977 2998 4048 inquit,
3056 3979 3162 4034 hoc
3213 3989 3319 4045 est,
3371 3997 3482 4036 non
3543 3981 3600 4037 in

2005 4069 2224 4126 occulto
2254 4069 2520 4140 loquitur,
2566 4084 2678 4124 non
2711 4071 2998 4127 submisse
3030 4080 3085 4126 et
3112 4071 3256 4126 clam
3292 4089 3602 4130 susurrans

2005 4168 2260 4218 testatur.
2298 4159 2510 4216 Tubam
2546 4161 2844 4217 clamantis
2876 4162 3048 4218 altius
3085 4164 3442 4220 insonantem
3500 4180 3600 4220 au-

2006 4251 2150 4308 dies.
2183 4252 2306 4307 Non
2338 4253 2454 4307 haec
2503 4252 2659 4309 solus
2698 4251 2852 4308 audit
2884 4253 3133 4319 scilicet,
3178 4254 3341 4326 longe
3379 4256 3603 4328 lateque

2007 4359 2192 4400 sermo
2239 4345 2487 4398 manavit
2513 4344 2568 4400 in
2601 4359 2827 4410 omnes,
2855 4360 3038 4408 praeco
3063 4346 3336 4412 illustris,
3369 4348 3516 4404 clara
3543 4358 3600 4412 et

2005 4434 2267 4514 distincta
2301 4450 2440 4501 vox,
2493 4449 2728 4506 magnus
2785 4449 2889 4491 nec
2935 4436 3208 4498 obscurus
3261 4453 3598 4512 prmcursor.

2078 4719 2130 4784 Ι,
2172 4720 2260 4775 1⁵5.
2301 4718 2406 4773 Hic
2435 4729 2586 4785 erat,
2613 4735 2764 4790 quem
2791 4719 2948 4774 dixi:
2988 4719 3094 4787 Qui
3127 4731 3249 4792 post
3285 4739 3370 4777 me
3409 4732 3596 4786 ventu--

2011 4827 2102 4864 rus
2127 4821 2205 4868 est
2226 4852 2240 4877 ,
2273 4822 2396 4866 ante
2418 4829 2497 4868 me
2525 4812 2701 4881 [actus
2727 4822 2840 4877 est;
2871 4813 2996 4882 quia
3019 4815 3169 4884 prior
3192 4831 3272 4868 me
3294 4824 3430 4874 erat.

369 4871 695 4963 ’ὀνομάσας
724 4896 816 4948 τὸν
841 4871 1104 4969 μάρτυρα
1135 4899 1226 4952 τὸν
1250 4871 1614 4974 ὁμογνώμονα
1638 4871 1896 4977 mepe-

2075 4903 2254 4957 (litato
2283 4912 2422 4959 teste
2464 4905 2711 4974 ejusdem
2743 4920 2930 4960 secum
2972 4907 3218 4962 nominis
3247 4923 3310 4961 ac
3368 4917 3596 4965 semen-

279 5005 462 5060 νυμον
491 4986 666 5057 αὐτῷ,
709 4990 803 5042 καὶ
851 4991 1068 5064 μεγάλῃ
1107 4992 1288 5060 δείξας
1336 4996 1793 5070 ἀποχρησάμενον
1829 5002 1895 5071 τῇ

227 5125 232 5128 .
280 5083 441 5151 φωνῇ
492 5079 632 5149 πρὸς
668 5079 769 5149 τὴν
801 5079 896 5134 τοῦ
943 5084 1306 5154 κηρύγματος
1356 5087 1660 5156 διακονίαν,
1696 5092 1898 5161 ἐπάγει

275 5172 586 5244 χρησίμως
620 5170 717 5224 ³ἔοιὶ
762 5172 863 5242 τῆς
893 5177 1201 5247 μαρτυρίας
1235 5177 1328 5231 τὸν
1358 5179 1556 5250 τρόπον
1577 5197 1591 5214 ο
1627 5183 1684 5235 ἐν
1723 5183 1899 5256 τούτῳ

275 5266 392 5337 γάρ
440 5265 686 5337 μάλιστα
713 5265 938 5336 σύμπαν
973 5262 1040 5339 ἦν
1075 5269 1135 5322 τὺ
1161 5267 1517 5343 ζητούμενον.
1553 5274 1618 5328 Τί
1661 5272 1752 5330 οὖν
1790 5278 1900 5349 ἄρα

277 5358 372 5412 τὸν
406 5355 663 5411 τοιοῦτον
707 5353 963 5426 Ἰωάννην
997 5360 1421 5434 άνακεκραγότα
1447 5367 1694 5434 περὶτοῦ
1725 5370 1900 5424 Μονο-

279 5451 483 5522 γενοῦς
516 5451 870 5522 εύρήσομενς
921 5471 938 5502 ι
995 5453 1052 5505 Ὀ
1093 5455 1270 5509 όπίσω
1305 5476 1407 5528 μου
1440 5460 1756 5532 ἐρχόμενος,
1797 5461 1897 5534 ἔμ-

279 5545 528 5617 προσθέν
570 5560 677 5613 μου
713 5543 926 5610 γέγονε,
965 5543 1046 5598 ὅτι
1073 5548 1292 5616 πρῶτός
1331 5567 1432 5620 μου
1463 5546 1531 5623 ἦν
1553 5569 1564 5581 ·
1613 5572 1631 5606 ι
1666 5553 1844 5617 Βαθὺς
1870 5556 1908 5609 ὁ.

276 5637 465 5705 λόγος,
509 5637 605 5687 καὶ
645 5631 850 5704 πολλὴν
883 5633 967 5700 ἐφ’
998 5635 1176 5706 ἐαυτῷ
1202 5637 1302 5709 τὴν
1343 5639 1577 5710 βάσανον
1613 5643 1861 5696 ἁπαιτῶν
1884 5659 1896 5673 ·

275 5730 306 5796 ή
357 5729 464 5797 μὲν
513 5725 631 5797 γάρ
676 5719 972 5796 πρόχειρος
1015 5728 1128 5790 τοῖς
1167 5728 1381 5794 πολλοῖς
1430 5733 1524 5784 καὶ
1555 5735 1897 5805 τετριμμένη

342 5891 364 5920 ⁸
430 5890 576 5947 Luc.
632 5887 699 5948 ti.
748 5888 836 5942 52.
907 5890 950 5920 ⁵⁵
989 5889 1093 5944 lsa.
1129 5903 1217 5950 XL,
1277 5889 1335 5945 ὃς
1368 5886 1525 5944 Joan.
1563 5904 1601 5955 t,
1642 5889 1729 5942 95.

2002 4997 2112 5062 tiae,
2146 5011 2311 5068 quem
2348 5011 2546 5069 magna
2584 5012 2719 5052 voce
2758 5013 2876 5052 suat
2912 4999 3327 5070 praedicationis
3348 5000 3595 5060 cilicium

2003 5090 2268 5160 implesse
2305 5089 2487 5154 dixit,
2515 5091 2874 5152 commodum
2910 5091 3136 5163 subjicit
3181 5094 3374 5166 ejusce
3427 5099 3590 5159 testi.

2002 5183 2178 5238 monii
2227 5182 2532 5247 rationem,
2589 5184 2646 5238 in
2700 5184 2808 5240 hoc
2859 5186 3006 5240 enim
3069 5188 3424 5258 potissimum
3474 5199 3590 5248 tota

2002 5277 2238 5348 quaestio
2273 5277 2531 5332 vertitur.
2588 5277 2730 5344 Quid
2783 5294 2916 5350 ergo
2969 5278 3239 5338 Joannem
3292 5283 3460 5338 istum
3522 5285 3591 5340 de

2003 5369 2306 5442 Unigenito
2371 5370 2648 5427 clamasse
2711 5373 3120 5443 comperiemus
3171 5393 3186 5430 :
3239 5393 3258 5426 ι
3301 5374 3432 5442 Qui.
3465 5383 3590 5445 post
3681 5352 3690 5361 ’

1997 5478 2086 5517 me
2119 5471 2393 5517 venturus
2432 5470 2539 5526 est,
2590 5472 2716 5517 ante
2754 5481 2841 5520 mc
2899 5465 3082 5521 factus
3121 5475 3224 5530 est,
3259 5467 3388 5534 quia
3434 5467 3590 5535 prior

2003 5569 2089 5610 me
2128 5555 2288 5609 erat?
2319 5575 2338 5605 ι
2382 5557 2542 5610 Altus
2584 5565 2670 5611 est
2716 5573 2918 5625 sermo,
2956 5567 3009 5613 et
3056 5559 3242 5611 multa}
3287 5557 3586 5626 indaginis.

2002 5643 2159 5698 Trita
2193 5646 2338 5700 enim
2365 5655 2418 5702 et
2453 5649 2772 5724 pervulgata
2801 5649 3166 5719 plurimorum
3204 5648 3317 5702 lucc
3350 5656 3434 5703 est
3458 5664 3588 5710 sene

2004 5740 2177 5795 tentia
2213 5759 2223 5794 :
2255 5739 2410 5808 Quod
2448 5744 2514 5797 ad
2567 5741 2909 5798 nativitatem
2964 5742 3151 5804 carnis
3195 5741 3415 5808 attinet,
3459 5742 3587 5801 ὃςιῐε-
