4106 6496
549 436 653 492 167

1578 435 1635 488 S.
1669 430 1950 494 CYRILLI
1993 419 2468 482 ALEXANDRINI
2513 422 2833 479 ΑΠΗΝΗ).

2315 287 2346 310 α

3741 422 3844 486 tC-‘B

545 561 798 608 vatorem
855 552 1102 624 Baptista
1145 553 1464 624 praecessit,
1495 563 1548 607 et
1589 563 1815 608 secutus
1855 561 1942 607 est
1989 566 2130 621 quo-

2244 551 2472 616 διάνοια,
2509 549 2732 620 τοιαύτη
2763 566 2846 611 τις
2887 543 3024 601 οῦςα
3066 550 3363 616 τυγχάνει·
3398 549 3521 601 ὅσον
3560 549 3668 620 γὰρ
3705 545 3846 621 ἧκεν

545 645 866 709 datnmodo,
902 654 958 700 et
1013 656 1108 700 scit
1145 645 1436 700 mensibus
1480 645 1612 698 totis
1663 646 1940 715 posterior
1986 645 2139 698 visus

544 744 630 791 cst
679 734 1044 799 Emmanuel,
1099 741 1157 789 ut
1206 736 1400 790 beatus
1441 733 1619 789 Lucas
1666 735 1934 788 narravit.
1996 732 2052 788 ld
2108 749 2139 788 a

543 826 760 882 Joanne
809 829 917 883 dlci
951 829 1178 899 quidam
1208 827 1573 890 existimant,
1605 839 1663 880 ut
1701 828 1805 880 hoc
1843 838 2007 896 pacto
2049 827 2136 879 in~

546 923 826 990 telligatur
872 921 1045 984 illud,
1105 922 1324 974 ratione
1373 920 1554 974 .Iztatis
1620 919 1880 972 nimirum
1915 939 1926 972 :
1965 937 1981 969 ι
2033 916 2139 984 Qui

546 1020 670 1080 post
717 1027 801 1066 me
849 1022 1118 1066 venturus
1172 1020 1258 1066 est
1281 1052 1294 1073 ,
1331 1023 1460 1066 ante
1495 1027 1582 1064 me
1618 1011 1797 1065 factus
1827 1019 1930 1065 est.
1965 1029 1982 1061 ι
2031 1007 2136 1064 Sed

542 1107 635 1173 qui
675 1105 880 1160 divinis
924 1104 1166 1174 Scriptis
1199 1106 1388 1160 aerius
1419 1105 1620 1158 mentis
1654 1105 1848 1158 Oculos
1887 1103 2139 1158 intende-

547 1199 653 1259 rit,
693 1197 931 1262 videbit,
995 1197 1233 1266 primum
1287 1193 1512 1264 quidem
1566 1196 1785 1248 inanem
1836 1211 1960 1250 esse
1992 1193 2138 1250 hanc

544 1283 1066 1353 interpretationem
1101 1324 1116 1348 ,
1152 1293 1205 1337 et
1246 1299 1276 1337 a
1304 1284 1473 1339 rebus
1505 1284 1756 1353 quaesitis
1790 1285 1954 1355 longe
1985 1300 2138 1341 rece-

544 1373 695 1428 dere.
731 1377 1070 1444 Assumptus
1101 1377 1246 1430 enim
1284 1385 1367 1430 est
1411 1378 1567 1430 testis
1599 1388 1828 1430 sanctus
1861 1375 2134 1447 Baptista,

544 1478 657 1517 non
727 1475 786 1518 ιιι
852 1468 1163 1521 ιιιιιιι·ἰιιιιὶε
1217 1477 1462 1538 tempore
1522 1468 1685 1520 modo
1734 1469 2134 1536 posteriorem,

545 1559 706 1612 modo
735 1559 974 1628 priorem
1012 1560 1296 1614 Christum
1335 1559 1690 1625 ostenderet,
1721 1561 1816 1614 sed
1853 1569 1912 1614 ttt
1951 1561 2135 1633 is,qui

545 1665 647 1702 una
709 1661 1064 1720 spectaverat
1109 1671 1126 1702 ι
1177 1653 1409 1722 gloriam
1460 1653 1616 1722 ejus,
1680 1655 1916 1724 gloriam
1974 1656 2135 1724 quasi

547 1740 822 1811 Unigvltili
852 1761 880 1795 a
912 1743 1076 1797 Patre
1107 1744 1251 1813 pleni
1288 1746 1478 1816 gratia:
1511 1756 1565 1798 ct
1590 1746 1866 1800 veritatis.
1906 1766 1924 1797 ι
1959 1745 2134 1811 Quam

540 1833 705 1902 igitur
729 1837 1153 1902 explicationem
1196 1837 1329 1908 99‘
1381 1836 1576 1891 afferes
1613 1839 1752 1891 adeo
1787 1839 2133 1910 intempesti-

2251 642 2333 703 είς
2388 639 2479 692 τὸν
2523 641 2620 709 τῆς
2667 638 2974 707 γεννήσεως
3025 635 3216 706 χρόνον
3266 636 3366 705 τῆς
3423 636 3563 706 μετᾶ
3618 641 3843 708 σαρκξς,

2250 730 2572 802 προεϐάδιζε
2620 728 2713 780 τοῦ
2762 729 3012 798 Σωτῆρος
3069 728 3097 779 ὁ
3150 727 3496 798 Βαπτιστὴς,
3548 730 3841 801 ἠκολούθει

2247 826 2304 879 δέ
2341 842 2479 888 πως,
2517 824 2608 878 καὶ
2642 823 2818 874 ὀπίσω
2850 822 3062 891 τρέχων
3094 821 3364 890 ἐφαίνετο,
3397 822 3564 894 μησὶν
3599 821 3658 890 ἓξ
3686 826 3851 878 ὑστε-

2249 916 2418 992 ρίζων
2459 917 2602 978 ὅλοις
2640 918 2667 969 ό
2703 914 3075 986 Ἐμμανουήλ,
3106 915 3184 978 ὡς
3210 916 3238 967 ό
3281 917 3552 987 μακάριος
3587 919 3848 990 ἱστόρησε

2245 1009 2482 1070 Λουκᾶς.
2533 1005 2704 1059 Τοῦτο
2751 1006 2930 1074 λέγειν
2979 1007 3185 1061 οἴονται
3227 1005 3319 1059 τὸν
3375 1009 3631 1078 Ἰωάννην
3673 1005 3844 1073 τινὲς,

2248 1101 2336 1155 ἵνα
2371 1103 2558 1171 νοῆται
2602 1101 2827 1155 τοιῶσδε
2869 1101 3013 1156 κατὰ
3062 1100 3155 1153 τὸν
3203 1101 3302 1172 τῆς
3357 1100 3574 1170 ἡλικίας
3623 1101 3844 1174 χρόνον·

2251 1212 2271 1245 ι
2320 1192 2376 1246 Ὀ
2403 1193 2578 1246 ὀπίσω
2603 1209 2705 1263 μου
2737 1192 3053 1264 ἐρχόμενος,
3071 1191 3387 1264 ἔμπροσθέν
3418 1209 3519 1262 μου
3545 1193 3768 1262 γέγονεν
3791 1207 3840 1244 οι

2246 1285 2364 1339 ἀλλ’
2398 1285 2546 1340 ἐστιν
2593 1286 2724 1339 ἰδεῖν
2775 1286 2869 1340 τὸν
2918 1284 3328 1356 ὀξυωπέστερον
3373 1284 3488 1349 τοῖς
3543 1283 3712 1350 θείοις
3753 1289 3843 1340 ἐν·

2246 1376 2561 1442 ατενίζοντα
2595 1377 2938 1450 θεωρήμασι,
2971 1377 3192 1450 πρῶτον
3225 1376 3344 1448 μὲν,
3374 1378 3522 1442 ὅπως
3551 1377 3632 1440 είς
3659 1377 3846 1449 ἐξιτήο

2244 1470 2369 1536 λους
2404 1471 2614 1536 ἐννοίας
2657 1475 2685 1525 ὁ
2721 1473 2878 1542 λόγος
2923 1475 3053 1544 ἡμῖν
3104 1467 3452 1545 εἰσφέρεται,
3492 1457 3588 1526 καὶ
3621 1457 3845 1545 μακράν

2243 1580 2349 1617 που
2379 1563 2488 1618 τῶν
2524 1564 2839 1633 ἀναγκαίως
2873 1564 3221 1635 ζητουμένων
3255 1563 3546 1634 ἀποδημεῖ.
3583 1564 3844 1636 Παρελή-

2245 1655 2354 1726 φθη
2386 1657 2495 1728 γὰρ
2524 1659 2736 1726 μάρτυς
2764 1658 2792 1709 ό
2826 1650 2979 1724 ἅγιος
3013 1653 3343 1724 Βαπτιστὴς,
3380 1655 3480 1724 οὐχ
3517 1655 3606 1708 ἴνα
3634 1654 3711 1725 τῷ
3735 1653 3840 1724 τῆς

2243 1747 2553 1819 γεννήσεως
2597 1749 2806 1820 χρόνῳ,
2859 1749 2991 1801 ποτέ
3053 1749 3152 1818 μὲν
3199 1745 3588 1818 ὑστερίζοντα,
3623 1747 3752 1799 ποτὲ
3778 1747 3842 1799 δὲ

2244 1838 2312 1896 αὖ
2343 1842 2506 1895 πάλιν
2546 1839 2950 1912 προτερεύοντα
2975 1839 3123 1910 δείξῃ
3150 1838 3408 1909 Χριστὸν,
3443 1838 3559 1891 ἀλλ’
3593 1838 3669 1903 ὡς
3709 1855 3842 1892 συν-

540 1941 621 1979 va:
664 1928 1002 1990 narrationi,
1042 1933 1134 1980 aut
1175 1926 1450 1996 quomodo
1487 1937 1636 1983 recte
1665 1930 1815 1982 illam
1850 1931 2128 1999 interpre-

2238 1932 2568 2004 τεθεαμένος
2605 1951 2622 1983 ι
2655 1932 2755 2004 τὴν
2790 1933 2948 1998 δόξαν
2981 1930 3167 1998 αὑτοῦ,
3205 1929 3360 1996 δόξαν
3393 1930 3469 1994 ὡς
3489 1929 3840 1999 Μονογενοῦς

540 2021 752 2075 taberis
773 2059 786 2083 ,
818 2021 864 2074 si
907 2020 974 2073 ad
1008 2021 1276 2089 temporis
1311 2023 1550 2090 spatium
1577 2021 1786 2075 referas
1814 2021 1864 2075 id
1897 2022 2045 2091 quod
2076 2029 2131 2075 tu

540 2115 853 2178 quieslioue
888 2113 1142 2173 vertitur,
1180 2113 1477 2177 nimirum,
1519 2130 1538 2164 ι
1577 2113 1679 2178 Qui
1718 2124 1843 2183 post
1880 2130 1965 2167 me
1997 2129 2132 2167 ven-

542 2211 702 2257 turus
737 2213 850 2266 est,
878 2213 1007 2257 ante
1035 2221 1119 2257 me
1143 2203 1324 2258 factus
1352 2203 1476 2258 est?
1512 2221 1530 2255 ι
1566 2203 1802 2258 Utenim
1836 2203 2131 2261 Dominum

543 2301 668 2362 post
711 2293 1017 2362 Baptistatn
1087 2295 1277 2350 venire
1309 2311 1501 2352 omnes
1541 2295 1841 2362 fateantur,
1897 2313 2132 2368 pramer-

543 2388 641 2441 tim
673 2403 798 2442 cum
839 2389 1053 2442 ratione
1083 2389 1350 2459 temporis
1387 2405 1497 2460 quo
1522 2390 1857 2445 incarnatus
1899 2399 2015 2456 est,
2060 2392 2135 2446 sit

543 2477 640 2532 illo
682 2481 987 2545 posterior,
1035 2494 1275 2548 quonam
1310 2488 1474 2550 pacto
1499 2480 1665 2535 etiam
1693 2482 1849 2550 prior
1881 2481 1977 2536 illo
2001 2482 2132 2546 erit,

543 2579 792 2641 tempore
841 2571 1147 2626 nimirum?
1185 2570 1345 2627 Hunc
1402 2572 1553 2628 enim
1609 2587 1835 2628 sensum
1886 2587 1917 2625 a
1972 2573 2134 2629 nobis

543 2663 789 2718 vicissim
828 2665 1072 2735 postulat
1093 2664 1230 2720 ordo
1255 2665 1689 2735 praecedentium
1709 2675 1765 2720 et
1784 2666 2131 2720 consecutio.

541 2757 612 2809 At
647 2756 798 2811 istud
830 2757 950 2812 ﬁeri
1001 2773 1113 2812 non
1142 2773 1327 2828 posse,
1358 2770 1522 2811 nemo
1551 2756 1866 2821 dubitabit,
1913 2757 2132 2826 opinor.

539 2849 699 2917 Quod
734 2851 880 2905 enim
915 2860 1164 2921 tempore
1218 2851 1501 2921 posterius
1553 2857 1642 2906 est
1697 2850 1905 2920 aliquo,
1945 2849 2138 2919 utique

540 2945 695 3014 prius
720 2959 829 2999 non
852 2944 960 3000 erit
994 2959 1063 3000 eo
1098 2945 1249 3015 quod
1280 2943 1584 3000 antecedit.
1623 2941 1797 3014 Igitur
1827 2943 2133 2999 absurdum

540 3047 626 3093 est
684 3037 847 3108 plane
909 3046 966 3093 et
1011 3037 1362 3101 incredibile,
1410 3044 1668 3093 sanctum
1724 3035 2027 3105 Baptistam
2067 3034 2137 3089 de

541 3141 786 3198 tempore
835 3128 1244 3184 incarnationis
1306 3129 1555 3182 locutum
1598 3140 1723 3182 esse
1771 3141 1899 3181 cum
1955 3126 2131 3180 dixit:

544 3241 562 3273 ι
601 3221 707 3288 Qui
741 3230 868 3292 post
896 3236 982 3275 me
1013 3231 1285 3275 venturus
1316 3229 1441 3284 est,
1479 3229 1605 3274 ante
1630 3235 1716 3274 me
1752 3218 1932 3274 factus
1959 3227 2072 3286 est;
2111 3237 2129 3273 ι

539 3313 635 3367 sed
672 3310 740 3364 ad
781 3309 1124 3380 propositum
1170 3311 1332 3365 nobis
1365 3325 1598 3379 scopum
1632 3309 1767 3362 illud
1802 3310 1988 3379 potius
2043 3310 2129 3363 in-

538 3404 882 3474 telligentes,
919 3405 1021 3458 hoc
1049 3403 1214 3458 modo
1239 3403 1446 3458 dictum
1475 3417 1599 3458 esse
1629 3402 1946 3458 credemus.
1985 3403 2134 3460 Scite

545 3496 742 3552 beatus
791 3495 1039 3566 Baptista
1089 3510 1118 3549 a
1160 3495 1378 3565 vulgari
1425 3494 1685 3566 loquendi
1733 3496 2135 3553 consuetudine

541 3603 853 3644 sermonem
895 3587 1169 3642 transfert
1218 3586 1287 3642 ad
1321 3589 1666 3657 spiritualem
1722 3602 1907 3643 rerum
1949 3591 2133 3661 quali-

543 3687 746 3744 tatem,
777 3687 833 3735 et
859 3679 932 3734 ab
957 3680 1198 3750 imagine
1227 3694 1292 3734 ac
1325 3679 1689 3735 similitudine
1724 3695 1908 3735 rerum
1934 3681 2132 3737 huma-

543 3787 742 3826 narum
791 3772 858 3825 ad
915 3772 1342 3841 explicationem
1402 3772 1710 3828 subtilioris
1749 3789 1949 3830 sensus
2001 3791 2130 3846 pro—

543 3865 811 3934 greditur.
867 3865 1001 3919 Fere
1061 3866 1208 3919 euim
1271 3864 1328 3918 lit
1367 3874 1426 3918 ut
1481 3868 1574 3936 qui
1627 3865 1736 3921 dux
1793 3875 1878 3923 est
1929 3868 2130 3934 alicui,

545 3959 784 4012 nobilior
823 3958 894 4012 sit
937 3973 1005 4012 eo
1050 3960 1145 4028 qui
1195 3958 1473 4028 sequitur,
1512 3965 1566 4012 et
1615 3960 1822 4015 cedunt
1873 3959 2133 4038 discipuli

543 4050 863 4121 magistris;
914 4048 1383 4120 quemadmodum
1437 4049 1652 4121 peritus
1688 4048 1845 4113 faber
1897 4051 2134 4107 aerarius

543 4155 635 4199 aut
687 4145 1053 4206 architectus,
1106 4143 1340 4213 exempli
1381 4144 1578 4214 gratia,
1640 4144 1724 4198 vel
1791 4153 1969 4198 textor
2023 4143 2131 4200 dux

541 4247 628 4289 est
699 4233 1106 4303 quodammodo
1187 4243 1240 4287 et
1317 4243 1542 4305 prastat
1649 4235 1698 4290 ei
1764 4235 1861 4305 qui
1952 4251 2012 4291 se
2076 4236 2130 4291 in

544 4327 895 4394 disciplinain
969 4327 1090 4394 ejus
1161 4327 1296 4383 artis
1360 4327 1548 4392 dedit,
1597 4335 1652 4380 et
1705 4325 1772 4378 ad
1829 4326 2130 4395 perfectam

543 4419 666 4487 ejus
729 4419 981 4472 notitiam
1039 4420 1343 4474 contendit.
1421 4419 1528 4474 Sed
1599 4419 1645 4473 si
1707 4419 1959 4488 magistri
2037 4433 2124 4490 pe-

548 4513 733 4565 ritiam
783 4513 1130 4581 superaverit
1188 4514 1288 4568 istc
1362 4513 1673 4580 discipulus
1730 4518 1785 4564 et
1838 4511 2000 4582 longo
2047 4513 2134 4566 in-

2236 2026 2390 2094 rcap'z
2448 2025 2682 2094 Πατρὸς,
2756 2024 2969 2094 πλήρης
3027 2024 3254 2095 χάριτος
3323 2023 3418 2076 καὶ
3474 2021 3754 2092 ἀληθείας.
3811 2038 3836 2076 ι

2236 2119 2397 2171 Ποῖον
2425 2112 2521 2170 οῦν
2561 2117 2626 2170 ἂν
2657 2133 2742 2180 τις
2771 2115 3082 2187 ἐφαρμόσαι
3121 2114 3279 2185 λόγον
3317 2117 3430 2178 τοῖς
3461 2115 3636 2178 οὕτως
3672 2115 3841 2168 ἀκαί-

2240 2227 2349 2282 ρως
2381 2209 2728 2279 είσσεσηκόσι
2773 2208 3146 2279 διηγήμασιν;
3202 2206 3236 2277 ἦ
3290 2206 3404 2271 πῶς
3469 2206 3534 2260 ἄν
3564 2223 3646 2270 τις
3700 2208 3840 2278 ἡμῖν

2237 2301 2567 2373 ἐρμηνεύσοι
2613 2299 2827 2368 σοφῶς,
2874 2301 2976 2361 εἰς’
3001 2298 3279 2369 ποσότητα
3322 2299 3518 2370 χρόνου
3558 2297 3739 2351 λαϐὼν
3773 2299 3839 2354 τὸ

2236 2394 2588 2466 ζητούμενον,
2621 2391 2766 2446 τοῦτ’
2807 2392 2957 2445 ἐστιν
2983 2434 2996 2457 ,
3038 2411 3056 2444 ι
3100 2391 3159 2444 '0
3193 2391 3368 2445 όπίσω
3399 2409 3500 2462 μου
3537 2391 3839 2462 ἐρχόμενος

2236 2485 2549 2557 ἔμπροσθέν
2590 2502 2692 2556 μου
2719 2484 2911 2554 γέγονε
2942 2502 2956 2544 ;
2996 2503 3013 2535 ι
3049 2482 3269 2539 Κείσθω
3305 2483 3416 2552 γὰρ
3458 2483 3544 2554 δὴ,
3579 2485 3673 2538 καὶ
3704 2487 3836 2556 όμο-

2234 2578 2604 2649 λογουμένως,
2628 2577 2690 2631 τὸ
2723 2577 2950 2631 κατόπιν
2978 2575 3234 2647 ἔρχεσθαι
3269 2575 3365 2628 τοῦ
3398 2574 3705 2630 Βαπτιστοῦ
3741 2577 3836 2630 τὸν

2235 2673 2464 2747 Κύριον,
2524 2671 2618 2726 am
2663 2669 2730 2741 δὴ
2775 2672 3036 2739 γεγονότα
3084 2667 3163 2740 τῷ
3200 2665 3380 2740 χρόνῳ
3431 2667 3510 2739 τῷ
3562 2669 3701 2723 κατὰ
3733 2671 3838 2740 τὴν

2238 2767 2418 2837 σάρκα
2457 2765 2745 2836 δεύτερονο
2790 2761 2932 2816 κατὰ
2967 2756 3091 2814 τίνα
3131 2748 3476 2832 τρόπονκαὶ
3522 2761 3836 2833 ἔμπροσθεν

2236 2853 2406 2912 αὐτοῦ
2432 2857 2746 2928 γενήσεται,
2796 2853 2939 2909 κατὰ
2993 2852 3184 2924 χρόνον
3221 2853 3278 2906 δὲ
3324 2837 3609 2924 δηλονότι;
3655 2853 3837 2907 Καλεῖ

2235 2949 2347 3021 γὰρ
2385 2949 2464 3013 είς
2492 2946 2683 3001 τοῦτον
2723 2948 2872 3018 ημᾶς
2920 2944 3013 3000 τὸν
3057 2945 3184 2999 νοῦν
3232 2945 3265 3017 ἡ
3313 2945 3836 3020 τοῖςπρολασοῦσιν

2237 3040 2518 3109 ἀναλόγως
2551 3033 2877 3110 ὀφειλομένη
2904 3036 3060 3104 τάξις
3109 3053 3166 3091 τε
3206 3038 3302 3092 καὶ
3331 3023 3639 3093 ἀκολουθία.
3688 3027 3834 3091 Ἀλλ’

2237 3129 2391 3203 οἶμαι
2429 3129 2588 3184 τοῦτο
2637 3129 2803 3184 παντί
2857 3147 2934 3201 τῳ
2976 3128 3232 3198 γενέσθαι
3281 3129 3452 3198 σαφὲς
3476 3170 3490 3194 ,
3531 3127 3606 3192 ὡς
3634 3123 3730 3185 οὐκ
3766 3123 3836 3188 ἃν

2238 3225 2324 3296 είη
2356 3221 2466 3278 τῶν
2494 3222 2880 3292 ἐνδεχομένων.
2925 3221 2999 3274 Τὸ
3040 3222 3150 3294 γὰρ
3183 3220 3466 3293 ὑστερίζον
3500 3220 3642 3286 τινὸς
3689 3221 3834 3278 κατὰ

2234 3317 2327 3370 τὸν
2351 3316 2562 3388 χρόνον,
2584 3317 2685 3368 ούκ
2711 3314 2776 3368 ἄν
2801 3330 2932 3366 ποτε
2956 3311 3162 3382 φθάσαι
3194 3314 3253 3367 τὸ
3275 3313 3407 3384 ὴγού
3417 3331 3596 3384 μενον.
3620 3312 3835 3369 Οὐκοῦν

2236 3410 2450 3480 ἀμαθὲς
2474 3408 2695 3479 κομιδῇ,
2727 3409 2820 3461 καὶ
2851 3406 3134 3470 παντελῶς
3164 3406 3450 3473 ἀπίθανον,
3478 3408 3606 3478 περὶ
3633 3408 3834 3479 χρόνου

2236 3498 2330 3553 τοῦ
2364 3497 2507 3551 κατὰ
2544 3495 2644 3567 τὴν
2707 3495 2886 3565 σάρκα
2932 3496 3023 3549 τὸν
3074 3497 3229 3565 ἅγιον
3272 3498 3447 3549 εἰπεῖν
3483 3497 3688 3551 οἴεσθαι
3722 3498 3830 3552 Βα-

2237 3589 2492 3659 πτιστήν·
2531 3607 2549 3639 ‹
2599 3589 2658 3642 Ὀ
2689 3589 2863 3640 ὀπίσω
2889 3605 2992 3658 μου
3029 3578 3342 3660 ἐρχόμενος,
3373 3588 3682 3659 ἔμπροσθέν
3723 3608 3829 3662 μου

2236 3681 2464 3749 γέγονεν
2487 3696 2499 3710 ·
2535 3697 2552 3730 ι
2592 3679 2901 3743 ἀκολούθως
2924 3679 2978 3733 δὲ
3014 3674 3214 3750 μᾶλλον
3245 3679 3320 3752 τῷ
3355 3681 3487 3751 ἡμῖν
3515 3681 3834 3751 προτεθέντι

2238 3771 2428 3843 σκοπῷ
2455 3773 2702 3838 νοοῦντες
2745 3773 2898 3838 αὐτὸ,
2931 3773 3154 3835 τοιῶσδέ
3184 3791 3300 3836 πως
3332 3773 3586 3845 εἰρῆσθαι
3616 3770 3833 3828 πιστεύο

2239 3871 2433 3945 σομεν.
2471 3865 2784 3937 Χαριέντως
2823 3867 2851 3918 ό
2903 3866 3174 3944 μακάριος
3224 3866 3536 3938 Βαπτιστὴς
3582 3868 3693 3920 ἀπὸ
3734 3864 3831 3920 τοῦ

2237 3953 2378 4008 κατὰ
2412 3955 2706 4025 συνήθειαν
2754 3958 3034 4026 σχήματος
3079 3954 3342 4026 ἀναφέρει
3383 3957 3477 4008 τὸν
3518 3956 3706 4024 λόγον,
3736 3953 3832 4010 ἐπὶ

2237 4047 2500 4118 ποιότητα
2547 4047 2891 4119 πραγμάτων
2929 4045 3309 4118 πνευματικὴν
3329 4087 3343 4111 ,
3376 4047 3469 4100 καὶ
3503 4046 3693 4117 ὥσπερ
3721 4045 3830 4100 άπό

2237 4151 2381 4204 τινος
2417 4138 2624 4200 εἰκόνος
2667 4139 2778 4191 τῶν
2808 4137 2931 4190 καθ’
2987 4138 3136 4208 ἡμᾶς
3183 4139 3262 4202 είς
3307 4137 3568 4209 ἐξήγησιν
3611 4137 3831 4207 ἔρχεται

2236 4232 2528 4304 νοημάτων
2547 4230 2946 4301 λεπτομερεπέ
2956 4247 3081 4299 ρων.
3108 4228 3257 4282 Φιλεϊ
3275 4228 3374 4299 μὲν
3402 4229 3510 4298 γάρ
3528 4245 3644 4289 πως
3663 4228 3749 4280 ἀεὶ
3771 4227 3832 4279 τὸ

2236 4325 2487 4397 ἡγεῖσθαι
2520 4320 2786 4392 πεφυκὸς,
2815 4321 2926 4375 τῶν
2949 4321 3182 4374 ἕπεσθαι
3223 4319 3535 4390 λεγομένων
3561 4319 3832 4388 ὑπάρχειν

2235 4410 2632 4482 ἐπιδοξότερον,
2669 4413 2994 4480 παραχωρεῖ
3023 4408 3079 4461 δὲ
3109 4411 3220 4472 τοῖς
3254 4408 3582 4478 ἡγουμένοις
3613 4407 3681 4460 τὰ
3709 4405 3832 4460 ἐπό-

2239 4518 2420 4572 μεναο
2469 4500 2582 4554 οἷον
2631 4503 2662 4554 ό
2717 4499 3081 4571 χαλκευτικὴν
3135 4498 3452 4570 ἀκριϐώσας
3506 4499 3742 4571 τέχνην,

547 4605 776 4659 tervallo
828 4614 950 4674 post
1015 4621 1074 4660 se
1133 4606 1454 4676 reliquerit,
1513 4619 1621 4656 non
1681 4600 1892 4657 insulse
1939 4581 2132 4657 dictu-

2238 4593 2558 4664 τεκτονικὴν
2595 4592 2776 4664 τυχόν,
2808 4591 2842 4662 ἢ
2880 4589 3200 4662 ὑφαντικὴν,
3239 4590 3452 4660 ἡγεῖταί
3479 4607 3620 4655 πως,
3645 4591 3740 4655 καὶ
3766 4581 3830 4644 τὸ

548 4713 668 4752 rum
733 4699 930 4767 opinor
967 4714 1092 4753 eum
1141 4703 1235 4767 qui
1285 4712 1314 4750 a
1356 4695 1632 4763 discipulo
1681 4693 1848 4748 fuerit
1901 4709 2132 4764 supera-

547 4801 638 4847 tus
683 4809 694 4843 :
737 4809 756 4842 ι
791 4790 896 4857 Qui
953 4801 1076 4861 post
1124 4806 1212 4844 me
1247 4790 1435 4854 venit,
1469 4795 1598 4840 ante
1633 4802 1718 4840 me
1748 4786 1929 4842 factus
1971 4798 2081 4841 est.
2110 4808 2128 4840 ι

546 4885 626 4938 Ad
649 4884 786 4938 hanc
807 4886 972 4954 igitur
991 4883 1225 4937 fortnam
1242 4881 1286 4936 si
1308 4880 1416 4932 vim
1432 4887 1486 4933 et
1503 4879 1774 4932 rationem
1801 4879 1952 4934 illius
1971 4878 2132 4947 dicti,

546 4988 655 5030 tam
693 4977 759 5032 de
786 4977 1072 5031 Salvatore
1116 4979 1313 5026 nostro
1357 4971 1582 5024 Christo
1615 4983 1778 5040 quam
1835 4971 1900 5024 de
1939 4979 2133 5026 sancto

547 5071 825 5140 Baptista.
851 5068 1160 5123 transferas
1183 5103 1195 5126 ,
1245 5072 1396 5118 recte
1431 5075 1551 5116 mea
1602 5063 1822 5132 quidem
1857 5065 2132 5118 sententia

545 5162 817 5232 intelliges
852 5181 865 5214 :
898 5157 993 5213 sed
1023 5157 1094 5211 ab
1128 5155 1290 5209 initio
1334 5153 1572 5222 accipito
1603 5153 1840 5223 singula.
1879 5153 2132 5208 Admira-

545 5256 685 5310 tioni
736 5263 853 5309 erat
916 5249 1060 5320 apud
1097 5261 1292 5303 omnes
1317 5246 1589 5316 Baptista,
1627 5247 1832 5301 multos
1891 5247 2134 5318 undique

545 5352 648 5406 sibi
695 5346 1008 5414 discipulos
1067 5341 1400 5412 collegerat,
1456 5358 1651 5411 magna
1689 5341 1847 5397 turba
1907 5343 2133 5397 venien-

545 5443 683 5494 tium
734 5436 801 5491 ad
838 5436 1171 5503 haptisnutm
1203 5435 1268 5487 ad
1305 5449 1429 5488 eum
1480 5434 1791 5489 conﬂuebat
1828 5453 1840 5486 :
1874 5434 2130 5489 Christus

543 5541 730 5590 autem
766 5528 1144 5592 ignorabatur,
1174 5528 1429 5597 quamvis
1459 5535 1607 5582 esset
1651 5543 1718 5581 eo
1751 5527 2129 5595 prttStantior,

543 5624 691 5680 Deus
727 5637 888 5675 verus
940 5620 1292 5674 nesciebatur
1335 5635 1508 5686 esse;
1571 5633 1812 5688 cumque
1863 5619 2055 5672 lateret
2084 5619 2130 5672 is

544 5718 638 5790 qui
669 5715 926 5784 Baptistae
958 5721 1078 5767 erat
1115 5714 1503 5777 admirationi,
1561 5728 1626 5768 eo
1665 5724 1889 5782 quoque
1941 5720 2130 5779 poste~

553 5811 662 5863 rior
693 5823 816 5862 esse
867 5806 1278 5878 quodammodo
1318 5805 1634 5870 videbatur;
1677 5805 1788 5858 ibat
1847 5803 2131 5870 aliquanto

545 5914 667 5978 post
691 5905 839 5960 illum
872 5903 963 5975 qui
1007 5903 1215 5957 honore
1259 5910 1312 5954 et
1355 5900 1527 5966 gloria
1561 5899 1706 5954 inter
1741 5896 1995 5952 homines
2017 5910 2121 5955 ma.

2235 4687 2462 4757 ἄμεινον
2497 4685 2608 4756 ἔχει
2632 4684 2726 4738 τοῦ
2751 4684 2895 4738 κατὰ
2918 4683 3218 4754 μαθητείαν
3253 4683 3351 4734 ἐπε
3363 4682 3482 4735 σθαι
3510 4683 3828 4752 νοουμένου,

2236 4777 2330 4831 καὶ⁵
2365 4779 2443 4841 εἰς
2475 4777 2535 4829 τὸ
2576 4775 2799 4837 τελείως
2849 4775 3048 4827 εἰδέναι
3095 4773 3400 4844 βαδίζοντος
3426 4789 3439 4804 ·
3488 4771 3603 4826 ἀλλ’
3637 4775 3768 4834 ὅταν
3799 4774 3829 4826 ό

2233 4868 2476 4932 τοιοῦτος
2507 4870 2606 4939 τὴν
2645 4867 2740 4920 τοῦ
2769 4867 3115 4928 διδάσκοντος
3147 4864 3562 4936 ὑπεραναόαίνῃ
3603 4865 3826 4936 τέχνην,

2233 4963 2328 5016 καὶ
2386 4960 2620 5014 κατόπιν
2670 4959 2839 5024 ἐάσας
2893 4960 3065 5029 αὐτὴν
3117 4956 3417 5040 ἐργάζηται
3464 4957 3525 5009 τὸ
3577 4956 3825 5030 ἄμεινον,

2233 5055 2336 5106 οὐκ
2385 5051 2650 5123 ἀκόμψως
2704 5052 2852 5122 ἐρεῖν
2915 5051 3008 5103 τον
3053 5047 3409 5120 νενικημένον
3455 5046 3830 5121 ὑπολαμϐάνω

2234 5145 2364 5217 περ)⁵
2418 5144 2514 5198 τοῦ
2567 5144 2894 5214 νικήσαντος
2948 5139 3231 5214 μαθητοῦ·
3287 5160 3305 5192 ι
3371 5142 3429 5194 '0
3485 5140 3662 5201 ὀπίσω
3722 5158 3827 5211 μου

2233 5239 2564 5312 ἐρχόμενος,
2621 5235 2935 5309 ἔμπροσθέν
2986 5243 3088 5306 μου
3134 5234 3346 5304 γέγονε.
3390 5255 3408 5285 ι
3459 5233 3616 5287 Κατὰ
3668 5233 3829 5294 τοῦτο

2231 5332 2413 5385 τοίνυν
2449 5328 2832 5402 μετακομίζων
2866 5327 2927 5381 τὸ
2971 5327 3157 5399 σχῆμα
3190 5327 3288 5397 τὴν
3326 5325 3422 5380 τοῦ
3464 5325 3828 5402 θεωρήματος

2232 5425 2463 5495 δύναμιν
2495 5425 2585 5477 ἐπί
2615 5435 2674 5476 τε
2703 5421 2797 5475 τοῦ
2847 5405 3100 5493 Σωτῆρος
3155 5419 3315 5490 ἡμῶν
3340 5418 3580 5492 Χριστοῦ
3608 5413 3704 5473 καὶ
3730 5411 3828 5484 τοῦ

2231 5519 2390 5586 ἁγίου
2425 5515 2733 5570 Βαπτιστοῦ
2762 5556 2776 5582 ,
2813 5517 3026 5588 νοήσεις
3063 5512 3237 5586 ὀρθῶς
3259 5531 3271 5543 ·
3322 5513 3478 5582 δέχου
3507 5504 3564 5570 δὲ
3601 5511 3673 5576 τὰ
3701 5510 3828 5575 καθ’

2232 5612 2464 5664 ἕκαστον
2499 5609 2560 5674 ἐξ
2591 5611 2787 5680 ἀρχῆς.
2828 5607 3203 5679 Ἐθαυμάζετο
3242 5607 3393 5680 παρὰ
3422 5601 3642 5670 πάντων
3670 5607 3698 5658 ό
3721 5604 3830 5669 Βα-

2232 5704 2484 5773 πτιστὴς,
2521 5703 2749 5765 πολλοὺς
2783 5702 2958 5754 ἐποίει
3003 5704 3130 5764 τοὺς
3170 5699 3440 5770 μαθητὰς,
3478 5692 3634 5768 ὄχλος
3661 5696 3828 5751 αὑτὸν

2233 5796 2480 5868 περιέθει
2498 5799 2607 5850 τῶν
2637 5795 3048 5868 βαπτιζομένων
3077 5794 3267 5856 πολύς·
3301 5794 3550 5865 ἠγνοεῖτο
3569 5791 3628 5854 δὲ
3649 5790 3829 5845 καίτοι

2233 5890 2502 5971 κρείττων
2536 5891 2611 5944 ὢν
2645 5893 2672 5942 ό
2699 5890 2954 5961 Χριστος,
3003 5888 3318 5954 ἐλάνθανεν,
3365 5887 3446 5940 ὅτι
3469 5885 3602 5950 Θεὸς
3644 5883 3829 5966 ὐπῆρτ
