4106 6494
329 369 438 424 ιϋο

1381 365 1447 419 l.\'
1486 361 1779 419 JOANNIS
1819 360 2276 421 EVANGELIUM
2327 364 2459 425 LIB.
2493 367 2535 422 1.

3551 355 3656 409 170

323 497 428 551 χεν
462 478 719 550 ἀληθινός
749 497 764 509 ·
802 481 995 552 ἐπειδὴ
1050 481 1107 534 δὲ
1170 481 1420 549 ἠγνοεῖτο
1454 478 1514 532 τὸ
1538 475 1949 548 θαυμαζόμενον

2056 476 2146 545 jor
2175 478 2480 532 etiamnum
2511 489 2631 534 erat
2658 499 2668 532 ε
2701 479 2797 534 sed
2832 480 2925 549 qui
2947 494 3089 549 pone
3115 475 3450 548 sequebatur
3473 472 3656 528 factus

319 571 425 624 τοῦ
470 572 784 626 Βαπτιστοῦ
811 613 826 638 ,
865 572 1040 628 ἐδόκει
1084 589 1205 636 πως
1254 573 1351 626 καὶ
1395 570 1706 643 ὑστερίζειν
1737 566 1946 632 αὐτοῦ’

319 664 587 730 ἐϐάδιζεν
621 664 800 718 ὀπίσω
854 664 1030 736 βραχὺ
1078 665 1141 718 τὸ
1189 664 1378 734 μεῖζον
1425 663 1643 734 ἔχοντος
1687 661 1768 715 ἔτι
1809 659 1952 715 κατὰ

317 757 504 828 τιμὴν
534 758 632 810 καὶ
671 755 836 822 δόξαν
879 757 980 827 τὴν
1031 757 1088 809 ὲν
1139 755 1452 827 ἀνθρώποις
1498 754 1747 809 ἐκείνου·
1780 754 1897 809 ἀλλ’
1923 756 1951 808 ὀ

321 849 636 920 ἐρχόμενος
665 849 847 901 ὀπίσω
878 848 1104 917 γέγονεν
1135 847 1470 919 ἔμπροσθεν,
1520 846 1726 918 μείζων
1765 847 1951 900 Ἰωάν-

315 958 446 1004 νου,
478 940 582 993 καὶ
616 940 888 1012 κρείττων
921 939 1408 1011 ἀναδεικνύμενος.
1469 939 1528 992 Ὀ
1577 940 1678 1010 μὲν
1706 937 1817 1011 γὰρ
1845 937 1950 1011 ῆδη

315 1031 467 1095 Θεὸς
503 1030 796 1102 ὑπάρχων,
843 1030 936 1084 διὰ
969 1031 1079 1084 τῶν
1125 1030 1306 1102 ἔργων
1363 1030 1808 1084 ἀπεκαλύπτετοσ
1838 1034 1867 1085 ὁ
1894 1030 1952 1084 δὲ

326 1122 434 1192 τῆς
465 1119 904 1192 ἀνθρωπότητος
929 1121 1030 1176 οὐκ
1065 1121 1380 1176 ἀναϐαίνων
1407 1121 1470 1175 τὸ
1509 1121 1733 1193 μέτρον,
1771 1121 1950 1175 ὀπίσω

324 1213 522 1267 λοιπὸν
565 1213 664 1266 καὶ
709 1211 952 1281 γεγονὼς
985 1213 1327 1284 εὑρίσκεται.
1360 1213 1575 1267 Οὐκοῦν
1602 1215 1949 1284 αἰνιγματω-

323 1308 439 1372 δῶς
469 1308 500 1360 ὀ
533 1307 812 1378 μακάριος
844 1307 1052 1377 ἔφασκε
1082 1308 1401 1380 Βαπτιστής
1425 1325 1438 1339 ’
1475 1327 1493 1358 ι
1544 1308 1603 1362 ’0
1631 1309 1810 1362 ὀπίσω
1848 1325 1949 1379 μου

321 1401 662 1473 ἐρχόμενος,
713 1400 1033 1472 ἔμπροσθέν
1079 1417 1183 1472 μου
1219 1401 1485 1470 γέγονεν,
1531 1421 1550 1452 ι
1589 1401 1710 1455 ἀντὶ
1732 1401 1852 1464 τοῦ,
1893 1401 1950 1453 Ὀ

319 1497 470 1549 ποτὲ
501 1495 736 1549 κατόπιν
765 1496 871 1564 τῆς
893 1497 1035 1567 ὲμῆς
1059 1496 1323 1568 ὑπάρχων
1352 1498 1540 1568 τιμῆς,
1571 1495 1950 1566 ἐπιδοξότερος

319 1589 522 1660 ὤφθη,
570 1589 666 1643 καὶ
712 1590 1074 1660 ἀσυγκρίτοις
1109 1590 1412 1660 ὑπεροχαῖς
1452 1590 1516 1643 τὸ
1565 1590 1690 1660 ἐμοὶ
1733 1589 1949 1659 πρέπον

316 1697 388 1733 τε
423 1681 525 1734 καὶ⁵
565 1680 768 1751 προσὸν
829 1680 1228 1753 ὑπερεκτρέχει
1264 1683 1483 1753 μέτρον.
1517 1680 1676 1734 Οῦτω
1702 1679 1952 1743 νοοῦντες

317 1773 386 1826 τὸ
435 1773 757 1844 είρημένον,
815 1771 1074 1845 μάρτυρα
1127 1775 1229 1846 τῆς
1271 1773 1432 1846 δόξης
1471 1773 1567 1828 τοῦ
1604 1773 1951 1842 Μονογενοῦς

2053 577 2139 623 est
2167 567 2382 624 Joanne
2413 570 2611 640 major.
2642 570 2735 626 Ille
2761 571 2916 643 99“
2938 572 3088 627 enim
3110 569 3462 626 divinitatem
3495 581 3654 622 suam

2054 662 2323 732 operibus
2354 663 2637 732 probavit,
2670 663 2760 719 hic
2799 665 2940 719 ultra
2973 662 3345 719 humanitatis
3375 659 3656 717 conditio-

2054 770 2178 809 nem
2213 769 2324 809 non
2351 764 2602 818 evectus,
2638 765 2959 826 postremus
3008 771 3134 812 esse
3170 770 3395 826 quoque
3439 755 3657 823 reperi-

2052 854 2168 900 tur.
2233 849 2422 916 Itaque
2477 848 2831 918 :enigmatice
2891 849 3092 904 beatus
3148 848 3395 919 Baptista
3470 846 3653 901 dixit:
3744 902 3756 915 ι

2059 957 2078 990 ι
2118 938 2224 1005 Qui
2258 951 2385 1010 post
2416 956 2503 995 me
2540 950 2809 998 venturus
2836 949 2943 1006 est,
2969 950 3101 998 ante
3141 957 3230 997 me
3269 943 3448 998 l'actus
3470 947 3590 1005 est;
3629 959 3648 991 ι

2051 1033 2217 1102 quasi
2248 1033 2501 1088 diceret:
2535 1035 2640 1100 Qui
2684 1035 2819 1089 mihi
2859 1036 3071 1092 honore
3109 1034 3347 1092 inferior
3388 1043 3533 1099 erat,
3570 1035 3654 1088 vi-

2053 1137 2150 1178 sus
2199 1132 2288 1177 est
2344 1125 2644 1190 illustrior,
2715 1137 2769 1180 et
2833 1127 3264 1197 incomparabili
3320 1127 3652 1183 excellentia

2053 1214 2434 1271 conditionem
2486 1232 2664 1272 meam
2723 1220 3027 1275 antecellit.
3067 1220 3122 1274 Si
3160 1219 3370 1274 dictum
3415 1234 3654 1290 evange-

2053 1305 2199 1360 lista:
2241 1307 2344 1362 hoc
2376 1309 2544 1364 modo
2578 1310 2991 1382 intelligamus,
3035 1319 3234 1367 testem
3293 1313 3482 1383 gloriae
3526 1311 3655 1366 Uni-

2054 1399 2225 1468 geniti
2268 1401 2450 1471 ipsum
2508 1405 2950 1474 coniperiemus,
2995 1421 3099 1460 nec
3146 1406 3396 1460 inanium
3462 1420 3649 1459 rerum

2055 1489 2510 1560 intempestivum
2537 1492 2919 1564 interpretem.
2950 1493 3143 1550 Dicere
3169 1495 3318 1550 enim
3365 1495 3652 1551 Christum

2056 1598 2116 1639 se
2165 1583 2428 1654 majorem
2478 1601 2624 1649 esse,
2681 1601 2808 1640 cum
2863 1603 3120 1657 magnam
3171 1589 3276 1644 sibi
3334 1590 3654 1644 sanctitatis

2054 1674 2376 1743 opinionem
2427 1677 2826 1741 conciliasset,
2877 1678 3012 1748 quid
3070 1680 3220 1733 aliud
3274 1689 3362 1735 est
3425 1679 3653 1735 demum

2054 1779 2223 1834 quam
2264 1766 2522 1821 eximiam
2560 1775 2618 1822 et
2650 1768 2988 1839 singularem
3017 1772 3066 1825 ei
3097 1770 3332 1841 gloriam
3369 1771 3656 1826 tribuere?

318 1866 647 1937 εὑρήσομεν
675 1864 864 1930 αὑτὸν,
893 1865 988 1918 καὶ
1015 1865 1118 1918 οὐκ
1145 1864 1372 1918 είκαίων
1408 1864 1756 1937 πραγμάτων
1789 1865 1944 1920 ἄκαι-

2051 1854 2352 1927 Postquam
2379 1858 2524 1912 enim
2553 1857 2728 1926 dixit,
2759 1877 2778 1911 ι
2813 1859 2917 1926 Qui
2946 1871 3071 1931 post
3102 1876 3188 1915 me
3230 1871 3502 1917 venturus
3541 1870 3652 1927 est,

320 1974 424 2028 ρον
458 1957 765 2027 ἐξηγητὴν.
817 1955 895 2008 Τὸ
946 1956 1057 2027 γὰρ
1112 1956 1340 2026 μείζονα
1387 1956 1570 2024 λέγειν
1619 1956 1816 2010 ἑαυτοῦ
1850 1954 1944 2008 τὸν

325 2049 600 2119 Χριστὸν,
643 2045 896 2118 μεγάλην
944 2045 1164 2117 ἔχοντος
1202 2048 1296 2100 επὶ
1339 2047 1588 2118 ἁγιότητι
1616 2047 1718 2118 τὴν
1743 2046 1946 2117 ὑπόλη-

325 2141 445 2212 ψιν,
468 2141 521 2194 τί
549 2140 616 2192 ἂν
648 2139 843 2211 ἕτερον
874 2140 964 2211 εἴη
995 2139 1208 2204 λοιπὸν,
1245 2139 1278 2211 ἢ
1302 2138 1463 2205 δόξαν
1491 2138 1644 2210 αὐτῷ
1673 2136 1771 2210 τήν
1805 2138 1944 2206 ἐξαί-

320 2250 488 2306 ρετον
513 2233 954 2304 ὲπιμαρτυρεῖν;
977 2231 1125 2295 Ὅτι,
1157 2250 1176 2282 ι
1211 2231 1270 2286 '0
1294 2233 1469 2287 ὀπίσω
1502 2249 1604 2303 μου
1624 2231 1942 2302 ἐρχόμενος,

314 2322 648 2396 ἔμπροσθέν
698 2339 804 2393 μου
838 2321 1090 2391 γέγονεν,
1136 2341 1156 2374 ο
1205 2320 1410 2388 εἰπὼν,
1449 2320 1768 2390 ἀναγκαίως
1819 2322 1947 2375 επι-

317 2420 488 2489 φέρει
510 2417 596 2481 τὸ.
624 2435 644 2469 α
680 2417 808 2471 Ὀτι
835 2415 1058 2488 πρῶτός
1087 2433 1192 2488 μου
1221 2411 1313 2488 ἦν,
1346 2435 1365 2469 ι
1396 2418 1782 2489 πρεσϐυτάτην
1797 2417 1950 2488 αὐτῷ
1971 2409 1998 2447 ‘

311 2514 423 2584 τὴν
453 2512 619 2579 δόξαν
653 2510 941 2576 ἀνατιθεὶς
961 2551 979 2577 ,
1017 2512 1114 2566 καὶ
1158 2510 1222 2564 τὸ
1253 2510 1516 2582 προῦχειν
1548 2510 1809 2564 ἁπάντων
1846 2511 1949 2564 οὐκ

313 2611 378 2660 ἑν
408 2606 601 2677 χρόνῳ
648 2603 1060 2677 προσγεγονὸς,
1109 2602 1228 2657 ἀλλ’
1258 2604 1566 2675 ἐνυπάρχον
1604 2603 1836 2667 ἄνωθεν,
1872 2604 1950 2668 ὠς

309 2698 445 2770 Θεῷ
472 2699 620 2752 κατὰ
645 2697 837 2767 φύσιν,
869 2691 1487 2767 διαϐεϐαιούμενος.Ἦν
1506 2695 1615 2769 γάρ
1645 2712 1749 2766 μου
1783 2696 1941 2769 πρῶ-

315 2807 434 2854 τος,
465 2789 661 2860 φησιν,
697 2787 822 2843 ἀντὶ¹
873 2786 995 2855 τοῦ,
1034 2787 1123 2841 ἀεὶ
1169 2789 1266 2841 καὶ
1311 2787 1400 2840 διὰ
1449 2787 1654 2852 παντὸς
1695 2789 1940 2862 ἀμείνων

323 2884 423 2937 καὶ
455 2881 843 2952 ἐπιδοξότερος
867 2896 883 2913 ο
918 2879 1010 2935 διὰ
1033 2880 1093 2934 δὲ
1121 2881 1222 2951 τῆς
1257 2881 1397 2953 πρὸς
1426 2881 1525 2935 ἕνα
1548 2881 1662 2936 τῶν
1689 2881 1940 2953 γενητῶν

317 2975 705 3046 συγκρίσεως,
768 2972 803 3042 ὴ
858 2970 1000 3025 κατά
1038 2970 1260 3026 πάντων
1295 2971 1480 3043 ψῆφος
1511 2971 1592 3044 τῷ
1625 2972 1768 3047 ὑπὲρ
1797 2973 1939 3028 πάν-

2049 1960 2177 2006 ante
2209 1966 2297 2006 me
2341 1949 2521 2007 factus
2543 1960 2651 2019 est,
2687 1971 2706 2004 ι
2754 1954 3072 2009 necessario
3101 1953 3421 2022 subjungit,
3465 1973 3484 2006 ι
3518 1953 3652 2024 quia

2050 2043 2204 2110 prior
2249 2056 2337 2097 me
2377 2051 2521 2108 erat,
2567 2063 2586 2094 ι
2629 2043 3080 2115 antiquissimam
3112 2045 3159 2098 ei
3194 2045 3428 2114 gloriam
3475 2043 3653 2100 ascri-

2049 2135 2209 2201 bens,
2248 2143 2303 2191 et
2346 2136 2726 2206 praestantiam
2771 2151 2941 2207 supra
2989 2151 3081 2192 res
3125 2151 3322 2194 omnes
3362 2152 3472 2192 non
3513 2145 3652 2192 tem-

2050 2231 2352 2302 porariam,
2400 2230 2497 2286 sed
2547 2236 2788 2299 superbe
2827 2230 3283 2295 inexsistentcm,
3316 2238 3376 2284 ut
3413 2229 3527 2285 Deo
3559 2245 3652 2286 se-

2047 2322 2294 2378 cundum
2318 2331 2577 2379 naturam
2607 2323 2972 2380 conﬁrmans.
3001 2323 3136 2378 Erat
3165 2323 3313 2378 enim
3359 2323 3514 2395 prior
3541 2339 3650 2389 me,

2046 2417 2253 2487 inquit,
2283 2415 2338 2471 id
2367 2424 2477 2480 est,
2504 2430 2746 2487 semper,
2765 2425 2822 2472 et
2856 2426 3136 2488 perpetuo
3167 2417 3370 2486 major,
3417 2424 3474 2471 et
3509 2433 3652 2487 prae-

2047 2510 2316 2565 stantior.
2357 2507 2526 2566 Facta
2563 2519 2750 2566 autem
2781 2511 2907 2580 ejus
2951 2525 3078 2566 cum
3117 2525 3225 2565 una
3262 2528 3328 2566 ex
3369 2513 3652 2567 creaturis

2046 2601 2507 2672 comparatione,
2567 2618 2893 2674 supremum
2953 2603 3206 2658 omnium
3277 2603 3448 2659 Deum
3522 2620 3650 2659 cum

2046 2694 2313 2749 omnibus
2343 2704 2738 2765 comparatum
2771 2697 3040 2767 intellige.
3078 2696 3198 2752 Non
3242 2698 3390 2752 enim
3436 2713 3505 2753 ex
3545 2697 3655 2753 hoc

2048 2789 2171 2843 solo
2213 2787 2688 2859 magniﬁcentiam
2739 2798 2795 2844 et
2821 2789 3208 2846 admirandam
3245 2790 3340 2847 Dei
3383 2791 3646 2860 majesta-

2047 2891 2158 2938 tem
2205 2895 2612 2952 agnoscemus,
2663 2881 2813 2952 quod
2862 2880 3136 2939 Joannem
3173 2885 3355 2954 gloria
3394 2893 3646 2954 superet,

2049 2975 2146 3030 sed
2183 2974 2332 3044 quod
2389 2988 2612 3028 omnem
2654 2985 2905 3028 creatam
2961 2975 3338 3030 substantiam
3391 2975 3650 3032 excedat.

307 3085 417 3132 τας
449 3067 777 3137 συνάγεται.
805 3066 883 3120 Οὐ
912 3066 1024 3138 γάρ
1053 3069 1112 3122 ὲν
1158 3067 1338 3140 τούτῳ
1364 3069 1462 3123 καὶ
1510 3068 1660 3140 μόνῳ
1713 3071 1776 3124 τὸ
1808 3071 1955 3143 μέγα
2031 3075 2126 3129 καὶ
2170 3071 2509 3141 ἀξιάγαστον
2555 3070 2652 3126 τοῦ
2689 3071 2822 3125 Υίοῦ
2873 3071 3232 3144 θεωρήσομεν
3283 3073 3527 3146 ἀξίωμα,
3593 3077 3654 3130 ἑν

307 3160 401 3233 τῷ
447 3159 555 3232 τὴν
606 3159 861 3215 Ἰωάννου
909 3159 1072 3228 δόξαν
1131 3163 1512 3236 ὑπερδραμεῖν
1537 3203 1553 3230 ,
1602 3163 1721 3218 ἀλλ’
1771 3167 1830 3220 ἐν
1862 3167 1943 3240 τῷ
1981 3169 2164 3239 πάσης
2196 3165 2560 3237 ὑπερκεῖσθαι
2590 3167 2828 3237 γενητῆς
2857 3167 3068 3232 οὐσίας.

393 3308 530 3362 Ὅτι
576 3307 647 3362 ὲκ
697 3304 808 3361 τοῦ
837 3301 1238 3372 πληρώματος
1271 3299 1463 3356 αὐτοῦ
1501 3299 1675 3371 ἡμεῖς
1717 3299 1945 3369 πάντες

2126 3305 2167 3369 I,
2211 3304 2300 3360 16.
2349 3304 2620 3371 Quoniam
2673 3304 2737 3358 de
2786 3305 3122 3372 plenitudine
3167 3308 3285 3379 ejus
3333 3325 3428 3364 nos
3469 3326 3654 3366 omnes

307 3399 656 3470 ἐλάϐομεν.

406 3534 766 3606 Ἀποδέχεται
791 3532 880 3586 διὰ
904 3530 1112 3585 τούτων
1152 3528 1252 3601 τὴν
1280 3527 1458 3600 ἀληθῆ
1505 3527 1601 3583 τοῦ
1632 3529 1943 3585 Βαπτιστοῦ

322 3628 648 3702 μαρτυρίαν
685 3629 715 3680 ὀ
758 3621 1180 3694 εὐαγγελιστὴς,
1228 3622 1323 3676 καὶ
1367 3623 1513 3694 σαφῆ
1560 3624 1797 3680 ποιεῖται
1844 3623 1945 3695 τὴν

318 3716 611 3783 ἀπόδειξιν
632 3718 734 3789 τῆς
756 3714 854 3771 τοῦ
877 3715 1132 3786 Σωτῆρος
1174 3711 1336 3783 ἡμῶν
1381 3712 1684 3784 ὑπεροχῆς,
1724 3713 1820 3767 καὶ
1846 3713 1943 3767 τοῦ

319 3802 638 3880 κεκτῆσθαι
663 3806 726 3860 τδ
767 3804 933 3858 πλέον
976 3801 1253 3865 οὑσιωδῶς
1279 3801 1429 3856 κατά
1448 3803 1655 3867 παντὸς
1688 3803 1944 3874 γενητοῦ,

317 3905 472 3960 κατά
501 3920 562 3956 τε
585 3903 689 3974 τὴν
721 3900 883 3966 δόξαν
915 3898 1109 3970 αὐτὴν,
1130 3897 1262 3968 περὶ
1290 3890 1359 3969 ἧς
1379 3897 1408 3949 ὀ
1437 3896 1598 3965 λόγος
1623 3896 1770 3967 μάλα
1799 3898 1942 3963 νυνὶ,

317 3997 424 4052 καὶ
452 3997 550 4050 τὸν
569 3997 666 4050 ἐπὶ
693 3997 813 4057 τοῖς
838 3992 1024 4056 ἀλλοις
1049 3990 1258 4045 ἅπασιν
1288 3987 1516 4058 ἀγαθοῖς
1548 3989 1750 4043 εὐκλεᾶ
1781 3990 1947 4044 κατά·

315 4091 508 4159 λογον.
537 4089 778 4160 ’Δριστα
802 4086 913 4157 γάρ
937 4100 1049 4156 μοι,
1075 4083 1234 4154 φησὶ,
1270 4081 1364 4136 καὶ
1393 4079 1743 4152 ἀληθέστατα
1770 4081 1946 4150 λέγων

317 4185 350 4237 ὀ
407 4181 736 4252 Βαπτιστὴς
792 4177 1160 4248 ἀναφαίνεται
1219 4175 1352 4246 περὶ
1393 4173 1490 4226 τοῦ
1543 4173 1891 4242 Μονογενοῦς
1924 4213 1940 4238 ,

325 4294 346 4328 ι
401 4275 535 4328 Ὅτι
563 4269 785 4342 πρῶτός
818 4286 922 4340 μου
959 4263 1050 4339 ἦν,
1096 4285 1115 4318 ι
1142 4265 1287 4319 τοῦτ’
1312 4265 1450 4330 ἐστι,
1478 4265 1614 4320 πολὺ
1653 4266 1717 4338 δὴ
1755 4266 1945 4338 κρείτ-

316 4385 441 4422 των
488 4364 589 4420 xui.
620 4363 888 4435 ἀμείνων·
923 4363 1048 4415 ἐπεὶ
1086 4361 1183 4414 καὶ
1209 4359 1416 4422 πάντες
1460 4361 1622 4431 ἡμεῖς
1651 4361 1702 4413 οἱ
1739 4361 1822 4424 είς
1849 4360 1946 4415 τὸν

319 4457 443 4511 τῶν
460 4455 640 4524 ἀγίων
661 4451 1140 4523 κατατεταγμένοι
1167 4450 1350 4522 χορὸν,
1387 4449 1450 4502 τὸ
1489 4450 1622 4504 ἴδιον
1669 4449 1837 4505 αὐτοῦ
1855 4468 1948 4504 πε-

320 4551 737 4622 πλουτήκαμεν
781 4546 1010 4616 ἀγαθὸν,
1040 4545 1138 4599 καὶ
1163 4547 1278 4608 τοῖς
1316 4543 1528 4597 ἐκείνου
1568 4544 1770 4614 μᾶλλον
1798 4545 1946 4618 ῆπερ

319 4649 444 4709 τοῖς
465 4645 674 4712 ἑαυτῆς
700 4640 1128 4710 ἐπισεμνύνεται
1168 4639 1648 4709 πλεονεκτήμασιν
1671 4641 1704 4710 ἡ
1733 4638 1945 4711 ἀνθρώ-

476 4705 664 4805 φύσις,
689 4735 820 4787 ὅταν
853 4705 1056 4801 έχουσά
1091 4746 1145 4782 τι
1178 4729 1287 4782 τῶν
1309 4705 1659 4796 ἀξιαγάστων
1680 4705 1945 4801 εὑρίσκη-
1977 4705 2023 4762 Ῑ)

323 4846 449 4886 ταιο
494 4827 608 4882 ἀπὸ
629 4827 742 4895 γὰρ
767 4824 863 4878 τοῦ
888 4822 1260 4894 πληρώματος
1291 4821 1386 4875 τοῦ
1410 4820 1566 4888 Υίοῦ,
1609 4823 1861 4896 καθάπερ
1885 4821 1944 4890 ἐξ

327 4921 576 4978 ἀεννάου
590 4919 794 4988 πηγῆς,
815 4920 848 4988 ἠ
869 4916 979 4969 τῶν
1001 4916 1163 4970 θείων
1183 4914 1543 4988 χαρισμάτων
1567 4914 1946 4981 ἀναϐλύζουσα

329 5016 515 5081 δόσις,
552 5013 629 5076 είς
653 5011 896 5081 ἑκάστην
921 5009 1142 5081 ἔρχεται
1182 5008 1382 5080 ψυχὴν,
1414 5009 1562 5079 ῆπερ
1595 5007 1663 5061 ἂν
1697 5007 1945 5077 φαίνοιτο

327 5107 435 5164 τοῦ
465 5105 658 5161 λαϐεῖν
691 5103 838 5171 ἀξία.
886 5101 952 5158 Et
980 5102 1039 5156 δὲ
1073 5104 1304 5174 χορηγεῖ
1334 5101 1433 5170 μὲν
1469 5100 1544 5165 ὡς
1598 5102 1664 5155 ἐκ
1714 5101 1947 5172 φυσικοῦ

328 5200 715 5275 πληρώματος
746 5199 776 5252 ὀ
806 5198 956 5263 Υἱὸς,
989 5198 1309 5268 χορηγεῖται
1335 5194 1394 5248 δὲ
1418 5196 1452 5266 ἡ
1480 5195 1680 5258 κτίσις·
1709 5196 1828 5260 πῶς
1848 5197 1949 5251 οὐκ

320 5297 398 5351 ἄν
420 5296 604 5349 νοοῖτο
633 5291 826 5344 λοιπὸν
848 5290 950 5360 οὐχ
989 5287 1186 5360 ὁμοίαν
1208 5286 1350 5357 ἔχων
1373 5287 1490 5350 τοῖς
1521 5285 1706 5351 ἄλλοις
1745 5288 1846 5360 τὴν
1862 5288 1947 5343 δό.

327 5389 462 5457 ξαν,
489 5385 610 5440 ἀλλ’
631 5383 779 5454 ἢπερ
811 5381 879 5436 ἂν
909 5379 1114 5453 πρέποι
1139 5377 1219 5450 τῷ
1239 5379 1306 5432 ὲκ
1323 5375 1462 5432 Θεοῦ
1492 5377 1811 5447 Μονογενεῖ,
1848 5378 1948 5451 φύ-

328 5498 480 5544 σεως
513 5478 731 5540 οἰκείας
758 5475 938 5548 ἔχοντι
968 5471 1186 5543 καρπὸν
1226 5469 1295 5526 τὰ
1325 5468 1469 5524 κατά
1505 5471 1724 5526 πάντων
1751 5472 1946 5527 πλεον-

326 5575 653 5644 εκτήματα,
689 5569 785 5623 καὶ
816 5563 1098 5637 πατρικῆς
1117 5563 1384 5633 ἰδιότητος
1412 5561 1632 5635 ἀξίωμα
1651 5563 1752 5636 τὴν
1769 5564 1945 5638 ὑπερ-

327 5669 504 5739 σχήν;
563 5658 740 5732 Οἶμαι
778 5659 836 5712 δὲ
880 5657 1060 5727 ἔγωγε
1105 5656 1194 5710 καὶ
1236 5655 1330 5708 τὸν
1375 5653 1688 5724 σοφώτατον
1732 5657 1948 5713 Παῦλον

329 5760 466 5832 περὶ
507 5755 614 5824 τῆς
651 5752 766 5805 τῶν
801 5751 938 5805 ὅλων
974 5748 1304 5803 διαλαϐόντα
1338 5745 1576 5816 φύσεως,
1625 5749 1949 5818 κεκινῆσθαι

327 5854 421 5910 διά
442 5849 664 5908 τούτων
709 5845 792 5907 είς
828 5843 1037 5906 ἑννοίας
1079 5838 1325 5911 ἀληθεῖς,
1367 5838 1510 5896 οὕτω
1548 5857 1609 5895 τε
1660 5841 1849 5898 λοιπὸν
1873 5843 1951 5909 ὡς

595 5944 874 6010 Parnm.
898 5940 998 6006 Gn.
1048 5935 1314 6002 LXXIII.

2052 3399 2380 3467 accepimus.
2445 3463 2448 3467 ἠ

2121 3532 2333 3588 Probat
2367 3531 2462 3589 his
2488 3531 2682 3588 verbis
2712 3531 3054 3604 evangelista
3087 3545 3285 3588 verum
3312 3548 3438 3590 esse
3462 3533 3654 3606 Bapti-

2049 3633 2150 3683 sta:
2167 3625 2588 3688 testimonium,
2615 3633 2672 3680 et
2707 3624 2958 3681 eminere
3003 3624 3358 3682 Salvatorem
3392 3635 3657 3684 nostrum

2046 3718 2202 3773 clare
2244 3715 2632 3780 demonstrat,
2671 3723 2845 3786 atqhe
2879 3715 3340 3773 substantialiter
3383 3718 3658 3776 excedere

2048 3823 2142 3865 res
2187 3823 2388 3864 omnes
2430 3819 2654 3866 creatas
2685 3817 2797 3865 tam
2855 3809 3006 3880 quod
3053 3809 3126 3866 ad
3179 3810 3416 3882 gloriam
3474 3811 3656 3884 ipsam

2048 3902 2283 3966 attinet,
2319 3901 2388 3956 de
2431 3915 2540 3973 qua
2577 3903 2824 3958 maxime
2857 3917 3010 3958 nunc
3038 3903 3247 3974 agitur,
3283 3920 3452 3975 quam
3505 3905 3664 3975 quod

2048 3993 2116 4048 ad
2146 4000 2479 4048 caeterorum
2504 3995 2788 4049 bonorum
2823 4010 3120 4050 numerum
3166 4005 3405 4067 spectat.
3431 3994 3657 4069 Optime

2046 4084 2198 4140 enim
2231 4098 2298 4139 ac
2329 4083 2631 4140 verissime
2663 4084 2733 4140 de
2781 4085 3077 4158 Unigenito
3123 4086 3372 4158 Baptista
3401 4090 3535 4145 mihi
3565 4091 3655 4147 di-

2049 4196 2178 4237 cere
2227 4181 2453 4236 videtur
2503 4200 2517 4235 :
2566 4200 2584 4231 ι
2621 4180 2764 4248 Quia
2823 4183 2982 4252 prior
3026 4197 3116 4239 me
3162 4192 3310 4250 erat,
3340 4203 3358 4239 ο
3407 4184 3516 4241 hoc
3565 4195 3655 4244 est

2048 4273 2230 4328 multo
2276 4288 2364 4328 me
2399 4274 2779 4344 praestantior,
2816 4289 2882 4330 ac
2912 4273 3156 4346 dignior,
3196 4278 3654 4348 quandoquidem

2048 4379 2154 4419 nos
2173 4379 2405 4429 omnes,
2443 4363 2542 4435 qui
2586 4364 2644 4418 in
2679 4373 3006 4419 sanctorum
3045 4381 3284 4422 numero
3327 4383 3654 4436 censemur,

2049 4458 2266 4528 proprii
2292 4456 2416 4526 ejus
2451 4456 2582 4510 boni
2615 4456 2924 4527 participes
2969 4456 3099 4511 facti
3145 4473 3340 4514 sumus
3365 4499 3380 4525 ,
3413 4469 3468 4516 et
3501 4461 3655 4518 illius

2049 4547 2242 4618 potius
2299 4562 2468 4618 quam
2515 4547 2634 4602 suis
2689 4547 3081 4617 praerogativis
3116 4548 3406 4605 hominum
3453 4560 3654 4609 natura

2050 4640 2350 4711 gloriatur,
2383 4653 2507 4694 cum
2554 4639 2931 4694 admiratione
2975 4640 3208 4710 dignum
3254 4642 3468 4713 aliquid
3502 4644 3560 4698 in
3594 4660 3656 4701 se

2053 4733 2266 4790 habere
2315 4732 2680 4802 comperitur.
2733 4730 2809 4787 De
2858 4733 3206 4801 plenitudine
3241 4735 3446 4805 quippe
3490 4734 3653 4798 Filii,

2055 4833 2320 4896 tanquam
2347 4839 2412 4878 ex
2444 4824 2673 4894 perenni
2699 4821 2848 4878 fonte
2874 4823 3193 4879 divinarum
3230 4825 3538 4895 gratiarum
3561 4827 3657 4884 do-

2054 4933 2189 4974 num
2209 4916 2544 4980 scaturiens,
2563 4916 2616 4971 in
2637 4930 3090 4988 unamquamque
3113 4917 3356 4972 animam
3375 4932 3442 4974 eo
3464 4934 3656 4978 mune—

2052 5023 2115 5064 re
2146 5009 2308 5080 100
2327 5007 2552 5081 dignam
2593 5008 2864 5064 illabitur.
2893 5007 3056 5076 Quod
3097 5010 3148 5066 si
3180 5009 3358 5068 Filius
3392 5015 3554 5084 quasi
3587 5015 3656 5072 de

2055 5100 2301 5157 naturali
2345 5098 2695 5171 plenitudine
2723 5099 2871 5155 dona
2890 5099 3164 5170 'iargitur,
3195 5101 3302 5158 ista
3329 5117 3463 5159 vero
3495 5119 3658 5160 crea-

2056 5202 2182 5251 tura
2210 5192 2454 5266 excipit,
2483 5193 2772 5266 quomodo
2820 5207 2933 5250 non
2976 5194 3312 5253 dissimilem
3364 5197 3490 5255 aliis
3536 5199 3658 5271 glo-

2055 5287 2196 5342 riam
2250 5285 2544 5358 possidere
2592 5285 2940 5354 censebitur,
2978 5288 3131 5344 illam
3188 5290 3492 5358 nimirum,
3534 5305 3658 5362 quae

2055 5378 2153 5436 Dei
2197 5377 2564 5453 Unigenitum
2614 5381 2807 5447 decet,
2860 5383 2956 5453 qui
3017 5391 3081 5439 ut
3139 5391 3358 5440 naturae
3413 5385 3656 5456 propriae

2053 5473 2300 5528 fructum
2347 5474 2520 5529 habet
2573 5488 2794 5531 omnem
2826 5475 3155 5547 dignitatem
3191 5486 3359 5546 atque
3398 5475 3654 5531 eminen-

2055 5565 2191 5619 tiam
2223 5558 2392 5638 quam
2431 5567 2488 5621 in
2518 5580 2580 5622 se
2608 5565 2778 5623 Pater
2811 5567 3015 5624 habere
3048 5567 3397 5638 intelligitur.
3436 5563 3654 5632 Quibus

2058 5655 2361 5714 adductum
2410 5673 2516 5730 ego
2570 5675 2795 5730 quoque
2837 5660 3071 5715 Paulum
3107 5659 3373 5724 arbitror,
3433 5667 3495 5713 ut
3527 5675 3654 5716 cum

2059 5751 2128 5807 de
2167 5752 2423 5808 universi
2475 5761 2674 5834 natura
2715 5753 3057 5819 dissereret,
3108 5766 3258 5809 vere‘
3277 5755 3657 5825 pronuntiarit

2060 5844 2198 5903 illud
2234 5845 2397 5918 quasi
2447 5854 2764 5908 creaturam
2816 5847 3216 5918 compellans:
3260 5868 3279 5902 ι
3324 5847 3469 5916 Quid
3505 5847 3654 5905 enim

3169 5943 3205 6009 6
