  <div class='ocr_page' id='page_1' title='image "/cluster/home/n/w/nwhite01/storage/ocr_20150623/73:no.6/coo.31924054869692/093.png"; bbox 0 0 4106 6484; ppageno 0'>
   <div class='ocr_carea' id='block_1_1' title="bbox 532 318 624 377">
    <p class='ocr_par' dir='ltr' id='par_1_1' title="bbox 532 318 624 377">
     <span class='ocr_line' id='line_1_1' title="bbox 532 318 624 377; baseline -0.011 -2"><span class='ocrx_word' id='word_1_1' title='bbox 532 318 624 377; x_wconf 62' lang='lat' dir='ltr'><strong>fil</strong></span> 
     </span>
    </p>
   </div>
   <div class='ocr_carea' id='block_1_2' title="bbox 1534 309 2797 391">
    <p class='ocr_par' dir='ltr' id='par_1_2' title="bbox 1534 309 2797 391">
     <span class='ocr_line' id='line_1_2' title="bbox 1534 309 2797 391; baseline 0.001 -24"><span class='ocrx_word' id='word_1_2' title='bbox 1534 310 1594 368; x_wconf 87' lang='lat' dir='ltr'><strong>S.</strong></span> <span class='ocrx_word' id='word_1_3' title='bbox 1612 384 1617 391; x_wconf 30' lang='lat'><em>.</em></span> <span class='ocrx_word' id='word_1_4' title='bbox 1636 309 1915 369; x_wconf 63' lang='lat' dir='ltr'><strong>CYRILLI</strong></span> <span class='ocrx_word' id='word_1_5' title='bbox 1954 311 2428 368; x_wconf 73' lang='lat' dir='ltr'><strong>ALEXANDRINI</strong></span> <span class='ocrx_word' id='word_1_6' title='bbox 2468 313 2797 372; x_wconf 74' lang='lat' dir='ltr'><strong>ARCHIEP.</strong></span> 
     </span>
    </p>
   </div>
   <div class='ocr_carea' id='block_1_3' title="bbox 3694 318 3804 372">
    <p class='ocr_par' dir='ltr' id='par_1_3' title="bbox 3694 318 3804 372">
     <span class='ocr_line' id='line_1_3' title="bbox 3694 318 3804 372; baseline 0.009 -1"><span class='ocrx_word' id='word_1_7' title='bbox 3694 318 3804 372; x_wconf 62' lang='lat'><strong>17?.</strong></span> 
     </span>
    </p>
   </div>
   <div class='ocr_carea' id='block_1_4' title="bbox 502 428 2108 503">
    <p class='ocr_par' dir='ltr' id='par_1_4' title="bbox 502 428 2108 502">
     <span class='ocr_line' id='line_1_4' title="bbox 502 428 2108 502; baseline -0.001 -17"><span class='ocrx_word' id='word_1_8' title='bbox 502 430 694 487; x_wconf 82' lang='lat' dir='ltr'><strong>habes</strong></span> <span class='ocrx_word' id='word_1_9' title='bbox 725 430 871 502; x_wconf 90' lang='lat' dir='ltr'><strong>quod</strong></span> <span class='ocrx_word' id='word_1_10' title='bbox 907 445 1013 484; x_wconf 85' lang='lat' dir='ltr'><strong>non</strong></span> <span class='ocrx_word' id='word_1_11' title='bbox 1048 429 1310 500; x_wconf 80' lang='lat' dir='ltr'><strong>accepisti</strong></span> <span class='ocrx_word' id='word_1_12' title='bbox 1336 429 1419 483; x_wconf 69' lang='lat'><strong>“‘2</strong></span> <span class='ocrx_word' id='word_1_13' title='bbox 1458 450 1474 481; x_wconf 77' lang='grc' dir='ltr'>ι</span> <span class='ocrx_word' id='word_1_14' title='bbox 1515 428 1632 485; x_wconf 87' lang='lat' dir='ltr'><strong>Non</strong></span> <span class='ocrx_word' id='word_1_15' title='bbox 1666 432 1813 486; x_wconf 90' lang='lat' dir='ltr'><strong>enim</strong></span> <span class='ocrx_word' id='word_1_16' title='bbox 1864 443 1989 487; x_wconf 90' lang='lat' dir='ltr'><strong>esse</strong></span> <span class='ocrx_word' id='word_1_17' title='bbox 2019 445 2108 485; x_wconf 90' lang='lat' dir='ltr'><strong>so-</strong></span> 
     </span>
    </p>
   </div>
   <div class='ocr_carea' id='block_1_5' title="bbox 2209 428 3800 503">
    <p class='ocr_par' dir='ltr' id='par_1_5' title="bbox 2214 428 3800 503">
     <span class='ocr_line' id='line_1_5' title="bbox 2214 428 3800 503; baseline 0.001 -21"><span class='ocrx_word' id='word_1_18' title='bbox 2214 432 2352 503; x_wconf 80' lang='grc' dir='ltr'>πρὸς</span> <span class='ocrx_word' id='word_1_19' title='bbox 2384 432 2482 502; x_wconf 79' lang='grc' dir='ltr'>τὴν</span> <span class='ocrx_word' id='word_1_20' title='bbox 2497 433 2673 486; x_wconf 82' lang='grc' dir='ltr'>κτίσιν</span> <span class='ocrx_word' id='word_1_21' title='bbox 2694 433 2889 486; x_wconf 76' lang='grc' dir='ltr'>εἰπεῖν’</span> <span class='ocrx_word' id='word_1_22' title='bbox 2918 449 2938 483; x_wconf 77' lang='grc' dir='ltr'>ι</span> <span class='ocrx_word' id='word_1_23' title='bbox 2963 430 3027 485; x_wconf 90' lang='grc' dir='ltr'><strong>Τί</strong></span> <span class='ocrx_word' id='word_1_24' title='bbox 3053 430 3161 502; x_wconf 76' lang='grc' dir='ltr'><strong>γάρ</strong></span> <span class='ocrx_word' id='word_1_25' title='bbox 3174 428 3500 500; x_wconf 62' lang='grc' dir='ltr'>ἔχειςγδοὺκ</span> <span class='ocrx_word' id='word_1_26' title='bbox 3515 428 3741 496; x_wconf 47' lang='grc' dir='ltr'>ἔλαϐες</span> <span class='ocrx_word' id='word_1_27' title='bbox 3777 451 3800 484; x_wconf 68' lang='grc' dir='ltr'><strong>ι</strong></span> 
     </span>
    </p>
   </div>
   <div class='ocr_carea' id='block_1_6' title="bbox 523 522 2105 589">
    <p class='ocr_par' dir='ltr' id='par_1_6' title="bbox 523 522 2105 589">
     <span class='ocr_line' id='line_1_6' title="bbox 523 522 2105 589; baseline 0 -12"><span class='ocrx_word' id='word_1_28' title='bbox 523 523 636 577; x_wconf 86' lang='lat' dir='ltr'><strong>lum</strong></span> <span class='ocrx_word' id='word_1_29' title='bbox 667 523 762 578; x_wconf 89' lang='lat' dir='ltr'><strong>sed</strong></span> <span class='ocrx_word' id='word_1_30' title='bbox 792 523 957 578; x_wconf 89' lang='lat' dir='ltr'><strong>etiam</strong></span> <span class='ocrx_word' id='word_1_31' title='bbox 988 522 1148 587; x_wconf 88' lang='lat' dir='ltr'><strong>bene,</strong></span> <span class='ocrx_word' id='word_1_32' title='bbox 1197 531 1250 577; x_wconf 87' lang='lat' dir='ltr'><strong>et</strong></span> <span class='ocrx_word' id='word_1_33' title='bbox 1301 523 1405 577; x_wconf 86' lang='lat' dir='ltr'><strong>hoc</strong></span> <span class='ocrx_word' id='word_1_34' title='bbox 1455 532 1552 576; x_wconf 87' lang='lat' dir='ltr'><strong>aut</strong></span> <span class='ocrx_word' id='word_1_35' title='bbox 1604 524 1701 579; x_wconf 92' lang='lat' dir='ltr'><strong>illo</strong></span> <span class='ocrx_word' id='word_1_36' title='bbox 1745 523 1910 579; x_wconf 86' lang='lat' dir='ltr'><strong>modo</strong></span> <span class='ocrx_word' id='word_1_37' title='bbox 1958 538 2105 589; x_wconf 87' lang='lat' dir='ltr'><strong>esse,</strong></span> 
     </span>
    </p>
   </div>
   <div class='ocr_carea' id='block_1_7' title="bbox 522 613 2107 684">
    <p class='ocr_par' dir='ltr' id='par_1_7' title="bbox 522 613 2107 684">
     <span class='ocr_line' id='line_1_7' title="bbox 522 613 2107 684; baseline -0.001 -17"><span class='ocrx_word' id='word_1_38' title='bbox 522 616 709 668; x_wconf 79' lang='lat' dir='ltr'><strong>datum</strong></span> <span class='ocrx_word' id='word_1_39' title='bbox 745 624 829 669; x_wconf 88' lang='lat' dir='ltr'><strong>est</strong></span> <span class='ocrx_word' id='word_1_40' title='bbox 879 629 908 667; x_wconf 91' lang='lat' dir='ltr'><strong>a</strong></span> <span class='ocrx_word' id='word_1_41' title='bbox 958 614 1068 669; x_wconf 89' lang='lat' dir='ltr'><strong>Deo</strong></span> <span class='ocrx_word' id='word_1_42' title='bbox 1105 621 1397 678; x_wconf 80' lang='lat' dir='ltr'><strong>creaturae,</strong></span> <span class='ocrx_word' id='word_1_43' title='bbox 1431 615 1680 684; x_wconf 81' lang='lat' dir='ltr'><strong>nihilque</strong></span> <span class='ocrx_word' id='word_1_44' title='bbox 1722 627 1753 667; x_wconf 91' lang='lat' dir='ltr'><strong>a</strong></span> <span class='ocrx_word' id='word_1_45' title='bbox 1805 628 1869 670; x_wconf 86' lang='lat' dir='ltr'><strong>se</strong></span> <span class='ocrx_word' id='word_1_46' title='bbox 1903 613 2107 680; x_wconf 88' lang='lat' dir='ltr'><strong>habet,</strong></span> 
     </span>
    </p>
   </div>
   <div class='ocr_carea' id='block_1_8' title="bbox 522 705 2111 777">
    <p class='ocr_par' dir='ltr' id='par_1_8' title="bbox 522 705 2111 777">
     <span class='ocr_line' id='line_1_8' title="bbox 522 705 2111 777; baseline 0.002 -18"><span class='ocrx_word' id='word_1_47' title='bbox 522 706 618 761; x_wconf 85' lang='lat' dir='ltr'><strong>sed</strong></span> <span class='ocrx_word' id='word_1_48' title='bbox 658 706 775 761; x_wconf 86' lang='lat' dir='ltr'><strong>sola</strong></span> <span class='ocrx_word' id='word_1_49' title='bbox 812 705 1152 777; x_wconf 79' lang='lat' dir='ltr'><strong>benignitate</strong></span> <span class='ocrx_word' id='word_1_50' title='bbox 1205 705 1514 777; x_wconf 88' lang='lat' dir='ltr'><strong>largientis.</strong></span> <span class='ocrx_word' id='word_1_51' title='bbox 1548 705 1971 762; x_wconf 82' lang='lat' dir='ltr'><strong>Observandum</strong></span> <span class='ocrx_word' id='word_1_52' title='bbox 2025 716 2111 762; x_wconf 91' lang='lat' dir='ltr'><strong>est</strong></span> 
     </span>
    </p>
   </div>
   <div class='ocr_carea' id='block_1_9' title="bbox 525 796 2109 867">
    <p class='ocr_par' dir='ltr' id='par_1_9' title="bbox 525 796 2109 867">
     <span class='ocr_line' id='line_1_9' title="bbox 525 796 2109 867; baseline 0.002 -18"><span class='ocrx_word' id='word_1_53' title='bbox 525 812 691 867; x_wconf 85' lang='lat' dir='ltr'><strong>porro</strong></span> <span class='ocrx_word' id='word_1_54' title='bbox 721 797 923 851; x_wconf 88' lang='lat' dir='ltr'><strong>Filium</strong></span> <span class='ocrx_word' id='word_1_55' title='bbox 969 798 1059 852; x_wconf 89' lang='lat' dir='ltr'><strong>hic</strong></span> <span class='ocrx_word' id='word_1_56' title='bbox 1107 796 1219 852; x_wconf 89' lang='lat' dir='ltr'><strong>dici</strong></span> <span class='ocrx_word' id='word_1_57' title='bbox 1254 797 1476 867; x_wconf 90' lang='lat' dir='ltr'><strong>plenum</strong></span> <span class='ocrx_word' id='word_1_58' title='bbox 1498 837 1513 861; x_wconf 91' lang='lat'><strong>,</strong></span> <span class='ocrx_word' id='word_1_59' title='bbox 1558 797 1612 851; x_wconf 89' lang='lat' dir='ltr'><strong>id</strong></span> <span class='ocrx_word' id='word_1_60' title='bbox 1643 806 1727 853; x_wconf 89' lang='lat' dir='ltr'><strong>est</strong></span> <span class='ocrx_word' id='word_1_61' title='bbox 1762 798 1818 853; x_wconf 90' lang='lat' dir='ltr'><strong>in</strong></span> <span class='ocrx_word' id='word_1_62' title='bbox 1850 798 2109 853; x_wconf 79' lang='lat' dir='ltr'><strong>erunibus</strong></span> 
     </span>
    </p>
   </div>
   <div class='ocr_carea' id='block_1_10' title="bbox 526 888 2108 960">
    <p class='ocr_par' dir='ltr' id='par_1_10' title="bbox 526 888 2108 960">
     <span class='ocr_line' id='line_1_10' title="bbox 526 888 2108 960; baseline 0 -17"><span class='ocrx_word' id='word_1_63' title='bbox 526 888 990 959; x_wconf 80' lang='lat' dir='ltr'><strong>perfectissimum</strong></span> <span class='ocrx_word' id='word_1_64' title='bbox 1017 929 1032 955; x_wconf 93' lang='lat'><strong>,</strong></span> <span class='ocrx_word' id='word_1_65' title='bbox 1058 897 1389 957; x_wconf 88' lang='lat' dir='ltr'><strong>tantumque</strong></span> <span class='ocrx_word' id='word_1_66' title='bbox 1427 889 1622 945; x_wconf 86' lang='lat' dir='ltr'><strong>abesse</strong></span> <span class='ocrx_word' id='word_1_67' title='bbox 1656 891 1726 945; x_wconf 88' lang='lat' dir='ltr'><strong>ab</strong></span> <span class='ocrx_word' id='word_1_68' title='bbox 1759 890 1999 960; x_wconf 79' lang='lat' dir='ltr'><strong>alicujus</strong></span> <span class='ocrx_word' id='word_1_69' title='bbox 2032 890 2108 945; x_wconf 85' lang='lat' dir='ltr'><strong>rei</strong></span> 
     </span>
    </p>
   </div>
   <div class='ocr_carea' id='block_1_11' title="bbox 525 980 2109 1052">
    <p class='ocr_par' dir='ltr' id='par_1_11' title="bbox 525 980 2109 1052">
     <span class='ocr_line' id='line_1_11' title="bbox 525 980 2109 1052; baseline 0.001 -17"><span class='ocrx_word' id='word_1_70' title='bbox 525 982 776 1051; x_wconf 86' lang='lat' dir='ltr'><strong>penuria,</strong></span> <span class='ocrx_word' id='word_1_71' title='bbox 813 988 873 1035; x_wconf 93' lang='lat' dir='ltr'><strong>ut</strong></span> <span class='ocrx_word' id='word_1_72' title='bbox 896 992 949 1037; x_wconf 91' lang='lat' dir='ltr'><strong>et</strong></span> <span class='ocrx_word' id='word_1_73' title='bbox 970 980 1233 1036; x_wconf 88' lang='lat' dir='ltr'><strong>omnibus</strong></span> <span class='ocrx_word' id='word_1_74' title='bbox 1261 980 1479 1037; x_wconf 85' lang='lat' dir='ltr'><strong>abunde</strong></span> <span class='ocrx_word' id='word_1_75' title='bbox 1504 981 1695 1052; x_wconf 87' lang='lat' dir='ltr'><strong>largiri</strong></span> <span class='ocrx_word' id='word_1_76' title='bbox 1729 982 1938 1052; x_wconf 89' lang='lat' dir='ltr'><strong>possit,</strong></span> <span class='ocrx_word' id='word_1_77' title='bbox 1970 982 2109 1037; x_wconf 88' lang='lat' dir='ltr'><strong>citra</strong></span> 
     </span>
    </p>
   </div>
   <div class='ocr_carea' id='block_1_12' title="bbox 525 1071 2111 1141">
    <p class='ocr_par' dir='ltr' id='par_1_12' title="bbox 525 1071 2111 1141">
     <span class='ocr_line' id='line_1_12' title="bbox 525 1071 2111 1141; baseline 0.003 -16"><span class='ocrx_word' id='word_1_78' title='bbox 525 1072 949 1126; x_wconf 88' lang='lat' dir='ltr'><strong>diminutionem</strong></span> <span class='ocrx_word' id='word_1_79' title='bbox 999 1071 1164 1125; x_wconf 87' lang='lat' dir='ltr'><strong>ullam</strong></span> <span class='ocrx_word' id='word_1_80' title='bbox 1212 1079 1308 1125; x_wconf 90' lang='lat' dir='ltr'><strong>aut</strong></span> <span class='ocrx_word' id='word_1_81' title='bbox 1355 1071 1666 1141; x_wconf 86' lang='lat' dir='ltr'><strong>jacturam,</strong></span> <span class='ocrx_word' id='word_1_82' title='bbox 1698 1082 1753 1128; x_wconf 91' lang='lat' dir='ltr'><strong>et</strong></span> <span class='ocrx_word' id='word_1_83' title='bbox 1797 1074 2111 1130; x_wconf 74' lang='lat' dir='ltr'><strong>eminentia:</strong></span> 
     </span>
    </p>
   </div>
   <div class='ocr_carea' id='block_1_13' title="bbox 526 1160 2108 1237">
    <p class='ocr_par' dir='ltr' id='par_1_13' title="bbox 526 1160 2108 1237">
     <span class='ocr_line' id='line_1_13' title="bbox 526 1160 2108 1237; baseline 0.004 -22"><span class='ocrx_word' id='word_1_84' title='bbox 526 1178 641 1217; x_wconf 71' lang='lat' dir='ltr'><strong>sua:</strong></span> <span class='ocrx_word' id='word_1_85' title='bbox 674 1160 1106 1233; x_wconf 74' lang='lat' dir='ltr'><strong>magnitudinem</strong></span> <span class='ocrx_word' id='word_1_86' title='bbox 1160 1162 1410 1217; x_wconf 84' lang='lat' dir='ltr'><strong>eamdem</strong></span> <span class='ocrx_word' id='word_1_87' title='bbox 1467 1180 1682 1235; x_wconf 79' lang='lat' dir='ltr'><strong>semper</strong></span> <span class='ocrx_word' id='word_1_88' title='bbox 1731 1173 1787 1219; x_wconf 89' lang='lat' dir='ltr'><strong>et</strong></span> <span class='ocrx_word' id='word_1_89' title='bbox 1842 1167 2108 1237; x_wconf 80' lang='lat' dir='ltr'><strong>integram</strong></span> 
     </span>
    </p>
   </div>
   <div class='ocr_carea' id='block_1_14' title="bbox 502 1254 782 1309">
    <p class='ocr_par' dir='ltr' id='par_1_14' title="bbox 502 1254 782 1309">
     <span class='ocr_line' id='line_1_14' title="bbox 502 1254 782 1309; baseline 0 -2"><span class='ocrx_word' id='word_1_90' title='bbox 502 1254 782 1309; x_wconf 49' lang='lat' dir='ltr'><strong>-retineat.</strong></span> 
     </span>
    </p>
   </div>
   <div class='ocr_carea' id='block_1_15' title="bbox 595 1345 2111 1423">
    <p class='ocr_par' dir='ltr' id='par_1_15' title="bbox 595 1345 2111 1423">
     <span class='ocr_line' id='line_1_15' title="bbox 595 1345 2111 1423; baseline 0.005 -24"><span class='ocrx_word' id='word_1_91' title='bbox 595 1345 646 1413; x_wconf 90' lang='grc'>1,</span> <span class='ocrx_word' id='word_1_92' title='bbox 685 1348 857 1403; x_wconf 67' lang='lat'><strong>16-17.</strong></span> <span class='ocrx_word' id='word_1_93' title='bbox 900 1350 967 1404; x_wconf 83' lang='lat' dir='ltr'><strong>Et</strong></span> <span class='ocrx_word' id='word_1_94' title='bbox 1012 1353 1247 1422; x_wconf 79' lang='lat' dir='ltr'><strong>gratiam</strong></span> <span class='ocrx_word' id='word_1_95' title='bbox 1292 1369 1386 1422; x_wconf 85' lang='lat' dir='ltr'><strong>pro</strong></span> <span class='ocrx_word' id='word_1_96' title='bbox 1420 1354 1595 1423; x_wconf 83' lang='lat' dir='ltr'><strong>gratia</strong></span> <span class='ocrx_word' id='word_1_97' title='bbox 1637 1368 1655 1406; x_wconf 93' lang='lat'><strong><em>:</em></strong></span> <span class='ocrx_word' id='word_1_98' title='bbox 1693 1354 1820 1422; x_wconf 83' lang='lat' dir='ltr'><strong>quia</strong></span> <span class='ocrx_word' id='word_1_99' title='bbox 1879 1353 1963 1407; x_wconf 74' lang='lat' dir='ltr'><strong>(ea:</strong></span> <span class='ocrx_word' id='word_1_100' title='bbox 2019 1369 2111 1421; x_wconf 85' lang='lat' dir='ltr'><strong>per</strong></span> 
     </span>
    </p>
   </div>
   <div class='ocr_carea' id='block_1_16' title="bbox 528 1438 2112 1515">
    <p class='ocr_par' dir='ltr' id='par_1_16' title="bbox 528 1438 2112 1515">
     <span class='ocr_line' id='line_1_16' title="bbox 528 1438 2112 1515; baseline 0.007 -25"><span class='ocrx_word' id='word_1_101' title='bbox 528 1438 749 1510; x_wconf 78' lang='lat' dir='ltr'><strong>Moysen</strong></span> <span class='ocrx_word' id='word_1_102' title='bbox 787 1440 919 1495; x_wconf 86' lang='lat' dir='ltr'><strong>data</strong></span> <span class='ocrx_word' id='word_1_103' title='bbox 950 1453 1028 1497; x_wconf 78' lang='lat' dir='ltr'><strong>est</strong></span> <span class='ocrx_word' id='word_1_104' title='bbox 1049 1486 1062 1508; x_wconf 90' lang='lat'><strong>,</strong></span> <span class='ocrx_word' id='word_1_105' title='bbox 1095 1446 1272 1515; x_wconf 82' lang='lat' dir='ltr'><strong>gratia</strong></span> <span class='ocrx_word' id='word_1_106' title='bbox 1305 1456 1355 1499; x_wconf 83' lang='lat' dir='ltr'><strong>et</strong></span> <span class='ocrx_word' id='word_1_107' title='bbox 1382 1446 1575 1499; x_wconf 80' lang='lat' dir='ltr'><strong>veritas</strong></span> <span class='ocrx_word' id='word_1_108' title='bbox 1604 1462 1696 1515; x_wconf 77' lang='lat' dir='ltr'><strong>per</strong></span> <span class='ocrx_word' id='word_1_109' title='bbox 1732 1444 1919 1500; x_wconf 71' lang='lat' dir='ltr'><strong>Iesum</strong></span> <span class='ocrx_word' id='word_1_110' title='bbox 1962 1448 2112 1502; x_wconf 70' lang='lat' dir='ltr'><strong>Clari-</strong></span> 
     </span>
    </p>
   </div>
   <div class='ocr_carea' id='block_1_17' title="bbox 528 1534 974 1604">
    <p class='ocr_par' dir='ltr' id='par_1_17' title="bbox 528 1534 974 1604">
     <span class='ocr_line' id='line_1_17' title="bbox 528 1534 974 1604; baseline 0.013 -20"><span class='ocrx_word' id='word_1_111' title='bbox 528 1543 666 1585; x_wconf 77' lang='lat' dir='ltr'><strong>stum</strong></span> <span class='ocrx_word' id='word_1_112' title='bbox 702 1534 845 1604; x_wconf 77' lang='lat' dir='ltr'><strong>facta</strong></span> <span class='ocrx_word' id='word_1_113' title='bbox 873 1544 974 1590; x_wconf 84' lang='lat' dir='ltr'><strong>est.</strong></span> 
     </span>
    </p>
   </div>
   <div class='ocr_carea' id='block_1_18' title="bbox 600 1624 2112 1701">
    <p class='ocr_par' dir='ltr' id='par_1_18' title="bbox 600 1624 2112 1701">
     <span class='ocr_line' id='line_1_18' title="bbox 600 1624 2112 1701; baseline 0.006 -23"><span class='ocrx_word' id='word_1_114' title='bbox 600 1624 873 1691; x_wconf 80' lang='lat' dir='ltr'><strong>Quoniam</strong></span> <span class='ocrx_word' id='word_1_115' title='bbox 912 1627 1302 1684; x_wconf 89' lang='lat' dir='ltr'><strong>universorum</strong></span> <span class='ocrx_word' id='word_1_116' title='bbox 1354 1630 1640 1686; x_wconf 88' lang='lat' dir='ltr'><strong>hominum</strong></span> <span class='ocrx_word' id='word_1_117' title='bbox 1696 1631 1872 1701; x_wconf 90' lang='lat' dir='ltr'><strong>gloria</strong></span> <span class='ocrx_word' id='word_1_118' title='bbox 1911 1631 2112 1688; x_wconf 79' lang='lat' dir='ltr'><strong>clario-</strong></span> 
     </span>
    </p>
   </div>
   <div class='ocr_carea' id='block_1_19' title="bbox 500 1714 2111 1793">
    <p class='ocr_par' dir='ltr' id='par_1_19' title="bbox 500 1714 2111 1793">
     <span class='ocr_line' id='line_1_19' title="bbox 500 1714 2111 1793; baseline 0.006 -23"><span class='ocrx_word' id='word_1_119' title='bbox 500 1732 645 1770; x_wconf 63' lang='lat' dir='ltr'><strong>rem</strong></span> <span class='ocrx_word' id='word_1_120' title='bbox 680 1731 806 1773; x_wconf 91' lang='lat' dir='ltr'><strong>esse</strong></span> <span class='ocrx_word' id='word_1_121' title='bbox 836 1714 1116 1791; x_wconf 86' lang='lat' dir='ltr'><strong>Unigeniti</strong></span> <span class='ocrx_word' id='word_1_122' title='bbox 1147 1721 1382 1793; x_wconf 76' lang='lat' dir='ltr'><strong>gloriam</strong></span> <span class='ocrx_word' id='word_1_123' title='bbox 1413 1724 1679 1791; x_wconf 81' lang='lat' dir='ltr'><strong>asseruit,</strong></span> <span class='ocrx_word' id='word_1_124' title='bbox 1708 1731 1762 1779; x_wconf 88' lang='lat' dir='ltr'><strong>et</strong></span> <span class='ocrx_word' id='word_1_125' title='bbox 1790 1725 2111 1780; x_wconf 82' lang='lat' dir='ltr'><strong>sanctitatis</strong></span> 
     </span>
    </p>
   </div>
   <div class='ocr_carea' id='block_1_20' title="bbox 524 1810 2114 1887">
    <p class='ocr_par' dir='ltr' id='par_1_20' title="bbox 524 1810 2114 1887">
     <span class='ocr_line' id='line_1_20' title="bbox 524 1810 2114 1887; baseline 0.007 -25"><span class='ocrx_word' id='word_1_126' title='bbox 524 1810 912 1880; x_wconf 77' lang='lat' dir='ltr'><strong>magnitudine</strong></span> <span class='ocrx_word' id='word_1_127' title='bbox 936 1813 1149 1870; x_wconf 87' lang='lat' dir='ltr'><strong>sanctis</strong></span> <span class='ocrx_word' id='word_1_128' title='bbox 1168 1814 1429 1870; x_wconf 89' lang='lat' dir='ltr'><strong>omnibus</strong></span> <span class='ocrx_word' id='word_1_129' title='bbox 1458 1815 1642 1887; x_wconf 86' lang='lat' dir='ltr'><strong>ipsum</strong></span> <span class='ocrx_word' id='word_1_130' title='bbox 1668 1816 2114 1887; x_wconf 85' lang='lat' dir='ltr'><strong>incomparabili-</strong></span> 
     </span>
    </p>
   </div>
   <div class='ocr_carea' id='block_1_21' title="bbox 522 1890 2111 1979">
    <p class='ocr_par' dir='ltr' id='par_1_21' title="bbox 522 1890 2111 1979">
     <span class='ocr_line' id='line_1_21' title="bbox 522 1890 2111 1979; baseline 0.006 -26"><span class='ocrx_word' id='word_1_131' title='bbox 522 1890 609 1956; x_wconf 78' lang='lat' dir='ltr'><strong>ter</strong></span> <span class='ocrx_word' id='word_1_132' title='bbox 640 1903 996 1970; x_wconf 87' lang='lat' dir='ltr'><strong>antecellere,</strong></span> <span class='ocrx_word' id='word_1_133' title='bbox 1028 1920 1181 1960; x_wconf 90' lang='lat' dir='ltr'><strong>nunc</strong></span> <span class='ocrx_word' id='word_1_134' title='bbox 1216 1921 1407 1962; x_wconf 80' lang='lat' dir='ltr'><strong>eorum</strong></span> <span class='ocrx_word' id='word_1_135' title='bbox 1443 1908 1863 1978; x_wconf 81' lang='lat' dir='ltr'><strong>comparatione</strong></span> <span class='ocrx_word' id='word_1_136' title='bbox 1904 1908 1999 1979; x_wconf 88' lang='lat' dir='ltr'><strong>qui</strong></span> <span class='ocrx_word' id='word_1_137' title='bbox 2040 1908 2111 1963; x_wconf 83' lang='lat' dir='ltr'><strong>ad</strong></span> 
     </span>
    </p>
   </div>
   <div class='ocr_carea' id='block_1_22' title="bbox 523 1994 2112 2057">
    <p class='ocr_par' dir='ltr' id='par_1_22' title="bbox 523 1994 2112 2057">
     <span class='ocr_line' id='line_1_22' title="bbox 523 1994 2112 2057; baseline 0.006 -10"><span class='ocrx_word' id='word_1_138' title='bbox 523 2009 801 2050; x_wconf 87' lang='lat' dir='ltr'><strong>summum</strong></span> <span class='ocrx_word' id='word_1_139' title='bbox 829 1994 1099 2051; x_wconf 83' lang='lat' dir='ltr'><strong>virtutum</strong></span> <span class='ocrx_word' id='word_1_140' title='bbox 1125 1997 1348 2052; x_wconf 89' lang='lat' dir='ltr'><strong>culmen</strong></span> <span class='ocrx_word' id='word_1_141' title='bbox 1376 1999 1559 2055; x_wconf 88' lang='lat' dir='ltr'><strong>evecti</strong></span> <span class='ocrx_word' id='word_1_142' title='bbox 1587 2007 1718 2054; x_wconf 86' lang='lat' dir='ltr'><strong>sunt</strong></span> <span class='ocrx_word' id='word_1_143' title='bbox 1739 2015 1852 2055; x_wconf 87' lang='lat' dir='ltr'><strong>rem</strong></span> <span class='ocrx_word' id='word_1_144' title='bbox 1881 1999 2112 2057; x_wconf 82' lang='lat' dir='ltr'><strong>demon-</strong></span> 
     </span>
    </p>
   </div>
   <div class='ocr_carea' id='block_1_23' title="bbox 524 2084 2106 2161">
    <p class='ocr_par' dir='ltr' id='par_1_23' title="bbox 524 2084 2106 2161">
     <span class='ocr_line' id='line_1_23' title="bbox 524 2084 2106 2161; baseline 0.007 -24"><span class='ocrx_word' id='word_1_145' title='bbox 524 2094 701 2140; x_wconf 87' lang='lat' dir='ltr'><strong>strare</strong></span> <span class='ocrx_word' id='word_1_146' title='bbox 740 2094 992 2144; x_wconf 90' lang='lat' dir='ltr'><strong>conatur.</strong></span> <span class='ocrx_word' id='word_1_147' title='bbox 1038 2084 1115 2142; x_wconf 92' lang='lat' dir='ltr'><strong>De</strong></span> <span class='ocrx_word' id='word_1_148' title='bbox 1142 2086 1359 2145; x_wconf 91' lang='lat' dir='ltr'><strong>Joanne</strong></span> <span class='ocrx_word' id='word_1_149' title='bbox 1405 2090 1614 2161; x_wconf 88' lang='lat' dir='ltr'><strong>quippe</strong></span> <span class='ocrx_word' id='word_1_150' title='bbox 1668 2088 1919 2146; x_wconf 83' lang='lat' dir='ltr'><strong>Salvator</strong></span> <span class='ocrx_word' id='word_1_151' title='bbox 1970 2092 2046 2146; x_wconf 90' lang='lat' dir='ltr'><strong>ait</strong></span> <span class='ocrx_word' id='word_1_152' title='bbox 2093 2111 2106 2148; x_wconf 93' lang='lat'><strong>:</strong></span> 
     </span>
    </p>
   </div>
   <div class='ocr_carea' id='block_1_24' title="bbox 529 2177 2112 2247">
    <p class='ocr_par' dir='ltr' id='par_1_24' title="bbox 529 2177 2112 2247">
     <span class='ocr_line' id='line_1_24' title="bbox 529 2177 2112 2247; baseline 0.008 -20"><span class='ocrx_word' id='word_1_153' title='bbox 529 2197 548 2227; x_wconf 80' lang='grc' dir='ltr'><strong>ε</strong></span> <span class='ocrx_word' id='word_1_154' title='bbox 582 2178 776 2243; x_wconf 83' lang='lat' dir='ltr'><strong>Amen,</strong></span> <span class='ocrx_word' id='word_1_155' title='bbox 808 2192 966 2233; x_wconf 91' lang='lat' dir='ltr'><strong>amen</strong></span> <span class='ocrx_word' id='word_1_156' title='bbox 1014 2177 1145 2234; x_wconf 87' lang='lat' dir='ltr'><strong>dico</strong></span> <span class='ocrx_word' id='word_1_157' title='bbox 1173 2179 1332 2236; x_wconf 90' lang='lat' dir='ltr'><strong>vobis</strong></span> <span class='ocrx_word' id='word_1_158' title='bbox 1354 2222 1370 2247; x_wconf 95' lang='lat'><strong>,</strong></span> <span class='ocrx_word' id='word_1_159' title='bbox 1394 2197 1505 2236; x_wconf 90' lang='lat' dir='ltr'><strong>non</strong></span> <span class='ocrx_word' id='word_1_160' title='bbox 1541 2182 1784 2238; x_wconf 72' lang='lat' dir='ltr'><strong>surrexit</strong></span> <span class='ocrx_word' id='word_1_161' title='bbox 1826 2183 1971 2238; x_wconf 87' lang='lat' dir='ltr'><strong>inter</strong></span> <span class='ocrx_word' id='word_1_162' title='bbox 2012 2199 2112 2239; x_wconf 85' lang='lat' dir='ltr'><strong>na-</strong></span> 
     </span>
    </p>
   </div>
   <div class='ocr_carea' id='block_1_25' title="bbox 526 2269 2109 2345">
    <p class='ocr_par' dir='ltr' id='par_1_25' title="bbox 526 2269 2109 2345">
     <span class='ocr_line' id='line_1_25' title="bbox 526 2269 2109 2345; baseline 0.006 -25"><span class='ocrx_word' id='word_1_163' title='bbox 526 2279 611 2324; x_wconf 88' lang='lat' dir='ltr'><strong>tos</strong></span> <span class='ocrx_word' id='word_1_164' title='bbox 677 2269 972 2326; x_wconf 86' lang='lat' dir='ltr'><strong>mulierum</strong></span> <span class='ocrx_word' id='word_1_165' title='bbox 1026 2271 1207 2342; x_wconf 87' lang='lat' dir='ltr'><strong>major</strong></span> <span class='ocrx_word' id='word_1_166' title='bbox 1262 2270 1478 2328; x_wconf 85' lang='lat' dir='ltr'><strong>Joanne</strong></span> <span class='ocrx_word' id='word_1_167' title='bbox 1525 2272 1870 2345; x_wconf 75' lang='lat' dir='ltr'><strong>Baptista“.</strong></span> <span class='ocrx_word' id='word_1_168' title='bbox 1925 2293 1945 2326; x_wconf 74' lang='grc' dir='ltr'>ι</span> <span class='ocrx_word' id='word_1_169' title='bbox 2002 2274 2109 2329; x_wconf 90' lang='lat' dir='ltr'><strong>Sed</strong></span> 
     </span>
    </p>
   </div>
   <div class='ocr_carea' id='block_1_26' title="bbox 525 2361 2110 2437">
    <p class='ocr_par' dir='ltr' id='par_1_26' title="bbox 525 2361 2110 2437">
     <span class='ocr_line' id='line_1_26' title="bbox 525 2361 2110 2437; baseline 0.008 -25"><span class='ocrx_word' id='word_1_170' title='bbox 525 2361 680 2413; x_wconf 87' lang='lat' dir='ltr'><strong>illum</strong></span> <span class='ocrx_word' id='word_1_171' title='bbox 722 2361 859 2417; x_wconf 90' lang='lat' dir='ltr'><strong>adeo</strong></span> <span class='ocrx_word' id='word_1_172' title='bbox 888 2377 1143 2435; x_wconf 89' lang='lat' dir='ltr'><strong>magnum</strong></span> <span class='ocrx_word' id='word_1_173' title='bbox 1189 2374 1354 2437; x_wconf 87' lang='lat' dir='ltr'><strong>atque</strong></span> <span class='ocrx_word' id='word_1_174' title='bbox 1406 2366 1702 2422; x_wconf 87' lang='lat' dir='ltr'><strong>sublimem</strong></span> <span class='ocrx_word' id='word_1_175' title='bbox 1743 2383 1893 2424; x_wconf 88' lang='lat' dir='ltr'><strong>nunc</strong></span> <span class='ocrx_word' id='word_1_176' title='bbox 1931 2368 2110 2425; x_wconf 91' lang='lat' dir='ltr'><strong>intro-</strong></span> 
     </span>
    </p>
   </div>
   <div class='ocr_carea' id='block_1_27' title="bbox 524 2452 2109 2531">
    <p class='ocr_par' dir='ltr' id='par_1_27' title="bbox 524 2452 2109 2531">
     <span class='ocr_line' id='line_1_27' title="bbox 524 2452 2109 2531; baseline 0.005 -25"><span class='ocrx_word' id='word_1_177' title='bbox 524 2452 679 2507; x_wconf 85' lang='lat' dir='ltr'><strong>ducit</strong></span> <span class='ocrx_word' id='word_1_178' title='bbox 729 2454 1061 2512; x_wconf 88' lang='lat' dir='ltr'><strong>elamantem</strong></span> <span class='ocrx_word' id='word_1_179' title='bbox 1085 2497 1101 2523; x_wconf 94' lang='lat'><strong>,</strong></span> <span class='ocrx_word' id='word_1_180' title='bbox 1128 2465 1189 2512; x_wconf 91' lang='lat' dir='ltr'><strong>ut</strong></span> <span class='ocrx_word' id='word_1_181' title='bbox 1244 2458 1364 2528; x_wconf 87' lang='lat' dir='ltr'><strong>ipse</strong></span> <span class='ocrx_word' id='word_1_182' title='bbox 1400 2459 1508 2523; x_wconf 85' lang='lat' dir='ltr'><strong>ait,</strong></span> <span class='ocrx_word' id='word_1_183' title='bbox 1543 2468 1596 2514; x_wconf 89' lang='lat' dir='ltr'><strong>et</strong></span> <span class='ocrx_word' id='word_1_184' title='bbox 1625 2474 1822 2531; x_wconf 86' lang='lat' dir='ltr'><strong>magna</strong></span> <span class='ocrx_word' id='word_1_185' title='bbox 1865 2476 1998 2517; x_wconf 85' lang='lat' dir='ltr'><strong>voce</strong></span> <span class='ocrx_word' id='word_1_186' title='bbox 2025 2460 2109 2515; x_wconf 88' lang='lat' dir='ltr'><strong>di-</strong></span> 
     </span>
    </p>
   </div>
   <div class='ocr_carea' id='block_1_28' title="bbox 524 2544 2110 2619">
    <p class='ocr_par' dir='ltr' id='par_1_28' title="bbox 524 2544 2110 2619">
     <span class='ocr_line' id='line_1_28' title="bbox 524 2544 2110 2619; baseline 0.005 -20"><span class='ocrx_word' id='word_1_187' title='bbox 524 2554 740 2600; x_wconf 88' lang='lat' dir='ltr'><strong>centem</strong></span> <span class='ocrx_word' id='word_1_188' title='bbox 776 2564 789 2601; x_wconf 89' lang='lat'><strong>:</strong></span> <span class='ocrx_word' id='word_1_189' title='bbox 829 2565 847 2598; x_wconf 84' lang='grc'><strong>‹</strong></span> <span class='ocrx_word' id='word_1_190' title='bbox 884 2544 991 2613; x_wconf 85' lang='lat' dir='ltr'><strong>Qui</strong></span> <span class='ocrx_word' id='word_1_191' title='bbox 1032 2557 1161 2619; x_wconf 90' lang='lat' dir='ltr'><strong>post</strong></span> <span class='ocrx_word' id='word_1_192' title='bbox 1221 2564 1308 2604; x_wconf 87' lang='lat' dir='ltr'><strong>me</strong></span> <span class='ocrx_word' id='word_1_193' title='bbox 1361 2558 1627 2606; x_wconf 73' lang='lat' dir='ltr'><strong>venturus</strong></span> <span class='ocrx_word' id='word_1_194' title='bbox 1676 2559 1783 2617; x_wconf 88' lang='lat' dir='ltr'><strong>est,</strong></span> <span class='ocrx_word' id='word_1_195' title='bbox 1843 2561 1973 2608; x_wconf 86' lang='lat' dir='ltr'><strong>ante</strong></span> <span class='ocrx_word' id='word_1_196' title='bbox 2024 2568 2110 2607; x_wconf 80' lang='lat' dir='ltr'><strong>Ine</strong></span> 
     </span>
    </p>
   </div>
   <div class='ocr_carea' id='block_1_29' title="bbox 527 2636 2111 2712">
    <p class='ocr_par' dir='ltr' id='par_1_29' title="bbox 527 2636 2111 2712">
     <span class='ocr_line' id='line_1_29' title="bbox 527 2636 2111 2712; baseline 0.004 -22"><span class='ocrx_word' id='word_1_197' title='bbox 527 2636 710 2694; x_wconf 76' lang='lat' dir='ltr'><strong>factus</strong></span> <span class='ocrx_word' id='word_1_198' title='bbox 734 2646 838 2706; x_wconf 88' lang='lat' dir='ltr'><strong>est,</strong></span> <span class='ocrx_word' id='word_1_199' title='bbox 872 2638 999 2712; x_wconf 80' lang='lat' dir='ltr'><strong>quia</strong></span> <span class='ocrx_word' id='word_1_200' title='bbox 1032 2640 1184 2711; x_wconf 90' lang='lat' dir='ltr'><strong>prior</strong></span> <span class='ocrx_word' id='word_1_201' title='bbox 1214 2657 1302 2697; x_wconf 91' lang='lat' dir='ltr'><strong>me</strong></span> <span class='ocrx_word' id='word_1_202' title='bbox 1331 2653 1472 2698; x_wconf 89' lang='lat' dir='ltr'><strong>erat.</strong></span> <span class='ocrx_word' id='word_1_203' title='bbox 1505 2662 1525 2694; x_wconf 70' lang='grc' dir='ltr'>ι</span> <span class='ocrx_word' id='word_1_204' title='bbox 1556 2642 1694 2698; x_wconf 89' lang='lat' dir='ltr'><strong>Cum</strong></span> <span class='ocrx_word' id='word_1_205' title='bbox 1725 2651 1908 2700; x_wconf 88' lang='lat' dir='ltr'><strong>autem</strong></span> <span class='ocrx_word' id='word_1_206' title='bbox 1943 2642 2111 2699; x_wconf 84' lang='lat' dir='ltr'><strong>Joan-</strong></span> 
     </span>
    </p>
   </div>
   <div class='ocr_carea' id='block_1_30' title="bbox 526 2730 2107 2807">
    <p class='ocr_par' dir='ltr' id='par_1_30' title="bbox 526 2730 2107 2807">
     <span class='ocr_line' id='line_1_30' title="bbox 526 2730 2107 2807; baseline 0.004 -24"><span class='ocrx_word' id='word_1_207' title='bbox 526 2730 616 2784; x_wconf 86' lang='lat' dir='ltr'><strong>nis</strong></span> <span class='ocrx_word' id='word_1_208' title='bbox 644 2731 820 2800; x_wconf 90' lang='lat' dir='ltr'><strong>gloria</strong></span> <span class='ocrx_word' id='word_1_209' title='bbox 851 2730 1130 2804; x_wconf 84' lang='lat' dir='ltr'><strong>Unigeniti</strong></span> <span class='ocrx_word' id='word_1_210' title='bbox 1161 2734 1334 2804; x_wconf 82' lang='lat' dir='ltr'><strong>gloria</strong></span> <span class='ocrx_word' id='word_1_211' title='bbox 1357 2735 1430 2790; x_wconf 87' lang='lat' dir='ltr'><strong>sit</strong></span> <span class='ocrx_word' id='word_1_212' title='bbox 1458 2735 1712 2802; x_wconf 77' lang='lat' dir='ltr'><strong>inferior,</strong></span> <span class='ocrx_word' id='word_1_213' title='bbox 1735 2736 1898 2807; x_wconf 89' lang='lat' dir='ltr'><strong>eique</strong></span> <span class='ocrx_word' id='word_1_214' title='bbox 1918 2738 2107 2803; x_wconf 67' lang='lat' dir='ltr'><strong>cedat,</strong></span> 
     </span>
    </p>
   </div>
   <div class='ocr_carea' id='block_1_31' title="bbox 525 2823 2107 2899">
    <p class='ocr_par' dir='ltr' id='par_1_31' title="bbox 525 2823 2107 2899">
     <span class='ocr_line' id='line_1_31' title="bbox 525 2823 2107 2899; baseline 0.002 -20"><span class='ocrx_word' id='word_1_215' title='bbox 525 2823 780 2895; x_wconf 88' lang='lat' dir='ltr'><strong>sequitur</strong></span> <span class='ocrx_word' id='word_1_216' title='bbox 824 2825 1099 2882; x_wconf 88' lang='lat' dir='ltr'><strong>neminem</strong></span> <span class='ocrx_word' id='word_1_217' title='bbox 1164 2836 1483 2884; x_wconf 85' lang='lat' dir='ltr'><strong>sanctorum</strong></span> <span class='ocrx_word' id='word_1_218' title='bbox 1523 2827 1590 2883; x_wconf 89' lang='lat' dir='ltr'><strong>ad</strong></span> <span class='ocrx_word' id='word_1_219' title='bbox 1650 2827 1815 2884; x_wconf 86' lang='lat' dir='ltr'><strong>talem</strong></span> <span class='ocrx_word' id='word_1_220' title='bbox 1879 2827 2107 2899; x_wconf 85' lang='lat' dir='ltr'><strong>gloriam</strong></span> 
     </span>
    </p>
   </div>
   <div class='ocr_carea' id='block_1_32' title="bbox 523 2917 2108 2990">
    <p class='ocr_par' dir='ltr' id='par_1_32' title="bbox 523 2917 2108 2990">
     <span class='ocr_line' id='line_1_32' title="bbox 523 2917 2108 2990; baseline 0.002 -21"><span class='ocrx_word' id='word_1_221' title='bbox 523 2931 867 2987; x_wconf 90' lang='lat' dir='ltr'><strong>operumque</strong></span> <span class='ocrx_word' id='word_1_222' title='bbox 899 2917 1250 2989; x_wconf 86' lang='lat' dir='ltr'><strong>splendorem</strong></span> <span class='ocrx_word' id='word_1_223' title='bbox 1285 2920 1445 2976; x_wconf 82' lang='lat' dir='ltr'><strong>evehi</strong></span> <span class='ocrx_word' id='word_1_224' title='bbox 1492 2935 1657 2989; x_wconf 82' lang='lat' dir='ltr'><strong>posse</strong></span> <span class='ocrx_word' id='word_1_225' title='bbox 1706 2919 1891 2990; x_wconf 88' lang='lat' dir='ltr'><strong>qualis</strong></span> <span class='ocrx_word' id='word_1_226' title='bbox 1925 2929 2011 2975; x_wconf 88' lang='lat' dir='ltr'><strong>est</strong></span> <span class='ocrx_word' id='word_1_227' title='bbox 2052 2919 2108 2973; x_wconf 89' lang='lat' dir='ltr'><strong>in</strong></span> 
     </span>
    </p>
   </div>
   <div class='ocr_carea' id='block_1_33' title="bbox 529 3008 2108 3083">
    <p class='ocr_par' dir='ltr' id='par_1_33' title="bbox 529 3008 2108 3083">
     <span class='ocr_line' id='line_1_33' title="bbox 529 3008 2108 3083; baseline 0.006 -25"><span class='ocrx_word' id='word_1_228' title='bbox 529 3008 754 3065; x_wconf 76' lang='lat' dir='ltr'><strong>Christo</strong></span> <span class='ocrx_word' id='word_1_229' title='bbox 787 3009 1104 3066; x_wconf 83' lang='lat' dir='ltr'><strong>Salvatore.</strong></span> <span class='ocrx_word' id='word_1_230' title='bbox 1132 3010 1406 3077; x_wconf 88' lang='lat' dir='ltr'><strong>Quocirca</strong></span> <span class='ocrx_word' id='word_1_231' title='bbox 1440 3011 1618 3067; x_wconf 87' lang='lat' dir='ltr'><strong>sancti</strong></span> <span class='ocrx_word' id='word_1_232' title='bbox 1660 3012 1741 3067; x_wconf 85' lang='lat' dir='ltr'><strong>illi</strong></span> <span class='ocrx_word' id='word_1_233' title='bbox 1775 3011 1870 3083; x_wconf 90' lang='lat' dir='ltr'><strong>qui</strong></span> <span class='ocrx_word' id='word_1_234' title='bbox 1901 3010 2108 3068; x_wconf 85' lang='lat' dir='ltr'><strong>adven-</strong></span> 
     </span>
    </p>
   </div>
   <div class='ocr_carea' id='block_1_34' title="bbox 529 3101 2183 3180">
    <p class='ocr_par' dir='ltr' id='par_1_34' title="bbox 529 3101 2183 3180">
     <span class='ocr_line' id='line_1_34' title="bbox 529 3101 2183 3180; baseline -0.001 -25"><span class='ocrx_word' id='word_1_235' title='bbox 529 3109 617 3157; x_wconf 89' lang='lat' dir='ltr'><strong>tus</strong></span> <span class='ocrx_word' id='word_1_236' title='bbox 685 3102 1030 3172; x_wconf 85' lang='lat' dir='ltr'><strong>temporibus</strong></span> <span class='ocrx_word' id='word_1_237' title='bbox 1085 3103 1459 3166; x_wconf 78' lang='lat' dir='ltr'><strong>exstiterunt,</strong></span> <span class='ocrx_word' id='word_1_238' title='bbox 1512 3117 1639 3157; x_wconf 85' lang='lat' dir='ltr'><strong>cum</strong></span> <span class='ocrx_word' id='word_1_239' title='bbox 1709 3117 1822 3156; x_wconf 90' lang='lat' dir='ltr'><strong>non</strong></span> <span class='ocrx_word' id='word_1_240' title='bbox 1892 3101 2183 3180; x_wconf 75' lang='lat' dir='ltr'><strong>possintc</strong></span> 
     </span>
    </p>
   </div>
   <div class='ocr_carea' id='block_1_35' title="bbox 524 3189 2110 3261">
    <p class='ocr_par' dir='ltr' id='par_1_35' title="bbox 524 3189 2110 3261">
     <span class='ocr_line' id='line_1_35' title="bbox 524 3189 2110 3261; baseline 0.001 -15"><span class='ocrx_word' id='word_1_241' title='bbox 524 3206 743 3261; x_wconf 70' lang='lat' dir='ltr'><strong>aequare</strong></span> <span class='ocrx_word' id='word_1_242' title='bbox 769 3189 1005 3246; x_wconf 84' lang='lat' dir='ltr'><strong>Joannis</strong></span> <span class='ocrx_word' id='word_1_243' title='bbox 1036 3192 1332 3256; x_wconf 79' lang='lat' dir='ltr'><strong>virtutem,</strong></span> <span class='ocrx_word' id='word_1_244' title='bbox 1378 3206 1483 3247; x_wconf 89' lang='lat' dir='ltr'><strong>nec</strong></span> <span class='ocrx_word' id='word_1_245' title='bbox 1534 3192 1603 3247; x_wconf 92' lang='lat' dir='ltr'><strong>ad</strong></span> <span class='ocrx_word' id='word_1_246' title='bbox 1646 3192 1779 3247; x_wconf 87' lang='lat' dir='ltr'><strong>illud</strong></span> <span class='ocrx_word' id='word_1_247' title='bbox 1821 3192 2110 3261; x_wconf 84' lang='lat' dir='ltr'><strong>pervenire</strong></span> 
     </span>
    </p>
   </div>
   <div class='ocr_carea' id='block_1_36' title="bbox 510 3280 2110 3361">
    <p class='ocr_par' dir='ltr' id='par_1_36' title="bbox 510 3280 2110 3361">
     <span class='ocr_line' id='line_1_36' title="bbox 510 3280 2110 3361; baseline 0.002 -25"><span class='ocrx_word' id='word_1_248' title='bbox 510 3282 844 3353; x_wconf 81' lang='lat' dir='ltr'><strong>-t‘astiglum,</strong></span> <span class='ocrx_word' id='word_1_249' title='bbox 878 3280 1107 3338; x_wconf 83' lang='lat' dir='ltr'><strong>Christo</strong></span> <span class='ocrx_word' id='word_1_250' title='bbox 1144 3282 1344 3337; x_wconf 87' lang='lat' dir='ltr'><strong>cedent</strong></span> <span class='ocrx_word' id='word_1_251' title='bbox 1393 3298 1503 3337; x_wconf 91' lang='lat' dir='ltr'><strong>una</strong></span> <span class='ocrx_word' id='word_1_252' title='bbox 1558 3299 1683 3361; x_wconf 86' lang='lat' dir='ltr'><strong>cum</strong></span> <span class='ocrx_word' id='word_1_253' title='bbox 1739 3284 1883 3353; x_wconf 89' lang='lat' dir='ltr'><strong>ipso,</strong></span> <span class='ocrx_word' id='word_1_254' title='bbox 1936 3286 2110 3355; x_wconf 89' lang='lat' dir='ltr'><strong>siqui-</strong></span> 
     </span>
    </p>
   </div>
   <div class='ocr_carea' id='block_1_37' title="bbox 520 3371 2108 3443">
    <p class='ocr_par' dir='ltr' id='par_1_37' title="bbox 520 3371 2108 3443">
     <span class='ocr_line' id='line_1_37' title="bbox 520 3371 2108 3443; baseline 0.003 -16"><span class='ocrx_word' id='word_1_255' title='bbox 520 3373 646 3427; x_wconf 89' lang='lat' dir='ltr'><strong>dem</strong></span> <span class='ocrx_word' id='word_1_256' title='bbox 678 3372 877 3427; x_wconf 86' lang='lat' dir='ltr'><strong>beatus</strong></span> <span class='ocrx_word' id='word_1_257' title='bbox 915 3372 1008 3427; x_wconf 92' lang='lat' dir='ltr'><strong>ille</strong></span> <span class='ocrx_word' id='word_1_258' title='bbox 1043 3371 1292 3443; x_wconf 87' lang='lat' dir='ltr'><strong>Baptista</strong></span> <span class='ocrx_word' id='word_1_259' title='bbox 1316 3389 1595 3428; x_wconf 89' lang='lat' dir='ltr'><strong>summum</strong></span> <span class='ocrx_word' id='word_1_260' title='bbox 1638 3383 1833 3431; x_wconf 89' lang='lat' dir='ltr'><strong>tenens</strong></span> <span class='ocrx_word' id='word_1_261' title='bbox 1884 3376 2108 3431; x_wconf 90' lang='lat' dir='ltr'><strong>bonita-</strong></span> 
     </span>
    </p>
   </div>
   <div class='ocr_carea' id='block_1_38' title="bbox 488 3464 2106 3537">
    <p class='ocr_par' dir='ltr' id='par_1_38' title="bbox 488 3464 2106 3537">
     <span class='ocr_line' id='line_1_38' title="bbox 488 3464 2106 3537; baseline 0.004 -20"><span class='ocrx_word' id='word_1_262' title='bbox 488 3466 594 3520; x_wconf 84' lang='lat' dir='ltr'><strong>-tis</strong></span> <span class='ocrx_word' id='word_1_263' title='bbox 643 3479 950 3533; x_wconf 85' lang='lat' dir='ltr'><strong>cacumen,</strong></span> <span class='ocrx_word' id='word_1_264' title='bbox 1016 3464 1252 3535; x_wconf 86' lang='lat' dir='ltr'><strong>ejusque</strong></span> <span class='ocrx_word' id='word_1_265' title='bbox 1305 3465 1481 3537; x_wconf 83' lang='lat' dir='ltr'><strong>gloria</strong></span> <span class='ocrx_word' id='word_1_266' title='bbox 1531 3468 1668 3522; x_wconf 87' lang='lat' dir='ltr'><strong>nulli</strong></span> <span class='ocrx_word' id='word_1_267' title='bbox 1717 3469 1960 3532; x_wconf 85' lang='lat' dir='ltr'><strong>cedens,</strong></span> <span class='ocrx_word' id='word_1_268' title='bbox 1996 3486 2106 3524; x_wconf 91' lang='lat' dir='ltr'><strong>non</strong></span> 
     </span>
    </p>
   </div>
   <div class='ocr_carea' id='block_1_39' title="bbox 522 3555 2102 3631">
    <p class='ocr_par' dir='ltr' id='par_1_39' title="bbox 522 3555 2102 3631">
     <span class='ocr_line' id='line_1_39' title="bbox 522 3555 2102 3631; baseline 0.006 -24"><span class='ocrx_word' id='word_1_269' title='bbox 522 3556 756 3610; x_wconf 87' lang='lat' dir='ltr'><strong>aliorum</strong></span> <span class='ocrx_word' id='word_1_270' title='bbox 790 3570 924 3610; x_wconf 83' lang='lat' dir='ltr'><strong>voce</strong></span> <span class='ocrx_word' id='word_1_271' title='bbox 952 3555 1049 3610; x_wconf 91' lang='lat' dir='ltr'><strong>sed</strong></span> <span class='ocrx_word' id='word_1_272' title='bbox 1080 3570 1183 3611; x_wconf 89' lang='lat' dir='ltr'><strong>sua</strong></span> <span class='ocrx_word' id='word_1_273' title='bbox 1219 3557 1337 3626; x_wconf 91' lang='lat' dir='ltr'><strong>ipse</strong></span> <span class='ocrx_word' id='word_1_274' title='bbox 1364 3556 1717 3614; x_wconf 80' lang='lat' dir='ltr'><strong>confessione</strong></span> <span class='ocrx_word' id='word_1_275' title='bbox 1756 3559 1915 3631; x_wconf 86' lang='lat' dir='ltr'><strong>longe</strong></span> <span class='ocrx_word' id='word_1_276' title='bbox 1947 3560 2102 3631; x_wconf 71' lang='grc' dir='ltr'><strong>ιο]</strong></span> 
     </span>
    </p>
   </div>
   <div class='ocr_carea' id='block_1_40' title="bbox 525 3646 2104 3723">
    <p class='ocr_par' dir='ltr' id='par_1_40' title="bbox 525 3646 2104 3723">
     <span class='ocr_line' id='line_1_40' title="bbox 525 3646 2104 3723; baseline 0.005 -23"><span class='ocrx_word' id='word_1_277' title='bbox 525 3646 798 3701; x_wconf 89' lang='lat' dir='ltr'><strong>minorem</strong></span> <span class='ocrx_word' id='word_1_278' title='bbox 852 3662 912 3704; x_wconf 89' lang='lat' dir='ltr'><strong>se</strong></span> <span class='ocrx_word' id='word_1_279' title='bbox 968 3646 1196 3704; x_wconf 85' lang='lat' dir='ltr'><strong>Christo</strong></span> <span class='ocrx_word' id='word_1_280' title='bbox 1248 3649 1606 3719; x_wconf 65' lang='lat' dir='ltr'><strong>praedicavit,</strong></span> <span class='ocrx_word' id='word_1_281' title='bbox 1647 3650 1868 3719; x_wconf 84' lang='lat' dir='ltr'><strong>dicens,</strong></span> <span class='ocrx_word' id='word_1_282' title='bbox 1927 3652 2104 3723; x_wconf 82' lang='lat' dir='ltr'><strong>ipsum</strong></span> 
     </span>
    </p>
   </div>
   <div class='ocr_carea' id='block_1_41' title="bbox 522 3738 2107 3804">
    <p class='ocr_par' dir='ltr' id='par_1_41' title="bbox 522 3738 2107 3804">
     <span class='ocr_line' id='line_1_41' title="bbox 522 3738 2107 3804; baseline 0.004 -14"><span class='ocrx_word' id='word_1_283' title='bbox 522 3753 654 3793; x_wconf 90' lang='lat' dir='ltr'><strong>vere</strong></span> <span class='ocrx_word' id='word_1_284' title='bbox 682 3745 939 3794; x_wconf 89' lang='lat' dir='ltr'><strong>sanctum</strong></span> <span class='ocrx_word' id='word_1_285' title='bbox 980 3754 1126 3795; x_wconf 85' lang='lat' dir='ltr'><strong>esse.</strong></span> <span class='ocrx_word' id='word_1_286' title='bbox 1170 3738 1441 3804; x_wconf 84' lang='lat' dir='ltr'><strong>Quoniam</strong></span> <span class='ocrx_word' id='word_1_287' title='bbox 1496 3749 1679 3797; x_wconf 90' lang='lat' dir='ltr'><strong>autem</strong></span> <span class='ocrx_word' id='word_1_288' title='bbox 1718 3742 2107 3799; x_wconf 84' lang='lat' dir='ltr'><strong>demonstran-</strong></span> 
     </span>
    </p>
   </div>
   <div class='ocr_carea' id='block_1_42' title="bbox 522 3829 2101 3905">
    <p class='ocr_par' dir='ltr' id='par_1_42' title="bbox 522 3829 2101 3905">
     <span class='ocr_line' id='line_1_42' title="bbox 522 3829 2101 3905; baseline 0.003 -20"><span class='ocrx_word' id='word_1_289' title='bbox 522 3831 653 3886; x_wconf 87' lang='lat' dir='ltr'><strong>dum</strong></span> <span class='ocrx_word' id='word_1_290' title='bbox 680 3842 802 3887; x_wconf 87' lang='lat' dir='ltr'><strong>erat</strong></span> <span class='ocrx_word' id='word_1_291' title='bbox 839 3829 1249 3888; x_wconf 85' lang='lat' dir='ltr'><strong>Emmanuelem</strong></span> <span class='ocrx_word' id='word_1_292' title='bbox 1278 3836 1710 3903; x_wconf 73' lang='lat' dir='ltr'><strong>praestantiorem</strong></span> <span class='ocrx_word' id='word_1_293' title='bbox 1752 3844 1808 3891; x_wconf 88' lang='lat' dir='ltr'><strong>et</strong></span> <span class='ocrx_word' id='word_1_294' title='bbox 1835 3835 2101 3905; x_wconf 86' lang='lat' dir='ltr'><strong>majorem</strong></span> 
     </span>
    </p>
   </div>
   <div class='ocr_carea' id='block_1_43' title="bbox 523 3921 2104 3993">
    <p class='ocr_par' dir='ltr' id='par_1_43' title="bbox 523 3921 2104 3993">
     <span class='ocr_line' id='line_1_43' title="bbox 523 3921 2104 3993; baseline 0.001 -16"><span class='ocrx_word' id='word_1_295' title='bbox 523 3936 649 3978; x_wconf 87' lang='lat' dir='ltr'><strong>esse</strong></span> <span class='ocrx_word' id='word_1_296' title='bbox 682 3921 885 3993; x_wconf 86' lang='lat' dir='ltr'><strong>priscis</strong></span> <span class='ocrx_word' id='word_1_297' title='bbox 911 3922 1019 3977; x_wconf 92' lang='lat' dir='ltr'><strong>illis</strong></span> <span class='ocrx_word' id='word_1_298' title='bbox 1067 3923 1312 3989; x_wconf 82' lang='lat' dir='ltr'><strong>sanctis,</strong></span> <span class='ocrx_word' id='word_1_299' title='bbox 1354 3925 1670 3980; x_wconf 85' lang='lat' dir='ltr'><strong>necessario</strong></span> <span class='ocrx_word' id='word_1_300' title='bbox 1700 3924 1897 3982; x_wconf 87' lang='lat' dir='ltr'><strong>beatus</strong></span> <span class='ocrx_word' id='word_1_301' title='bbox 1934 3940 2104 3981; x_wconf 87' lang='lat' dir='ltr'><strong>evan-</strong></span> 
     </span>
    </p>
   </div>
   <div class='ocr_carea' id='block_1_44' title="bbox 520 4013 2106 4087">
    <p class='ocr_par' dir='ltr' id='par_1_44' title="bbox 520 4013 2106 4087">
     <span class='ocr_line' id='line_1_44' title="bbox 520 4013 2106 4087; baseline 0.002 -18"><span class='ocrx_word' id='word_1_302' title='bbox 520 4015 716 4087; x_wconf 90' lang='lat' dir='ltr'><strong>gelista</strong></span> <span class='ocrx_word' id='word_1_303' title='bbox 747 4014 815 4068; x_wconf 88' lang='lat' dir='ltr'><strong>ad</strong></span> <span class='ocrx_word' id='word_1_304' title='bbox 868 4013 1055 4072; x_wconf 77' lang='lat' dir='ltr'><strong>Mosen</strong></span> <span class='ocrx_word' id='word_1_305' title='bbox 1105 4017 1342 4087; x_wconf 89' lang='lat' dir='ltr'><strong>primum</strong></span> <span class='ocrx_word' id='word_1_306' title='bbox 1380 4031 1664 4072; x_wconf 88' lang='lat' dir='ltr'><strong>sacrorum</strong></span> <span class='ocrx_word' id='word_1_307' title='bbox 1698 4018 2009 4072; x_wconf 81' lang='lat' dir='ltr'><strong>antistitem</strong></span> <span class='ocrx_word' id='word_1_308' title='bbox 2045 4032 2106 4072; x_wconf 81' lang='lat' dir='ltr'><strong>se</strong></span> 
     </span>
    </p>
   </div>
   <div class='ocr_carea' id='block_1_45' title="bbox 523 4102 2105 4175">
    <p class='ocr_par' dir='ltr' id='par_1_45' title="bbox 523 4102 2105 4175">
     <span class='ocr_line' id='line_1_45' title="bbox 523 4102 2105 4175; baseline 0.001 -16"><span class='ocrx_word' id='word_1_309' title='bbox 523 4103 772 4169; x_wconf 83' lang='lat' dir='ltr'><strong>confert,</strong></span> <span class='ocrx_word' id='word_1_310' title='bbox 794 4103 861 4159; x_wconf 88' lang='lat' dir='ltr'><strong>ad</strong></span> <span class='ocrx_word' id='word_1_311' title='bbox 890 4118 1051 4175; x_wconf 91' lang='lat' dir='ltr'><strong>quem</strong></span> <span class='ocrx_word' id='word_1_312' title='bbox 1081 4119 1113 4158; x_wconf 87' lang='lat' dir='ltr'><strong>a</strong></span> <span class='ocrx_word' id='word_1_313' title='bbox 1155 4102 1265 4160; x_wconf 88' lang='lat' dir='ltr'><strong>Deo</strong></span> <span class='ocrx_word' id='word_1_314' title='bbox 1309 4105 1518 4160; x_wconf 89' lang='lat' dir='ltr'><strong>dictum</strong></span> <span class='ocrx_word' id='word_1_315' title='bbox 1548 4113 1671 4162; x_wconf 90' lang='lat' dir='ltr'><strong>est:</strong></span> <span class='ocrx_word' id='word_1_316' title='bbox 1703 4124 1720 4156; x_wconf 87' lang='grc'><em>‹</em></span> <span class='ocrx_word' id='word_1_317' title='bbox 1756 4105 1886 4161; x_wconf 86' lang='lat' dir='ltr'><strong>Scio</strong></span> <span class='ocrx_word' id='word_1_318' title='bbox 1911 4113 1963 4159; x_wconf 93' lang='lat' dir='ltr'><strong>te</strong></span> <span class='ocrx_word' id='word_1_319' title='bbox 1993 4120 2105 4175; x_wconf 75' lang='lat' dir='ltr'><strong>pra:</strong></span> 
     </span>
    </p>
   </div>
   <div class='ocr_carea' id='block_1_46' title="bbox 521 4195 2105 4269">
    <p class='ocr_par' dir='ltr' id='par_1_46' title="bbox 521 4195 2105 4269">
     <span class='ocr_line' id='line_1_46' title="bbox 521 4195 2105 4269; baseline -0.001 -16"><span class='ocrx_word' id='word_1_320' title='bbox 521 4197 802 4266; x_wconf 87' lang='lat' dir='ltr'><strong>omnibus,</strong></span> <span class='ocrx_word' id='word_1_321' title='bbox 837 4205 893 4254; x_wconf 86' lang='lat' dir='ltr'><strong>et</strong></span> <span class='ocrx_word' id='word_1_322' title='bbox 922 4197 1157 4268; x_wconf 84' lang='lat' dir='ltr'><strong>gratiam</strong></span> <span class='ocrx_word' id='word_1_323' title='bbox 1189 4197 1451 4254; x_wconf 78' lang='lat' dir='ltr'><strong>invenisti</strong></span> <span class='ocrx_word' id='word_1_324' title='bbox 1479 4198 1625 4269; x_wconf 89' lang='lat' dir='ltr'><strong>apud</strong></span> <span class='ocrx_word' id='word_1_325' title='bbox 1651 4214 1738 4254; x_wconf 88' lang='lat' dir='ltr'><strong>me</strong></span> <span class='ocrx_word' id='word_1_326' title='bbox 1756 4199 1821 4252; x_wconf 77' lang='lat'><strong>&quot;.</strong></span> <span class='ocrx_word' id='word_1_327' title='bbox 1859 4216 1877 4248; x_wconf 74' lang='grc' dir='ltr'><strong>ι</strong></span> <span class='ocrx_word' id='word_1_328' title='bbox 1914 4195 2105 4252; x_wconf 85' lang='lat' dir='ltr'><strong>Notio-</strong></span> 
     </span>
    </p>
   </div>
   <div class='ocr_carea' id='block_1_47' title="bbox 440 4287 2105 4359">
    <p class='ocr_par' dir='ltr' id='par_1_47' title="bbox 440 4287 2105 4359">
     <span class='ocr_line' id='line_1_47' title="bbox 440 4287 2105 4359; baseline 0.001 -16"><span class='ocrx_word' id='word_1_329' title='bbox 440 4298 443 4301; x_wconf 86' lang='lat'>&#39;</span> <span class='ocrx_word' id='word_1_330' title='bbox 523 4305 636 4343; x_wconf 89' lang='lat' dir='ltr'><strong>rem</strong></span> <span class='ocrx_word' id='word_1_331' title='bbox 678 4302 808 4344; x_wconf 90' lang='lat' dir='ltr'><strong>vero</strong></span> <span class='ocrx_word' id='word_1_332' title='bbox 858 4302 975 4359; x_wconf 66' lang='lat' dir='ltr'><strong>pra:</strong></span> <span class='ocrx_word' id='word_1_333' title='bbox 1024 4288 1241 4345; x_wconf 72' lang='lat' dir='ltr'><strong>caeteris</strong></span> <span class='ocrx_word' id='word_1_334' title='bbox 1289 4288 1399 4345; x_wconf 90' lang='lat' dir='ltr'><strong>Deo</strong></span> <span class='ocrx_word' id='word_1_335' title='bbox 1454 4287 1628 4345; x_wconf 82' lang='lat' dir='ltr'><strong>fuisse</strong></span> <span class='ocrx_word' id='word_1_336' title='bbox 1698 4288 1829 4343; x_wconf 90' lang='lat' dir='ltr'><strong>hinc</strong></span> <span class='ocrx_word' id='word_1_337' title='bbox 1883 4302 2105 4358; x_wconf 89' lang='lat' dir='ltr'><strong>quoque</strong></span> 
     </span>
    </p>
   </div>
   <div class='ocr_carea' id='block_1_48' title="bbox 523 4378 2101 4451">
    <p class='ocr_par' dir='ltr' id='par_1_48' title="bbox 523 4378 2101 4451">
     <span class='ocr_line' id='line_1_48' title="bbox 523 4378 2101 4451; baseline -0.002 -14"><span class='ocrx_word' id='word_1_338' title='bbox 523 4382 664 4437; x_wconf 89' lang='lat' dir='ltr'><strong>scire</strong></span> <span class='ocrx_word' id='word_1_339' title='bbox 694 4394 993 4451; x_wconf 90' lang='lat' dir='ltr'><strong>possumus</strong></span> <span class='ocrx_word' id='word_1_340' title='bbox 1035 4395 1048 4431; x_wconf 87' lang='lat'><strong>:</strong></span> <span class='ocrx_word' id='word_1_341' title='bbox 1093 4397 1112 4431; x_wconf 74' lang='grc' dir='ltr'>ι</span> <span class='ocrx_word' id='word_1_342' title='bbox 1176 4378 1232 4434; x_wconf 83' lang='lat' dir='ltr'><strong>Si</strong></span> <span class='ocrx_word' id='word_1_343' title='bbox 1272 4378 1442 4436; x_wconf 78' lang='lat' dir='ltr'><strong>fuerit</strong></span> <span class='ocrx_word' id='word_1_344' title='bbox 1483 4379 1751 4451; x_wconf 89' lang='lat' dir='ltr'><strong>propheta</strong></span> <span class='ocrx_word' id='word_1_345' title='bbox 1800 4394 1865 4433; x_wconf 77' lang='lat' dir='ltr'><strong>ex</strong></span> <span class='ocrx_word' id='word_1_346' title='bbox 1907 4379 2101 4443; x_wconf 82' lang='lat' dir='ltr'><strong>vobis,</strong></span> 
     </span>
    </p>
   </div>
   <div class='ocr_carea' id='block_1_49' title="bbox 2212 517 3813 595">
    <p class='ocr_par' dir='ltr' id='par_1_49' title="bbox 2212 517 3813 595">
     <span class='ocr_line' id='line_1_49' title="bbox 2212 517 3813 595; baseline -0.002 -18"><span class='ocrx_word' id='word_1_347' title='bbox 2212 524 2369 577; x_wconf 84' lang='grc' dir='ltr'>Μετά</span> <span class='ocrx_word' id='word_1_348' title='bbox 2391 524 2500 595; x_wconf 74' lang='grc' dir='ltr'>γὰρ</span> <span class='ocrx_word' id='word_1_349' title='bbox 2523 524 2620 578; x_wconf 77' lang='grc' dir='ltr'>τοῦ</span> <span class='ocrx_word' id='word_1_350' title='bbox 2657 520 2820 588; x_wconf 76' lang='grc' dir='ltr'>εἶναι,</span> <span class='ocrx_word' id='word_1_351' title='bbox 2847 525 2943 577; x_wconf 74' lang='grc' dir='ltr'>καὶ</span> <span class='ocrx_word' id='word_1_352' title='bbox 2978 523 3039 576; x_wconf 76' lang='grc' dir='ltr'>τὸ</span> <span class='ocrx_word' id='word_1_353' title='bbox 3064 517 3124 577; x_wconf 78' lang='grc' dir='ltr'>εὖ</span> <span class='ocrx_word' id='word_1_354' title='bbox 3170 519 3311 577; x_wconf 81' lang='grc' dir='ltr'>εἶναι</span> <span class='ocrx_word' id='word_1_355' title='bbox 3352 521 3579 576; x_wconf 84' lang='grc' dir='ltr'>τοιῶσδε</span> <span class='ocrx_word' id='word_1_356' title='bbox 3618 523 3813 593; x_wconf 84' lang='grc' dir='ltr'>τυχὸν,</span> 
     </span>
    </p>
   </div>
   <div class='ocr_carea' id='block_1_50' title="bbox 2216 613 3808 689">
    <p class='ocr_par' dir='ltr' id='par_1_50' title="bbox 2216 613 3808 689">
     <span class='ocr_line' id='line_1_50' title="bbox 2216 613 3808 689; baseline -0.001 -19"><span class='ocrx_word' id='word_1_357' title='bbox 2216 620 2282 689; x_wconf 75' lang='grc' dir='ltr'>τῇ</span> <span class='ocrx_word' id='word_1_358' title='bbox 2309 620 2486 672; x_wconf 82' lang='grc' dir='ltr'><strong>κτίσει</strong></span> <span class='ocrx_word' id='word_1_359' title='bbox 2512 618 2813 682; x_wconf 79' lang='grc' dir='ltr'><strong>θεόσδοτον,</strong></span> <span class='ocrx_word' id='word_1_360' title='bbox 2845 617 2959 687; x_wconf 75' lang='grc' dir='ltr'>ἔχει</span> <span class='ocrx_word' id='word_1_361' title='bbox 2993 616 3051 670; x_wconf 83' lang='grc' dir='ltr'>δὲ</span> <span class='ocrx_word' id='word_1_362' title='bbox 3076 616 3287 669; x_wconf 74' lang='grc' dir='ltr'>οἴκοθεν</span> <span class='ocrx_word' id='word_1_363' title='bbox 3309 614 3482 679; x_wconf 80' lang='grc' dir='ltr'>οὐδὲν,</span> <span class='ocrx_word' id='word_1_364' title='bbox 3506 613 3728 669; x_wconf 80' lang='grc' dir='ltr'>πλουτεῖ</span> <span class='ocrx_word' id='word_1_365' title='bbox 3746 614 3808 668; x_wconf 83' lang='grc' dir='ltr'>δὲ</span> 
     </span>
    </p>
   </div>
   <div class='ocr_carea' id='block_1_51' title="bbox 2217 704 3805 779">
    <p class='ocr_par' dir='ltr' id='par_1_51' title="bbox 2217 704 3805 779">
     <span class='ocr_line' id='line_1_51' title="bbox 2217 704 3805 779; baseline -0.003 -18"><span class='ocrx_word' id='word_1_366' title='bbox 2217 708 2388 779; x_wconf 86' lang='grc' dir='ltr'>μόνην</span> <span class='ocrx_word' id='word_1_367' title='bbox 2424 709 2524 778; x_wconf 76' lang='grc' dir='ltr'>τὴν</span> <span class='ocrx_word' id='word_1_368' title='bbox 2564 707 2657 762; x_wconf 78' lang='grc' dir='ltr'>τοῦ</span> <span class='ocrx_word' id='word_1_369' title='bbox 2702 708 2938 771; x_wconf 80' lang='grc' dir='ltr'><strong>διδόντος</strong></span> <span class='ocrx_word' id='word_1_370' title='bbox 2969 706 3302 777; x_wconf 82' lang='grc' dir='ltr'>φιλοτιμίαν.</span> <span class='ocrx_word' id='word_1_371' title='bbox 3357 704 3699 776; x_wconf 83' lang='grc' dir='ltr'>Σημειωτέον</span> <span class='ocrx_word' id='word_1_372' title='bbox 3745 704 3805 757; x_wconf 76' lang='grc' dir='ltr'>δὲ</span> 
     </span>
    </p>
   </div>
   <div class='ocr_carea' id='block_1_52' title="bbox 2213 798 3809 871">
    <p class='ocr_par' dir='ltr' id='par_1_52' title="bbox 2213 798 3809 871">
     <span class='ocr_line' id='line_1_52' title="bbox 2213 798 3809 871; baseline 0.001 -21"><span class='ocrx_word' id='word_1_373' title='bbox 2213 799 2401 865; x_wconf 84' lang='grc' dir='ltr'>πάλιν,</span> <span class='ocrx_word' id='word_1_374' title='bbox 2448 800 2531 854; x_wconf 81' lang='grc' dir='ltr'>ὅτι</span> <span class='ocrx_word' id='word_1_375' title='bbox 2582 799 2799 871; x_wconf 76' lang='grc' dir='ltr'>πλήρη,</span> <span class='ocrx_word' id='word_1_376' title='bbox 2841 798 2986 853; x_wconf 79' lang='grc' dir='ltr'>τοῦτ’</span> <span class='ocrx_word' id='word_1_377' title='bbox 3019 798 3187 864; x_wconf 77' lang='grc' dir='ltr'>ἐστιν,</span> <span class='ocrx_word' id='word_1_378' title='bbox 3219 801 3277 852; x_wconf 81' lang='grc' dir='ltr'>ὲν</span> <span class='ocrx_word' id='word_1_379' title='bbox 3316 801 3451 853; x_wconf 78' lang='grc' dir='ltr'>πᾶσι</span> <span class='ocrx_word' id='word_1_380' title='bbox 3487 798 3809 853; x_wconf 80' lang='grc' dir='ltr'>παντέλειον</span> 
     </span>
    </p>
   </div>
   <div class='ocr_carea' id='block_1_53' title="bbox 2211 885 3809 962">
    <p class='ocr_par' dir='ltr' id='par_1_53' title="bbox 2211 885 3809 962">
     <span class='ocr_line' id='line_1_53' title="bbox 2211 885 3809 962; baseline 0.001 -19"><span class='ocrx_word' id='word_1_381' title='bbox 2211 885 2350 944; x_wconf 79' lang='grc' dir='ltr'>εἷναί</span> <span class='ocrx_word' id='word_1_382' title='bbox 2379 909 2515 962; x_wconf 83' lang='grc' dir='ltr'>φησι</span> <span class='ocrx_word' id='word_1_383' title='bbox 2535 892 2626 946; x_wconf 75' lang='grc' dir='ltr'>τὸν</span> <span class='ocrx_word' id='word_1_384' title='bbox 2649 892 2799 956; x_wconf 83' lang='grc' dir='ltr'>Υίὸν,</span> <span class='ocrx_word' id='word_1_385' title='bbox 2824 892 2919 944; x_wconf 77' lang='grc' dir='ltr'>καὶ</span> <span class='ocrx_word' id='word_1_386' title='bbox 2941 891 3193 944; x_wconf 73' lang='grc' dir='ltr'>τοσοῦτον</span> <span class='ocrx_word' id='word_1_387' title='bbox 3222 890 3512 961; x_wconf 73' lang='grc' dir='ltr'><strong>ἀφεστῶτα</strong></span> <span class='ocrx_word' id='word_1_388' title='bbox 3533 891 3641 943; x_wconf 82' lang='grc' dir='ltr'>τῶν</span> <span class='ocrx_word' id='word_1_389' title='bbox 3660 890 3809 945; x_wconf 85' lang='grc' dir='ltr'>κατά</span> 
     </span>
    </p>
   </div>
   <div class='ocr_carea' id='block_1_54' title="bbox 2212 981 3809 1052">
    <p class='ocr_par' dir='ltr' id='par_1_54' title="bbox 2212 981 3809 1052">
     <span class='ocr_line' id='line_1_54' title="bbox 2212 981 3809 1052; baseline 0 -16"><span class='ocrx_word' id='word_1_390' title='bbox 2212 1001 2265 1036; x_wconf 91' lang='grc' dir='ltr'><strong>τι</strong></span> <span class='ocrx_word' id='word_1_391' title='bbox 2306 983 2438 1052; x_wconf 80' lang='grc' dir='ltr'>γοῦν</span> <span class='ocrx_word' id='word_1_392' title='bbox 2488 985 2681 1039; x_wconf 81' lang='grc' dir='ltr'><strong>ἐπιδεᾶ</strong></span> <span class='ocrx_word' id='word_1_393' title='bbox 2722 984 3086 1047; x_wconf 85' lang='grc' dir='ltr'>καθεστᾶναι,</span> <span class='ocrx_word' id='word_1_394' title='bbox 3122 983 3198 1046; x_wconf 81' lang='grc' dir='ltr'>ὡς</span> <span class='ocrx_word' id='word_1_395' title='bbox 3230 982 3325 1036; x_wconf 77' lang='grc' dir='ltr'>καὶ</span> <span class='ocrx_word' id='word_1_396' title='bbox 3370 984 3504 1036; x_wconf 78' lang='grc' dir='ltr'>πᾶσι</span> <span class='ocrx_word' id='word_1_397' title='bbox 3541 981 3809 1037; x_wconf 85' lang='grc' dir='ltr'>δύνασθαι</span> 
     </span>
    </p>
   </div>
   <div class='ocr_carea' id='block_1_55' title="bbox 2218 1074 3812 1148">
    <p class='ocr_par' dir='ltr' id='par_1_55' title="bbox 2218 1074 3812 1148">
     <span class='ocr_line' id='line_1_55' title="bbox 2218 1074 3812 1148; baseline -0.002 -19"><span class='ocrx_word' id='word_1_398' title='bbox 2218 1080 2498 1148; x_wconf 82' lang='grc' dir='ltr'><strong>χορηγεῖν,</strong></span> <span class='ocrx_word' id='word_1_399' title='bbox 2522 1132 2525 1135; x_wconf 30' lang='grc' dir='ltr'><strong>λ</strong></span> <span class='ocrx_word' id='word_1_400' title='bbox 2551 1075 2614 1130; x_wconf 80' lang='grc' dir='ltr'><strong>τδ</strong></span> <span class='ocrx_word' id='word_1_401' title='bbox 2666 1076 3020 1130; x_wconf 77' lang='grc' dir='ltr'>ἐλαττοῦσθαι</span> <span class='ocrx_word' id='word_1_402' title='bbox 3070 1075 3525 1147; x_wconf 79' lang='grc' dir='ltr'>παραιτούμενον,</span> <span class='ocrx_word' id='word_1_403' title='bbox 3576 1074 3812 1145; x_wconf 77' lang='grc' dir='ltr'>καὶτῆς</span> 
     </span>
    </p>
   </div>
   <div class='ocr_carea' id='block_1_56' title="bbox 2210 1166 3812 1241">
    <p class='ocr_par' dir='ltr' id='par_1_56' title="bbox 2210 1166 3812 1241">
     <span class='ocr_line' id='line_1_56' title="bbox 2210 1166 3812 1241; baseline -0.001 -19"><span class='ocrx_word' id='word_1_404' title='bbox 2210 1170 2419 1230; x_wconf 75' lang='grc' dir='ltr'>οἰκείας</span> <span class='ocrx_word' id='word_1_405' title='bbox 2457 1170 2730 1241; x_wconf 81' lang='grc' dir='ltr'><strong>ὑπεροχῆς</strong></span> <span class='ocrx_word' id='word_1_406' title='bbox 2756 1168 2931 1223; x_wconf 80' lang='grc' dir='ltr'>ἀεὶτὸ</span> <span class='ocrx_word' id='word_1_407' title='bbox 2979 1167 3212 1239; x_wconf 83' lang='grc' dir='ltr'>μέγεθος</span> <span class='ocrx_word' id='word_1_408' title='bbox 3261 1169 3319 1220; x_wconf 79' lang='grc' dir='ltr'>ὲν</span> <span class='ocrx_word' id='word_1_409' title='bbox 3363 1166 3657 1237; x_wconf 74' lang='grc' dir='ltr'>ταυτότητι</span> <span class='ocrx_word' id='word_1_410' title='bbox 3688 1167 3812 1221; x_wconf 76' lang='grc' dir='ltr'>δια-</span> 
     </span>
    </p>
   </div>
   <div class='ocr_carea' id='block_1_57' title="bbox 2215 1258 3756 1323">
    <p class='ocr_par' dir='ltr' id='par_1_57' title="bbox 2215 1258 3756 1323">
     <span class='ocr_line' id='line_1_57' title="bbox 2215 1258 3756 1323; baseline 0.005 -11"><span class='ocrx_word' id='word_1_411' title='bbox 2215 1258 2477 1323; x_wconf 72' lang='grc' dir='ltr'>σῴζοντα.</span> <span class='ocrx_word' id='word_1_412' title='bbox 3750 1299 3756 1304; x_wconf 93' lang='grc'><strong><em>-</em></strong></span> 
     </span>
    </p>
   </div>
   <div class='ocr_carea' id='block_1_58' title="bbox 2286 1348 3811 1421">
    <p class='ocr_par' dir='ltr' id='par_1_58' title="bbox 2286 1348 3811 1421">
     <span class='ocr_line' id='line_1_58' title="bbox 2286 1348 3811 1421; baseline -0.001 -16"><span class='ocrx_word' id='word_1_413' title='bbox 2286 1352 2396 1405; x_wconf 78' lang='grc' dir='ltr'><strong>Καὶ</strong></span> <span class='ocrx_word' id='word_1_414' title='bbox 2432 1351 2607 1420; x_wconf 81' lang='grc' dir='ltr'>χάριν</span> <span class='ocrx_word' id='word_1_415' title='bbox 2642 1353 2775 1407; x_wconf 76' lang='grc' dir='ltr'>ἀντὶ</span> <span class='ocrx_word' id='word_1_416' title='bbox 2810 1350 3070 1421; x_wconf 74' lang='grc' dir='ltr'>χάριτος·</span> <span class='ocrx_word' id='word_1_417' title='bbox 3116 1349 3202 1404; x_wconf 85' lang='grc' dir='ltr'>ὅτι</span> <span class='ocrx_word' id='word_1_418' title='bbox 3257 1353 3291 1404; x_wconf 83' lang='grc' dir='ltr'><strong>ό</strong></span> <span class='ocrx_word' id='word_1_419' title='bbox 3338 1350 3522 1419; x_wconf 79' lang='grc' dir='ltr'>νόμος</span> <span class='ocrx_word' id='word_1_420' title='bbox 3550 1348 3652 1404; x_wconf 80' lang='grc' dir='ltr'>διὰ</span> <span class='ocrx_word' id='word_1_421' title='bbox 3673 1353 3811 1406; x_wconf 75' lang='grc' dir='ltr'><strong>Μω-</strong></span> 
     </span>
    </p>
   </div>
   <div class='ocr_carea' id='block_1_59' title="bbox 2211 1440 3813 1513">
    <p class='ocr_par' dir='ltr' id='par_1_59' title="bbox 2211 1440 3813 1513">
     <span class='ocr_line' id='line_1_59' title="bbox 2211 1440 3813 1513; baseline -0.001 -14"><span class='ocrx_word' id='word_1_422' title='bbox 2211 1444 2365 1511; x_wconf 84' lang='grc' dir='ltr'>σέως</span> <span class='ocrx_word' id='word_1_423' title='bbox 2386 1444 2588 1512; x_wconf 80' lang='grc' dir='ltr'><strong>ἐδόθη,</strong></span> <span class='ocrx_word' id='word_1_424' title='bbox 2631 1446 2671 1513; x_wconf 75' lang='grc' dir='ltr'><em>ὴ</em></span> <span class='ocrx_word' id='word_1_425' title='bbox 2727 1443 2903 1513; x_wconf 77' lang='grc' dir='ltr'>χάρις</span> <span class='ocrx_word' id='word_1_426' title='bbox 2958 1443 3055 1498; x_wconf 80' lang='grc' dir='ltr'>καὶ</span> <span class='ocrx_word' id='word_1_427' title='bbox 3088 1444 3127 1512; x_wconf 73' lang='grc' dir='ltr'><strong><em>ἠ</em></strong></span> <span class='ocrx_word' id='word_1_428' title='bbox 3173 1440 3426 1512; x_wconf 69' lang='grc' dir='ltr'>ἀλήθεια</span> <span class='ocrx_word' id='word_1_429' title='bbox 3458 1442 3558 1498; x_wconf 84' lang='grc' dir='ltr'>διὰ</span> <span class='ocrx_word' id='word_1_430' title='bbox 3598 1443 3813 1511; x_wconf 78' lang='grc' dir='ltr'>Ἰησοῦ</span> 
     </span>
    </p>
   </div>
   <div class='ocr_carea' id='block_1_60' title="bbox 2210 1535 2897 1606">
    <p class='ocr_par' dir='ltr' id='par_1_60' title="bbox 2210 1535 2897 1606">
     <span class='ocr_line' id='line_1_60' title="bbox 2210 1535 2897 1606; baseline 0.001 -17"><span class='ocrx_word' id='word_1_431' title='bbox 2210 1535 2471 1605; x_wconf 81' lang='grc' dir='ltr'><strong>Χριστοῦ</strong></span> <span class='ocrx_word' id='word_1_432' title='bbox 2510 1536 2772 1606; x_wconf 72' lang='grc' dir='ltr'>ἐγένετο.</span> <span class='ocrx_word' id='word_1_433' title='bbox 2887 1539 2897 1548; x_wconf 83' lang='grc'><strong>’</strong></span> 
     </span>
    </p>
   </div>
   <div class='ocr_carea' id='block_1_61' title="bbox 2283 1625 3810 1701">
    <p class='ocr_par' dir='ltr' id='par_1_61' title="bbox 2283 1625 3810 1701">
     <span class='ocr_line' id='line_1_61' title="bbox 2283 1625 3810 1701; baseline 0 -19"><span class='ocrx_word' id='word_1_434' title='bbox 2283 1628 2687 1701; x_wconf 80' lang='grc' dir='ltr'>Λαμπροτέραν</span> <span class='ocrx_word' id='word_1_435' title='bbox 2725 1627 2826 1698; x_wconf 85' lang='grc' dir='ltr'><strong>τῆς</strong></span> <span class='ocrx_word' id='word_1_436' title='bbox 2858 1629 2917 1681; x_wconf 80' lang='grc' dir='ltr'>ὲν</span> <span class='ocrx_word' id='word_1_437' title='bbox 2950 1626 3157 1682; x_wconf 73' lang='grc' dir='ltr'>ἅπασιν</span> <span class='ocrx_word' id='word_1_438' title='bbox 3189 1625 3500 1699; x_wconf 81' lang='grc' dir='ltr'>ἀνθρώποις</span> <span class='ocrx_word' id='word_1_439' title='bbox 3547 1627 3810 1693; x_wconf 72' lang='grc' dir='ltr'>εὐκλείας</span> 
     </span>
    </p>
   </div>
   <div class='ocr_carea' id='block_1_62' title="bbox 2212 1717 3810 1791">
    <p class='ocr_par' dir='ltr' id='par_1_62' title="bbox 2212 1717 3810 1791">
     <span class='ocr_line' id='line_1_62' title="bbox 2212 1717 3810 1791; baseline -0.001 -18"><span class='ocrx_word' id='word_1_440' title='bbox 2212 1718 2310 1791; x_wconf 79' lang='grc' dir='ltr'>τὴν</span> <span class='ocrx_word' id='word_1_441' title='bbox 2324 1718 2419 1773; x_wconf 82' lang='grc' dir='ltr'><strong>τοῦ</strong></span> <span class='ocrx_word' id='word_1_442' title='bbox 2447 1718 2783 1789; x_wconf 81' lang='grc' dir='ltr'>Μονογενοῦς</span> <span class='ocrx_word' id='word_1_443' title='bbox 2813 1719 3195 1790; x_wconf 82' lang='grc' dir='ltr'>ἀναπεφάνθαι</span> <span class='ocrx_word' id='word_1_444' title='bbox 3221 1719 3377 1785; x_wconf 77' lang='grc' dir='ltr'>δόξαν</span> <span class='ocrx_word' id='word_1_445' title='bbox 3405 1717 3597 1784; x_wconf 74' lang='grc' dir='ltr'>εἰπὼν,</span> <span class='ocrx_word' id='word_1_446' title='bbox 3626 1720 3722 1774; x_wconf 74' lang='grc' dir='ltr'>καὶ</span> <span class='ocrx_word' id='word_1_447' title='bbox 3740 1718 3810 1772; x_wconf 71' lang='grc' dir='ltr'><strong>τὸ</strong></span> 
     </span>
    </p>
   </div>
   <div class='ocr_carea' id='block_1_63' title="bbox 2143 1782 3809 1885">
    <p class='ocr_par' dir='ltr' id='par_1_63' title="bbox 2143 1782 3809 1885">
     <span class='ocr_line' id='line_1_63' title="bbox 2143 1782 3809 1885; baseline 0.001 -20"><span class='ocrx_word' id='word_1_448' title='bbox 2143 1782 2185 1837; x_wconf 71' lang='grc' dir='ltr'><strong>Β</strong></span> <span class='ocrx_word' id='word_1_449' title='bbox 2214 1782 2280 1865; x_wconf 73' lang='grc' dir='ltr'>ὲν</span> <span class='ocrx_word' id='word_1_450' title='bbox 2321 1811 2574 1883; x_wconf 83' lang='grc' dir='ltr'><strong>ἁγιότητι</strong></span> <span class='ocrx_word' id='word_1_451' title='bbox 2604 1782 2864 1883; x_wconf 45' lang='grc' dir='ltr'>’μέγεθος</span> <span class='ocrx_word' id='word_1_452' title='bbox 2916 1782 3255 1884; x_wconf 62' lang='grc' dir='ltr'>ἀσάγκριτον</span> <span class='ocrx_word' id='word_1_453' title='bbox 3294 1782 3449 1883; x_wconf 78' lang='grc' dir='ltr'>αὐτῷ</span> <span class='ocrx_word' id='word_1_454' title='bbox 3495 1782 3633 1885; x_wconf 62' lang='grc' dir='ltr'>πρός</span> <span class='ocrx_word' id='word_1_455' title='bbox 3674 1813 3809 1877; x_wconf 82' lang='grc' dir='ltr'>τοὺς</span> 
     </span>
    </p>
   </div>
   <div class='ocr_carea' id='block_1_64' title="bbox 2213 1903 3810 1976">
    <p class='ocr_par' dir='ltr' id='par_1_64' title="bbox 2213 1903 3810 1976">
     <span class='ocr_line' id='line_1_64' title="bbox 2213 1903 3810 1976; baseline 0.001 -18"><span class='ocrx_word' id='word_1_456' title='bbox 2213 1903 2403 1972; x_wconf 80' lang='grc' dir='ltr'><strong>ἁγίους</strong></span> <span class='ocrx_word' id='word_1_457' title='bbox 2432 1904 2730 1974; x_wconf 78' lang='grc' dir='ltr'>εἰσφέρων,</span> <span class='ocrx_word' id='word_1_458' title='bbox 2760 1904 2871 1958; x_wconf 83' lang='grc' dir='ltr'>ἀπὸ</span> <span class='ocrx_word' id='word_1_459' title='bbox 2894 1906 3004 1958; x_wconf 82' lang='grc' dir='ltr'><strong>τῶν</strong></span> <span class='ocrx_word' id='word_1_460' title='bbox 3052 1905 3136 1969; x_wconf 85' lang='grc' dir='ltr'><strong>είς</strong></span> <span class='ocrx_word' id='word_1_461' title='bbox 3166 1904 3337 1975; x_wconf 79' lang='grc' dir='ltr'>ἄκρον</span> <span class='ocrx_word' id='word_1_462' title='bbox 3381 1904 3810 1976; x_wconf 75' lang='grc' dir='ltr'>ἀναϐεϐηκότων</span> 
     </span>
    </p>
   </div>
   <div class='ocr_carea' id='block_1_65' title="bbox 2213 1994 3810 2069">
    <p class='ocr_par' dir='ltr' id='par_1_65' title="bbox 2213 1994 3810 2069">
     <span class='ocr_line' id='line_1_65' title="bbox 2213 1994 3810 2069; baseline 0.001 -20"><span class='ocrx_word' id='word_1_463' title='bbox 2213 1995 2416 2066; x_wconf 81' lang='grc' dir='ltr'>ἀρετῆς</span> <span class='ocrx_word' id='word_1_464' title='bbox 2449 1996 2725 2050; x_wconf 81' lang='grc' dir='ltr'>ποιεῖσθαι</span> <span class='ocrx_word' id='word_1_465' title='bbox 2757 1995 3050 2060; x_wconf 75' lang='grc' dir='ltr'><strong>σπουδάζει</strong></span> <span class='ocrx_word' id='word_1_466' title='bbox 3072 1994 3168 2050; x_wconf 83' lang='grc' dir='ltr'><strong>τοῦ</strong></span> <span class='ocrx_word' id='word_1_467' title='bbox 3194 1996 3554 2069; x_wconf 74' lang='grc' dir='ltr'>προτεθέντος</span> <span class='ocrx_word' id='word_1_468' title='bbox 3595 1996 3810 2051; x_wconf 81' lang='grc' dir='ltr'>σκοποῦ</span> 
     </span>
    </p>
   </div>
   <div class='ocr_carea' id='block_1_66' title="bbox 2212 2086 3807 2163">
    <p class='ocr_par' dir='ltr' id='par_1_66' title="bbox 2212 2086 3807 2163">
     <span class='ocr_line' id='line_1_66' title="bbox 2212 2086 3807 2163; baseline 0.006 -27"><span class='ocrx_word' id='word_1_469' title='bbox 2212 2086 2313 2154; x_wconf 81' lang='grc' dir='ltr'>τὴν</span> <span class='ocrx_word' id='word_1_470' title='bbox 2368 2087 2664 2155; x_wconf 71' lang='grc' dir='ltr'>ἀπόδειξιν.</span> <span class='ocrx_word' id='word_1_471' title='bbox 2715 2088 2873 2163; x_wconf 35' lang='grc' dir='ltr'>Περὶ.</span> <span class='ocrx_word' id='word_1_472' title='bbox 2895 2089 2994 2157; x_wconf 83' lang='grc' dir='ltr'>μὲν</span> <span class='ocrx_word' id='word_1_473' title='bbox 3036 2088 3286 2144; x_wconf 79' lang='grc' dir='ltr'>Ἰωάννου</span> <span class='ocrx_word' id='word_1_474' title='bbox 3332 2089 3499 2159; x_wconf 71' lang='grc' dir='ltr'>φησιν</span> <span class='ocrx_word' id='word_1_475' title='bbox 3530 2092 3559 2143; x_wconf 84' lang='grc' dir='ltr'>ὁ</span> <span class='ocrx_word' id='word_1_476' title='bbox 3586 2090 3807 2162; x_wconf 75' lang='grc' dir='ltr'>Σωτήρο</span> 
     </span>
    </p>
   </div>
   <div class='ocr_carea' id='block_1_67' title="bbox 2176 2178 3811 2250">
    <p class='ocr_par' dir='ltr' id='par_1_67' title="bbox 2176 2178 3811 2250">
     <span class='ocr_line' id='line_1_67' title="bbox 2176 2178 3811 2250; baseline 0 -17"><span class='ocrx_word' id='word_1_477' title='bbox 2176 2226 2183 2233; x_wconf 96' lang='grc'><strong>.</strong></span> <span class='ocrx_word' id='word_1_478' title='bbox 2221 2199 2238 2230; x_wconf 77' lang='grc' dir='ltr'><strong>ι</strong></span> <span class='ocrx_word' id='word_1_479' title='bbox 2264 2178 2454 2248; x_wconf 72' lang='grc' dir='ltr'>Ἀμὴν,</span> <span class='ocrx_word' id='word_1_480' title='bbox 2479 2178 2626 2249; x_wconf 80' lang='grc' dir='ltr'>ἀμὴν</span> <span class='ocrx_word' id='word_1_481' title='bbox 2652 2178 2796 2247; x_wconf 81' lang='grc' dir='ltr'>λέγω</span> <span class='ocrx_word' id='word_1_482' title='bbox 2820 2180 2970 2248; x_wconf 81' lang='grc' dir='ltr'>ὑμῖν,</span> <span class='ocrx_word' id='word_1_483' title='bbox 2991 2180 3091 2233; x_wconf 83' lang='grc' dir='ltr'>οὐκ</span> <span class='ocrx_word' id='word_1_484' title='bbox 3113 2180 3414 2250; x_wconf 78' lang='grc' dir='ltr'><strong>ἐγήγερται</strong></span> <span class='ocrx_word' id='word_1_485' title='bbox 3441 2181 3500 2232; x_wconf 69' lang='grc' dir='ltr'>ἐν</span> <span class='ocrx_word' id='word_1_486' title='bbox 3521 2183 3811 2250; x_wconf 77' lang='grc' dir='ltr'>γεννητοῖς</span> 
     </span>
    </p>
   </div>
   <div class='ocr_carea' id='block_1_68' title="bbox 2214 2268 3812 2340">
    <p class='ocr_par' dir='ltr' id='par_1_68' title="bbox 2214 2268 3812 2340">
     <span class='ocr_line' id='line_1_68' title="bbox 2214 2268 3812 2340; baseline 0.002 -18"><span class='ocrx_word' id='word_1_487' title='bbox 2214 2268 2514 2337; x_wconf 82' lang='grc' dir='ltr'>γυναικῶν,</span> <span class='ocrx_word' id='word_1_488' title='bbox 2575 2269 2776 2340; x_wconf 72' lang='grc' dir='ltr'>μείζων</span> <span class='ocrx_word' id='word_1_489' title='bbox 2817 2271 3066 2325; x_wconf 82' lang='grc' dir='ltr'>Ἰωάννου</span> <span class='ocrx_word' id='word_1_490' title='bbox 3093 2271 3188 2325; x_wconf 84' lang='grc' dir='ltr'>τοῦ</span> <span class='ocrx_word' id='word_1_491' title='bbox 3217 2269 3546 2325; x_wconf 81' lang='grc' dir='ltr'>Βαπτιστοῢ.</span> <span class='ocrx_word' id='word_1_492' title='bbox 3578 2289 3600 2323; x_wconf 77' lang='grc' dir='ltr'><strong>ι</strong></span> <span class='ocrx_word' id='word_1_493' title='bbox 3640 2271 3812 2325; x_wconf 71' lang='grc' dir='ltr'><strong>’Δὶλά</strong></span> 
     </span>
    </p>
   </div>
   <div class='ocr_carea' id='block_1_69' title="bbox 2211 2357 3807 2433">
    <p class='ocr_par' dir='ltr' id='par_1_69' title="bbox 2211 2357 3807 2433">
     <span class='ocr_line' id='line_1_69' title="bbox 2211 2357 3807 2433; baseline 0.003 -23"><span class='ocrx_word' id='word_1_494' title='bbox 2211 2358 2304 2411; x_wconf 82' lang='grc' dir='ltr'>τὸν</span> <span class='ocrx_word' id='word_1_495' title='bbox 2333 2357 2476 2413; x_wconf 74' lang='grc' dir='ltr'>οὕτω</span> <span class='ocrx_word' id='word_1_496' title='bbox 2500 2358 2677 2428; x_wconf 86' lang='grc' dir='ltr'>μέγαν</span> <span class='ocrx_word' id='word_1_497' title='bbox 2732 2360 2827 2414; x_wconf 76' lang='grc' dir='ltr'>καὶ</span> <span class='ocrx_word' id='word_1_498' title='bbox 2861 2359 3226 2432; x_wconf 72' lang='grc' dir='ltr'><strong>ἀξιοζήλωτον</strong></span> <span class='ocrx_word' id='word_1_499' title='bbox 3271 2362 3624 2433; x_wconf 77' lang='grc' dir='ltr'>παρέστησεν</span> <span class='ocrx_word' id='word_1_500' title='bbox 3675 2362 3807 2433; x_wconf 71' lang='grc' dir='ltr'>ἤδη,</span> 
     </span>
    </p>
   </div>
   <div class='ocr_carea' id='block_1_70' title="bbox 2212 2448 3808 2526">
    <p class='ocr_par' dir='ltr' id='par_1_70' title="bbox 2212 2448 3808 2526">
     <span class='ocr_line' id='line_1_70' title="bbox 2212 2448 3808 2526; baseline 0.003 -23"><span class='ocrx_word' id='word_1_501' title='bbox 2212 2448 2470 2522; x_wconf 74' lang='grc' dir='ltr'>καθάπερ</span> <span class='ocrx_word' id='word_1_502' title='bbox 2505 2451 2676 2515; x_wconf 85' lang='grc' dir='ltr'>αὐτός</span> <span class='ocrx_word' id='word_1_503' title='bbox 2726 2469 2914 2523; x_wconf 83' lang='grc' dir='ltr'>φησιν,</span> <span class='ocrx_word' id='word_1_504' title='bbox 2962 2454 3404 2525; x_wconf 84' lang='grc' dir='ltr'>ἀνακεκραγότα,</span> <span class='ocrx_word' id='word_1_505' title='bbox 3444 2454 3541 2508; x_wconf 72' lang='grc' dir='ltr'>καὶ</span> <span class='ocrx_word' id='word_1_506' title='bbox 3590 2453 3808 2526; x_wconf 78' lang='grc' dir='ltr'>μεγάλῃ</span> 
     </span>
    </p>
   </div>
   <div class='ocr_carea' id='block_1_71' title="bbox 2212 2540 3807 2617">
    <p class='ocr_par' dir='ltr' id='par_1_71' title="bbox 2212 2540 3807 2617">
     <span class='ocr_line' id='line_1_71' title="bbox 2212 2540 3807 2617; baseline 0.001 -22"><span class='ocrx_word' id='word_1_507' title='bbox 2212 2540 2439 2610; x_wconf 85' lang='grc' dir='ltr'>λέγοντα</span> <span class='ocrx_word' id='word_1_508' title='bbox 2487 2545 2555 2613; x_wconf 78' lang='grc' dir='ltr'><strong>τῇ</strong></span> <span class='ocrx_word' id='word_1_509' title='bbox 2580 2546 2765 2613; x_wconf 73' lang='grc' dir='ltr'>φωνῇ’</span> <span class='ocrx_word' id='word_1_510' title='bbox 2805 2563 2824 2595; x_wconf 79' lang='lat' dir='ltr'><strong>r</strong></span> <span class='ocrx_word' id='word_1_511' title='bbox 2874 2545 2932 2599; x_wconf 87' lang='lat'><strong>&#39;0</strong></span> <span class='ocrx_word' id='word_1_512' title='bbox 2967 2545 3144 2598; x_wconf 86' lang='grc' dir='ltr'>ὀπίσω</span> <span class='ocrx_word' id='word_1_513' title='bbox 3200 2562 3302 2616; x_wconf 91' lang='grc' dir='ltr'><strong>μου</strong></span> <span class='ocrx_word' id='word_1_514' title='bbox 3336 2545 3651 2617; x_wconf 74' lang='grc' dir='ltr'>ἐρχόμενος,</span> <span class='ocrx_word' id='word_1_515' title='bbox 3701 2544 3807 2617; x_wconf 78' lang='grc' dir='ltr'><strong>Εμ-</strong></span> 
     </span>
    </p>
   </div>
   <div class='ocr_carea' id='block_1_72' title="bbox 2213 2632 3808 2707">
    <p class='ocr_par' dir='ltr' id='par_1_72' title="bbox 2213 2632 3808 2707">
     <span class='ocr_line' id='line_1_72' title="bbox 2213 2632 3808 2707; baseline 0.003 -22"><span class='ocrx_word' id='word_1_516' title='bbox 2213 2632 2447 2704; x_wconf 87' lang='grc' dir='ltr'>προσθέν</span> <span class='ocrx_word' id='word_1_517' title='bbox 2481 2650 2584 2704; x_wconf 88' lang='grc' dir='ltr'><strong>μου</strong></span> <span class='ocrx_word' id='word_1_518' title='bbox 2617 2635 2861 2703; x_wconf 84' lang='grc' dir='ltr'>γέγονεν,</span> <span class='ocrx_word' id='word_1_519' title='bbox 2884 2636 2967 2689; x_wconf 84' lang='grc' dir='ltr'>ὅτι</span> <span class='ocrx_word' id='word_1_520' title='bbox 2997 2635 3216 2707; x_wconf 84' lang='grc' dir='ltr'>πρῶτός</span> <span class='ocrx_word' id='word_1_521' title='bbox 3257 2653 3363 2707; x_wconf 88' lang='grc' dir='ltr'><strong>μου</strong></span> <span class='ocrx_word' id='word_1_522' title='bbox 3392 2632 3484 2707; x_wconf 73' lang='grc' dir='ltr'><strong>ἦν.</strong></span> <span class='ocrx_word' id='word_1_523' title='bbox 3525 2654 3545 2687; x_wconf 74' lang='grc' dir='ltr'>ι</span> <span class='ocrx_word' id='word_1_524' title='bbox 3594 2635 3808 2689; x_wconf 81' lang='grc' dir='ltr'>Ἠττω-</span> 
     </span>
    </p>
   </div>
   <div class='ocr_carea' id='block_1_73' title="bbox 2215 2723 3807 2799">
    <p class='ocr_par' dir='ltr' id='par_1_73' title="bbox 2215 2723 3807 2799">
     <span class='ocr_line' id='line_1_73' title="bbox 2215 2723 3807 2799; baseline 0.002 -22"><span class='ocrx_word' id='word_1_525' title='bbox 2215 2723 2385 2794; x_wconf 83' lang='grc' dir='ltr'>μένης</span> <span class='ocrx_word' id='word_1_526' title='bbox 2410 2723 2467 2778; x_wconf 81' lang='grc' dir='ltr'>δὲ</span> <span class='ocrx_word' id='word_1_527' title='bbox 2490 2726 2588 2796; x_wconf 88' lang='grc' dir='ltr'><strong>τῆς</strong></span> <span class='ocrx_word' id='word_1_528' title='bbox 2626 2726 2876 2780; x_wconf 83' lang='grc' dir='ltr'>Ἰωάννου</span> <span class='ocrx_word' id='word_1_529' title='bbox 2906 2726 3087 2799; x_wconf 80' lang='grc' dir='ltr'>δόξης,</span> <span class='ocrx_word' id='word_1_530' title='bbox 3126 2726 3223 2782; x_wconf 73' lang='grc' dir='ltr'>καὶ</span> <span class='ocrx_word' id='word_1_531' title='bbox 3250 2726 3694 2799; x_wconf 77' lang='grc' dir='ltr'>παραχωρούσης</span> <span class='ocrx_word' id='word_1_532' title='bbox 3723 2726 3807 2798; x_wconf 80' lang='grc' dir='ltr'>τῷ</span> 
     </span>
    </p>
   </div>
   <div class='ocr_carea' id='block_1_74' title="bbox 2213 2815 3806 2890">
    <p class='ocr_par' dir='ltr' id='par_1_74' title="bbox 2213 2815 3806 2890">
     <span class='ocr_line' id='line_1_74' title="bbox 2213 2815 3806 2890; baseline 0.003 -22"><span class='ocrx_word' id='word_1_533' title='bbox 2213 2815 2530 2883; x_wconf 86' lang='grc' dir='ltr'>Μονογενεῖ,</span> <span class='ocrx_word' id='word_1_534' title='bbox 2576 2816 2694 2881; x_wconf 84' lang='grc' dir='ltr'><strong>πῶς</strong></span> <span class='ocrx_word' id='word_1_535' title='bbox 2721 2817 2821 2870; x_wconf 70' lang='grc' dir='ltr'>οὐκ</span> <span class='ocrx_word' id='word_1_536' title='bbox 2863 2817 3081 2890; x_wconf 83' lang='grc' dir='ltr'>ἀνάγκη</span> <span class='ocrx_word' id='word_1_537' title='bbox 3132 2816 3316 2872; x_wconf 66' lang='grc' dir='ltr'>λοιπὸν</span> <span class='ocrx_word' id='word_1_538' title='bbox 3349 2819 3551 2873; x_wconf 65' lang='lat' dir='ltr'><strong>twoer</strong></span> <span class='ocrx_word' id='word_1_539' title='bbox 3594 2818 3806 2890; x_wconf 79' lang='grc' dir='ltr'>μηδένα</span> 
     </span>
    </p>
   </div>
   <div class='ocr_carea' id='block_1_75' title="bbox 2211 2906 3807 2982">
    <p class='ocr_par' dir='ltr' id='par_1_75' title="bbox 2211 2906 3807 2982">
     <span class='ocr_line' id='line_1_75' title="bbox 2211 2906 3807 2982; baseline 0.003 -23"><span class='ocrx_word' id='word_1_540' title='bbox 2211 2907 2320 2960; x_wconf 85' lang='grc' dir='ltr'><strong>τῶν</strong></span> <span class='ocrx_word' id='word_1_541' title='bbox 2348 2906 2524 2961; x_wconf 80' lang='grc' dir='ltr'>ἄλλων</span> <span class='ocrx_word' id='word_1_542' title='bbox 2565 2908 2736 2977; x_wconf 81' lang='grc' dir='ltr'>ἁγίων</span> <span class='ocrx_word' id='word_1_543' title='bbox 2754 2910 2835 2974; x_wconf 86' lang='grc' dir='ltr'><strong>είς</strong></span> <span class='ocrx_word' id='word_1_544' title='bbox 2860 2909 2923 2963; x_wconf 80' lang='grc' dir='ltr'>τὸ</span> <span class='ocrx_word' id='word_1_545' title='bbox 2958 2910 3071 2965; x_wconf 72' lang='grc' dir='ltr'>ἴσον</span> <span class='ocrx_word' id='word_1_546' title='bbox 3098 2909 3467 2982; x_wconf 68' lang='grc' dir='ltr'>ἀναφέρεσθαι</span> <span class='ocrx_word' id='word_1_547' title='bbox 3498 2910 3697 2982; x_wconf 86' lang='grc' dir='ltr'>μέτρον</span> <span class='ocrx_word' id='word_1_548' title='bbox 3722 2910 3807 2982; x_wconf 78' lang='grc' dir='ltr'>τῷ</span> 
     </span>
    </p>
   </div>
   <div class='ocr_carea' id='block_1_76' title="bbox 2213 2997 3805 3072">
    <p class='ocr_par' dir='ltr' id='par_1_76' title="bbox 2213 2997 3805 3072">
     <span class='ocr_line' id='line_1_76' title="bbox 2213 2997 3805 3072; baseline 0.003 -23"><span class='ocrx_word' id='word_1_549' title='bbox 2213 2997 2422 3069; x_wconf 84' lang='grc' dir='ltr'>Σωτῆρι</span> <span class='ocrx_word' id='word_1_550' title='bbox 2455 2998 2696 3069; x_wconf 83' lang='grc' dir='ltr'>Χριστῷ,</span> <span class='ocrx_word' id='word_1_551' title='bbox 2722 3000 2864 3054; x_wconf 88' lang='grc' dir='ltr'>κατά</span> <span class='ocrx_word' id='word_1_552' title='bbox 2893 3017 2958 3069; x_wconf 90' lang='grc' dir='ltr'><strong>γε</strong></span> <span class='ocrx_word' id='word_1_553' title='bbox 2977 3000 3070 3055; x_wconf 71' lang='grc' dir='ltr'>τὸν</span> <span class='ocrx_word' id='word_1_554' title='bbox 3098 3001 3198 3072; x_wconf 89' lang='grc' dir='ltr'><strong>τῆς</strong></span> <span class='ocrx_word' id='word_1_555' title='bbox 3248 3000 3497 3065; x_wconf 83' lang='grc' dir='ltr'>εὐκλείας</span> <span class='ocrx_word' id='word_1_556' title='bbox 3526 3000 3706 3070; x_wconf 85' lang='grc' dir='ltr'>λόγον,</span> <span class='ocrx_word' id='word_1_557' title='bbox 3740 3000 3805 3065; x_wconf 79' lang='grc' dir='ltr'>ὃς</span> 
     </span>
    </p>
   </div>
   <div class='ocr_carea' id='block_1_77' title="bbox 2213 3089 3803 3165">
    <p class='ocr_par' dir='ltr' id='par_1_77' title="bbox 2213 3089 3803 3165">
     <span class='ocr_line' id='line_1_77' title="bbox 2213 3089 3803 3165; baseline 0.004 -24"><span class='ocrx_word' id='word_1_558' title='bbox 2213 3090 2270 3142; x_wconf 77' lang='grc' dir='ltr'>ὲν</span> <span class='ocrx_word' id='word_1_559' title='bbox 2303 3092 2370 3162; x_wconf 79' lang='grc' dir='ltr'><strong>τῇ</strong></span> <span class='ocrx_word' id='word_1_560' title='bbox 2393 3089 2503 3142; x_wconf 83' lang='grc' dir='ltr'><strong>τῶν</strong></span> <span class='ocrx_word' id='word_1_561' title='bbox 2527 3090 2703 3162; x_wconf 84' lang='grc' dir='ltr'>ἔργων</span> <span class='ocrx_word' id='word_1_562' title='bbox 2732 3091 3018 3165; x_wconf 82' lang='grc' dir='ltr'>θεωρεῖται</span> <span class='ocrx_word' id='word_1_563' title='bbox 3060 3092 3440 3165; x_wconf 85' lang='grc' dir='ltr'>λαμπρότητι;</span> <span class='ocrx_word' id='word_1_564' title='bbox 3486 3094 3550 3147; x_wconf 83' lang='grc' dir='ltr'><strong>οι</strong></span> <span class='ocrx_word' id='word_1_565' title='bbox 3582 3094 3682 3165; x_wconf 78' lang='grc' dir='ltr'>μὲν</span> <span class='ocrx_word' id='word_1_566' title='bbox 3705 3089 3803 3149; x_wconf 79' lang='grc' dir='ltr'>οὖν</span> 
     </span>
    </p>
   </div>
   <div class='ocr_carea' id='block_1_78' title="bbox 2214 3180 3799 3259">
    <p class='ocr_par' dir='ltr' id='par_1_78' title="bbox 2214 3180 3799 3259">
     <span class='ocr_line' id='line_1_78' title="bbox 2214 3180 3799 3259; baseline 0.004 -25"><span class='ocrx_word' id='word_1_567' title='bbox 2214 3180 2356 3235; x_wconf 87' lang='grc' dir='ltr'><strong>κατά</strong></span> <span class='ocrx_word' id='word_1_568' title='bbox 2402 3183 2528 3247; x_wconf 79' lang='grc' dir='ltr'>τοὺς</span> <span class='ocrx_word' id='word_1_569' title='bbox 2550 3186 2650 3255; x_wconf 85' lang='grc' dir='ltr'><strong>τῆς</strong></span> <span class='ocrx_word' id='word_1_570' title='bbox 2696 3184 2993 3255; x_wconf 79' lang='grc' dir='ltr'>ἐπιδημίας</span> <span class='ocrx_word' id='word_1_571' title='bbox 3042 3187 3271 3259; x_wconf 87' lang='grc' dir='ltr'>καιροὺς</span> <span class='ocrx_word' id='word_1_572' title='bbox 3316 3186 3600 3258; x_wconf 85' lang='grc' dir='ltr'>γεγονότες</span> <span class='ocrx_word' id='word_1_573' title='bbox 3626 3187 3799 3256; x_wconf 79' lang='grc' dir='ltr'>ἀγιοι,</span> 
     </span>
    </p>
   </div>
   <div class='ocr_carea' id='block_1_79' title="bbox 2209 3270 3802 3349">
    <p class='ocr_par' dir='ltr' id='par_1_79' title="bbox 2209 3270 3802 3349">
     <span class='ocr_line' id='line_1_79' title="bbox 2209 3270 3802 3349; baseline 0.006 -25"><span class='ocrx_word' id='word_1_574' title='bbox 2209 3270 2310 3343; x_wconf 76' lang='grc' dir='ltr'>τὴν</span> <span class='ocrx_word' id='word_1_575' title='bbox 2350 3271 2594 3327; x_wconf 82' lang='grc' dir='ltr'>Ἰωάννου</span> <span class='ocrx_word' id='word_1_576' title='bbox 2629 3274 2974 3329; x_wconf 76' lang='grc' dir='ltr'>πλεονεκτεῖν</span> <span class='ocrx_word' id='word_1_577' title='bbox 3011 3276 3113 3329; x_wconf 84' lang='grc' dir='ltr'>οὐκ</span> <span class='ocrx_word' id='word_1_578' title='bbox 3157 3276 3373 3347; x_wconf 73' lang='grc' dir='ltr'>ἔχοντες</span> <span class='ocrx_word' id='word_1_579' title='bbox 3423 3278 3643 3349; x_wconf 82' lang='grc' dir='ltr'>ἀρετὴν,</span> <span class='ocrx_word' id='word_1_580' title='bbox 3676 3278 3802 3333; x_wconf 68' lang='grc' dir='ltr'>οὐδὲ</span> 
     </span>
    </p>
   </div>
   <div class='ocr_carea' id='block_1_80' title="bbox 2209 3363 3802 3441">
    <p class='ocr_par' dir='ltr' id='par_1_80' title="bbox 2209 3363 3802 3441">
     <span class='ocr_line' id='line_1_80' title="bbox 2209 3363 3802 3441; baseline 0.006 -26"><span class='ocrx_word' id='word_1_581' title='bbox 2209 3363 2270 3416; x_wconf 85' lang='grc' dir='ltr'>τὸ</span> <span class='ocrx_word' id='word_1_582' title='bbox 2292 3363 2485 3435; x_wconf 84' lang='grc' dir='ltr'>ἐκείνῳ</span> <span class='ocrx_word' id='word_1_583' title='bbox 2524 3366 2727 3436; x_wconf 81' lang='grc' dir='ltr'>προσὸν</span> <span class='ocrx_word' id='word_1_584' title='bbox 2771 3365 3159 3431; x_wconf 75' lang='grc' dir='ltr'>ἀναϐαίνοντες</span> <span class='ocrx_word' id='word_1_585' title='bbox 3202 3368 3421 3441; x_wconf 79' lang='grc' dir='ltr'>μέτρον,</span> <span class='ocrx_word' id='word_1_586' title='bbox 3459 3371 3802 3441; x_wconf 83' lang='grc' dir='ltr'>παραχωρή-</span> 
     </span>
    </p>
   </div>
   <div class='ocr_carea' id='block_1_81' title="bbox 2211 3457 3800 3533">
    <p class='ocr_par' dir='ltr' id='par_1_81' title="bbox 2211 3457 3800 3533">
     <span class='ocr_line' id='line_1_81' title="bbox 2211 3457 3800 3533; baseline 0.006 -24"><span class='ocrx_word' id='word_1_587' title='bbox 2211 3473 2365 3510; x_wconf 88' lang='grc' dir='ltr'>σουσι</span> <span class='ocrx_word' id='word_1_588' title='bbox 2398 3458 2494 3511; x_wconf 81' lang='grc' dir='ltr'>σὺν</span> <span class='ocrx_word' id='word_1_589' title='bbox 2522 3457 2671 3528; x_wconf 79' lang='grc' dir='ltr'>αὐτῷ</span> <span class='ocrx_word' id='word_1_590' title='bbox 2698 3457 2761 3512; x_wconf 76' lang='grc' dir='ltr'>τὸ</span> <span class='ocrx_word' id='word_1_591' title='bbox 2792 3461 2951 3530; x_wconf 82' lang='grc' dir='ltr'>νικᾷν</span> <span class='ocrx_word' id='word_1_592' title='bbox 2979 3459 3057 3530; x_wconf 81' lang='grc' dir='ltr'><strong>τῷ</strong></span> <span class='ocrx_word' id='word_1_593' title='bbox 3091 3460 3332 3532; x_wconf 82' lang='grc' dir='ltr'>Χριστῷ·</span> <span class='ocrx_word' id='word_1_594' title='bbox 3369 3463 3530 3533; x_wconf 76' lang='grc' dir='ltr'>εἴπερ</span> <span class='ocrx_word' id='word_1_595' title='bbox 3560 3463 3702 3533; x_wconf 76' lang='grc' dir='ltr'>έχων</span> <span class='ocrx_word' id='word_1_596' title='bbox 3737 3464 3800 3518; x_wconf 75' lang='grc' dir='ltr'><strong>εν</strong></span> 
     </span>
    </p>
   </div>
   <div class='ocr_carea' id='block_1_82' title="bbox 2209 3547 3798 3626">
    <p class='ocr_par' dir='ltr' id='par_1_82' title="bbox 2209 3547 3798 3626">
     <span class='ocr_line' id='line_1_82' title="bbox 2209 3547 3798 3626; baseline 0.006 -26"><span class='ocrx_word' id='word_1_597' title='bbox 2209 3547 2437 3616; x_wconf 81' lang='grc' dir='ltr'>ἀγαθοῖς</span> <span class='ocrx_word' id='word_1_598' title='bbox 2475 3549 2536 3601; x_wconf 84' lang='grc' dir='ltr'>τὸ</span> <span class='ocrx_word' id='word_1_599' title='bbox 2570 3549 2875 3621; x_wconf 77' lang='grc' dir='ltr'>ἀκρότατον</span> <span class='ocrx_word' id='word_1_600' title='bbox 2917 3551 2946 3604; x_wconf 82' lang='grc' dir='ltr'>ὁ</span> <span class='ocrx_word' id='word_1_601' title='bbox 3001 3552 3275 3622; x_wconf 74' lang='grc' dir='ltr'>μακάριος</span> <span class='ocrx_word' id='word_1_602' title='bbox 3318 3553 3652 3626; x_wconf 77' lang='grc' dir='ltr'>Βαπτιστὴς,</span> <span class='ocrx_word' id='word_1_603' title='bbox 3699 3554 3798 3609; x_wconf 77' lang='grc' dir='ltr'>καὶ</span> 
     </span>
    </p>
   </div>
   <div class='ocr_carea' id='block_1_83' title="bbox 2208 3640 3797 3718">
    <p class='ocr_par' dir='ltr' id='par_1_83' title="bbox 2208 3640 3797 3718">
     <span class='ocr_line' id='line_1_83' title="bbox 2208 3640 3797 3718; baseline 0.005 -25"><span class='ocrx_word' id='word_1_604' title='bbox 2208 3640 2409 3711; x_wconf 87' lang='grc' dir='ltr'>τρόπον</span> <span class='ocrx_word' id='word_1_605' title='bbox 2455 3640 2761 3715; x_wconf 75' lang='grc' dir='ltr'>ὑπερϐολῆς</span> <span class='ocrx_word' id='word_1_606' title='bbox 2808 3642 3233 3709; x_wconf 80' lang='grc' dir='ltr'>καταλελοιπὼς</span> <span class='ocrx_word' id='word_1_607' title='bbox 3282 3643 3497 3709; x_wconf 76' lang='grc' dir='ltr'>οὐδένα,</span> <span class='ocrx_word' id='word_1_608' title='bbox 3545 3646 3646 3718; x_wconf 78' lang='grc' dir='ltr'><strong>τὴν</strong></span> <span class='ocrx_word' id='word_1_609' title='bbox 3705 3646 3797 3701; x_wconf 63' lang='grc' dir='ltr'><strong>ἐπ’</strong></span> 
     </span>
    </p>
   </div>
   <div class='ocr_carea' id='block_1_84' title="bbox 2208 3731 3797 3810">
    <p class='ocr_par' dir='ltr' id='par_1_84' title="bbox 2208 3731 3797 3810">
     <span class='ocr_line' id='line_1_84' title="bbox 2208 3731 3797 3810; baseline 0.007 -25"><span class='ocrx_word' id='word_1_610' title='bbox 2208 3731 2460 3786; x_wconf 72' lang='grc' dir='ltr'>ἐλάττοσι</span> <span class='ocrx_word' id='word_1_611' title='bbox 2486 3732 2666 3804; x_wconf 67' lang='grc' dir='ltr'>ψῆφον</span> <span class='ocrx_word' id='word_1_612' title='bbox 2695 3735 2754 3788; x_wconf 84' lang='grc' dir='ltr'>οὐ</span> <span class='ocrx_word' id='word_1_613' title='bbox 2779 3735 2869 3789; x_wconf 80' lang='grc' dir='ltr'><strong>διὰ</strong></span> <span class='ocrx_word' id='word_1_614' title='bbox 2918 3736 3019 3806; x_wconf 86' lang='grc' dir='ltr'><strong>τῆς</strong></span> <span class='ocrx_word' id='word_1_615' title='bbox 3069 3737 3256 3808; x_wconf 70' lang='grc' dir='ltr'>ἑτέρου</span> <span class='ocrx_word' id='word_1_616' title='bbox 3282 3738 3552 3808; x_wconf 79' lang='grc' dir='ltr'>λαμϐάνει</span> <span class='ocrx_word' id='word_1_617' title='bbox 3583 3739 3797 3810; x_wconf 81' lang='grc' dir='ltr'>φωνῆς.</span> 
     </span>
    </p>
   </div>
   <div class='ocr_carea' id='block_1_85' title="bbox 2208 3824 3796 3903">
    <p class='ocr_par' dir='ltr' id='par_1_85' title="bbox 2208 3824 3796 3903">
     <span class='ocr_line' id='line_1_85' title="bbox 2208 3824 3796 3903; baseline 0.006 -26"><span class='ocrx_word' id='word_1_618' title='bbox 2208 3824 2324 3878; x_wconf 79' lang='grc' dir='ltr'>ἀλλ’</span> <span class='ocrx_word' id='word_1_619' title='bbox 2359 3824 2523 3890; x_wconf 76' lang='grc' dir='ltr'>αὐτὸς</span> <span class='ocrx_word' id='word_1_620' title='bbox 2554 3827 2749 3881; x_wconf 78' lang='grc' dir='ltr'>ἑαυτοῦ</span> <span class='ocrx_word' id='word_1_621' title='bbox 2776 3830 3183 3900; x_wconf 83' lang='grc' dir='ltr'>κατεσφράγισε</span> <span class='ocrx_word' id='word_1_622' title='bbox 3220 3829 3282 3883; x_wconf 75' lang='grc' dir='ltr'><strong>τὸ</strong></span> <span class='ocrx_word' id='word_1_623' title='bbox 3310 3832 3564 3903; x_wconf 79' lang='grc' dir='ltr'>πρᾶγμα,</span> <span class='ocrx_word' id='word_1_624' title='bbox 3594 3830 3796 3901; x_wconf 81' lang='grc' dir='ltr'>λέγων,</span> 
     </span>
    </p>
   </div>
   <div class='ocr_carea' id='block_1_86' title="bbox 2206 3913 3799 3996">
    <p class='ocr_par' dir='ltr' id='par_1_86' title="bbox 2206 3913 3799 3996">
     <span class='ocr_line' id='line_1_86' title="bbox 2206 3913 3799 3996; baseline 0.006 -28"><span class='ocrx_word' id='word_1_625' title='bbox 2206 3913 2281 3978; x_wconf 83' lang='grc' dir='ltr'>ὡς</span> <span class='ocrx_word' id='word_1_626' title='bbox 2311 3914 2465 3985; x_wconf 69' lang='grc' dir='ltr'>ἅγιος</span> <span class='ocrx_word' id='word_1_627' title='bbox 2496 3916 2732 3987; x_wconf 83' lang='grc' dir='ltr'>ἀληθῶς.</span> <span class='ocrx_word' id='word_1_628' title='bbox 2783 3919 3007 3991; x_wconf 82' lang='grc' dir='ltr'>Ἐπειδὴ</span> <span class='ocrx_word' id='word_1_629' title='bbox 3057 3920 3231 3975; x_wconf 77' lang='grc' dir='ltr'>δὲκαὶ</span> <span class='ocrx_word' id='word_1_630' title='bbox 3281 3921 3391 3975; x_wconf 84' lang='grc' dir='ltr'>τῶν</span> <span class='ocrx_word' id='word_1_631' title='bbox 3418 3923 3799 3996; x_wconf 81' lang='grc' dir='ltr'>ἀρχαιοτέρων</span> 
     </span>
    </p>
   </div>
   <div class='ocr_carea' id='block_1_87' title="bbox 2206 4006 3799 4085">
    <p class='ocr_par' dir='ltr' id='par_1_87' title="bbox 2206 4006 3799 4085">
     <span class='ocr_line' id='line_1_87' title="bbox 2206 4006 3799 4085; baseline 0.004 -22"><span class='ocrx_word' id='word_1_632' title='bbox 2206 4006 2380 4078; x_wconf 77' lang='grc' dir='ltr'>ἁγίων</span> <span class='ocrx_word' id='word_1_633' title='bbox 2407 4008 2574 4081; x_wconf 74' lang='grc' dir='ltr'>ἐχρῆν</span> <span class='ocrx_word' id='word_1_634' title='bbox 2605 4010 3000 4079; x_wconf 80' lang='grc' dir='ltr'>ἀναφαίνεσθαι</span> <span class='ocrx_word' id='word_1_635' title='bbox 3033 4012 3321 4085; x_wconf 84' lang='grc' dir='ltr'>κρείττονά</span> <span class='ocrx_word' id='word_1_636' title='bbox 3341 4030 3400 4067; x_wconf 89' lang='grc' dir='ltr'><strong>τε</strong></span> <span class='ocrx_word' id='word_1_637' title='bbox 3449 4015 3546 4069; x_wconf 74' lang='grc' dir='ltr'>καὶ</span> <span class='ocrx_word' id='word_1_638' title='bbox 3569 4014 3799 4085; x_wconf 74' lang='grc' dir='ltr'>μείζονα</span> 
     </span>
    </p>
   </div>
   <div class='ocr_carea' id='block_1_88' title="bbox 2206 4099 3798 4176">
    <p class='ocr_par' dir='ltr' id='par_1_88' title="bbox 2206 4099 3798 4176">
     <span class='ocr_line' id='line_1_88' title="bbox 2206 4099 3798 4176; baseline 0.003 -22"><span class='ocrx_word' id='word_1_639' title='bbox 2206 4100 2297 4156; x_wconf 78' lang='grc' dir='ltr'>τὸν</span> <span class='ocrx_word' id='word_1_640' title='bbox 2324 4099 2691 4172; x_wconf 74' lang='grc' dir='ltr'>Ἐμμανουὴλ,</span> <span class='ocrx_word' id='word_1_641' title='bbox 2722 4101 3035 4171; x_wconf 76' lang='grc' dir='ltr'>ἀναγκαίως</span> <span class='ocrx_word' id='word_1_642' title='bbox 3061 4105 3092 4157; x_wconf 86' lang='grc' dir='ltr'>ὁ</span> <span class='ocrx_word' id='word_1_643' title='bbox 3116 4102 3384 4174; x_wconf 80' lang='grc' dir='ltr'>μακάριος</span> <span class='ocrx_word' id='word_1_644' title='bbox 3404 4104 3798 4176; x_wconf 76' lang='grc' dir='ltr'>εὐαγγελιστὴς</span> 
     </span>
    </p>
   </div>
   <div class='ocr_carea' id='block_1_89' title="bbox 2207 4191 3795 4268">
    <p class='ocr_par' dir='ltr' id='par_1_89' title="bbox 2207 4191 3795 4268">
     <span class='ocr_line' id='line_1_89' title="bbox 2207 4191 3795 4268; baseline 0.003 -21"><span class='ocrx_word' id='word_1_645' title='bbox 2207 4192 2298 4247; x_wconf 77' lang='grc' dir='ltr'><strong>ἐπὶ</strong></span> <span class='ocrx_word' id='word_1_646' title='bbox 2348 4191 2565 4265; x_wconf 83' lang='grc' dir='ltr'>πρῶτον</span> <span class='ocrx_word' id='word_1_647' title='bbox 2597 4192 2818 4264; x_wconf 70' lang='grc' dir='ltr'>ἔρχεται</span> <span class='ocrx_word' id='word_1_648' title='bbox 2872 4193 2965 4249; x_wconf 85' lang='grc' dir='ltr'>τὸν</span> <span class='ocrx_word' id='word_1_649' title='bbox 3010 4194 3335 4267; x_wconf 73' lang='grc' dir='ltr'>ἱεροφάντην</span> <span class='ocrx_word' id='word_1_650' title='bbox 3384 4196 3612 4259; x_wconf 79' lang='grc' dir='ltr'>Μωσέα,</span> <span class='ocrx_word' id='word_1_651' title='bbox 3651 4197 3795 4268; x_wconf 81' lang='grc' dir='ltr'>πρὸς</span> 
     </span>
    </p>
   </div>
   <div class='ocr_carea' id='block_1_90' title="bbox 2204 4280 3797 4357">
    <p class='ocr_par' dir='ltr' id='par_1_90' title="bbox 2204 4280 3797 4357">
     <span class='ocr_line' id='line_1_90' title="bbox 2204 4280 3797 4357; baseline 0.004 -20"><span class='ocrx_word' id='word_1_652' title='bbox 2204 4283 2264 4338; x_wconf 81' lang='grc' dir='ltr'>ὃν</span> <span class='ocrx_word' id='word_1_653' title='bbox 2292 4283 2480 4356; x_wconf 82' lang='grc' dir='ltr'>εἴρητο</span> <span class='ocrx_word' id='word_1_654' title='bbox 2517 4283 2670 4357; x_wconf 87' lang='grc' dir='ltr'><strong>παρά</strong></span> <span class='ocrx_word' id='word_1_655' title='bbox 2701 4283 2835 4339; x_wconf 83' lang='grc' dir='ltr'>Θεοῦ</span> <span class='ocrx_word' id='word_1_656' title='bbox 2862 4300 2876 4316; x_wconf 91' lang='grc'><strong>·</strong></span> <span class='ocrx_word' id='word_1_657' title='bbox 2915 4304 2934 4338; x_wconf 81' lang='lat' dir='ltr'><strong>r</strong></span> <span class='ocrx_word' id='word_1_658' title='bbox 2985 4280 3117 4340; x_wconf 82' lang='grc' dir='ltr'>Οἶδά</span> <span class='ocrx_word' id='word_1_659' title='bbox 3158 4303 3219 4344; x_wconf 84' lang='grc' dir='ltr'><strong>σε</strong></span> <span class='ocrx_word' id='word_1_660' title='bbox 3252 4286 3405 4357; x_wconf 81' lang='grc' dir='ltr'>παρὰ</span> <span class='ocrx_word' id='word_1_661' title='bbox 3441 4289 3670 4352; x_wconf 85' lang='grc' dir='ltr'>πάντας,</span> <span class='ocrx_word' id='word_1_662' title='bbox 3701 4294 3797 4344; x_wconf 74' lang='grc' dir='ltr'>καὶ</span> 
     </span>
    </p>
   </div>
   <div class='ocr_carea' id='block_1_91' title="bbox 2204 4368 3796 4451">
    <p class='ocr_par' dir='ltr' id='par_1_91' title="bbox 2204 4368 3796 4451">
     <span class='ocr_line' id='line_1_91' title="bbox 2204 4368 3796 4451; baseline 0.004 -24"><span class='ocrx_word' id='word_1_663' title='bbox 2204 4374 2366 4445; x_wconf 89' lang='grc' dir='ltr'>χάριν</span> <span class='ocrx_word' id='word_1_664' title='bbox 2416 4368 2574 4447; x_wconf 77' lang='grc' dir='ltr'>εὗρες</span> <span class='ocrx_word' id='word_1_665' title='bbox 2636 4376 2770 4446; x_wconf 84' lang='grc' dir='ltr'>παρ’</span> <span class='ocrx_word' id='word_1_666' title='bbox 2820 4376 2966 4445; x_wconf 75' lang='grc' dir='ltr'>ἐμοί.</span> <span class='ocrx_word' id='word_1_667' title='bbox 3048 4417 3064 4432; x_wconf 92' lang='grc'><strong>.</strong></span> <span class='ocrx_word' id='word_1_668' title='bbox 3108 4415 3123 4430; x_wconf 93' lang='grc'><strong>.</strong></span> <span class='ocrx_word' id='word_1_669' title='bbox 3188 4396 3209 4430; x_wconf 73' lang='grc' dir='ltr'>ι</span> <span class='ocrx_word' id='word_1_670' title='bbox 3265 4378 3597 4446; x_wconf 71' lang='grc' dir='ltr'>ἐγινώσκετο</span> <span class='ocrx_word' id='word_1_671' title='bbox 3639 4380 3796 4451; x_wconf 83' lang='grc' dir='ltr'><strong>παρά</strong></span> 
     </span>
    </p>
   </div>
   <div class='ocr_carea' id='block_1_92' title="bbox 524 4462 2108 4544">
    <p class='ocr_par' dir='ltr' id='par_1_92' title="bbox 524 4470 2107 4544">
     <span class='ocr_line' id='line_1_92' title="bbox 524 4470 2107 4544; baseline -0.002 -17"><span class='ocrx_word' id='word_1_672' title='bbox 524 4472 705 4544; x_wconf 77' lang='lat' dir='ltr'><strong>inquit</strong></span> <span class='ocrx_word' id='word_1_673' title='bbox 745 4471 1033 4538; x_wconf 90' lang='lat' dir='ltr'><strong>Dominus,</strong></span> <span class='ocrx_word' id='word_1_674' title='bbox 1062 4472 1119 4527; x_wconf 92' lang='lat' dir='ltr'><strong>in</strong></span> <span class='ocrx_word' id='word_1_675' title='bbox 1148 4471 1362 4527; x_wconf 89' lang='lat' dir='ltr'><strong>visione</strong></span> <span class='ocrx_word' id='word_1_676' title='bbox 1394 4473 1443 4530; x_wconf 82' lang='lat' dir='ltr'><strong>ei</strong></span> <span class='ocrx_word' id='word_1_677' title='bbox 1473 4485 1764 4542; x_wconf 89' lang='lat' dir='ltr'><strong>agnoscar,</strong></span> <span class='ocrx_word' id='word_1_678' title='bbox 1795 4478 1851 4525; x_wconf 89' lang='lat' dir='ltr'><strong>et</strong></span> <span class='ocrx_word' id='word_1_679' title='bbox 1880 4470 1933 4523; x_wconf 93' lang='lat' dir='ltr'><strong>in</strong></span> <span class='ocrx_word' id='word_1_680' title='bbox 1958 4485 2107 4524; x_wconf 82' lang='lat' dir='ltr'><strong>som—</strong></span> 
     </span>
    </p>
   </div>
   <div class='ocr_carea' id='block_1_93' title="bbox 2209 4462 3794 4544">
    <p class='ocr_par' dir='ltr' id='par_1_93' title="bbox 2212 4467 3794 4542">
     <span class='ocr_line' id='line_1_93' title="bbox 2212 4467 3794 4542; baseline 0.003 -21"><span class='ocrx_word' id='word_1_681' title='bbox 2212 4468 2419 4530; x_wconf 82' lang='grc' dir='ltr'>πάντας</span> <span class='ocrx_word' id='word_1_682' title='bbox 2461 4467 2540 4538; x_wconf 86' lang='grc' dir='ltr'>τῷ</span> <span class='ocrx_word' id='word_1_683' title='bbox 2574 4467 2715 4539; x_wconf 81' lang='grc' dir='ltr'>Θεῷ,</span> <span class='ocrx_word' id='word_1_684' title='bbox 2748 4468 2842 4523; x_wconf 87' lang='grc' dir='ltr'>καὶ</span> <span class='ocrx_word' id='word_1_685' title='bbox 2882 4467 2974 4523; x_wconf 86' lang='grc' dir='ltr'><strong>διά</strong></span> <span class='ocrx_word' id='word_1_686' title='bbox 3003 4468 3196 4523; x_wconf 82' lang='grc' dir='ltr'>τούτου</span> <span class='ocrx_word' id='word_1_687' title='bbox 3230 4469 3394 4524; x_wconf 87' lang='grc' dir='ltr'>πάλιν</span> <span class='ocrx_word' id='word_1_688' title='bbox 3440 4472 3602 4542; x_wconf 80' lang='grc' dir='ltr'>ἡμεῖς</span> <span class='ocrx_word' id='word_1_689' title='bbox 3644 4471 3794 4525; x_wconf 73' lang='grc' dir='ltr'>εἰσό-</span> 
     </span>
    </p>
   </div>
   <div class='ocr_carea' id='block_1_94' title="bbox 520 4560 2107 4634">
    <p class='ocr_par' dir='ltr' id='par_1_94' title="bbox 520 4560 2107 4634">
     <span class='ocr_line' id='line_1_94' title="bbox 520 4560 2107 4634; baseline -0.002 -15"><span class='ocrx_word' id='word_1_690' title='bbox 520 4580 593 4619; x_wconf 89' lang='lat' dir='ltr'><strong>no</strong></span> <span class='ocrx_word' id='word_1_691' title='bbox 628 4564 822 4634; x_wconf 91' lang='lat' dir='ltr'><strong>loquar</strong></span> <span class='ocrx_word' id='word_1_692' title='bbox 856 4562 927 4618; x_wconf 91' lang='lat' dir='ltr'><strong>ei.</strong></span> <span class='ocrx_word' id='word_1_693' title='bbox 949 4561 1068 4619; x_wconf 91' lang='lat' dir='ltr'><strong>Non</strong></span> <span class='ocrx_word' id='word_1_694' title='bbox 1097 4564 1178 4619; x_wconf 90' lang='lat' dir='ltr'><strong>sic</strong></span> <span class='ocrx_word' id='word_1_695' title='bbox 1204 4580 1399 4620; x_wconf 87' lang='lat' dir='ltr'><strong>servus</strong></span> <span class='ocrx_word' id='word_1_696' title='bbox 1434 4578 1588 4617; x_wconf 89' lang='lat' dir='ltr'><strong>meus</strong></span> <span class='ocrx_word' id='word_1_697' title='bbox 1618 4560 1871 4633; x_wconf 77' lang='lat' dir='ltr'><strong>Moyses;</strong></span> <span class='ocrx_word' id='word_1_698' title='bbox 1904 4564 1961 4615; x_wconf 91' lang='lat' dir='ltr'><strong>in</strong></span> <span class='ocrx_word' id='word_1_699' title='bbox 1995 4569 2107 4616; x_wconf 88' lang='lat' dir='ltr'><strong>tota</strong></span> 
     </span>
    </p>
   </div>
   <div class='ocr_carea' id='block_1_95' title="bbox 519 4651 2107 4730">
    <p class='ocr_par' dir='ltr' id='par_1_95' title="bbox 519 4651 2107 4730">
     <span class='ocr_line' id='line_1_95' title="bbox 519 4651 2107 4730; baseline -0.004 -19"><span class='ocrx_word' id='word_1_700' title='bbox 519 4656 685 4730; x_wconf 80' lang='lat' dir='ltr'><strong>domo</strong></span> <span class='ocrx_word' id='word_1_701' title='bbox 735 4669 855 4711; x_wconf 90' lang='lat' dir='ltr'><strong>mea</strong></span> <span class='ocrx_word' id='word_1_702' title='bbox 887 4654 1063 4712; x_wconf 84' lang='lat' dir='ltr'><strong>ﬁdelis</strong></span> <span class='ocrx_word' id='word_1_703' title='bbox 1092 4664 1199 4711; x_wconf 88' lang='lat' dir='ltr'><strong>est.</strong></span> <span class='ocrx_word' id='word_1_704' title='bbox 1238 4656 1313 4713; x_wconf 86' lang='lat' dir='ltr'><strong>Os</strong></span> <span class='ocrx_word' id='word_1_705' title='bbox 1346 4655 1410 4710; x_wconf 88' lang='lat' dir='ltr'><strong>ad</strong></span> <span class='ocrx_word' id='word_1_706' title='bbox 1440 4669 1504 4710; x_wconf 92' lang='lat' dir='ltr'><strong>os</strong></span> <span class='ocrx_word' id='word_1_707' title='bbox 1536 4654 1731 4724; x_wconf 90' lang='lat' dir='ltr'><strong>loquar</strong></span> <span class='ocrx_word' id='word_1_708' title='bbox 1756 4653 1805 4708; x_wconf 90' lang='lat' dir='ltr'><strong>ei</strong></span> <span class='ocrx_word' id='word_1_709' title='bbox 1827 4690 1845 4718; x_wconf 87' lang='lat'><strong>,</strong></span> <span class='ocrx_word' id='word_1_710' title='bbox 1884 4651 1937 4706; x_wconf 90' lang='lat' dir='ltr'><strong>in</strong></span> <span class='ocrx_word' id='word_1_711' title='bbox 1982 4666 2107 4723; x_wconf 90' lang='lat' dir='ltr'><strong>spe-</strong></span> 
     </span>
    </p>
   </div>
   <div class='ocr_carea' id='block_1_96' title="bbox 518 4745 2106 4820">
    <p class='ocr_par' dir='ltr' id='par_1_96' title="bbox 518 4745 2106 4820">
     <span class='ocr_line' id='line_1_96' title="bbox 518 4745 2106 4820; baseline -0.003 -16"><span class='ocrx_word' id='word_1_712' title='bbox 518 4750 624 4817; x_wconf 86' lang='lat' dir='ltr'><strong>cie,</strong></span> <span class='ocrx_word' id='word_1_713' title='bbox 650 4756 704 4804; x_wconf 86' lang='lat' dir='ltr'><strong>et</strong></span> <span class='ocrx_word' id='word_1_714' title='bbox 733 4761 840 4803; x_wconf 89' lang='lat' dir='ltr'><strong>non</strong></span> <span class='ocrx_word' id='word_1_715' title='bbox 875 4763 972 4819; x_wconf 90' lang='lat' dir='ltr'><strong>per</strong></span> <span class='ocrx_word' id='word_1_716' title='bbox 1003 4749 1295 4820; x_wconf 73' lang='lat' dir='ltr'><strong>:enigmata</strong></span> <span class='ocrx_word' id='word_1_717' title='bbox 1323 4749 1389 4802; x_wconf 80' lang='grc'><strong>⁶³.</strong></span> <span class='ocrx_word' id='word_1_718' title='bbox 1416 4766 1435 4798; x_wconf 74' lang='grc' dir='ltr'>ι</span> <span class='ocrx_word' id='word_1_719' title='bbox 1470 4745 1624 4800; x_wconf 89' lang='lat' dir='ltr'><strong>Licet</strong></span> <span class='ocrx_word' id='word_1_720' title='bbox 1649 4760 1779 4815; x_wconf 87' lang='lat' dir='ltr'><strong>ergo</strong></span> <span class='ocrx_word' id='word_1_721' title='bbox 1815 4753 1968 4800; x_wconf 88' lang='lat' dir='ltr'><strong>tanta</strong></span> <span class='ocrx_word' id='word_1_722' title='bbox 2010 4761 2106 4802; x_wconf 89' lang='lat' dir='ltr'><strong>su-</strong></span> 
     </span>
    </p>
   </div>
   <div class='ocr_carea' id='block_1_97' title="bbox 517 4836 2104 4911">
    <p class='ocr_par' dir='ltr' id='par_1_97' title="bbox 517 4836 2104 4911">
     <span class='ocr_line' id='line_1_97' title="bbox 517 4836 2104 4911; baseline -0.004 -15"><span class='ocrx_word' id='word_1_723' title='bbox 517 4856 614 4911; x_wconf 86' lang='lat' dir='ltr'><strong>pra</strong></span> <span class='ocrx_word' id='word_1_724' title='bbox 646 4850 874 4896; x_wconf 74' lang='lat' dir='ltr'><strong>eteteros</strong></span> <span class='ocrx_word' id='word_1_725' title='bbox 906 4840 1109 4895; x_wconf 77' lang='lat' dir='ltr'><strong>veteris</strong></span> <span class='ocrx_word' id='word_1_726' title='bbox 1156 4837 1381 4894; x_wconf 67' lang='lat' dir='ltr'><strong>hederis</strong></span> <span class='ocrx_word' id='word_1_727' title='bbox 1428 4844 1655 4893; x_wconf 87' lang='lat' dir='ltr'><strong>sanctos</strong></span> <span class='ocrx_word' id='word_1_728' title='bbox 1686 4844 1872 4906; x_wconf 87' lang='lat' dir='ltr'><strong>patres</strong></span> <span class='ocrx_word' id='word_1_729' title='bbox 1906 4836 2104 4907; x_wconf 83' lang='lat' dir='ltr'><strong>digna-</strong></span> 
     </span>
    </p>
   </div>
   <div class='ocr_carea' id='block_1_98' title="bbox 520 4925 2104 4998">
    <p class='ocr_par' dir='ltr' id='par_1_98' title="bbox 520 4925 2104 4998">
     <span class='ocr_line' id='line_1_98' title="bbox 520 4925 2104 4998; baseline 0 -16"><span class='ocrx_word' id='word_1_730' title='bbox 520 4929 675 4983; x_wconf 88' lang='lat' dir='ltr'><strong>tione</strong></span> <span class='ocrx_word' id='word_1_731' title='bbox 715 4925 988 4998; x_wconf 72' lang='lat' dir='ltr'><strong>prazditus</strong></span> <span class='ocrx_word' id='word_1_732' title='bbox 1018 4928 1091 4984; x_wconf 88' lang='lat' dir='ltr'><strong>sit</strong></span> <span class='ocrx_word' id='word_1_733' title='bbox 1120 4925 1339 4998; x_wconf 84' lang='lat' dir='ltr'><strong>Moyses</strong></span> <span class='ocrx_word' id='word_1_734' title='bbox 1362 4969 1376 4994; x_wconf 95' lang='lat'><strong>,</strong></span> <span class='ocrx_word' id='word_1_735' title='bbox 1412 4925 1856 4997; x_wconf 63' lang='lat' dir='ltr'><strong>praestantiorem</strong></span> <span class='ocrx_word' id='word_1_736' title='bbox 1902 4927 2104 4982; x_wconf 85' lang='lat' dir='ltr'><strong>nihilo-</strong></span> 
     </span>
    </p>
   </div>
   <div class='ocr_carea' id='block_1_99' title="bbox 523 5017 2108 5087">
    <p class='ocr_par' dir='ltr' id='par_1_99' title="bbox 523 5017 2108 5087">
     <span class='ocr_line' id='line_1_99' title="bbox 523 5017 2108 5087; baseline -0.001 -12"><span class='ocrx_word' id='word_1_737' title='bbox 523 5022 708 5075; x_wconf 87' lang='lat' dir='ltr'><strong>minus</strong></span> <span class='ocrx_word' id='word_1_738' title='bbox 729 5059 744 5087; x_wconf 90' lang='lat'><strong>,</strong></span> <span class='ocrx_word' id='word_1_739' title='bbox 776 5026 830 5075; x_wconf 92' lang='lat' dir='ltr'><strong>ct</strong></span> <span class='ocrx_word' id='word_1_740' title='bbox 875 5020 1058 5076; x_wconf 88' lang='lat' dir='ltr'><strong>modis</strong></span> <span class='ocrx_word' id='word_1_741' title='bbox 1087 5018 1346 5075; x_wconf 87' lang='lat' dir='ltr'><strong>omnibus</strong></span> <span class='ocrx_word' id='word_1_742' title='bbox 1385 5017 1676 5075; x_wconf 89' lang='lat' dir='ltr'><strong>clariorem</strong></span> <span class='ocrx_word' id='word_1_743' title='bbox 1718 5034 1841 5075; x_wconf 89' lang='lat' dir='ltr'><strong>esse</strong></span> <span class='ocrx_word' id='word_1_744' title='bbox 1866 5019 2108 5075; x_wconf 86' lang='lat' dir='ltr'><strong>ostendit</strong></span> 
     </span>
    </p>
   </div>
   <div class='ocr_carea' id='block_1_100' title="bbox 523 5110 2102 5183">
    <p class='ocr_par' dir='ltr' id='par_1_100' title="bbox 523 5110 2102 5183">
     <span class='ocr_line' id='line_1_100' title="bbox 523 5110 2102 5183; baseline -0.002 -15"><span class='ocrx_word' id='word_1_745' title='bbox 523 5112 875 5183; x_wconf 85' lang='lat' dir='ltr'><strong>Unigenitum</strong></span> <span class='ocrx_word' id='word_1_746' title='bbox 899 5112 1029 5169; x_wconf 76' lang='lat' dir='ltr'><strong>:rilt</strong></span> <span class='ocrx_word' id='word_1_747' title='bbox 1049 5120 1310 5182; x_wconf 87' lang='lat' dir='ltr'><strong>appareat</strong></span> <span class='ocrx_word' id='word_1_748' title='bbox 1325 5111 1442 5180; x_wconf 88' lang='lat' dir='ltr'><strong>ipse</strong></span> <span class='ocrx_word' id='word_1_749' title='bbox 1460 5110 1513 5164; x_wconf 93' lang='lat' dir='ltr'><strong>in</strong></span> <span class='ocrx_word' id='word_1_750' title='bbox 1534 5110 1791 5165; x_wconf 82' lang='lat' dir='ltr'><strong>omnibus</strong></span> <span class='ocrx_word' id='word_1_751' title='bbox 1804 5111 2102 5181; x_wconf 86' lang='lat' dir='ltr'><strong>primatum</strong></span> 
     </span>
    </p>
   </div>
   <div class='ocr_carea' id='block_1_101' title="bbox 518 5201 2103 5272">
    <p class='ocr_par' dir='ltr' id='par_1_101' title="bbox 518 5201 2103 5272">
     <span class='ocr_line' id='line_1_101' title="bbox 518 5201 2103 5272; baseline 0.001 -14"><span class='ocrx_word' id='word_1_752' title='bbox 518 5215 732 5272; x_wconf 87' lang='lat' dir='ltr'><strong>tenens,</strong></span> <span class='ocrx_word' id='word_1_753' title='bbox 758 5226 776 5259; x_wconf 77' lang='grc' dir='ltr'>ι</span> <span class='ocrx_word' id='word_1_754' title='bbox 814 5207 979 5262; x_wconf 89' lang='lat' dir='ltr'><strong>sicuti</strong></span> <span class='ocrx_word' id='word_1_755' title='bbox 1002 5203 1209 5258; x_wconf 87' lang='lat' dir='ltr'><strong>Paulus</strong></span> <span class='ocrx_word' id='word_1_756' title='bbox 1238 5203 1431 5259; x_wconf 87' lang='lat' dir='ltr'><strong>scribit</strong></span> <span class='ocrx_word' id='word_1_757' title='bbox 1458 5201 1525 5254; x_wconf 71' lang='grc'><strong>⁸⁸.</strong></span> <span class='ocrx_word' id='word_1_758' title='bbox 1561 5201 1772 5257; x_wconf 85' lang='lat' dir='ltr'><strong>Idcirco</strong></span> <span class='ocrx_word' id='word_1_759' title='bbox 1804 5202 1883 5257; x_wconf 86' lang='lat' dir='ltr'><strong>ait</strong></span> <span class='ocrx_word' id='word_1_760' title='bbox 1917 5219 1928 5253; x_wconf 92' lang='lat'>:</span> <span class='ocrx_word' id='word_1_761' title='bbox 1971 5223 1988 5257; x_wconf 72' lang='grc' dir='ltr'><strong>ι</strong></span> <span class='ocrx_word' id='word_1_762' title='bbox 2035 5202 2103 5259; x_wconf 85' lang='lat' dir='ltr'><strong>Et</strong></span> 
     </span>
    </p>
   </div>
   <div class='ocr_carea' id='block_1_102' title="bbox 516 5291 2108 5369">
    <p class='ocr_par' dir='ltr' id='par_1_102' title="bbox 516 5291 2108 5369">
     <span class='ocr_line' id='line_1_102' title="bbox 516 5291 2108 5369; baseline -0.003 -17"><span class='ocrx_word' id='word_1_763' title='bbox 516 5300 756 5361; x_wconf 71' lang='lat' dir='ltr'><strong>gratiam</strong></span> <span class='ocrx_word' id='word_1_764' title='bbox 788 5313 890 5369; x_wconf 90' lang='lat' dir='ltr'><strong>pro</strong></span> <span class='ocrx_word' id='word_1_765' title='bbox 910 5296 1129 5368; x_wconf 86' lang='lat' dir='ltr'><strong>gratia:</strong></span> <span class='ocrx_word' id='word_1_766' title='bbox 1158 5294 1288 5364; x_wconf 89' lang='lat' dir='ltr'><strong>quia</strong></span> <span class='ocrx_word' id='word_1_767' title='bbox 1324 5294 1412 5349; x_wconf 84' lang='lat' dir='ltr'><strong>lex</strong></span> <span class='ocrx_word' id='word_1_768' title='bbox 1443 5308 1541 5363; x_wconf 92' lang='lat' dir='ltr'><strong>per</strong></span> <span class='ocrx_word' id='word_1_769' title='bbox 1569 5291 1801 5364; x_wconf 75' lang='lat' dir='ltr'><strong>Moysen</strong></span> <span class='ocrx_word' id='word_1_770' title='bbox 1840 5294 1966 5349; x_wconf 89' lang='lat' dir='ltr'><strong>data</strong></span> <span class='ocrx_word' id='word_1_771' title='bbox 1992 5301 2108 5359; x_wconf 71' lang='lat' dir='ltr'><strong>est,</strong></span> 
     </span>
    </p>
   </div>
   <div class='ocr_carea' id='block_1_103' title="bbox 515 5384 2095 5463">
    <p class='ocr_par' dir='ltr' id='par_1_103' title="bbox 515 5384 2095 5463">
     <span class='ocr_line' id='line_1_103' title="bbox 515 5384 2095 5463; baseline -0.005 -18"><span class='ocrx_word' id='word_1_772' title='bbox 515 5393 688 5463; x_wconf 86' lang='lat' dir='ltr'><strong>gratia</strong></span> <span class='ocrx_word' id='word_1_773' title='bbox 722 5398 776 5447; x_wconf 84' lang='lat' dir='ltr'><strong>et</strong></span> <span class='ocrx_word' id='word_1_774' title='bbox 806 5391 1014 5447; x_wconf 89' lang='lat' dir='ltr'><strong>veritas</strong></span> <span class='ocrx_word' id='word_1_775' title='bbox 1044 5403 1143 5460; x_wconf 86' lang='lat' dir='ltr'><strong>per</strong></span> <span class='ocrx_word' id='word_1_776' title='bbox 1189 5385 1378 5441; x_wconf 83' lang='lat' dir='ltr'><strong>Jesum</strong></span> <span class='ocrx_word' id='word_1_777' title='bbox 1419 5384 1706 5441; x_wconf 88' lang='lat' dir='ltr'><strong>Christum</strong></span> <span class='ocrx_word' id='word_1_778' title='bbox 1762 5386 1903 5441; x_wconf 82' lang='lat' dir='ltr'><strong>facta</strong></span> <span class='ocrx_word' id='word_1_779' title='bbox 1936 5396 2041 5442; x_wconf 89' lang='lat' dir='ltr'><strong>est.</strong></span> <span class='ocrx_word' id='word_1_780' title='bbox 2076 5404 2095 5437; x_wconf 74' lang='grc' dir='ltr'><strong><em>ο</em></strong></span> 
     </span>
    </p>
   </div>
   <div class='ocr_carea' id='block_1_104' title="bbox 520 5480 2097 5554">
    <p class='ocr_par' dir='ltr' id='par_1_104' title="bbox 520 5480 2097 5554">
     <span class='ocr_line' id='line_1_104' title="bbox 520 5480 2097 5554; baseline -0.001 -17"><span class='ocrx_word' id='word_1_781' title='bbox 520 5485 776 5541; x_wconf 76' lang='lat' dir='ltr'><strong>Arbitror</strong></span> <span class='ocrx_word' id='word_1_782' title='bbox 795 5484 943 5541; x_wconf 87' lang='lat' dir='ltr'><strong>enim</strong></span> <span class='ocrx_word' id='word_1_783' title='bbox 972 5496 1074 5554; x_wconf 89' lang='lat' dir='ltr'><strong>ego</strong></span> <span class='ocrx_word' id='word_1_784' title='bbox 1104 5481 1354 5535; x_wconf 87' lang='lat' dir='ltr'><strong>divinum</strong></span> <span class='ocrx_word' id='word_1_785' title='bbox 1386 5480 1779 5550; x_wconf 87' lang='lat' dir='ltr'><strong>evangelistam</strong></span> <span class='ocrx_word' id='word_1_786' title='bbox 1810 5480 2097 5536; x_wconf 84' lang='lat' dir='ltr'><strong>istiusmo-</strong></span> 
     </span>
    </p>
   </div>
   <div class='ocr_carea' id='block_1_105' title="bbox 522 5556 2097 5648">
    <p class='ocr_par' dir='ltr' id='par_1_105' title="bbox 522 5556 2097 5648">
     <span class='ocr_line' id='line_1_105' title="bbox 522 5556 2097 5648; baseline -0.001 -21"><span class='ocrx_word' id='word_1_787' title='bbox 522 5575 576 5630; x_wconf 84' lang='lat' dir='ltr'><strong>di</strong></span> <span class='ocrx_word' id='word_1_788' title='bbox 609 5576 877 5648; x_wconf 84' lang='lat' dir='ltr'><strong>quiddam</strong></span> <span class='ocrx_word' id='word_1_789' title='bbox 917 5573 1232 5646; x_wconf 80' lang='lat' dir='ltr'><strong>signiﬁcare</strong></span> <span class='ocrx_word' id='word_1_790' title='bbox 1261 5556 1417 5628; x_wconf 72' lang='lat' dir='ltr'><strong>velle.</strong></span> <span class='ocrx_word' id='word_1_791' title='bbox 1444 5570 1679 5638; x_wconf 86' lang='lat' dir='ltr'><strong>Veram,</strong></span> <span class='ocrx_word' id='word_1_792' title='bbox 1718 5572 1929 5643; x_wconf 88' lang='lat' dir='ltr'><strong>inquit,</strong></span> <span class='ocrx_word' id='word_1_793' title='bbox 1960 5588 2097 5627; x_wconf 87' lang='lat' dir='ltr'><strong>con-</strong></span> 
     </span>
    </p>
   </div>
   <div class='ocr_carea' id='block_1_106' title="bbox 586 5748 1096 5818">
    <p class='ocr_par' dir='ltr' id='par_1_106' title="bbox 586 5748 1096 5818">
     <span class='ocr_line' id='line_1_106' title="bbox 586 5748 1096 5818; baseline -0.006 -10"><span class='ocrx_word' id='word_1_794' title='bbox 586 5748 686 5807; x_wconf 79' lang='lat' dir='ltr'><strong>“l</strong></span> <span class='ocrx_word' id='word_1_795' title='bbox 729 5748 859 5808; x_wconf 85' lang='lat' dir='ltr'><strong>Cor.</strong></span> <span class='ocrx_word' id='word_1_796' title='bbox 920 5764 993 5818; x_wconf 79' lang='grc' dir='ltr'><strong>ιν,</strong></span> <span class='ocrx_word' id='word_1_797' title='bbox 1045 5748 1096 5805; x_wconf 91' lang='lat'><strong>7.</strong></span> 
     </span>
    </p>
   </div>
   <div class='ocr_carea' id='block_1_107' title="bbox 1204 5748 2485 5827">
    <p class='ocr_par' dir='ltr' id='par_1_107' title="bbox 1204 5748 2485 5827">
     <span class='ocr_line' id='line_1_107' title="bbox 1204 5748 2485 5827; baseline 0.003 -22"><span class='ocrx_word' id='word_1_798' title='bbox 1204 5751 1242 5827; x_wconf 53' lang='grc' dir='ltr'>εἴ</span> <span class='ocrx_word' id='word_1_799' title='bbox 1301 5748 1491 5807; x_wconf 77' lang='lat' dir='ltr'><strong>Matth.</strong></span> <span class='ocrx_word' id='word_1_800' title='bbox 1555 5767 1630 5821; x_wconf 75' lang='lat' dir='ltr'><strong>xl,</strong></span> <span class='ocrx_word' id='word_1_801' title='bbox 1699 5751 1782 5806; x_wconf 90' lang='lat' dir='ltr'><strong>ll.</strong></span> <span class='ocrx_word' id='word_1_802' title='bbox 1859 5751 1901 5783; x_wconf 81' lang='lat'>&quot;</span> <span class='ocrx_word' id='word_1_803' title='bbox 1948 5749 2119 5806; x_wconf 73' lang='lat' dir='ltr'><strong>Exod.</strong></span> <span class='ocrx_word' id='word_1_804' title='bbox 2159 5765 2353 5818; x_wconf 63' lang='lat' dir='ltr'><strong>xum,</strong></span> <span class='ocrx_word' id='word_1_805' title='bbox 2403 5752 2485 5809; x_wconf 73' lang='lat' dir='ltr'><strong>l2.</strong></span> 
     </span>
    </p>
   </div>
   <div class='ocr_carea' id='block_1_108' title="bbox 2218 4557 3796 4632">
    <p class='ocr_par' dir='ltr' id='par_1_108' title="bbox 2218 4557 3796 4632">
     <span class='ocr_line' id='line_1_108' title="bbox 2218 4557 3796 4632; baseline 0.005 -23"><span class='ocrx_word' id='word_1_806' title='bbox 2218 4557 2378 4627; x_wconf 85' lang='grc' dir='ltr'>μεοα·</span> <span class='ocrx_word' id='word_1_807' title='bbox 2429 4576 2447 4606; x_wconf 76' lang='grc' dir='ltr'>ι</span> <span class='ocrx_word' id='word_1_808' title='bbox 2493 4557 2618 4611; x_wconf 82' lang='grc' dir='ltr'>Ἐάν</span> <span class='ocrx_word' id='word_1_809' title='bbox 2662 4558 2909 4629; x_wconf 77' lang='grc' dir='ltr'>γένηται,</span> <span class='ocrx_word' id='word_1_810' title='bbox 2973 4558 3129 4628; x_wconf 75' lang='grc' dir='ltr'>φησὶ,</span> <span class='ocrx_word' id='word_1_811' title='bbox 3178 4560 3466 4632; x_wconf 78' lang='grc' dir='ltr'>προφήτης</span> <span class='ocrx_word' id='word_1_812' title='bbox 3515 4560 3691 4631; x_wconf 83' lang='grc' dir='ltr'>ὑμῶν,</span> <span class='ocrx_word' id='word_1_813' title='bbox 3734 4563 3796 4617; x_wconf 78' lang='grc' dir='ltr'>ὲν</span> 
     </span>
    </p>
   </div>
   <div class='ocr_carea' id='block_1_109' title="bbox 2213 4648 3797 4723">
    <p class='ocr_par' dir='ltr' id='par_1_109' title="bbox 2213 4648 3797 4723">
     <span class='ocr_line' id='line_1_109' title="bbox 2213 4648 3797 4723; baseline 0.004 -23"><span class='ocrx_word' id='word_1_814' title='bbox 2213 4649 2451 4718; x_wconf 84' lang='grc' dir='ltr'>ὁράματι</span> <span class='ocrx_word' id='word_1_815' title='bbox 2495 4648 2645 4719; x_wconf 80' lang='grc' dir='ltr'><strong>αὐτῷ</strong></span> <span class='ocrx_word' id='word_1_816' title='bbox 2688 4649 3097 4721; x_wconf 83' lang='grc' dir='ltr'>γνωσθήσομαι,</span> <span class='ocrx_word' id='word_1_817' title='bbox 3136 4650 3231 4704; x_wconf 87' lang='grc' dir='ltr'>καὶ</span> <span class='ocrx_word' id='word_1_818' title='bbox 3285 4652 3342 4706; x_wconf 77' lang='grc' dir='ltr'>ἐν</span> <span class='ocrx_word' id='word_1_819' title='bbox 3373 4651 3526 4722; x_wconf 76' lang='grc' dir='ltr'>ὕπνῳ</span> <span class='ocrx_word' id='word_1_820' title='bbox 3574 4652 3797 4723; x_wconf 77' lang='grc' dir='ltr'>λαλήσω</span> 
     </span>
    </p>
   </div>
   <div class='ocr_carea' id='block_1_110' title="bbox 2213 4739 3795 4816">
    <p class='ocr_par' dir='ltr' id='par_1_110' title="bbox 2213 4739 3795 4816">
     <span class='ocr_line' id='line_1_110' title="bbox 2213 4739 3795 4816; baseline 0.005 -24"><span class='ocrx_word' id='word_1_821' title='bbox 2213 4739 2384 4811; x_wconf 80' lang='grc' dir='ltr'>αὐτῷ.</span> <span class='ocrx_word' id='word_1_822' title='bbox 2426 4740 2540 4812; x_wconf 83' lang='grc' dir='ltr'>Οὐχ</span> <span class='ocrx_word' id='word_1_823' title='bbox 2570 4739 2744 4806; x_wconf 73' lang='grc' dir='ltr'>οὕτως</span> <span class='ocrx_word' id='word_1_824' title='bbox 2775 4739 2898 4815; x_wconf 77' lang='grc' dir='ltr'>[ὡς]</span> <span class='ocrx_word' id='word_1_825' title='bbox 2926 4744 2956 4796; x_wconf 84' lang='grc' dir='ltr'>ὁ</span> <span class='ocrx_word' id='word_1_826' title='bbox 3005 4742 3260 4814; x_wconf 81' lang='grc' dir='ltr'>θεράπων</span> <span class='ocrx_word' id='word_1_827' title='bbox 3310 4761 3413 4815; x_wconf 88' lang='grc' dir='ltr'><strong>μου</strong></span> <span class='ocrx_word' id='word_1_828' title='bbox 3461 4745 3687 4816; x_wconf 84' lang='grc' dir='ltr'>Μωσῆς·</span> <span class='ocrx_word' id='word_1_829' title='bbox 3734 4746 3795 4800; x_wconf 71' lang='grc' dir='ltr'>ιν</span> 
     </span>
    </p>
   </div>
   <div class='ocr_carea' id='block_1_111' title="bbox 2211 4830 3795 4907">
    <p class='ocr_par' dir='ltr' id='par_1_111' title="bbox 2211 4830 3795 4907">
     <span class='ocr_line' id='line_1_111' title="bbox 2211 4830 3795 4907; baseline 0.006 -23"><span class='ocrx_word' id='word_1_830' title='bbox 2211 4830 2316 4902; x_wconf 81' lang='grc' dir='ltr'>ὅλῳ</span> <span class='ocrx_word' id='word_1_831' title='bbox 2347 4831 2424 4903; x_wconf 77' lang='grc' dir='ltr'>τῷ</span> <span class='ocrx_word' id='word_1_832' title='bbox 2451 4833 2583 4905; x_wconf 82' lang='grc' dir='ltr'>οἴκῳ</span> <span class='ocrx_word' id='word_1_833' title='bbox 2614 4850 2718 4904; x_wconf 88' lang='grc' dir='ltr'><strong>μου</strong></span> <span class='ocrx_word' id='word_1_834' title='bbox 2746 4834 2939 4898; x_wconf 86' lang='grc' dir='ltr'>πιστός</span> <span class='ocrx_word' id='word_1_835' title='bbox 2960 4836 3096 4891; x_wconf 72' lang='grc' dir='ltr'>ἐστι’</span> <span class='ocrx_word' id='word_1_836' title='bbox 3127 4836 3304 4906; x_wconf 86' lang='grc' dir='ltr'>στόμα</span> <span class='ocrx_word' id='word_1_837' title='bbox 3329 4836 3473 4891; x_wconf 86' lang='grc' dir='ltr'>κατὰ</span> <span class='ocrx_word' id='word_1_838' title='bbox 3503 4837 3678 4907; x_wconf 85' lang='grc' dir='ltr'>στόμα</span> <span class='ocrx_word' id='word_1_839' title='bbox 3696 4838 3795 4893; x_wconf 83' lang='grc' dir='ltr'>λα-</span> 
     </span>
    </p>
   </div>
   <div class='ocr_carea' id='block_1_112' title="bbox 2212 4922 3797 4999">
    <p class='ocr_par' dir='ltr' id='par_1_112' title="bbox 2212 4922 3797 4999">
     <span class='ocr_line' id='line_1_112' title="bbox 2212 4922 3797 4999; baseline 0.006 -24"><span class='ocrx_word' id='word_1_840' title='bbox 2212 4922 2364 4995; x_wconf 85' lang='grc' dir='ltr'>λήσω</span> <span class='ocrx_word' id='word_1_841' title='bbox 2379 4924 2526 4995; x_wconf 83' lang='grc' dir='ltr'><strong>αὐτῷ</strong></span> <span class='ocrx_word' id='word_1_842' title='bbox 2541 4926 2599 4977; x_wconf 80' lang='grc' dir='ltr'>ὲν</span> <span class='ocrx_word' id='word_1_843' title='bbox 2624 4925 2774 4991; x_wconf 77' lang='grc' dir='ltr'>εἴδει,</span> <span class='ocrx_word' id='word_1_844' title='bbox 2802 4925 2979 4979; x_wconf 85' lang='grc' dir='ltr'>καὶού</span> <span class='ocrx_word' id='word_1_845' title='bbox 3004 4926 3072 4980; x_wconf 82' lang='grc' dir='ltr'>δι’</span> <span class='ocrx_word' id='word_1_846' title='bbox 3099 4928 3458 4998; x_wconf 75' lang='grc' dir='ltr'>αἰνιγμάτων.</span> <span class='ocrx_word' id='word_1_847' title='bbox 3476 4946 3496 4980; x_wconf 75' lang='grc' dir='ltr'><strong>ι</strong></span> <span class='ocrx_word' id='word_1_848' title='bbox 3538 4930 3797 4999; x_wconf 81' lang='grc' dir='ltr'>Ἐχοντος</span> 
     </span>
    </p>
   </div>
   <div class='ocr_carea' id='block_1_113' title="bbox 2211 5013 3798 5091">
    <p class='ocr_par' dir='ltr' id='par_1_113' title="bbox 2211 5013 3798 5091">
     <span class='ocr_line' id='line_1_113' title="bbox 2211 5013 3798 5091; baseline 0.006 -25"><span class='ocrx_word' id='word_1_849' title='bbox 2211 5014 2389 5069; x_wconf 84' lang='grc' dir='ltr'>τοίνυν</span> <span class='ocrx_word' id='word_1_850' title='bbox 2427 5015 2521 5068; x_wconf 75' lang='grc' dir='ltr'>καὶ</span> <span class='ocrx_word' id='word_1_851' title='bbox 2552 5013 2647 5069; x_wconf 81' lang='grc' dir='ltr'><strong>τοῦ</strong></span> <span class='ocrx_word' id='word_1_852' title='bbox 2676 5016 2953 5085; x_wconf 78' lang='grc' dir='ltr'>πανσόφου</span> <span class='ocrx_word' id='word_1_853' title='bbox 2986 5016 3234 5080; x_wconf 84' lang='grc' dir='ltr'>Μωσέως</span> <span class='ocrx_word' id='word_1_854' title='bbox 3265 5019 3407 5072; x_wconf 86' lang='grc' dir='ltr'>κατὰ</span> <span class='ocrx_word' id='word_1_855' title='bbox 3440 5018 3548 5072; x_wconf 84' lang='grc' dir='ltr'><strong>τῶν</strong></span> <span class='ocrx_word' id='word_1_856' title='bbox 3575 5021 3798 5091; x_wconf 82' lang='grc' dir='ltr'>ἀρχαιο-</span> 
     </span>
    </p>
   </div>
   <div class='ocr_carea' id='block_1_114' title="bbox 2210 5104 3798 5180">
    <p class='ocr_par' dir='ltr' id='par_1_114' title="bbox 2210 5104 3798 5180">
     <span class='ocr_line' id='line_1_114' title="bbox 2210 5104 3798 5180; baseline 0.006 -23"><span class='ocrx_word' id='word_1_857' title='bbox 2210 5105 2383 5177; x_wconf 83' lang='grc' dir='ltr'>τέρων</span> <span class='ocrx_word' id='word_1_858' title='bbox 2415 5106 2586 5173; x_wconf 89' lang='grc' dir='ltr'>άγίων</span> <span class='ocrx_word' id='word_1_859' title='bbox 2614 5104 2712 5178; x_wconf 80' lang='grc' dir='ltr'><strong>τὴν</strong></span> <span class='ocrx_word' id='word_1_860' title='bbox 2740 5105 2883 5161; x_wconf 70' lang='grc' dir='ltr'>οὕτω</span> <span class='ocrx_word' id='word_1_861' title='bbox 2918 5106 3161 5178; x_wconf 85' lang='grc' dir='ltr'>μεγάλην</span> <span class='ocrx_word' id='word_1_862' title='bbox 3188 5108 3484 5179; x_wconf 77' lang='grc' dir='ltr'>ὑπεροχὴν,</span> <span class='ocrx_word' id='word_1_863' title='bbox 3508 5110 3798 5180; x_wconf 81' lang='grc' dir='ltr'>κρείττονά</span> 
     </span>
    </p>
   </div>
   <div class='ocr_carea' id='block_1_115' title="bbox 2209 5198 3797 5271">
    <p class='ocr_par' dir='ltr' id='par_1_115' title="bbox 2209 5198 3797 5271">
     <span class='ocr_line' id='line_1_115' title="bbox 2209 5198 3797 5271; baseline 0.004 -20"><span class='ocrx_word' id='word_1_864' title='bbox 2209 5217 2268 5251; x_wconf 86' lang='grc' dir='ltr'><strong>τε</strong></span> <span class='ocrx_word' id='word_1_865' title='bbox 2312 5200 2404 5252; x_wconf 77' lang='grc' dir='ltr'>καὶ</span> <span class='ocrx_word' id='word_1_866' title='bbox 2436 5198 2817 5271; x_wconf 75' lang='grc' dir='ltr'>εὐκλεέστερον</span> <span class='ocrx_word' id='word_1_867' title='bbox 2848 5200 2990 5255; x_wconf 83' lang='grc' dir='ltr'><strong>κατά</strong></span> <span class='ocrx_word' id='word_1_868' title='bbox 3021 5200 3200 5257; x_wconf 84' lang='grc' dir='ltr'>πάντα</span> <span class='ocrx_word' id='word_1_869' title='bbox 3227 5201 3428 5271; x_wconf 85' lang='grc' dir='ltr'>τρόπον</span> <span class='ocrx_word' id='word_1_870' title='bbox 3449 5202 3797 5259; x_wconf 84' lang='grc' dir='ltr'>ἀποδεικνύει</span> 
     </span>
    </p>
   </div>
   <div class='ocr_carea' id='block_1_116' title="bbox 2210 5292 3797 5368">
    <p class='ocr_par' dir='ltr' id='par_1_116' title="bbox 2210 5292 3797 5368">
     <span class='ocr_line' id='line_1_116' title="bbox 2210 5292 3797 5368; baseline 0.001 -22"><span class='ocrx_word' id='word_1_871' title='bbox 2210 5293 2300 5346; x_wconf 69' lang='grc' dir='ltr'>τὸν</span> <span class='ocrx_word' id='word_1_872' title='bbox 2339 5294 2638 5365; x_wconf 83' lang='grc' dir='ltr'>Μονογενῆ,</span> <span class='ocrx_word' id='word_1_873' title='bbox 2675 5310 2693 5344; x_wconf 71' lang='grc' dir='ltr'>ς</span> <span class='ocrx_word' id='word_1_874' title='bbox 2736 5292 2852 5348; x_wconf 82' lang='grc' dir='ltr'>Ἵνα</span> <span class='ocrx_word' id='word_1_875' title='bbox 2878 5294 3139 5366; x_wconf 80' lang='grc' dir='ltr'>φαίνηται</span> <span class='ocrx_word' id='word_1_876' title='bbox 3177 5295 3235 5347; x_wconf 76' lang='grc' dir='ltr'>ὲν</span> <span class='ocrx_word' id='word_1_877' title='bbox 3268 5296 3434 5349; x_wconf 83' lang='grc' dir='ltr'>πᾶσιν</span> <span class='ocrx_word' id='word_1_878' title='bbox 3450 5294 3615 5359; x_wconf 81' lang='grc' dir='ltr'>αὐτὸς</span> <span class='ocrx_word' id='word_1_879' title='bbox 3641 5312 3797 5368; x_wconf 83' lang='grc' dir='ltr'>πρω-</span> 
     </span>
    </p>
   </div>
   <div class='ocr_carea' id='block_1_117' title="bbox 2212 5383 3798 5458">
    <p class='ocr_par' dir='ltr' id='par_1_117' title="bbox 2212 5383 3798 5458">
     <span class='ocr_line' id='line_1_117' title="bbox 2212 5383 3798 5458; baseline 0.003 -21"><span class='ocrx_word' id='word_1_880' title='bbox 2212 5383 2437 5448; x_wconf 77' lang='grc' dir='ltr'>τεύων,ι</span> <span class='ocrx_word' id='word_1_881' title='bbox 2472 5386 2546 5450; x_wconf 79' lang='grc' dir='ltr'>ὡς</span> <span class='ocrx_word' id='word_1_882' title='bbox 2574 5387 2602 5439; x_wconf 86' lang='grc' dir='ltr'><strong>ὁ</strong></span> <span class='ocrx_word' id='word_1_883' title='bbox 2622 5384 2833 5450; x_wconf 67' lang='grc' dir='ltr'>Παῦλος</span> <span class='ocrx_word' id='word_1_884' title='bbox 2856 5403 3009 5458; x_wconf 72' lang='grc' dir='ltr'>φησι·</span> <span class='ocrx_word' id='word_1_885' title='bbox 3047 5387 3141 5441; x_wconf 76' lang='grc' dir='ltr'>καὶ</span> <span class='ocrx_word' id='word_1_886' title='bbox 3162 5385 3422 5442; x_wconf 84' lang='grc' dir='ltr'>διάτοῦτο</span> <span class='ocrx_word' id='word_1_887' title='bbox 3448 5387 3613 5457; x_wconf 74' lang='grc' dir='ltr'>λέγει·</span> <span class='ocrx_word' id='word_1_888' title='bbox 3640 5405 3659 5439; x_wconf 76' lang='grc' dir='ltr'><strong>ι</strong></span> <span class='ocrx_word' id='word_1_889' title='bbox 3684 5388 3798 5442; x_wconf 72' lang='grc' dir='ltr'><strong>Καὶ</strong></span> 
     </span>
    </p>
   </div>
   <div class='ocr_carea' id='block_1_118' title="bbox 2211 5478 3795 5551">
    <p class='ocr_par' dir='ltr' id='par_1_118' title="bbox 2211 5478 3795 5551">
     <span class='ocr_line' id='line_1_118' title="bbox 2211 5478 3795 5551; baseline -0.01 -6"><span class='ocrx_word' id='word_1_890' title='bbox 2211 5478 2369 5547; x_wconf 77' lang='grc' dir='ltr'>χάριν</span> <span class='ocrx_word' id='word_1_891' title='bbox 2408 5478 2528 5531; x_wconf 69' lang='grc' dir='ltr'>ἀντὶ</span> <span class='ocrx_word' id='word_1_892' title='bbox 2560 5480 2803 5550; x_wconf 82' lang='grc' dir='ltr'>χάριτος,</span> <span class='ocrx_word' id='word_1_893' title='bbox 2834 5480 2916 5533; x_wconf 79' lang='grc' dir='ltr'>δτι</span> <span class='ocrx_word' id='word_1_894' title='bbox 2946 5482 2975 5533; x_wconf 81' lang='grc' dir='ltr'>ὁ</span> <span class='ocrx_word' id='word_1_895' title='bbox 3000 5479 3162 5551; x_wconf 80' lang='grc' dir='ltr'>νόμος</span> <span class='ocrx_word' id='word_1_896' title='bbox 3187 5478 3278 5533; x_wconf 84' lang='grc' dir='ltr'>διὰ</span> <span class='ocrx_word' id='word_1_897' title='bbox 3309 5480 3553 5543; x_wconf 75' lang='grc' dir='ltr'>Μωσέως</span> <span class='ocrx_word' id='word_1_898' title='bbox 3584 5479 3743 5551; x_wconf 76' lang='grc' dir='ltr'>ἐδόθη</span> <span class='ocrx_word' id='word_1_899' title='bbox 3776 5495 3795 5512; x_wconf 77' lang='grc' dir='ltr'><strong>ο</strong></span> 
     </span>
    </p>
   </div>
   <div class='ocr_carea' id='block_1_119' title="bbox 2204 5570 3794 5643">
    <p class='ocr_par' dir='ltr' id='par_1_119' title="bbox 2204 5570 3794 5643">
     <span class='ocr_line' id='line_1_119' title="bbox 2204 5570 3794 5643; baseline 0.003 -21"><span class='ocrx_word' id='word_1_900' title='bbox 2204 5572 2238 5641; x_wconf 78' lang='grc' dir='ltr'><strong>ἡ</strong></span> <span class='ocrx_word' id='word_1_901' title='bbox 2266 5570 2424 5642; x_wconf 83' lang='grc' dir='ltr'>χάρις</span> <span class='ocrx_word' id='word_1_902' title='bbox 2453 5570 2547 5625; x_wconf 81' lang='grc' dir='ltr'>καὶ</span> <span class='ocrx_word' id='word_1_903' title='bbox 2582 5571 2614 5642; x_wconf 72' lang='grc' dir='ltr'>ἡ</span> <span class='ocrx_word' id='word_1_904' title='bbox 2641 5570 2867 5642; x_wconf 77' lang='grc' dir='ltr'>ἀλήθεια</span> <span class='ocrx_word' id='word_1_905' title='bbox 2900 5572 2989 5627; x_wconf 84' lang='grc' dir='ltr'>διὰ</span> <span class='ocrx_word' id='word_1_906' title='bbox 3020 5571 3193 5643; x_wconf 87' lang='grc' dir='ltr'>Ἰησοῦ</span> <span class='ocrx_word' id='word_1_907' title='bbox 3222 5571 3464 5643; x_wconf 85' lang='grc' dir='ltr'>Χριστοῦ</span> <span class='ocrx_word' id='word_1_908' title='bbox 3495 5572 3732 5641; x_wconf 71' lang='grc' dir='ltr'>ἐγένετο.</span> <span class='ocrx_word' id='word_1_909' title='bbox 3770 5590 3794 5627; x_wconf 70' lang='grc' dir='ltr'>ι</span> 
     </span>
    </p>
   </div>
   <div class='ocr_carea' id='block_1_120' title="bbox 2565 5751 3614 5821">
    <p class='ocr_par' dir='ltr' id='par_1_120' title="bbox 2565 5751 3614 5821">
     <span class='ocr_line' id='line_1_120' title="bbox 2565 5751 3614 5821; baseline 0.002 -15"><span class='ocrx_word' id='word_1_910' title='bbox 2565 5754 2607 5785; x_wconf 79' lang='grc'><strong>⁸³</strong></span> <span class='ocrx_word' id='word_1_911' title='bbox 2638 5751 2796 5807; x_wconf 73' lang='grc' dir='ltr'><strong>Νιιτετ.</strong></span> <span class='ocrx_word' id='word_1_912' title='bbox 2840 5768 2937 5820; x_wconf 63' lang='grc' dir='ltr'>χιι,</span> <span class='ocrx_word' id='word_1_913' title='bbox 2983 5753 3111 5810; x_wconf 83' lang='grc'><strong>6-8.</strong></span> <span class='ocrx_word' id='word_1_914' title='bbox 3191 5753 3235 5787; x_wconf 74' lang='grc'><strong>⁸³⁵</strong></span> <span class='ocrx_word' id='word_1_915' title='bbox 3283 5751 3392 5809; x_wconf 82' lang='lat' dir='ltr'><strong>Col.</strong></span> <span class='ocrx_word' id='word_1_916' title='bbox 3444 5769 3484 5821; x_wconf 79' lang='grc' dir='ltr'><strong>ι,</strong></span> <span class='ocrx_word' id='word_1_917' title='bbox 3526 5751 3614 5810; x_wconf 76' lang='grc'><strong>18.</strong></span> 
     </span>
    </p>
   </div>
  </div>
