4106 6480
303 330 417 387 173

1382 326 1454 379 εΙΝ
1491 326 1779 380 JOANNIS
1822 325 2272 388 EVAhGELlUM
2307 328 2433 386 ΗΒ.
2470 332 2514 386 1.

3519 340 3622 396 ιη

298 441 486 517 θῖμαι
532 443 642 516 γάρ
680 442 860 512 ἔγωγε
907 441 1148 497 τοιοῦτόν
1170 461 1220 496 τι
1258 443 1546 514 βούλεσθαι
1582 443 1779 516 δηλοῦν
1823 441 1902 495 τδκ

2023 441 2322 517 fessionem
2378 463 2613 519 magnus
2668 449 2760 504 ille
2806 449 3056 521 Baptista
3092 449 3270 506 edidit
3325 453 3508 525 palam
3565 467 3624 512 et

298 537 589 609 μακάριον
607 537 1033 605 εὐαγγελιστήν·
1077 535 1295 621 Ἀληθῇ,
1319 537 1474 609 φησὶ,
1504 537 1603 609 τὴν
1621 537 1915 609 ὁμολογίαν

290 620 327 684 ὀ
351 630 537 702 μέγας
586 629 888 701 ἐποιήσατο
919 620 1390 699 Βαπτιστὴςίπερὶ
1435 628 1531 683 τοῦ
1574 628 1916 700 Μονογενοῦς

288 724 610 796 διαρρήδην
641 722 1027 793 ἀπαγγέλλων·
1087 744 1105 776 ι
1154 723 1213 777 Ὀ
1232 723 1408 779 ὀπίσω
1446 743 1548 797 μου
1583 724 1912 797 ἐρχόμενος,

291 814 628 886 ἔμπροσθέν
664 833 768 885 μου
794 816 1043 886 γέγονεν,
1067 819 1150 871 ὅτι
1173 818 1390 890 πρῶτός
1422 836 1524 890 μου
1559 814 1646 889 ἦν·
1678 818 1774 872 καὶ
1806 819 1915 888 γάρ

291 907 365 959 ἐκ
391 906 491 959 τοῦ
514 906 891 979 πληρώματος
920 906 1089 962 αὐτοῦ
1142 910 1305 979 ἡμεῖς
1336 910 1538 973 πάντες
1565 908 1855 978 ἐλάϐομεν.
1892 928 1909 959 ι

292 1000 412 1052 Καὶ
433 998 712 1069 νομιζέτω
741 1000 934 1071 μηδεὶς
976 1001 1229 1055 Ἰωάννου
1256 1001 1377 1073 μὲν,
1408 1001 1442 1072 ἢ
1473 1000 1568 1055 καὶ
1598 1000 1707 1054 τῶν
1737 1000 1914 1055 ἄλλων

296 1092 501 1160 ἁγίων,
530 1092 583 1144 οἳ
606 1091 750 1146 κατὰ
774 1095 903 1156 τοὺς
920 1092 1019 1164 τῆς
1046 1091 1346 1164 ἐπιδημίας
1367 1094 1629 1163 γεγόνασι
1662 1094 1911 1164 καιροὺς.

299 1184 673 1258 ὕπερανέχειν
722 1184 815 1239 τὸν
853 1185 1159 1256 Μονογενῆο
1196 1186 1468 1257 ἡττᾶσθαί
1506 1204 1569 1257 γε
1610 1187 1719 1259 μὴν
1768 1187 1912 1243 κατὰ

284 1281 398 1350 τὴν
421 1278 586 1344 δόξαν
610 1277 722 1331 τῶν
746 1278 1144 1350 ἀρχαιοτέρων,
1181 1280 1342 1351 οἵπερ
1386 1274 1527 1351 ἦσαν
1564 1282 1620 1332 ἐν
1652 1279 1913 1349 ἁγιασμῷ

284 1373 709 1443 διαλάμποντες
753 1372 898 1426 κατά
932 1373 1059 1437 τοὺς
1091 1374 1299 1433 ἄνωθεν
1331 1374 1430 1444 τῆς
1465 1375 1763 1446 ἐπιδημίας
1785 1375 1909 1445 χρό-

284 1483 423 1529 νους
458 1482 473 1496 ο
505 1465 779 1537 θεωρήσει
816 1464 925 1537 γὰρ
957 1465 1122 1521 αὐτὸν
1159 1467 1295 1521 πολὺ
1324 1468 1385 1521 τὸ
1415 1468 1681 1533 Μωσέως.
1722 1469 1908 1538 φησιν,

280 1558 669 1612 ἀναϐαίνοντα
696 1558 920 1630 μέτρον,
949 1558 1128 1615 καίτοι
1156 1560 1218 1613 τὸ
1256 1561 1463 1631 μεῖζον,
1495 1562 1573 1625 ὡς
1601 1562 1737 1631 πρὸς
1768 1562 1911 1616 ἐκεί-

285 1668 448 1715 νους,
475 1652 535 1704 ἐν
556 1650 815 1722 ἁγιασμῷ
842 1652 1184 1724 κεκτημένου
1209 1668 1223 1682 ’
1259 1652 1413 1724 παρὰ
1440 1653 1648 1717 πάντας
1672 1654 1782 1726 γὰρ
1811 1657 1909 1711 αὑ-

279 1744 385 1797 τὸν
436 1745 743 1813 ἐγνωκέναι
792 1746 982 1815 σαφῶς
1030 1747 1060 1800 6
1114 1746 1414 1819 νομοθέτης
1458 1748 1902 1803 διεϐεϐαιὼσατο.

282 1836 556 1907 Ἰωάννης
593 1835 695 1906 μὲν
717 1831 814 1909 οὖν
847 1837 908 1902 ἐξ
927 1837 1064 1900 ἰδίας
1090 1838 1355 1910 ἠλέγχετο
1384 1840 1593 1909 φωνῆς,
1624 1841 1695 1904 ὡς
1730 1840 1907 1895 ὀπίσω

284 1929 455 2001 δόξης
488 1928 712 1996 ἐϐάδιζε
739 1931 833 1985 τοῦ
865 1932 1023 1986 Υίοῦξ
1046 1932 1269 2005 ἔρχεται
1288 1933 1345 1987 δέ
1374 1935 1607 1990 κατόπιν
1640 1937 1738 2006 τῆς
1774 1936 1908 2005 λαμ-

288 2024 576 2095 πρότητος
603 2023 796 2087 αὐτοῦ,
834 2025 929 2079 καὶ
956 2026 1114 2079 οὐδὲν
1135 2025 1273 2090 ὅλως
1306 2024 1392 2079 ἐπ’
1418 2025 1614 2097 ἐκείνῳ
1635 2026 1697 2081 τὸ
1718 2024 1933 2103 ζητού-θ

290 2132 483 2187 μενον,
515 2116 552 2187 ἢ
576 2116 676 2173 καὶ
700 2117 1085 2189 άποτραχῦνον
1106 2119 1206 2190 τῆς
1246 2117 1509 2191 ἀληθείας
1534 2119 1636 2190 τὴν
1661 2118 1903 2192 εὕρεσιν.

288 2206 469 2265 Πόθεν
495 2204 593 2261 οὖν
621 2209 732 2280 ἄρα
752 2209 850 2263 καὶ
880 2208 1045 2265 αὐτὸν
1089 2210 1397 2283 εὑρήσομεν
1439 2211 1532 2265 τὸν
1578 2213 1905 2285 ἱεροφάντην

278 2300 500 2354 Μωσέα
529 2301 630 2371 τῆς
665 2299 762 2354 τοῦ
808 2301 1049 2374 Χριστοῦ
1088 2302 1249 2375 δόξης
1297 2302 1649 2375 ήττώμενον;
1686 2300 1907 2369 Ἐξετα-

280 2390 455 2455 ζέτω,
500 2393 691 2464 φησὶν,
720 2395 750 2447 6
786 2392 1095 2466 φιλομαθὴς
1125 2394 1225 2467 τὴν
1252 2394 1503 2454 δοθεῖσαν
1526 2398 1660 2468 ἡμῖν
1687 2396 1777 2451 διὰ
1808 2396 1902 2451 τοῦ

276 2484 554 2554 Σωτῆρος
585 2484 749 2554 χάριν
780 2485 1169 2555 εὐαγγελικὴν,
1200 2486 1323 2539 ἀντὶ
1358 2486 1580 2558 χάριτος
1618 2490 1719 2560 τῆς
1751 2506 1906 2557 νομι-

276 2577 390 2648 κῆς
416 2575 520 2645 τῆς
551 2575 641 2629 διὰ
660 2576 929 2640 Μωσέως·
956 2577 1081 2630 τότε
1116 2576 1228 2650 γάρ
1257 2577 1321 2649 δὴ
1370 2577 1640 2651 θεωρήσει
1662 2580 1905 2652 τοσούτῳ

276 2668 585 2742 κρείττονα
634 2669 726 2723 τὸν
769 2669 919 2735 Υἱὸν,
953 2669 1177 2742 ὅσῳπερ
1218 2670 1285 2723 ἂν
1330 2669 1578 2740 φαίνοιτο
1620 2673 1721 2740 τῆς
1761 2674 1904 2727 κατὰ

280 2764 458 2833 νόμον
489 2762 779 2826 πολιτείας
826 2762 897 2816 τά
933 2764 1148 2833 ἀμείνω
1177 2763 1514 2835 νομοθετῶν,
1549 2766 1646 2819 καὶ
1678 2766 1903 2823 πάντων

283 2855 423 2924 ὁμοῦ
451 2854 566 2909 τῶν
611 2855 702 2911 διὰ
757 2854 1006 2920 Μωσέως
1043 2857 1315 2930 εἰσφέρων
1354 2857 1425 2911 τά
1463 2857 1728 2928 βελτίονα.
1763 2876 1784 2910 ι
1843 2860 1905 2911 Ὀ

279 2945 386 3014 μὲν
414 2944 530 3015 γάρ
559 2945 748 3016 νόμος,
776 2934 932 3016 φησὶ,
963 2944 1051 2999 διὰ
1075 2947 1321 3011 Μωσέως
1350 2945 1530 3020 ἐδόθη,
1565 2949 1597 3017 ή
1628 2950 1789 3019 χάρις
1810 2948 1904 3009 καὶ

274 3038 310 3108 ἠ
346 3036 590 3109 ἀλήθεια
624 3037 713 3092 διὰ
747 3037 926 3109 Ἰησοῦ
948 3038 1190 3110 Χριστοῦ
1210 3039 1451 3108 ἐγένετο.
1493 3059 1511 3092 ι
1539 3040 1635 3105 Τίς
1666 3036 1761 3095 οὖν
1794 3041 1905 3111 ἄρα

270 3129 374 3183 τοῦ
405 3130 585 3199 νόμου
617 3129 759 3203 πρὸς
780 3129 881 3202 τὴν
899 3129 992 3185 διά
1026 3129 1122 3184 τοῦ
1142 3130 1397 3202 Σωτῆρος
1413 3132 1577 3202 χάριν
1596 3132 1900 3205 ήδιαιρορὰ,

271 3220 559 3293 θεωρήσει
590 3220 753 3275 πάλιν
784 3223 814 3275 6
854 3221 1225 3295 φιλοζητητὴς
1257 3222 1352 3275 καὶ
1405 3222 1625 3293 ἑταῖρος
1663 3222 1903 3296 ἱδρώτων

267 3314 532 3384 ἀγαθῶν·
571 3313 730 3382 ὀλίγα
766 3314 826 3367 δὲ
859 3315 1020 3385 ἡμεῖς
1052 3314 1288 3387 ἐροῦμεν
1321 3314 1443 3368 ἀντὶ
1477 3315 1689 3368 πολλῶν
1710 3356 1724 3381 ,
1752 3317 1899 3388 ἀμήσ-

270 3408 446 3479 ρυτόν
476 3423 605 3459 τινα
636 3406 734 3459 καὶ
783 3405 996 3478 μακρὸν
1026 3405 1136 3468 τῶν
1165 3407 1257 3459 ἐπὶ
1287 3405 1499 3471 τούτοις
1526 3406 1901 3479 θεωρημάτων

258 3500 370 3553 ’τὸν
402 3498 649 3572 ἀριθμὸν
695 3497 824 3553 ὄντα
865 3497 1232 3560 πιστεύοντες.
1270 3497 1481 3553 Οὐκοῦν
1518 3517 1536 3550 ι
1592 3500 1650 3553 Ὀ
1693 3498 1793 3569 μὲν
1810 3499 1900 3553 νό-

188 3660 195 3663 λ
282 3608 385 3660 μσς
419 3590 725 3661 κατέκρινε
759 3589 853 3643 τὸν
883 3589 1092 3660 κόσμον
1118 3589 1461 3661 (συνέκλεισε
1495 3590 1603 3661 γὰρ
1624 3590 1804 3654 ὀΘεὸς
1832 3590 1900 3643 δι’

276 3684 451 3740 αὐτοῦ
474 3685 546 3741 τὰ
582 3685 765 3741 πάντα
799 3684 905 3737 ὑπὸ
933 3684 1233 3756 ἁμαρτίαν,
1273 3705 1291 3736 ι
1319 3684 1396 3747 ὡς
1418 3685 1447 3737 ὀ
1478 3682 1693 3747 Παῦλός
1716 3686 1897 3755 φησι),

276 3781 376 3833 καὶ
404 3777 704 3832 κολάσεσιν
733 3777 883 3848 ἡμᾶς
913 3776 1134 3848 ἐνόχους
1156 3776 1317 3840 ὀντας
1344 3776 1619 3830 ἐδείκνυεν
1638 3792 1650 3804 ⁸
1683 3775 1900 3830 ἐλευθε-

279 3874 366 3943 ροῖ
398 3871 461 3924 δὲ
520 3869 726 3941 μᾶλλον
753 3869 918 3931 αὐτὸς
950 3870 979 3922 ὀ
1025 3868 1241 3941 Σωτήρ·
1285 3888 1304 3920 ι
1343 3869 1420 3922 Οὐ
1471 3868 1578 3939 γὰρ
1611 3865 1777 3943 ἦλθεν
1810 3869 1899 3923 ἵνα

274 3962 444 4037 κρίνῃ
470 3962 567 4016 τὸν
587 3962 817 4029 κόσμον,
847 3960 961 4014 ἀλλ’
984 3961 1073 4014 ἵνα
1095 3960 1241 4031 σωθῇ
1270 3963 1299 4015 6
1316 3963 1537 4032 κόσμος.
1568 3981 1587 4017 ι
1604 3963 1715 4017 Καὶ
1737 3962 1897 4035 χάριν

278 4056 382 4125 μὲν
418 4052 736 4126 ἀνθρώποις
782 4055 877 4108 καὶ
922 4054 951 4106 ό
980 4053 1146 4124 νόμος
1182 4053 1380 4117 ἐδίδου,
1428 4054 1609 4108 καλῶν
1642 4054 1780 4118 ὅλως
1817 4056 1899 4118 είς

274 4146 643 4217 θεογνωσίαν,
684 4146 779 4201 καὶ
818 4145 921 4215 τῆς
946 4143 1057 4199 τῶν
1102 4143 1337 4201 εἰδώλων
1372 4145 1628 4220 λατρείας
1658 4146 1895 4213 ἐξέλκων

271 4244 405 4304 τοὺς
430 4239 917 4312 πεπλανημένους,
942 4240 1035 4293 καὶ
1059 4239 1285 4311 προσέτι
1323 4238 1500 4311 τούτῳ
1533 4241 1627 4294 καὶ
1654 4240 1717 4294 τὸ
1750 4239 1894 4310 φαῦ-

270 4334 367 4389 λον
406 4333 755 4396 ὑποδεικνὺς,
791 4332 887 4395 καὶ
935 4329 1206 4387 διδάσκων
1236 4330 1299 4384 τὺ
1328 4330 1554 4400 ἀγαθὸν,
1608 4334 1657 4385 εἰ
1695 4334 1787 4385 καὶ
1820 4332 1895 4403 μὴ

265 4426 528 4490 τελείως,
583 4423 723 4478 ἀλλὰ
759 4422 1188 4493 παιδαγωγικῶς
1235 4424 1333 4476 κείἰ⁵
1361 4423 1674 4495 χρησίμως,
1715 4424 1781 4476 Ἠ
1806 4424 1895 4477 διὰ

264 4519 367 4573 τοῦ
435 4515 785 4584 Μονογενοῦς
838 4514 1071 4584 ἀλήθεια
1113 4514 1208 4569 καὶ
1236 4514 1417 4585 χάρις,
1463 4515 1563 4568 οὐκ
1592 4515 1651 4569 ἐν
1698 4515 1893 4580 τόποις

265 4615 413 4684 ἡμῖν
443 4609 695 4681 εἰσφέρει
728 4608 791 4660 τὸ
824 4607 1051 4676 άγαθόν,
1083 4606 1205 4661 οὐδὲ
1230 4606 1306 4669 ὡς
1333 4609 1392 4659 ἐν
1423 4609 1603 4671 σκιαῖς
1629 4609 1893 4679 χαράττει

265 4707 340 4760 τὰ
385 4706 771 4774 συμφέροντα
801 4699 921 4754 ἀλλ’
960 4701 1020 4753 ἐν
1071 4699 1371 4771 λαμπροῖς,
1414 4700 1511 4753 καὶ
1559 4700 1890 4772 καθαρωτά-

260 4815 389 4863 τοις
459 4795 821 4864 διατάγμασι,
890 4792 986 4847 καὶ
1042 4792 1181 4864 πρὸς
1239 4791 1454 4847 τελείαν
1499 4792 1604 4864 τῆς
1652 4794 1893 4861 πίστεως

261 4891 485 4961 γνῶσιν
521 4886 877 4958 χειραγωγεῖσ
902 4883 993 4963 καὶ
1019 4884 1048 4937 6
1079 4884 1179 4955 μὲν
1207 4883 1372 4955 νόμος
1397 4884 1618 4957 πνεῦμα
1646 4885 1893 4952 δουλείας

261 4984 455 5038 ἐδίδου
513 4979 653 5052 πρὸς
698 4977 888 5047 φόϐον,
920 4976 982 5028 τὸ
1025 4975 1083 5030 δέ
1132 4973 1353 5046 πνεῦμα
1389 4977 1491 5049 τῆς
1541 4978 1821 5044 υἱοθεσίας
1859 4981 1890 5033 6

263 5074 519 5148 Χριστὸς
544 5073 625 5135 εἰς
649 5068 987 5142 ἐλευθερίαν.
1021 5067 1082 5121 '0
1100 5067 1266 5138 νόμος
1287 5067 1490 5137 ὁμοίως
1514 5070 1614 5142 τὴν
1636 5072 1698 5125 ἐν
1723 5073 1889 5149 σαρκὶ

261 5178 595 5256 περιτομὴν
638 5176 794 5231 οὐδὲν
834 5172 1002 5230 οὖσαν
1052 5173 1326 5245 εἰσφέρει·
1366 5176 1400 5246 ἡ
1452 5177 1725 5249 περιτομὴ
1775 5180 1886 5252 γάρ

260 5276 433 5332 οὐδέν
463 5276 637 5341 ἐστιν,
671 5269 866 5341 ὥσπερ
903 5264 998 5323 οῦν
1021 5268 1050 5321 6
1075 5264 1290 5330 Παῦλος
1322 5266 1631 5323 ἐπιστέλλει
1662 5271 1823 5325 τισίν⁸
1858 5275 1888 5327 ὁ

261 5372 324 5426 δὲ
354 5368 571 5440 Κύριος
622 5363 785 5441 ημῶν
826 5358 1038 5433 Ἰησοῦς
1092 5359 1330 5431 Χριστὸς
1362 5358 1463 5433 τὴν
1512 5362 1571 5415 ὲν
1610 5362 1888 5435 πνεύματι

263 5465 367 5520 καὶ
403 5459 614 5532 καρδία
648 5454 958 5528 περιτομὴν
998 5452 1088 5508 διὰ
1119 5451 1356 5516 πίστεως
1400 5452 1671 5522 προξενεῖ.
1710 5457 1769 5510 '0
1806 5456 1893 5510 v6-

267 5589 376 5643 μος
430 5567 591 5622 ὕδατι
650 5560 906 5634 βαπτίζει
954 5555 1152 5627 γυμνῷ
1182 5558 1308 5620 τοὺς
1359 5560 1829 5634 μεμολυσμένους·
1864 5566 1893 5617 6

265 5661 490 5733 Σωτὴρ,
541 5677 559 5709 ε
603 5657 662 5709 ὲν
694 5652 975 5724 “vespae;
1040 5647 1182 5717 ἁγίῳ
1228 5648 1324 5700 καὶ
1361 5648 1516 5721 πυρί.
1556 5670 1576 5703 ι
1633 5652 1692 5707 ’0
1731 5654 1894 5724 νόμος

2020 546 2211 609 aperte
2272 539 2581 609 praedicans
2633 540 2702 597 de
2735 541 3068 614 Unigenito:
3109 563 3127 596 ι
3180 543 3287 612 Qui
3342 553 3473 617 post
3532 563 3623 604 me

2018 637 2295 687 venturus
2326 640 2436 695 est,
2462 641 2591 691 ante
2627 647 2716 687 me
2764 633 2946 690 factus
2993 645 3112 699 est,
3155 638 3288 707 quia
3336 637 3493 707 prior
3534 653 3624 693 nte

2018 730 2156 778 erat.
2206 722 2425 778 Etenim
2476 724 2544 780 de
2598 725 2943 795 plenitudine
2992 728 3117 797 ejus
3159 743 3354 784 omnes
3391 728 3621 798 accepi-

2019 832 2162 871 mus.
2203 836 2221 868 ι
2258 815 2371 872 Nec
2400 827 2560 889 putet
2610 820 2890 890 quispiam
2925 819 3126 875 Joanni
3160 822 3386 891 quidem
3416 829 3471 876 et
3510 836 3621 877 cm-

2018 909 2157 965 teris
2211 910 2430 966 sanctis
2480 912 2575 979 qui
2643 922 2894 984 tempore
2948 914 3221 970 adventus
3283 915 3621 979 exstiterunt

2016 999 2377 1074 .Unigenitum
2430 1005 2725 1069 excellere,
2775 1006 2965 1077 gloria:
3005 1014 3194 1071 tamen
3227 1016 3477 1063 veterum
3519 1022 3616 1064 ce-

2016 1094 2168 1159 dere,
2204 1096 2299 1164 qui
2337 1104 2465 1151 ante
2497 1096 2771 1153 adventus
2808 1106 3058 1169 tempora
3096 1099 3398 1154 sanctitate
3432 1098 3617 1169 iulgc,

2015 1187 2150 1242 bant
2185 1205 2197 1240 :
2242 1187 2453 1243 videbit
2501 1190 2649 1245 enim
2683 1189 2909 1248 Christo
2941 1193 3102 1260 longe
3133 1190 3456 1247 inferiorem
3488 1206 3617 1246 csse

2013 1278 2238 1351 Moysen
2258 1320 2272 1345 ,
2303 1282 2483 1353 inquit
2511 1325 2524 1348 ,
2562 1284 2692 1339 licet
2724 1300 2918 1341 eorum
2951 1286 3373 1358 comparatione
3402 1286 3614 1339 sancti—

2017 1381 2126 1427 tate
2178 1376 2572 1444 praecellucrit.
2612 1376 2735 1432 Sibi
2787 1379 2936 1434 enim
2990 1395 3105 1450 pra:
3162 1378 3383 1436 caeteris
3416 1385 3611 1439 notum

2013 1481 2137 1521 esse
2174 1466 2294 1538 ipse
2326 1467 2507 1539 legum
2535 1479 2733 1526 auctor
2774 1471 2925 1527 clare
2951 1471 3330 1528 confirmavit.
3365 1470 3614 1533 Joannes

2012 1572 2143 1628 ergo
2177 1573 2279 1612 suo
2320 1557 2440 1630 ipse
2478 1560 2804 1615 testimonio
2835 1560 3137 1632 probavit,
3177 1577 3239 1617 se
3268 1560 3395 1616 Filii
3432 1560 3613 1634 gloria

2013 1649 2175 1719 longe
2204 1651 2483 1706 minorem
2528 1668 2674 1708 esse.
2705 1651 2863 1707 Cedit
2898 1663 3084 1708 autem
3128 1654 3252 1723 ejus
3290 1654 3611 1725 splendori,

2014 1757 2117 1796 nec
2148 1759 2212 1797 ea
2265 1743 2333 1799 de
2380 1759 2440 1799 re
2487 1746 2807 1818 ambigendi
2845 1746 3029 1803 locum
3070 1747 3370 1818 relinquit,
3424 1754 3522 1802 aut
3555 1747 3612 1802 iu

2012 1837 2382 1906 quaestionem
2434 1838 2697 1892 vocanda:
2746 1838 3020 1895 veritatis.
3057 1839 3216 1896 Unde
3249 1855 3382 1911 ergo
3425 1839 3610 1911 ipsum

2016 1945 2240 2001 quoque
2282 1945 2571 1988 Sacrorum
2599 1932 2907 1988 antistitem
2939 1932 3165 2004 Moysen
3198 1933 3612 2004 eomperiemus

2009 2022 2336 2078 inferiorem
2366 2039 2490 2080 esse
2530 2023 2738 2079 Christi
2782 2025 3002 2094 gloria?
3033 2024 3360 2092 Examinet,
3391 2028 3609 2097 inquit,

2010 2102 2335 2178 studiosus,
2383 2114 2570 2171 datam
2638 2116 2800 2170 nobis
2844 2131 2946 2188 per
2992 2116 3333 2177 Salyatorem
3377 2118 3606 2188 gratiam

2008 2205 2429 2276 cvangelicam,
2462 2222 2700 2276 eamque
2749 2222 2877 2262 cum
2932 2208 3092 2280 legali
3140 2210 3321 2280 gratia
3355 2207 3612 2272 conferat

2009 2312 2132 2368 qua‘:
2163 2312 2264 2368 per
2292 2296 2517 2370 Moysen
2551 2300 2714 2356 nobis
2752 2308 2838 2356 est
2870 2301 3100 2356 tradita.
3123 2300 3282 2359 Tunc
3309 2302 3458 2358 enim
3487 2316 3613 2359 cer-

2014 2398 2068 2446 te
2127 2390 2374 2456 videbit,
2424 2400 2581 2448 tanto
2638 2393 3087 2463 praestantiorem
3164 2410 3291 2454 esse
3363 2393 3608 2464 Filium,

2007 2492 2220 2553 quanto
2293 2483 2455 2555 legali
2534 2484 2835 2557 disciplina
2904 2489 3154 2558 potiores
3238 2486 3612 2557 Mosaicisque

2007 2578 2303 2650 praeceptis
2341 2578 2603 2634 meliores
2640 2580 2791 2649 leges
2826 2578 2976 2636 ferre
3023 2580 3392 2651 consptcitur.
3447 2580 3609 2664 103

2016 2689 2032 2721 ι
2074 2669 2186 2724 Lex
2220 2671 2408 2737 enim,
2443 2671 2662 2741 inquit,
2695 2688 2794 2742 per
2827 2672 3049 2745 Moysen
3082 2673 3214 2729 data
3256 2682 3374 2739 est,
3425 2676 3611 2743 gratia

2007 2771 2063 2817 et
2103 2764 2310 2816 veritas
2352 2777 2451 2832 per
2480 2760 2673 2821 Jcsum
2709 2761 3000 2825 Christum
3035 2763 3183 2820 facta
3207 2773 3315 2822 est.
3355 2784 3373 2816 ι
3416 2764 3610 2832 Quan-
3712 2814 3731 2830 ,

2008 2864 2122 2908 tum
2156 2853 2326 2922 igitur
2349 2854 2573 2911 intersit
2609 2855 2757 2911 inter
2788 2855 2966 2924 legem
2988 2897 3003 2921 ,
3037 2862 3093 2918 et
3144 2854 3456 2915 Salvatoris
3478 2871 3610 2928 gra-

2008 2946 2175 3008 tiam,
2222 2946 2498 3017 spectabit
2548 2962 2748 3003 rursus
2780 2947 3039 3016 quisquis
3072 2950 3181 3003 erit
3218 2947 3477 3013 discendi
3507 2964 3606 3004 ους

2007 3038 2191 3109 pidus,
2215 3048 2271 3094 et
2288 3039 2555 3094 sudorum
2580 3038 2854 3097 bonorum
2872 3040 3084 3096 socius.
3099 3039 3288 3098 Pauca
3303 3057 3435 3097 vero
3453 3043 3610 3099 dice-.-

1932 3143 1978 3202 ο
2011 3149 2135 3189 mus
2156 3147 2187 3187 e
2215 3133 2404 3187 multis
2434 3132 2529 3204 qui
2557 3133 2835 3189 inﬁnitum
2860 3146 2914 3190 et
2944 3134 3168 3205 longum
3196 3150 3262 3191 ea
3293 3135 3363 3191 de
3384 3151 3444 3192 re
3472 3151 3608 3192 con:

2008 3227 2431 3298 temptationem
2456 3243 2754 3284 numerum
2775 3244 2901 3286 esse
2920 3227 3227 3285 credimus.
3253 3228 3426 3301 Igitur
3453 3247 3472 3281 ι
3492 3229 3606 3293 Lex

2006 3321 2232 3392 quidem
2256 3321 2544 3378 damnavit
2574 3321 2845 3378 mundum
2877 3320 3200 3395 (conclusit
3250 3324 3401 3379 enim
3459 3322 3607 3384 Deus

2005 3414 2193 3469 omnia
2250 3430 2348 3485 per
2402 3415 2583 3484 ipsam
2638 3412 2744 3469 sub
2777 3420 3033 3484 peccato,
3058 3433 3079 3467 ι
3118 3420 3179 3469 ut
3212 3414 3413 3469 scribit
3458 3412 3605 3469 Pau-

2007 3510 2092 3563 lus
2129 3508 2199 3576 ")
2228 3516 2284 3562 et
2325 3522 2433 3562 nos
2466 3520 2645 3577 poena:
2680 3505 2954 3563 obnoxios
2991 3521 3119 3563 esse
3151 3507 3430 3577 ostendit;
3481 3505 3609 3571 Sal-

2008 3606 2166 3653 valor
2197 3609 2382 3654 autem
2418 3598 2539 3669 ipse
2572 3612 2673 3652 nos
2723 3597 2911 3667 potius
2957 3597 3158 3652 liberat
3190 3616 3204 3652 :
3241 3616 3261 3650 ι
3300 3596 3420 3652 Non
3453 3598 3601 3654 enim

2004 3690 2155 3744 venit
2185 3698 2245 3744 ut
2272 3688 2489 3759 judicet
2534 3687 2846 3753 mundum,
2891 3688 2990 3743 sed
3037 3698 3099 3743 ut
3142 3690 3388 3744 salvetur
3439 3704 3607 3746 mun-

2003 3784 2108 3839 dus
2128 3784 2195 3836 ³³.
2232 3801 2250 3834 ι
2306 3780 2520 3838 Deinde
2567 3780 2654 3836 lex
2712 3781 2947 3853 gratiam
3005 3795 3227 3852 quoque
3280 3781 3604 3838 hominibus

2003 3875 2207 3941 dabat,
2246 3874 2314 3928 ad
2353 3873 2697 3967 aguitionﬁem
2744 3873 2843 3928 Dei
2886 3873 3082 3944 utique
3112 3874 3239 3928 illos
3269 3888 3511 3940 vocans,
3547 3881 3607 3941 et

2001 3968 2071 4022 ab
2105 3966 2389 4021 idolorum
2421 3964 2579 4019 cultu
2606 3963 2871 4021 errantes
2907 3964 3189 4030 educens,
3224 3972 3279 4020 et
3305 3963 3441 4036 quid
3474 3980 3604 4036 pra-

2000 4074 2129 4113 vum
2163 4057 2370 4128 quidve
2396 4057 2603 4112 bonum
2634 4064 2787 4112 esset
2816 4056 3084 4122 edocens,
3116 4056 3164 4112 si
3195 4071 3305 4113 non
3330 4057 3598 4128 perfecte,

1975 4164 2059 4208 ’at
2091 4150 2376 4226 paedagogi
2415 4164 2593 4214 more,
2618 4159 2674 4205 et
2706 4164 2833 4204 cunt
2868 4148 3079 4204 fructu.
3142 4149 3362 4207 Veritas
3383 4159 3439 4206 et
3467 4166 3601 4223 gra-

1999 4246 2077 4301 tia
2130 4259 2231 4314 per
2286 4240 2647 4311 Unigenitum
2704 4253 2817 4294 non
2868 4240 2925 4294 in
2980 4239 3126 4312 typis
3164 4240 3373 4297 bonum
3436 4242 3602 4301 nobis

1999 4335 2298 4410 proponit,
2350 4347 2532 4402 neque
2583 4345 2681 4400 per
2728 4329 2982 4385 umbram
3020 4345 3111 4384 res
3151 4330 3407 4387 salubres
3435 4331 3601 4393 nobis

2001 4427 2304 4500 imprimit,
2351 4424 2451 4482 sed
2501 4423 2675 4478 claris
2715 4423 3038 4495 apertisque
3089 4422 3405 4493 praeceptis,
3444 4433 3503 4480 et
3529 4425 3601 4482 ad

1926 4496 1970 4551 Β
2003 4496 2303 4592 perfectam
2337 4514 2463 4570 ﬁdei
2496 4512 2876 4583 cognitionem
2907 4512 3152 4567 deducit.
3181 4512 3293 4567 Lex
3337 4514 3601 4585 spiritum
3679 4591 3690 4601 .

2001 4609 2291 4669 servitutis
2313 4607 2486 4664 dabat
2506 4606 2574 4661 ad
2602 4604 2979 4662 formidinem.
2999 4606 3263 4663 Christus
3299 4622 3436 4662 vero
3480 4609 3600 4679 spis

2001 4708 2167 4770 ritum
2233 4701 2551 4773 adoptionis
2610 4701 2851 4757 tliiorum
2906 4698 2964 4752 in
3031 4697 3342 4752 libertatem
3360 4697 3429 4754 ".
3482 4697 3601 4756 Lex

2000 4796 2495 4856 circumcisionem
2574 4792 2765 4848 carnis
2817 4804 2942 4859 quae
2999 4789 3138 4844 nihil
3200 4796 3315 4852 est,
3377 4788 3601 4846 inducit

2000 4888 2395 4963 (circumcisio
2420 4886 2570 4942 enim
2594 4883 2734 4941 nihil
2764 4889 2885 4947 est,
2910 4888 2971 4935 ut
2998 4881 3203 4937 alicubi
3232 4881 3433 4938 scribit
3452 4882 3601 4939 Pau-

2000 4987 2090 5042 lus
2114 4984 2161 5016 ⁸⁸
2180 4985 2221 5053 ).
2249 4980 2517 5040 Dominus
2539 4984 2725 5032 autem
2762 4984 2952 5031 noster
2989 4972 3153 5032 Jesus
3181 4973 3443 5032 Christus
3480 4976 3601 5048 spi-

1999 5079 2145 5134 ritus
2173 5085 2229 5131 et
2254 5072 2445 5129 cordis
2468 5067 2963 5125 circumcisionem
2990 5083 3088 5138 per
3114 5067 3279 5124 (idem
3305 5069 3599 5128 conciliat.

2000 5171 2114 5227 Lex
2153 5182 2299 5237 aqua
2327 5164 2447 5222 sola
2472 5162 2724 5233 baptizat
2752 5162 3081 5235 inquinatos
3109 5177 3125 5217 :
3168 5159 3450 5233 Salvator,
3482 5183 3504 5219 ι
3540 5164 3600 5221 in

2003 5262 2212 5334 Spiritu
2259 5266 2455 5316 sancto
2482 5265 2538 5314 et
2567 5258 2695 5329 igne
2720 5257 2791 5311 “.
2822 5276 2841 5310 ι
2879 5255 2994 5312 Lex
3026 5256 3086 5311 in
3113 5258 3399 5329 exemplar
3438 5272 3600 5314 νει-οφ

1999 5369 2125 5411 rum
2178 5349 2599 5407 tabernaculum
2652 5347 2917 5421 proponit
2953 5364 2969 5400 :
3008 5345 3267 5404 Salvator
3305 5348 3362 5403 in
3412 5348 3594 5418 ipsum

2001 5450 2204 5505 coelum
2245 5445 2551 5507 transfert.
2601 5452 2657 5500 et
2688 5443 2743 5498 in
2792 5443 2980 5498 verius
3032 5440 3454 5498 tabernaculum
3510 5442 3601 5496 in-t

2000 5538 2277 5604 traducit,
2335 5534 2487 5606 quod
2539 5533 2736 5590 statuit
2794 5531 3094 5599 Dominus,
3151 5543 3265 5585 non
3322 5528 3494 5585 homo
3523 5531 3594 5595 ⁷⁸,

2003 5631 2220 5698 Quibus
2252 5630 2515 5685 omnibus
2541 5626 2849 5699 probandis
2874 5623 3100 5683 dilﬁcile
3126 5637 3238 5679 non
3262 5629 3411 5680 esset
3442 5635 3598 5677 com,

342 5776 393 5809 ιι
441 5772 614 5829 Hebr.
674 5787 771 5843 xy
806 5770 880 5835 7;
919 5765 1123 5843 (ἷιιιίιλιζ
1150 5776 1235 5832 tu,
1275 5763 1366 5818 22.
1450 5766 1494 5798 ⁸⁸
1513 5765 1670 5828 Joan.
1699 5788 1779 5843 ιιι,
1808 5773 1895 5835 Π.

2006 5777 2025 5808 ⁷
2068 5774 2227 5830 Rom.
2263 5787 2385 5841 vttt,
2421 5771 2607 5828 15-21.
2692 5770 2736 5802 “'
2783 5768 2959 5826 ICor.
3006 5780 3103 5834 vn,
3156 5764 3245 5825 l9.
3328 5764 3372 5798 ⁶⁹
3408 5763 3597 5832 Matth,

269 5864 352 5923 ill,
402 5846 492 5909 U.
574 5845 623 5879 "
680 5841 845 5904 Hebr,
892 5855 969 5905 Ix,
1000 5838 1058 5902 3,
1093 5835 1146 5891 5.
