  <div class='ocr_page' id='page_1' title='image "/cluster/home/n/w/nwhite01/storage/ocr_20150623/73:no.6/coo.31924054869692/095.png"; bbox 0 0 4106 6518; ppageno 0'>
   <div class='ocr_carea' id='block_1_1' title="bbox 525 347 632 408">
    <p class='ocr_par' dir='ltr' id='par_1_1' title="bbox 525 347 632 408">
     <span class='ocr_line' id='line_1_1' title="bbox 525 347 632 408; baseline 0.009 -1"><span class='ocrx_word' id='word_1_1' title='bbox 525 347 632 408; x_wconf 77' lang='grc' dir='ltr'><strong>1τό</strong></span> 
     </span>
    </p>
   </div>
   <div class='ocr_carea' id='block_1_2' title="bbox 1600 350 2846 418">
    <p class='ocr_par' dir='ltr' id='par_1_2' title="bbox 1600 350 2846 418">
     <span class='ocr_line' id='line_1_2' title="bbox 1600 350 2846 418; baseline 0.006 -9"><span class='ocrx_word' id='word_1_2' title='bbox 1600 350 1657 409; x_wconf 87' lang='lat' dir='ltr'><strong>S.</strong></span> <span class='ocrx_word' id='word_1_3' title='bbox 1704 351 1983 412; x_wconf 74' lang='lat' dir='ltr'><strong>(ZYltlLLl</strong></span> <span class='ocrx_word' id='word_1_4' title='bbox 2015 355 2486 416; x_wconf 74' lang='lat' dir='ltr'><strong>ALEXANDRINI</strong></span> <span class='ocrx_word' id='word_1_5' title='bbox 2522 359 2846 418; x_wconf 79' lang='lat' dir='ltr'><strong>ARCIIIEP.</strong></span> 
     </span>
    </p>
   </div>
   <div class='ocr_carea' id='block_1_3' title="bbox 3716 365 3825 424">
    <p class='ocr_par' dir='ltr' id='par_1_3' title="bbox 3716 365 3825 424">
     <span class='ocr_line' id='line_1_3' title="bbox 3716 365 3825 424; baseline 0.046 -5"><span class='ocrx_word' id='word_1_6' title='bbox 3716 365 3825 424; x_wconf 73' lang='grc' dir='ltr'><strong>ΠΕ</strong></span> 
     </span>
    </p>
   </div>
   <div class='ocr_carea' id='block_1_4' title="bbox 527 467 2120 554">
    <p class='ocr_par' dir='ltr' id='par_1_4' title="bbox 527 467 2113 542">
     <span class='ocr_line' id='line_1_4' title="bbox 527 467 2113 542; baseline 0.004 -17"><span class='ocrx_word' id='word_1_7' title='bbox 527 472 716 542; x_wconf 79' lang='lat' dir='ltr'><strong>plures</strong></span> <span class='ocrx_word' id='word_1_8' title='bbox 769 469 906 525; x_wconf 81' lang='lat' dir='ltr'><strong>alias</strong></span> <span class='ocrx_word' id='word_1_9' title='bbox 940 467 1447 525; x_wconf 77' lang='lat' dir='ltr'><strong>demonstrationes</strong></span> <span class='ocrx_word' id='word_1_10' title='bbox 1478 468 1704 536; x_wconf 85' lang='lat' dir='ltr'><strong>addere,</strong></span> <span class='ocrx_word' id='word_1_11' title='bbox 1756 473 1852 527; x_wconf 88' lang='lat' dir='ltr'><strong>sed</strong></span> <span class='ocrx_word' id='word_1_12' title='bbox 1910 474 2113 532; x_wconf 75' lang='lat' dir='ltr'><strong>inodus</strong></span> 
     </span>
    </p>
   </div>
   <div class='ocr_carea' id='block_1_5' title="bbox 2224 467 3823 554">
    <p class='ocr_par' dir='ltr' id='par_1_5' title="bbox 2224 477 3823 554">
     <span class='ocr_line' id='line_1_5' title="bbox 2224 477 3823 554; baseline 0.004 -24"><span class='ocrx_word' id='word_1_13' title='bbox 2224 480 2296 542; x_wconf 83' lang='grc' dir='ltr'>εἰς</span> <span class='ocrx_word' id='word_1_14' title='bbox 2321 478 2418 550; x_wconf 83' lang='grc' dir='ltr'><strong>τὴν</strong></span> <span class='ocrx_word' id='word_1_15' title='bbox 2445 480 2737 534; x_wconf 79' lang='grc' dir='ltr'>ἀντίτυπον</span> <span class='ocrx_word' id='word_1_16' title='bbox 2785 479 2892 532; x_wconf 84' lang='grc' dir='ltr'><strong>τῶν</strong></span> <span class='ocrx_word' id='word_1_17' title='bbox 2923 477 3193 549; x_wconf 83' lang='grc' dir='ltr'>ἀληθινῶν</span> <span class='ocrx_word' id='word_1_18' title='bbox 3237 478 3482 552; x_wconf 74' lang='grc' dir='ltr'><strong>εἰσφέρει</strong></span> <span class='ocrx_word' id='word_1_19' title='bbox 3515 483 3720 554; x_wconf 82' lang='grc' dir='ltr'>σκηνήν</span> <span class='ocrx_word' id='word_1_20' title='bbox 3745 500 3759 513; x_wconf 74' lang='grc' dir='ltr'><strong>ο</strong></span> <span class='ocrx_word' id='word_1_21' title='bbox 3792 487 3823 537; x_wconf 80' lang='grc' dir='ltr'>ὁ</span> 
     </span>
    </p>
   </div>
   <div class='ocr_carea' id='block_1_6' title="bbox 530 559 2118 631">
    <p class='ocr_par' dir='ltr' id='par_1_6' title="bbox 530 559 2118 631">
     <span class='ocr_line' id='line_1_6' title="bbox 530 559 2118 631; baseline 0 -11"><span class='ocrx_word' id='word_1_22' title='bbox 530 561 861 620; x_wconf 76' lang='lat' dir='ltr'><strong>servandus.</strong></span> <span class='ocrx_word' id='word_1_23' title='bbox 887 559 1028 614; x_wconf 86' lang='lat' dir='ltr'><strong>Illud</strong></span> <span class='ocrx_word' id='word_1_24' title='bbox 1065 567 1250 614; x_wconf 91' lang='lat' dir='ltr'><strong>tamen</strong></span> <span class='ocrx_word' id='word_1_25' title='bbox 1283 560 1513 615; x_wconf 87' lang='lat' dir='ltr'><strong>omnino</strong></span> <span class='ocrx_word' id='word_1_26' title='bbox 1544 563 1969 631; x_wconf 84' lang='lat' dir='ltr'><strong>praetermittere</strong></span> <span class='ocrx_word' id='word_1_27' title='bbox 2007 581 2118 620; x_wconf 91' lang='lat' dir='ltr'><strong>non</strong></span> 
     </span>
    </p>
   </div>
   <div class='ocr_carea' id='block_1_7' title="bbox 527 649 2120 725">
    <p class='ocr_par' dir='ltr' id='par_1_7' title="bbox 527 649 2120 725">
     <span class='ocr_line' id='line_1_7' title="bbox 527 649 2120 725; baseline 0.003 -19"><span class='ocrx_word' id='word_1_28' title='bbox 527 668 864 725; x_wconf 79' lang='lat' dir='ltr'><strong>possumus,</strong></span> <span class='ocrx_word' id='word_1_29' title='bbox 905 652 1129 706; x_wconf 89' lang='lat' dir='ltr'><strong>beatum</strong></span> <span class='ocrx_word' id='word_1_30' title='bbox 1163 649 1397 705; x_wconf 86' lang='lat' dir='ltr'><strong>Paulum</strong></span> <span class='ocrx_word' id='word_1_31' title='bbox 1438 653 1635 721; x_wconf 79' lang='lat' dir='ltr'><strong>paucis</strong></span> <span class='ocrx_word' id='word_1_32' title='bbox 1674 653 1861 710; x_wconf 82' lang='lat' dir='ltr'><strong>verbis</strong></span> <span class='ocrx_word' id='word_1_33' title='bbox 1905 655 2120 711; x_wconf 90' lang='lat' dir='ltr'><strong>solvere</strong></span> 
     </span>
    </p>
   </div>
   <div class='ocr_carea' id='block_1_8' title="bbox 527 740 2117 814">
    <p class='ocr_par' dir='ltr' id='par_1_8' title="bbox 527 740 2117 814">
     <span class='ocr_line' id='line_1_8' title="bbox 527 740 2117 814; baseline 0.001 -16"><span class='ocrx_word' id='word_1_34' title='bbox 527 744 677 798; x_wconf 83' lang='lat' dir='ltr'><strong>illam</strong></span> <span class='ocrx_word' id='word_1_35' title='bbox 708 744 776 797; x_wconf 89' lang='lat' dir='ltr'><strong>de</strong></span> <span class='ocrx_word' id='word_1_36' title='bbox 808 743 924 814; x_wconf 90' lang='lat' dir='ltr'><strong>lege</strong></span> <span class='ocrx_word' id='word_1_37' title='bbox 949 751 1002 796; x_wconf 89' lang='lat' dir='ltr'><strong>et</strong></span> <span class='ocrx_word' id='word_1_38' title='bbox 1039 740 1353 796; x_wconf 89' lang='lat' dir='ltr'><strong>Salvatoris</strong></span> <span class='ocrx_word' id='word_1_39' title='bbox 1376 742 1555 811; x_wconf 89' lang='lat' dir='ltr'><strong>gratia</strong></span> <span class='ocrx_word' id='word_1_40' title='bbox 1597 744 1962 812; x_wconf 80' lang='lat' dir='ltr'><strong>quaestionem</strong></span> <span class='ocrx_word' id='word_1_41' title='bbox 1987 747 2117 801; x_wconf 91' lang='lat' dir='ltr'><strong>dum</strong></span> 
     </span>
    </p>
   </div>
   <div class='ocr_carea' id='block_1_9' title="bbox 527 830 2120 907">
    <p class='ocr_par' dir='ltr' id='par_1_9' title="bbox 527 830 2120 907">
     <span class='ocr_line' id='line_1_9' title="bbox 527 830 2120 907; baseline 0.004 -22"><span class='ocrx_word' id='word_1_42' title='bbox 527 833 602 888; x_wconf 82' lang='lat' dir='ltr'><strong>ait</strong></span> <span class='ocrx_word' id='word_1_43' title='bbox 649 847 713 882; x_wconf 76' lang='grc' dir='ltr'><strong>ιι</strong></span> <span class='ocrx_word' id='word_1_44' title='bbox 754 830 888 886; x_wconf 85' lang='lat' dir='ltr'><strong>Nam</strong></span> <span class='ocrx_word' id='word_1_45' title='bbox 955 831 1003 886; x_wconf 91' lang='lat' dir='ltr'><strong>si</strong></span> <span class='ocrx_word' id='word_1_46' title='bbox 1046 831 1446 886; x_wconf 88' lang='lat' dir='ltr'><strong>ministrationi</strong></span> <span class='ocrx_word' id='word_1_47' title='bbox 1503 831 1882 890; x_wconf 77' lang='lat' dir='ltr'><strong>damnationis</strong></span> <span class='ocrx_word' id='word_1_48' title='bbox 1946 838 2120 907; x_wconf 93' lang='lat' dir='ltr'><strong>gloria</strong></span> 
     </span>
    </p>
   </div>
   <div class='ocr_carea' id='block_1_10' title="bbox 525 923 2115 997">
    <p class='ocr_par' dir='ltr' id='par_1_10' title="bbox 525 923 2115 997">
     <span class='ocr_line' id='line_1_10' title="bbox 525 923 2115 997; baseline 0.004 -19"><span class='ocrx_word' id='word_1_49' title='bbox 525 934 631 990; x_wconf 87' lang='lat' dir='ltr'><strong>est,</strong></span> <span class='ocrx_word' id='word_1_50' title='bbox 666 925 841 979; x_wconf 86' lang='lat' dir='ltr'><strong>multo</strong></span> <span class='ocrx_word' id='word_1_51' title='bbox 872 926 1047 995; x_wconf 86' lang='lat' dir='ltr'><strong>magis</strong></span> <span class='ocrx_word' id='word_1_52' title='bbox 1083 923 1334 980; x_wconf 85' lang='lat' dir='ltr'><strong>abundat</strong></span> <span class='ocrx_word' id='word_1_53' title='bbox 1364 925 1740 981; x_wconf 77' lang='lat' dir='ltr'><strong>ministerium</strong></span> <span class='ocrx_word' id='word_1_54' title='bbox 1778 928 2012 997; x_wconf 68' lang='lat' dir='ltr'><strong>justitia:</strong></span> <span class='ocrx_word' id='word_1_55' title='bbox 2056 946 2115 984; x_wconf 86' lang='grc' dir='ltr'><strong>ιιι</strong></span> 
     </span>
    </p>
   </div>
   <div class='ocr_carea' id='block_1_11' title="bbox 524 1018 2120 1086">
    <p class='ocr_par' dir='ltr' id='par_1_11' title="bbox 524 1018 2120 1086">
     <span class='ocr_line' id='line_1_11' title="bbox 524 1018 2120 1086; baseline 0.011 -17"><span class='ocrx_word' id='word_1_56' title='bbox 524 1018 798 1086; x_wconf 78' lang='lat' dir='ltr'><strong>gloria&quot;.</strong></span> <span class='ocrx_word' id='word_1_57' title='bbox 841 1038 860 1070; x_wconf 71' lang='grc' dir='ltr'><strong>ι</strong></span> <span class='ocrx_word' id='word_1_58' title='bbox 900 1019 1273 1078; x_wconf 74' lang='lat' dir='ltr'><strong>Ministerium</strong></span> <span class='ocrx_word' id='word_1_59' title='bbox 1329 1026 1475 1080; x_wconf 89' lang='lat' dir='ltr'><strong>enim</strong></span> <span class='ocrx_word' id='word_1_60' title='bbox 1522 1027 1900 1084; x_wconf 81' lang='lat' dir='ltr'><strong>damnationis</strong></span> <span class='ocrx_word' id='word_1_61' title='bbox 1955 1039 2120 1086; x_wconf 89' lang='lat' dir='ltr'><strong>vocat</strong></span> 
     </span>
    </p>
   </div>
   <div class='ocr_carea' id='block_1_12' title="bbox 525 1109 2116 1191">
    <p class='ocr_par' dir='ltr' id='par_1_12' title="bbox 525 1109 2116 1191">
     <span class='ocr_line' id='line_1_12' title="bbox 525 1109 2116 1191; baseline 0.012 -32"><span class='ocrx_word' id='word_1_62' title='bbox 525 1115 864 1178; x_wconf 75' lang='lat' dir='ltr'><strong>praeceptum</strong></span> <span class='ocrx_word' id='word_1_63' title='bbox 913 1109 1218 1168; x_wconf 84' lang='lat' dir='ltr'><strong>Mosaicum</strong></span> <span class='ocrx_word' id='word_1_64' title='bbox 1240 1157 1253 1181; x_wconf 96' lang='lat'><strong>,</strong></span> <span class='ocrx_word' id='word_1_65' title='bbox 1287 1117 1664 1172; x_wconf 87' lang='lat' dir='ltr'><strong>ministerium</strong></span> <span class='ocrx_word' id='word_1_66' title='bbox 1697 1135 1834 1174; x_wconf 87' lang='lat' dir='ltr'><strong>vero</strong></span> <span class='ocrx_word' id='word_1_67' title='bbox 1862 1121 2116 1191; x_wconf 71' lang='lat' dir='ltr'><strong>justitim,</strong></span> 
     </span>
    </p>
   </div>
   <div class='ocr_carea' id='block_1_13' title="bbox 527 1200 2119 1275">
    <p class='ocr_par' dir='ltr' id='par_1_13' title="bbox 527 1200 2119 1275">
     <span class='ocr_line' id='line_1_13' title="bbox 527 1200 2119 1275; baseline 0.01 -21"><span class='ocrx_word' id='word_1_68' title='bbox 527 1200 835 1257; x_wconf 86' lang='lat' dir='ltr'><strong>Salvatoris</strong></span> <span class='ocrx_word' id='word_1_69' title='bbox 895 1206 1131 1274; x_wconf 81' lang='lat' dir='ltr'><strong>gratiam</strong></span> <span class='ocrx_word' id='word_1_70' title='bbox 1185 1209 1469 1275; x_wconf 88' lang='lat' dir='ltr'><strong>nominat,</strong></span> <span class='ocrx_word' id='word_1_71' title='bbox 1503 1212 1592 1264; x_wconf 91' lang='lat' dir='ltr'><strong>cui</strong></span> <span class='ocrx_word' id='word_1_72' title='bbox 1630 1213 1794 1266; x_wconf 90' lang='lat' dir='ltr'><strong>etiam</strong></span> <span class='ocrx_word' id='word_1_73' title='bbox 1833 1213 2119 1270; x_wconf 83' lang='lat' dir='ltr'><strong>abundan-</strong></span> 
     </span>
    </p>
   </div>
   <div class='ocr_carea' id='block_1_14' title="bbox 527 1295 2120 1377">
    <p class='ocr_par' dir='ltr' id='par_1_14' title="bbox 527 1295 2120 1377">
     <span class='ocr_line' id='line_1_14' title="bbox 527 1295 2120 1377; baseline 0.011 -32"><span class='ocrx_word' id='word_1_74' title='bbox 527 1295 662 1346; x_wconf 87' lang='lat' dir='ltr'><strong>tiam</strong></span> <span class='ocrx_word' id='word_1_75' title='bbox 701 1295 894 1367; x_wconf 68' lang='lat' dir='ltr'><strong>glorize</strong></span> <span class='ocrx_word' id='word_1_76' title='bbox 935 1298 1170 1365; x_wconf 82' lang='lat' dir='ltr'><strong>tribuit,</strong></span> <span class='ocrx_word' id='word_1_77' title='bbox 1203 1317 1389 1356; x_wconf 89' lang='lat' dir='ltr'><strong>rerum</strong></span> <span class='ocrx_word' id='word_1_78' title='bbox 1421 1311 1676 1358; x_wconf 80' lang='lat' dir='ltr'><strong>naturam</strong></span> <span class='ocrx_word' id='word_1_79' title='bbox 1711 1314 1859 1361; x_wconf 87' lang='lat' dir='ltr'><strong>recte</strong></span> <span class='ocrx_word' id='word_1_80' title='bbox 1885 1322 2120 1377; x_wconf 82' lang='lat' dir='ltr'><strong>perpen-</strong></span> 
     </span>
    </p>
   </div>
   <div class='ocr_carea' id='block_1_15' title="bbox 525 1389 2119 1470">
    <p class='ocr_par' dir='ltr' id='par_1_15' title="bbox 525 1389 2119 1470">
     <span class='ocr_line' id='line_1_15' title="bbox 525 1389 2119 1470; baseline 0.009 -30"><span class='ocrx_word' id='word_1_81' title='bbox 525 1389 686 1452; x_wconf 87' lang='lat' dir='ltr'><strong>dens,</strong></span> <span class='ocrx_word' id='word_1_82' title='bbox 742 1399 804 1444; x_wconf 92' lang='lat' dir='ltr'><strong>ut</strong></span> <span class='ocrx_word' id='word_1_83' title='bbox 849 1392 943 1462; x_wconf 90' lang='lat' dir='ltr'><strong>qui</strong></span> <span class='ocrx_word' id='word_1_84' title='bbox 995 1393 1069 1448; x_wconf 92' lang='lat' dir='ltr'><strong>sit</strong></span> <span class='ocrx_word' id='word_1_85' title='bbox 1128 1393 1345 1450; x_wconf 67' lang='lat' dir='ltr'><strong>albatus</strong></span> <span class='ocrx_word' id='word_1_86' title='bbox 1374 1394 1608 1468; x_wconf 84' lang='lat' dir='ltr'><strong>Spiritu.</strong></span> <span class='ocrx_word' id='word_1_87' title='bbox 1650 1396 1817 1470; x_wconf 88' lang='lat' dir='ltr'><strong>Igitur</strong></span> <span class='ocrx_word' id='word_1_88' title='bbox 1871 1413 1998 1454; x_wconf 92' lang='lat' dir='ltr'><strong>cum</strong></span> <span class='ocrx_word' id='word_1_89' title='bbox 2033 1400 2119 1455; x_wconf 86' lang='lat' dir='ltr'><strong>lex</strong></span> 
     </span>
    </p>
   </div>
   <div class='ocr_carea' id='block_1_16' title="bbox 525 1482 2119 1560">
    <p class='ocr_par' dir='ltr' id='par_1_16' title="bbox 525 1482 2119 1560">
     <span class='ocr_line' id='line_1_16' title="bbox 525 1482 2119 1560; baseline 0.007 -26"><span class='ocrx_word' id='word_1_90' title='bbox 525 1482 912 1538; x_wconf 85' lang='lat' dir='ltr'><strong>condemnans</strong></span> <span class='ocrx_word' id='word_1_91' title='bbox 945 1483 1074 1539; x_wconf 87' lang='lat' dir='ltr'><strong>data</strong></span> <span class='ocrx_word' id='word_1_92' title='bbox 1104 1501 1200 1556; x_wconf 88' lang='lat' dir='ltr'><strong>per</strong></span> <span class='ocrx_word' id='word_1_93' title='bbox 1225 1486 1414 1542; x_wconf 86' lang='lat' dir='ltr'><strong>Mosen</strong></span> <span class='ocrx_word' id='word_1_94' title='bbox 1438 1528 1453 1552; x_wconf 92' lang='lat'><strong>,</strong></span> <span class='ocrx_word' id='word_1_95' title='bbox 1480 1502 1576 1557; x_wconf 86' lang='lat' dir='ltr'><strong>per</strong></span> <span class='ocrx_word' id='word_1_96' title='bbox 1597 1487 1956 1560; x_wconf 85' lang='lat' dir='ltr'><strong>Unigenitum</strong></span> <span class='ocrx_word' id='word_1_97' title='bbox 1986 1505 2119 1545; x_wconf 83' lang='lat' dir='ltr'><strong>vero</strong></span> 
     </span>
    </p>
   </div>
   <div class='ocr_carea' id='block_1_17' title="bbox 526 1570 2118 1649">
    <p class='ocr_par' dir='ltr' id='par_1_17' title="bbox 526 1570 2118 1649">
     <span class='ocr_line' id='line_1_17' title="bbox 526 1570 2118 1649; baseline 0.005 -23"><span class='ocrx_word' id='word_1_98' title='bbox 526 1570 670 1627; x_wconf 80' lang='lat' dir='ltr'><strong>facta</strong></span> <span class='ocrx_word' id='word_1_99' title='bbox 730 1574 887 1646; x_wconf 78' lang='lat'><strong>103</strong></span> <span class='ocrx_word' id='word_1_100' title='bbox 941 1577 1012 1631; x_wconf 88' lang='lat' dir='ltr'><strong>sit</strong></span> <span class='ocrx_word' id='word_1_101' title='bbox 1055 1576 1236 1648; x_wconf 85' lang='lat' dir='ltr'><strong>gratia</strong></span> <span class='ocrx_word' id='word_1_102' title='bbox 1284 1577 1637 1647; x_wconf 85' lang='lat' dir='ltr'><strong>justiﬁcans,</strong></span> <span class='ocrx_word' id='word_1_103' title='bbox 1683 1578 1967 1649; x_wconf 88' lang='lat' dir='ltr'><strong>quomodo</strong></span> <span class='ocrx_word' id='word_1_104' title='bbox 2007 1593 2118 1634; x_wconf 88' lang='lat' dir='ltr'><strong>non</strong></span> 
     </span>
    </p>
   </div>
   <div class='ocr_carea' id='block_1_18' title="bbox 525 1666 2122 1741">
    <p class='ocr_par' dir='ltr' id='par_1_18' title="bbox 525 1666 2122 1741">
     <span class='ocr_line' id='line_1_18' title="bbox 525 1666 2122 1741; baseline 0.004 -23"><span class='ocrx_word' id='word_1_105' title='bbox 525 1666 806 1734; x_wconf 83' lang='lat' dir='ltr'><strong>gloriosus</strong></span> <span class='ocrx_word' id='word_1_106' title='bbox 836 1667 944 1721; x_wconf 90' lang='lat' dir='ltr'><strong>erit</strong></span> <span class='ocrx_word' id='word_1_107' title='bbox 975 1667 1023 1724; x_wconf 92' lang='lat' dir='ltr'><strong>is</strong></span> <span class='ocrx_word' id='word_1_108' title='bbox 1042 1683 1139 1738; x_wconf 90' lang='lat' dir='ltr'><strong>per</strong></span> <span class='ocrx_word' id='word_1_109' title='bbox 1167 1684 1330 1739; x_wconf 89' lang='lat' dir='ltr'><strong>quem</strong></span> <span class='ocrx_word' id='word_1_110' title='bbox 1355 1669 1603 1741; x_wconf 86' lang='lat' dir='ltr'><strong>potiores</strong></span> <span class='ocrx_word' id='word_1_111' title='bbox 1623 1669 1773 1740; x_wconf 89' lang='lat' dir='ltr'><strong>leges</strong></span> <span class='ocrx_word' id='word_1_112' title='bbox 1803 1671 1926 1725; x_wconf 85' lang='lat' dir='ltr'><strong>latae</strong></span> <span class='ocrx_word' id='word_1_113' title='bbox 1953 1670 2122 1725; x_wconf 82' lang='lat' dir='ltr'><strong>sunt?</strong></span> 
     </span>
    </p>
   </div>
   <div class='ocr_carea' id='block_1_19' title="bbox 524 1755 2119 1831">
    <p class='ocr_par' dir='ltr' id='par_1_19' title="bbox 524 1755 2119 1831">
     <span class='ocr_line' id='line_1_19' title="bbox 524 1755 2119 1831; baseline 0.004 -21"><span class='ocrx_word' id='word_1_114' title='bbox 524 1755 668 1810; x_wconf 77' lang='lat' dir='ltr'><strong>Vere</strong></span> <span class='ocrx_word' id='word_1_115' title='bbox 691 1756 878 1826; x_wconf 86' lang='lat' dir='ltr'><strong>itaque</strong></span> <span class='ocrx_word' id='word_1_116' title='bbox 904 1755 1228 1824; x_wconf 84' lang='lat' dir='ltr'><strong>Psalmista,</strong></span> <span class='ocrx_word' id='word_1_117' title='bbox 1255 1760 1386 1815; x_wconf 89' lang='lat' dir='ltr'><strong>dum</strong></span> <span class='ocrx_word' id='word_1_118' title='bbox 1418 1761 1475 1815; x_wconf 92' lang='lat' dir='ltr'><strong>in</strong></span> <span class='ocrx_word' id='word_1_119' title='bbox 1505 1760 1717 1831; x_wconf 83' lang='lat' dir='ltr'><strong>Spiritu</strong></span> <span class='ocrx_word' id='word_1_120' title='bbox 1749 1763 1898 1818; x_wconf 82' lang='lat' dir='ltr'><strong>canit</strong></span> <span class='ocrx_word' id='word_1_121' title='bbox 1926 1762 2119 1818; x_wconf 88' lang='lat' dir='ltr'><strong>Domi-</strong></span> 
     </span>
    </p>
   </div>
   <div class='ocr_carea' id='block_1_20' title="bbox 2225 570 3827 645">
    <p class='ocr_par' dir='ltr' id='par_1_20' title="bbox 2225 570 3827 645">
     <span class='ocr_line' id='line_1_20' title="bbox 2225 570 3827 645; baseline 0.003 -22"><span class='ocrx_word' id='word_1_122' title='bbox 2225 571 2418 643; x_wconf 87' lang='grc' dir='ltr'>Σωτὴρ</span> <span class='ocrx_word' id='word_1_123' title='bbox 2462 574 2541 634; x_wconf 88' lang='grc' dir='ltr'><strong>εἰς</strong></span> <span class='ocrx_word' id='word_1_124' title='bbox 2572 572 2737 626; x_wconf 82' lang='grc' dir='ltr'>αὐτὸν</span> <span class='ocrx_word' id='word_1_125' title='bbox 2770 571 3035 642; x_wconf 75' lang='grc' dir='ltr'><strong>ἀναφέρει</strong></span> <span class='ocrx_word' id='word_1_126' title='bbox 3073 570 3164 624; x_wconf 82' lang='grc' dir='ltr'><strong>τὸν</strong></span> <span class='ocrx_word' id='word_1_127' title='bbox 3194 572 3446 642; x_wconf 81' lang='grc' dir='ltr'>οὐρανὸν,</span> <span class='ocrx_word' id='word_1_128' title='bbox 3480 574 3573 626; x_wconf 66' lang='grc' dir='ltr'>καὶ</span> <span class='ocrx_word' id='word_1_129' title='bbox 3605 575 3686 638; x_wconf 86' lang='grc' dir='ltr'><strong>εἰς</strong></span> <span class='ocrx_word' id='word_1_130' title='bbox 3719 575 3827 645; x_wconf 76' lang='grc' dir='ltr'>τὴν</span> 
     </span>
    </p>
   </div>
   <div class='ocr_carea' id='block_1_21' title="bbox 2224 662 3822 737">
    <p class='ocr_par' dir='ltr' id='par_1_21' title="bbox 2224 662 3822 737">
     <span class='ocr_line' id='line_1_21' title="bbox 2224 662 3822 737; baseline 0.003 -22"><span class='ocrx_word' id='word_1_131' title='bbox 2224 662 2593 734; x_wconf 75' lang='grc' dir='ltr'>ἀληθεστέραν</span> <span class='ocrx_word' id='word_1_132' title='bbox 2645 663 2857 731; x_wconf 88' lang='grc' dir='ltr'>εἰσάγει</span> <span class='ocrx_word' id='word_1_133' title='bbox 2907 663 3137 734; x_wconf 74' lang='grc' dir='ltr'>σκηνὴν,</span> <span class='ocrx_word' id='word_1_134' title='bbox 3187 663 3254 734; x_wconf 72' lang='grc' dir='ltr'>ἢν</span> <span class='ocrx_word' id='word_1_135' title='bbox 3297 662 3495 734; x_wconf 77' lang='grc' dir='ltr'>ἔπηξεν</span> <span class='ocrx_word' id='word_1_136' title='bbox 3528 667 3556 718; x_wconf 99' lang='lat'><strong>6</strong></span> <span class='ocrx_word' id='word_1_137' title='bbox 3589 665 3822 737; x_wconf 78' lang='grc' dir='ltr'>Κύριος,</span> 
     </span>
    </p>
   </div>
   <div class='ocr_carea' id='block_1_22' title="bbox 2223 753 3829 825">
    <p class='ocr_par' dir='ltr' id='par_1_22' title="bbox 2223 753 3829 825">
     <span class='ocr_line' id='line_1_22' title="bbox 2223 753 3829 825; baseline 0.001 -18"><span class='ocrx_word' id='word_1_138' title='bbox 2223 755 2325 808; x_wconf 83' lang='grc' dir='ltr'><strong>οὐκ</strong></span> <span class='ocrx_word' id='word_1_139' title='bbox 2355 753 2664 824; x_wconf 74' lang='grc' dir='ltr'>ἄνθρωπος’</span> <span class='ocrx_word' id='word_1_140' title='bbox 2689 755 2783 808; x_wconf 74' lang='grc' dir='ltr'><strong>καὶ</strong></span> <span class='ocrx_word' id='word_1_141' title='bbox 2805 754 3039 824; x_wconf 80' lang='grc' dir='ltr'>χαλεπὸν</span> <span class='ocrx_word' id='word_1_142' title='bbox 3072 754 3172 825; x_wconf 86' lang='grc' dir='ltr'>μὲν</span> <span class='ocrx_word' id='word_1_143' title='bbox 3198 755 3351 809; x_wconf 82' lang='grc' dir='ltr'>οὐδὲν</span> <span class='ocrx_word' id='word_1_144' title='bbox 3381 755 3683 820; x_wconf 78' lang='grc' dir='ltr'>ἀποδείξεις</span> <span class='ocrx_word' id='word_1_145' title='bbox 3708 759 3829 820; x_wconf 83' lang='grc' dir='ltr'>τοῖς</span> 
     </span>
    </p>
   </div>
   <div class='ocr_carea' id='block_1_23' title="bbox 2223 844 3828 920">
    <p class='ocr_par' dir='ltr' id='par_1_23' title="bbox 2223 844 3828 920">
     <span class='ocr_line' id='line_1_23' title="bbox 2223 844 3828 920; baseline 0.002 -22"><span class='ocrx_word' id='word_1_146' title='bbox 2223 846 2536 917; x_wconf 69' lang='grc' dir='ltr'><strong>εἰρημένοις</strong></span> <span class='ocrx_word' id='word_1_147' title='bbox 2563 848 2924 918; x_wconf 78' lang='grc' dir='ltr'>ἐπισωρεύειν</span> <span class='ocrx_word' id='word_1_148' title='bbox 2948 847 3164 919; x_wconf 82' lang='grc' dir='ltr'>ἐτέρας,</span> <span class='ocrx_word' id='word_1_149' title='bbox 3195 847 3454 920; x_wconf 83' lang='grc' dir='ltr'>τιμητέον</span> <span class='ocrx_word' id='word_1_150' title='bbox 3475 848 3518 900; x_wconf 89' lang='grc' dir='ltr'>δ’</span> <span class='ocrx_word' id='word_1_151' title='bbox 3551 844 3644 902; x_wconf 87' lang='grc' dir='ltr'><strong>οῦν</strong></span> <span class='ocrx_word' id='word_1_152' title='bbox 3669 848 3828 920; x_wconf 77' lang='grc' dir='ltr'>ὅμως</span> 
     </span>
    </p>
   </div>
   <div class='ocr_carea' id='block_1_24' title="bbox 2222 935 3830 1010">
    <p class='ocr_par' dir='ltr' id='par_1_24' title="bbox 2222 935 3830 1010">
     <span class='ocr_line' id='line_1_24' title="bbox 2222 935 3830 1010; baseline 0.002 -22"><span class='ocrx_word' id='word_1_153' title='bbox 2222 935 2282 988; x_wconf 78' lang='grc' dir='ltr'><strong>τὸ</strong></span> <span class='ocrx_word' id='word_1_154' title='bbox 2319 935 2538 1008; x_wconf 83' lang='grc' dir='ltr'>μέτρον.</span> <span class='ocrx_word' id='word_1_155' title='bbox 2564 935 2714 1006; x_wconf 83' lang='grc' dir='ltr'>Πλὴν</span> <span class='ocrx_word' id='word_1_156' title='bbox 2744 937 2919 989; x_wconf 76' lang='grc' dir='ltr'>ἐκεῖνο</span> <span class='ocrx_word' id='word_1_157' title='bbox 2944 936 3234 1010; x_wconf 72' lang='grc' dir='ltr'><strong>χρησίμως</strong></span> <span class='ocrx_word' id='word_1_158' title='bbox 3261 955 3321 990; x_wconf 91' lang='grc' dir='ltr'><strong>τε</strong></span> <span class='ocrx_word' id='word_1_159' title='bbox 3373 938 3469 992; x_wconf 71' lang='grc' dir='ltr'><strong>καὶ</strong></span> <span class='ocrx_word' id='word_1_160' title='bbox 3507 939 3830 1007; x_wconf 80' lang='grc' dir='ltr'><strong>ἀναγκαίως</strong></span> 
     </span>
    </p>
   </div>
   <div class='ocr_carea' id='block_1_25' title="bbox 2221 1021 3830 1097">
    <p class='ocr_par' dir='ltr' id='par_1_25' title="bbox 2221 1021 3830 1097">
     <span class='ocr_line' id='line_1_25' title="bbox 2221 1021 3830 1097; baseline 0.002 -21"><span class='ocrx_word' id='word_1_161' title='bbox 2221 1021 2477 1095; x_wconf 75' lang='grc' dir='ltr'>ἐροῦμεν,</span> <span class='ocrx_word' id='word_1_162' title='bbox 2515 1025 2707 1096; x_wconf 82' lang='grc' dir='ltr'>ὅτιπερ</span> <span class='ocrx_word' id='word_1_163' title='bbox 2737 1026 2764 1077; x_wconf 90' lang='grc' dir='ltr'><strong>ὀ</strong></span> <span class='ocrx_word' id='word_1_164' title='bbox 2799 1027 3069 1097; x_wconf 86' lang='grc' dir='ltr'>μακάριος</span> <span class='ocrx_word' id='word_1_165' title='bbox 3103 1025 3315 1090; x_wconf 80' lang='grc' dir='ltr'><strong>Παῦλος</strong></span> <span class='ocrx_word' id='word_1_166' title='bbox 3357 1029 3412 1080; x_wconf 80' lang='grc' dir='ltr'>ὲν</span> <span class='ocrx_word' id='word_1_167' title='bbox 3434 1027 3635 1095; x_wconf 77' lang='grc' dir='ltr'>ὀλίγοις</span> <span class='ocrx_word' id='word_1_168' title='bbox 3665 1027 3830 1081; x_wconf 78' lang='grc' dir='ltr'>ἔλυσε</span> 
     </span>
    </p>
   </div>
   <div class='ocr_carea' id='block_1_26' title="bbox 2219 1114 3833 1188">
    <p class='ocr_par' dir='ltr' id='par_1_26' title="bbox 2219 1114 3833 1188">
     <span class='ocr_line' id='line_1_26' title="bbox 2219 1114 3833 1188; baseline 0.002 -21"><span class='ocrx_word' id='word_1_169' title='bbox 2219 1115 2282 1168; x_wconf 80' lang='grc' dir='ltr'>τὸ</span> <span class='ocrx_word' id='word_1_170' title='bbox 2321 1114 2654 1187; x_wconf 79' lang='grc' dir='ltr'>ζητούμενον</span> <span class='ocrx_word' id='word_1_171' title='bbox 2703 1116 2832 1187; x_wconf 90' lang='grc' dir='ltr'>περί</span> <span class='ocrx_word' id='word_1_172' title='bbox 2865 1134 2923 1170; x_wconf 87' lang='grc' dir='ltr'><strong>τε</strong></span> <span class='ocrx_word' id='word_1_173' title='bbox 2979 1115 3076 1169; x_wconf 84' lang='grc' dir='ltr'><strong>τοῦ</strong></span> <span class='ocrx_word' id='word_1_174' title='bbox 3115 1116 3282 1186; x_wconf 89' lang='grc' dir='ltr'>νόμου</span> <span class='ocrx_word' id='word_1_175' title='bbox 3324 1117 3418 1171; x_wconf 56' lang='grc' dir='ltr'><strong>καὶ⁵</strong></span> <span class='ocrx_word' id='word_1_176' title='bbox 3453 1118 3550 1188; x_wconf 78' lang='grc' dir='ltr'>τῆς</span> <span class='ocrx_word' id='word_1_177' title='bbox 3580 1116 3675 1170; x_wconf 81' lang='grc' dir='ltr'><strong>τοῦ</strong></span> <span class='ocrx_word' id='word_1_178' title='bbox 3706 1119 3833 1171; x_wconf 86' lang='grc' dir='ltr'><strong>Σω-</strong></span> 
     </span>
    </p>
   </div>
   <div class='ocr_carea' id='block_1_27' title="bbox 2218 1208 3831 1281">
    <p class='ocr_par' dir='ltr' id='par_1_27' title="bbox 2218 1208 3831 1281">
     <span class='ocr_line' id='line_1_27' title="bbox 2218 1208 3831 1281; baseline 0.001 -21"><span class='ocrx_word' id='word_1_179' title='bbox 2218 1209 2386 1281; x_wconf 80' lang='grc' dir='ltr'>τῆρος</span> <span class='ocrx_word' id='word_1_180' title='bbox 2409 1209 2654 1281; x_wconf 83' lang='grc' dir='ltr'>χάριτος,</span> <span class='ocrx_word' id='word_1_181' title='bbox 2680 1210 2870 1261; x_wconf 85' lang='grc' dir='ltr'>εἰπών·</span> <span class='ocrx_word' id='word_1_182' title='bbox 2895 1228 2912 1260; x_wconf 78' lang='grc' dir='ltr'><strong>ι</strong></span> <span class='ocrx_word' id='word_1_183' title='bbox 2940 1209 3002 1262; x_wconf 84' lang='grc' dir='ltr'>Εἰ</span> <span class='ocrx_word' id='word_1_184' title='bbox 3031 1208 3141 1280; x_wconf 85' lang='grc' dir='ltr'>γὰρ</span> <span class='ocrx_word' id='word_1_185' title='bbox 3164 1212 3228 1280; x_wconf 78' lang='grc' dir='ltr'>τῇ</span> <span class='ocrx_word' id='word_1_186' title='bbox 3253 1209 3501 1280; x_wconf 67' lang='grc' dir='ltr'><strong>διακονίᾳ⁴</strong></span> <span class='ocrx_word' id='word_1_187' title='bbox 3524 1209 3624 1279; x_wconf 80' lang='grc' dir='ltr'>τῆς</span> <span class='ocrx_word' id='word_1_188' title='bbox 3650 1226 3831 1264; x_wconf 83' lang='grc' dir='ltr'>κατα-</span> 
     </span>
    </p>
   </div>
   <div class='ocr_carea' id='block_1_28' title="bbox 2220 1300 3832 1373">
    <p class='ocr_par' dir='ltr' id='par_1_28' title="bbox 2220 1300 3832 1373">
     <span class='ocr_line' id='line_1_28' title="bbox 2220 1300 3832 1373; baseline 0.001 -19"><span class='ocrx_word' id='word_1_189' title='bbox 2220 1302 2455 1372; x_wconf 86' lang='grc' dir='ltr'>κρίσεως</span> <span class='ocrx_word' id='word_1_190' title='bbox 2483 1301 2646 1369; x_wconf 82' lang='grc' dir='ltr'>δόξα,</span> <span class='ocrx_word' id='word_1_191' title='bbox 2678 1300 2868 1372; x_wconf 79' lang='grc' dir='ltr'>πολλῷ</span> <span class='ocrx_word' id='word_1_192' title='bbox 2905 1301 3105 1373; x_wconf 86' lang='grc' dir='ltr'>μᾶλλον</span> <span class='ocrx_word' id='word_1_193' title='bbox 3146 1301 3464 1372; x_wconf 81' lang='grc' dir='ltr'>περισσεύει</span> <span class='ocrx_word' id='word_1_194' title='bbox 3504 1303 3538 1372; x_wconf 84' lang='grc' dir='ltr'><strong>ἡ</strong></span> <span class='ocrx_word' id='word_1_195' title='bbox 3576 1301 3832 1356; x_wconf 75' lang='grc' dir='ltr'>διακονία</span> 
     </span>
    </p>
   </div>
   <div class='ocr_carea' id='block_1_29' title="bbox 2219 1394 3831 1467">
    <p class='ocr_par' dir='ltr' id='par_1_29' title="bbox 2219 1394 3831 1467">
     <span class='ocr_line' id='line_1_29' title="bbox 2219 1394 3831 1467; baseline -0.001 -19"><span class='ocrx_word' id='word_1_196' title='bbox 2219 1399 2319 1465; x_wconf 75' lang='grc' dir='ltr'><strong>τῆς</strong></span> <span class='ocrx_word' id='word_1_197' title='bbox 2350 1394 2699 1466; x_wconf 75' lang='grc' dir='ltr'>δικαιοσύνης</span> <span class='ocrx_word' id='word_1_198' title='bbox 2727 1395 2876 1467; x_wconf 80' lang='grc' dir='ltr'>δόξῃ.</span> <span class='ocrx_word' id='word_1_199' title='bbox 2918 1414 2938 1447; x_wconf 71' lang='grc' dir='ltr'><strong>ι</strong></span> <span class='ocrx_word' id='word_1_200' title='bbox 2968 1396 3256 1449; x_wconf 85' lang='grc' dir='ltr'>Διακονίαν</span> <span class='ocrx_word' id='word_1_201' title='bbox 3290 1395 3387 1464; x_wconf 81' lang='grc' dir='ltr'><strong>μὲν</strong></span> <span class='ocrx_word' id='word_1_202' title='bbox 3419 1394 3529 1464; x_wconf 87' lang='grc' dir='ltr'><strong>γάρ</strong></span> <span class='ocrx_word' id='word_1_203' title='bbox 3565 1395 3831 1466; x_wconf 78' lang='grc' dir='ltr'>κατακρίο</span> 
     </span>
    </p>
   </div>
   <div class='ocr_carea' id='block_1_30' title="bbox 2222 1484 3832 1557">
    <p class='ocr_par' dir='ltr' id='par_1_30' title="bbox 2222 1484 3832 1557">
     <span class='ocr_line' id='line_1_30' title="bbox 2222 1484 3832 1557; baseline -0.001 -18"><span class='ocrx_word' id='word_1_204' title='bbox 2222 1502 2362 1549; x_wconf 90' lang='grc' dir='ltr'>σεως</span> <span class='ocrx_word' id='word_1_205' title='bbox 2383 1527 2399 1552; x_wconf 95' lang='grc'><strong>,</strong></span> <span class='ocrx_word' id='word_1_206' title='bbox 2433 1486 2533 1556; x_wconf 81' lang='grc' dir='ltr'><strong>τὴν</strong></span> <span class='ocrx_word' id='word_1_207' title='bbox 2556 1485 2643 1540; x_wconf 82' lang='grc' dir='ltr'><strong>διά</strong></span> <span class='ocrx_word' id='word_1_208' title='bbox 2670 1487 2914 1550; x_wconf 81' lang='grc' dir='ltr'>Μωσέως</span> <span class='ocrx_word' id='word_1_209' title='bbox 2963 1485 3128 1557; x_wconf 74' lang='grc' dir='ltr'>φησὶν</span> <span class='ocrx_word' id='word_1_210' title='bbox 3177 1484 3396 1556; x_wconf 73' lang='grc' dir='ltr'>ἐντολήν</span> <span class='ocrx_word' id='word_1_211' title='bbox 3418 1502 3429 1513; x_wconf 72' lang='grc'><strong><em>⁸</em></strong></span> <span class='ocrx_word' id='word_1_212' title='bbox 3466 1485 3743 1538; x_wconf 84' lang='grc' dir='ltr'>διακονίαν</span> <span class='ocrx_word' id='word_1_213' title='bbox 3770 1485 3832 1538; x_wconf 79' lang='grc' dir='ltr'>δὲ</span> 
     </span>
    </p>
   </div>
   <div class='ocr_carea' id='block_1_31' title="bbox 2219 1575 3826 1650">
    <p class='ocr_par' dir='ltr' id='par_1_31' title="bbox 2219 1575 3826 1650">
     <span class='ocr_line' id='line_1_31' title="bbox 2219 1575 3826 1650; baseline -0.001 -19"><span class='ocrx_word' id='word_1_214' title='bbox 2219 1578 2592 1649; x_wconf 79' lang='grc' dir='ltr'>δικαιοσύνης,</span> <span class='ocrx_word' id='word_1_215' title='bbox 2629 1579 2729 1650; x_wconf 82' lang='grc' dir='ltr'><strong>τήν</strong></span> <span class='ocrx_word' id='word_1_216' title='bbox 2758 1577 2912 1650; x_wconf 81' lang='grc' dir='ltr'>παρὰ</span> <span class='ocrx_word' id='word_1_217' title='bbox 2935 1577 3030 1632; x_wconf 89' lang='grc' dir='ltr'><strong>τοῦ</strong></span> <span class='ocrx_word' id='word_1_218' title='bbox 3061 1577 3312 1649; x_wconf 85' lang='grc' dir='ltr'>Σωτῆρος</span> <span class='ocrx_word' id='word_1_219' title='bbox 3342 1575 3601 1644; x_wconf 79' lang='grc' dir='ltr'>ὀνομάζει</span> <span class='ocrx_word' id='word_1_220' title='bbox 3635 1577 3826 1650; x_wconf 79' lang='grc' dir='ltr'>χάριν,</span> 
     </span>
    </p>
   </div>
   <div class='ocr_carea' id='block_1_32' title="bbox 2221 1663 3830 1744">
    <p class='ocr_par' dir='ltr' id='par_1_32' title="bbox 2221 1663 3830 1744">
     <span class='ocr_line' id='line_1_32' title="bbox 2221 1663 3830 1744; baseline -0.001 -22"><span class='ocrx_word' id='word_1_221' title='bbox 2221 1663 2256 1744; x_wconf 76' lang='grc' dir='ltr'>ᾖ</span> <span class='ocrx_word' id='word_1_222' title='bbox 2283 1669 2465 1723; x_wconf 76' lang='grc' dir='ltr'>καὶτὸ</span> <span class='ocrx_word' id='word_1_223' title='bbox 2495 1669 2656 1725; x_wconf 85' lang='grc' dir='ltr'>πλέον</span> <span class='ocrx_word' id='word_1_224' title='bbox 2679 1672 2736 1723; x_wconf 78' lang='grc' dir='ltr'>ἐν</span> <span class='ocrx_word' id='word_1_225' title='bbox 2767 1669 2892 1741; x_wconf 79' lang='grc' dir='ltr'>δόξῃ</span> <span class='ocrx_word' id='word_1_226' title='bbox 2922 1669 3224 1737; x_wconf 79' lang='grc' dir='ltr'>κεκτῆσθαι</span> <span class='ocrx_word' id='word_1_227' title='bbox 3245 1667 3554 1740; x_wconf 80' lang='grc' dir='ltr'>χαρίζεται,</span> <span class='ocrx_word' id='word_1_228' title='bbox 3585 1668 3684 1739; x_wconf 81' lang='grc' dir='ltr'>τὴν</span> <span class='ocrx_word' id='word_1_229' title='bbox 3713 1667 3830 1721; x_wconf 82' lang='grc' dir='ltr'><strong>τῶν</strong></span> 
     </span>
    </p>
   </div>
   <div class='ocr_carea' id='block_1_33' title="bbox 2223 1759 3833 1832">
    <p class='ocr_par' dir='ltr' id='par_1_33' title="bbox 2223 1759 3833 1832">
     <span class='ocr_line' id='line_1_33' title="bbox 2223 1759 3833 1832; baseline -0.002 -20"><span class='ocrx_word' id='word_1_230' title='bbox 2223 1761 2565 1832; x_wconf 81' lang='grc' dir='ltr'>πραγμάτων</span> <span class='ocrx_word' id='word_1_231' title='bbox 2600 1760 2800 1832; x_wconf 79' lang='grc' dir='ltr'>ἄριστα</span> <span class='ocrx_word' id='word_1_232' title='bbox 2821 1760 3134 1831; x_wconf 74' lang='grc' dir='ltr'>δοκιμάζων</span> <span class='ocrx_word' id='word_1_233' title='bbox 3171 1759 3356 1828; x_wconf 82' lang='grc' dir='ltr'>φύσιν,</span> <span class='ocrx_word' id='word_1_234' title='bbox 3402 1759 3479 1822; x_wconf 86' lang='grc' dir='ltr'>ὡς</span> <span class='ocrx_word' id='word_1_235' title='bbox 3523 1775 3833 1828; x_wconf 81' lang='grc' dir='ltr'>πνευματο-</span> 
     </span>
    </p>
   </div>
   <div class='ocr_carea' id='block_1_34' title="bbox 525 1837 2120 1924">
    <p class='ocr_par' dir='ltr' id='par_1_34' title="bbox 525 1847 2119 1910">
     <span class='ocr_line' id='line_1_34' title="bbox 525 1847 2119 1910; baseline 0.005 -9"><span class='ocrx_word' id='word_1_236' title='bbox 525 1863 657 1902; x_wconf 91' lang='lat' dir='ltr'><strong>num</strong></span> <span class='ocrx_word' id='word_1_237' title='bbox 691 1858 942 1904; x_wconf 85' lang='lat' dir='ltr'><strong>nostrum</strong></span> <span class='ocrx_word' id='word_1_238' title='bbox 976 1847 1168 1907; x_wconf 81' lang='lat' dir='ltr'><strong>Jesum</strong></span> <span class='ocrx_word' id='word_1_239' title='bbox 1213 1851 1497 1908; x_wconf 85' lang='lat' dir='ltr'><strong>Christum</strong></span> <span class='ocrx_word' id='word_1_240' title='bbox 1528 1853 1848 1909; x_wconf 87' lang='lat' dir='ltr'><strong>universam</strong></span> <span class='ocrx_word' id='word_1_241' title='bbox 1894 1861 2119 1910; x_wconf 90' lang='lat' dir='ltr'><strong>sancto-</strong></span> 
     </span>
    </p>
   </div>
   <div class='ocr_carea' id='block_1_35' title="bbox 2224 1837 3830 1924">
    <p class='ocr_par' dir='ltr' id='par_1_35' title="bbox 2224 1850 3830 1924">
     <span class='ocr_line' id='line_1_35' title="bbox 2224 1850 3830 1924; baseline 0.001 -22"><span class='ocrx_word' id='word_1_242' title='bbox 2224 1853 2410 1922; x_wconf 85' lang='grc' dir='ltr'>φόρος.</span> <span class='ocrx_word' id='word_1_243' title='bbox 2453 1853 2662 1906; x_wconf 85' lang='grc' dir='ltr'>Οὐκοῦν</span> <span class='ocrx_word' id='word_1_244' title='bbox 2708 1852 3007 1924; x_wconf 77' lang='grc' dir='ltr'>ἐπειδήπερ</span> <span class='ocrx_word' id='word_1_245' title='bbox 3044 1854 3073 1905; x_wconf 96' lang='lat'><strong>6</strong></span> <span class='ocrx_word' id='word_1_246' title='bbox 3113 1851 3213 1923; x_wconf 72' lang='grc' dir='ltr'>μὲν</span> <span class='ocrx_word' id='word_1_247' title='bbox 3256 1851 3605 1922; x_wconf 84' lang='grc' dir='ltr'>κατακρίνων</span> <span class='ocrx_word' id='word_1_248' title='bbox 3657 1850 3830 1920; x_wconf 84' lang='grc' dir='ltr'>νόμος</span> 
     </span>
    </p>
   </div>
   <div class='ocr_carea' id='block_1_36' title="bbox 528 1940 2120 2015">
    <p class='ocr_par' dir='ltr' id='par_1_36' title="bbox 528 1940 2120 2015">
     <span class='ocr_line' id='line_1_36' title="bbox 528 1940 2120 2015; baseline 0.006 -25"><span class='ocrx_word' id='word_1_249' title='bbox 528 1953 649 1992; x_wconf 91' lang='lat' dir='ltr'><strong>rum</strong></span> <span class='ocrx_word' id='word_1_250' title='bbox 683 1940 1054 1996; x_wconf 88' lang='lat' dir='ltr'><strong>clarissimam</strong></span> <span class='ocrx_word' id='word_1_251' title='bbox 1091 1942 1241 1996; x_wconf 89' lang='lat' dir='ltr'><strong>illam</strong></span> <span class='ocrx_word' id='word_1_252' title='bbox 1278 1943 1692 1999; x_wconf 89' lang='lat' dir='ltr'><strong>multitudinem</strong></span> <span class='ocrx_word' id='word_1_253' title='bbox 1724 1960 2009 2015; x_wconf 88' lang='lat' dir='ltr'><strong>superare,</strong></span> <span class='ocrx_word' id='word_1_254' title='bbox 2043 1945 2120 2000; x_wconf 88' lang='lat' dir='ltr'><strong>ait</strong></span> 
     </span>
    </p>
   </div>
   <div class='ocr_carea' id='block_1_37' title="bbox 526 2031 2117 2107">
    <p class='ocr_par' dir='ltr' id='par_1_37' title="bbox 526 2031 2117 2107">
     <span class='ocr_line' id='line_1_37' title="bbox 526 2031 2117 2107; baseline 0.006 -25"><span class='ocrx_word' id='word_1_255' title='bbox 526 2031 615 2085; x_wconf 88' lang='lat' dir='ltr'><strong>his</strong></span> <span class='ocrx_word' id='word_1_256' title='bbox 639 2032 862 2088; x_wconf 79' lang='lat' dir='ltr'><strong>verbis:</strong></span> <span class='ocrx_word' id='word_1_257' title='bbox 899 2052 917 2084; x_wconf 78' lang='grc' dir='ltr'><strong>ι</strong></span> <span class='ocrx_word' id='word_1_258' title='bbox 940 2031 1076 2098; x_wconf 88' lang='lat' dir='ltr'><strong>Quis</strong></span> <span class='ocrx_word' id='word_1_259' title='bbox 1111 2034 1167 2087; x_wconf 93' lang='lat' dir='ltr'><strong>in</strong></span> <span class='ocrx_word' id='word_1_260' title='bbox 1218 2035 1462 2090; x_wconf 89' lang='lat' dir='ltr'><strong>nubibus</strong></span> <span class='ocrx_word' id='word_1_261' title='bbox 1512 2036 1825 2107; x_wconf 68' lang='lat' dir='ltr'><strong>mquabitur</strong></span> <span class='ocrx_word' id='word_1_262' title='bbox 1863 2035 2117 2101; x_wconf 88' lang='lat' dir='ltr'><strong>Domino.</strong></span> 
     </span>
    </p>
   </div>
   <div class='ocr_carea' id='block_1_38' title="bbox 527 2123 2120 2192">
    <p class='ocr_par' dir='ltr' id='par_1_38' title="bbox 527 2123 2120 2192">
     <span class='ocr_line' id='line_1_38' title="bbox 527 2123 2120 2192; baseline 0.004 -17"><span class='ocrx_word' id='word_1_263' title='bbox 527 2130 622 2176; x_wconf 84' lang='lat' dir='ltr'><strong>aut</strong></span> <span class='ocrx_word' id='word_1_264' title='bbox 667 2123 794 2192; x_wconf 90' lang='lat' dir='ltr'><strong>quis</strong></span> <span class='ocrx_word' id='word_1_265' title='bbox 840 2123 1042 2179; x_wconf 87' lang='lat' dir='ltr'><strong>similis</strong></span> <span class='ocrx_word' id='word_1_266' title='bbox 1089 2124 1197 2178; x_wconf 89' lang='lat' dir='ltr'><strong>erit</strong></span> <span class='ocrx_word' id='word_1_267' title='bbox 1246 2125 1298 2179; x_wconf 91' lang='lat' dir='ltr'><strong>ei</strong></span> <span class='ocrx_word' id='word_1_268' title='bbox 1339 2124 1396 2179; x_wconf 91' lang='lat' dir='ltr'><strong>in</strong></span> <span class='ocrx_word' id='word_1_269' title='bbox 1455 2124 1584 2181; x_wconf 81' lang='lat' dir='ltr'><strong>ﬁliis</strong></span> <span class='ocrx_word' id='word_1_270' title='bbox 1633 2124 1728 2180; x_wconf 90' lang='lat' dir='ltr'><strong>Dei</strong></span> <span class='ocrx_word' id='word_1_271' title='bbox 1747 2125 1837 2179; x_wconf 68' lang='lat'><strong>&quot;2</strong></span> <span class='ocrx_word' id='word_1_272' title='bbox 1870 2146 1890 2179; x_wconf 85' lang='grc'><strong>›</strong></span> <span class='ocrx_word' id='word_1_273' title='bbox 1932 2125 2120 2182; x_wconf 80' lang='lat' dir='ltr'><strong>Nubes</strong></span> 
     </span>
    </p>
   </div>
   <div class='ocr_carea' id='block_1_39' title="bbox 521 2215 2119 2289">
    <p class='ocr_par' dir='ltr' id='par_1_39' title="bbox 521 2215 2119 2289">
     <span class='ocr_line' id='line_1_39' title="bbox 521 2215 2119 2289; baseline 0.004 -23"><span class='ocrx_word' id='word_1_274' title='bbox 521 2215 674 2268; x_wconf 71' lang='lat' dir='ltr'><strong>cnim</strong></span> <span class='ocrx_word' id='word_1_275' title='bbox 717 2215 1001 2286; x_wconf 88' lang='lat' dir='ltr'><strong>spiritales</strong></span> <span class='ocrx_word' id='word_1_276' title='bbox 1024 2256 1039 2281; x_wconf 89' lang='lat'><strong>,</strong></span> <span class='ocrx_word' id='word_1_277' title='bbox 1063 2216 1170 2269; x_wconf 88' lang='lat' dir='ltr'><strong>hoc</strong></span> <span class='ocrx_word' id='word_1_278' title='bbox 1202 2226 1286 2271; x_wconf 88' lang='lat' dir='ltr'><strong>est</strong></span> <span class='ocrx_word' id='word_1_279' title='bbox 1317 2217 1495 2272; x_wconf 90' lang='lat' dir='ltr'><strong>sancti</strong></span> <span class='ocrx_word' id='word_1_280' title='bbox 1527 2217 1832 2288; x_wconf 59' lang='lat' dir='ltr'><strong>prophetae,</strong></span> <span class='ocrx_word' id='word_1_281' title='bbox 1879 2219 2119 2289; x_wconf 88' lang='lat' dir='ltr'><strong>palmam</strong></span> 
     </span>
    </p>
   </div>
   <div class='ocr_carea' id='block_1_40' title="bbox 526 2306 2120 2379">
    <p class='ocr_par' dir='ltr' id='par_1_40' title="bbox 526 2306 2120 2379">
     <span class='ocr_line' id='line_1_40' title="bbox 526 2306 2120 2379; baseline 0 -17"><span class='ocrx_word' id='word_1_282' title='bbox 526 2307 753 2363; x_wconf 75' lang='lat' dir='ltr'><strong>Christo</strong></span> <span class='ocrx_word' id='word_1_283' title='bbox 801 2306 1042 2370; x_wconf 86' lang='lat' dir='ltr'><strong>cedent,</strong></span> <span class='ocrx_word' id='word_1_284' title='bbox 1092 2322 1193 2362; x_wconf 86' lang='lat' dir='ltr'><strong>nec</strong></span> <span class='ocrx_word' id='word_1_285' title='bbox 1245 2307 1652 2363; x_wconf 78' lang='lat' dir='ltr'><strong>existimabunt</strong></span> <span class='ocrx_word' id='word_1_286' title='bbox 1707 2323 1952 2379; x_wconf 88' lang='lat' dir='ltr'><strong>unquam</strong></span> <span class='ocrx_word' id='word_1_287' title='bbox 2013 2307 2120 2364; x_wconf 88' lang='lat' dir='ltr'><strong>sibi</strong></span> 
     </span>
    </p>
   </div>
   <div class='ocr_carea' id='block_1_41' title="bbox 527 2399 2122 2471">
    <p class='ocr_par' dir='ltr' id='par_1_41' title="bbox 527 2399 2122 2471">
     <span class='ocr_line' id='line_1_41' title="bbox 527 2399 2122 2471; baseline 0.001 -16"><span class='ocrx_word' id='word_1_288' title='bbox 527 2399 856 2455; x_wconf 89' lang='lat' dir='ltr'><strong>certandum</strong></span> <span class='ocrx_word' id='word_1_289' title='bbox 901 2415 1027 2456; x_wconf 86' lang='lat' dir='ltr'><strong>esse</strong></span> <span class='ocrx_word' id='word_1_290' title='bbox 1063 2415 1189 2455; x_wconf 91' lang='lat' dir='ltr'><strong>cum</strong></span> <span class='ocrx_word' id='word_1_291' title='bbox 1223 2401 1344 2470; x_wconf 92' lang='lat' dir='ltr'><strong>ipso</strong></span> <span class='ocrx_word' id='word_1_292' title='bbox 1371 2401 1437 2455; x_wconf 86' lang='lat' dir='ltr'><strong>de</strong></span> <span class='ocrx_word' id='word_1_293' title='bbox 1482 2401 1678 2471; x_wconf 89' lang='lat' dir='ltr'><strong>gloria,</strong></span> <span class='ocrx_word' id='word_1_294' title='bbox 1721 2401 1995 2456; x_wconf 89' lang='lat' dir='ltr'><strong>secundas</strong></span> <span class='ocrx_word' id='word_1_295' title='bbox 2027 2400 2122 2456; x_wconf 92' lang='lat' dir='ltr'><strong>illo</strong></span> 
     </span>
    </p>
   </div>
   <div class='ocr_carea' id='block_1_42' title="bbox 529 2492 2124 2564">
    <p class='ocr_par' dir='ltr' id='par_1_42' title="bbox 529 2492 2124 2564">
     <span class='ocr_line' id='line_1_42' title="bbox 529 2492 2124 2564; baseline 0.002 -19"><span class='ocrx_word' id='word_1_296' title='bbox 529 2499 772 2559; x_wconf 87' lang='lat' dir='ltr'><strong>tenente,</strong></span> <span class='ocrx_word' id='word_1_297' title='bbox 805 2493 897 2564; x_wconf 91' lang='lat' dir='ltr'><strong>qui</strong></span> <span class='ocrx_word' id='word_1_298' title='bbox 936 2507 1048 2562; x_wconf 74' lang='lat' dir='ltr'><strong>prae</strong></span> <span class='ocrx_word' id='word_1_299' title='bbox 1077 2493 1294 2548; x_wconf 69' lang='lat' dir='ltr'><strong>caeteris</strong></span> <span class='ocrx_word' id='word_1_300' title='bbox 1334 2493 1562 2563; x_wconf 87' lang='lat' dir='ltr'><strong>agnitus</strong></span> <span class='ocrx_word' id='word_1_301' title='bbox 1597 2501 1722 2547; x_wconf 91' lang='lat' dir='ltr'><strong>erat</strong></span> <span class='ocrx_word' id='word_1_302' title='bbox 1753 2508 1784 2547; x_wconf 93' lang='lat' dir='ltr'><strong>a</strong></span> <span class='ocrx_word' id='word_1_303' title='bbox 1815 2492 1949 2559; x_wconf 91' lang='lat' dir='ltr'><strong>Deo,</strong></span> <span class='ocrx_word' id='word_1_304' title='bbox 1971 2492 2124 2548; x_wconf 82' lang='lat' dir='ltr'><strong>Mose</strong></span> 
     </span>
    </p>
   </div>
   <div class='ocr_carea' id='block_1_43' title="bbox 519 2581 2124 2653">
    <p class='ocr_par' dir='ltr' id='par_1_43' title="bbox 519 2581 2124 2653">
     <span class='ocr_line' id='line_1_43' title="bbox 519 2581 2124 2653; baseline -0.001 -15"><span class='ocrx_word' id='word_1_305' title='bbox 519 2583 796 2638; x_wconf 71' lang='lat' dir='ltr'><strong>nimirum</strong></span> <span class='ocrx_word' id='word_1_306' title='bbox 851 2583 1003 2637; x_wconf 85' lang='lat' dir='ltr'><strong>:tilii‘</strong></span> <span class='ocrx_word' id='word_1_307' title='bbox 1039 2591 1223 2637; x_wconf 89' lang='lat' dir='ltr'><strong>autem</strong></span> <span class='ocrx_word' id='word_1_308' title='bbox 1272 2581 1369 2636; x_wconf 89' lang='lat' dir='ltr'><strong>Dei</strong></span> <span class='ocrx_word' id='word_1_309' title='bbox 1417 2583 1513 2653; x_wconf 91' lang='lat' dir='ltr'><strong>qui</strong></span> <span class='ocrx_word' id='word_1_310' title='bbox 1569 2582 1839 2638; x_wconf 86' lang='lat' dir='ltr'><strong>adventus</strong></span> <span class='ocrx_word' id='word_1_311' title='bbox 1881 2590 2124 2652; x_wconf 89' lang='lat' dir='ltr'><strong>tempore</strong></span> 
     </span>
    </p>
   </div>
   <div class='ocr_carea' id='block_1_44' title="bbox 524 2672 2123 2744">
    <p class='ocr_par' dir='ltr' id='par_1_44' title="bbox 524 2672 2123 2744">
     <span class='ocr_line' id='line_1_44' title="bbox 524 2672 2123 2744; baseline -0.003 -14"><span class='ocrx_word' id='word_1_312' title='bbox 524 2676 838 2740; x_wconf 79' lang='lat' dir='ltr'><strong>fulserunt,</strong></span> <span class='ocrx_word' id='word_1_313' title='bbox 888 2690 998 2730; x_wconf 92' lang='lat' dir='ltr'><strong>non</strong></span> <span class='ocrx_word' id='word_1_314' title='bbox 1039 2681 1205 2730; x_wconf 89' lang='lat' dir='ltr'><strong>erunt</strong></span> <span class='ocrx_word' id='word_1_315' title='bbox 1245 2688 1343 2744; x_wconf 86' lang='lat' dir='ltr'><strong>per</strong></span> <span class='ocrx_word' id='word_1_316' title='bbox 1387 2673 1573 2728; x_wconf 92' lang='lat' dir='ltr'><strong>omnia</strong></span> <span class='ocrx_word' id='word_1_317' title='bbox 1621 2673 1833 2728; x_wconf 87' lang='lat' dir='ltr'><strong>similes</strong></span> <span class='ocrx_word' id='word_1_318' title='bbox 1879 2672 2123 2726; x_wconf 86' lang='lat' dir='ltr'><strong>naturali</strong></span> 
     </span>
    </p>
   </div>
   <div class='ocr_carea' id='block_1_45' title="bbox 399 2768 2125 2840">
    <p class='ocr_par' dir='ltr' id='par_1_45' title="bbox 399 2768 2125 2840">
     <span class='ocr_line' id='line_1_45' title="bbox 399 2768 2125 2840; baseline -0.001 -16"><span class='ocrx_word' id='word_1_319' title='bbox 399 2798 410 2808; x_wconf 70' lang='grc' dir='ltr'><strong><em>ο</em></strong></span> <span class='ocrx_word' id='word_1_320' title='bbox 523 2768 693 2835; x_wconf 76' lang='lat' dir='ltr'><strong>Filio,</strong></span> <span class='ocrx_word' id='word_1_321' title='bbox 735 2769 829 2825; x_wconf 87' lang='lat' dir='ltr'><strong>sed</strong></span> <span class='ocrx_word' id='word_1_322' title='bbox 867 2769 1242 2824; x_wconf 88' lang='lat' dir='ltr'><strong>conditionem</strong></span> <span class='ocrx_word' id='word_1_323' title='bbox 1271 2783 1428 2823; x_wconf 89' lang='lat' dir='ltr'><strong>suam</strong></span> <span class='ocrx_word' id='word_1_324' title='bbox 1470 2774 1807 2840; x_wconf 89' lang='lat' dir='ltr'><strong>agnoscent,</strong></span> <span class='ocrx_word' id='word_1_325' title='bbox 1835 2781 1960 2822; x_wconf 92' lang='lat' dir='ltr'><strong>cum</strong></span> <span class='ocrx_word' id='word_1_326' title='bbox 1995 2782 2125 2822; x_wconf 90' lang='lat' dir='ltr'><strong>san-</strong></span> 
     </span>
    </p>
   </div>
   <div class='ocr_carea' id='block_1_46' title="bbox 529 2857 2122 2930">
    <p class='ocr_par' dir='ltr' id='par_1_46' title="bbox 529 2857 2122 2930">
     <span class='ocr_line' id='line_1_46' title="bbox 529 2857 2122 2930; baseline -0.001 -17"><span class='ocrx_word' id='word_1_327' title='bbox 529 2871 658 2917; x_wconf 86' lang='lat' dir='ltr'><strong>ctus</strong></span> <span class='ocrx_word' id='word_1_328' title='bbox 690 2859 941 2930; x_wconf 81' lang='lat' dir='ltr'><strong>Baptista</strong></span> <span class='ocrx_word' id='word_1_329' title='bbox 981 2860 1140 2930; x_wconf 91' lang='lat' dir='ltr'><strong>longe</strong></span> <span class='ocrx_word' id='word_1_330' title='bbox 1177 2873 1236 2913; x_wconf 90' lang='lat' dir='ltr'><strong>se</strong></span> <span class='ocrx_word' id='word_1_331' title='bbox 1266 2857 1411 2912; x_wconf 77' lang='lat' dir='ltr'><strong>infra</strong></span> <span class='ocrx_word' id='word_1_332' title='bbox 1438 2857 1590 2912; x_wconf 92' lang='lat' dir='ltr'><strong>illum</strong></span> <span class='ocrx_word' id='word_1_333' title='bbox 1625 2858 1866 2928; x_wconf 88' lang='lat' dir='ltr'><strong>positum</strong></span> <span class='ocrx_word' id='word_1_334' title='bbox 1888 2865 2122 2925; x_wconf 88' lang='lat' dir='ltr'><strong>asserat,</strong></span> 
     </span>
    </p>
   </div>
   <div class='ocr_carea' id='block_1_47' title="bbox 527 2946 2127 3020">
    <p class='ocr_par' dir='ltr' id='par_1_47' title="bbox 527 2946 2127 3020">
     <span class='ocr_line' id='line_1_47' title="bbox 527 2946 2127 3020; baseline -0.003 -13"><span class='ocrx_word' id='word_1_335' title='bbox 527 2953 598 3007; x_wconf 87' lang='lat' dir='ltr'><strong>de</strong></span> <span class='ocrx_word' id='word_1_336' title='bbox 623 2964 734 3020; x_wconf 92' lang='lat' dir='ltr'><strong>quo</strong></span> <span class='ocrx_word' id='word_1_337' title='bbox 767 2949 842 3002; x_wconf 88' lang='lat' dir='ltr'><strong>ait</strong></span> <span class='ocrx_word' id='word_1_338' title='bbox 871 2948 967 3019; x_wconf 91' lang='lat' dir='ltr'><strong>qui</strong></span> <span class='ocrx_word' id='word_1_339' title='bbox 999 2947 1173 3003; x_wconf 88' lang='lat' dir='ltr'><strong>corda</strong></span> <span class='ocrx_word' id='word_1_340' title='bbox 1227 2948 1381 3002; x_wconf 82' lang='lat' dir='ltr'><strong>novit</strong></span> <span class='ocrx_word' id='word_1_341' title='bbox 1413 2964 1428 3002; x_wconf 90' lang='lat'><strong>:</strong></span> <span class='ocrx_word' id='word_1_342' title='bbox 1468 2966 1486 3000; x_wconf 86' lang='grc'>‹</span> <span class='ocrx_word' id='word_1_343' title='bbox 1517 2946 1638 3002; x_wconf 83' lang='lat' dir='ltr'><strong>Non</strong></span> <span class='ocrx_word' id='word_1_344' title='bbox 1686 2949 1932 3003; x_wconf 82' lang='lat' dir='ltr'><strong>surrexit</strong></span> <span class='ocrx_word' id='word_1_345' title='bbox 1981 2949 2127 3003; x_wconf 89' lang='lat' dir='ltr'><strong>inter</strong></span> 
     </span>
    </p>
   </div>
   <div class='ocr_carea' id='block_1_48' title="bbox 525 3037 2124 3110">
    <p class='ocr_par' dir='ltr' id='par_1_48' title="bbox 525 3037 2124 3110">
     <span class='ocr_line' id='line_1_48' title="bbox 525 3037 2124 3110; baseline -0.003 -12"><span class='ocrx_word' id='word_1_346' title='bbox 525 3053 692 3099; x_wconf 83' lang='lat' dir='ltr'><strong>natos</strong></span> <span class='ocrx_word' id='word_1_347' title='bbox 718 3042 1013 3097; x_wconf 83' lang='lat' dir='ltr'><strong>mulierum</strong></span> <span class='ocrx_word' id='word_1_348' title='bbox 1067 3040 1249 3110; x_wconf 87' lang='lat' dir='ltr'><strong>major</strong></span> <span class='ocrx_word' id='word_1_349' title='bbox 1279 3039 1493 3095; x_wconf 88' lang='lat' dir='ltr'><strong>Joanne</strong></span> <span class='ocrx_word' id='word_1_350' title='bbox 1539 3039 1782 3110; x_wconf 90' lang='lat' dir='ltr'><strong>Baptista</strong></span> <span class='ocrx_word' id='word_1_351' title='bbox 1805 3040 1872 3095; x_wconf 85' lang='grc'><strong>⁷⁸.</strong></span> <span class='ocrx_word' id='word_1_352' title='bbox 1900 3059 1918 3092; x_wconf 72' lang='grc' dir='ltr'><strong>ι</strong></span> <span class='ocrx_word' id='word_1_353' title='bbox 1945 3037 2124 3094; x_wconf 77' lang='lat' dir='ltr'><strong>Verax</strong></span> 
     </span>
    </p>
   </div>
   <div class='ocr_carea' id='block_1_49' title="bbox 2222 1941 3828 2016">
    <p class='ocr_par' dir='ltr' id='par_1_49' title="bbox 2222 1941 3828 2016">
     <span class='ocr_line' id='line_1_49' title="bbox 2222 1941 3828 2016; baseline 0 -20"><span class='ocrx_word' id='word_1_354' title='bbox 2222 1944 2380 2016; x_wconf 78' lang='grc' dir='ltr'>ἐδόθη</span> <span class='ocrx_word' id='word_1_355' title='bbox 2411 1943 2501 1997; x_wconf 84' lang='grc' dir='ltr'><strong>διὰ</strong></span> <span class='ocrx_word' id='word_1_356' title='bbox 2531 1943 2795 2010; x_wconf 84' lang='grc' dir='ltr'>Μωσέως,</span> <span class='ocrx_word' id='word_1_357' title='bbox 2841 1944 3032 2014; x_wconf 86' lang='grc' dir='ltr'>γέγονε</span> <span class='ocrx_word' id='word_1_358' title='bbox 3063 1943 3120 1996; x_wconf 81' lang='grc' dir='ltr'>δὲ</span> <span class='ocrx_word' id='word_1_359' title='bbox 3139 1943 3227 1997; x_wconf 80' lang='grc' dir='ltr'>διὰ</span> <span class='ocrx_word' id='word_1_360' title='bbox 3262 1941 3356 1996; x_wconf 90' lang='grc' dir='ltr'><strong>τοῦ</strong></span> <span class='ocrx_word' id='word_1_361' title='bbox 3411 1941 3753 2012; x_wconf 89' lang='grc' dir='ltr'>Μονογενοῦς</span> <span class='ocrx_word' id='word_1_362' title='bbox 3791 1944 3828 2012; x_wconf 78' lang='grc' dir='ltr'>ἡ</span> 
     </span>
    </p>
   </div>
   <div class='ocr_carea' id='block_1_50' title="bbox 2220 2030 3831 2108">
    <p class='ocr_par' dir='ltr' id='par_1_50' title="bbox 2220 2030 3831 2108">
     <span class='ocr_line' id='line_1_50' title="bbox 2220 2030 3831 2108; baseline 0 -18"><span class='ocrx_word' id='word_1_363' title='bbox 2220 2036 2507 2091; x_wconf 87' lang='grc' dir='ltr'>δικαιοῦσα</span> <span class='ocrx_word' id='word_1_364' title='bbox 2546 2036 2731 2108; x_wconf 84' lang='grc' dir='ltr'>χάρις,</span> <span class='ocrx_word' id='word_1_365' title='bbox 2773 2037 2890 2100; x_wconf 82' lang='grc' dir='ltr'>πῶς</span> <span class='ocrx_word' id='word_1_366' title='bbox 2942 2037 3041 2089; x_wconf 79' lang='grc' dir='ltr'><strong>οὐκ</strong></span> <span class='ocrx_word' id='word_1_367' title='bbox 3071 2036 3129 2088; x_wconf 80' lang='grc' dir='ltr'>ὲν</span> <span class='ocrx_word' id='word_1_368' title='bbox 3177 2034 3325 2106; x_wconf 81' lang='grc' dir='ltr'>δόξῃ,</span> <span class='ocrx_word' id='word_1_369' title='bbox 3359 2035 3543 2104; x_wconf 73' lang='grc' dir='ltr'>φησὶν,</span> <span class='ocrx_word' id='word_1_370' title='bbox 3579 2038 3606 2087; x_wconf 89' lang='lat'><strong>6</strong></span> <span class='ocrx_word' id='word_1_371' title='bbox 3634 2035 3704 2088; x_wconf 87' lang='grc' dir='ltr'>δι’</span> <span class='ocrx_word' id='word_1_372' title='bbox 3761 2030 3831 2090; x_wconf 78' lang='grc' dir='ltr'>οὗ</span> 
     </span>
    </p>
   </div>
   <div class='ocr_carea' id='block_1_51' title="bbox 2220 2121 3831 2197">
    <p class='ocr_par' dir='ltr' id='par_1_51' title="bbox 2220 2121 3831 2197">
     <span class='ocr_line' id='line_1_51' title="bbox 2220 2121 3831 2197; baseline -0.001 -19"><span class='ocrx_word' id='word_1_373' title='bbox 2220 2125 2290 2179; x_wconf 81' lang='grc' dir='ltr'><strong>τὰ</strong></span> <span class='ocrx_word' id='word_1_374' title='bbox 2313 2124 2549 2197; x_wconf 86' lang='grc' dir='ltr'>κρείττω</span> <span class='ocrx_word' id='word_1_375' title='bbox 2589 2124 3042 2196; x_wconf 81' lang='grc' dir='ltr'>νενομοθέτηται;</span> <span class='ocrx_word' id='word_1_376' title='bbox 3084 2124 3397 2195; x_wconf 85' lang='grc' dir='ltr'>Ἀληθεύσει</span> <span class='ocrx_word' id='word_1_377' title='bbox 3445 2124 3509 2196; x_wconf 84' lang='grc' dir='ltr'>δὴ</span> <span class='ocrx_word' id='word_1_378' title='bbox 3543 2121 3634 2178; x_wconf 78' lang='grc' dir='ltr'><strong>οὖν</strong></span> <span class='ocrx_word' id='word_1_379' title='bbox 3668 2125 3764 2178; x_wconf 77' lang='grc' dir='ltr'><strong>καὶ</strong></span> <span class='ocrx_word' id='word_1_380' title='bbox 3797 2125 3831 2176; x_wconf 97' lang='lat'><strong>6</strong></span> 
     </span>
    </p>
   </div>
   <div class='ocr_carea' id='block_1_52' title="bbox 2220 2215 3830 2288">
    <p class='ocr_par' dir='ltr' id='par_1_52' title="bbox 2220 2215 3830 2288">
     <span class='ocr_line' id='line_1_52' title="bbox 2220 2215 3830 2288; baseline -0.001 -16"><span class='ocrx_word' id='word_1_381' title='bbox 2220 2216 2477 2287; x_wconf 81' lang='grc' dir='ltr'>Μελῳδὸς</span> <span class='ocrx_word' id='word_1_382' title='bbox 2508 2218 2567 2271; x_wconf 76' lang='grc' dir='ltr'>ὲν</span> <span class='ocrx_word' id='word_1_383' title='bbox 2600 2215 2910 2288; x_wconf 88' lang='grc' dir='ltr'>Πνεύματι,</span> <span class='ocrx_word' id='word_1_384' title='bbox 2934 2217 3024 2269; x_wconf 83' lang='grc' dir='ltr'><strong>τὸν</strong></span> <span class='ocrx_word' id='word_1_385' title='bbox 3057 2216 3261 2286; x_wconf 86' lang='grc' dir='ltr'>Κύριον</span> <span class='ocrx_word' id='word_1_386' title='bbox 3291 2217 3445 2287; x_wconf 78' lang='grc' dir='ltr'>ήμῶν</span> <span class='ocrx_word' id='word_1_387' title='bbox 3489 2215 3696 2284; x_wconf 79' lang='grc' dir='ltr'>Ἰησοῦν</span> <span class='ocrx_word' id='word_1_388' title='bbox 3730 2218 3830 2271; x_wconf 81' lang='grc' dir='ltr'><strong>τὸν</strong></span> 
     </span>
    </p>
   </div>
   <div class='ocr_carea' id='block_1_53' title="bbox 2222 2305 3832 2378">
    <p class='ocr_par' dir='ltr' id='par_1_53' title="bbox 2222 2305 3832 2378">
     <span class='ocr_line' id='line_1_53' title="bbox 2222 2305 3832 2378; baseline -0.001 -17"><span class='ocrx_word' id='word_1_389' title='bbox 2222 2305 2462 2378; x_wconf 76' lang='grc' dir='ltr'>Χριστὸν</span> <span class='ocrx_word' id='word_1_390' title='bbox 2485 2306 2667 2377; x_wconf 83' lang='grc' dir='ltr'>πάσης</span> <span class='ocrx_word' id='word_1_391' title='bbox 2687 2305 2822 2377; x_wconf 85' lang='grc' dir='ltr'>ὁμοῦ</span> <span class='ocrx_word' id='word_1_392' title='bbox 2843 2307 2943 2377; x_wconf 79' lang='grc' dir='ltr'>τῆς</span> <span class='ocrx_word' id='word_1_393' title='bbox 2963 2306 3224 2377; x_wconf 85' lang='grc' dir='ltr'>λαμπρᾶς</span> <span class='ocrx_word' id='word_1_394' title='bbox 3251 2307 3356 2358; x_wconf 80' lang='grc' dir='ltr'>τῶν</span> <span class='ocrx_word' id='word_1_395' title='bbox 3387 2305 3558 2374; x_wconf 82' lang='grc' dir='ltr'>ἁγίων</span> <span class='ocrx_word' id='word_1_396' title='bbox 3583 2305 3832 2374; x_wconf 83' lang='grc' dir='ltr'>πληθύος</span> 
     </span>
    </p>
   </div>
   <div class='ocr_carea' id='block_1_54' title="bbox 2223 2396 3831 2468">
    <p class='ocr_par' dir='ltr' id='par_1_54' title="bbox 2223 2396 3831 2468">
     <span class='ocr_line' id='line_1_54' title="bbox 2223 2396 3831 2468; baseline -0.001 -18"><span class='ocrx_word' id='word_1_397' title='bbox 2223 2396 2586 2466; x_wconf 82' lang='grc' dir='ltr'>ὑπερκεῖσθαι</span> <span class='ocrx_word' id='word_1_398' title='bbox 2637 2397 2800 2468; x_wconf 79' lang='grc' dir='ltr'>βοῶν’</span> <span class='ocrx_word' id='word_1_399' title='bbox 2842 2415 2860 2448; x_wconf 83' lang='grc' dir='ltr'><strong>ι</strong></span> <span class='ocrx_word' id='word_1_400' title='bbox 2896 2396 2992 2459; x_wconf 90' lang='grc' dir='ltr'><strong>Τίς</strong></span> <span class='ocrx_word' id='word_1_401' title='bbox 3038 2396 3169 2467; x_wconf 81' lang='grc' dir='ltr'>γὰρ,</span> <span class='ocrx_word' id='word_1_402' title='bbox 3226 2397 3410 2466; x_wconf 73' lang='grc' dir='ltr'>φησὶν,</span> <span class='ocrx_word' id='word_1_403' title='bbox 3472 2397 3531 2450; x_wconf 78' lang='grc' dir='ltr'>ὲν</span> <span class='ocrx_word' id='word_1_404' title='bbox 3572 2396 3831 2465; x_wconf 77' lang='grc' dir='ltr'>νεφέλαις</span> 
     </span>
    </p>
   </div>
   <div class='ocr_carea' id='block_1_55' title="bbox 2228 2486 3832 2560">
    <p class='ocr_par' dir='ltr' id='par_1_55' title="bbox 2228 2486 3832 2560">
     <span class='ocr_line' id='line_1_55' title="bbox 2228 2486 3832 2560; baseline -0.001 -18"><span class='ocrx_word' id='word_1_405' title='bbox 2228 2489 2555 2560; x_wconf 85' lang='grc' dir='ltr'>ἰσωθὴσεται</span> <span class='ocrx_word' id='word_1_406' title='bbox 2586 2487 2664 2558; x_wconf 85' lang='grc' dir='ltr'>τῷ</span> <span class='ocrx_word' id='word_1_407' title='bbox 2690 2488 2880 2559; x_wconf 84' lang='grc' dir='ltr'>Κυρίῳ</span> <span class='ocrx_word' id='word_1_408' title='bbox 2900 2505 2914 2554; x_wconf 91' lang='lat'><strong>;</strong></span> <span class='ocrx_word' id='word_1_409' title='bbox 2937 2488 2970 2558; x_wconf 82' lang='grc' dir='ltr'>ἢ</span> <span class='ocrx_word' id='word_1_410' title='bbox 2998 2487 3079 2550; x_wconf 86' lang='grc' dir='ltr'><strong>τίς</strong></span> <span class='ocrx_word' id='word_1_411' title='bbox 3097 2487 3496 2557; x_wconf 79' lang='grc' dir='ltr'>ὁμοιωθήσεται</span> <span class='ocrx_word' id='word_1_412' title='bbox 3528 2486 3606 2558; x_wconf 82' lang='grc' dir='ltr'>τῷ</span> <span class='ocrx_word' id='word_1_413' title='bbox 3634 2488 3832 2560; x_wconf 82' lang='grc' dir='ltr'>Κυρίῳ</span> 
     </span>
    </p>
   </div>
   <div class='ocr_carea' id='block_1_56' title="bbox 2225 2579 3833 2651">
    <p class='ocr_par' dir='ltr' id='par_1_56' title="bbox 2225 2579 3833 2651">
     <span class='ocr_line' id='line_1_56' title="bbox 2225 2579 3833 2651; baseline 0 -18"><span class='ocrx_word' id='word_1_414' title='bbox 2225 2581 2284 2635; x_wconf 81' lang='grc' dir='ltr'>ὲν</span> <span class='ocrx_word' id='word_1_415' title='bbox 2323 2581 2463 2645; x_wconf 82' lang='grc' dir='ltr'>υἱοῖς</span> <span class='ocrx_word' id='word_1_416' title='bbox 2509 2580 2681 2646; x_wconf 85' lang='grc' dir='ltr'>Θεοῦ;</span> <span class='ocrx_word' id='word_1_417' title='bbox 2733 2599 2751 2631; x_wconf 76' lang='grc' dir='ltr'><strong>ι</strong></span> <span class='ocrx_word' id='word_1_418' title='bbox 2792 2579 3034 2648; x_wconf 78' lang='grc' dir='ltr'>Νεφέλαι</span> <span class='ocrx_word' id='word_1_419' title='bbox 3083 2579 3183 2650; x_wconf 83' lang='grc' dir='ltr'><strong>μὲν</strong></span> <span class='ocrx_word' id='word_1_420' title='bbox 3211 2579 3320 2651; x_wconf 83' lang='grc' dir='ltr'>γὰρ</span> <span class='ocrx_word' id='word_1_421' title='bbox 3354 2580 3410 2632; x_wconf 88' lang='grc' dir='ltr'><strong>αἰ</strong></span> <span class='ocrx_word' id='word_1_422' title='bbox 3442 2580 3651 2649; x_wconf 62' lang='lat' dir='ltr'><strong>von-cal,</strong></span> <span class='ocrx_word' id='word_1_423' title='bbox 3678 2579 3833 2633; x_wconf 78' lang='grc' dir='ltr'>τοῦτ’</span> 
     </span>
    </p>
   </div>
   <div class='ocr_carea' id='block_1_57' title="bbox 2227 2672 3833 2744">
    <p class='ocr_par' dir='ltr' id='par_1_57' title="bbox 2227 2672 3833 2744">
     <span class='ocr_line' id='line_1_57' title="bbox 2227 2672 3833 2744; baseline 0 -18"><span class='ocrx_word' id='word_1_424' title='bbox 2227 2672 2397 2739; x_wconf 71' lang='grc' dir='ltr'>ἔστιν,</span> <span class='ocrx_word' id='word_1_425' title='bbox 2432 2673 2483 2726; x_wconf 84' lang='grc' dir='ltr'><strong>οἰ</strong></span> <span class='ocrx_word' id='word_1_426' title='bbox 2517 2673 2662 2740; x_wconf 81' lang='grc' dir='ltr'>ἀγιοι</span> <span class='ocrx_word' id='word_1_427' title='bbox 2710 2673 3016 2744; x_wconf 72' lang='grc' dir='ltr'>προφῆται,</span> <span class='ocrx_word' id='word_1_428' title='bbox 3055 2672 3521 2742; x_wconf 85' lang='grc' dir='ltr'>παραχωρήσουσι</span> <span class='ocrx_word' id='word_1_429' title='bbox 3572 2673 3634 2726; x_wconf 80' lang='grc' dir='ltr'><strong>τὸ</strong></span> <span class='ocrx_word' id='word_1_430' title='bbox 3669 2674 3833 2743; x_wconf 80' lang='grc' dir='ltr'>νικᾷν</span> 
     </span>
    </p>
   </div>
   <div class='ocr_carea' id='block_1_58' title="bbox 2225 2762 3834 2836">
    <p class='ocr_par' dir='ltr' id='par_1_58' title="bbox 2225 2762 3834 2836">
     <span class='ocr_line' id='line_1_58' title="bbox 2225 2762 3834 2836; baseline -0.001 -19"><span class='ocrx_word' id='word_1_431' title='bbox 2225 2763 2304 2834; x_wconf 86' lang='grc' dir='ltr'>τῷ</span> <span class='ocrx_word' id='word_1_432' title='bbox 2322 2763 2568 2836; x_wconf 76' lang='grc' dir='ltr'>Χριστῷο</span> <span class='ocrx_word' id='word_1_433' title='bbox 2599 2764 2878 2835; x_wconf 80' lang='grc' dir='ltr'>οἰήσονται</span> <span class='ocrx_word' id='word_1_434' title='bbox 2900 2763 2956 2816; x_wconf 84' lang='grc' dir='ltr'><strong>δὲ</strong></span> <span class='ocrx_word' id='word_1_435' title='bbox 2978 2763 3088 2816; x_wconf 86' lang='grc' dir='ltr'>δεῖν</span> <span class='ocrx_word' id='word_1_436' title='bbox 3109 2762 3361 2833; x_wconf 75' lang='grc' dir='ltr'>οὐδαμῶς</span> <span class='ocrx_word' id='word_1_437' title='bbox 3383 2763 3662 2834; x_wconf 75' lang='grc' dir='ltr'>’ἱσομέτρῳ</span> <span class='ocrx_word' id='word_1_438' title='bbox 3686 2763 3834 2833; x_wconf 77' lang='grc' dir='ltr'>πρὸς</span> 
     </span>
    </p>
   </div>
   <div class='ocr_carea' id='block_1_59' title="bbox 2227 2851 3833 2925">
    <p class='ocr_par' dir='ltr' id='par_1_59' title="bbox 2227 2851 3833 2925">
     <span class='ocr_line' id='line_1_59' title="bbox 2227 2851 3833 2925; baseline -0.003 -16"><span class='ocrx_word' id='word_1_439' title='bbox 2227 2854 2392 2910; x_wconf 68' lang='grc' dir='ltr'>αὐτὸν</span> <span class='ocrx_word' id='word_1_440' title='bbox 2423 2853 2756 2925; x_wconf 80' lang='grc' dir='ltr'>ἁμιλλᾶσθαι</span> <span class='ocrx_word' id='word_1_441' title='bbox 2788 2855 2946 2924; x_wconf 83' lang='grc' dir='ltr'>τιμῇ,</span> <span class='ocrx_word' id='word_1_442' title='bbox 2983 2851 3082 2923; x_wconf 75' lang='grc' dir='ltr'><strong>τὴν</strong></span> <span class='ocrx_word' id='word_1_443' title='bbox 3108 2852 3368 2922; x_wconf 75' lang='grc' dir='ltr'>δευτέραν</span> <span class='ocrx_word' id='word_1_444' title='bbox 3413 2851 3833 2923; x_wconf 73' lang='grc' dir='ltr'>ἀποφερομένσυ</span> 
     </span>
    </p>
   </div>
   <div class='ocr_carea' id='block_1_60' title="bbox 2228 2943 3833 3017">
    <p class='ocr_par' dir='ltr' id='par_1_60' title="bbox 2228 2943 3833 3017">
     <span class='ocr_line' id='line_1_60' title="bbox 2228 2943 3833 3017; baseline -0.001 -19"><span class='ocrx_word' id='word_1_445' title='bbox 2228 2947 2382 3011; x_wconf 79' lang='grc' dir='ltr'>τάξιν</span> <span class='ocrx_word' id='word_1_446' title='bbox 2425 2945 2518 2998; x_wconf 91' lang='grc' dir='ltr'><strong>τοῦ</strong></span> <span class='ocrx_word' id='word_1_447' title='bbox 2541 2945 2693 3017; x_wconf 81' lang='grc' dir='ltr'>παρὰ</span> <span class='ocrx_word' id='word_1_448' title='bbox 2719 2944 2930 3006; x_wconf 84' lang='grc' dir='ltr'>πάντας</span> <span class='ocrx_word' id='word_1_449' title='bbox 2960 2943 3308 3014; x_wconf 80' lang='grc' dir='ltr'>ἐγνωσμένου</span> <span class='ocrx_word' id='word_1_450' title='bbox 3334 2944 3484 3015; x_wconf 82' lang='grc' dir='ltr'>παρὰ</span> <span class='ocrx_word' id='word_1_451' title='bbox 3499 2943 3654 3009; x_wconf 84' lang='grc' dir='ltr'>Θεοῦ,</span> <span class='ocrx_word' id='word_1_452' title='bbox 3679 2943 3833 2998; x_wconf 87' lang='grc' dir='ltr'>τοῦτ’</span> 
     </span>
    </p>
   </div>
   <div class='ocr_carea' id='block_1_61' title="bbox 2229 3035 3836 3108">
    <p class='ocr_par' dir='ltr' id='par_1_61' title="bbox 2229 3035 3836 3108">
     <span class='ocr_line' id='line_1_61' title="bbox 2229 3035 3836 3108; baseline 0 -18"><span class='ocrx_word' id='word_1_453' title='bbox 2229 3037 2347 3090; x_wconf 74' lang='grc' dir='ltr'>ἔστι</span> <span class='ocrx_word' id='word_1_454' title='bbox 2369 3037 2635 3099; x_wconf 83' lang='grc' dir='ltr'>Μωσέως·</span> <span class='ocrx_word' id='word_1_455' title='bbox 2665 3037 2774 3089; x_wconf 79' lang='lat' dir='ltr'><strong>ulo‘l</strong></span> <span class='ocrx_word' id='word_1_456' title='bbox 2799 3035 2857 3089; x_wconf 80' lang='grc' dir='ltr'>δὲ</span> <span class='ocrx_word' id='word_1_457' title='bbox 2877 3035 2926 3087; x_wconf 83' lang='lat' dir='ltr'><strong>oi</strong></span> <span class='ocrx_word' id='word_1_458' title='bbox 2949 3054 3070 3108; x_wconf 83' lang='grc' dir='ltr'>χρι.</span> <span class='ocrx_word' id='word_1_459' title='bbox 3153 3074 3168 3088; x_wconf 92' lang='grc'><strong>.</strong></span> <span class='ocrx_word' id='word_1_460' title='bbox 3248 3077 3261 3090; x_wconf 95' lang='grc'><strong>.</strong></span> <span class='ocrx_word' id='word_1_461' title='bbox 3296 3035 3372 3108; x_wconf 79' lang='grc'><strong>(1)</strong></span> <span class='ocrx_word' id='word_1_462' title='bbox 3398 3036 3491 3088; x_wconf 91' lang='grc' dir='ltr'><strong>τοῦ</strong></span> <span class='ocrx_word' id='word_1_463' title='bbox 3521 3035 3655 3089; x_wconf 86' lang='grc' dir='ltr'>Θεοῦ</span> <span class='ocrx_word' id='word_1_464' title='bbox 3684 3037 3836 3090; x_wconf 80' lang='grc' dir='ltr'>κατὰ</span> 
     </span>
    </p>
   </div>
   <div class='ocr_carea' id='block_1_62' title="bbox 526 3118 2120 3207">
    <p class='ocr_par' dir='ltr' id='par_1_62' title="bbox 526 3131 2120 3207">
     <span class='ocr_line' id='line_1_62' title="bbox 526 3131 2120 3207; baseline -0.003 -15"><span class='ocrx_word' id='word_1_465' title='bbox 526 3136 802 3207; x_wconf 84' lang='lat' dir='ltr'><strong>estigitur</strong></span> <span class='ocrx_word' id='word_1_466' title='bbox 839 3133 1182 3204; x_wconf 85' lang='lat' dir='ltr'><strong>evangelista</strong></span> <span class='ocrx_word' id='word_1_467' title='bbox 1216 3132 1419 3188; x_wconf 87' lang='lat' dir='ltr'><strong>beatus</strong></span> <span class='ocrx_word' id='word_1_468' title='bbox 1440 3170 1455 3197; x_wconf 97' lang='lat'><strong>,</strong></span> <span class='ocrx_word' id='word_1_469' title='bbox 1481 3131 1613 3185; x_wconf 88' lang='lat' dir='ltr'><strong>dum</strong></span> <span class='ocrx_word' id='word_1_470' title='bbox 1635 3132 1713 3185; x_wconf 87' lang='lat' dir='ltr'><strong>ait</strong></span> <span class='ocrx_word' id='word_1_471' title='bbox 1741 3145 1802 3186; x_wconf 87' lang='lat' dir='ltr'><strong>se</strong></span> <span class='ocrx_word' id='word_1_472' title='bbox 1840 3140 2120 3200; x_wconf 85' lang='lat' dir='ltr'><strong>spectasse</strong></span> 
     </span>
    </p>
   </div>
   <div class='ocr_carea' id='block_1_63' title="bbox 2224 3118 3832 3207">
    <p class='ocr_par' dir='ltr' id='par_1_63' title="bbox 2230 3118 3832 3202">
     <span class='ocr_line' id='line_1_63' title="bbox 2230 3118 3832 3202; baseline 0.001 -19"><span class='ocrx_word' id='word_1_473' title='bbox 2230 3131 2322 3184; x_wconf 82' lang='grc' dir='ltr'><strong>τὸν</strong></span> <span class='ocrx_word' id='word_1_474' title='bbox 2349 3118 2447 3202; x_wconf 77' lang='grc' dir='ltr'>τῆς</span> <span class='ocrx_word' id='word_1_475' title='bbox 2465 3129 2762 3200; x_wconf 75' lang='grc' dir='ltr'>ἐπιδημίας</span> <span class='ocrx_word' id='word_1_476' title='bbox 2785 3129 2997 3200; x_wconf 75' lang='grc' dir='ltr'>καιρὸν,</span> <span class='ocrx_word' id='word_1_477' title='bbox 3023 3129 3122 3182; x_wconf 79' lang='grc' dir='ltr'><strong>οὒκ</strong></span> <span class='ocrx_word' id='word_1_478' title='bbox 3162 3129 3596 3200; x_wconf 82' lang='grc' dir='ltr'>ἀπαραλλάκτως</span> <span class='ocrx_word' id='word_1_479' title='bbox 3623 3131 3832 3202; x_wconf 80' lang='grc' dir='ltr'>ὁμοιω-</span> 
     </span>
    </p>
   </div>
   <div class='ocr_carea' id='block_1_64' title="bbox 534 3221 2120 3299">
    <p class='ocr_par' dir='ltr' id='par_1_64' title="bbox 534 3226 2120 3299">
     <span class='ocr_line' id='line_1_64' title="bbox 534 3226 2120 3299; baseline -0.001 -15"><span class='ocrx_word' id='word_1_480' title='bbox 534 3252 554 3284; x_wconf 86' lang='grc'><strong>‹</strong></span> <span class='ocrx_word' id='word_1_481' title='bbox 597 3231 845 3286; x_wconf 87' lang='lat' dir='ltr'><strong>Gloriam</strong></span> <span class='ocrx_word' id='word_1_482' title='bbox 874 3230 1030 3298; x_wconf 88' lang='lat' dir='ltr'><strong>ejus,</strong></span> <span class='ocrx_word' id='word_1_483' title='bbox 1067 3229 1304 3298; x_wconf 84' lang='lat' dir='ltr'><strong>gloriam</strong></span> <span class='ocrx_word' id='word_1_484' title='bbox 1338 3226 1618 3299; x_wconf 87' lang='lat' dir='ltr'><strong>Unigeniti</strong></span> <span class='ocrx_word' id='word_1_485' title='bbox 1663 3241 1692 3279; x_wconf 91' lang='lat' dir='ltr'><strong>a</strong></span> <span class='ocrx_word' id='word_1_486' title='bbox 1732 3227 1926 3292; x_wconf 88' lang='lat' dir='ltr'><strong>Patre,</strong></span> <span class='ocrx_word' id='word_1_487' title='bbox 1961 3246 1980 3278; x_wconf 73' lang='grc' dir='ltr'><strong>ι</strong></span> <span class='ocrx_word' id='word_1_488' title='bbox 2017 3227 2120 3282; x_wconf 87' lang='lat' dir='ltr'><strong>hoc</strong></span> 
     </span>
    </p>
   </div>
   <div class='ocr_carea' id='block_1_65' title="bbox 2224 3221 3834 3299">
    <p class='ocr_par' dir='ltr' id='par_1_65' title="bbox 2232 3221 3834 3293">
     <span class='ocr_line' id='line_1_65' title="bbox 2232 3221 3834 3293; baseline 0.001 -17"><span class='ocrx_word' id='word_1_489' title='bbox 2232 3223 2492 3292; x_wconf 87' lang='grc' dir='ltr'>θήσονται</span> <span class='ocrx_word' id='word_1_490' title='bbox 2518 3221 2596 3292; x_wconf 82' lang='grc' dir='ltr'>τῷ</span> <span class='ocrx_word' id='word_1_491' title='bbox 2619 3221 2762 3274; x_wconf 79' lang='grc' dir='ltr'>κατὰ</span> <span class='ocrx_word' id='word_1_492' title='bbox 2784 3222 2946 3289; x_wconf 77' lang='grc' dir='ltr'>φύσιν</span> <span class='ocrx_word' id='word_1_493' title='bbox 2970 3222 3101 3293; x_wconf 83' lang='grc' dir='ltr'>Υἱῴ,</span> <span class='ocrx_word' id='word_1_494' title='bbox 3127 3222 3262 3278; x_wconf 81' lang='grc' dir='ltr'>ἀλλὰ</span> <span class='ocrx_word' id='word_1_495' title='bbox 3291 3223 3352 3276; x_wconf 82' lang='grc' dir='ltr'>τὺ</span> <span class='ocrx_word' id='word_1_496' title='bbox 3373 3225 3573 3276; x_wconf 84' lang='grc' dir='ltr'>οἰκεῖον</span> <span class='ocrx_word' id='word_1_497' title='bbox 3596 3223 3834 3293; x_wconf 84' lang='grc' dir='ltr'>ὲπιγνώ-</span> 
     </span>
    </p>
   </div>
   <div class='ocr_carea' id='block_1_66' title="bbox 528 3313 2120 3392">
    <p class='ocr_par' dir='ltr' id='par_1_66' title="bbox 528 3317 2118 3392">
     <span class='ocr_line' id='line_1_66' title="bbox 528 3317 2118 3392; baseline -0.004 -13"><span class='ocrx_word' id='word_1_498' title='bbox 528 3333 616 3379; x_wconf 88' lang='lat' dir='ltr'><strong>est</strong></span> <span class='ocrx_word' id='word_1_499' title='bbox 636 3363 649 3389; x_wconf 96' lang='lat'><strong>,</strong></span> <span class='ocrx_word' id='word_1_500' title='bbox 684 3321 868 3392; x_wconf 79' lang='lat' dir='ltr'><strong>qualis</strong></span> <span class='ocrx_word' id='word_1_501' title='bbox 890 3321 1088 3377; x_wconf 90' lang='lat' dir='ltr'><strong>deceat</strong></span> <span class='ocrx_word' id='word_1_502' title='bbox 1109 3319 1459 3390; x_wconf 87' lang='lat' dir='ltr'><strong>unigenitum</strong></span> <span class='ocrx_word' id='word_1_503' title='bbox 1487 3333 1516 3372; x_wconf 91' lang='lat' dir='ltr'><strong>a</strong></span> <span class='ocrx_word' id='word_1_504' title='bbox 1553 3317 1666 3374; x_wconf 89' lang='lat' dir='ltr'><strong>Deo</strong></span> <span class='ocrx_word' id='word_1_505' title='bbox 1698 3317 1862 3374; x_wconf 88' lang='lat' dir='ltr'><strong>Patre</strong></span> <span class='ocrx_word' id='word_1_506' title='bbox 1890 3317 2118 3384; x_wconf 90' lang='lat' dir='ltr'><strong>Filium,</strong></span> 
     </span>
    </p>
   </div>
   <div class='ocr_carea' id='block_1_67' title="bbox 2224 3313 3833 3392">
    <p class='ocr_par' dir='ltr' id='par_1_67' title="bbox 2232 3313 3833 3386">
     <span class='ocr_line' id='line_1_67' title="bbox 2232 3313 3833 3386; baseline 0.001 -16"><span class='ocrx_word' id='word_1_507' title='bbox 2232 3333 2414 3370; x_wconf 87' lang='grc' dir='ltr'>σονται</span> <span class='ocrx_word' id='word_1_508' title='bbox 2459 3315 2679 3386; x_wconf 86' lang='grc' dir='ltr'>μέτρον,</span> <span class='ocrx_word' id='word_1_509' title='bbox 2731 3313 2906 3368; x_wconf 85' lang='grc' dir='ltr'>ὀπίσω</span> <span class='ocrx_word' id='word_1_510' title='bbox 2959 3315 3200 3386; x_wconf 84' lang='grc' dir='ltr'>μάλιστα</span> <span class='ocrx_word' id='word_1_511' title='bbox 3250 3317 3528 3370; x_wconf 75' lang='grc' dir='ltr'>τεθεῖσθαι</span> <span class='ocrx_word' id='word_1_512' title='bbox 3575 3317 3833 3386; x_wconf 81' lang='grc' dir='ltr'>λέγοντος</span> 
     </span>
    </p>
   </div>
   <div class='ocr_carea' id='block_1_68' title="bbox 531 3401 2120 3482">
    <p class='ocr_par' dir='ltr' id='par_1_68' title="bbox 531 3410 2120 3482">
     <span class='ocr_line' id='line_1_68' title="bbox 531 3410 2120 3482; baseline -0.003 -13"><span class='ocrx_word' id='word_1_513' title='bbox 531 3429 642 3469; x_wconf 91' lang='lat' dir='ltr'><strong>non</strong></span> <span class='ocrx_word' id='word_1_514' title='bbox 687 3421 869 3468; x_wconf 91' lang='lat' dir='ltr'><strong>autem</strong></span> <span class='ocrx_word' id='word_1_515' title='bbox 919 3426 1017 3468; x_wconf 89' lang='lat' dir='ltr'><strong>eos</strong></span> <span class='ocrx_word' id='word_1_516' title='bbox 1054 3411 1149 3482; x_wconf 89' lang='lat' dir='ltr'><strong>qui</strong></span> <span class='ocrx_word' id='word_1_517' title='bbox 1187 3411 1256 3466; x_wconf 91' lang='lat' dir='ltr'><strong>ad</strong></span> <span class='ocrx_word' id='word_1_518' title='bbox 1302 3410 1425 3481; x_wconf 90' lang='lat' dir='ltr'><strong>ejus</strong></span> <span class='ocrx_word' id='word_1_519' title='bbox 1486 3410 1888 3466; x_wconf 81' lang='lat' dir='ltr'><strong>fraternitatem</strong></span> <span class='ocrx_word' id='word_1_520' title='bbox 1934 3410 2120 3466; x_wconf 84' lang='lat' dir='ltr'><strong>vocati</strong></span> 
     </span>
    </p>
   </div>
   <div class='ocr_carea' id='block_1_69' title="bbox 2224 3401 3834 3482">
    <p class='ocr_par' dir='ltr' id='par_1_69' title="bbox 2230 3401 3834 3482">
     <span class='ocr_line' id='line_1_69' title="bbox 2230 3401 3834 3482; baseline 0.001 -21"><span class='ocrx_word' id='word_1_521' title='bbox 2230 3407 2419 3462; x_wconf 79' lang='grc' dir='ltr'>ἑαυτὸν</span> <span class='ocrx_word' id='word_1_522' title='bbox 2447 3406 2542 3459; x_wconf 90' lang='grc' dir='ltr'><strong>τοῦ</strong></span> <span class='ocrx_word' id='word_1_523' title='bbox 2563 3406 2720 3475; x_wconf 72' lang='grc' dir='ltr'>ἁγίου</span> <span class='ocrx_word' id='word_1_524' title='bbox 2748 3407 3073 3474; x_wconf 82' lang='grc' dir='ltr'>Βαπτιστοῦ,</span> <span class='ocrx_word' id='word_1_525' title='bbox 3104 3409 3232 3482; x_wconf 76' lang='grc' dir='ltr'>περὶ</span> <span class='ocrx_word' id='word_1_526' title='bbox 3264 3401 3323 3461; x_wconf 82' lang='grc' dir='ltr'><strong>οῦ</strong></span> <span class='ocrx_word' id='word_1_527' title='bbox 3346 3427 3507 3479; x_wconf 82' lang='grc' dir='ltr'>φησιν</span> <span class='ocrx_word' id='word_1_528' title='bbox 3543 3413 3571 3462; x_wconf 92' lang='lat'><strong>6</strong></span> <span class='ocrx_word' id='word_1_529' title='bbox 3599 3409 3834 3481; x_wconf 82' lang='grc' dir='ltr'>καρδίας</span> 
     </span>
    </p>
   </div>
   <div class='ocr_carea' id='block_1_70' title="bbox 440 3499 2120 3576">
    <p class='ocr_par' dir='ltr' id='par_1_70' title="bbox 440 3503 1526 3576">
     <span class='ocr_line' id='line_1_70' title="bbox 440 3503 1526 3576; baseline -0.006 -14"><span class='ocrx_word' id='word_1_530' title='bbox 440 3519 450 3526; x_wconf 91' lang='grc'>·</span> <span class='ocrx_word' id='word_1_531' title='bbox 530 3515 681 3571; x_wconf 87' lang='lat' dir='ltr'><strong>sunt,</strong></span> <span class='ocrx_word' id='word_1_532' title='bbox 710 3518 948 3576; x_wconf 88' lang='lat' dir='ltr'><strong>quorum</strong></span> <span class='ocrx_word' id='word_1_533' title='bbox 982 3511 1068 3559; x_wconf 89' lang='lat' dir='ltr'><strong>est</strong></span> <span class='ocrx_word' id='word_1_534' title='bbox 1097 3503 1526 3574; x_wconf 89' lang='lat' dir='ltr'><strong>primogenitus.</strong></span> 
     </span>
    </p>
   </div>
   <div class='ocr_carea' id='block_1_71' title="bbox 2224 3499 3830 3576">
    <p class='ocr_par' dir='ltr' id='par_1_71' title="bbox 2227 3499 3830 3573">
     <span class='ocr_line' id='line_1_71' title="bbox 2227 3499 3830 3573; baseline 0.001 -19"><span class='ocrx_word' id='word_1_535' title='bbox 2227 3499 2404 3563; x_wconf 82' lang='grc' dir='ltr'>εἰδώς·</span> <span class='ocrx_word' id='word_1_536' title='bbox 2432 3518 2449 3550; x_wconf 82' lang='grc' dir='ltr'><strong>ι</strong></span> <span class='ocrx_word' id='word_1_537' title='bbox 2479 3500 2593 3553; x_wconf 87' lang='grc' dir='ltr'><strong>υύκ</strong></span> <span class='ocrx_word' id='word_1_538' title='bbox 2618 3501 2916 3572; x_wconf 75' lang='grc' dir='ltr'>ἐγήγερται</span> <span class='ocrx_word' id='word_1_539' title='bbox 2944 3501 3002 3554; x_wconf 82' lang='grc' dir='ltr'>ὲν</span> <span class='ocrx_word' id='word_1_540' title='bbox 3023 3505 3302 3573; x_wconf 84' lang='grc' dir='ltr'>γεννητοῖς</span> <span class='ocrx_word' id='word_1_541' title='bbox 3326 3502 3600 3571; x_wconf 82' lang='grc' dir='ltr'>γυναικῶν</span> <span class='ocrx_word' id='word_1_542' title='bbox 3621 3503 3830 3573; x_wconf 77' lang='grc' dir='ltr'>μείζων</span> 
     </span>
    </p>
   </div>
   <div class='ocr_carea' id='block_1_72' title="bbox 534 3581 3829 3662">
    <p class='ocr_par' dir='ltr' id='par_1_72' title="bbox 534 3581 3829 3662">
     <span class='ocr_line' id='line_1_72' title="bbox 534 3581 3829 3662; baseline -0.004 -11"><span class='ocrx_word' id='word_1_543' title='bbox 534 3595 791 3650; x_wconf 81' lang='grc' dir='ltr'>Ἰωάννου</span> <span class='ocrx_word' id='word_1_544' title='bbox 841 3591 937 3647; x_wconf 83' lang='grc' dir='ltr'><strong>τοῦ</strong></span> <span class='ocrx_word' id='word_1_545' title='bbox 990 3581 1325 3648; x_wconf 80' lang='grc' dir='ltr'>Βαπτιστοῦ.</span> <span class='ocrx_word' id='word_1_546' title='bbox 1389 3611 1408 3645; x_wconf 76' lang='grc' dir='ltr'><strong>ι</strong></span> <span class='ocrx_word' id='word_1_547' title='bbox 1457 3589 1738 3662; x_wconf 87' lang='grc' dir='ltr'>Ἀληθεύει</span> <span class='ocrx_word' id='word_1_548' title='bbox 1801 3590 1866 3662; x_wconf 82' lang='grc' dir='ltr'>δὴ</span> <span class='ocrx_word' id='word_1_549' title='bbox 1906 3584 2000 3644; x_wconf 85' lang='grc' dir='ltr'><strong>οῦν</strong></span> <span class='ocrx_word' id='word_1_550' title='bbox 2045 3590 2074 3642; x_wconf 90' lang='lat'><strong>6</strong></span> <span class='ocrx_word' id='word_1_551' title='bbox 2129 3589 2405 3660; x_wconf 85' lang='grc' dir='ltr'>μακάριος</span> <span class='ocrx_word' id='word_1_552' title='bbox 2435 3587 2852 3658; x_wconf 81' lang='grc' dir='ltr'>εὐαγγελιστὴς,</span> <span class='ocrx_word' id='word_1_553' title='bbox 2896 3589 3189 3657; x_wconf 79' lang='grc' dir='ltr'>τεθεᾶσθαι</span> <span class='ocrx_word' id='word_1_554' title='bbox 3242 3590 3416 3658; x_wconf 87' lang='grc' dir='ltr'>λέγων</span> <span class='ocrx_word' id='word_1_555' title='bbox 3463 3609 3481 3640; x_wconf 81' lang='grc' dir='ltr'><strong>ι</strong></span> <span class='ocrx_word' id='word_1_556' title='bbox 3525 3591 3636 3661; x_wconf 81' lang='grc' dir='ltr'><strong>Τὴν</strong></span> <span class='ocrx_word' id='word_1_557' title='bbox 3668 3590 3829 3656; x_wconf 77' lang='grc' dir='ltr'>δόξαν</span> 
     </span>
    </p>
   </div>
   <div class='ocr_carea' id='block_1_73' title="bbox 525 3679 3833 3756">
    <p class='ocr_par' dir='ltr' id='par_1_73' title="bbox 525 3679 3833 3756">
     <span class='ocr_line' id='line_1_73' title="bbox 525 3679 3833 3756; baseline -0.002 -14"><span class='ocrx_word' id='word_1_558' title='bbox 525 3685 719 3751; x_wconf 74' lang='grc' dir='ltr'>αὑτοῦ,</span> <span class='ocrx_word' id='word_1_559' title='bbox 779 3684 938 3750; x_wconf 82' lang='grc' dir='ltr'>δόξαν</span> <span class='ocrx_word' id='word_1_560' title='bbox 1002 3685 1078 3748; x_wconf 86' lang='grc' dir='ltr'>ὡς</span> <span class='ocrx_word' id='word_1_561' title='bbox 1121 3682 1465 3753; x_wconf 89' lang='grc' dir='ltr'>Μονογενοῦς</span> <span class='ocrx_word' id='word_1_562' title='bbox 1510 3684 1663 3755; x_wconf 88' lang='grc' dir='ltr'><strong>παρά</strong></span> <span class='ocrx_word' id='word_1_563' title='bbox 1711 3684 1947 3754; x_wconf 82' lang='grc' dir='ltr'>Πατρὺς,</span> <span class='ocrx_word' id='word_1_564' title='bbox 2011 3702 2030 3736; x_wconf 72' lang='grc' dir='ltr'><strong>ι</strong></span> <span class='ocrx_word' id='word_1_565' title='bbox 2095 3680 2226 3736; x_wconf 83' lang='grc' dir='ltr'>τοῦτ</span> <span class='ocrx_word' id='word_1_566' title='bbox 2263 3679 2411 3734; x_wconf 79' lang='grc' dir='ltr'>ἔστιν</span> <span class='ocrx_word' id='word_1_567' title='bbox 2465 3681 2614 3752; x_wconf 70' lang='grc' dir='ltr'>ἢπερ</span> <span class='ocrx_word' id='word_1_568' title='bbox 2664 3680 2732 3734; x_wconf 86' lang='grc' dir='ltr'><strong>ἂν</strong></span> <span class='ocrx_word' id='word_1_569' title='bbox 2787 3681 2990 3752; x_wconf 82' lang='grc' dir='ltr'>πρέποι</span> <span class='ocrx_word' id='word_1_570' title='bbox 3031 3681 3110 3752; x_wconf 84' lang='grc' dir='ltr'>τῷ</span> <span class='ocrx_word' id='word_1_571' title='bbox 3157 3684 3222 3735; x_wconf 83' lang='grc' dir='ltr'>ἐκ</span> <span class='ocrx_word' id='word_1_572' title='bbox 3265 3682 3398 3735; x_wconf 85' lang='grc' dir='ltr'>Θεοῦ</span> <span class='ocrx_word' id='word_1_573' title='bbox 3451 3683 3663 3754; x_wconf 78' lang='grc' dir='ltr'>Πατρὸς</span> <span class='ocrx_word' id='word_1_574' title='bbox 3711 3683 3833 3756; x_wconf 85' lang='grc' dir='ltr'>Υἱῷ</span> 
     </span>
    </p>
   </div>
   <div class='ocr_carea' id='block_1_74' title="bbox 515 3765 3368 3852">
    <p class='ocr_par' dir='ltr' id='par_1_74' title="bbox 515 3765 3368 3852">
     <span class='ocr_line' id='line_1_74' title="bbox 515 3765 3368 3852; baseline -0.002 -21"><span class='ocrx_word' id='word_1_575' title='bbox 515 3779 838 3852; x_wconf 56' lang='grc' dir='ltr'>νονογενεῖ,</span> <span class='ocrx_word' id='word_1_576' title='bbox 896 3775 991 3829; x_wconf 74' lang='grc' dir='ltr'>καὶ</span> <span class='ocrx_word' id='word_1_577' title='bbox 1050 3775 1171 3846; x_wconf 82' lang='grc' dir='ltr'><strong>ούχί</strong></span> <span class='ocrx_word' id='word_1_578' title='bbox 1206 3774 1406 3846; x_wconf 86' lang='grc' dir='ltr'>μᾶλλον</span> <span class='ocrx_word' id='word_1_579' title='bbox 1467 3777 1581 3840; x_wconf 83' lang='grc' dir='ltr'>τοῖς</span> <span class='ocrx_word' id='word_1_580' title='bbox 1609 3777 1688 3840; x_wconf 89' lang='grc' dir='ltr'><strong>εἰς</strong></span> <span class='ocrx_word' id='word_1_581' title='bbox 1741 3775 2078 3846; x_wconf 84' lang='grc' dir='ltr'>ἀδελφότητα</span> <span class='ocrx_word' id='word_1_582' title='bbox 2114 3768 2287 3843; x_wconf 75' lang='grc' dir='ltr'>κέκλη</span> <span class='ocrx_word' id='word_1_583' title='bbox 2300 3772 2478 3846; x_wconf 83' lang='grc' dir='ltr'>μένοις</span> <span class='ocrx_word' id='word_1_584' title='bbox 2508 3770 2696 3838; x_wconf 80' lang='grc' dir='ltr'>αὑτοῦ,</span> <span class='ocrx_word' id='word_1_585' title='bbox 2733 3765 2809 3826; x_wconf 83' lang='grc' dir='ltr'>ὧν</span> <span class='ocrx_word' id='word_1_586' title='bbox 2839 3773 2957 3825; x_wconf 74' lang='grc' dir='ltr'>ἐστι</span> <span class='ocrx_word' id='word_1_587' title='bbox 2993 3773 3368 3841; x_wconf 83' lang='grc' dir='ltr'>πρωτότοκος.</span> 
     </span>
    </p>
   </div>
   <div class='ocr_carea' id='block_1_75' title="bbox 1187 3867 1590 3925">
    <p class='ocr_par' dir='ltr' id='par_1_75' title="bbox 1187 3867 1590 3925">
     <span class='ocr_line' id='line_1_75' title="bbox 1187 3867 1590 3925; baseline -0.017 -1"><span class='ocrx_word' id='word_1_588' title='bbox 1187 3867 1344 3924; x_wconf 82' lang='lat' dir='ltr'><strong>CAP.</strong></span> <span class='ocrx_word' id='word_1_589' title='bbox 1391 3869 1502 3925; x_wconf 77' lang='grc' dir='ltr'><strong>Χ..</strong></span> <span class='ocrx_word' id='word_1_590' title='bbox 1585 3913 1590 3917; x_wconf 87' lang='grc'><strong>,</strong></span> 
     </span>
    </p>
   </div>
   <div class='ocr_carea' id='block_1_76' title="bbox 534 3961 2118 4032">
    <p class='ocr_par' dir='ltr' id='par_1_76' title="bbox 534 3961 2118 4032">
     <span class='ocr_line' id='line_1_76' title="bbox 534 3961 2118 4032; baseline -0.001 -14"><span class='ocrx_word' id='word_1_591' title='bbox 534 3964 692 4032; x_wconf 81' lang='lat' dir='ltr'><strong>Quod</strong></span> <span class='ocrx_word' id='word_1_592' title='bbox 721 3962 867 4018; x_wconf 82' lang='lat' dir='ltr'><strong>solus</strong></span> <span class='ocrx_word' id='word_1_593' title='bbox 903 3961 1192 4017; x_wconf 79' lang='lat' dir='ltr'><strong>secundum</strong></span> <span class='ocrx_word' id='word_1_594' title='bbox 1218 3971 1468 4016; x_wconf 85' lang='lat' dir='ltr'><strong>naturam</strong></span> <span class='ocrx_word' id='word_1_595' title='bbox 1509 3961 1687 4017; x_wconf 81' lang='lat' dir='ltr'><strong>Filius</strong></span> <span class='ocrx_word' id='word_1_596' title='bbox 1731 3979 1797 4017; x_wconf 80' lang='lat' dir='ltr'><strong>ex</strong></span> <span class='ocrx_word' id='word_1_597' title='bbox 1850 3961 2018 4017; x_wconf 85' lang='lat' dir='ltr'><strong>Patre</strong></span> <span class='ocrx_word' id='word_1_598' title='bbox 2049 3964 2118 4017; x_wconf 80' lang='lat' dir='ltr'><strong>sit</strong></span> 
     </span>
    </p>
   </div>
   <div class='ocr_carea' id='block_1_77' title="bbox 817 4034 1827 4103">
    <p class='ocr_par' dir='ltr' id='par_1_77' title="bbox 817 4034 1827 4103">
     <span class='ocr_line' id='line_1_77' title="bbox 817 4034 1827 4103; baseline 0 -16"><span class='ocrx_word' id='word_1_599' title='bbox 817 4035 1122 4103; x_wconf 73' lang='lat' dir='ltr'><strong>unigent’tus</strong></span> <span class='ocrx_word' id='word_1_600' title='bbox 1142 4073 1156 4098; x_wconf 95' lang='lat'><strong>,</strong></span> <span class='ocrx_word' id='word_1_601' title='bbox 1185 4043 1327 4086; x_wconf 80' lang='lat' dir='ltr'><strong>utea:</strong></span> <span class='ocrx_word' id='word_1_602' title='bbox 1361 4035 1497 4102; x_wconf 76' lang='lat' dir='ltr'><strong>ipso,</strong></span> <span class='ocrx_word' id='word_1_603' title='bbox 1529 4043 1576 4087; x_wconf 76' lang='lat' dir='ltr'><strong>et</strong></span> <span class='ocrx_word' id='word_1_604' title='bbox 1609 4034 1663 4087; x_wconf 77' lang='lat' dir='ltr'><strong>in</strong></span> <span class='ocrx_word' id='word_1_605' title='bbox 1696 4035 1827 4103; x_wconf 80' lang='lat' dir='ltr'><strong>ipso.</strong></span> 
     </span>
    </p>
   </div>
   <div class='ocr_carea' id='block_1_78' title="bbox 566 4123 2120 4196">
    <p class='ocr_par' dir='ltr' id='par_1_78' title="bbox 566 4123 2120 4196">
     <span class='ocr_line' id='line_1_78' title="bbox 566 4123 2120 4196; baseline -0.001 -16"><span class='ocrx_word' id='word_1_606' title='bbox 566 4125 660 4194; x_wconf 83' lang='grc' dir='ltr'><strong>-Ι,</strong></span> <span class='ocrx_word' id='word_1_607' title='bbox 694 4127 784 4181; x_wconf 70' lang='grc'><strong>18.</strong></span> <span class='ocrx_word' id='word_1_608' title='bbox 831 4123 993 4179; x_wconf 83' lang='lat' dir='ltr'><strong>Deum</strong></span> <span class='ocrx_word' id='word_1_609' title='bbox 1029 4141 1180 4179; x_wconf 81' lang='lat' dir='ltr'><strong>nemo</strong></span> <span class='ocrx_word' id='word_1_610' title='bbox 1215 4125 1344 4179; x_wconf 78' lang='lat' dir='ltr'><strong>uidit</strong></span> <span class='ocrx_word' id='word_1_611' title='bbox 1375 4141 1654 4195; x_wconf 80' lang='lat' dir='ltr'><strong>unquam:</strong></span> <span class='ocrx_word' id='word_1_612' title='bbox 1693 4126 1995 4196; x_wconf 80' lang='lat' dir='ltr'><strong>unigenitus</strong></span> <span class='ocrx_word' id='word_1_613' title='bbox 2025 4123 2120 4178; x_wconf 76' lang='lat' dir='ltr'><strong>Fi-</strong></span> 
     </span>
    </p>
   </div>
   <div class='ocr_carea' id='block_1_79' title="bbox 531 4212 1836 4288">
    <p class='ocr_par' dir='ltr' id='par_1_79' title="bbox 531 4212 1836 4288">
     <span class='ocr_line' id='line_1_79' title="bbox 531 4212 1836 4288; baseline -0.005 -15"><span class='ocrx_word' id='word_1_614' title='bbox 531 4216 786 4288; x_wconf 63' lang='lat' dir='ltr'><strong>tius,-qui</strong></span> <span class='ocrx_word' id='word_1_615' title='bbox 807 4227 885 4269; x_wconf 77' lang='lat' dir='ltr'><strong>est</strong></span> <span class='ocrx_word' id='word_1_616' title='bbox 910 4217 964 4269; x_wconf 84' lang='lat' dir='ltr'><strong>in</strong></span> <span class='ocrx_word' id='word_1_617' title='bbox 988 4215 1107 4268; x_wconf 80' lang='lat' dir='ltr'><strong>sinu</strong></span> <span class='ocrx_word' id='word_1_618' title='bbox 1153 4212 1338 4266; x_wconf 79' lang='lat' dir='ltr'><strong>Patris</strong></span> <span class='ocrx_word' id='word_1_619' title='bbox 1357 4255 1371 4282; x_wconf 89' lang='lat'><strong>,</strong></span> <span class='ocrx_word' id='word_1_620' title='bbox 1405 4216 1514 4282; x_wconf 74' lang='lat' dir='ltr'><strong>ipse</strong></span> <span class='ocrx_word' id='word_1_621' title='bbox 1544 4215 1836 4267; x_wconf 79' lang='lat' dir='ltr'><strong>enarravit.</strong></span> 
     </span>
    </p>
   </div>
   <div class='ocr_carea' id='block_1_80' title="bbox 609 4384 2128 4455">
    <p class='ocr_par' dir='ltr' id='par_1_80' title="bbox 609 4384 2128 4455">
     <span class='ocr_line' id='line_1_80' title="bbox 609 4384 2128 4455; baseline -0.005 -10"><span class='ocrx_word' id='word_1_622' title='bbox 609 4387 1254 4445; x_wconf 35' lang='lat' dir='ltr'><strong>Animadverte‘rursus</strong></span> <span class='ocrx_word' id='word_1_623' title='bbox 1289 4386 1379 4441; x_wconf 90' lang='lat' dir='ltr'><strong>hic</strong></span> <span class='ocrx_word' id='word_1_624' title='bbox 1409 4384 1585 4441; x_wconf 78' lang='lat' dir='ltr'><strong>divini</strong></span> <span class='ocrx_word' id='word_1_625' title='bbox 1617 4384 1973 4454; x_wconf 55' lang='lat' dir='ltr'><strong>evangelista?</strong></span> <span class='ocrx_word' id='word_1_626' title='bbox 1996 4399 2128 4455; x_wconf 86' lang='lat' dir='ltr'><strong>pru-</strong></span> 
     </span>
    </p>
   </div>
   <div class='ocr_carea' id='block_1_81' title="bbox 531 4471 2126 4549">
    <p class='ocr_par' dir='ltr' id='par_1_81' title="bbox 531 4471 2126 4549">
     <span class='ocr_line' id='line_1_81' title="bbox 531 4471 2126 4549; baseline -0.006 -12"><span class='ocrx_word' id='word_1_627' title='bbox 531 4481 797 4538; x_wconf 82' lang='lat' dir='ltr'><strong>dentiam.</strong></span> <span class='ocrx_word' id='word_1_628' title='bbox 826 4478 948 4533; x_wconf 80' lang='lat' dir='ltr'><strong>Non</strong></span> <span class='ocrx_word' id='word_1_629' title='bbox 972 4479 1247 4549; x_wconf 81' lang='lat' dir='ltr'><strong>ignoravit</strong></span> <span class='ocrx_word' id='word_1_630' title='bbox 1267 4475 1566 4531; x_wconf 80' lang='lat' dir='ltr'><strong>nonnullos</strong></span> <span class='ocrx_word' id='word_1_631' title='bbox 1594 4474 1649 4528; x_wconf 90' lang='lat' dir='ltr'><strong>in</strong></span> <span class='ocrx_word' id='word_1_632' title='bbox 1670 4488 1734 4532; x_wconf 89' lang='lat' dir='ltr'><strong>ea</strong></span> <span class='ocrx_word' id='word_1_633' title='bbox 1753 4490 1876 4545; x_wconf 74' lang='lat' dir='ltr'><strong>quae</strong></span> <span class='ocrx_word' id='word_1_634' title='bbox 1896 4472 1965 4528; x_wconf 83' lang='lat' dir='ltr'><strong>de</strong></span> <span class='ocrx_word' id='word_1_635' title='bbox 1991 4471 2126 4529; x_wconf 89' lang='lat' dir='ltr'><strong>Uni-</strong></span> 
     </span>
    </p>
   </div>
   <div class='ocr_carea' id='block_1_82' title="bbox 531 4566 2120 4646">
    <p class='ocr_par' dir='ltr' id='par_1_82' title="bbox 531 4566 2120 4646">
     <span class='ocr_line' id='line_1_82' title="bbox 531 4566 2120 4646; baseline -0.006 -17"><span class='ocrx_word' id='word_1_636' title='bbox 531 4575 716 4646; x_wconf 68' lang='grc' dir='ltr'>εςεηίιο</span> <span class='ocrx_word' id='word_1_637' title='bbox 745 4572 897 4628; x_wconf 84' lang='lat' dir='ltr'><strong>dicta</strong></span> <span class='ocrx_word' id='word_1_638' title='bbox 929 4581 1080 4636; x_wconf 86' lang='lat' dir='ltr'><strong>sunt,</strong></span> <span class='ocrx_word' id='word_1_639' title='bbox 1099 4571 1288 4626; x_wconf 89' lang='lat' dir='ltr'><strong>acrius</strong></span> <span class='ocrx_word' id='word_1_640' title='bbox 1316 4569 1716 4640; x_wconf 85' lang='lat' dir='ltr'><strong>lnquisituros,</strong></span> <span class='ocrx_word' id='word_1_641' title='bbox 1743 4582 1806 4622; x_wconf 86' lang='lat' dir='ltr'><strong>ac</strong></span> <span class='ocrx_word' id='word_1_642' title='bbox 1823 4566 2074 4622; x_wconf 87' lang='lat' dir='ltr'><strong>dicturos</strong></span> <span class='ocrx_word' id='word_1_643' title='bbox 2104 4583 2120 4646; x_wconf 63' lang='grc' dir='ltr'>ξ</span> 
     </span>
    </p>
   </div>
   <div class='ocr_carea' id='block_1_83' title="bbox 528 4658 2126 4733">
    <p class='ocr_par' dir='ltr' id='par_1_83' title="bbox 528 4658 2126 4733">
     <span class='ocr_line' id='line_1_83' title="bbox 528 4658 2126 4733; baseline -0.006 -11"><span class='ocrx_word' id='word_1_644' title='bbox 528 4665 862 4730; x_wconf 80' lang='lat' dir='ltr'><strong>Asseruisti,</strong></span> <span class='ocrx_word' id='word_1_645' title='bbox 889 4679 922 4719; x_wconf 91' lang='grc' dir='ltr'><strong>ο</strong></span> <span class='ocrx_word' id='word_1_646' title='bbox 968 4665 1134 4728; x_wconf 83' lang='lat' dir='ltr'><strong>bene,</strong></span> <span class='ocrx_word' id='word_1_647' title='bbox 1187 4669 1472 4733; x_wconf 81' lang='lat' dir='ltr'><strong>spectasse</strong></span> <span class='ocrx_word' id='word_1_648' title='bbox 1491 4680 1518 4713; x_wconf 67' lang='grc' dir='ltr'><strong>ι</strong></span> <span class='ocrx_word' id='word_1_649' title='bbox 1545 4660 1792 4716; x_wconf 78' lang='lat' dir='ltr'><strong>Gloriam</strong></span> <span class='ocrx_word' id='word_1_650' title='bbox 1832 4658 1980 4730; x_wconf 88' lang='lat' dir='ltr'><strong>ejus,</strong></span> <span class='ocrx_word' id='word_1_651' title='bbox 2003 4659 2126 4729; x_wconf 85' lang='lat' dir='ltr'><strong>glo-</strong></span> 
     </span>
    </p>
   </div>
   <div class='ocr_carea' id='block_1_84' title="bbox 2852 3868 3194 3924">
    <p class='ocr_par' dir='ltr' id='par_1_84' title="bbox 2852 3868 3194 3924">
     <span class='ocr_line' id='line_1_84' title="bbox 2852 3868 3194 3924; baseline 0.009 -5"><span class='ocrx_word' id='word_1_652' title='bbox 2852 3868 3106 3924; x_wconf 79' lang='grc' dir='ltr'><strong>ΚΕΦΛΛ.</strong></span> <span class='ocrx_word' id='word_1_653' title='bbox 3136 3869 3194 3922; x_wconf 86' lang='grc' dir='ltr'><strong>Ῑ¹.</strong></span> 
     </span>
    </p>
   </div>
   <div class='ocr_carea' id='block_1_85' title="bbox 2228 3959 3824 4035">
    <p class='ocr_par' dir='ltr' id='par_1_85' title="bbox 2228 3959 3824 4035">
     <span class='ocr_line' id='line_1_85' title="bbox 2228 3959 3824 4035; baseline 0.003 -24"><span class='ocrx_word' id='word_1_654' title='bbox 2228 3959 2358 4012; x_wconf 76' lang='grc' dir='ltr'>Ὀτι</span> <span class='ocrx_word' id='word_1_655' title='bbox 2380 3959 2739 4035; x_wconf 33' lang='grc' dir='ltr'>μόνος-,χαῖῤ</span> <span class='ocrx_word' id='word_1_656' title='bbox 2765 3960 2957 4035; x_wconf 54' lang='grc' dir='ltr'>φύσιν</span> <span class='ocrx_word' id='word_1_657' title='bbox 2980 3959 3115 4035; x_wconf 65' lang='grc' dir='ltr'><strong>Υἱρς</strong></span> <span class='ocrx_word' id='word_1_658' title='bbox 3141 3961 3224 4035; x_wconf 73' lang='grc' dir='ltr'><strong>ἐκΔ</strong></span> <span class='ocrx_word' id='word_1_659' title='bbox 3243 3962 3471 4035; x_wconf 69' lang='grc' dir='ltr'>Πατρός</span> <span class='ocrx_word' id='word_1_660' title='bbox 3486 3964 3530 4035; x_wconf 81' lang='lat' dir='ltr'><strong>_d</strong></span> <span class='ocrx_word' id='word_1_661' title='bbox 3559 3966 3824 4035; x_wconf 77' lang='grc' dir='ltr'>Μονογε-</span> 
     </span>
    </p>
   </div>
   <div class='ocr_carea' id='block_1_86' title="bbox 2511 4029 3784 4098">
    <p class='ocr_par' dir='ltr' id='par_1_86' title="bbox 2511 4029 3784 4098">
     <span class='ocr_line' id='line_1_86' title="bbox 2511 4029 3784 4098; baseline -0.002 -14"><span class='ocrx_word' id='word_1_662' title='bbox 2511 4029 2648 4096; x_wconf 79' lang='grc' dir='ltr'>νὴς,</span> <span class='ocrx_word' id='word_1_663' title='bbox 2680 4030 2762 4096; x_wconf 86' lang='grc' dir='ltr'>ὠς</span> <span class='ocrx_word' id='word_1_664' title='bbox 2785 4030 2853 4094; x_wconf 81' lang='grc' dir='ltr'><strong>ἐξ</strong></span> <span class='ocrx_word' id='word_1_665' title='bbox 2882 4031 3090 4095; x_wconf 80' lang='grc' dir='ltr'>αὐτοῦ,</span> <span class='ocrx_word' id='word_1_666' title='bbox 3132 4031 3228 4084; x_wconf 81' lang='grc' dir='ltr'><strong>καί</strong></span> <span class='ocrx_word' id='word_1_667' title='bbox 3259 4033 3328 4085; x_wconf 79' lang='grc' dir='ltr'><strong>ἐν</strong></span> <span class='ocrx_word' id='word_1_668' title='bbox 3359 4029 3547 4098; x_wconf 79' lang='grc' dir='ltr'>αὐτῷ,</span> <span class='ocrx_word' id='word_1_669' title='bbox 3735 4029 3749 4035; x_wconf 85' lang='grc'><em>’</em></span> <span class='ocrx_word' id='word_1_670' title='bbox 3781 4042 3784 4044; x_wconf 61' lang='grc'>⁷</span> 
     </span>
    </p>
   </div>
   <div class='ocr_carea' id='block_1_87' title="bbox 2301 4121 3829 4194">
    <p class='ocr_par' dir='ltr' id='par_1_87' title="bbox 2301 4121 3829 4194">
     <span class='ocr_line' id='line_1_87' title="bbox 2301 4121 3829 4194; baseline 0.003 -19"><span class='ocrx_word' id='word_1_671' title='bbox 2301 4121 2451 4175; x_wconf 78' lang='grc' dir='ltr'><strong>Θεὸν</strong></span> <span class='ocrx_word' id='word_1_672' title='bbox 2510 4121 2712 4188; x_wconf 76' lang='grc' dir='ltr'>οὐδεὶς</span> <span class='ocrx_word' id='word_1_673' title='bbox 2782 4121 3005 4191; x_wconf 75' lang='grc' dir='ltr'>ἑώρακε</span> <span class='ocrx_word' id='word_1_674' title='bbox 3076 4124 3312 4179; x_wconf 79' lang='grc' dir='ltr'>πώποτε</span> <span class='ocrx_word' id='word_1_675' title='bbox 3344 4143 3360 4156; x_wconf 86' lang='grc'><strong>·</strong></span> <span class='ocrx_word' id='word_1_676' title='bbox 3414 4129 3448 4180; x_wconf 84' lang='grc' dir='ltr'><em>ὁ</em></span> <span class='ocrx_word' id='word_1_677' title='bbox 3484 4124 3829 4194; x_wconf 72' lang='grc' dir='ltr'>μονογενὴς</span> 
     </span>
    </p>
   </div>
   <div class='ocr_carea' id='block_1_88' title="bbox 2236 4211 3827 4286">
    <p class='ocr_par' dir='ltr' id='par_1_88' title="bbox 2236 4211 3827 4286">
     <span class='ocr_line' id='line_1_88' title="bbox 2236 4211 3827 4286; baseline 0.004 -20"><span class='ocrx_word' id='word_1_678' title='bbox 2236 4213 2372 4279; x_wconf 71' lang='grc' dir='ltr'><strong>Υἱὸς</strong></span> <span class='ocrx_word' id='word_1_679' title='bbox 2414 4216 2446 4266; x_wconf 85' lang='lat' dir='ltr'><strong>d</strong></span> <span class='ocrx_word' id='word_1_680' title='bbox 2482 4211 2568 4266; x_wconf 81' lang='grc' dir='ltr'><strong>ὢν</strong></span> <span class='ocrx_word' id='word_1_681' title='bbox 2590 4215 2677 4279; x_wconf 86' lang='grc' dir='ltr'><strong>εἰς</strong></span> <span class='ocrx_word' id='word_1_682' title='bbox 2719 4213 2826 4267; x_wconf 68' lang='grc' dir='ltr'><strong>τὸν</strong></span> <span class='ocrx_word' id='word_1_683' title='bbox 2871 4215 3106 4269; x_wconf 70' lang='grc' dir='ltr'>κόλπον</span> <span class='ocrx_word' id='word_1_684' title='bbox 3148 4215 3256 4270; x_wconf 86' lang='grc' dir='ltr'><strong>τοῦ</strong></span> <span class='ocrx_word' id='word_1_685' title='bbox 3297 4217 3549 4285; x_wconf 79' lang='grc' dir='ltr'>Πατρὸς,</span> <span class='ocrx_word' id='word_1_686' title='bbox 3592 4217 3827 4286; x_wconf 80' lang='grc' dir='ltr'>ἐκεῖνος</span> 
     </span>
    </p>
   </div>
   <div class='ocr_carea' id='block_1_89' title="bbox 2231 4303 2597 4373">
    <p class='ocr_par' dir='ltr' id='par_1_89' title="bbox 2231 4303 2597 4373">
     <span class='ocr_line' id='line_1_89' title="bbox 2231 4303 2597 4373; baseline 0.005 -16"><span class='ocrx_word' id='word_1_687' title='bbox 2231 4303 2597 4373; x_wconf 76' lang='grc' dir='ltr'>ἐξηγήσατο.</span> 
     </span>
    </p>
   </div>
   <div class='ocr_carea' id='block_1_90' title="bbox 2301 4394 3824 4474">
    <p class='ocr_par' dir='ltr' id='par_1_90' title="bbox 2301 4394 3824 4474">
     <span class='ocr_line' id='line_1_90' title="bbox 2301 4394 3824 4474; baseline 0.005 -26"><span class='ocrx_word' id='word_1_688' title='bbox 2301 4394 2413 4448; x_wconf 85' lang='grc' dir='ltr'>Θέα</span> <span class='ocrx_word' id='word_1_689' title='bbox 2434 4395 2497 4465; x_wconf 79' lang='grc' dir='ltr'>δὴ</span> <span class='ocrx_word' id='word_1_690' title='bbox 2541 4394 2705 4448; x_wconf 91' lang='grc' dir='ltr'>πάλιν</span> <span class='ocrx_word' id='word_1_691' title='bbox 2743 4398 2802 4450; x_wconf 84' lang='grc' dir='ltr'>ὲν</span> <span class='ocrx_word' id='word_1_692' title='bbox 2830 4397 3042 4461; x_wconf 82' lang='grc' dir='ltr'>τούτοις</span> <span class='ocrx_word' id='word_1_693' title='bbox 3077 4397 3170 4452; x_wconf 89' lang='grc' dir='ltr'><strong>τοῦ</strong></span> <span class='ocrx_word' id='word_1_694' title='bbox 3225 4401 3675 4472; x_wconf 79' lang='grc' dir='ltr'>πνευματοφόρου</span> <span class='ocrx_word' id='word_1_695' title='bbox 3718 4401 3824 4474; x_wconf 74' lang='grc' dir='ltr'><strong>τὴν</strong></span> 
     </span>
    </p>
   </div>
   <div class='ocr_carea' id='block_1_91' title="bbox 2230 4486 3824 4564">
    <p class='ocr_par' dir='ltr' id='par_1_91' title="bbox 2230 4486 3824 4564">
     <span class='ocr_line' id='line_1_91' title="bbox 2230 4486 3824 4564; baseline 0.006 -24"><span class='ocrx_word' id='word_1_696' title='bbox 2230 4486 2415 4558; x_wconf 76' lang='grc' dir='ltr'>νῆψιν.</span> <span class='ocrx_word' id='word_1_697' title='bbox 2477 4488 2892 4560; x_wconf 78' lang='grc' dir='ltr'>Ούκ“ὴγνύησεν</span> <span class='ocrx_word' id='word_1_698' title='bbox 2921 4491 3003 4544; x_wconf 82' lang='grc' dir='ltr'>ὅτι</span> <span class='ocrx_word' id='word_1_699' title='bbox 3059 4491 3277 4556; x_wconf 81' lang='grc' dir='ltr'>πάντως</span> <span class='ocrx_word' id='word_1_700' title='bbox 3323 4492 3510 4564; x_wconf 79' lang='grc' dir='ltr'>ὲροῦσί</span> <span class='ocrx_word' id='word_1_701' title='bbox 3537 4509 3702 4558; x_wconf 83' lang='grc' dir='ltr'>τινες,</span> <span class='ocrx_word' id='word_1_702' title='bbox 3748 4495 3824 4550; x_wconf 77' lang='grc' dir='ltr'><strong>τὰ</strong></span> 
     </span>
    </p>
   </div>
   <div class='ocr_carea' id='block_1_92' title="bbox 2231 4577 3820 4654">
    <p class='ocr_par' dir='ltr' id='par_1_92' title="bbox 2231 4577 3820 4654">
     <span class='ocr_line' id='line_1_92' title="bbox 2231 4577 3820 4654; baseline 0.004 -22"><span class='ocrx_word' id='word_1_703' title='bbox 2231 4579 2362 4650; x_wconf 82' lang='grc' dir='ltr'>περὶ</span> <span class='ocrx_word' id='word_1_704' title='bbox 2396 4577 2490 4632; x_wconf 84' lang='grc' dir='ltr'><strong>τοῦ</strong></span> <span class='ocrx_word' id='word_1_705' title='bbox 2530 4579 2872 4648; x_wconf 82' lang='grc' dir='ltr'>Μονογενοῦς</span> <span class='ocrx_word' id='word_1_706' title='bbox 2915 4582 3185 4652; x_wconf 87' lang='grc' dir='ltr'>εἰρημένα</span> <span class='ocrx_word' id='word_1_707' title='bbox 3227 4581 3553 4654; x_wconf 88' lang='grc' dir='ltr'>πικρότερον</span> <span class='ocrx_word' id='word_1_708' title='bbox 3594 4582 3820 4654; x_wconf 75' lang='grc' dir='ltr'>βασανί-</span> 
     </span>
    </p>
   </div>
   <div class='ocr_carea' id='block_1_93' title="bbox 2229 4665 3818 4748">
    <p class='ocr_par' dir='ltr' id='par_1_93' title="bbox 2229 4665 3818 4748">
     <span class='ocr_line' id='line_1_93' title="bbox 2229 4665 3818 4748; baseline 0.006 -27"><span class='ocrx_word' id='word_1_709' title='bbox 2229 4670 2435 4735; x_wconf 80' lang='grc' dir='ltr'>ζοντες·</span> <span class='ocrx_word' id='word_1_710' title='bbox 2463 4671 2661 4742; x_wconf 84' lang='grc' dir='ltr'>Ἔφης,</span> <span class='ocrx_word' id='word_1_711' title='bbox 2679 4665 2914 4735; x_wconf 76' lang='grc' dir='ltr'>ὧοῦτος,</span> <span class='ocrx_word' id='word_1_712' title='bbox 2931 4673 3221 4728; x_wconf 74' lang='grc' dir='ltr'>τεθεᾶσθαι</span> <span class='ocrx_word' id='word_1_713' title='bbox 3238 4692 3253 4705; x_wconf 90' lang='grc'><strong>·</strong></span> <span class='ocrx_word' id='word_1_714' title='bbox 3289 4675 3428 4748; x_wconf 70' lang='grc' dir='ltr'>«Τὴν</span> <span class='ocrx_word' id='word_1_715' title='bbox 3444 4676 3601 4742; x_wconf 82' lang='grc' dir='ltr'>δόξαν</span> <span class='ocrx_word' id='word_1_716' title='bbox 3626 4676 3818 4746; x_wconf 83' lang='grc' dir='ltr'>αὑτοῦ,</span> 
     </span>
    </p>
   </div>
   <div class='ocr_carea' id='block_1_94' title="bbox 528 4746 2120 4839">
    <p class='ocr_par' dir='ltr' id='par_1_94' title="bbox 528 4749 2120 4827">
     <span class='ocr_line' id='line_1_94' title="bbox 528 4749 2120 4827; baseline -0.005 -15"><span class='ocrx_word' id='word_1_717' title='bbox 528 4757 668 4813; x_wconf 84' lang='lat' dir='ltr'><strong>riam</strong></span> <span class='ocrx_word' id='word_1_718' title='bbox 697 4755 859 4827; x_wconf 88' lang='lat' dir='ltr'><strong>quasi</strong></span> <span class='ocrx_word' id='word_1_719' title='bbox 881 4753 1179 4825; x_wconf 85' lang='lat' dir='ltr'><strong>~-Unigeniti</strong></span> <span class='ocrx_word' id='word_1_720' title='bbox 1209 4768 1239 4806; x_wconf 71' lang='grc' dir='ltr'><strong>α</strong></span> <span class='ocrx_word' id='word_1_721' title='bbox 1283 4752 1480 4808; x_wconf 80' lang='lat' dir='ltr'><strong>Patre:</strong></span> <span class='ocrx_word' id='word_1_722' title='bbox 1521 4770 1539 4803; x_wconf 75' lang='grc' dir='ltr'><strong>ι</strong></span> <span class='ocrx_word' id='word_1_723' title='bbox 1597 4750 1853 4821; x_wconf 86' lang='lat' dir='ltr'><strong>Cumque</strong></span> <span class='ocrx_word' id='word_1_724' title='bbox 1895 4749 2120 4806; x_wconf 79' lang='lat' dir='ltr'><strong>deceret</strong></span> 
     </span>
    </p>
   </div>
   <div class='ocr_carea' id='block_1_95' title="bbox 2224 4746 3821 4839">
    <p class='ocr_par' dir='ltr' id='par_1_95' title="bbox 2228 4746 3821 4839">
     <span class='ocr_line' id='line_1_95' title="bbox 2228 4746 3821 4839; baseline 0.005 -23"><span class='ocrx_word' id='word_1_725' title='bbox 2228 4760 2387 4827; x_wconf 81' lang='grc' dir='ltr'>δόξαν</span> <span class='ocrx_word' id='word_1_726' title='bbox 2449 4763 2528 4826; x_wconf 84' lang='grc' dir='ltr'><strong>ὡς</strong></span> <span class='ocrx_word' id='word_1_727' title='bbox 2588 4764 2929 4832; x_wconf 83' lang='grc' dir='ltr'>Μονογενοῦς</span> <span class='ocrx_word' id='word_1_728' title='bbox 2981 4766 3134 4836; x_wconf 73' lang='grc' dir='ltr'>παρὰ</span> <span class='ocrx_word' id='word_1_729' title='bbox 3178 4746 3416 4839; x_wconf 82' lang='grc' dir='ltr'>Πατρός⁶</span> <span class='ocrx_word' id='word_1_730' title='bbox 3465 4788 3484 4822; x_wconf 73' lang='grc' dir='ltr'><strong>ι</strong></span> <span class='ocrx_word' id='word_1_731' title='bbox 3528 4763 3647 4823; x_wconf 75' lang='grc' dir='ltr'>εἶτα</span> <span class='ocrx_word' id='word_1_732' title='bbox 3700 4768 3821 4824; x_wconf 83' lang='grc' dir='ltr'>δέον</span> 
     </span>
    </p>
   </div>
   <div class='ocr_carea' id='block_1_96' title="bbox 527 4843 2119 4914">
    <p class='ocr_par' dir='ltr' id='par_1_96' title="bbox 527 4843 2119 4914">
     <span class='ocr_line' id='line_1_96' title="bbox 527 4843 2119 4914; baseline -0.006 -7"><span class='ocrx_word' id='word_1_733' title='bbox 527 4849 879 4907; x_wconf 87' lang='lat' dir='ltr'><strong>subtiliorem</strong></span> <span class='ocrx_word' id='word_1_734' title='bbox 946 4847 1182 4903; x_wconf 86' lang='lat' dir='ltr'><strong>istarum</strong></span> <span class='ocrx_word' id='word_1_735' title='bbox 1236 4859 1423 4900; x_wconf 90' lang='lat' dir='ltr'><strong>rerum</strong></span> <span class='ocrx_word' id='word_1_736' title='bbox 1471 4843 1634 4899; x_wconf 82' lang='lat' dir='ltr'><strong>nobis</strong></span> <span class='ocrx_word' id='word_1_737' title='bbox 1695 4843 2119 4914; x_wconf 82' lang='lat' dir='ltr'><strong>explicationem</strong></span> 
     </span>
    </p>
   </div>
   <div class='ocr_carea' id='block_1_97' title="bbox 527 4935 2118 5008">
    <p class='ocr_par' dir='ltr' id='par_1_97' title="bbox 527 4935 2118 5008">
     <span class='ocr_line' id='line_1_97' title="bbox 527 4935 2118 5008; baseline -0.001 -15"><span class='ocrx_word' id='word_1_738' title='bbox 527 4939 751 5004; x_wconf 80' lang='lat' dir='ltr'><strong>aﬂerre,</strong></span> <span class='ocrx_word' id='word_1_739' title='bbox 784 4946 840 4993; x_wconf 88' lang='lat' dir='ltr'><strong>et</strong></span> <span class='ocrx_word' id='word_1_740' title='bbox 868 4937 1118 4992; x_wconf 76' lang='lat' dir='ltr'><strong>divinum</strong></span> <span class='ocrx_word' id='word_1_741' title='bbox 1147 4935 1414 5008; x_wconf 88' lang='lat' dir='ltr'><strong>quiddam</strong></span> <span class='ocrx_word' id='word_1_742' title='bbox 1458 4944 1628 5006; x_wconf 87' lang='lat' dir='ltr'><strong>atque</strong></span> <span class='ocrx_word' id='word_1_743' title='bbox 1653 4936 1887 4992; x_wconf 84' lang='lat' dir='ltr'><strong>sublime</strong></span> <span class='ocrx_word' id='word_1_744' title='bbox 1912 4935 2118 5002; x_wconf 85' lang='lat' dir='ltr'><strong>dicere,</strong></span> 
     </span>
    </p>
   </div>
   <div class='ocr_carea' id='block_1_98' title="bbox 531 5028 2120 5104">
    <p class='ocr_par' dir='ltr' id='par_1_98' title="bbox 531 5028 2120 5104">
     <span class='ocr_line' id='line_1_98' title="bbox 531 5028 2120 5104; baseline -0.004 -16"><span class='ocrx_word' id='word_1_745' title='bbox 531 5033 768 5104; x_wconf 74' lang='lat' dir='ltr'><strong>gloriam</strong></span> <span class='ocrx_word' id='word_1_746' title='bbox 806 5031 958 5086; x_wconf 90' lang='lat' dir='ltr'><strong>illam</strong></span> <span class='ocrx_word' id='word_1_747' title='bbox 994 5029 1390 5086; x_wconf 84' lang='lat' dir='ltr'><strong>demonstrasti</strong></span> <span class='ocrx_word' id='word_1_748' title='bbox 1431 5043 1496 5083; x_wconf 87' lang='lat' dir='ltr'><strong>ex</strong></span> <span class='ocrx_word' id='word_1_749' title='bbox 1527 5043 1594 5084; x_wconf 88' lang='lat' dir='ltr'><strong>eo</strong></span> <span class='ocrx_word' id='word_1_750' title='bbox 1641 5028 1788 5099; x_wconf 88' lang='lat' dir='ltr'><strong>quod</strong></span> <span class='ocrx_word' id='word_1_751' title='bbox 1813 5028 2018 5100; x_wconf 74' lang='lat' dir='ltr'><strong>Moysis</strong></span> <span class='ocrx_word' id='word_1_752' title='bbox 2065 5037 2120 5082; x_wconf 90' lang='lat' dir='ltr'><strong>et</strong></span> 
     </span>
    </p>
   </div>
   <div class='ocr_carea' id='block_1_99' title="bbox 529 5121 2118 5191">
    <p class='ocr_par' dir='ltr' id='par_1_99' title="bbox 529 5121 2118 5191">
     <span class='ocr_line' id='line_1_99' title="bbox 529 5121 2118 5191; baseline -0.002 -14"><span class='ocrx_word' id='word_1_753' title='bbox 529 5122 761 5177; x_wconf 71' lang='lat' dir='ltr'><strong>Joannis</strong></span> <span class='ocrx_word' id='word_1_754' title='bbox 817 5121 1200 5176; x_wconf 83' lang='lat' dir='ltr'><strong>excellentiam</strong></span> <span class='ocrx_word' id='word_1_755' title='bbox 1238 5121 1543 5190; x_wconf 87' lang='lat' dir='ltr'><strong>superavit,</strong></span> <span class='ocrx_word' id='word_1_756' title='bbox 1588 5123 1744 5191; x_wconf 89' lang='lat' dir='ltr'><strong>quasi</strong></span> <span class='ocrx_word' id='word_1_757' title='bbox 1777 5137 1887 5176; x_wconf 89' lang='lat' dir='ltr'><strong>non</strong></span> <span class='ocrx_word' id='word_1_758' title='bbox 1933 5129 2118 5190; x_wconf 85' lang='lat' dir='ltr'><strong>posset</strong></span> 
     </span>
    </p>
   </div>
   <div class='ocr_carea' id='block_1_100' title="bbox 529 5201 2118 5284">
    <p class='ocr_par' dir='ltr' id='par_1_100' title="bbox 529 5201 2118 5284">
     <span class='ocr_line' id='line_1_100' title="bbox 529 5201 2118 5284; baseline 0.001 -19"><span class='ocrx_word' id='word_1_759' title='bbox 529 5217 692 5268; x_wconf 79' lang='lat' dir='ltr'><strong>aliter</strong></span> <span class='ocrx_word' id='word_1_760' title='bbox 738 5213 860 5283; x_wconf 88' lang='lat' dir='ltr'><strong>ejus</strong></span> <span class='ocrx_word' id='word_1_761' title='bbox 907 5213 1080 5284; x_wconf 86' lang='lat' dir='ltr'><strong>gloria</strong></span> <span class='ocrx_word' id='word_1_762' title='bbox 1133 5213 1407 5282; x_wconf 88' lang='lat' dir='ltr'><strong>spectari,</strong></span> <span class='ocrx_word' id='word_1_763' title='bbox 1457 5228 1583 5268; x_wconf 92' lang='lat' dir='ltr'><strong>cum</strong></span> <span class='ocrx_word' id='word_1_764' title='bbox 1615 5201 1814 5269; x_wconf 82' lang='lat' dir='ltr'><strong>beatus</strong></span> <span class='ocrx_word' id='word_1_765' title='bbox 1849 5213 2118 5284; x_wconf 78' lang='lat' dir='ltr'><strong>propheta</strong></span> 
     </span>
    </p>
   </div>
   <div class='ocr_carea' id='block_1_101' title="bbox 535 5305 2122 5374">
    <p class='ocr_par' dir='ltr' id='par_1_101' title="bbox 535 5305 2122 5374">
     <span class='ocr_line' id='line_1_101' title="bbox 535 5305 2122 5374; baseline 0.001 -16"><span class='ocrx_word' id='word_1_766' title='bbox 535 5309 704 5362; x_wconf 70' lang='lat' dir='ltr'><strong>Isaias</strong></span> <span class='ocrx_word' id='word_1_767' title='bbox 733 5307 882 5361; x_wconf 89' lang='lat' dir='ltr'><strong>dicat</strong></span> <span class='ocrx_word' id='word_1_768' title='bbox 915 5325 928 5360; x_wconf 89' lang='lat'>:</span> <span class='ocrx_word' id='word_1_769' title='bbox 960 5325 978 5357; x_wconf 73' lang='grc' dir='ltr'><strong>ι</strong></span> <span class='ocrx_word' id='word_1_770' title='bbox 1016 5305 1139 5359; x_wconf 78' lang='lat' dir='ltr'><strong>Vidi</strong></span> <span class='ocrx_word' id='word_1_771' title='bbox 1173 5305 1467 5359; x_wconf 87' lang='lat' dir='ltr'><strong>Dominum</strong></span> <span class='ocrx_word' id='word_1_772' title='bbox 1497 5307 1778 5362; x_wconf 88' lang='lat' dir='ltr'><strong>sedentem</strong></span> <span class='ocrx_word' id='word_1_773' title='bbox 1839 5321 2007 5374; x_wconf 88' lang='lat' dir='ltr'><strong>super</strong></span> <span class='ocrx_word' id='word_1_774' title='bbox 2026 5321 2122 5360; x_wconf 85' lang='lat' dir='ltr'><strong>so-</strong></span> 
     </span>
    </p>
   </div>
   <div class='ocr_carea' id='block_1_102' title="bbox 532 5397 2118 5468">
    <p class='ocr_par' dir='ltr' id='par_1_102' title="bbox 532 5397 2118 5468">
     <span class='ocr_line' id='line_1_102' title="bbox 532 5397 2118 5468; baseline 0.001 -19"><span class='ocrx_word' id='word_1_775' title='bbox 532 5398 661 5450; x_wconf 81' lang='lat' dir='ltr'><strong>lium</strong></span> <span class='ocrx_word' id='word_1_776' title='bbox 683 5397 990 5456; x_wconf 84' lang='lat' dir='ltr'><strong>excelsum.</strong></span> <span class='ocrx_word' id='word_1_777' title='bbox 1021 5405 1076 5451; x_wconf 93' lang='lat' dir='ltr'><strong>et</strong></span> <span class='ocrx_word' id='word_1_778' title='bbox 1099 5397 1372 5451; x_wconf 84' lang='lat' dir='ltr'><strong>elevatum</strong></span> <span class='ocrx_word' id='word_1_779' title='bbox 1401 5417 1414 5452; x_wconf 89' lang='lat'><strong>:</strong></span> <span class='ocrx_word' id='word_1_780' title='bbox 1441 5409 1492 5452; x_wconf 89' lang='lat' dir='ltr'><strong>et</strong></span> <span class='ocrx_word' id='word_1_781' title='bbox 1512 5401 1670 5468; x_wconf 82' lang='lat' dir='ltr'><strong>plena</strong></span> <span class='ocrx_word' id='word_1_782' title='bbox 1697 5399 1904 5452; x_wconf 90' lang='lat' dir='ltr'><strong>domus</strong></span> <span class='ocrx_word' id='word_1_783' title='bbox 1940 5397 2118 5467; x_wconf 87' lang='lat' dir='ltr'><strong>gloria</strong></span> 
     </span>
    </p>
   </div>
   <div class='ocr_carea' id='block_1_103' title="bbox 2229 4853 3822 4932">
    <p class='ocr_par' dir='ltr' id='par_1_103' title="bbox 2229 4853 3822 4932">
     <span class='ocr_line' id='line_1_103' title="bbox 2229 4853 3822 4932; baseline 0.005 -26"><span class='ocrx_word' id='word_1_784' title='bbox 2229 4853 2624 4907; x_wconf 83' lang='grc' dir='ltr'>ἀπολεπτύνειν</span> <span class='ocrx_word' id='word_1_785' title='bbox 2681 4857 2813 4925; x_wconf 80' lang='grc' dir='ltr'>ἡμῖν</span> <span class='ocrx_word' id='word_1_786' title='bbox 2853 4856 2954 4928; x_wconf 72' lang='grc' dir='ltr'><strong>τὴν</strong></span> <span class='ocrx_word' id='word_1_787' title='bbox 3008 4858 3102 4910; x_wconf 76' lang='grc' dir='ltr'><strong>ἐπὶ</strong></span> <span class='ocrx_word' id='word_1_788' title='bbox 3126 4856 3335 4922; x_wconf 75' lang='grc' dir='ltr'>τούτοις</span> <span class='ocrx_word' id='word_1_789' title='bbox 3384 4859 3664 4932; x_wconf 77' lang='grc' dir='ltr'>ἐξήγησιν,</span> <span class='ocrx_word' id='word_1_790' title='bbox 3721 4860 3822 4914; x_wconf 76' lang='grc' dir='ltr'>καὶ</span> 
     </span>
    </p>
   </div>
   <div class='ocr_carea' id='block_1_104' title="bbox 2229 4943 3819 5022">
    <p class='ocr_par' dir='ltr' id='par_1_104' title="bbox 2229 4943 3819 5022">
     <span class='ocr_line' id='line_1_104' title="bbox 2229 4943 3819 5022; baseline 0.01 -31"><span class='ocrx_word' id='word_1_791' title='bbox 2229 4943 2533 5016; x_wconf 81' lang='grc' dir='ltr'>θεοπρεπές</span> <span class='ocrx_word' id='word_1_792' title='bbox 2573 4964 2624 4998; x_wconf 91' lang='grc' dir='ltr'><strong>τι</strong></span> <span class='ocrx_word' id='word_1_793' title='bbox 2657 4949 2890 5019; x_wconf 84' lang='grc' dir='ltr'>πρᾶγμα</span> <span class='ocrx_word' id='word_1_794' title='bbox 2932 4953 3028 5000; x_wconf 75' lang='grc' dir='ltr'><strong>καὶ</strong></span> <span class='ocrx_word' id='word_1_795' title='bbox 3061 4949 3298 5013; x_wconf 78' lang='grc' dir='ltr'>ἐξαίσιον</span> <span class='ocrx_word' id='word_1_796' title='bbox 3336 4952 3531 5018; x_wconf 84' lang='grc' dir='ltr'>εἰπεῖν,</span> <span class='ocrx_word' id='word_1_797' title='bbox 3568 4952 3675 5006; x_wconf 75' lang='grc' dir='ltr'>άπὸ</span> <span class='ocrx_word' id='word_1_798' title='bbox 3714 4952 3819 5022; x_wconf 78' lang='grc' dir='ltr'>τῆς</span> 
     </span>
    </p>
   </div>
   <div class='ocr_carea' id='block_1_105' title="bbox 2227 5036 3819 5115">
    <p class='ocr_par' dir='ltr' id='par_1_105' title="bbox 2227 5036 3819 5115">
     <span class='ocr_line' id='line_1_105' title="bbox 2227 5036 3819 5115; baseline 0.005 -26"><span class='ocrx_word' id='word_1_799' title='bbox 2227 5037 2370 5090; x_wconf 78' lang='grc' dir='ltr'>κατὰ</span> <span class='ocrx_word' id='word_1_800' title='bbox 2403 5036 2648 5099; x_wconf 74' lang='grc' dir='ltr'>Μωσέως</span> <span class='ocrx_word' id='word_1_801' title='bbox 2695 5037 2975 5109; x_wconf 76' lang='grc' dir='ltr'>ὑπεροχῆς</span> <span class='ocrx_word' id='word_1_802' title='bbox 3023 5040 3116 5093; x_wconf 74' lang='grc' dir='ltr'>καὶ</span> <span class='ocrx_word' id='word_1_803' title='bbox 3155 5041 3263 5093; x_wconf 84' lang='grc' dir='ltr'><strong>τῶν</strong></span> <span class='ocrx_word' id='word_1_804' title='bbox 3317 5044 3562 5096; x_wconf 87' lang='grc' dir='ltr'>Ἰωάννου</span> <span class='ocrx_word' id='word_1_805' title='bbox 3598 5045 3819 5115; x_wconf 83' lang='grc' dir='ltr'>μέτρων</span> 
     </span>
    </p>
   </div>
   <div class='ocr_carea' id='block_1_106' title="bbox 2227 5127 3820 5208">
    <p class='ocr_par' dir='ltr' id='par_1_106' title="bbox 2227 5127 3820 5208">
     <span class='ocr_line' id='line_1_106' title="bbox 2227 5127 3820 5208; baseline 0.009 -31"><span class='ocrx_word' id='word_1_806' title='bbox 2227 5127 2472 5193; x_wconf 78' lang='grc' dir='ltr'>ἐποιήσω</span> <span class='ocrx_word' id='word_1_807' title='bbox 2513 5127 2614 5195; x_wconf 84' lang='grc' dir='ltr'><strong>τὴν</strong></span> <span class='ocrx_word' id='word_1_808' title='bbox 2641 5127 2933 5196; x_wconf 81' lang='grc' dir='ltr'>ἀπόδειξιν,</span> <span class='ocrx_word' id='word_1_809' title='bbox 2959 5132 3035 5194; x_wconf 82' lang='grc' dir='ltr'>ὡς</span> <span class='ocrx_word' id='word_1_810' title='bbox 3076 5133 3175 5184; x_wconf 79' lang='grc' dir='ltr'><strong>οὐκ</strong></span> <span class='ocrx_word' id='word_1_811' title='bbox 3201 5133 3319 5187; x_wconf 75' lang='grc' dir='ltr'>ἐνὸν</span> <span class='ocrx_word' id='word_1_812' title='bbox 3357 5136 3558 5206; x_wconf 81' lang='grc' dir='ltr'>ἑτέρως</span> <span class='ocrx_word' id='word_1_813' title='bbox 3585 5138 3820 5208; x_wconf 81' lang='grc' dir='ltr'>ὁρᾶσθαι</span> 
     </span>
    </p>
   </div>
   <div class='ocr_carea' id='block_1_107' title="bbox 2227 5215 3816 5298">
    <p class='ocr_par' dir='ltr' id='par_1_107' title="bbox 2227 5215 3816 5298">
     <span class='ocr_line' id='line_1_107' title="bbox 2227 5215 3816 5298; baseline 0.009 -31"><span class='ocrx_word' id='word_1_814' title='bbox 2227 5215 2324 5286; x_wconf 83' lang='grc' dir='ltr'>τὴν</span> <span class='ocrx_word' id='word_1_815' title='bbox 2362 5216 2518 5282; x_wconf 85' lang='grc' dir='ltr'>δόξαν</span> <span class='ocrx_word' id='word_1_816' title='bbox 2540 5219 2924 5283; x_wconf 80' lang='grc' dir='ltr'>αὑτοῦ,καίτοι</span> <span class='ocrx_word' id='word_1_817' title='bbox 2970 5223 3065 5276; x_wconf 87' lang='grc' dir='ltr'><strong>τοῦ</strong></span> <span class='ocrx_word' id='word_1_818' title='bbox 3099 5225 3196 5293; x_wconf 81' lang='grc' dir='ltr'><strong>μὲν</strong></span> <span class='ocrx_word' id='word_1_819' title='bbox 3236 5227 3506 5296; x_wconf 82' lang='grc' dir='ltr'>μακαρίου</span> <span class='ocrx_word' id='word_1_820' title='bbox 3536 5229 3816 5298; x_wconf 66' lang='grc' dir='ltr'>προφήτου</span> 
     </span>
    </p>
   </div>
   <div class='ocr_carea' id='block_1_108' title="bbox 2227 5306 3816 5389">
    <p class='ocr_par' dir='ltr' id='par_1_108' title="bbox 2227 5306 3816 5389">
     <span class='ocr_line' id='line_1_108' title="bbox 2227 5306 3816 5389; baseline 0.009 -30"><span class='ocrx_word' id='word_1_821' title='bbox 2227 5306 2476 5374; x_wconf 81' lang='grc' dir='ltr'>λέγοντος</span> <span class='ocrx_word' id='word_1_822' title='bbox 2509 5309 2752 5362; x_wconf 80' lang='grc' dir='ltr'>Ἡσαΐου·</span> <span class='ocrx_word' id='word_1_823' title='bbox 2801 5331 2818 5362; x_wconf 81' lang='grc' dir='ltr'><strong>ι</strong></span> <span class='ocrx_word' id='word_1_824' title='bbox 2855 5309 3006 5366; x_wconf 72' lang='grc' dir='ltr'>Εἶδον</span> <span class='ocrx_word' id='word_1_825' title='bbox 3049 5316 3138 5369; x_wconf 78' lang='grc' dir='ltr'>τὸν</span> <span class='ocrx_word' id='word_1_826' title='bbox 3179 5317 3382 5389; x_wconf 84' lang='grc' dir='ltr'>Κύριον</span> <span class='ocrx_word' id='word_1_827' title='bbox 3414 5319 3641 5372; x_wconf 69' lang='grc' dir='ltr'>Σαϐαὼθ</span> <span class='ocrx_word' id='word_1_828' title='bbox 3680 5323 3816 5374; x_wconf 83' lang='grc' dir='ltr'>καθ-</span> 
     </span>
    </p>
   </div>
   <div class='ocr_carea' id='block_1_109' title="bbox 2226 5397 3816 5481">
    <p class='ocr_par' dir='ltr' id='par_1_109' title="bbox 2226 5397 3816 5481">
     <span class='ocr_line' id='line_1_109' title="bbox 2226 5397 3816 5481; baseline 0.01 -33"><span class='ocrx_word' id='word_1_829' title='bbox 2226 5397 2258 5466; x_wconf 90' lang='grc' dir='ltr'><strong>ή</strong></span> <span class='ocrx_word' id='word_1_830' title='bbox 2268 5414 2427 5466; x_wconf 87' lang='grc' dir='ltr'>μενον</span> <span class='ocrx_word' id='word_1_831' title='bbox 2456 5399 2548 5452; x_wconf 75' lang='grc' dir='ltr'>ἐπὶ</span> <span class='ocrx_word' id='word_1_832' title='bbox 2575 5400 2764 5471; x_wconf 83' lang='grc' dir='ltr'>θρόνου</span> <span class='ocrx_word' id='word_1_833' title='bbox 2782 5401 2986 5472; x_wconf 79' lang='grc' dir='ltr'>ὑψηλοῦ</span> <span class='ocrx_word' id='word_1_834' title='bbox 3011 5406 3466 5478; x_wconf 21' lang='grc' dir='ltr'>καίηέπηρμένου,</span> <span class='ocrx_word' id='word_1_835' title='bbox 3487 5410 3579 5462; x_wconf 73' lang='grc' dir='ltr'><strong>καὶ</strong></span> <span class='ocrx_word' id='word_1_836' title='bbox 3602 5411 3816 5481; x_wconf 80' lang='grc' dir='ltr'>πλήρης</span> 
     </span>
    </p>
   </div>
   <div class='ocr_carea' id='block_1_110' title="bbox 531 5484 2120 5574">
    <p class='ocr_par' dir='ltr' id='par_1_110' title="bbox 531 5488 2119 5559">
     <span class='ocr_line' id='line_1_110' title="bbox 531 5488 2119 5559; baseline 0.001 -20"><span class='ocrx_word' id='word_1_837' title='bbox 531 5489 673 5555; x_wconf 71' lang='lat' dir='ltr'><strong>ejus.</strong></span> <span class='ocrx_word' id='word_1_838' title='bbox 705 5488 772 5542; x_wconf 86' lang='lat' dir='ltr'><strong>Et</strong></span> <span class='ocrx_word' id='word_1_839' title='bbox 802 5489 1078 5558; x_wconf 86' lang='lat' dir='ltr'><strong>seraphim</strong></span> <span class='ocrx_word' id='word_1_840' title='bbox 1105 5489 1326 5543; x_wconf 88' lang='lat' dir='ltr'><strong>stabant</strong></span> <span class='ocrx_word' id='word_1_841' title='bbox 1353 5489 1406 5542; x_wconf 91' lang='lat' dir='ltr'><strong>in</strong></span> <span class='ocrx_word' id='word_1_842' title='bbox 1433 5491 1672 5544; x_wconf 86' lang='lat' dir='ltr'><strong>circuitu</strong></span> <span class='ocrx_word' id='word_1_843' title='bbox 1702 5489 1824 5559; x_wconf 88' lang='lat' dir='ltr'><strong>ejus</strong></span> <span class='ocrx_word' id='word_1_844' title='bbox 1849 5511 1861 5544; x_wconf 73' lang='grc' dir='ltr'><strong>ι</strong></span> <span class='ocrx_word' id='word_1_845' title='bbox 1884 5504 1978 5544; x_wconf 79' lang='lat' dir='ltr'><strong>sex</strong></span> <span class='ocrx_word' id='word_1_846' title='bbox 2015 5488 2119 5541; x_wconf 79' lang='lat' dir='ltr'><strong>alae</strong></span> 
     </span>
    </p>
   </div>
   <div class='ocr_carea' id='block_1_111' title="bbox 2224 5484 3815 5574">
    <p class='ocr_par' dir='ltr' id='par_1_111' title="bbox 2224 5484 3815 5574">
     <span class='ocr_line' id='line_1_111' title="bbox 2224 5484 3815 5574; baseline 0.009 -33"><span class='ocrx_word' id='word_1_847' title='bbox 2224 5490 2254 5542; x_wconf 86' lang='lat'><strong>6</strong></span> <span class='ocrx_word' id='word_1_848' title='bbox 2279 5484 2426 5554; x_wconf 75' lang='grc' dir='ltr'>οἶκος</span> <span class='ocrx_word' id='word_1_849' title='bbox 2457 5491 2558 5562; x_wconf 75' lang='grc' dir='ltr'>τῆς</span> <span class='ocrx_word' id='word_1_850' title='bbox 2605 5491 2762 5563; x_wconf 82' lang='grc' dir='ltr'>δόξης</span> <span class='ocrx_word' id='word_1_851' title='bbox 2806 5497 3001 5562; x_wconf 77' lang='grc' dir='ltr'>αὑτοῦ,</span> <span class='ocrx_word' id='word_1_852' title='bbox 3045 5498 3138 5552; x_wconf 69' lang='grc' dir='ltr'><strong>καὶ¹</strong></span> <span class='ocrx_word' id='word_1_853' title='bbox 3179 5503 3424 5572; x_wconf 77' lang='grc' dir='ltr'>σεραφὶμ</span> <span class='ocrx_word' id='word_1_854' title='bbox 3465 5503 3815 5574; x_wconf 82' lang='grc' dir='ltr'>εἱστήκεισαν</span> 
     </span>
    </p>
   </div>
   <div class='ocr_carea' id='block_1_112' title="bbox 587 5603 2120 5679">
    <p class='ocr_par' dir='ltr' id='par_1_112' title="bbox 587 5603 2120 5679">
     <span class='ocr_line' id='line_1_112' title="bbox 587 5603 2120 5679; baseline 0.001 -17"><span class='ocrx_word' id='word_1_855' title='bbox 587 5603 628 5633; x_wconf 85' lang='grc'><strong>⁷¹</strong></span> <span class='ocrx_word' id='word_1_856' title='bbox 687 5610 731 5662; x_wconf 83' lang='lat' dir='ltr'><strong>ll</strong></span> <span class='ocrx_word' id='word_1_857' title='bbox 771 5610 898 5664; x_wconf 82' lang='lat' dir='ltr'><strong>Cor.</strong></span> <span class='ocrx_word' id='word_1_858' title='bbox 936 5625 1014 5672; x_wconf 90' lang='grc' dir='ltr'>ιιι,</span> <span class='ocrx_word' id='word_1_859' title='bbox 1069 5611 1121 5665; x_wconf 84' lang='lat'><strong>9.</strong></span> <span class='ocrx_word' id='word_1_860' title='bbox 1202 5611 1394 5669; x_wconf 82' lang='lat' dir='ltr'><strong>&quot;Psal.</strong></span> <span class='ocrx_word' id='word_1_861' title='bbox 1427 5628 1695 5679; x_wconf 77' lang='lat' dir='ltr'><strong>Lxxxvm,</strong></span> <span class='ocrx_word' id='word_1_862' title='bbox 1751 5613 1804 5667; x_wconf 89' lang='lat'><strong>7.</strong></span> <span class='ocrx_word' id='word_1_863' title='bbox 1884 5610 1930 5642; x_wconf 75' lang='grc'><strong>⁷³</strong></span> <span class='ocrx_word' id='word_1_864' title='bbox 1971 5609 2120 5665; x_wconf 82' lang='lat' dir='ltr'><strong>Mattl</strong></span> 
     </span>
    </p>
   </div>
   <div class='ocr_carea' id='block_1_113' title="bbox 2224 5603 2442 5679">
    <p class='ocr_par' dir='ltr' id='par_1_113' title="bbox 2224 5613 2442 5677">
     <span class='ocr_line' id='line_1_113' title="bbox 2224 5613 2442 5677; baseline 0.014 -12"><span class='ocrx_word' id='word_1_865' title='bbox 2224 5627 2293 5677; x_wconf 84' lang='grc' dir='ltr'>ιιι,</span> <span class='ocrx_word' id='word_1_866' title='bbox 2353 5613 2442 5669; x_wconf 79' lang='lat' dir='ltr'><strong>il.</strong></span> 
     </span>
    </p>
   </div>
   <div class='ocr_carea' id='block_1_114' title="bbox 605 5711 2120 5834">
    <p class='ocr_par' dir='ltr' id='par_1_114' title="bbox 605 5711 2118 5822">
     <span class='ocr_line' id='line_1_114' title="bbox 605 5711 2118 5822; baseline 0.006 -24"><span class='ocrx_word' id='word_1_867' title='bbox 605 5736 682 5808; x_wconf 76' lang='grc'><strong>(1)</strong></span> <span class='ocrx_word' id='word_1_868' title='bbox 714 5741 1042 5817; x_wconf 87' lang='lat' dir='ltr'><strong>Cotelcrius,</strong></span> <span class='ocrx_word' id='word_1_869' title='bbox 1073 5745 1313 5806; x_wconf 77' lang='lat' dir='ltr'><strong>Monum.</strong></span> <span class='ocrx_word' id='word_1_870' title='bbox 1351 5749 1501 5806; x_wconf 82' lang='lat' dir='ltr'><strong>Eccl.</strong></span> <span class='ocrx_word' id='word_1_871' title='bbox 1533 5751 1624 5806; x_wconf 81' lang='lat' dir='ltr'><strong>Gr.</strong></span> <span class='ocrx_word' id='word_1_872' title='bbox 1659 5711 2031 5822; x_wconf 80' lang='lat' dir='ltr'><strong>supplendum</strong></span> <span class='ocrx_word' id='word_1_873' title='bbox 2053 5764 2118 5807; x_wconf 91' lang='lat' dir='ltr'><strong>co</strong></span> 
     </span>
    </p>
   </div>
   <div class='ocr_carea' id='block_1_115' title="bbox 2224 5711 3869 5834">
    <p class='ocr_par' dir='ltr' id='par_1_115' title="bbox 2224 5750 3869 5834">
     <span class='ocr_line' id='line_1_115' title="bbox 2224 5750 3869 5834; baseline 0.009 -26"><span class='ocrx_word' id='word_1_874' title='bbox 2224 5750 2281 5808; x_wconf 85' lang='lat' dir='ltr'><strong>:it</strong></span> <span class='ocrx_word' id='word_1_875' title='bbox 2325 5755 2814 5826; x_wconf 82' lang='grc' dir='ltr'>χρηματισθέντες,</span> <span class='ocrx_word' id='word_1_876' title='bbox 2860 5758 3005 5831; x_wconf 90' lang='lat' dir='ltr'><strong>quod</strong></span> <span class='ocrx_word' id='word_1_877' title='bbox 3041 5767 3096 5817; x_wconf 89' lang='lat' dir='ltr'><strong>et</strong></span> <span class='ocrx_word' id='word_1_878' title='bbox 3150 5764 3438 5834; x_wconf 89' lang='lat' dir='ltr'><strong>sequentia</strong></span> <span class='ocrx_word' id='word_1_879' title='bbox 3466 5763 3811 5834; x_wconf 83' lang='lat' dir='ltr'><strong>_ostendunt.</strong></span> <span class='ocrx_word' id='word_1_880' title='bbox 3858 5763 3869 5767; x_wconf 81' lang='grc'><em>’</em></span> 
     </span>
    </p>
   </div>
   <div class='ocr_carea' id='block_1_116' title="bbox 3464 5832 3626 5890">
    <p class='ocr_par' dir='ltr' id='par_1_116' title="bbox 3464 5832 3626 5890">
     <span class='ocr_line' id='line_1_116' title="bbox 3464 5832 3626 5890; baseline 0.006 -2"><span class='ocrx_word' id='word_1_881' title='bbox 3464 5832 3626 5890; x_wconf 75' lang='grc' dir='ltr'>Εοιτ.</span> 
     </span>
    </p>
   </div>
  </div>
