4106 6494
549 386 652 453 179

1537 385 1595 443 s.
1639 372 1917 441 cYnILLl
1953 370 2422 437 ALEXANDlt-INI
2461 368 2779 436 ARCHIEP‘.

3695 383 3718 435 1
3729 381 3799 438 80

546 517 681 573 bere
727 532 793 571 ex
849 514 1011 569 Patre
1058 520 1109 567 et
1157 511 1213 565 in
1247 509 1411 564 Patre
1440 508 1844 564 exsistentiam.
1880 506 1938 560 Si
1969 506 2114 560 enim

2247 504 2317 573 ’ὴν
2350 504 2583 574 θεωρίαν
2626 503 2835 556 ὠδίνειν
2877 499 2971 553 τοῦ
3020 499 3386 570 προκειμένου
3430 500 3530 570 τὴν
3572 499 3795 555 ἔννοιαν.

548 624 738 666 revera
767 607 913 662 Deus
942 612 1027 661 est
1059 602 1424 681 Unigenitus,
1454 599 1731 671 quomodo
1757 614 1866 653 non
1897 598 2125 652 diversa:

548 712 635 756 est
664 708 873 755 natum
896 699 965 753 ab
994 698 1107 752 illis
1152 696 1246 766 qui
1297 693 1593 764 adoptione
1623 692 1701 746 dii
1735 699 1865 746 sunt
1893 704 1959 744 ac
1993 686 2127 742 ﬁlii?

444 838 449 841 .
480 832 493 842 ρ
546 792 888 862 lntelligetur
919 790 1065 844 enim
1096 803 1205 843 non
1242 787 1299 840 in
1328 784 1520 840 multis
1551 783 1824 838 fratribus
1853 780 2125 849 Unigenié

550 896 637 939 tus
662 924 677 946 ,
722 881 818 938 sed
859 881 1011 937 solus
1047 880 1319 935 exsistere
1356 891 1386 930 a
1420 875 1604 929 Patre.
1637 872 1777 928 Cum
1823 879 2030 937 autem,
2067 877 2128 923 ut

550 971 755 1028 Paulus
779 972 857 1027 ait
873 972 941 1035 ⁸ο,
963 971 1153 1025 multis
1177 966 1572 1023 exsistentibus
1592 972 1646 1019 et
1671 961 1971 1018 nominatis
1997 962 2125 1027 diis,

551 1079 675 1119 eum
717 1064 773 1118 in
807 1063 981 1128 caelo,
1017 1069 1134 1115 tum
1169 1060 1227 1114 in
1261 1065 1406 1114 terra
1429 1098 1445 1124 ,
1481 1056 1622 1112 Deus
1655 1056 1727 1112 sit
1763 1054 2089 1124 Unigenitus
2110 1093 2125 1117 ,

553 1163 706 1209 extra
753 1162 1080 1210 ceterorum
1137 1164 1430 1207 numerum
1478 1148 1692 1203 scilicet
1740 1144 2128 1208 eollocabitur,

554 1252 659 1300 nec
691 1245 838 1300 inter
869 1259 965 1300 eos
995 1243 1090 1314 qui
1122 1243 1197 1298 dii
1234 1248 1363 1297 sunt
1395 1254 1492 1309 per
1533 1238 1767 1309 gratiam
1809 1236 2129 1291 numerabi~

557 1340 671 1400 tur,
711 1332 810 1388 sed
847 1333 954 1389 erit
994 1332 1180 1403 potius
1219 1345 1346 1385 cum
1392 1327 1557 1383 Patre
1607 1326 1751 1382 Deus
1801 1341 1987 1381 verus.
2037 1323 2130 1378 Sic

556 1423 704 1477 enim
726 1416 932 1477 Paulus
952 1435 1077 1475 eum
1102 1418 1382 1489 conjungit
1402 1458 1417 1482 ,
1445 1417 1640 1472 dicens
1668 1435 1681 1471 :
1708 1436 1725 1467 ι
1751 1415 1922 1470 Nobis
1946 1423 2128 1469 autem

558 1518 707 1570 unus
739 1512 881 1570 Deus
908 1513 1088 1578 Pater,
1119 1524 1183 1567 ex
1214 1522 1325 1581 quo
1351 1510 1533 1565 omnia
1558 1549 1573 1574 ,
1604 1517 1658 1563 et
1691 1524 1835 1563 unus
1864 1507 2129 1565 Dominus

556 1604 719 1662 Iesus
749 1604 1004 1660 Christus
1026 1642 1042 1668 ,
1090 1617 1187 1672 per
1230 1616 1392 1671 quem
1440 1600 1626 1655 omnia
1654 1601 1723 1654 ".
1752 1616 1771 1651 ι
1794 1599 1933 1653 Cum
1980 1599 2127 1653 enim

558 1700 702 1753 unus
733 1697 809 1751 sit
838 1710 937 1766 per
964 1702 1225 1749 naturam
1262 1691 1409 1747 Deus
1441 1690 1627 1754 Pater,
1665 1706 1773 1745 non
1806 1698 1987 1759 potest
2019 1704 2128 1744 non

557 1802 680 1845 esse
713 1786 952 1843 Verbum
976 1826 991 1851 ,
1020 1786 1168 1857 quod
1211 1800 1277 1840 ex
1325 1787 1448 1854 ipso
1487 1793 1542 1838 et
1588 1782 1643 1837 in
1680 1784 1800 1853 ipso
1836 1792 1953 1844 est,
1985 1782 2134 1852 geni-

556 1880 696 1935 toris
738 1878 977 1951 pi‘Opriis
1024 1877 1189 1932 bonis
1229 1876 1622 1945 conspicuum,
1690 1882 1744 1929 et
1788 1874 2130 1930 substantia-

559 1968 690 2025 liter
739 1968 935 2038 aquali
981 1966 1250 2038 dignitate
1296 1964 1617 2036 praeditum,
1652 1965 1706 2019 in
1758 1978 1827 2019 eo
1870 1964 2131 2017 nimirum

559 2058 711 2130 quod
753 2057 896 2114 Deus
934 2064 1021 2112 est
1064 2056 1367 2111 secundum
1398 2064 1677 2109 naturam.-
1701 2043 2048 2123 Quapropter
2078 2053 2135 2106 in

561 2151 686 2206 sinu
717 2164 937 2220 quoque
970 2149 1149 2218 ipsum
1190 2148 1270 2202 ait
1312 2162 1436 2202 esse
1484 2145 1703 2211 Patris,
1752 2154 1813 2199 ut
1860 2144 2135 2215 intelligas

562 2254 758 2296 rursus
788 2240 842 2294 id
872 2239 1023 2310 quod
1061 2240 1115 2293 in
1147 2239 1270 2307 ipso
1303 2245 1360 2292 et
1390 2252 1455 2292 ex
1487 2237 1608 2306 ipso
1640 2246 1726 2292 est
1747 2277 1761 2301 ,
1799 2236 1960 2305 juxta
2002 2234 2136 2288 illud

562 2326 871 2385 Psalmistte
895 2346 910 2383 :
931 2345 951 2379 ι
976 2327 1055 2382 Ex
1085 2335 1241 2383 utero
1256 2332 1382 2380 ante
1398 2324 1713 2380 Luciferum
1736 2326 1900 2396 genui
1925 2332 1977 2378 te
1992 2323 2078 2375 δι’.
2112 2340 2131 2373 ι

565 2410 639 2479 Ut
668 2422 819 2478 enim
845 2420 939 2475 hic
965 2436 989 2470 ‹
1009 2434 1075 2475 ex
1104 2425 1294 2481 utero,
1321 2436 1341 2469 ι
1362 2432 1463 2487 pro
1502 2432 1568 2472 eo
1599 2416 1747 2486 quod
1777 2434 1796 2467 ι
1826 2430 1891 2471 ex
1922 2417 2044 2484 ipso
2068 2456 2081 2478 ,
2112 2432 2130 2466 ι

563 2516 732 2571 etiam
775 2511 992 2584 proprie
1024 2511 1214 2582 ponit,
1245 2509 1412 2563 ducta
1447 2523 1646 2563 rursus
1675 2523 1706 2561 a
1740 2508 1900 2563 nobis
1937 2507 2138 2562 simili-

566 2605 758 2661 tudine
786 2604 883 2677 (ex
906 2611 1066 2659 utero
1087 2603 1288 2672 quippe
1313 2600 1586 2671 prodeunt
1610 2600 1703 2670 qui
1725 2613 1793 2654 ex
1820 2598 2137 2653 hominibus

567 2695 906 2768 Nascuntur)
931 2736 947 2762 ,
974 2698 1049 2751 ita
1090 2709 1215 2750 cum
1244 2713 1262 2746 ι
1295 2695 1352 2748 in
1399 2694 1523 2751 sinu
1554 2711 1575 2745 ι
1605 2692 1714 2757 ait,
1761 2698 1972 2745 tantum
2026 2705 2137 2744 non

567 2788 881 2860 signiﬁcare
908 2788 1026 2842 vult
1056 2787 1112 2841 in
1139 2784 1315 2840 Patris
1339 2792 1498 2839 utero
1528 2785 1785 2856 gignente
1808 2781 2031 2853 quidem
2060 2779 2140 2835 Fi-

569 2880 702 2934 lium
732 2884 829 2949 per
857 2877 1273 2948 expressionem
1317 2875 1508 2930 divina
1546 2875 1695 2930 velut
1728 2874 2052 2930 emicatioue
2087 2884 2142 2929 et

568 2971 830 3028 ineﬂ'abili
859 2969 1097 3041 quodam
1142 2982 1440 3039 progressu
1472 2967 1538 3022 ad
1569 2967 1850 3039 propriam
1888 2967 2143 3038 hyposta-

569 3066 709 3129 sim,
756 3063 852 3119 sed
902 3064 1084 3132 ipsum
1132 3073 1331 3114 rursus
1381 3058 1650 3124 habente,
1697 3056 2142 3128 quandoquidem

570 3169 680 3210 non
713 3169 810 3225 per
838 3152 1180 3206 decisionem
1209 3157 1304 3202 aut
1331 3148 1661 3203 divisionem
1703 3148 1941 3214 aliquam
1970 3163 2000 3202 c
2028 3162 2146 3201 eor-

571 3250 703 3314 pore
730 3243 975 3297 divinum
1001 3255 1030 3305 _a
1053 3238 1216 3293 Patre
1241 3238 1492 3307 genimen
1522 3237 1749 3307 prodiit.
1796 3236 1952 3292 Unde
1972 3236 2144 3292 Filius

575 3332 778 3388 alicubi
809 3333 886 3386 ait
914 3346 975 3386 se
1016 3332 1072 3385 in
1115 3330 1279 3385 Patre
1318 3329 1540 3400 quidem
1587 3343 1743 3393 esse,
1795 3328 1890 3383 scd
1942 3328 2146 3383 habere

573 3423 821 3479 Vicissim
853 3421 1071 3477 Patrem
1101 3423 1155 3475 in
1184 3423 1366 3491 seipso
1395 3414 1460 3475 “.
1491 3420 1647 3486 Quod
1676 3419 1824 3477 enim
1852 3421 2143 3490 proprium

574 3521 659 3571 est
688 3512 868 3568 Patris
897 3513 1226 3569 substantia:
1253 3514 1582 3568 naturaliter
1625 3512 1933 3582 pervadens
1963 3514 2016 3565 in
2054 3510 2145 3565 Fi-

574 3602 709 3660 iium
734 3646 748 3668 ,
782 3601 1028 3660 ostendit
1057 3605 1111 3657 in
1144 3605 1266 3674 ipso
1297 3603 1547 3665 Patrem,
1582 3601 1745 3657 Pater
1770 3610 1952 3657 autem
1983 3603 2147 3657 viris-

578 3700 682 3752 sim
714 3696 882 3751 habet
912 3696 970 3750 in
1002 3695 1189 3765 seipso
1214 3693 1413 3748 Filium
1446 3694 1605 3764 106
1627 3706 1722 3763 per
1746 3688 1927 3747 omnia
1953 3691 2147 3760 aequali

578 3786 905 3843 substantia:
934 3785 1221 3859 ldentitate
1249 3783 1513 3839 radicitus
1547 3783 1774 3837 infixum
1797 3822 1811 3846 ,
1845 3790 1899 3835 et
1928 3797 1992 3836 ex
2027 3782 2149 3851 ipso

578 3879 799 3950 quidem
831 3878 1073 3949 genitum
1094 3916 1110 3942 ,
1143 3886 1461 3937 nontamen
1493 3890 1589 3945 per
1621 3875 1950 3929 divisionem
1982 3874 2150 3928 ullam

579 3974 698 4029 sive
733 3970 1161 4041 disjunctionem
1195 3970 1426 4025 localem
1448 4010 1462 4036 ,
1506 3969 1602 4025 sed
1640 3969 2056 4024 inexsistentem
2098 3973 2153 4021 et

586 4079 803 4134 semper
832 4062 1258 4118 coexsistentem
1288 4079 1302 4116 :
1336 4060 1412 4114 ita
1464 4075 1600 4116 sane
1649 4062 1822 4131 magis
1874 4060 1963 4128 pie
2008 4057 2155 4111 acci-

582 4155 798 4227 piemus
827 4154 990 4219 illud,
1020 4154 1074 4207 in
1117 4152 1241 4218 sinu
1286 4149 1467 4206 Patris
1518 4150 1719 4205 Filium
1755 4165 1879 4205 esse
1902 4191 1916 4215 ,
1950 4163 2061 4202 non
2095 4153 2154 4200 ut

582 4245 805 4321 quidam
838 4243 936 4298 Dei
978 4243 1166 4311 hostes
1209 4241 1674 4311 interpretantur,
1722 4254 1958 4309 quorum
2000 4236 2153 4306 iusta

584 4337 976 4396 condemnatio
1001 4346 1124 4391 est:
1171 4336 1356 4399 omnia
1399 4335 1545 4390 enim
1595 4340 1744 4386 recta
1792 4337 2151 4401 pervertunt,

580 4432 740 4503 juxta
771 4430 1050 4501 prophetae
1083 4428 1292 4482 dictum
1322 4426 1367 4459 ⁸³
1388 4467 1403 4492 ,
1437 4423 1837 4494 sitnpliciorum
1869 4436 2036 4476 aures
2069 4435 2156 4474 se-

2242 595 2631 666 Ὲπιτηρητὲον
2681 594 2737 646 δὲ
2785 592 2947 646 πάλιν
2967 634 2982 658 ,
3040 593 3120 644 ὅτι
3183 591 3277 644 καὶ
3334 592 3614 662 Μονογενῆ
3672 592 3804 646 Θεὸν

2226 687 2494 740 ἀποκαλεῖ
2532 686 2623 738 τὸν
2653 685 2799 748 Υίδν,
2844 684 2937 737 καὶ
2985 686 3043 737 ὲν
3074 684 3294 747 κόλποις
3336 678 3475 737 εἶναί
3529 700 3662 754 φησι
3709 686 3805 738 τοῦ

2228 776 2461 846 Πατρὸς,
2508 775 2899 844 ἴνα-φαίνηται
2939 774 3101 829 πάλιν
3149 773 3252 843 τῆς
3292 774 3432 845 πρὸς
3484 774 3582 844 τὴν
3629 774 3808 827 κτίσιν

2228 867 2495 936 όμοφυῖας
2528 864 2914 935 ὲξῳκισμένος,
2960 865 3054 919 καί⁵
3087 864 3394 928 ἰδιάζουσαν
3419 862 3559 933 ἔχων
3593 865 3657 916 ὲκ
3697 864 3811 915 Πα-

2226 959 2356 1028 τρὺς
2409 958 2503 1012 καὶ
2529 956 2587 1009 ὲν
2615 957 2791 1027 Πατρὶ
2814 954 2911 1026 τὴν
2948 952 3204 1022 ὓπαρξιν.
3244 953 3309 1008 Et
3340 954 3449 1025 γὰρ
3480 955 3648 1016 ὅντως
3672 951 3811 1015 Θεός

2229 1051 2343 1102 ἐστι
2372 1046 2700 1117 Μονογενὴς,
2724 1045 2844 1108 πῶς
2869 1046 2971 1099 οὐκ
2999 1043 3112 1098 ἔστι
3142 1044 3284 1099 κατὰ
3309 1045 3472 1114 φύσιν
3499 1044 3708 1114 ἕτερος,
3731 1043 3811 1105 ὡς

2230 1139 2364 1209 πρὸς
2394 1138 2656 1200 ἐκείνους,
2694 1136 2852 1207 οἵπερ
2884 1135 2993 1189 είσὶ
3024 1135 3163 1188 κατὰ
3188 1135 3335 1188 θέσιν
3369 1135 3482 1188 θεοὶ
3539 1134 3636 1187 καὶ¹
3671 1132 3810 1198 υίοί;

2230 1230 2570 1299 Νοηθήσεται
2595 1226 2703 1297 γὰρ
2727 1229 2827 1280 οὐκ
2847 1228 2903 1279 ὲν
2925 1227 3139 1289 πολλοῖς
3157 1225 3403 1295 ἀδελφοῖς
3424 1227 3453 1279 6
3474 1225 3811 1295 Μονογενὴς,

2230 1319 2345 1373 ἀλλ’
2371 1319 2447 1382 ὡς
2478 1319 2636 1390 μόνος
2671 1315 2747 1370 ὣν
2777 1317 2842 1370 ὲκ
2869 1316 3103 1388 Πατρός.
3146 1316 3365 1384 Ἐπειδὴ
3411 1314 3490 1379 δὲ,
3524 1314 3669 1367 κατὰ
3709 1314 3817 1385 τὴν

2232 1408 2443 1462 Παύλου
2477 1408 2683 1478 φωνὴν,
2708 1407 2917 1460 πολλῶν
2953 1406 3142 1468 ὅντων,
3175 1404 3208 1472 ἢ
3242 1406 3338 1458 καὶ
3367 1403 3813 1474 ὁνομαζομένωνσ

2232 1501 2288 1553 ἐν
2312 1518 2370 1553 τε
2403 1500 2617 1571 οὐρανῷ
2663 1500 2757 1553 καὶ
2800 1501 2892 1551 ἐπὶ
2922 1499 3024 1568 τῆς
3051 1499 3175 1566 γῆς,
3210 1497 3320 1549 τῶν
3352 1494 3489 1548 θεῶν
3526 1495 3655 1558 Θεός
3690 1497 3813 1549 ἐστι

2232 1591 2566 1662 Μονογενὴς,
2593 1589 2696 1656 ἔξω
2716 1588 2954 1659 δηλονότι
2971 1589 3078 1641 τῶν
3100 1587 3273 1640 ἄλλων
3299 1585 3558 1651 κείσεται,
3586 1585 3679 1637 καὶ
3707 1586 3813 1637 οὐκ

2233 1685 2291 1736 ὲν
2321 1686 2432 1746 τοῖς
2460 1682 2603 1737 κατὰ
2628 1682 2786 1753 χάριν
2816 1680 3096 1747 τετάξεται
3121 1678 3291 1742 θεοῖς,
3326 1677 3479 1729 ἔσται
3516 1676 3574 1729 δὲ
3610 1676 3813 1747 μᾶλλον

2238 1770 2377 1840 μετὰ
2414 1769 2626 1841 Πατρδς
2669 1769 2953 1839 ἀληθινός·
3001 1765 3144 1821 οὕτω
3188 1767 3298 1836 γὰρ
3348 1767 3481 1836 ἡμῖν
3524 1765 3553 1816 6
3595 1764 3817 1828 Παῦλος

2162 1842 2208 1901 Β
2238 1858 2595 1929 συναρμόττει
2622 1857 2795 1925 λέγων
2820 1871 2833 1886 ’
2869 1873 2890 1907 ι
2925 1855 3087 1925 Ἧμῖν
3111 1853 3168 1907 δὲ
3197 1848 3279 1917 εἷς
3301 1853 3433 1915 Θεὸς
3461 1853 3491 1905 6
3521 1852 3730 1923 Πατὴρ,
3754 1853 3820 1918 ἐξ

2234 1943 2297 2002 οὖ
2329 1949 2397 2002 τὰ
2425 1949 2623 2013 πάντα,
2651 1948 2746 2001 καὶ
2781 1942 2861 2011 εἷς
2890 1946 3095 2017 Κύριος
3133 1944 3336 2015 Ἰησοῦς
3364 1943 3618 2014 Χριστὸς,
3654 1942 3722 1996 δι’
3748 1936 3823 1996 οὗ

2233 2041 2303 2094 τὰ
2336 2039 2532 2092 πάντα.
2571 2059 2590 2091 ι
2641 2037 2792 2099 Ἐνδς
2829 2034 2938 2105 γὰρ
2985 2035 3136 2097 ὄντος
3180 2032 3321 2086 κατὰ
3361 2032 3522 2100 φύσιν
3550 2030 3686 2084 Θεοῦ
3715 2031 3823 2085 τοῦ

2238 2129 2469 2200 Πατρδς,
2503 2129 2603 2182 οὐκ
2646 2127 2751 2192 ἔξω
2777 2125 2872 2180 τοῦ
2916 2121 3055 2179 εἶναι
3096 2124 3227 2187 Θεὸς
3261 2126 3291 2178 6
3333 2123 3391 2191 ἐξ
3421 2122 3585 2176 αὑτοῦ
3616 2123 3712 2176 καὶ
3756 2124 3822 2175 ὲν

2236 2220 2387 2292 αὐτῷ
2418 2223 2569 2292 μενεῖ
2599 2219 2793 2287 Λόγος,
2827 2220 2893 2289 τῇ
2928 2216 3022 2271 τοῦ
3055 2216 3416 2287 γεννήσαντος
3456 2214 3675 2283 ἰδιότητι
3699 2213 3822 2266 δια-

2240 2316 2465 2383 πρέπων
2488 2352 2503 2376 ,
2557 2313 2651 2365 καὶ
2705 2308 2977 2372 οὐσιωδῶς
3031 2306 3168 2377 πρὸς
3226 2304 3288 2359 τὸ
3343 2304 3459 2358 ἴσον
3510 2304 3824 2358 ἀναϐαίνων

2238 2404 2474 2473 ἀξίωμα,
2510 2402 2651 2454 κατᾶ
2681 2416 2746 2468 γε
2784 2400 2847 2452 τὸ
2888 2395 3026 2452 εἶναι
3056 2398 3198 2451 κατὰ
3236 2396 3396 2465 φύσιν
3425 2396 3578 2459 Θεὸς.
3611 2395 3711 2449 Διά
3735 2411 3823 2448 τοι

2237 2496 2393 2549 τοῦτο
2412 2496 2507 2548 καὶ
2528 2496 2585 2547 ὲν
2607 2492 2827 2554 κόλποις
2853 2491 3014 2545 αὐτὸν
3041 2486 3181 2542 εἷναί
3206 2505 3338 2559 φησι
3354 2488 3448 2542 τοῦ
3472 2490 3707 2558 Πατρὸς,
3730 2488 3823 2541 tua

2242 2590 2427 2659 ὲννοῇς
2447 2586 2605 2639 πάλιν
2628 2585 2692 2637 τὸ
2720 2586 2776 2637 ὲν
2803 2581 2952 2652 αὐτῷ
2982 2581 3077 2634 καὶ
3102 2579 3163 2645 ἐξ
3177 2578 3341 2634 αὑτοῦ
3359 2578 3499 2632 κατὰ
3513 2578 3573 2630 τὺ
3588 2579 3646 2630 ὲν
3663 2577 3819 2631 Ψαλ-

2243 2678 2361 2748 μοῖς
2377 2679 2461 2745 είρ
2471 2693 2497 2746 q
2507 2676 2683 2745 μένοψ
2706 2694 2724 2725 ι
2735 2674 2830 2726 Ἐκ
2846 2672 3079 2741 γαστρὸς
3091 2669 3196 2741 πρὸ
3214 2669 3486 2739 ἑωσφόρου
3498 2667 3824 2736 ὲξεγέννησίὶ

2244 2788 2325 2824 σε.
2352 2789 2370 2821 ι
2395 2771 2605 2840 Ὥσπερ
2625 2768 2732 2839 γὰρ
2752 2770 2810 2821 ὲν
2837 2765 3032 2835 τούτῳ,
3048 2764 3109 2817 τὸ
3135 2762 3528 2832 «ἐκγαστρδςμ
3551 2760 3639 2813 διὰ
3657 2760 3742 2823 τὸ,
3764 2759 3826 2823 ἐξ

2242 2860 2425 2926 αὐτοῦ,
2465 2861 2561 2913 καὶ
2599 2858 2837 2930 γνησίως
2865 2855 3095 2927 τίθησιν,
3124 2854 3202 2918 ὡς
3229 2851 3289 2917 ἐξ
3317 2852 3628 2923 ὁμοιότητος
3659 2851 3825 2904 πάλιν

2242 2954 2343 3024 τῆς
2373 2953 2494 3006 καθ’
2524 2952 2669 3021 ἡμᾶς
2692 2965 2706 2981 ⁶
2753 2948 2967 3020 πρόεισι
3010 2947 3116 3016 γὰρ
3152 2946 3216 2999 ὲκ
3252 2943 3488 3014 γαστρὸς
3511 2942 3582 2994 τὰ
3627 2940 3686 3008 ἐξ
3725 2943 3825 2994 ἁν-

2246 3045 2477 3116 θρώπων
2507 3040 2820 3111 γεννώμενα
2846 3056 2879 3095 ἠ
2920 3038 3062 3090 οὕτω
3110 3036 3205 3089 καὶ
3231 3036 3319 3089 ὅτε
3349 3034 3411 3087 τὸ
3462 3052 3482 3085 ι
3504 3034 3561 3085 ὲν
3587 3032 3773 3104 κόλπῳ
3802 3051 3821 3082 ο

2249 3137 2401 3205 φησὶ,
2454 3132 2734 3205 μονονουχὶ
2781 3128 3027 3201 βούλεται
3060 3127 3250 3198 δῆλουν
3288 3127 3345 3178 ἓν
3376 3127 3443 3195 τῇ
3475 3122 3569 3175 τοῦ
3606 3122 3825 3192 Πατρὸς

2173 3199 2215 3255 C
2250 3199 2401 3295 νηδύί
2452 3199 2710 3292 γεννὼσῄν
2762 3199 2860 3291 μὲν
2905 3218 2996 3271 τὸν
3035 3216 3161 3269 Υίδν
3217 3212 3594 3283 ὲκφαντικῶς,
3639 3210 3716 3271 ὡς
3769 3213 3828 3263 ὲν

2252 3313 2519 3385 ὲκλάμψει
2541 3312 2852 3382 θεοπρεπεῐ,
2875 3309 2970 3361 καὶ
2993 3308 3216 3377 ἀρρήτῳ
3236 3304 3345 3358 τινὶ
3365 3302 3574 3374 προόδῳ
3594 3304 3661 3370 τῇ
3689 3299 3829 3371 πρὸς

2257 3408 2390 3461 ίδίαν
2425 3403 2744 3466 ὑπόστασιν,
2765 3399 2962 3471 ἐχούσῃ
2989 3398 3047 3451 δὲ
3068 3397 3229 3452 πάλιν
3251 3395 3432 3459 αὐτὸν,
3452 3393 3575 3445 ἐπεὶ
3594 3393 3667 3462 μὴ
3688 3391 3829 3444 κατὰ

2254 3496 2559 3567 ἀποκοπὴν,
2581 3496 2701 3567 ἦτοι
2736 3491 3000 3564 μερισμὸν
3019 3490 3110 3543 τὸν
3135 3488 3275 3542 κατὰ
3302 3486 3487 3556 σῶμα,
3514 3484 3575 3537 τὸ
3599 3483 3743 3536 θεῖον
3764 3484 3832 3535 ἐκ

2255 3564 2465 3660 [lat-’96;
2479 3564 2752 3657 προέκυψε
2768 3583 3014 3652 γέννημα
3034 3596 3048 3611 ⁸
3078 3581 3171 3634 καὶ
3184 3578 3314 3647 γοῦν
3331 3579 3361 3630 ό
3380 3577 3505 3638 Υἱός
3521 3576 3623 3628 πού
3641 3590 3827 3643 φησιν,

2255 3680 2329 3743 ὡς
2351 3680 2436 3748 εἴη
2469 3677 2567 3748 μὲν
2592 3673 2751 3737 αὐτὸς
2773 3675 2829 3726 ὲν
2860 3671 3053 3742 Πατρὶ,
3081 3668 3192 3739 ἔχοι
3215 3669 3259 3722 δ’
3289 3662 3355 3720 αὖ
3385 3666 3545 3720 πάλιν
3575 3665 3631 3716 ὲν
3654 3661 3832 3731 ἑαυτῷ

2257 3772 2347 3825 τὸν
2382 3768 2634 3838 Πατέρα·
2686 3765 2747 3818 τδ
2778 3763 2886 3834 γὰρ
2914 3762 3045 3815 ῐδιον
3073 3760 3208 3813 αὐτὸ
3239 3759 3341 3829 τῆς
3362 3756 3456 3810 τοῦ
3487 3755 3699 3825 Πατρδς
3736 3753 3831 3806 οὒ-

2260 3859 2377 3921 σίας
2414 3854 2655 3924 φυσικῶς
2687 3852 2872 3923 διῆκον
2908 3851 2986 3913 εἰς
3020 3849 3112 3901 τὸν
3149 3847 3298 3909 Υίδν,
3333 3846 3393 3897 ὲν
3423 3842 3572 3912 αὐτῷ
3590 3841 3832 3895 δείκνυσι

2258 3945 2349 3997 τὸν
2400 3942 2620 4012 Πατέρα
2646 3956 2659 3969 ·
2712 3939 2825 4009 εχει
2868 3937 2912 3990 δ’
2946 3930 3014 3991 αὖ
3059 3936 3222 3989 πάλιν
3264 3935 3296 3987 6
3323 3931 3514 4001 Πατὴρ
3565 3931 3623 3982 ὲν
3651 3924 3831 3996 ἑαυτῷ

2259 4032 2349 4085 τὸν
2388 4030 2513 4083 Υίὺν
2541 4025 2947 4098 ἀπαραλλάκτῳ
2976 4023 3078 4093 τῆς
3113 4021 3300 4085 οὐσίας
3340 4017 3623 4086 ταυτότητι
3655 4012 3836 4085 ῥιζούο

2264 4135 2423 4189 μενον
2444 4157 2460 4183 ,
2509 4115 2605 4169 καὶ
2649 4112 2997 4181 ἐκπεφυκότα
3031 4111 3130 4180 μὲν
3164 4108 3238 4172 ὡς
3272 4107 3334 4172 ἐξ
3362 4103 3560 4168 αὐτοῦ,
3607 4101 3745 4171 πλὴν
3770 4099 3835 4153 οὐ

2260 4204 2404 4259 κατὰ
2437 4199 2722 4274 μερισμὸν,
2754 4200 2789 4270 ἢ
2820 4199 3100 4252 διάστασιν
3139 4195 3394 4265 τοπικὴν,
3441 4192 3555 4246 ἀλλ’
3594 4189 3834 4257 ὲνυπάρο

2261 4292 2423 4362 χοντά
2462 4307 2522 4344 τε
2567 4289 2663 4343 καὶ
2708 4288 2795 4340 ἀεὶ
2843 4285 3256 4355 συνυπάρχοντα
3279 4299 3294 4313 ·
3339 4279 3484 4333 οὕτω
3533 4277 3599 4348 δὴ
3635 4275 3835 4347 μᾶλλον

2262 4378 2499 4441 εὐσεϐῶς
2536 4376 2598 4429 τὸ
2633 4378 2692 4428 ὲν
2720 4373 2945 4436 κόλποις
2976 4368 3117 4427 εἶναι
3155 4368 3250 4422 τοῦ
3279 4367 3492 4437 Πατρὸς
3531 4362 3838 4433 παραδεξό-

2267 4466 2404 4536 μεθα
2449 4464 2539 4518 τὸν
2583 4463 2731 4527 Υίδν,
2777 4461 2837 4513 οὐ
2885 4459 3135 4525 καθάπερ
3182 4451 3497 4525 ὲξειλήφασί
3543 4467 3686 4512 τινες
3729 4448 3839 4502 τῶν

585 4523 885 4585 ducentes,
914 4529 969 4575 et
999 4530 1200 4576 temere
1226 4521 1279 4573 in
1312 4518 1508 4572 fratres
1541 4523 1833 4585 peccantes
1857 4551 1871 4576 ,
1903 4526 2005 4581 pro
2034 4510 2144 4581 qui-

2267 4510 2553 4622 ἕξᾷιῖαέέιν
3092 4510 3155 4596 τὸ
3203 4510 3391 4612 κρῖμα.
3421 4539 3626 4592 ἔνδικόν
3667 4510 3794 4589 ήὲστι
3821 4543 3836 4564 ⁸

584 4613 692 4668 bus
715 4611 970 4667 Christus
1011 4619 1264 4677 mortuus
1306 4614 1415 4664 est.
1463 4604 1702 4659 Necesse
1742 4601 1887 4655 enim
1913 4600 2161 4670 estquid

585 4702 670 4756 illi
716 4699 904 4755 dicant
948 4713 1013 4752 ac
1059 4697 1336 4759 sentiant,
1383 4691 1628 4763 quidque
1670 4690 1870 4744 docere
1897 4688 2163 4750 ,nitantur

585 4808 880 4865 exponere.
920 4791 1058 4846 Cum
1093 4787 1433 4859 evangelista
1478 4785 1534 4838 in
1581 4782 1705 4838 sinu
1752 4779 1847 4834 Dei
1889 4794 1955 4833 ac
1986 4778 2164 4833 Patris

588 4882 788 4943 Filium
817 4900 942 4941 esse
972 4885 1154 4949 dicat,
1180 4893 1418 4949 cumque
1449 4876 1711 4931 Ecclesia
1741 4872 1835 4927 lilii
1869 4879 2017 4927 recte
2046 4886 2169 4927 sen-

588 4980 761 5043 tiant,
803 4985 859 5031 et
896 4991 965 5031 ex
1009 4972 1171 5027 Patre
1217 4978 1383 5039 atque
1429 4968 1483 5021 in
1526 4965 1691 5021 Patre
1742 4963 1953 5017 ideirco
1987 4962 2164 5031 ipsum

588 5070 856 5125 exsistere
880 5062 1235 5120 conﬁrment.
1261 5073 1325 5110 ac
1347 5068 1530 5110 veram
1561 5051 1859 5123 generandi
1894 5052 2166 5104 rationem

590 5156 917 5214 servandam
949 5163 1075 5209 esse
1111 5147 1485 5210 contendant,
1511 5146 1568 5199 in
1596 5143 1767 5197 risum
1814 5141 1964 5195 illico
2009 5138 2166 5195 effusi

593 5247 859 5302 vecordes
900 5243 979 5297 illi
999 5282 1015 5304 .
1047 5241 1135 5295 his
1165 5252 1267 5292 nos
1300 5236 1568 5306 impetere
1593 5233 1779 5289 verbis
1824 5247 1933 5287 non
1975 5246 2168 5286 veren-

595 5344 708 5392 tur.
749 5333 918 5404 Nugae
958 5338 1089 5387 sunt
1133 5333 1330 5384 vestrae
1371 5325 1695 5390 sententiae,
1744 5338 1778 5378 o
1819 5323 1980 5388 boni,
2012 5322 2170 5376 indo-

594 5437 747 5482 ctum
776 5424 923 5480 enim
949 5430 1004 5477 et
1033 5421 1311 5476 insulsum
1344 5427 1428 5473 est
1464 5416 1612 5487 quod
1653 5415 1722 5470 de
1761 5411 1871 5469 Deo
1915 5412 2133 5469 sentitis
2155 5454 2170 5479 ,

596 5528 725 5574 eum
767 5532 837 5572 ex
866 5531 932 5571 eo
972 5514 1119 5586 quod
1162 5514 1218 5568 in
1261 5512 1387 5569 sinu
1429 5508 1607 5565 Patris
1652 5507 1825 5563 Filius
1857 5515 2021 5561 natus
2048 5521 2171 5560 esse

599 5610 826 5677 dicitur,
861 5610 1042 5679 ipsum
1082 5606 1274 5674 utique
1302 5621 1367 5661 ex
1413 5603 1535 5673 ejus
1576 5600 1889 5658 substantia
1935 5600 2171 5654 exivisse

2269 4640 2446 4694 πάντα
2495 4637 2602 4708 γὰρ
2650 4636 2719 4691 τὰ
2768 4632 2904 4704 ὀρθὰ
2951 4629 3369 4701 διαστρέφουσι,
3419 4627 3560 4681 κατὰ
3599 4625 3700 4691 τὴν
3744 4622 3840 4677 τοῦ

2270 4727 2546 4798 προφήτου
2577 4722 2781 4793 φωνὴν,
2805 4720 2903 4784 τὰς
2930 4720 3037 4773 τῶν
3063 4716 3444 4787 ἁπλουστέρων
3475 4711 3845 4783 παραλύοντες

2271 4815 2459 4878 ἀκοὰς,
2490 4812 2584 4867 καὶ
2608 4810 3013 4882 ἁμαρτάνοντες
3058 4804 3382 4874 ἀφυλάκτως
3420 4803 3497 4867 είς
3536 4800 3660 4862 τοὺς
3693 4798 3846 4851 ἀδελ-

2273 4902 2425 4972 φοὺς,
2457 4900 2595 4970 ὑπὲρ
2620 4890 2695 4952 ὧν
2730 4896 2963 4968 Χριστὸς
3006 4892 3263 4947 ἀπέθανε.
3312 4889 3376 4942 Τί
3408 4889 3517 4961 γὰρ
3545 4887 3610 4958 δὴ
3642 4884 3842 4945 νοοῦσι,

2276 4992 2368 5045 καὶ
2400 4990 2641 5058 λέγουσι,
2686 4987 2781 5038 καὶ
2811 4983 3086 5035 διδάσκειν
3115 4977 3504 5051 ἐπιχειροῦσιν,
3549 4974 3846 5040 ἀναγκαῖον

2276 5079 2453 5131 εἰπεῖν
2479 5094 2491 5106 ο
2546 5075 2639 5135 Εἰς
2672 5073 2761 5125 τὸν
2788 5070 2985 5124 κόλπον
3020 5067 3114 5122 τοῦ
3154 5066 3290 5119 Θεοῦ
3354 5066 3450 5117 καὶ
3494 5060 3707 5132 Πατρὸς
3754 5059 3849 5111 τὸν

2275 5165 2402 5219 Υἰὸν
2437 5159 2575 5215 εἶναι
2627 5157 2720 5212 τοῦ
2773 5157 2928 5225 ἁγίου
2976 5155 3226 5224 λέγοντος
3271 5147 3682 5220 εὐαγγελιστοῦ,
3732 5141 3853 5199 εἶτα

2274 5255 2382 5308 τῶν
2413 5251 2513 5321 τῆς
2549 5246 2874 5317 Ἐκκλησίας
2905 5243 3111 5297 τέκνων
3144 5240 3407 5294 νοούντων
3441 5236 3637 5309 ὀρθῶς,
3666 5236 3764 5288 καὶ
3789 5239 3853 5286 ὲκ

2278 5339 2492 5411 Ila—:96;
2531 5336 2627 5390 καὶ
2671 5338 2727 5387 ὲν
2785 5333 2961 5403 Πατρὶ
3016 5330 3105 5384 διὰ
3152 5327 3309 5381 τοῦτο
3356 5322 3853 5411 διαϐεϐαιουμένων

2280 5403 2542 5494 ὑπάρχειν
2574 5419 2757 5479 αὐτὸν,
2791 5417 2884 5469 καὶ
2924 5413 2986 5466 τὸ
3012 5414 3071 5467 ὲν
3104 5415 3352 5482 γεννήσει
3382 5411 3603 5478 γνήσιον
3640 5403 3845 5460 ἁποσὼι

2279 5492 2466 5578 Caedat
2487 5509 2617 5571 δεῖν,
2643 5503 2738 5558 καὶ
2767 5502 2909 5573 μάλα
2932 5501 3157 5563 εἰκότως
3179 5496 3624 5566 φιλονεικούντων
3649 5492 3854 5553 αὐτῶν,

2278 5598 2598 5668 διαγελῶσιν
2632 5592 2792 5656 εὐθὺς
2817 5593 2867 5645 oi
2904 5591 3053 5660 πάσῃ
3087 5587 3377 5660 μεθύοντες
3408 5583 3644 5656 ἀμαθία,
3665 5582 3763 5636 καὶ
3789 5580 3856 5650 δὴ

675 5776 722 5817 ³ο
763 5785 937 5843 lCor.
973 5801 1090 5853 vm,
1119 5784 1168 5841 5.
1232 5772 1453 5853 “‘ibid.
1477 5782 1527 5835 6.
1605 5783 1646 5814 θ’
1672 5781 1816 5836 Psal.
1853 5794 1960 5846 cur,
1986 5778 2037 5831 5.
2117 5776 2144 5808 ⁸¹

2247 5790 2347 5829 tan.
2377 5790 2485 5841 xiv,
2530 5773 2616 5826 ll.
2693 5772 2738 5801 "
2771 5769 2933 5825 Micb.
2960 5784 3043 5834 ιιι,
3083 5767 3115 5822 9
