4106 6522
293 439 398 496 ἲὸῗ

1361 436 1428 492 ΙΝ
1459 437 1750 494 JOANNIS
1781 435 2231 494 EVANCELIUM
2269 437 2399 496 ΠΒ.
2442 440 2481 496 i.

3498 453 3604 508 182

286 556 391 609 ml.
438 555 791 627 ἀποτολμῶσι
827 558 1044 627 λέγειν·
1097 558 1307 628 Λῆρος,
1352 553 1397 611 ὦ
1446 553 1614 623 οὗτοι,
1667 560 1734 612 τὰ
1769 559 1898 630 παρ’

2028 560 2211 614 iutatis
2235 600 2248 624 ,
2279 571 2333 615 et
2371 560 2630 616 increatzze
2663 571 2874 620 natura:
2906 565 3076 621 fetum
3125 583 3248 624 esse
3295 571 3462 627 stulte
3507 589 3604 628 su-

286 648 428 718 ὗμιν
458 663 474 678 ο
517 647 580 701 οὺ
622 648 733 718 γὰρ
763 649 1137 714 εὐπαιδεύτως
1183 651 1250 704 τὰ
1303 651 1430 722 περὶ
1454 651 1589 704 Θεοῦ
1623 651 1898 717 δοξάζετε,

282 736 385 790 διὰ
413 735 478 789 τὸ
523 738 584 790 ἑν
624 737 814 809 κόλπῳ
855 739 1108 809 λέγεσθαι
1155 740 1249 793 τοῦ
1285 741 1500 812 [ἰατρὸς
1532 742 1624 794 τὸν
1656 741 1784 794 Υίὸν
1812 743 1904 793 ὲκ-

283 831 627 900 πεφυκέναι,
664 833 884 896 πάντως
915 834 1080 888 αὐτὸν
1105 834 1367 905 οἰόμενοι,
1401 834 1502 905 τῆς
1526 834 1713 897 οὐσίας
1741 833 1904 887 αὑτοῦ

282 924 394 975 καὶ
442 923 548 995 τῆς
596 924 864 996 ἀτενήτου
923 924 1142 995 φύσεως
1195 921 1334 978 εἶναι
1395 925 1629 998 καρπὸν,
1661 925 1907 996 ἀνοήτως

284 1014 805 1086 ὗπολαμϐάνοντες.
860 1017 932 1070 Ἦ
978 1017 1087 1089 γὰρ
1133 1017 1233 1071 οὐκ
1276 1017 1571 1088 ἠκούσατε,
1619 1017 1804 1085 φασὶν,
1848 1017 1908 1068 ὲν

283 1109 422 1169 ταῖς
468 1108 862 1178 εύαγγελικαῑς
896 1110 1258 1181 παραϐολαῖς,
1306 1111 1395 1164 ὅτε
1447 1110 1575 1173 τοὺς
1630 1108 1757 1180 περὶ
1813 1107 1906 1161 τοῦ

285 1197 565 1252 πλουσίω
623 1200 720 1253 καὶ
768 1199 864 1252 τοῦ
914 1200 1170 1271 Λαζάρου
1223 1200 1416 1269 λόγους
1467 1199 1629 1262 αὐτὸς
1673 1201 1910 1252 ἐποιεῖτο

285 1284 558 1356 Χριστὸς,
590 1288 674 1342 ὅτι
716 1289 964 1357 Ἐγένετο
991 1289 1048 1343 δὲ
1073 1289 1372 1344 ἀποθανεῖν
1404 1291 1495 1343 τὸν
1517 1289 1790 1360 Λάζαρον,
1817 1290 1911 1342 καὶ

284 1381 673 1452 ἀπενεχθῆναι
717 1383 826 1436 ὑπὸ
860 1381 968 1438 τῶν
1019 1383 1270 1452 ἀγγέλων
1318 1385 1400 1447 είς
1447 1384 1542 1436 τὸν
1585 1383 1785 1437 κόλπον
1816 1382 1911 1435 τοῦ

298 1473 612 1545 Ἀϐραάμ;
679 1473 894 1528 Δώσετε
948 1475 1014 1547 δὴ
1067 1471 1183 1539 οὖν,
1213 1475 1303 1529 διὰ
1357 1475 1419 1529 τὸ
1477 1476 1533 1528 ὲν
1583 1472 1772 1544 κόλπῳ
1815 1471 1911 1526 τοῦ

299 1564 573 1635 Ἀϐραὰμ
629 1566 883 1633 γενέσθαι
930 1567 1020 1620 τὸν
1067 1566 1337 1638 Λάζαρον,
1384 1566 1444 1630 ἐξ
1481 1565 1644 1621 αὐτοῦ
1713 1565 1808 1619 καὶ
1855 1567 1914 1617 ἐν

286 1656 461 1728 αύτῷ
511 1658 652 1713 κατά
710 1658 875 1728 φύσιν
935 1660 1204 1730 ὑπάρχειν
1277 1659 1474 1726 αὐτόν;
1525 1658 1558 1728 ἦ
1607 1656 1765 1712 τοῦτο
1816 1657 1914 1726 μὲν

288 1750 714 1822 παραιτήσεσθε
777 1751 997 1821 λέγειν,
1066 1753 1348 1816 ποιοῦντες
1427 1751 1638 1823 ὀρθῶς,
1699 1750 1790 1804 διὰ
1856 1749 1915 1802 δὲ

287 1842 395 1895 τοῦ
433 1843 640 1897 κόλπου
682 1843 782 1915 τὴν
831 1845 1115 1913 ἀγάπησιν
1160 1843 1402 1900 νοεῖσθαι
1455 1843 1550 1898 καὶ
1609 1843 1764 1896 αὐτοὶ
1815 1841 1914 1895 σὺν

290 1939 438 2008 ἡμῖν
487 1937 917 2008 συγχωρήσετες
981 1933 1143 1991 Εἶναι
1195 1935 1484 2008 τοιγαροῦν
1531 1935 1624 1989 τὸν
1677 1935 1806 1990 Υἱὸν
1854 1938 1912 1989 ὲν
1943 1919 1986 1975 Β

299 2031 494 2100 κόλπῳ
542 2031 732 2101 φαμὲν
785 2028 881 2084 τοῦ
926 2029 1065 2084 Θεοῦ
1112 2031 1208 2084 καὶ
1256 2029 1494 2102 Πατρὸς,
1543 2029 1665 2084 ἀντὶ
1707 2027 1803 2082 τοῦ
1854 2029 1913 2082 ὲν

226 2110 230 2115 ’
307 2122 603 2192 ἀγαπήσει,
657 2120 805 2175 καθά
853 2121 947 2175 καὶ
991 2121 1158 2184 αὐτός
1184 2120 1289 2174 πού
1325 2137 1511 2190 φησιν’
1571 2139 1589 2171 ι
1630 2120 1687 2173 '0
1722 2120 1916 2191 Πατὴρ

304 2213 498 2284 ἀγαπᾷ
522 2213 620 2266 τὸν
655 2213 807 2268 Υἱόν.
840 2232 860 2264 ι
913 2212 1055 2265 Ἀλλ’
1096 2214 1227 2267 ὅταν
1257 2211 1470 2275 τούτοις
1516 2211 1666 2282 ἡμᾶς
1702 2209 1914 2264 ¹παίωσι

293 2309 418 2370 τοῖς
466 2305 652 2374 λόγοις
702 2307 753 2360 οἱ
803 2306 1259 2377 φιλεπιτιμηταὶ,
1314 2305 1406 2360 καὶ
1456 2304 1595 2374 πρὸς
1650 2304 1812 2374 μόνον
1855 2304 1916 2358 τὸ

289 2399 760 2468 διαλοιδορείσθαι
792 2400 1006 2470 γοργοὶ,
1055 2399 1177 2452 τότε
1216 2399 1313 2452 καὶ
1347 2399 1510 2469 ἡμεῖς
1557 2394 1914 2468 ἀντεροῦμεν,

292 2489 391 2542 τὸν
452 2488 619 2560 ὀρθὸν
680 2489 783 2559 τῆς
841 2488 1104 2560 ἀληθείας
1159 2487 1552 2556 ἀντεξάγοντες
1615 2485 1791 2554 λόγον·
1859 2485 1917 2538 ’0

293 2581 504 2644 κόλπος
543 2581 699 2652 ἡμῖν,
742 2574 788 2635 ὦ
834 2580 1122 2651 βέλτιστοι,
1174 2581 1432 2652 σημαίνει
1479 2577 1604 2632 καθ’
1635 2579 1779 2644 ὑμᾶς
1817 2578 1916 2649 τὴν

293 2669 589 2740 ἀγάπησιν
615 2686 630 2700 ο
683 2669 845 2723 τοῦτο
890 2670 1001 2740 γὰρ
1037 2669 1243 2740 ἀρτίως
1276 2668 1545 2736 λεγόντων
1578 2666 1914 2738 ἠκούσαμεν.

294 2759 426 2834 'Ap‘
450 2757 570 2825 οὖν,
597 2761 903 2832 ἐπειδήπερ
931 2781 948 2812 ι
974 2762 1290 2831 Ἠγάπησεν
1309 2761 1338 2813 6
1361 2759 1496 2823 Θεὸς
1523 2759 1615 2812 τὸν
1639 2759 1868 2829 κόσμον,
1893 2778 1911 2810 ι

300 2853 448 2906 κατὰ
473 2851 580 2926 τὴν
625 2850 722 2904 τοῦ
759 2849 1014 2922 Σωτῆρος
1047 2851 1234 2920 φωνήν
1259 2866 1274 2882 ⁸
1329 2850 1521 2920 ἀγαπᾷ
1560 2848 1618 2902 δὲ
1671 2868 1689 2901 ι
1716 2848 1920 2918 Κύριος

306 2945 405 3000 καὶ
433 2946 532 3010 τὰς
576 2943 759 3007 πύλας
794 2943 958 3006 Σιὼν,
1008 2963 1026 2996 ι
1079 2943 1224 2997 κατὰ
1256 2942 1348 2996 τὸν
1385 2942 1542 3011 ἅγιον
1587 2941 1914 3013 Ψαλμῳδόν·

296 3041 616 3104 ἀκινδύνως
657 3037 895 3111 ἐροῦμεν
942 3040 1000 3091 ὲν
1039 3038 1227 3108 κόλπῳ
1256 3035 1352 3090 τοῦ
1387 3034 1524 3088 Θεοῦ
1569 3037 1664 3089 καὶ⁸
1706 3034 1920 3105 Πατρὸς

293 3136 391 3190 τόν
418 3152 483 3188 τε
505 3135 719 3204 κόσμον
772 3131 938 3186 αὐτὸν
975 3132 1068 3184 καὶ
1095 3131 1197 3193 τὰς
1228 3130 1324 3200 τῆς
1357 3127 1497 3182 Σιὼν
1527 3123 1666 3182 εἶναι
1702 3127 1918 3192 πύλας;

2006 651 2327 721 spicamiui.
2363 651 2643 725 Numquid
2704 657 2850 711 enim
2907 660 3145 715 audistis
3170 703 3182 722 ,
3218 662 3514 731 inquiunt,
3550 667 3607 720 in

2006 747 2346 816 evangelicis
2376 748 2657 817 parabolis
2700 749 2782 814 ⁸⁸,
2830 751 2918 805 ubi
2963 753 3034 807 de
3075 751 3246 807 divite
3295 766 3348 809 ct
3398 755 3609 811 Lazaro

2007 839 2173 892 verba
2204 837 2464 894 Christus
2499 838 2772 906 faciebat,
2805 841 3076 897 Lazarum
3117 854 3240 914 post
3276 855 3508 902 mortem
3541 849 3611 902 ab

2009 930 2222 999 angelis
2266 930 2318 984 in
2367 933 2550 985 sinum
2598 931 2836 987 Abrahae
2880 933 3058 989 fuisse
3100 937 3422 1003 portatum?
3465 936 3608 992 Num

2011 1021 2201 1090 igitur,
2237 1023 2499 1091 quoniam
2546 1023 2600 1076 in
2637 1025 2763 1078 sinu
2798 1025 3031 1080 Abrahae
3075 1026 3320 1083 Lazarus
3363 1045 3487 1085 esse
3523 1030 3610 1084 di-

2012 1109 2180 1175 citur,
2213 1127 2276 1164 ex
2308 1113 2428 1182 ipso
2458 1123 2513 1167 et
2547 1113 2603 1166 in
2652 1113 2773 1184 ipso
2819 1130 2945 1168 eum
2986 1117 3260 1172 exsistere
3307 1119 3607 1174 secundum

2013 1211 2272 1258 nat-uram
2325 1205 2688 1269 concedetis,
2745 1214 2836 1260 aut
2891 1208 2944 1261 id
3001 1217 3155 1263 recte
3209 1210 3612 1281 sapienterque

2014 1295 2324 1364 negabitis,
2369 1295 2466 1352 sed
2523 1312 2622 1366 per
2673 1297 2860 1352 sinum
2919 1312 3163 1353 amorem
3219 1300 3450 1370 intelligi
3506 1302 3638 1370 ipsi-

2014 1401 2235 1454 quoque
2269 1388 2558 1442 nobiscum
2592 1387 2906 1443 fatebimini
2935 1389 2960 1442 ?
2985 1391 3048 1444 in
3083 1390 3210 1445 sinu
3249 1406 3380 1462 ergo
3412 1391 3506 1446 Dei
3549 1408 3613 1446 ac

2015 1473 2196 1529 Patris
2230 1473 2427 1528 Filium
2469 1492 2598 1531 esse
2627 1477 2901 1542 dicimus,
2945 1479 2998 1532 id
3042 1487 3164 1543 est,
3212 1480 3265 1534 in
3318 1481 3614 1541 dilectione

2017 1573 2184 1636 atque
2217 1581 2409 1622 amore
2434 1608 2449 1634 ,
2483 1569 2628 1624 sicut
2661 1571 2779 1640 ipse
2807 1586 3031 1641 quoque
3079 1573 3156 1626 ait
3187 1573 3392 1627 alicubi
3420 1613 3434 1638 ,
3470 1593 3487 1624 ‹
3514 1573 3614 1628 Pa-

2017 1667 2104 1714 ter
2131 1659 2312 1730 diligit
2341 1659 2544 1714 Filium
2579 1661 2645 1712 ⁸⁸.
2681 1681 2699 1712 ›
2728 1661 2892 1733 Atqui
2923 1663 2969 1717 si
2998 1680 3100 1718 nos
3126 1663 3399 1732 ejusmodi
3431 1666 3614 1721 verbis

2019 1759 2208 1822 petant
2234 1753 2484 1808 homines
2502 1753 2569 1807 ad
2590 1755 3098 1824 reprehendendum
3123 1757 3305 1827 proni,
3327 1765 3381 1812 et
3407 1756 3460 1811 in
3476 1772 3614 1812 con-

2020 1845 2283 1901 viciando
2311 1846 2585 1901 duntaxat
2619 1850 2855 1904 solertes
2877 1894 2890 1916 ,
2945 1860 3074 1904 tunc
3123 1867 3224 1906 nos
3255 1851 3336 1906 eis
3365 1851 3611 1907 vicissim

2017 1939 2510 2009 respondebimus,
2547 1952 2753 1995 rectum
2784 1941 3042 2003 veritatis
3072 1958 3388 1997 sermonem
3424 1929 3604 2014 oppo-

2017 2040 2227 2085 nentes.
2283 2028 2453 2085 Sinus
2497 2029 2641 2100 apud
2689 2045 2826 2097 vos,
2859 2047 2893 2086 ο
2923 2031 3091 2095 boni,
3142 2047 3240 2102 pro
3299 2032 3598 2086 dilectione

2016 2117 2297 2172 sumitur:
2351 2117 2409 2171 id
2457 2121 2604 2172 enim
2648 2119 2812 2174 modo
2861 2135 2890 2172 a
2937 2120 3100 2176 vobis
3143 2121 3482 2176 audivimus.
3531 2121 3612 2176 An

2016 2209 2206 2280 igitur,
2243 2210 2508 2280 quoniam
2539 2229 2556 2261 ι
2579 2210 2723 2268 Deus
2755 2211 2949 2268 dilexit
2992 2212 3257 2267 mundum
3289 2213 3370 2279 ⁸⁸,
3404 2233 3422 2266 ι
3453 2213 3615 2283 juxta

2020 2299 2328 2358 Salvatoris
2350 2318 2578 2367 vocem,
2606 2313 2664 2359 et
2690 2303 2870 2375 diligit
2897 2319 3120 2375 quoque
3148 2324 3164 2356 ι
3195 2304 3460 2360 Dominus
3493 2321 3616 2376 por-

2017 2403 2104 2452 tas
2134 2395 2265 2450 Sion
2300 2397 2368 2459 ”,
2403 2417 2421 2449 ι
2450 2405 2510 2452 ιιι
2539 2399 2690 2453 canit
2714 2406 2953 2454 sanctus
2981 2396 3281 2454 Psalmista
3305 2442 3318 2466 ,
3351 2399 3490 2453 citra
3525 2415 3616 2468 pe-

2018 2488 2258 2544 riculum
2286 2490 2572 2555 dicemus,
2613 2491 2665 2545 in
2697 2491 2822 2547 sinu
2869 2491 2963 2546 Dei
3009 2506 3073 2546 ac
3103 2491 3281 2546 Patris
3323 2506 3445 2547 esse
3487 2508 3614 2546 cum

2019 2584 2286 2638 mundum
2332 2584 2547 2654 ipsum,
2606 2595 2719 2638 tum
2768 2591 2962 2654 portas
3006 2583 3187 2637 Sion?
3241 2583 3377 2636 Cum
3432 2592 3614 2636 autem

2018 2675 2170 2731 dicat
2199 2677 2266 2732 ad
2298 2676 2487 2733 Mosen
2517 2693 2804 2734 sacrorum
2844 2678 3006 2748 107
3040 2677 3346 2732 antistitem
3378 2695 3388 2730 :
3424 2697 3439 2726 ι
3475 2674 3618 2729 lnl‘cr

2020 2785 2241 2824 manum
2282 2779 2431 2824 tuam
2473 2771 2526 2825 in
2561 2771 2746 2826 sinum
2783 2778 2938 2825 tuum
2966 2771 3011 2802 ⁸⁸
3039 2788 3056 2822 ι
3079 2768 3346 2840 numquid
3371 2811 3385 2833 ,
3418 2766 3618 2820 amabo

2020 2876 2150 2926 vos,
2197 2862 2248 2917 ei
2305 2862 2569 2932 praecepit
2618 2877 2841 2916 manum
2901 2876 3058 2916 suam
3099 2861 3368 2931 diligere,
3409 2875 3474 2912 ac
3507 2874 3620 2912 non

2023 2951 2210 3020 potius
2261 2966 2383 3006 eam
2437 2951 2762 3006 occultare?
2811 2951 2881 3004 At
2926 2949 3021 3020 qui
3072 2964 3181 3003 non
3224 2949 3492 3002 continuo
3531 2947 3620 3000 in-

2023 3050 2240 3112 gentem
2275 3043 2449 3097 risum
2487 3041 2865 3105 movebimus,
2903 3041 3013 3094 imo
3062 3054 3193 3094 vero
3247 3039 3341 3108 qui
3399 3052 3509 3091 non
3563 3037 3620 3090 in

2024 3135 2207 3204 ipsum
2243 3132 2459 3188 Patrem
2499 3132 2652 3200 impii
2698 3133 2944 3195 erimus,
2979 3139 3178 3184 cuncta
3220 3129 3274 3182 in
3322 3127 3445 3197 ejus
3489 3126 3618 3182 sinu

299 3230 482 3284 ’Ὀταν
525 3229 587 3282 δὲ
635 3227 772 3299 λέγῃ
823 3225 918 3279 καὶ
960 3224 1099 3296 πρὸς
1150 3223 1242 3277 τὸν
1298 3222 1626 3296 ἱεροφάντην
1674 3219 1920 3282 Μωσέα,

2028 3242 2152 3283 esse
2185 3227 2474 3290 dicentes,
2511 3237 2601 3292 et,
2639 3224 2791 3296 quod
2827 3224 3006 3279 solius
3035 3220 3322 3290 Unigcniti
3357 3219 3618 3274 eximium

303 3342 328 3374 ι
370 3321 678 3390 Είσένεγκε
727 3320 826 3392 τὴν
873 3319 1033 3390 χεῖρά
1084 3334 1177 3371 σου
1221 3318 1300 3380 εἰς
1349 3314 1440 3368 τὸν
1487 3313 1688 3367 κόλπον
1737 3329 1854 3376 σου,
1893 3331 1919 3365 ν

294 3416 557 3486 ἀγαπᾷν,
598 3414 724 3468 εἰπέ
762 3430 874 3483 μοι,
920 3409 1253 3480 προστάττει
1282 3406 1380 3479 τὴν
1421 3408 1580 3478 χεῖρα
1620 3404 1794 3475 αὐτῷ,
1833 3404 1927 3457 καὶ

293 3506 430 3576 οὐχὶ
483 3503 688 3576 μᾶλλον
746 3501 1181 3574 κατακρύψαντα
1245 3499 1432 3571 ἔχειν;
1501 3493 1636 3552 Εἶτα
1695 3497 1812 3559 πῶς
1863 3497 1925 3550 οὐ

301 3602 492 3672 μέγαν
517 3599 612 3652 ἐπὶ
640 3597 855 3662 τούτοις
886 3595 1201 3666 ὀφλήσομεν
1224 3595 1471 3663 γέλωτας
1498 3591 1699 3664 μᾶλλον
1730 3591 1787 3644 δὲ
1810 3589 1928 3654 πῶς

308 3695 392 3756 είς
438 3691 610 3747 αὑτὸν
648 3691 751 3744 οὒκ
797 3689 1146 3760 ἀσεϐήσομεν
1192 3686 1283 3740 τὸν
1344 3685 1601 3756 Πατέρα,
1652 3683 1830 3737 πάντα
1872 3683 1928 3734 ὲν

309 3784 545 3845 κόλποις
580 3778 722 3836 εἶναι
751 3781 1006 3850 λέγοντες
1036 3777 1225 3844 αὑτοῦ,
1262 3777 1357 3831 καὶ
1386 3777 1448 3830 τὸ
1483 3776 1648 3843 μόνου
1679 3774 1774 3827 τοῦ
1816 3775 1931 3827 Mo-

309 3875 574 3946 νογενοῦς
595 3876 878 3947 ἐξαίρετον
903 3873 1108 3942 ἀγαθὸν
1135 3868 1569 3932 κοινοποιοῦντες
1591 3870 1702 3932 τοῖς
1727 3866 1928 3932 ἄλλοις,

313 3969 407 4021 ἱνα
465 3966 634 4020 πλέον
684 3965 799 4036 ἔχοι
862 3963 1030 4034 μηδὲν
1084 3960 1238 4031 παρά
1285 3959 1385 4030 τὴν
1441 3956 1618 4010 κτίσιν
1670 3958 1698 4009 6
1755 3955 1928 4022 Υἱός;

309 4054 535 4109 οὐκοῦν
560 4055 683 4117 ταῖς
717 4052 946 4106 ἐκείνων
973 4048 1252 4111 ἀϐουλίαις
1284 4044 1562 4118 ἐρρῶσθαι
1598 4043 1930 4114 φράσαντες,

307 4145 414 4198 ἐπὶ
439 4144 532 4196 τὸν
565 4142 698 4212 εύθῆ
729 4141 830 4210 τῆς
860 4138 1122 4210 ἀληθείας
1156 4135 1448 4207 βαδιοῦμεν
1488 4133 1772 4203 λογισμὸν,
1805 4131 1934 4184 ὅταν

316 4235 378 4286 ὲν
413 4231 608 4300 κόλπῳ
648 4229 876 4300 λέγηται
911 4226 1006 4280 τοῦ
1059 4223 1274 4293 Πατρὸς
1305 4225 1333 4276 6
1367 4221 1518 4286 Υἱὸς,
1542 4221 1602 4287 ἐξ
1640 4218 1805 4273 αὐτοῦ
1842 4219 1935 4270 καὶ

319 4323 380 4373 ὲν
407 4318 566 4388 αύτῷ
599 4318 850 4382 νοοῦντες
889 4315 1052 4370 αὐτόν
1080 4331 1094 4345 ’
1145 4311 1557 4382 ἀναμαξάμενοι
1589 4309 1646 4362 δὲ
1689 4308 1937 4380 ἀκριϐῶς

314 4409 423 4478 τὴν
467 4405 568 4461 τοῦ
613 4408 887 4476 νοήματος
941 4404 1202 4473 δύναμιν,
1261 4398 1437 4461 οὕτως
1494 4398 1648 4466 ἕχον,
1707 4396 1801 4448 καὶ
1837 4395 1936 4464 οὐχ

315 4496 536 4568 ἑτέρως
592 4495 924 4565 εὑρήσομεν.
966 4511 985 4544 ι
1041 4491 1098 4545 'O
1129 4487 1446 4561 μονογενὴς,
1509 4485 1664 4554 φησὶ,
1700 4483 1852 4549 Θεὸς,
1909 4483 1937 4534 6

2030 3334 2095 3374 ac
2129 3318 2470 3388 praecipuum
2500 3325 2587 3371 est
2617 3316 2823 3370 bonum
2851 3327 3147 3370 commune
3182 3309 3448 3364 facientes
3476 3307 3619 3372 aliis,

2030 3419 2091 3466 ut
2122 3410 2262 3465 nihil
2294 3410 2420 3480 plus
2449 3407 2593 3464 Filio
2623 3409 2696 3463 sit
2721 3421 2889 3478 quam
2924 3403 3244 3460 creaturae?
3281 3401 3474 3470 Itaque
3505 3400 3624 3453 illo-

2031 3519 2154 3557 rum
2191 3502 2429 3557 stultitia
2464 3500 2672 3570 rejecta
2717 3505 2936 3553 rectum
2972 3495 3223 3550 veritatis
3262 3506 3490 3547 sensum
3537 3491 3624 3544 in-

2032 3595 2295 3651 sistemus
2315 3634 2329 3659 ,
2359 3602 2411 3648 et
2434 3591 2660 3662 quando
2686 3592 2743 3644 in
2774 3589 2900 3644 sinu
2923 3587 3075 3641 Patri
3110 3585 3287 3641 Filius
3317 3600 3445 3640 esse
3480 3582 3624 3637 dici-

2031 3696 2144 3751 tur,
2177 3687 2314 3740 nihil
2341 3684 2489 3739 aliud
2514 3698 2682 3753 quam
2704 3697 2766 3738 ex
2796 3683 2920 3752 ipso
2949 3688 3004 3736 et
3037 3681 3092 3734 in
3119 3680 3239 3749 ipso
3263 3694 3386 3733 esse
3417 3677 3624 3732 intelli-

2034 3796 2246 3849 gemus.
2278 3777 2336 3832 Si
2370 3777 2479 3833 vim
2509 3786 2564 3832 et
2591 3775 2868 3831 rationem
2900 3772 3050 3826 illius
3079 3770 3367 3825 sententiae
3395 3769 3625 3823 subacto

2034 3872 2259 3941 ingenio
2313 3877 2755 3939 perscrutemur,
2802 3863 3130 3922 istiusmodi
3169 3878 3295 3916 esse
3330 3859 3634 3928 comperie-

2037 3975 2184 4014 tuus.
2217 3977 2232 4010 ι
2263 3956 2622 4028 Unigenitus,
2645 3975 2664 4007 ι
2695 3956 2908 4025 inquit,
2937 3973 2958 4006 ‹
2995 3955 3139 4008 Deus
3171 3953 3264 4023 qui
3291 3959 3374 4006 est
3413 3951 3469 4004 in
3501 3949 3628 4004 sinu

2036 4048 2252 4114 Patris,
2293 4047 2385 4102 ille
2412 4046 2716 4102 enarravit.
2751 4065 2770 4097 ι
2807 4044 3161 4114 Unigeuitum
3200 4051 3254 4097 et
3302 4041 3472 4096 Deum
3518 4040 3631 4109 pri-

2038 4158 2128 4196 mo
2160 4141 2302 4195 dixit
2330 4157 2343 4194 :
2376 4138 2578 4195 deinde
2614 4138 2766 4192 illico
2802 4135 3062 4205 subiicit,
3089 4154 3112 4186 ι
3142 4134 3235 4203 qui
3280 4140 3364 4187 est
3403 4133 3459 4184 in
3503 4131 3629 4185 sinu

2038 4232 2251 4299 Patris,
2284 4251 2301 4285 ι
2331 4239 2392 4286 ιιι
2423 4231 2768 4303 intelligatur
2798 4230 2963 4286 etiam
2994 4226 3171 4282 Filius
3199 4242 3266 4280 ex
3302 4227 3425 4294 ipso
3446 4266 3459 4289 ,
3489 4231 3545 4277 et
3573 4225 3629 4278 in

2041 4327 2163 4396 ipso
2196 4325 2546 4390 naturaliter,
2585 4324 2769 4379 sinum
2806 4337 2907 4392 pro
2957 4318 3268 4377 substantia
3320 4317 3554 4378 dicens,
3603 4329 3632 4368 a

2041 4435 2100 4475 re
2130 4434 2403 4490 corporea
2435 4418 2725 4489 desumpta
2753 4415 3138 4473 similitudine.
3166 4412 3304 4484 Typi
3341 4411 3488 4468 enim
3521 4410 3636 4464 fere

2043 4521 2176 4567 sunt
2204 4526 2389 4566 rerum
2417 4509 2852 4582 intelligibilium
2883 4524 2947 4564 ea
2974 4522 3099 4579 quae
3118 4507 3378 4562 sensibus
3405 4510 3630 4575 patent,

314 4584 400 4637 ὢν
439 4585 524 4646 εἰς
551 4581 646 4636 τὸν
671 4580 874 4634 κόλπον
902 4579 998 4632 τοῦ
1030 4577 1267 4649 Πατρὸς,
1305 4575 1513 4636 ἐκεῖνος
1557 4571 1882 4641 ἐξηγήσατο.
1909 4589 1924 4622 ι

2043 4613 2099 4660 et
2153 4621 2276 4676 quae
2329 4604 2386 4659 in
2437 4605 2597 4661 nobis
2640 4611 2771 4658 sunt
2829 4603 2898 4657 ad
2937 4599 3491 4672 comprehensiOnem
3533 4611 3635 4651 nos

331 4671 567 4742 Ἐπειδὴ
591 4670 703 4740 γὰρ
741 4669 847 4740 ἔφη
892 4669 1155 4740 μονογενῆ
1196 4664 1292 4718 καὶ
1317 4663 1474 4727 Θεὸν,
1507 4661 1724 4732 τίθησιν
1750 4660 1933 4724 εὐθὺς,

323 4779 349 4812 ε
369 4761 434 4813 Ὀ
465 4756 544 4811 ῶν
579 4759 636 4811 ὲν
663 4760 776 4820 τοῖς
800 4757 1021 4818 κόλποις
1059 4754 1152 4808 τοῦ
1189 4754 1424 4824 Πατρὸς,
1461 4770 1478 4802 ι
1510 4751 1596 4803 ἵνα
1621 4748 1811 4817 νοῆται
1837 4749 1930 4802 καὶ

322 4847 461 4908 Υἱὸς
492 4845 557 4910 ἐξ
592 4843 782 4909 αὑτοῦ,
803 4844 898 4898 καὶ
923 4844 981 4895 ὲν
1005 4840 1161 4911 αὐτῷ
1186 4839 1453 4909 φυσικῶς,
1477 4838 1598 4891 ἀντὶ
1621 4836 1723 4906 τῆς
1747 4836 1934 4899 οὐσίας

316 4935 418 4987 τὸν
448 4933 660 4987 κόλπον
686 4933 880 4999 εἰπὼν,
910 4929 984 4993 ὡς
1027 4930 1092 4981 ὲκ
1123 4926 1568 4997 παραδείγματος
1598 4923 1932 4995 σωματικοῦ.

318 5021 510 5076 Τύποι
549 5021 658 5092 γάρ
697 5020 805 5074 εἰσί
857 5035 974 5082 πως
1014 5016 1126 5071 τῶν
1167 5014 1375 5086 νοητῶν
1421 5014 1489 5067 τὰ
1529 5012 1932 5082 ἐμφανέστερα,

320 5111 430 5165 καὶ
470 5110 812 5180 χειραγωγεϊ
849 5110 986 5178 πρὸς
1015 5103 1326 5173 κατάληψιν
1360 5100 1470 5154 τῶν
1507 5100 1649 5171 ὑπὲρ
1688 5100 1836 5170 ἡμᾶς
1873 5100 1942 5153 τὰ

322 5202 387 5254 ὲν
423 5199 565 5268 ἡμῖν
589 5213 602 5226 ·
638 5194 978 5266 λαμϐάνεται
997 5192 1054 5245 δὲ
1070 5191 1340 5261 ,πολλάκις
1367 5190 1442 5251 ὼς
1475 5189 1532 5240 ὲν
1558 5186 1765 5251 εἰκόνος
1789 5186 1944 5253 τάξει

323 5287 402 5341 τὰ
459 5284 791 5356 σωματικὰ,
846 5285 944 5337 καὶ
987 5280 1332 5350 λεπτοτέρων
1381 5278 1516 5348 ἡμῖν
1568 5275 1951 5348 θεωρημάτων

328 5374 589 5445 εἰσφέρει
624 5360 727 5444 τὴν
773 5369 1103 5440 κατάληψιν,
1147 5370 1195 5421 εἰ
1245 5367 1339 5420 καὶ
1370 5364 1516 5418 οὓτω
1562 5366 1762 5417 νοεῖται
1803 5363 1944 5417 κατά

327 5463 536 5533 καιρὸν
577 5463 804 5522 οἰκεῖον,
852 5460 928 5523 ὡς
974 5458 1040 5512 ἀν
1084 5455 1336 5527 εἰρῆσθαι
1378 5453 1532 5524 δοκῇ,
1577 5455 1758 5506 ὁποῖον
1807 5448 1945 5505 εἷναί

329 5569 486 5624 φημι
513 5549 578 5604 τὸ
605 5551 700 5602 ἐπὶ
725 5548 973 5611 Μωσέως
997 5586 1012 5611 ,
1051 5544 1375 5613 «Εἰσένεγκε
1404 5542 1504 5612 τὴν
1531 5541 1690 5613 χεῖρά
1720 5557 1814 5594 σου
1865 5543 1946 5604 εἰς

327 5641 430 5694 τὸν
457 5638 666 5692 κόλπον
702 5653 819 5690 σου.
857 5653 876 5687 ι
924 5634 1200 5703 ’Λδικήσει
1234 5633 1292 5684 δὲ
1326 5631 1463 5693 ὅλως
1489 5630 1580 5682 τὸν
1609 5628 1768 5697 λόγον
1795 5628 1948 5682 οὐδὲν

331 5728 397 5782 τὸ
438 5727 502 5780 ὲν
556 5725 746 5794 κόλπῳ
783 5720 1062 5777 τεθεῖσθαι
1104 5719 1201 5776 τοῦ
1257 5717 1513 5788 ’Λϐραὰμ
1558 5715 1650 5770 τὸν
1700 5715 1949 5786 Λάζαρον

2041 4696 2325 4751 deducunt
2354 4709 2548 4750 eorum
2580 4709 2704 4764 qua:
2725 4707 2894 4762 supra
2925 4707 3029 4746 nos
3060 4697 3188 4744 sunt
3219 4707 3232 4741 :
3263 4688 3432 4756 ﬁtque
3464 4701 3636 4756 smpe-

2042 4803 2277 4844 numero
2309 4795 2368 4842 ut
2396 4786 2785 4844 similitudinis
2814 4786 2935 4839 loco
2965 4799 3054 4837 res
3089 4793 3374 4849 corporeae
3410 4792 3633 4831 suman-

2043 4888 2156 4945 tur,
2188 4895 2312 4951 qute
2346 4895 2449 4935 nos
2482 4877 2548 4932 ad
2584 4878 2945 4934 subtiliorum
2972 4873 3502 4941 contemplationum
3538 4882 3640 4922 no-

2043 4947 2225 5026 titiam
2266 4973 2504 5027 evehant
2551 4971 2620 5035 ⁸³³,
2671 4969 2796 5023 licet
2845 4965 3112 5022 historice
3159 4963 3546 5033 intelligantur
3596 4947 3650 5016 si

2048 5065 2342 5135 capiantur
2396 5079 2464 5119 eo
2513 5061 2677 5117 modo
2725 5075 2837 5130 quo
2891 5059 3042 5114 dicta
3095 5064 3274 5112 sunt:
3329 5051 3644 5124 cuiusmodi

2046 5165 2132 5213 est
2164 5157 2300 5212 illud
2333 5155 2401 5211 de
2432 5154 2583 5210 Mose
2616 5173 2630 5209 :
2661 5174 2679 5206 ι
2711 5152 2862 5210 infer
2891 5167 3116 5207 manum
3151 5157 3303 5204 tuam
3352 5149 3409 5203 in
3457 5148 3646 5203 sinum

2048 5257 2226 5302 tuum.
2261 5266 2280 5298 ι
2309 5246 2469 5312 Quod
2501 5252 2689 5301 autem
2723 5245 2934 5300 dicitur
2966 5244 3024 5298 in
3059 5242 3187 5299 sinu
3223 5239 3464 5295 Abrahae
3498 5237 3651 5308 posi-

2050 5350 2141 5395 tus
2173 5354 2298 5396 esse
2333 5336 2616 5402 Lazarus,
2655 5353 2766 5392 non
2799 5336 2964 5392 modo
2997 5333 3137 5389 nihil
3172 5331 3340 5388 olﬁcit
3364 5370 3379 5395 ,
3418 5328 3518 5385 sed
3553 5325 3652 5380 do-

2053 5433 2247 5488 ctrina:
2293 5441 2497 5487 nostra
2544 5429 2903 5500 sull‘ragatur.
2962 5426 3019 5482 Id
3074 5427 3221 5482 enim
3272 5427 3482 5479 tantum
3537 5429 3650 5470 non

2058 5527 2346 5597 Scriptura
2399 5525 2568 5580 dicit:
2609 5542 2626 5575 ι
2659 5522 2912 5578 Mortuus
2971 5519 3254 5576 Lazarus,
3307 5520 3361 5568 et
3392 5504 3650 5597 corporis

2057 5621 2168 5675 vita
2185 5593 2508 5685 exsolutus,
2545 5619 2600 5672 in
2638 5617 2821 5672 sinum
2842 5613 3074 5672 Abrahae
3094 5611 3311 5665 delatus
3336 5609 3452 5665 est,
3489 5593 3564 5650 ⁸⁰ι
3593 5595 3650 5649 id

2059 5721 2142 5768 est
2165 5753 2179 5777 ,
2224 5711 2369 5767 inter
2407 5710 2549 5766 ﬁlios
2579 5708 2818 5765 Abrahae
2848 5704 3159 5761 collocatus
3191 5704 3320 5759 est,
3345 5705 3510 5764 quem
3551 5700 3652 5756 pa-

407 5842 458 5873 ⁸³
498 5838 633 5894 Luc.
690 5853 801 5900 xvt,
835 5836 1022 5892 19-51.
1096 5833 1306 5888 "Joan.
1352 5847 1445 5894 III,
1489 5831 1578 5884 55.
1644 5829 1689 5859 ⁸⁵
1725 5829 1857 5883 ibid.
1919 5829 1924 5880 l

2083 5830 2124 5861 ⁸⁷
2164 5827 2309 5883 Psal.
2350 5841 2587 5888 LXXXVI,
2616 5824 2670 5877 ἓ.
2750 5823 2792 5853 ³⁸
2833 5815 3010 5874 Exod.
3049 5829 3135 5879 tv,
3195 5811 3246 5866 6.
3325 5810 3368 5841 ⁸⁹
3412 5805 3572 5860 Rotn.
3608 5816 3661 5856 ι.-

336 5913 412 5968 20
440 5926 602 5983 seqq.
682 5911 729 5942 9°
753 5906 886 5963 Luc.
918 5922 1031 5970 xw,
