4106 6498
516 382 622 440 1.83

1513 389 1573 447 8.
1613 383 1895 444 CYBILLI
1930 381 2402 439 ALEXANDRINI
2441 383 2764 442 ARCHIEP.

4015 93 4022 442 ἑ

512 508 655 556 trem
684 499 982 560 multarum
1024 503 1265 576 gentium
1300 505 1487 578 posuit
1537 505 1774 564 Deus".
1824 503 2102 575 Scriptum

2219 504 2417 568 εἰπεῖν,
2480 503 2874 575 συναγορεύσει
2919 502 2979 557 δὲ
3040 500 3244 574 μᾶλλον
3305 498 3488 572 αὐτῷ,
3535 499 3634 556 καὶ
3683 506 3793 567 τοῖς

511 593 718 664 quippe
767 603 854 650 est
904 595 1109 653 alicubi
1159 596 1228 653 de
1279 596 1444 669 ipso:
1483 617 1504 650 ι
1541 599 1816 668 Quoniam
1875 595 2099 652 Patrem

512 684 816 739 multarum
849 687 1093 756 gentium
1127 697 1179 744 te
1211 691 1481 747 constitui
1510 693 1578 745 ".
1611 709 1631 743 ›

2210 596 2502 667 ἡμετέροις
2538 597 2927 668 συνδραμεὴαι
2957 595 3296 666 θεωρήμασι.
3331 593 3510 647 Μόνον
3537 592 3646 663 γὰρ
3677 594 3796 663 οὐχὶ

2206 685 2363 739 τοῦτό
2387 688 2606 757 φησινή
2635 686 2757 739 θεία
2781 684 2972 756 Γραφή
3003 701 3016 716 ·
3036 681 3310 748 (Τεθνεὼς
3341 685 3370 737 6
3397 681 3672 753 Λάζαρος,
3703 683 3796 737 καὶ

509 773 611 842 τὴν
694 777 833 846 μετά
898 777 1150 850 σώματος
1200 783 1515 846 καταλύσας
1574 783 1751 852 ζωὴν,
1801 782 1882 844 εἰς
1933 780 2133 834 κόλπον
2184 777 2438 848 Ἀϐραὰμ
2487 778 2805 850 ἀπηνέχθη,
2853 797 2872 829 ι
2912 777 3034 831 ἀντὶ¹
3067 776 3185 840 τοῦ,
3239 778 3298 829 ὲν
3347 776 3486 838 υίοῖς
3547 775 3798 844 Ἀϐραὰμ

511 866 953 923 κατατέτακται·
1007 874 1221 942 πατέρα
1265 875 1322 927 δὲ
1371 874 1582 928 πολλῶν
1635 873 1806 929 ἐθνῶν
1853 873 2096 928 τέθεικεν
2134 871 2298 926 αὑτὸν
2338 874 2368 926 ό
2412 873 2564 936 Θεός.
2622 872 2784 927 Οὕτω
2843 872 2902 926 δέ
2927 889 3031 925 που
3067 872 3380 942 γέγραπται
3439 870 3569 940 περὶ
3607 867 3794 922 αὐτοῦ’

517 975 537 1006 ο
558 955 681 1011 ’Ὁτι
714 958 936 1028 Πατέρα
968 962 1178 1017 πολλῶν
1208 964 1376 1018 ἐθνῶν
1409 967 1630 1020 τέθεικά
1669 983 1749 1020 σε.
1777 984 1796 1018 ι

583 1052 625 1117 l,
663 1053 856 1110 19-20.
891 1055 959 1110 Et
988 1057 1085 1112 hoc
1114 1069 1193 1114 est
1228 1062 1588 1116 testimonium
1611 1061 1863 1127 Joannis,
1885 1063 2100 1130 quando

512 1143 769 1199 miserunt
790 1145 970 1202 λιλαινὶ
995 1150 1060 1202 ab
1081 1149 1429 1224 Jerosolymis
1450 1153 1746 1209 sacerdotes
1767 1165 1816 1208 et
1839 1153 2022 1209 levitas
2036 1153 2106 1206 ad

511 1251 654 1300 eum,
676 1246 734 1290 ut
755 1237 1147 1310 interrogarent
1175 1259 1292 1297 eum
1316 1261 1335 1298 :
1360 1245 1438 1298 Tu
1457 1246 1573 1315 quis
1596 1262 1650 1300 es
1673 1248 1698 1301 ?
1730 1246 1797 1299 Et
1830 1245 2104 1315 confessus

513 1334 664 1381 estet
698 1344 804 1382 non
855 1332 1097 1401 negavit;
1135 1343 1183 1387 et
1212 1335 1482 1404 confessus
1508 1344 1587 1390 est
1618 1351 1635 1389 :
1668 1335 1809 1401 Quia
1839 1353 1942 1392 non
1987 1353 2106 1392 sum

512 1433 605 1488 ego
626 1418 897 1477 Christus.

585 1509 684 1565 Sui
715 1514 990 1568 sermonis
1017 1529 1227 1570 memor
1253 1519 1614 1587 evangelista,
1641 1519 1821 1576 fusius
1849 1534 1911 1576 ea
1940 1522 2105 1578 nobis

512 1601 752 1670 explicat
779 1619 902 1673 qua:
930 1607 1253 1662 summatim
1281 1609 1437 1680 prius
1473 1611 1763 1667 indicavit.
1787 1613 1926 1668 Cum
1954 1617 2102 1671 enim

513 1684 764 1744 dixerit:
803 1710 820 1742 ι
850 1690 976 1748 Fuit
1028 1695 1196 1750 homo
1235 1697 1447 1756 missus
1495 1714 1526 1754 a
1578 1700 1721 1765 Deo.
1767 1704 1855 1758 cui
1902 1719 2105 1762 nomen

511 1787 630 1834 erat
643 1779 902 1842 Joannes.
925 1786 1021 1842 Hic
1034 1789 1183 1843 venit
1201 1789 1255 1844 in
1278 1793 1682 1857 testimonium,
1696 1796 1859 1866 108
1873 1807 1932 1850 ut
1949 1798 2075 1853 testi
2091 1829 2107 1839 -

514 1872 756 1927 monium
786 1877 1102 1945 perhiberet
1123 1880 1191 1935 de
1215 1881 1444 1950 lumine,
1466 1904 1486 1936 ι
1521 1889 1848 1943 necessario
1876 1890 2108 1958 subjicit

2277 1057 2387 1112 Kal
2414 1057 2566 1124 αὕτη
2605 1056 2780 1110 ἐστίν
2808 1057 2847 1124 ἠ
2877 1057 3174 1126 μαρτυρία
3207 1054 3315 1109 τοῦ
3357 1053 3657 1117 Ἰωάννου,
3696 1052 3798 1105 ὅτε

2205 1147 2580 1202 ἀπέστειλαν
2617 1148 2673 1201 ol
2714 1146 2992 1202 Ἰουδαῖοι
3033 1146 3103 1210 ἐξ
3152 1145 3589 1214 Ἱεροσολύμων
3622 1141 3799 1210 ἱερεῖς

2205 1241 2305 1294 καί
2349 1239 2625 1305 Λευίτας,
2672 1239 2774 1291 ἵνα
2800 1237 3187 1306 ἐρωτήσωσιν
3212 1235 3420 1299 αὐτὸν,
3459 1234 3545 1289 Σὺ
3571 1234 3664 1300 τίς
3697 1231 3798 1297 εἷ,

2207 1333 2320 1387 Καὶ
2351 1333 2730 1402 ὡμολόγησε,
2764 1331 2863 1385 καὶ
2892 1332 3010 1385 οὐκ
3043 1329 3355 1399 ἠρνήσατο
3377 1346 3392 1360 ·
3441 1326 3540 1381 καί
3573 1327 3803 1397 ὡμολό-

2210 1440 2423 1494 γησεν,
2459 1423 2550 1477 ὅτι
2580 1426 2702 1478 Οὐκ
2732 1423 2848 1493 εἰμί
2871 1421 2986 1493 ἐγὼ
3010 1424 3044 1476 ὁ
3068 1423 3338 1491 Χριστός.

2284 1515 2577 1585 Μέμνηται
2609 1513 2718 1568 τῶν
2750 1513 2945 1567 ἑαυτοῦ
2979 1513 3153 1582 λόγων
3184 1514 3214 1566 6
3241 1508 3649 1580 εὐαγγελιστῆς,
3700 1505 3804 1562 καὶ

2209 1603 2550 1676 πλατύτερον
2604 1607 2737 1676 ήμῖν
2784 1603 3098 1674 ἐξηγεῖσθαι
3143 1602 3456 1667 σπουδάζει,
3501 1600 3684 1664 καλῶς
3732 1616 3804 1668 γε

2210 1699 2418 1769 σφόδρα
2464 1697 2672 1762 ποιῶν,
2718 1697 2864 1769 ἀπερ
2909 1697 3011 1768 ήδη
3059 1695 3273 1766 φθάσας
3310 1695 3384 1759 ὡς
3429 1695 3489 1748 ὲν
3522 1692 3802 1764 κεφαλαίῳ

2210 1790 2640 1860 συνειλημμένος
2682 1790 3142 1861 καταμεμήνυκεν
3167 1803 3181 1817 ·
3211 1785 3383 1840 εἰπὼν
3423 1785 3534 1856 γάρ
3557 1802 3572 1816 ·
3608 1803 3627 1836 ι
3649 1784 3806 1852 Ἐγέ-

2209 1899 2331 1938 νετο
2351 1881 2636 1953 ἄνθρωπος
2663 1881 3075 1951 ἀπεσταλμένος
3101 1879 3256 1951 παρά
3281 1876 3621 1948 Θεοῦ,όνομα
3648 1875 3806 1946 αὐτῷ

513 1964 675 2032 quale
708 1967 782 2022 sit
809 1968 932 2038 ejus
958 1971 1360 2027 testimonium.
1393 1975 1531 2031 Cum
1565 1979 1739 2045 enim,
1773 1949 2103 2052 inquit,'Ju-

2224 1949 2498 2044 Ἰωάννης.
2520 1964 2688 2036 οὗτος
2707 1967 2871 2043 ἦλθεν
2890 1949 2969 2036 είς
2996 1949 3324 2042 μαρτυρίαν,
3351 1970 3438 2023 ’ίνα
3464 1969 3805 2040 μαρτυρήσῃ

515 2053 764 2110 diuorum
823 2060 1104 2132 principes
1152 2065 1222 2119 ad
1268 2080 1396 2121 eum
1436 2069 1759 2126 sacerdotes
1810 2083 1865 2127 et
1910 2074 2107 2130 levitas

2219 2068 2342 2139 περὶ
2368 2065 2462 2121 τοῦ
2493 2066 2692 2136 φωτός·
2725 2083 2744 2118 ι
2781 2063 3098 2132 ἀναγκαίως
3124 2061 3387 2134 εἰσφέρει,
3412 2061 3508 2114 καὶ
3538 2061 3639 2130 τῆς
3667 2061 3806 2130 παρ’

515 2158 641 2198 cum
674 2149 954 2206 mandatis
986 2153 1291 2220 miserunt,
1317 2157 1411 2226 qui
1447 2169 1710 2232 rogarent
1739 2163 2005 2232 quidnam
2039 2165 2110 2222 de

2219 2158 2382 2214 αὐτοῦ
2412 2157 2716 2228 γενομένης
2752 2153 3060 2227 μαρτυρίας
3098 2153 3189 2206 τὸν
3220 2151 3444 2224 τρόπον.
3501 2151 3632 2204 Ὅτε
3666 2150 3808 2218 γὰρ,

517 2237 704 2306 seipso
729 2239 962 2310 diceret,
983 2251 1117 2302 tunc
1147 2262 1282 2304 sane
1311 2249 1500 2319 palam
1529 2259 1585 2308 et
1607 2265 1796 2325 aperte
1822 2237 2117 2327 professus

2219 2252 2382 2324 φησὶν
2399 2293 2415 2317 ,
2465 2251 2514 2304 οἱ
2564 2248 2676 2302 τῶν
2739 2245 3054 2302 Ἰουδαϊκῶν
3103 2245 3402 2316 ταγμάτων
3447 2242 3591 2297 κατά
3635 2242 3813 2312 νόμον

516 2337 634 2394 est,
673 2331 812 2387 nihil
867 2335 1077 2394 veritus
1130 2351 1358 2412 propter
1410 2344 1726 2406 veritatem.
1763 2347 1915 2403 Dixit
1965 2351 2112 2405 enim

2219 2342 2532 2415 καθηγηταί
2597 2342 2735 2412 πρὸς
2794 2338 2959 2393 αὐτὸν
3019 2337 3431 2392 ἀπεστάλκασιν
3487 2336 3652 2408 ἱερεῖς
3707 2333 3814 2388 καὶ

518 2433 579 2473 se
608 2437 721 2475 non
763 2437 888 2480 esse
917 2426 1228 2486 Christum.
1259 2430 1474 2503 Itaque,
1502 2449 1572 2489 ne
1599 2451 1702 2501 ego
1747 2436 1996 2505 quidem.
2029 2439 2117 2493 in-

2219 2435 2470 2499 Λευττας,
2498 2432 2870 2487 ἀναπυθέσθαι
2891 2430 3317 2504 προστάξαντες,
3340 2427 3394 2481 τί
3414 2428 3481 2482 ἀν
3503 2427 3652 2496 λέγοι
3674 2425 3814 2497 περὶ

519 2509 659 2579 quit,
693 2513 858 2584 hujus
890 2517 1016 2572 libri
1062 2522 1302 2592 scriptor
1343 2527 1613 2583 mentitus
1643 2543 1790 2592 sum,
1820 2544 1946 2584 cum
1998 2531 2116 2585 dixi

2219 2527 2437 2593 ἑαυτοῦ,
2467 2529 2590 2582 τότε
2623 2525 2689 2597 δὴ
2717 2527 2812 2581 καὶ
2845 2525 2994 2597 μάλα
3025 2525 3211 2594 σαφῶς
3241 2521 3588 2593 ὡμολόγησε,
3620 2522 3814 2575 πᾶσαν

519 2602 586 2653 de
619 2604 757 2659 illo:
797 2605 960 2662 «Non
1006 2619 1128 2665 erat
1176 2613 1268 2668 ille
1320 2615 1435 2683 lux,
1486 2617 1580 2672 sed
1630 2627 1689 2672 ut
1737 2619 2115 2675 testimoniqu

2219 2620 2533 2682 ύποπτύσας
2565 2617 2702 2674 αῑδὼ
2729 2616 2818 2672 διὰ
2844 2617 2946 2688 τὴν
2977 2614 3254 2688 ἀλήθειαν·
3277 2614 3378 2686 ἔφη
3405 2613 3536 2683 γάρ,
3555 2613 3640 2666 ὅτι
3660 2611 3812 2681 Ἐγὼ

520 2694 834 2761 perhiberet
866 2698 933 2753 de
969 2700 1196 2758 lumine.
1222 2723 1240 2756 ι

2219 2715 2319 2768 οὐκ
2351 2715 2468 2784 εἰμὶ
2487 2714 2516 2766 6
2533 2711 2789 2784 Χριστός.
2812 2708 3022 2764 Οὐκοῦν
3046 2708 3166 2762 οὐδὲ
3187 2707 3318 2777 ὲγὼ,
3337 2706 3522 2778 φησὶν,
3539 2706 3567 2758 6
3591 2704 3688 2758 τοῦ
3724 2702 3810 2775 βι-

520 2786 670 2840 ϐλίου
706 2795 1056 2862 συγγραφεὺς
1087 2795 1409 2870 διέψευσμαι
1428 2801 1605 2870 λέγων
1628 2805 1754 2876 περὶ
1772 2806 1940 2860 αὐτοῦ
1965 2823 1979 2838 ·
2003 2824 2022 2858 ι
2052 2807 2168 2861 Οὐκ
2189 2803 2259 2879 ἦν
2282 2809 2461 2862 ἐκεῖνο
2476 2807 2536 2860 τὸ
2558 2806 2693 2876 φῶς,
2710 2803 2823 2858 ἀλλ’
2845 2803 2932 2856 ἵνα
2948 2799 3274 2874 μαρτυρήσῃ
3293 2797 3527 2870 περὶτοῦ
3554 2796 3758 2868 φωτός.
3788 2815 3807 2849 ι

590 2883 630 2948 Ι,
659 2886 749 2940 9.1.
783 2886 848 2941 Et
901 2891 1357 2963 interrogaverunt
1390 2914 1510 2952 eum
1539 2915 1556 2953 :
1581 2899 1724 2966 Quid
1766 2907 1931 2973 ergo?
1959 2901 2109 2958 Elius

2287 2906 2398 2960 Καὶ
2437 2903 2762 2972 ἠρώτησαν
2786 2900 3000 2955 αὐτόν·
3052 2897 3114 2952 Ὶί
3141 2892 3290 2959 οὖν,
3341 2895 3549 2961 Ἠλίας
3569 2889 3656 2958 ei;
3697 2893 3813 2948 Καὶ

515 2992 570 3029 es
600 2979 697 3031 tu?
727 2976 796 3032 Et
824 2980 962 3036 dixit
986 2999 1004 3036 :
1037 2982 1162 3039 Non
1208 3003 1347 3043 sum.
1377 2987 1646 3060 Propheta
1689 3010 1743 3047 es
1789 2998 1888 3052 tu?
1916 2995 1984 3048 Et
2027 3011 2110 3049 re—

2219 2995 2412 3066 λέγει·
2462 2997 2585 3049 οὐκ
2621 2995 2758 3062 εἰμι.
2814 2992 2877 3044 '0
2912 2987 3226 3058 προφήτης
3265 2985 3325 3043 εἶ
3352 2988 3479 3052 σύ;
3526 2986 3635 3041 Καὶ
3661 2986 3813 3041 ἀπε-

517 3066 731 3133 spondit
761 3083 782 3122 :
817 3067 960 3125 Non.
2079 3065 2082 3067 λ

2219 3065 2390 3160 κρίθη
2414 3107 2428 3122 ⁸
2468 3089 2571 3144 Οὔ.

615 3158 752 3250 Cum
810 3163 1122 3232 explicandi
1181 3169 1361 3237 gratia
1420 3173 1762 3244 evangelista
1825 3174 2031 3229 dixerit
2092 3192 2106 3230 :

2251 3158 2263 3160 ί
2301 3158 2390 3246 Ὡς
2432 3181 2492 3234 ὲν
2535 3179 2798 3250 ἐξηγήσει
2839 3176 2999 3231 πάλιν
3030 3173 3200 3230 εἰπών
3226 3189 3240 3202 °
3280 3191 3300 3226 ι
3331 3171 3698 3243 Ὥμολόγησεν
3729 3171 3812 3224 ὅτι

523 3265 544 3296 ι
569 3247 879 3306 Confessus
913 3255 1154 3324 est,quia
1193 3271 1294 3328 ego
1325 3273 1436 3314 non
1473 3276 1595 3316 sum
1625 3262 1943 3329 Christus,»
1978 3282 2102 3321 rur-

2219 3254 2352 3344 Ἐγὼ
2379 3274 2479 3328 οὐκ
2525 3247 2976 3343 είμὶὸνΧριστὸς,
3009 3289 3026 3317 ι
3058 3267 3322 3320 δεικνύειν
3365 3265 3624 3336 πειρᾶται
3667 3262 3811 3328 πῶς,

523 3354 648 3392 sum
709 3342 1007 3400 ostendere
1062 3358 1323 3415 conatur,
1371 3367 1481 3424 quo
1521 3354 1685 3411 modo
1744 3356 1889 3413 facta
1947 3359 2117 3416 fuerit

2220 3365 2253 3438 ἢ
2284 3342 2430 3420 κατά
2463 3342 2590 3417 τίνα
2617 3362 2820 3433 τρόπον
2850 3362 2878 3414 6
2911 3360 3011 3430 τῆς
3051 3358 3341 3428 ὁμολογίας
3383 3356 3573 3424 γέγονε
3606 3354 3811 3422 λόγος·

525 3433 616 3485 illa
665 3432 975 3500 confessio.
1022 3439 1275 3511 adeoque
1327 3444 1463 3498 mihi
1521 3446 1741 3502 videtur
1790 3451 1876 3507 his
1932 3454 2117 3509 verbis

525 3521 841 3578 Judasorum
884 3527 1168 3588 inscitiam
1223 3533 1403 3603 palam
1455 3535 1712 3609 detegere
1756 3560 1769 3596 :
1813 3559 1832 3592 ι
1862 3542 2118 3600 Dicentes

525 3613 674 3667 enim
707 3629 768 3670 se
794 3631 920 3672 esse
951 3619 1262 3690 sapientes,
1285 3625 1442 3681 stulti
1475 3625 1608 3682 facti
1643 3638 1774 3686 sunt
1804 3632 1871 3697 η,
1903 3653 1919 3685 ι
1958 3642 2012 3688 et
2043 3635 2118 3690 le-

529 3706 616 3771 gis
659 3706 996 3776 singularem
1044 3712 1151 3766 sibi
1187 3717 1558 3781 cognitionem
1590 3733 1940 3794 arrogantes.
1973 3727 2118 3782 ultro

530 3799 786 3868 citroque
817 3803 1051 3871 prolatis
1086 3810 1377 3880 prteceptis
1422 3811 1701 3878 Mosaicis.
1734 3823 1789 3871 et
1818 3833 1943 3872 cum
1993 3834 2121 3875 san-

529 3898 744 3944 ctorum
777 3893 1174 3964 prophetarum
1205 3899 1458 3957 doctrina
1495 3905 1600 3959 sibi
1633 3910 1960 3978 cumprimis
1981 3925 2119 3965 con-

533 3981 720 4083 venire
777 3995 1125 4052 asserentes.
1191 3991 1504 4051 istiusmodi
1561 3999 1746 4055 stultis
1805 4000 2118 4072 interroga-
2153 4067 2166 4084 .

532 4072 778 4130 tionibus
805 4091 962 4132 suam
991 4080 1226 4138 mirifice
1271 4085 1518 4154 produnt
1549 4088 1905 4161 imperitiam.
1942 4093 2120 4149 Moses

529 4165 675 4257 enim
713 4165 806 4223 ille
842 4183 1131 4228 sacrorum
1167 4176 1426 4245 antistes,
1456 4179 1749 4238 Dominum
1783 4187 1962 4242 instar
1995 4203 2120 4257 pro-

532 4256 712 4325 phetae
730 4262 1118 4331 appariturum
1136 4266 1392 4338 inquiens
1412 4272 1745 4342 prazdicebat
1765 4276 1894 4332 ﬁliis
1915 4256 2115 4334 Israel:

539 4366 558 4397 ι
581 4348 721 4415 Quia
750 4354 1075 4423 prephetam
1107 4371 1173 4412 ex
1206 4358 1473 4420 fratribus
1506 4365 1621 4422 tuis
1656 4369 1802 4423 sicut
1824 4367 1912 4425 me
1943 4371 2120 4426 susci-

533 4439 670 4494 tabit
709 4439 978 4499 Dominus
1013 4443 1156 4503 Deus
1192 4458 1320 4506 tuus
1351 4469 1363 4504 :
1395 4452 1578 4524 ipsum
1622 4458 1882 4522 audietis,
1919 4476 2119 4516 secun-

533 4529 664 4584 dum
694 4533 878 4586 omnia
915 4548 1038 4602 qua:
1064 4538 1272 4606 petiisti
1301 4557 1329 4592 ο
1356 4543 1590 4600 1)οωίηο
1619 4545 1733 4602 Deo
1757 4556 1854 4604 tuo
1888 4550 1942 4604 in
1974 4552 2120 4606 Clio-

533 4621 634 4676 reb
657 4622 724 4675 ³³.
757 4642 775 4675 ι
812 4623 1019 4682 Beatus
1052 4637 1235 4686 autem
1282 4634 1492 4701 lsaias,
1524 4653 1923 4708 praecursorem
1956 4643 2116 4699 nobis

533 4720 588 4769 et
641 4718 1011 4784 praanuntium
1071 4723 1444 4792 signiﬁcans:
1493 4748 1512 4780 ι
1543 4729 1662 4785 Vox
1717 4732 2010 4789 clamantis
2058 4737 2116 4788 in

532 4805 774 4871 deserto,
821 4808 1044 4878 inquit:
1077 4811 1278 4871 Parate
1318 4818 1437 4874 vias
1475 4819 1715 4887 Domini,
1752 4831 1934 4879 rectas
1959 4825 2120 4881 facite

533 4895 762 4950 semitas
795 4897 937 4966 ejus.
969 4902 1020 4933 ³³
1045 4920 1062 4952 ι
1101 4902 1323 4962 Tertius
1349 4911 1567 4965 accedit
1607 4910 1746 4978 Joel,
1776 4914 1872 4982 qui
1905 4915 1972 4970 de
2003 4914 2119 4969 Elia

535 4982 801 5043 Thesbite
839 4990 1032 5046 scribit
1082 4993 1138 5048 in
1183 4995 1332 5052 hunc
1367 5001 1587 5056 modum
1625 5021 1638 5055 :
1678 5022 1695 5053 ι
1725 5002 1793 5057 Et
1841 5019 1971 5060 cccc
2022 5022 2122 5077 ego

533 5077 752 5134 mittam
798 5083 958 5139 vobis
993 5083 1166 5141 Eliam
1218 5087 1542 5159 Thesbiten,
1581 5097 1674 5165 qui
1707 5107 1992 5155 convertet
2025 5115 2124 5155 cor

534 5171 715 5240 patris
743 5172 813 5228 ad
847 5175 1041 5241 lilium.
1075 5187 1129 5234 et
1172 5181 1492 5240 incredulos
1523 5186 1589 5240 ad
1635 5189 1988 5257 prudentiam
2030 5191 2122 5259 ju-

533 5265 772 5327 storum,
803 5277 877 5319 ne
903 5263 1046 5320 forte
1089 5267 1308 5324 veniam
1341 5279 1396 5326 et
1427 5276 1733 5341 percutiam
1768 5289 1967 5333 terram
1999 5279 2065 5334 ⁸⁸.
2097 5299 2116 5331 ι

535 5347 676 5404 Cum
729 5353 900 5424 igitur
943 5362 1057 5414 tres
1110 5359 1220 5413 sint
1275 5361 1373 5430 qui
1423 5367 1644 5421 venturi
1698 5369 2123 5431 nuntiabantur.

537 5441 774 5500 Messias
825 5446 1114 5512 nimirum,
1161 5448 1405 5508 Joannes
1451 5465 1506 5512 et
1556 5456 1720 5522 Elias,
1765 5457 1938 5514 Judaei
1999 5477 2126 5530 spe-

538 5543 668 5590 rant
728 5538 917 5607 plures
987 5548 1287 5608 venturos,
1340 5555 1400 5600 ut
1444 5549 1570 5618 jure
1640 5552 1869 5608 audiant
1916 5571 1928 5605 :
1970 5572 1989 5606 ι
2021 5553 2122 5608 Er-

539 5624 701 5691 ratis,
735 5629 1052 5685 nescientes
1094 5628 1414 5701 Scripturas
1445 5641 1512 5692 ".
1541 5660 1560 5694 ι
1587 5641 1932 5712 lnterrogato
1977 5644 2123 5698 enim

2221 3455 2317 3510 καί
2345 3471 2454 3524 μοι,
2485 3452 2632 3505 δοκεῖ
2664 3451 2753 3505 διὰ
2798 3449 3002 3503 τούτων
3043 3448 3142 3518 τὴν
3177 3446 3285 3500 τῶν
3327 3443 3598 3498 Ἰουδαίων
3641 3441 3815 3494 ἀπαι-

2218 3545 2438 3599 δευσίαν
2470 3542 2756 3614 βούλεσθαι
2800 3538 3041 3611 γυμνοῦν
3063 3555 3076 3568 ·
3133 3558 3150 3589 ι
3183 3538 3488 3598 Φάσκοντες
3521 3533 3632 3603 γὰρ
3667 3528 3814 3587 εἷναι

2220 3637 2399 3708 σοφοὶ,
2422 3633 2848 3707 ἐμωράνθησαν·
2884 3652 2901 3684 ι
2948 3631 3043 3684 καὶ
3077 3631 3172 3683 ἐπὶ
3198 3631 3266 3701 τῇ
3293 3627 3386 3682 τοῦ
3414 3627 3582 3696 νόμου
3607 3624 3816 3693 γνώσει

2221 3725 2706 3798 κατωφρυωμένοι,
2748 3724 2860 3779 ἀνω
2885 3740 2944 3776 τε
2975 3723 3070 3775 καὶ
3104 3720 3256 3774 κάτω
3281 3718 3379 3783 τάς
3437 3717 3526 3771 διὰ
3559 3716 3815 3781 Μωσέως

2221 3819 2593 3892 προτείνοντες
2619 3816 2858 3880 ἐντολὰς,
2891 3814 2987 3867 καὶ
3020 3813 3157 3885 πρὸς
3184 3813 3308 3876 τοὺς
3337 3809 3446 3865 τῶν
3478 3810 3651 3878 ἁγίων
3677 3826 3818 3879 προ-

2220 3913 2406 3984 φητῶν
2434 3908 2858 3981 ἀπηκριϐῶσθαι
2887 3909 3082 3977 λόγους
3110 3903 3593 3978 διισχυριζόμενοι,
3636 3901 3703 3954 δι’
3738 3895 3817 3955 ὧν

2221 4005 2498 4075 ἐρωτῶσιν
2538 4000 2899 4064 ἀπαιδεύτως,
2953 3999 3039 4052 διά
3073 3998 3280 4052 τούτων
3320 3994 3452 4048 πολὺ
3504 3992 3624 4045 λίαν
3657 3991 3818 4053 ὄντες

2220 4095 2454 4165 ἀμαθεῖς
2486 4091 2864 4161 ἐξελέγχονται
2887 4105 2900 4119 ο
2935 4090 2964 4142 6
2995 4088 3092 4159 μὲν
3121 4086 3229 4159 γὰρ
3261 4084 3582 4155 ἱεροφάντης
3606 4083 3820 4152 Μωσῆς

2218 4179 2385 4249 ὡςέν
2426 4182 2707 4255 προφήτου
2755 4180 2905 4245 τάξει
2946 4179 3038 4234 τὸν
3083 4178 3288 4249 Κύριον
3323 4173 3818 4244 ἀναδειχθήσεσθαι

2217 4279 2413 4345 λέγων,
2442 4275 2818 4346 προεκήρυττε
2850 4274 2961 4336 τοῖς
2993 4271 3130 4334 υἱοῖς
3169 4269 3386 4339 Ἰσραήλ
3411 4284 3424 4297 ·
3474 4286 3494 4318 ι
3517 4267 3640 4320 Ὅτι
3673 4283 3815 4336 προ-

2221 4370 2395 4441 φήτην
2422 4370 2486 4422 ἐκ
2509 4366 2618 4420 τῶν
2639 4364 2882 4433 ἀδελφῶν
2906 4380 3021 4424 σου,
3049 4361 3123 4425 ὡς
3143 4361 3265 4432 ἐμὲ,
3287 4359 3580 4428 ἀναστήσει
3606 4355 3820 4424 Κύριος

2219 4460 2248 4512 6
2292 4458 2424 4522 Θεός
2476 4471 2607 4510 σου·
2662 4453 2828 4509 αὐτοῦ
2881 4449 3180 4506 ἀκούσεσθε
3210 4464 3225 4480 ·
3287 4446 3431 4500 κατὰ
3485 4445 3664 4499 πάντα
3711 4445 3818 4496 ὅσα

2221 4550 2411 4622 ᾐτήσω
2445 4547 2598 4618 παρά
2620 4544 2827 4616 Κυρίου
2855 4540 2949 4595 τοῦ
2976 4539 3110 4594 Θεοῦ
3144 4555 3236 4590 σου
3268 4539 3324 4590 ὲν
3353 4533 3578 4606 Χωρήδ.
3608 4553 3626 4585 ι
3671 4533 3730 4584 '0
3759 4531 3820 4584 δὲ

2228 4640 2497 4713 μακάριος
2537 4638 2784 4700 Ἡσαΐας,
2829 4634 2919 4687 τὸν
2959 4632 3268 4704 πρόδρομον
3311 4629 3442 4699 ήμῖν
3476 4625 3571 4680 καὶ
3601 4624 3820 4694 προάγ-

2225 4726 2382 4796 γελον
2423 4724 2692 4796 εἰσφέρων
2719 4763 2733 4788 ,
2793 4744 2810 4774 ι
2838 4720 2994 4792 Φωνὴ
3041 4717 3270 4788 βοῶντος
3316 4719 3375 4769 ὲν
3424 4717 3490 4786 τῇ
3537 4714 3755 4783 ἐρήμῳ,
3794 4731 3814 4764 ι

2229 4814 2392 4887 φησίν
2421 4831 2434 4844 ·
2488 4833 2506 4864 ι
2546 4812 2905 4883 Ἑτοιμάσατε
2951 4811 3050 4872 τὰς
3101 4809 3253 4871 ὁδοὺς
3303 4805 3544 4876 Κυρίου,
3597 4803 3819 4868 εὐθείας

2229 4909 2430 4962 ποιεῖτε
2464 4906 2559 4969 τὰς
2605 4904 2821 4975 τρίϐους
2852 4899 3036 4956 αὐτοῦ.
3071 4920 3089 4952 ι
3137 4901 3246 4953 Καὶ
3276 4898 3458 4969 τρίτος
3487 4895 3579 4950 ἐπὶ
3603 4895 3821 4958 τούτοις

2229 5001 2256 5052 6
2283 4999 2566 5070 προφήτης
2611 4995 2768 5065 Ἰωήλ
2800 4995 2928 5063 περὶ
2955 4992 3050 5046 τοῦ
3090 4990 3348 5045 Θεσδίτου
3379 4987 3547 5060 φησὶν
3593 4987 3818 5057 (Ἠλίας

2227 5090 2285 5142 δὲ
2303 5083 2503 5159 οὖτος)·
2544 5087 2688 5141 «Καὶ
2721 5086 2829 5139 ἰδοὺ
2854 5083 2968 5153 ἐγὼ
2992 5081 3306 5137 ἀποστέλλω
3340 5082 3469 5151 ὑμῖν
3508 5079 3696 5132 Ἠλίαν
3725 5077 3820 5131 τὸν

2227 5179 2512 5251 Θεσόίτην,
2555 5178 2615 5241 ὃς
2649 5176 3094 5245 ἀποκαταστήσει
3142 5171 3372 5243 καρδίαν
3419 5169 3627 5241 πατρὸς
3681 5169 3822 5239 πρὸς

2230 5271 2362 5336 υίδν,
2396 5271 2491 5324 καὶ
2511 5269 2757 5332 ἀπειθεῖς
2789 5268 2847 5321 ὲν
2876 5265 3138 5338 φρονήσει
3160 5263 3406 5326 δικαίων,
3434 5261 3522 5314 ἵνα
3555 5260 3631 5332 μὴ
3653 5258 3818 5321 ἔλθω,

2227 5363 2320 5416 καὶ
2353 5360 2578 5427 πατάξω
2605 5359 2704 5431 τὴν
2737 5359 2841 5429 γῆν
2879 5357 3069 5429 ἄρδην.
3120 5375 3139 5408 ι
3189 5354 3370 5426 Τριῶν
3410 5356 3580 5408 ὄντων
3610 5352 3816 5414 τοίνυν,

2226 5456 2387 5526 οἵπερ
2407 5455 2557 5525 ἥξειν
2577 5450 2924 5522 ἠγγέλλοντο,
2955 5448 3074 5520 [τοῦ
3093 5445 3382 5518 Μεσσίου,]
3407 5447 3502 5499 καὶ
3538 5443 3817 5506 Ἰωάννου,

2228 5546 2320 5601 καὶ
2352 5545 2552 5608 Ἡλίου,
2577 5543 2794 5605 πλείους
2821 5540 3110 5610 ἀφίξεσθαι
3137 5536 3512 5611 προσδοκῶσιν
3547 5535 3818 5599 Ἰουδαῖοι,

2230 5639 2321 5692 ἵνα
2367 5636 2461 5690 καὶ
2509 5635 2732 5697 δικαίως
2769 5632 3046 5687 ἀκούσωσι
3070 5650 3082 5662 ·
3141 5650 3160 5682 ι
3187 5628 3473 5685 Πλανᾶσθε
3505 5627 3580 5698 μὴ
3614 5624 3820 5688 εἰδότες

615 5739 671 5825 ξ’.
861 5743 1072 5825 Whi-
1149 5748 1192 5780 ⁹¹
1218 5749 1376 5809 Rom.
1413 5772 1451 5821 t,
1481 5756 1571 5814 22.
1647 5759 1690 5792 ’³
1731 5757 1891 5816 Deut.
1931 5775 2080 5822 mu,

2249 5756 2329 5814 16.
2368 5756 2413 5788 ’δ
2443 5754 2551 5810 lsa.
2590 5768 2676 5818 τι,
2711 5753 2776 5816 5;
2819 5749 2979 5806 Joan.
3016 5765 3054 5814 ι,
3088 5750 3175 5806 €25.
3213 5750 3257 5783 "
3287 5747 3520 5806 Malach.
3555 5764 3632 5817 tv,
3668 5747 3718 5815 5,
3752 5744 3817 5803 6.

534 5807 597 5889 I"
625 5806 815 5864 Matth.
842 5827 974 5878 χχιι,
1003 5813 1093 5867 ‘29.
